3820 6360
408 367 469 423 71
1646 363 1705 421 S.
1745 360 2019 419 ASTEBII
2057 361 2362 419 AMASENI

3524 363 3679 430 2⁸12,

439 482 736 552 Postquam
777 488 957 535 autem
1002 477 1436 536 Christianorum
1486 476 1621 532 ordo
1665 490 1726 531 ac
1778 485 1934 531 cmtu:

2140 477 2417 544 Ἐλθόντος
2465 479 2525 534 δὲ
2562 479 2643 543 είς
2680 476 2921 532 ἐπίδοσιν
2982 476 3078 532 καὶ
3115 477 3403 550 προκοπὴν
3446 479 3628 554 ἱκανὴν

367 577 582 631 abunde
611 573 746 631 satis
776 584 973 629 auctus
1007 583 1149 638 erat,
1197 584 1319 625 cum
1362 569 1428 625 ad
1455 568 1723 625 sermonis
1751 566 1950 623 doctri-

371 683 494 722 nam
539 682 602 721 ac
630 666 1048 730 admonitiones,
1088 662 1306 717 virtutis
1338 677 1401 717 ac
1435 660 1690 733 potentize
1715 657 1952 714 elllcacis

370 763 617 818 mirabile
647 761 1031 817 documentum
1079 755 1396 826 pra-buisset
1419 795 1435 820 ,
1484 751 1732 809 claudum
1775 750 1948 820 sospi-

368 863 499 917 tem,
574 866 639 906 ac
682 852 910 919 integris
960 846 1186 918 pedibus
1231 861 1262 900 a
1304 843 1484 915 templi
1534 841 1798 898 vestibulo
1842 840 1951 895 eri-

366 956 525 1009 gens;
564 939 735 1003 illum,
770 928 1014 1008 inquam,
1042 936 1294 991 claudum
1327 949 1395 990 ex
1429 932 1620 987 matris
1644 929 1950 1002 utero,qni-

367 1047 473 1104 que
504 1041 711 1087 natura:
740 1031 872 1085 vitio
899 1027 1215 1094 laborabat;
1248 1024 1556 1082 conﬂuente
1590 1027 1656 1079 ad
1685 1024 1946 1092 templum

369 1125 621 1181 universo
648 1123 865 1192 populo,
910 1135 1071 1193 quem
1115 1119 1355 1175 miraculi
1386 1117 1529 1173 fama
1566 1118 1631 1172 ad
1664 1125 1948 1186 Spectacu-

369 1214 477 1270 lum
533 1222 884 1281 provonaret;
938 1210 1313 1279 universisque
1375 1209 1584 1263 intente
1642 1208 1697 1262 in
1771 1207 1945 1262 virum

365 1307 789 1376 aspicientibus,
848 1321 971 1361 cum
1024 1301 1289 1358 miraculo
1341 1300 1632 1373 stupefacti
1694 1310 1944 1366 starent,

366 1402 647 1456 obstructa
696 1409 823 1454 sunt
859 1412 954 1453 ora
1003 1395 1201 1451 Christi
1233 1395 1504 1452 hostium:
1559 1392 1765 1464 fuitque
1795 1393 1948 1448 dein-

366 1508 494 1563 ceps
530 1507 686 1556 crux,
730 1505 836 1544 non
888 1489 1166 1558 probrum,
1204 1487 1298 1543 sed
1352 1487 1593 1542 victoriae
1643 1474 1940 1556 tropaanm':

367 1602 561 1643 rursus
581 1600 710 1656 ergo
741 1584 1025 1654 imperitus
1050 1581 1139 1635 ille
1175 1599 1189 1636 :
1217 1580 1307 1636 ille
1340 1580 1691 1635 mecbanicus
1723 1577 1941 1644 artifex,

365 1678 633 1736 secundos
681 1675 994 1747 aggreditur
1024 1687 1304 1729 sermones
1330 1673 1382 1726 in
1421 1673 1535 1728 baro
1572 1672 1736 1728 verba
1761 1672 1826 1727 ad
1851 1686 1945 1727 eos

365 1767 651 1840 loquens"
684 1810 696 1822 .
731 1763 775 1820 0
806 1765 926 1830 viri,
957 1762 1213 1836 siquidem
1232 1763 1585 1817 admiratione
1613 1763 1849 1833 dignum,
1879 1777 1942 1816 ac

363 1860 554 1915 divina
574 1858 821 1928 potentia:
868 1854 1202 1910 arbitramini
1233 1855 1373 1925 quod
1408 1863 1482 1908 est
1506 1853 1705 1922 factum
1723 1893 1739 1918 ,
1768 1853 1940 1921 ipsum

360 1956 578 2009 adorate
600 1952 689 2023 qui
718 1949 968 2005 claudum
993 1949 1227 2012 curavit;
1255 1945 1437 2001 Jesum
1459 1961 1611 2012 quem
1636 1945 1939 2010 cwcidistis,

359 2061 614 2118 quemque
668 2044 876 2099 demum
943 2042 1042 2098 ine
1092 2040 1431 2109 “superanti
1476 2050 1648 2102 testu,
1697 2038 1755 2092 in
1800 2035 1940 2107 ligno

360 2142 653 2197 exaltastis.
679 2138 778 2193 Ille
796 2138 904 2206 ipse
926 2147 1024 2201 est,
1054 2135 1300 2204 vivitque,
1335 2150 1398 2188 ac
1421 2134 1555 2188 sicut
1577 2132 1716 2189 vobis
1747 2133 1939 2199 sepius

360 2238 559 2290 dictum
588 2244 685 2299 est,
715 2250 748 2285 a
780 2231 998 2285 mortuis
1045 2230 1303 2283 excitatus
1357 2227 1718 2303 universorum
1764 2226 1939 2279 donti-

362 2336 542 2380 natur.
574 2321 923 2390 Quamobrem
970 2335 1108 2374 nunc
1137 2334 1321 2373 eorum
1360 2334 1480 2387 qua:
1509 2319 1761 2387 percastis
1776 2317 1941 2386 paeni-

359 2415 576 2471 tentiam
621 2422 827 2484 agentes
852 2450 868 2475 ,
918 2428 938 2461 ι
970 2411 1211 2464 Accedite
1269 2409 1339 2462 ad
1380 2424 1537 2474 eum,
1571 2419 1619 2463 et
1666 2407 1940 2462 illumina-

360 2510 490 2563 mini
513 2509 581 2573 ⁷⁷,
615 2528 634 2560 ι
662 2504 1104 2577 quemadmodum
1128 2511 1292 2556 vester
1315 2500 1406 2556 ille
1425 2517 1614 2570 parens
1636 2500 1804 2556 David
1835 2503 1933 2554 ait.

359 2602 634 2668 Siquidem
672 2600 810 2654 enim
858 2594 957 2664 filii
1001 2594 1376 2665 prophetarum
1428 2594 1553 2648 estis
1598 2610 1662 2647 ac
1687 2593 1937 2662 discipuli

358 2696 556 2767 Moysi,
588 2694 747 2748 nolite
774 2690 1037 2761 majorum
1075 2697 1366 2743 vestrorum
1415 2688 1644 2757 gratiam
1670 2703 1933 2757 spernere,

354 2790 425 2845 iis
451 2788 688 2841 animum
711 2784 1011 2837 adhibentes
1037 2781 1129 2850 qui
1154 2780 1293 2851 falsa
1330 2778 1617 2850 loquuntur
1636 2795 1656 2833 .·
1683 2779 1774 2833 sed
1803 2794 1936 2848 pru-

353 2882 495 2938 denti
512 2879 720 2949 judicio
739 2892 856 2948 qua
878 2876 942 2930 ab
972 2874 1080 2929 illis
1123 2874 1336 2943 [uerunt
1375 2871 1727 2941 prwnuntiata
1761 2870 1936 2925 comi-

356 2978 622 3037 derantes,
644 2982 830 3027 vestrm
866 2967 1191 3025 Salvatarem
1219 2969 1411 3039 gentis,
1444 2968 1634 3021 animis
1663 2967 1930 3036 suscipite.

356 3067 561 3138 Quippe
588 3067 675 3121 ille
695 3077 791 3133 est,
825 3082 975 3136 quem
1002 3074 1049 3118 et
1079 3062 1284 3133 Moyses
1309 3063 1616 3131 prapltetam
1640 3062 1782 3116 vobis
1815 3077 1933 3115 sus-

2051 567 2147 622 τοῦ
2198 569 2309 624 τῶν
2360 571 2704 643 Χριστιανῶν
2749 570 3051 640 τάγματος,
3107 569 3297 641 ἐπειδὴ
3333 570 3470 636 ποὺς
3512 573 3629 637 ταῖς

2053 659 2305 731 λογικαῖς
2360 663 2736 727 διδασκαλίαις
2777 661 2875 716 καὶ⁵
2924 660 3336 733 παραινέσεων,
3384 662 3479 716 καὶ
3530 662 3629 734 τῆς

2050 758 2361 829 πρακτικῆς
2392 756 2676 828 δυνάμεως
2693 753 3013 826 θαυμαστὴν
3047 756 3275 826 παρεῖχε
3290 755 3391 825 τὴν
3419 756 3625 827 πεῖραν,

2048 844 2235 915 άρτιον
2268 845 2582 917 ἀναστήσας
2612 844 2703 899 τὸν
2752 844 2927 916 χωλὸν
2963 845 3028 897 ἐκ
3065 842 3177 897 τῶν
3208 843 3304 897 τοῦ
3342 845 3470 898 ναοῦ
3495 861 3628 916 προ-

2050 937 2315 1002 πυλαίων,
2346 938 2518 1010 χωλὸν
2543 940 2748 993 ἐκεῖνον
2769 938 2863 992 τὸν
2891 939 2957 992 ἐκ
2980 937 3186 1003 κοιλίας
3213 936 3438 1010 μητρὸς,
3472 936 3625 993 πταίε-

2051 1044 2218 1098 σματι
2269 1029 2486 1099 φύσεως
2538 1029 2783 1084 παθόντα
2812 1028 2914 1100 τὴν
2943 1028 3118 1083 νόσον·
3153 1027 3302 1093 ᾶπαξ
3342 1028 3399 1082 δὲ
3426 1029 3455 1081 6
3503 1028 3628 1093 λαὸς

2047 1121 2141 1174 ἐπὶ
2190 1122 2252 1175 τὸ
2281 1123 2425 1194 ἱερὸν
2466 1121 2765 1196 συνερρύη,
2792 1125 2859 1194 τῇ
2895 1124 3056 1196 φήμῃ
3084 1121 3185 1192 τῆς
3228 1121 3629 1193 μεγαλουργίας

2045 1209 2474 1283 δημαγωγηθεὶς
2506 1213 2644 1286 πρὸς
2672 1213 2772 1286 τὴν
2827 1213 2977 1279 θέαν,
3032 1213 3125 1267 καὶ
3162 1213 3301 1285 πρὸς
3328 1212 3420 1266 τὸν
3466 1212 3629 1285 ἄνδρα

2011 1368 2022 1379 κ
2047 1303 2250 1367 πάντες
2290 1303 2413 1357 ἐδλε
2425 1321 2519 1358 πον
2549 1303 2755 1370 ἀτενῶς
2784 1302 3231 1377 ἐκπεπληγμένοι
3257 1303 3335 1375 τῷ
3370 1303 3622 1376 θαύματι·

2046 1396 2341 1469 ἀπεφράγη
2374 1397 2484 1450 τῶν
2506 1396 2716 1470 ἐχθρῶν
2743 1396 2836 1451 τοῦ
2864 1397 3100 1470 Χριστοῦ
3143 1397 3213 1452 τά
3243 1398 3504 1468 στόματα,
3534 1397 3627 1451 xa‘t

2046 1495 2073 1546 6
2108 1492 2337 1565 σταυρὸς
2377 1493 2561 1549 λοιπὸν
2610 1489 2679 1566 ἦν
2737 1494 3000 1567 τρόπαιον
3052 1494 3229 1565 νίκης,
3274 1495 3375 1549 οὐκ
3405 1495 3622 1560 ὄνειδος.

2002 1640 2007 1645 ,
2047 1586 2214 1640 Πάλιν
2241 1587 2269 1640 6
2302 1587 2646 1651 ἀπαίδευτος,
2670 1588 2815 1659 ὁτῆς
2849 1586 3123 1658 βαναύσου
3146 1589 3343 1662 τέχνης
3368 1591 3625 1663 ἐργάτης,

2044 1678 2310 1751 δευτέρων
2355 1680 2585 1752 ἄρχεται
2624 1680 2818 1750 λόγων,
2855 1681 3082 1751 φάσκων
3124 1682 3263 1752 πρὸς
3295 1684 3511 1747 αὐτοὺς,
3542 1684 3625 1738 ὅτι

2046 1765 2113 1824 Ὦ
2147 1770 2383 1840 ἄνδρες,
2418 1775 2471 1826 εί
2517 1774 2811 1843 θαύματος
2847 1773 2991 1843 ὑμῖν
3032 1773 3224 1839 ἄξιον,
3283 1775 3381 1829 καὶ
3425 1772 3628 1844 θεῑκῆς

2041 1862 2343 1933 ἐνεργείας
2387 1862 2661 1932 φαίνεται
2716 1863 2783 1916 τὸ
2828 1864 3181 1933 γενόμενον,
3237 1862 3628 1933 προσκυνεῖτε

2042 1954 2149 2008 τὸν
2184 1953 2561 2024 θεραπευτὴν
2588 1954 2697 2009 τοῦ
2724 1954 2949 2025 χωλοῦ,
2989 1954 3250 2022 Ἰησοῦν,
3279 1954 3354 2009 ὃν
3382 1954 3625 2025 ἑρῤαπί-

2041 2060 2207 2100 σατε·
2250 2045 2351 2100 καί
2403 2045 2749 2101 τελευταῖον
2804 2044 3238 2116 ὐπερζέσαντες
3291 2044 3373 2113 τῷ
3438 2046 3624 2117 θυμῷ,

2038 2134 2139 2189 ἐπὶ
2176 2136 2284 2191 τοῦ
2316 2136 2507 2201 ξύλου
2557 2134 2864 2205 ὑψώσατε.
2904 2131 3097 2203 Οὗτός
3142 2136 3331 2204 ἐστιν,
3371 2136 3469 2191 καί
3532 2135 3622 2206 ζῇ·

2041 2227 2143 2281 καὶ
2193 2227 2388 2295 καθὼς
2414 2228 2558 2298 ὑμῖν
2594 2227 2816 2298 ἐλέχθη
2868 2226 3186 2295 πολλάκις,
3239 2230 3509 2297 αναστὰς
3552 2230 3626 2286 ἐκ

2038 2319 2268 2389 νεκρῶν
2306 2320 2629 2385 βασιλεύει
2667 2318 2788 2374 τῶν
2837 2318 3099 2374 πάντων.
3132 2320 3311 2375 Ὥστε
3336 2320 3453 2376 νῦν
3476 2321 3627 2392 τοῦτ’

2037 2411 2327 2476 λαϐόντες
2357 2408 2477 2466 τῶν
2525 2409 2984 2481 ἁμαρτηθέντων
3016 2411 3159 2483 ὑμῖν
3203 2412 3624 2483 μεταμέλειαν,

2044 2521 2063 2554 s
2118 2504 2488 2572 Προσέλθετε
2544 2503 2694 2573 πρὸς
2754 2504 2962 2570 αὐτὸν,
3032 2505 3132 2559 καὶ
3188 2507 3549 2575 φωτισθητε,
3598 2527 3623 2561 ι

2037 2595 2234 2664 καθὼς
2260 2599 2294 2651 d
2316 2594 2511 2666 πατὴρ
2542 2595 2709 2666 ὑμῶν
2738 2595 2900 2668 λέγει
2921 2596 3118 2653 Δαϐίδ.
3148 2601 3218 2652 Et
3240 2598 3348 2669 γὰρ
3364 2597 3479 2653 υἱοὶ
3505 2599 3627 2655 τῶν

2035 2688 2356 2760 προφητῶν
2421 2691 2561 2745 ἐστε
2579 2730 2594 2756 ,
2663 2690 2763 2746 καί
2836 2691 3087 2764 μαθηταὶ
3148 2690 3254 2746 τοῦ
3305 2692 3625 2763 Μωῦσέως,

2034 2778 2133 2832 καὶ
2153 2779 2198 2811 ⁸⁸
2226 2778 2558 2848 ἀτιμάσητε
2586 2779 2706 2834 τῶν
2753 2782 3064 2852 προγόνων
3094 2779 3262 2851 ὑμῶν
3289 2781 3405 2850 τὴν
3422 2781 3625 2851 χάριν,
3708 2784 3713 2791 ’

2033 2872 2437 2943 ψευδολιὶλοις
2496 2874 2927 2944 προσέχοντες·
2981 2875 3144 2929 ἀλλὰ
3217 2874 3490 2942 συνετῶς
3547 2878 3627 2932 τὰ

2033 2967 2169 3034 παρ’
2197 2965 2447 3019 ἐκείνων
2474 2966 2969 3036 προκηρυχθέντα
3019 2965 3469 3034 σκοπήσαντες,
3526 2967 3627 3023 δέ-

2033 3056 2221 3122 ξασθε
2252 3057 2378 3124 ταῖς
2407 3057 2635 3127 ψυχαῖς
2660 3058 2769 3112 τὸν
2791 3056 3036 3128 Σωτῆρα
3068 3059 3176 3114 τοῦ
3199 3058 3411 3130 γένους
3428 3061 3622 3131 ὑμῶν.

355 3130 626 3213 ἆιαιιθιιηι
663 3130 903 3227 promisit
936 3152 1004 3208 ".
1049 3130 1190 3207 Haec
1225 3130 1419 3207 Petrus
1450 3164 1515 3204 ac
1544 3150 1609 3204 iis
1634 3147 1835 3203 similia
1864 3148 1929 3203 ad

2050 3145 2227 3216 οὗτος
2269 3149 2377 3221 γάρ
2432 3151 2564 3205 ἐστι
2619 3150 2693 3205 ὃν
2748 3151 2849 3206 καὶ
2910 3130 3177 3220 Mummio
3220 3152 3625 3223 ἐπηγγείλατο

355 3250 607 3323 populum
636 3249 927 3309 disserens,
961 3243 1095 3298 abiit
1120 3243 1292 3298 tribus
1328 3241 1512 3296 milliis
1538 3238 1773 3310 aequales
1800 3238 1934 3293 alios

2050 3240 2353 3311 προφήτην
2410 3240 2555 3311 ὑμῖν
2608 3239 3085 3309 ἀναστήσεσθαι.
3150 3239 3339 3295 Ταῦτα
3402 3241 3497 3295 καὶ
3550 3244 3624 3297 τά

354 3341 596 3400 auctario
639 3338 897 3394 referens.
946 3337 1025 3391 Ac
1053 3335 1268 3405 quidem
1321 3334 1443 3389 talis
1497 3332 1690 3388 Petrus
1719 3330 1932 3402 publica

353 3435 614 3497 concione
645 3431 871 3485 ﬁdenter
904 3426 1185 3498 Evangelii
1214 3427 1455 3481 doctrina
1503 3426 1819 3495 exponenda
1850 3422 1932 3479 lo-

351 3544 545 3602 quens.
568 3527 770 3590 alacer,
799 3521 1176 3594 imperculsus,
1215 3522 1452 3591 prudens
1541 3534 1763 3579 suorum
1794 3517 1934 3572 ﬁdu-

351 3622 458 3688 cia,
500 3634 565 3676 ac
588 3618 1028 3674 adversariorum
1065 3629 1251 3684 pavor.

423 3794 561 3863 Quia
586 3807 716 3848 vero
743 3806 852 3847 non
884 3789 935 3845 id
960 3798 1169 3845 tantum
1202 3788 1418 3860 pietatis
1465 3789 1654 3843 doctor
1693 3789 1931 3859 optimus

350 3890 530 3949 studio
555 3890 784 3961 agebat,
833 3896 893 3941 ut
930 3885 1026 3942 Dei
1059 3884 1313 3956 populum
1356 3898 1640 3939 numerosa
1686 3883 1930 3938 multitu-

350 3984 477 4039 dine
506 3989 761 4053 augeret;
795 3978 889 4036 sed
918 3977 1076 4049 longe
1115 3975 1366 4046 amplius,
1404 3986 1458 4029 ut
1493 3974 1746 4045 discipuli
1769 3990 1932 4031 accu-

350 4086 470 4131 rate
509 4090 609 4146 pro
656 4073 972 4128 traditarum
1011 4070 1189 4141 legum
1226 4071 1436 4124 ratione
1470 4068 1635 4122 vitam
1679 4068 1933 4125 institue-'

312 4174 471 4233 ﬁat
502 4182 520 4221 :
552 4163 686 4220 vidit
730 4177 857 4219 vero
915 4160 1184 4217 Ananiam
1235 4157 1424 4225 illum,
1469 4172 1692 4214 suorum
1750 4160 1926 4230 ipsum

348 4259 621 4316 fructuum
641 4258 839 4322 furem,
868 4266 1175 4323 novumque
1194 4250 1539 4322 sacrilegum,
1569 4251 1769 4307 malam
1796 4268 1925 4322 pec-

348 4352 457 4409 cati
486 4352 823 4406 invecturum
858 4347 912 4402 in
942 4345 1282 4409 Christianos
1325 4345 1809 4414 consuetudinem,
1840 4360 1927 4402 se-

346 4456 478 4497 vere
501 4455 623 4496 eum
650 4438 718 4493 ab
759 4434 996 4491 Ecclesia
1032 4432 1331 4501 excidit";
1367 4448 1473 4488 non
1508 4434 1652 4489 velut
1690 4434 1926 4491 crudelis

2034 3331 2261 3387 τοιαῦτα
2291 3332 2429 3406 πρὸς
2465 3333 2558 3388 τὸν
2610 3332 2738 3388 λαὸν
2797 3332 3043 3400 διελθὼν,
3106 3333 3370 3406 ἀπῆλθεν,
3423 3335 3623 3402 ἄλλους

2032 3424 2320 3489 τοσούτους
2362 3427 2475 3490 τοῖς
2530 3426 2856 3498 τρισχιλίοις
2902 3425 3177 3498 προσθείς.
3229 3427 3481 3493 Τοιοῦτος
3517 3431 3623 3501 μὲν

2033 3508 2126 3567 οὖν
2162 3516 2219 3567 ἐν
2245 3514 2324 3586 τῷ
2349 3514 2588 3589 δημοσίᾳ
2624 3516 2806 3571 λαλεῖν
2853 3514 3205 3590 θαρρούντως
3232 3517 3374 3592 ὑπὲρ
3400 3519 3499 3591 τῆς
3520 3519 3622 3575 τοῦ

2034 3605 2365 3675 Εὐαγγελίου
2408 3608 2796 3679 μυσταγωγίας
2842 3607 3142 3680 πρόθυμος,
3169 3609 3620 3682 ἀκατάπληκτος,

2035 3698 2274 3764 συνετὸς,
2299 3699 2501 3771 θάρσος
2528 3699 2637 3753 τῶν
2686 3700 2854 3763 ίδίων,
2878 3700 2971 3754 καὶ
3002 3700 3111 3754 τῶν
3135 3702 3393 3757 ἐναντίων
3417 3703 3623 3764 δειλία..

2114 3791 2332 3862 Ἐπειδὴ
2355 3790 2413 3845 δὲ
2431 3831 2445 3851 ,
2468 3792 2527 3845 οὐ
2558 3791 2717 3846 τοῦτο
2744 3792 2905 3862 μόνον
2937 3788 3006 3864 ἦν
3041 3794 3507 3866 περισπούδαστον
3534 3796 3625 3872 τῷ

2031 3881 2299 3955 καλλίστῳ
2328 3883 2631 3955 διδασκάλῳ
2652 3883 2752 3955 τῆς
2775 3885 3073 3953 εὐσεϐείας,
3102 3886 3161 3941 τὸ
3188 3887 3623 3960 πολυάνθρωπον

2028 3972 2120 4027 τὸν
2150 3974 2244 4028 τοῦ
2275 3974 2412 4028 Θεοῦ
2442 3974 2570 4028 λαὸν
2608 3976 3041 4047 ἀπεργάζεσθαι,
3071 3977 3205 4051 ἀλλά
3235 3979 3416 4050 πολλῷ
3450 3982 3625 4039 πλέον

2029 4065 2089 4120 τὸ
2118 4064 2215 4138 ζῇν
2239 4065 2481 4139 ἀκριϐῶς
2517 4068 2643 4132 τοὺς
2668 4067 2918 4139 μαθητάς
2946 4071 3004 4123 ἐν
3030 4072 3142 4133 τοῖς
3162 4068 3359 4124 δοθεῖσι
3390 4071 3620 4143 νόμοις·

2027 4152 2167 4213 εἶδεν
2196 4159 2253 4212 δὲ
2281 4160 2371 4213 τὸν
2413 4154 2662 4216 ’Ἀνανίαν
2690 4161 2919 4225 ἐκεῖνον,
2947 4161 3040 4215 τὸν
3066 4160 3174 4215 τῶν
3209 4161 3355 4217 ἰδίων
3380 4166 3624 4236 καρπῶν

2028 4251 2266 4324 κλέπτην
2306 4254 2400 4306 καὶ
2432 4252 2735 4325 παράδοξον
2778 4252 3054 4325 ἱερόσυλον
3074 4294 3089 4319 ,
3128 4255 3389 4326 μέλλοντα
3430 4258 3624 4331 κακὴν

2027 4343 2277 4414 ἐμποιεῖν
2305 4349 2417 4409 τοῖς
2447 4346 2795 4418 Χριστιανοῖς
2834 4344 3123 4417 συνήθειαν
3148 4347 3445 4420 ἁμαρτίας,
3477 4351 3623 4405 ἀπο-

2025 4436 2207 4506 τόμως
2234 4436 2395 4491 αὑτὸν
2423 4439 2524 4508 τῆς
2560 4436 2887 4510 Ἐκκλησίας
2912 4436 3168 4508 ἐξέκοψεν
3188 4455 3202 4468 ·
3232 4440 3333 4494 οὐκ
3353 4439 3508 4513 ὠμὸς
3534 4441 3622 4499 ὢν

345 4535 527 4589 animo
555 4548 621 4588 ac
658 4528 963 4593 homicida;
990 4526 1084 4584 sed
1108 4536 1351 4596 spectato
1397 4527 1538 4597 quod
1570 4528 1920 4594 conduceret,

2050 4528 2122 4581 tat
2151 4530 2368 4599 φονικὸς
2387 4530 2486 4603 τὴν
2503 4528 2748 4602 γνώμην,
2772 4529 2909 4585 ἀλλά
2933 4531 3074 4586 κατά
3093 4533 3295 4587 σκοπὸν
3315 4534 3622 4607 ὠφελείας,

345 4622 677 4696 ejuscemodi
718 4628 996 4692 peccatum
1041 4633 1241 4674 curans
1283 4618 1571 4673 medicina.
1603 4617 1738 4673 Cum
1777 4620 1921 4674 enim

347 4717 575 4788 populus
608 4728 801 4771 recens
828 4726 1124 4768 conversus
1158 4722 1324 4782 atque
1362 4712 1626 4768 conﬂatus
1649 4753 1665 4780 ,
1689 4728 1718 4766 a
1747 4713 1924 4783 genti--

345 4811 463 4865 lilio
487 4824 552 4865 ac
576 4805 803 4862 Judaico
828 4806 1003 4861 victus
1035 4819 1357 4874 morumque
1377 4804 1626 4871 neglectu
1651 4845 1667 4873 ,
1694 4820 1925 4875 evange-

343 4903 479 4959 licas
501 4916 672 4972 nuper
694 4900 839 4971 leges
864 4896 1187 4968 accepisset,
1229 4898 1424 4955 merito
1461 4898 1621 4967 plane
1641 4897 1923 4953 existima-

342 4996 455 5063 vit,
502 4995 699 5050 nedum
740 4991 1026 5048 verbornm
1063 4988 1461 5060 correptionem
1516 4986 1793 5057 discipulis
1826 5000 1923 5041 ne-

338 5088 639 5145 cessariam
672 5099 824 5151 esse,
858 5096 1047 5138 verum
1079 5082 1246 5137 etiam
1296 5079 1536 5136 secundo
1565 5090 1712 5135 metu
1740 5078 1923 5149 aliquo

333 5181 609 5250 indigere.
633 5176 727 5234 Sic
753 5177 898 5233 enim
919 5176 1162 5232 moribus
1201 5182 1575 5244 comparatum
1602 5179 1708 5238 est,
1736 5179 1796 5225 ut
1814 5184 1919 5241 qua

336 5277 554 5331 ratione
605 5271 780 5342 prima
827 5268 1006 5325 studia
1065 5265 1307 5338 regulata
1346 5264 1587 5329 fuerint,
1627 5265 1817 5318 eadem
1852 5262 1920 5317 ad

342 5370 505 5422 tinem
540 5376 718 5435 usque
750 5359 1080 5416 inolescente
1108 5357 1500 5415 consuetudine
1524 5363 1874 5426 perseverent
1900 5373 1914 5410 :

338 5455 545 5511 idcirco
566 5451 652 5507 ubi
678 5458 956 5522 peccatum
992 5447 1206 5519 arguit,
1239 5456 1470 5502 mortem
1502 5459 1627 5500 mox
1655 5442 1917 5514 supplicio

340 5546 590 5611 induxit;
631 5558 737 5599 non
779 5557 909 5599 usus
951 5540 1161 5614 gladio,
1194 5548 1354 5594 autve
1390 5537 1737 5593 carniﬁcibus
1766 5548 1916 5589 reum

336 5636 727 5694 tradenszsed
775 5642 1048 5689 momento
1102 5632 1191 5687 illo
1238 5633 1519 5701 temporis,
1555 5644 1661 5699 qua
1704 5626 1918 5682 ratione

405 5837 454 5872 "
470 5838 590 5895 Aet.
609 5853 694 5905 ut,
720 5835 788 5892 12
816 5850 939 5905 sqq.

2024 4618 2196 4685 οὕτως
2215 4619 2399 4692 ίατρεύ
2411 4638 2505 4685 σας
2518 4621 2617 4693 τὴν
2634 4621 2931 4693 ἁμαρτίαν.
2970 4622 3192 4695 Ἐπειδὴ
3219 4623 3326 4696 γάρ
3344 4640 3624 4698 νεοπροσ-

2021 4712 2214 4783 ήλυτος
2254 4708 2322 4785 ἦν
2363 4713 2458 4767 καὶ
2502 4714 2777 4786 νεοπαγὴς
2798 4716 2833 4767 6
2862 4713 3013 4779 λαὸς,
3048 4714 3114 4768 ἐκ
3149 4715 3251 4786 τῆς
3290 4716 3625 4793 Ἑλληνικῆς

2020 4804 2113 4857 καὶ
2153 4804 2448 4877 Ἰουδαϊκῆς
2470 4805 2790 4879 ἀδιαφορίας
2810 4806 3046 4876 ὑπόγυον
3068 4808 3193 4872 τοὺς
3217 4808 3622 4879 εὐαγγελικοὺς

2019 4894 2311 4968 δεξάμενος
2340 4896 2560 4968 νόμους,
2588 4898 2815 4962 εἰκότως
2844 4895 3114 4970 ἐνόμισεν,
3136 4898 3195 4952 οὐ
3223 4899 3322 4971 τῆς
3344 4902 3409 4954 ἐκ
3429 4900 3621 4972 λόγων

2019 4988 2301 5053 νουθεσίας
2333 4989 2493 5061 μόνον
2525 4990 2744 5063 χρῄζειν
2774 4991 2901 5056 τοὺς
2926 4990 3194 5063 μαθητάς,
3222 4992 3359 5047 ἀλλά
3380 4995 3479 5048 καὶ
3515 4997 3622 5067 φό-

2021 5079 2117 5134 ϐου
2165 5080 2311 5145 τινὸς
2350 5081 2662 5154 εὐπράκτου
2703 5080 2964 5154 (εἰώθασι
3006 5083 3118 5155 γάρ
3152 5100 3269 5146 πως
3307 5085 3358 5137 οί
3391 5084 3621 5158 ἀνθρω-

2019 5188 2130 5236 ποι,
2167 5173 2316 5234 ὅπως
2355 5171 2422 5227 ἂν
2465 5174 2526 5227 ἐν
2557 5175 2755 5246 ἀρχαῖς
2798 5172 2909 5227 τῶν
2955 5172 3405 5247 ἐπιτηδευμάτων
3437 5194 3619 5232 κανο-

2018 5264 2296 5330 νισθῶσιν,
2341 5265 2485 5320 οὕτω
2523 5267 2687 5339 μέχρι
2708 5265 2897 5332 τέλους
2923 5269 3112 5340 τηρεῖν
3135 5266 3234 5340 τὴν
3266 5268 3614 5341 συνήθειαν)·

2018 5355 2112 5408 καὶ
2145 5354 2235 5410 διὰ
2260 5356 2420 5411 τοῦτο
2448 5356 2676 5427 ἐλέγξας
2709 5358 2809 5430 τὴν
2841 5359 3147 5432 ἀμαρτίαν,
3174 5359 3337 5424 εὐθὺς
3369 5359 3618 5416 θάνατον

2015 5446 2112 5518 τὴν
2146 5448 2417 5521 τιμωρίαν
2451 5451 2758 5523 ἐπήγαγεν·
2795 5451 2856 5505 οῦ
2884 5451 3028 5521 ξίφει
3061 5452 3444 5525 χρησάμενος,
3478 5453 3613 5508 οὐδὲ

2014 5538 2231 5610 δημίοις
2259 5541 2421 5595 αὑτὸν
2452 5542 2725 5615 παραδούς
2743 5559 2758 5575 ·
2795 5541 2933 5597 ἀλλά
2953 5544 3075 5597 τότε
3101 5543 3470 5618 διαφερόντως
3503 5550 3617 5619 τὴν

2015 5631 2108 5685 τοῦ
2140 5633 2380 5706 Χριστοῦ
2408 5634 2636 5707 δύναμιν
2673 5635 2872 5702 δείξας,
2909 5638 2967 5691 ἐν
2996 5635 3073 5708 τῷ
3103 5637 3291 5710 τρόπῳ
3317 5640 3419 5712 τῆς
3447 5643 3615 5699 ἀναι-

1026 5832 1069 5866 "
1100 5830 1240 5889 Psal.
1267 5844 1455 5894 xxxiii,
1480 5828 1532 5882 (i.
1623 5828 1669 5861 ⁷⁸
1704 5830 1858 5886 Deut.
1885 5846 2048 5899 XVIII,
2092 5832 2182 5888 15.
2260 5833 2305 5867 "
2325 5834 2448 5889 Act.
2479 5833 2584 5900 v,l
2622 5849 2746 5906 sqq.
2820 5836 2866 5869 ⁸ο
2912 5855 2983 5907 γρ
3053 5841 3149 5909 μή.
