3820 6346
215 330 311 386 273

1091 321 1370 381 HOMILIA
1414 323 1546 380 Vlll.
1590 324 1654 377 IN
1694 325 1794 380 SS.
1829 325 2112 385 PETRUM
2153 329 2240 386 ET
2282 329 2589 388 PAULUM.

3347 328 3454 384 2⁵14

219 448 431 520 pii-stuc.
480 441 796 496 Ἐνεκάλεσε
851 438 961 514 γὰρ
989 439 1169 512 μόνον,
1197 442 1292 495 καὶ
1315 442 1344 494 ό
1373 439 1658 510 ἐγκληθεὶς
1683 440 1787 492 ἀπ-
1815 479 1825 502 ,

1914 443 2147 511 ustulit,
2213 445 2529 514 praclarum
2589 443 2791 500 Christi
2864 444 3114 515 potentia:
3183 445 3454 513 specimen

217 537 419 606 ἔψυξεν.
443 533 623 588 Τοῦτο
647 533 704 588 δὲ
721 532 906 604 ἡλίκον
932 533 1102 597 ἐστὶν,
1133 533 1226 586 καὶ
1248 533 1379 603 ὅσην
1401 534 1467 604 τῇ
1493 530 1789 601 Ἐκκλησία

219 629 490 700 ἐνεποίησε
537 629 637 697 τὴν
669 627 959 682 εὐλάϐειαν
981 667 996 691 ,
1026 627 1086 680 οὐ
1118 624 1390 698 χρῄζομεν
1437 624 1645 695 μαθεῖν.
1685 623 1789 678 Δύο

218 723 316 793 γὰρ
350 723 407 774 ἐν
451 722 538 774 ἐνὶ
581 718 957 791 κατωρθώθη,
989 718 1050 771 τὸ
1099 719 1194 772 καὶ
1223 720 1312 772 τὸν
1358 717 1586 788 Σωτῆρα
1632 715 1788 788 ἡμῶν

221 812 566 883 πιστευθῆναι
593 807 734 866 εἶναι
768 812 921 876 Θεὸν,
945 810 1042 864 καὶ
1071 809 1163 863 τὸν
1187 809 1479 879 παιδευτὴν
1505 808 1612 863 τῶν
1641 808 1788 862 ἐκεί-

222 922 304 958 νου
341 904 558 974 νόμων,
611 902 1029 973 παρεπομένους
1059 900 1199 972 ἔχων
1229 901 1273 933 ⁸¹
1318 900 1603 969 ἀγγέλους,
1655 898 1792 969 πρὸς

222 995 309 1063 τὴν
355 993 618 1064 βούλησιν
672 991 766 1044 τοῦ
807 991 1104 1045 ἀποστόλου
1151 991 1507 1062 ἐνεργοῦντας
1538 990 1786 1061 ἑτοίμως.

232 1084 509 1154 Ἐθέλησεν
535 1083 894 1154 εὐεργετῆσαι
917 1083 1007 1136 τὸν
1036 1081 1228 1153 χωλὸν,
1259 1082 1352 1135 καὶ
1377 1083 1479 1135 οὐκ
1502 1081 1792 1152 ἐϐράδυνεν

222 1177 428 1248 ἡχάρις
447 1194 461 1206 ·
493 1176 762 1247 ἐϐουλήθη
789 1175 1014 1229 κολάσαι
1073 1175 1162 1229 τὸν
1195 1175 1497 1246 ἱερόσυλον,
1534 1175 1628 1228 καὶ
1657 1191 1793 1244 παρ-

219 1269 426 1337 εγένετο
448 1270 482 1339 ἡ
516 1266 780 1338 τιμωρία.

282 1441 471 1499 Ταῦτα
501 1441 664 1495 ἱκανὰ
690 1440 897 1504 λιθίνας
923 1439 1266 1512 καταπλῆξαι
1290 1439 1468 1512 ψυχὰς
1493 1442 1587 1495 καὶ
1613 1445 1795 1496 πεῖσαι

221 1535 488 1606 βεϐαίως,
536 1536 612 1599 ὡς
647 1536 748 1588 οὐκ
803 1534 1019 1605 ἀπάτης
1051 1530 1118 1606 ἦν
1157 1533 1224 1587 τὰ
1267 1535 1486 1605 ῥήματα
1542 1533 1614 1588 τά
1650 1535 1798 1606 παρὰ

219 1628 421 1695 Πέτρου
456 1627 753 1698 λεγόμενα·
793 1625 928 1680 ἀλλά
954 1626 1087 1689 Θεὸς
1118 1621 1186 1696 ἦν
1213 1625 1428 1696 ἀληθῶς
1457 1626 1572 1696 μετ’
1607 1626 1795 1690 αὐτοῦ,

220 1720 303 1772 καὶ
326 1719 487 1787 ἆγιον
519 1720 733 1791 ὑπῆρχε
759 1719 854 1772 καὶ
884 1717 1101 1790 ἀληθὲς.
1126 1717 1186 1771 τὸ
1219 1718 1513 1789 μυστήριον
1539 1717 1566 1771 ὃ
1590 1719 1792 1789 κατήγ-

219 1811 388 1878 γελλε.
429 1812 540 1864 Καὶ
570 1811 727 1864 τοῦτο
747 1811 805 1864 δὲ
836 1811 1122 1882 προσέχειν
1152 1811 1470 1880 ἀναγκαῖον,
1500 1810 1580 1863 ὅτι
1613 1811 1672 1863 τὸ
1698 1811 1798 1882 μὲν

216 1903 305 1954 ἐπὶ
351 1902 602 1973 τιμωρίᾳ
650 1903 744 1955 καὶ
795 1902 940 1972 φόνῳ
994 1904 1238 1972 σημεῖον,
1296 1900 1444 1965 ἅπαξ
1497 1899 1650 1972 παρά
1701 1899 1796 1952 τοῦ

219 1995 516 2047 ἀποστόλου
555 1993 644 2046 διὰ
691 1992 790 2064 τὴν
845 1993 1034 2065 χρείαν
1068 1993 1357 2063 γεγένηται
1380 2007 1394 2022 ’
1438 1991 1524 2046 ἵνα
1555 1995 1667 2055 τοῖς
1699 2009 1802 2046 κα-

219 2086 323 2148 κῶς
363 2085 824 2156 προαιρουμένοις
844 2122 859 2147 ,
894 2086 992 2155 τῆς
1023 2083 1348 2153 κολαστικῆς
1383 2082 1665 2152 δυνάμεως
1697 2098 1802 2134 πα-

220 2177 492 2248 ράτχηται
527 2177 626 2248 τὴν
659 2175 966 2242 ἀπόδειξινο
1001 2174 1069 2228 τά
1112 2173 1170 2226 δὲ
1199 2173 1307 2226 τῶν
1341 2173 1668 2244 εὐεργεσιῶν
1711 2173 1804 2229 καὶ

220 2272 320 2325 τῶν
359 2271 584 2333 ἰάσεων,
619 2268 739 2322 καθ’
773 2268 983 2338 ἡμέραν
1013 2267 1106 2320 καὶ
1138 2265 1375 2337 συνεχῶς
1401 2265 1646 2318 ἐπετέλει
1665 2281 1677 2294 °
1712 2265 1806 2318 καὶ

220 2363 492 2434 τοσαύτης
523 2360 673 2431 αὐτῷ
705 2359 904 2431 περιῆν
939 2361 1038 2431 τῆς
1070 2358 1161 2412 τοῦ
1202 2357 1524 2431 θεραπεύειν
1555 2356 1804 2421 εὐκολίας

223 2456 311 2508 καὶ
343 2455 594 2525 χάριτος,
626 2451 766 2504 ῶστε
793 2450 966 2514 οὐδεὶς
996 2446 1307 2521 προσελθὼν
1331 2448 1440 2501 τῶν
1470 2445 1808 2519 ἀρρωστούν-

221 2562 322 2598 των
356 2543 590 2598 ἀνέλυεν
630 2540 887 2612 ψευσθεὶς
922 2540 1022 2610 τῆς
1067 2539 1301 2604 ἐλπίδος,
1334 2539 1448 2594 ἀλλ’
1495 2540 1678 2611 ἄρτιος
1713 2539 1808 2593 καὶ

224 2635 380 2707 ὑγιὴς
415 2634 511 2688 ἐπὶ
539 2634 638 2705 τὴν
671 2633 849 2686 οἰκίαν
882 2631 1068 2702 ἀπῄει.
1102 2631 1213 2684 Καὶ
1243 2633 1351 2696 πᾶς
1382 2631 1546 2695 τόπος
1571 2631 1669 2702 τῆς
1709 2631 1806 2684 Ἰε-

225 2727 513 2801 ρουσαλὴμ
544 2727 671 2780 ἔνθα
706 2725 912 2791 Πέτρος
943 2724 1215 2793 ἐφαίνετο,
1237 2724 1328 2778 τὸν
1353 2725 1584 2796 Χριστὸν
1608 2723 1805 2778 ἐλάλει*

225 2822 315 2874 καὶ
351 2821 419 2874 τὸ
450 2819 655 2890 πλῆθος
689 2815 834 2890 εἶχεν
873 2817 1306 2872 ἀκολουθούντων
1349 2816 1646 2888 ἀρρώστων
1671 2859 1684 2882 ,
1717 2817 1811 2871 καὶ

227 2913 458 2986 θέατρον
482 2912 606 2966 καθ’
634 2912 847 2984 ἡμέραν
869 2910 1172 2982 παράδοξον
1195 2911 1258 2963 ἐκ
1283 2911 1454 2981 δήμου
1481 2909 1807 2980 συμμίκτου’

225 3007 329 3059 τῶν
378 3007 480 3075 μδὲν
521 3004 937 3074 συναγομένων,
980 3003 1066 3056 ἵνα
1121 3001 1231 3055 τῶν
1283 3000 1580 3072 όχλούντων
1627 3001 1812 3055 κακῶν

1887 533 2074 590 edens.
2131 535 2360 590 Tantum
2417 537 2560 591 enim
2614 535 2812 607 objccit
2849 538 3055 592 crimen
3080 578 3095 603 ,
3132 536 3294 607 inque
3327 537 3457 591 illud

1887 638 2110 684 vocatus
2157 629 2319 684 homo
2365 629 2678 698 exspiravit.
2713 629 2825 684 Hoc
2871 645 3000 685 vero
3053 640 3314 705 quantum
3360 629 3457 694 sit,

1889 727 2256 789 quantamque
2293 720 2543 775 Ecclesiae
2580 721 2936 776 reverentiam
2987 736 3048 775 ac
3094 730 3295 775 metum
3318 719 3457 790 inje-

1890 809 2047 873 cerit,
2083 812 2222 864 baud
2251 826 2385 880 opus
2414 813 2597 867 doceri
2631 812 2945 869 habeamus.
2999 813 3114 867 Duo
3158 813 3354 883 quippe
3382 814 3458 868 si-

1891 901 1998 955 mul
2024 901 2258 957 confecit
2284 943 2300 967 ,
2340 912 2397 956 ut
2429 904 2704 971 nimirum,
2737 920 2859 960 cum
2894 905 3141 960 Salvator
3176 904 3315 960 Deus
3335 919 3458 959 esse

1891 994 2205 1049 crederetur
2237 1012 2251 1058 ;
2307 1003 2418 1050 tum
2461 1005 2517 1051 ut
2536 996 2651 1064 ejus
2681 998 2887 1052 doctori
2927 997 3102 1068 legum
3145 997 3336 1051 adesse
3365 1011 3459 1052 co-

1893 1085 2054 1140 mites
2080 1087 2333 1157 angelos,
2372 1088 2461 1157 qui
2487 1098 2735 1158 prompte
2767 1099 2824 1144 ut
2873 1090 3148 1159 apostolus
3182 1089 3461 1151 voluisset,

1892 1191 2338 1249 exsequerentur.
2384 1182 2560 1235 Voluit
2595 1181 2783 1238 claudo
2829 1182 3148 1238 beneficium
3184 1192 3461 1251 praestare,

1895 1273 2136 1343 nihilque
2191 1275 2361 1342 gratia
2410 1275 2673 1340 tardavit;
2699 1274 2864 1329 voluit
2899 1274 3090 1343 punire
3121 1273 3464 1340 sacrilegum,

1895 1380 2130 1434 moxque
2156 1380 2312 1436 poena
2345 1376 2541 1437 praesto
2563 1366 2682 1422 fuit.

1966 1457 2132 1513 Erant
2174 1460 2288 1514 haec
2326 1459 2565 1525 abunde,
2615 1470 2674 1514 ut
2712 1459 2790 1513 vel
2827 1459 3062 1528 lapideas
3104 1465 3311 1512 mentes
3351 1463 3468 1510 stu-

1895 1561 2028 1618 pore
2059 1548 2336 1605 alﬁcerent
2365 1591 2380 1617 ,
2436 1559 2745 1620 certamque
2773 1550 2994 1604 omnino
3025 1548 3262 1604 facerent
3288 1546 3466 1610 fidem,

1896 1639 2098 1696 nullam
2149 1641 2290 1697 Petri
2343 1642 2501 1697 verba
2554 1641 2755 1698 habere
2791 1643 3194 1711 deceptionem;
3225 1640 3317 1694 sed
3343 1652 3470 1692 vere

1900 1730 2067 1786 Deum
2095 1747 2214 1788 cum
2258 1734 2374 1804 ipso
2403 1749 2560 1799 esse,
2600 1745 2951 1804 sanctumque
2993 1749 3055 1790 ac
3084 1733 3312 1787 veritate
3365 1729 3469 1785 ful-

1903 1835 2040 1891 tum,
2067 1828 2208 1898 quod
2234 1830 2590 1885 annuntiabat
2614 1839 3034 1890 sacramentum,
3059 1829 3340 1883 exsistere.
3365 1822 3473 1879 Sed

1903 1926 1954 1973 et
1979 1919 2081 1974 hoc
2117 1922 2461 1975 attendamus
2491 1935 2769 1975 necessum
2801 1921 2911 1986 sit;
2948 1918 3074 1974 illud
3119 1917 3333 1986 quidem
3375 1929 3474 1985 pu-

1903 2010 2098 2066 niendo
2139 2025 2204 2066 ac
2248 2026 2435 2066 necem
2496 2012 2814 2100 inferendq,
2869 2011 3036 2066 semel
3095 2011 3355 2065 duntaxat
3405 2007 3474 2061 ab

1913 2100 2157 2172 apostolo
2178 2117 2276 2158 usu
2311 2104 2572 2161 suadente
2600 2105 2807 2174 signum
2848 2110 3165 2172 usurpatum
3197 2115 3336 2164 esse,
3369 2113 3474 2168 quo

1907 2195 1993 2261 iis,
2022 2195 2113 2266 qui
2143 2195 2282 2250 mala
2327 2205 2508 2251 essent
2532 2196 2802 2250 voluntate
2821 2233 2838 2261 ,
2866 2194 3160 2265 castigandi
3195 2191 3476 2262 potestatis

1905 2288 2177 2357 specimen
2212 2287 2531 2354 exhiberet;
2572 2286 2834 2342 beneficia
2885 2295 3066 2340 autem
3102 2300 3163 2340 ac
3193 2281 3474 2346 sanitates,

1907 2380 2144 2450 quotidie
2173 2394 2238 2435 ac
2263 2379 2466 2449 iugiter
2515 2380 2828 2450 praestitisse
2859 2399 2873 2435 :
2907 2387 3163 2448 tantaque
3221 2382 3339 2431 erat
3385 2389 3478 2428 cu-

1909 2470 2061 2525 randi
2094 2485 2158 2526 ac
2198 2471 2386 2541 gratia:
2441 2469 2703 2536 facilitas,
2749 2478 2808 2524 ut
2850 2483 3009 2524 nemo
3048 2475 3287 2536 aegrotus
3324 2480 3480 2521 acce-

1909 2555 2065 2620 dens,
2091 2570 2185 2625 spe
2205 2571 2299 2611 sua
2324 2554 2612 2610 frustratus
2638 2555 2848 2620 abiret,
2871 2554 2962 2610 sed
2991 2555 3198 2623 integer
3221 2567 3284 2607 ac
3315 2565 3480 2607 sanus

1910 2647 2125 2702 domum
2173 2656 2556 2702 reverteretur.
2604 2645 2860 2716 Quisquis
2911 2661 3041 2701 vero
3096 2642 3481 2716 Hierosolymis

1909 2737 2130 2792 Petrum
2155 2737 2304 2793 locus
2330 2738 2584 2804 habebat,
2619 2738 2664 2794 is
2690 2736 2965 2792 Christum
2993 2736 3348 2804 loquebatur;
3381 2734 3480 2788 ha-

1913 2831 2178 2901 bebatque
2209 2839 2522 2902 sequentem
2563 2831 2904 2886 inﬁrmorum
2957 2829 3354 2884 multitudinem
3377 2867 3392 2892 ,
3420 2841 3483 2879 ac

1911 2923 2158 2978 mirabile
2207 2923 2400 2978 diebus
2442 2923 2672 2992 singulis
2707 2922 3026 2992 promiscuae
3065 2921 3230 2991 plebis
3278 2927 3484 2989 specta-

1915 3016 2129 3083 culum;
2168 3017 2507 3088 congregatis
2559 3016 2678 3070 aliis
2727 3013 3028 3085 quaerendae
3072 3027 3237 3067 causa
3287 3011 3485 3065 libera-

227 3097 618 3166 ἀπαλλαγῶσι,
653 3095 763 3149 τῶν
797 3095 886 3161 δὲ,
921 3096 1007 3149 ἵνα
1037 3094 1165 3158 τοὺς
1193 3093 1660 3166 θεραπευομένους
1699 3093 1814 3148 θεά-

1917 3108 2077 3162 tionis
2129 3122 2160 3161 a
2213 3107 2476 3162 malorum
2506 3105 2778 3172 molestia;
2809 3104 2928 3159 aliis
2978 3117 3136 3166 vero,
3182 3109 3240 3156 ut
3284 3102 3483 3171 imper-

236 3209 459 3245 σωνται.
496 3189 654 3244 Οὕτω
717 3205 799 3242 τοι
842 3189 1062 3241 κάκεῖνο
1095 3185 1223 3257 περὶ
1255 3185 1350 3239 τοῦ
1423 3185 1718 3240 ἀποστόλου
1749 3186 1810 3239 τὸ

231 3281 550 3354 θαυμαστὸν
595 3280 1046 3352 ἀναγέγραπται,
1082 3279 1110 3332 ὂ
1139 3280 1224 3332 ἐπ’
1275 3278 1448 3333 οὐδενὶ
1495 3279 1602 3331 τῶν
1638 3278 1811 3333 ἄλλων

229 3373 449 3444 ἐλέχθη,
481 3373 563 3426 ὅτι
589 3372 638 3424 οἱ
668 3372 970 3440 συγγενεῖς,
996 3370 1090 3423 καὶ
1115 3371 1164 3423 οἱ
1195 3369 1304 3422 τῶν
1337 3369 1703 3424 ἀσθενούντων
1733 3371 1812 3422 ol-

231 3468 390 3527 κεῖοι,
421 3464 618 3534 ἔφερον
651 3463 850 3527 αὐτοὺς
881 3463 975 3515 ἐπὶ
1009 3461 1206 3516 κλινῶν
1234 3461 1490 3533 δημοσίᾳ,
1518 3461 1619 3515 ἵνα
1645 3461 1813 3529 ἐρχο-

228 3575 417 3627 percu
445 3558 697 3623 Πέτρου,
722 3552 839 3608 κᾶν
863 3558 900 3624 ἡ
921 3553 1068 3608 σκιὰ
1091 3552 1419 3622 ἐπισκιάσῃ
1453 3553 1567 3606 τινί
1594 3552 1810 3608 αὐτῶν.

233 3651 406 3705 Τοῦτο
439 3650 540 3722 μὲν
573 3644 667 3702 οὖν
707 3647 890 3719 μεῖζον
937 3647 1032 3702 καὶ
1079 3647 1188 3701 τῶν
1229 3647 1561 3702 δεσποτικῶν
1606 3646 1816 3720 θαυμα-

240 3743 374 3797 σίων
393 3757 407 3772 ·
438 3742 534 3796 καὶ
561 3744 590 3794 ὁ
615 3739 798 3804 δοῦλος
819 3740 1144 3811 εὐφημεῖται
1169 3741 1306 3811 ὑπὲρ
1333 3741 1425 3793 τὸν
1455 3738 1675 3812 Κύριον.
1705 3741 1815 3794 Καὶ

233 3837 373 3906 τάχα
395 3837 458 3888 ἐν
474 3833 652 3905 τούτῳ
667 3831 745 3904 τῷ
767 3833 975 3904 σημείῳ
998 3832 1411 3905 συμπληροῦται
1433 3835 1466 3904 ἡ
1490 3834 1814 3905 προφητεία,

235 3929 299 3998 ἦν
336 3932 365 3982 ὁ
397 3927 595 3997 Σωτὴρ
625 3927 764 3996 πρὸς
793 3926 920 3988 τοὺς
950 3924 1202 3995 μαθητάς
1236 3925 1530 3997 ἐποιήσατο
1550 3941 1564 3956 ο
1618 3925 1816 3994 Ἀμὴν,

236 4020 399 4087 ἀμὴν
446 4017 607 4086 λέγω
641 4016 809 4086 ὑμῖν·
850 4016 912 4070 '0
949 4017 1252 4070 πιστεύων
1297 4018 1384 4081 εὶς
1411 4015 1517 4085 ἐμὲ
1537 4056 1550 4076 ,
1578 4015 1650 4070 τὰ
1675 4017 1819 4087 ἔργα

238 4110 272 4162 ἆ
299 4109 417 4178 ἐγὼ
450 4105 622 4184 ⁸τξοιῶ,
677 4105 954 4173 κάκεῖνος
985 4106 1249 4172 πηιήσει.
1297 4107 1394 4160 καὶ
1422 4105 1661 4176 μείζονα
1685 4109 1820 4162 τού-

240 4220 353 4256 των
394 4199 658 4266 ποιήσει.
709 4197 879 4251 Τοῦτο
911 4198 967 4251 δέ
1005 4198 1133 4252 ὅταν
1174 4195 1351 4266 λέγω,
1386 4199 1446 4251 οὐ
1505 4197 1595 4252 τὸν
1633 4197 1821 4253 δοῦλον

238 4296 312 4366 τῷ
360 4294 613 4364 Δεσπότῃ
663 4291 956 4361 συγκρίνω.
1042 4291 1292 4360 Ἀπαγεί
1365 4291 1709 4361 Μαινομένου
1759 4291 1821 4345 τὸ

239 4390 418 4461 νόημα
435 4406 450 4418 ·
499 4387 616 4440 ἀλλ’
663 4385 746 4438 ὅτι
773 4385 861 4438 διὰ
883 4383 990 4437 τῶν
1016 4382 1212 4437 ἐαυτοῦ
1244 4381 1592 4452 θεραπόντων
1617 4383 1645 4434 ὁ
1667 4382 1818 4447 Θεὸς,

1918 3201 2111 3255 tiendte
2163 3199 2411 3255 sanitatis
2457 3206 2792 3269 spectatores
2847 3204 3052 3252 essent.
3111 3194 3203 3250 Sic
3255 3207 3489 3262 namque

1916 3289 2083 3342 etiam
2130 3289 2258 3343 illud
2291 3287 2539 3343 mirabile
2587 3288 2654 3342 de
2691 3286 2939 3358 apostolo
2981 3286 3346 3355 conscriptum
3384 3293 3488 3349 est,

1917 3379 1983 3434 de
2009 3380 2198 3447 quovis
2225 3381 2332 3434 alio
2357 3379 2654 3434 inauditum
2676 3416 2691 3444 ,
2732 3386 2792 3432 ut
2834 3378 3113 3440 nimirum,
3147 3377 3487 3431 infirmorum

1917 3471 2132 3538 cognati
2161 3485 2224 3526 ac
2256 3470 2561 3533 domestici.
2591 3469 2801 3538 publice
2837 3483 2933 3526 eos
2968 3471 3019 3523 in
3063 3469 3217 3524 lectis
3255 3481 3491 3536 expone-

1919 3566 2078 3624 rent,
2135 3568 2192 3614 ut
2263 3560 2491 3615 veniente
2541 3557 2701 3614 Petro
2759 3560 2945 3612 umbra
3004 3558 3150 3611 illius
3210 3557 3490 3611 obumbra-

1924 3661 2002 3705 νει
2045 3667 2355 3723 quamquam
2401 3651 2613 3705 illorum
2652 3651 2699 3686 ⁸¹
2737 3669 2750 3705 :
2802 3663 2963 3722 porro
3009 3651 3110 3704 hoc
3157 3649 3329 3718 majus
3375 3658 3486 3702 erat

1922 3745 2218 3802 Dominicis
2283 3745 2593 3811 miraculis,
2649 3745 2890 3814 adeoque
2959 3757 3147 3797 servus
3204 3740 3491 3796 celebrimi

1922 3854 2032 3908 prae
2088 3837 2312 3894 Domino
2354 3838 2495 3894 fama
2538 3837 2786 3892 habetur.
2817 3836 2896 3890 Ac
2932 3835 3073 3890 forte
3108 3835 3160 3888 in
3190 3835 3342 3904 signo
3385 3833 3492 3885 isto

1924 3930 2242 4002 completur,
2287 3946 2446 4000 quam
2484 3929 2734 3984 Salvator
2759 3927 3096 3998 prophetiam
3141 3925 3208 3981 ad
3257 3926 3493 3992 discipu-

1924 4021 2006 4077 los
2035 4034 2118 4077 est
2151 4022 2364 4078 locutus
2391 4039 2406 4077 :
2447 4022 2641 4085 Amen,
2677 4037 2828 4074 amen
2857 4020 2974 4072 dico
3006 4019 3179 4082 vobis,
3211 4018 3300 4084 qui
3331 4017 3492 4070 credit

1924 4115 1982 4168 in
2012 4131 2112 4181 me,
2137 4130 2292 4184 opera
2330 4129 2448 4182 qua:
2478 4127 2571 4182 ego
2597 4111 2756 4179 facio,
2787 4121 2833 4163 et
2862 4111 2971 4178 ipse
3000 4111 3180 4179 faciet,
3208 4118 3254 4162 et
3291 4108 3494 4177 majora

1926 4205 2114 4260 horum
2137 4206 2294 4276 faciet
2323 4205 2390 4260 ⁸³.
2420 4203 2555 4260 Cum
2583 4213 2760 4257 autem
2807 4203 2908 4257 hoc
2939 4203 3058 4258 dico
3081 4240 3096 4265 ,
3121 4200 3341 4256 minime
3366 4214 3498 4270 gen-

1926 4297 2060 4353 tium
2096 4312 2312 4354 servum
2359 4311 2480 4354 cum
2517 4295 2744 4351 Domino
2786 4309 3059 4365 comparo.
3113 4292 3376 4363 Apagesis
3409 4291 3493 4346 fu-

1929 4390 2102 4448 rentis
2136 4405 2389 4455 sensum;
2440 4388 2534 4445 sed
2585 4388 2771 4452 Deum,
2827 4387 2917 4456 qui
2967 4400 3063 4456 per
3108 4383 3336 4438 famulos
3371 4395 3497 4437 suos

239 4483 334 4554 τὴν
363 4478 563 4534 ἑαυτοῦ
591 4478 820 4548 δύναμιν
849 4475 1276 4546 ἐνδεικνύμενος,
1307 4472 1495 4526 οὐδένα
1520 4473 1626 4527 τῶν
1651 4473 1825 4546 μαθη-

1927 4485 2178 4554 potentiae
2217 4497 2329 4538 sua:
2371 4482 2638 4554 specimen
2684 4482 2853 4544 edat,
2911 4479 3116 4533 nullum
3152 4491 3185 4532 e
3218 4475 3497 4543 discipulis

239 4574 368 4637 τῶν,
403 4573 481 4636 ὡς
513 4572 746 4642 Πέτρον,
778 4571 898 4632 ταῖς
930 4566 1084 4630 ίδίαις
1112 4565 1338 4638 δωρεαῖς
1366 4563 1823 4635 κατεπλούτησενο

241 4667 376 4720 ἀλλά
400 4667 500 4719 καὶ
524 4665 743 4719 πάντων
765 4662 928 4716 αὐτὸν
953 4659 1282 4732 προύθηκεν,
1306 4657 1526 4728 ὑψώσας
1545 4659 1665 4722 ταῖς
1687 4655 1828 4710 ἄνω-

242 4759 334 4814 θεν
359 4760 616 4831 δωρεαῖς·
649 4757 744 4811 καὶ
762 4755 948 4828 ὥσπερ
971 4752 1188 4823 πρῶτος
1212 4750 1480 4823 μαθητὴς,
1503 4748 1594 4802 καὶ
1624 4745 1824 4819 μείζων

239 4853 351 4908 τῶν
369 4848 741 4920 ἀδελφῶνὲπὶ
765 4847 865 4918 τῆς
893 4845 1088 4916 πείρας
1109 4843 1218 4896 τῶν
1243 4840 1585 4914 πραγμάτων
1609 4837 1825 4910 ἐδείχθη

240 4946 308 5015 τῇ
335 4942 566 5013 δυνάμει
593 4937 688 4993 τοῦ
720 4935 1059 5006 Ηνεύματος.
1090 4932 1314 5005 Πρῶτος
1341 4929 1545 5001 ἐκλήθη
1568 4969 1582 4994 ,
1610 4928 1707 4982 καὶ
1730 4945 1828 4982 τα-

242 5036 382 5107 χέως
412 5035 731 5105 ὑπήκουσε*
766 5029 904 5100 πρὸς
939 5028 1054 5090 τοῖς
1080 5023 1347 5096 αἰγιαλοῖς
1379 5020 1624 5095 εὑρεθεὶς
1655 5021 1714 5074 ἐν
1749 5017 1827 5090 τῷ

243 5123 553 5198 ταραχώδει
602 5120 699 5176 τοῦ
731 5119 940 5190 κόσμου
985 5115 1201 5188 χωρίῳ.
1236 5116 1266 5168 ὁ
1306 5115 1419 5176 τοῖς
1450 5110 1697 5182 κύμασιν
1739 5109 1828 5163 ἀεὶ

252 5221 344 5290 τῆς
370 5215 730 5290 ἀνθρωπικῖκ
763 5211 929 5284 ζάλης
960 5205 1452 5282 περιψοφούμενος,
1484 5202 1828 5257 ἀδιάλειπτον

217 5311 362 5383 ἐκεῖ.
389 5311 489 5382 τὴν
529 5308 744 5380 βοῶσαν
783 5305 913 5376 περὶ
944 5303 1044 5366 τὰς
1080 5301 1268 5372 ἡῖόνας
1297 5297 1483 5369 εὐχήν.
1522 5295 1742 5368 Πρῶτος
1768 5295 1830 5347 ἐν

250 5401 595 5474 Χριπιανοίς
626 5399 751 5461 ,τῶν
792 5395 1071 5467 κοσμικῶν
1117 5391 1258 5446 ὑλῶν
1289 5389 1663 5461 κατεφρόνησε
1683 5429 1698 5454 ,
1733 5387 1828 5441 καὶ

247 5493 358 5548 τῶν
384 5496 440 5547 ἐν
479 5494 609 5548 ποσὶ
648 5491 866 5545 πάντων
907 5485 1210 5559 ὑπεριδὼν,
1245 5483 1382 5554 πρὸς
1423 5481 1492 5536 τά
1524 5481 1691 5552 νοητά
1733 5479 1827 5535 καὶ

251 5585 595 5658 ὐπερκόσμια
627 5581 974 5655 μετετάξατο.

320 5789 366 5822 ⁸¹
405 5788 528 5860 ch.
561 5788 779 5857 έχοντα.
856 5786 899 5817 ⁸³
935 5785 1054 5839 Act.
1089 5800 1139 5850 v,
1179 5782 1261 5838 l5.
1336 5779 1380 5812 ⁸³
1407 5776 1561 5836 Joan.
1592 5795 1700 5845 xlv,
1731 5778 1820 5833 12.

1929 4575 2042 4631 suis
2086 4573 2332 4663 ‘perinde
2376 4587 2440 4627 ac
2490 4571 2710 4626 Petrum
2762 4570 3080 4626 muneribus
3139 4567 3498 4636 locupletasse

1929 4659 2216 4737 pronuntio
2243 4683 2256 4720 :
2281 4665 2411 4734 quin
2441 4663 2692 4734 supernis
2720 4664 3004 4718 sublimem
3027 4660 3278 4716 effectum
3313 4659 3496 4724 donis,

1929 4757 2195 4813 universis
2248 4773 2374 4813 eum
2429 4755 2752 4828 praetulisse.
2801 4755 2888 4812 Uti
2922 4769 3050 4810 vero
3106 4751 3496 4821 discipulorum

1927 4846 2220 4917 primatum
2247 4854 2428 4914 tenet;
2461 4844 2632 4914 major
2659 4857 2876 4915 quoque
2907 4843 3046 4897 inter
3072 4841 3267 4897 fratres
3317 4853 3497 4894 rerum

1926 4938 2298 5006 experimento
2335 4949 2432 5006 per
2481 4934 2718 5005 Spiritus
2746 4933 2922 4989 sancti
2951 4932 3206 4987 virtutem
3248 4939 3501 4985 ostensus

1927 5033 2032 5080 est.
2065 5022 2281 5080 Primus
2327 5032 2586 5088 vocatus,
2617 5023 2724 5078 cito
2774 5018 3067 5076 obsecutus
3108 5027 3226 5082 est,
3271 5033 3397 5074 cum
3447 5019 3499 5072 in

1927 5114 2148 5181 littore,
2196 5113 2252 5169 in
2290 5112 2471 5167 mundi
2517 5111 2636 5166 loco
2681 5124 2878 5180 aspero
2930 5097 3193 5165 inventus
3236 5116 3402 5163 esset.
3449 5107 3500 5162 ls

1931 5219 2188 5274 namque.
2223 5203 2471 5259 humana:
2496 5215 2622 5257 eum
2651 5200 2986 5271 tempestatis
3020 5198 3219 5272 iugiter
3265 5199 3502 5254 circum-

1932 5291 2299 5363 strepentibus
2325 5288 2574 5346 ﬂuctibus
2592 5327 2608 5353 ,
2653 5289 2970 5344 continuum
2995 5289 3140 5343 circa
3169 5287 3349 5342 littora
3377 5299 3505 5354 pre-

1934 5395 2058 5438 cum
2098 5381 2387 5439 clamorem
2421 5395 2486 5435 ac
2517 5387 2638 5434 vota
2673 5379 2856 5434 habet.
2898 5377 3114 5436 Primus
3159 5377 3303 5431 inter
3343 5375 3503 5431 Chrio

1933 5473 2141 5530 stianos
2187 5470 2370 5528 saeculi
2418 5486 2508 5526 res
2545 5470 2781 5541 sprevit,
2833 5468 3213 5539 despectisque
3255 5465 3502 5523 omnibus

1936 5581 2054 5636 qua:
2077 5565 2130 5619 in
2157 5563 2382 5635 pedibus
2414 5577 2476 5619 ac
2510 5563 2776 5618 mundana
2805 5569 2950 5628 sunt,
2975 5561 3211 5618 studium
3238 5560 3480 5617 animum

1937 5639 2039 5726 que
2069 5657 2133 5710 ad
2159 5653 2424 5724 spiritalia
2457 5668 2519 5710 ac
2552 5652 2791 5711 cmlestia
2822 5649 3082 5707 traduxit.
