3820 6314
395 301 462 356 75
1630 297 1692 353 S.
1730 293 2008 350 ASTERll
2047 294 2191 350 AMA
2202 295 2328 351 SEN
2337 293 2354 348 Ι

3502 293 3620 348 976

424 418 581 475 Dicat
629 434 762 476 vero
804 428 946 476 torte
993 433 1180 475 eorum
1228 417 1452 488 aliquis,
1514 415 1605 486 qui
1643 430 1934 486 pauperem

2105 414 2215 468 Kal
2247 413 2409 484 τυχὸν
2457 413 2574 482 ἐρεῖ
2619 429 2700 476 τις
2744 411 2854 464 τῶν
2912 411 3120 480 πένητα
3161 407 3255 462 καὶ
3298 407 3476 479 ἀφανῆ
3518 408 3622 463 τὸν

353 521 520 582 atque
551 513 842 569 obscurum
873 521 957 568 ter
978 513 1194 568 beatum
1236 511 1385 564 illum
1417 507 1690 578 appellare
1718 508 1931 562 solent:

351 606 490 672 Quid
549 606 828 660 enimvero
873 605 963 660 ille
1014 603 1277 671 reliquit?
1321 601 1437 669 Qua
1487 616 1545 656 se
1590 601 1935 670 possessione

352 695 664 748 abdicavit?
729 693 1009 755 Universa,
1065 706 1098 746 ο
1142 691 1325 757 homo,
1383 689 1608 752 dimisit,
1669 705 1788 758 quae
1835 689 1934 743 ha-

350 783 491 838 buit.
549 782 757 852 Cuique
813 797 954 848 vero,
1007 781 1148 850 quod
1199 780 1458 849 possidet,
1509 794 1757 849 magnum
1801 787 1932 834 est:

354 875 612 945 illudque,
651 874 850 929 divitia)
882 881 1040 938 sunt,
1068 873 1210 942 quod
1259 872 1432 925 tenuis
1487 885 1548 924 ac
1606 885 1810 940 egenus
1843 869 1935 922 ha-

352 967 443 1022 bet
523 967 725 1023 Similis
785 966 927 1036 apud
978 965 1146 1019 Deum
1201 963 1389 1026 habet,
1447 971 1557 1016 tum
1607 962 1698 1031 qui
1746 976 1936 1015 currus

353 1057 609 1123 dimittit,
665 1063 780 1110 tum
829 1056 920 1124 qui
975 1057 1274 1110 contemnit
1311 1055 1545 1107 asinum.
1600 1052 1752 1120 Quod
1789 1050 1932 1106 enim

353 1143 506 1198 diviti
546 1143 700 1214 equis
767 1153 1001 1214 quatuor
1060 1150 1244 1195 vectus
1296 1155 1514 1203 currus,
1563 1140 1666 1195 hoc
1725 1138 1937 1193 clitellae

355 1235 489 1291 viles
526 1235 770 1304 pauperi.
821 1233 1052 1287 Perinde
1100 1242 1278 1286 autem
1320 1231 1671 1301 philosOphus
1693 1239 1794 1294 est,
1822 1239 1935 1282 tum

355 1327 446 1396 qui
491 1334 804 1397 argenteam
867 1339 932 1378 ac
991 1324 1234 1378 historiis
1289 1323 1436 1376 varie
1497 1321 1800 1376 distim-tam
1854 1335 1938 1373 or-

355 1430 676 1490 natamque,
718 1427 829 1472 tum
870 1416 960 1485 qui
1003 1409 1237 1485 ligneam
1299 1413 1528 1482 vilisque
1577 1413 1733 1481 pretii
1787 1427 1935 1465 men-

358 1529 474 1567 sam
513 1511 806 1580 relinquit;
843 1524 907 1563 ac
946 1507 1223 1570 similiter,
1273 1514 1384 1559 tum
1417 1505 1508 1574 qui
1546 1503 1800 1573 frequens
1836 1504 1938 1558 ho-

358 1603 595 1659 minibus
639 1603 936 1674 oppidum,
992 1613 1105 1654 tum
1165 1599 1256 1668 qui
1307 1599 1559 1668 exiguum
1610 1597 1934 1650 hortulum:

339 1697 452 1767 ,qui
491 1707 695 1752 vestem
750 1711 884 1749 auro
939 1704 1176 1759 textam,
1222 1694 1424 1762 quique
1468 1702 1703 1747 veterem
1741 1706 1805 1746 ac
1841 1693 1938 1745 de—

361 1791 544 1844 tritam
600 1789 860 1844 tunicam.
910 1786 1025 1841 Non
1079 1789 1220 1843 enim
1269 1787 1409 1842 Deus
1456 1786 1796 1841 multitudine
1847 1793 1938 1839 aut
1968 1762 2012 1816 Β

360 1881 621 1950 qualitate
659 1882 859 1951 eorum]
902 1896 1022 1950 quze
1100 1881 1319 1944 dantur,
1352 1879 1694 1947 collationem
1729 1876 1937 1946 judicat

360 1989 426 2030 ac
467 1975 860 2028 humanitatem
886 2015 901 2039 ,
945 1973 1036 2028 sed
1061 1983 1268 2044 gratam
1307 1974 1470 2027 habet
1500 1987 1561 2026 ac
1589 1971 1780 2041 prohat
1803 1971 1938 2024 dan-

362 2071 433 2126 tis
469 2068 820 2124 voluntatem.
866 2068 1225 2135 Quamobrem
1270 2067 1430 2123 etiam
1473 2063 1821 2135 Evangelium
1853 2063 1932 2118 vi-

362 2163 523 2218 duam
588 2161 733 2216 illam
771 2161 846 2214 uti
888 2160 1112 2229 probam
1155 2159 1518 2228 deprardicat,
1557 2172 1677 2227 qua:
1719 2156 1935 2212 oholum

363 2255 634 2324 impertita
668 2261 845 2318 esset;
878 2251 1020 2321 quod
1051 2249 1181 2304 nihil
1210 2251 1520 2305 retinuisset
1561 2264 1750 2304 eorum
1819 2263 1938 2318 qua:

365 2344 597 2400 habebat
623 2344 688 2398 “.
723 2343 864 2410 Quin
896 2343 1060 2398 etiam
1085 2384 1098 2410 ,
1142 2342 1232 2411 qui
1278 2357 1430 2412 aquae
1479 2340 1686 2411 frigidae
1713 2339 1936 2396 calicem

363 2435 700 2506 prebuerit,
761 2433 997 2502 expediti
1093 2447 1280 2486 revera
1360 2431 1642 2500 facilisque
1707 2429 1937 2485 convivii

364 2528 690 2590 mercedem,
727 2541 952 2594 regnum
980 2534 1302 2594 accepturus
1324 2535 1404 2579 est
1423 2525 1490 2578 ⁸³.
1524 2524 1600 2578 Eo
1627 2522 1768 2576 enim
1797 2521 1937 2591 quod

363 2619 717 2688 suppetebat,
748 2619 982 2672 sitientis
1027 2617 1408 2670 necessitatem
1440 2614 1683 2677 curavit;
1727 2613 1938 2667 tametsi

364 2711 476 2764 vini
511 2709 725 2765 odorati
765 2723 828 2763 ac
874 2708 1124 2778 generosi
1153 2708 1222 2762 ob
1251 2715 1620 2776 paupertatem
1652 2705 1803 2775 copia
1834 2719 1938 2758 non

365 2813 500 2857 erat.
534 2799 662 2856 Haec
695 2814 860 2870 porro
893 2815 988 2868 per
1026 2798 1411 2869 indulgentiam
1447 2797 1588 2852 dico.
1618 2796 1769 2851 llaud
1794 2797 1938 2851 enim

367 2908 612 2962 prorsus,
647 2902 710 2947 ut
733 2891 856 2961 quis
895 2890 1158 2961 piscator,
1200 2891 1340 2945 idem
1375 2900 1429 2945 et
1455 2905 1664 2960 pauper
1690 2890 1938 2944 exsistat.

366 2985 448 3039 An
500 2984 682 3039 nescis
733 2982 1058 3051 piscatorem
1108 2981 1429 3050 margaritas
1476 2980 1741 3049 captare?
1799 2978 1942 3032 Illar-

369 3077 556 3146 garitae
584 3083 789 3139 autem,
823 3072 922 3128 llos
951 3081 1078 3128 sunt
1115 3073 1465 3142 superbarum
1497 3071 1940 3140 excelsarumque

369 3167 703 3231 divitiarum,
723 3165 919 3236 quibus
947 3179 1100 3236 reges
1142 3173 1445 3219 ornantur:
1477 3164 1671 3235 quibus
1707 3163 1938 3228 feminae,

369 3275 530 3329 opum
585 3258 790 3328 pariter
849 3274 914 3313 ac
979 3265 1204 3313 ornatus
1269 3266 1556 3319 amantes,
1622 3255 1940 3325 gloriantur.

372 3353 616 3408 Piscator
653 3365 947 3422 purpuram
1000 3349 1208 3415 inlicit,
1255 3349 1594 3403 decantatam
1653 3347 1828 3412 illam,
1882 3362 1945 3402 ac

369 3443 585 3512 imperii
612 3441 858 3513 insigniis
887 3441 1178 3495 addictam.
1207 3439 1516 3494 Piscatores
1563 3438 1836 3492 snhllavas
1878 3453 1943 3492 ac

369 3537 518 3592 velut
552 3550 686 3589 auro
712 3533 905 3588 rutilas
944 3533 1094 3586 lanas
1129 3532 1381 3602 tingunt,
1413 3531 1610 3601 quibus
1636 3531 1829 3598 pinnas
1853 3529 1948 3582 lla-

369 3637 467 3677 vas
498 3623 740 3691 capiunt.
788 3618 944 3675 Haud
984 3635 1114 3690 ergo
1159 3635 1348 3675 eorum
1379 3619 1544 3688 Lartis
1586 3621 1947 3674 instrumenta

371 3713 665 3782 spectanda
719 3711 828 3766 sint
879 3720 1132 3780 tanquam
1177 3710 1302 3764 vilia
1333 3725 1399 3765 ac
1427 3717 1774 3777 contempta;
1811 3716 1946 3774 rete,

374 3806 631 3872 inquam,
669 3818 734 3859 ac
768 3802 1049 3859 hamizex
1099 3817 1166 3858 eo
1223 3812 1405 3858 autem
1467 3801 1609 3871 quod
1667 3809 1946 3865 exercent,

372 3911 562 3952 eorum
601 3894 888 3951 facultates
916 3895 1160 3950 noveris.
1188 3893 1405 3964 Alioqui
1447 3894 1612 3957 enim,
1649 3892 1782 3946 nihil
1808 3892 1950 3961 agri-

374 3988 586 4043 cultura
629 3987 920 4058 pauperius
960 3995 1255 4051 occurrat,
1299 3996 1358 4040 ut
1393 4001 1461 4039 ex
1492 3985 1670 4056 ligone
1701 3999 1765 4039 ac
1801 3995 1952 4038 rutro

374 4081 493 4150 ejus
515 4081 639 4151 quis
664 4081 855 4151 probet
887 4080 1130 4136 divitias.
1171 4079 1278 4135 Sed
1309 4088 1364 4135 et
1393 4079 1428 4134 ii
1463 4078 1554 4148 qui
1584 4092 1764 4147 regem
1799 4078 1950 4132 illum

375 4175 724 4240 divitiarum,
783 4189 976 4228 aurum
1043 4173 1290 4239 fodiunt,
1350 4172 1540 4242 inopes
1599 4181 1780 4226 erunt.
1827 4170 1954 4226 Sola

375 4269 574 4340 quippe
623 4268 770 4322 ascia
827 4267 908 4323 eis
947 4267 1070 4323 usui
1113 4275 1232 4329 est,
1266 4279 1328 4319 ac
1353 4264 1528 4334 lignea
1555 4263 1817 4330 scutella,
1847 4279 1952 4335 qua

375 4375 571 4416 aurum
619 4359 934 4416 discernant
963 4372 994 4411 a
1033 4365 1203 4412 terra.
1229 4354 1468 4409 Taceant
1512 4353 1694 4422 itaque
1729 4354 1956 4427 gentiles

1968 3122 2015 3184 C

2034 507 2437 579 τρισμακάριον
2481 506 2686 557 ἐκεῖνον
2747 501 3200 556 ἀποκαλούντων·
3244 499 3309 554 Τί
3352 499 3460 570 γὰρ
3505 500 3623 552 ἀπ-

2036 600 2226 664 έθετο;
2273 600 2338 653 Τί
2365 601 2422 654 δὲ
2451 598 2830 668 ἀπεκτήσατο;
2865 593 3050 648 Πάντα
3081 593 3182 645 ὅσα
3206 585 3383 660 εἶχεν,
3433 582 3478 642 ὧ
3522 591 3624 645 ἀν-

2039 692 2222 763 θρωπε
2245 709 2256 724 ·
2292 691 2506 762 ἑκάστῳ
2535 690 2612 753 δὲ,
2634 689 2663 741 ὃ
2691 688 2972 758 κέκτηται.
3001 684 3142 756 μέγα
3163 699 3178 715 ⁸
3213 683 3432 736 κάκεῖνο
3451 682 3625 736 πλοῦ-

2034 800 2148 846 τος,
2177 783 2205 835 6
2240 782 2352 851 ἔχει
2393 783 2677 851 ἀκτήμων.
2706 780 2932 849 Ὅμοιος
2983 776 3134 848 παρὰ
3170 773 3247 844 τῷ
3273 774 3392 846 Θεῷ
3422 774 3621 842 φαίνε-

2035 894 2146 937 ται,
2190 877 2284 928 καὶ
2316 876 2344 927 6
2375 874 2444 926 τά
2470 875 2692 946 ἀρματα
2723 871 3077 940 ἀποθέμενος,
3106 869 3200 922 καὶ
3225 868 3254 920 6
3283 873 3627 938 καταφρονή-

2038 987 2137 1032 σας
2199 969 2293 1022 τοῦ
2358 969 2500 1021 ὄνου.
2547 968 2722 1036 Ὅπερ
2794 966 2902 1035 γάρ
2947 966 3063 1016 ἐστι
3126 963 3202 1029 τῷ
3272 962 3510 1033 πλουσίῳ
3556 963 3626 1014 τὸ

2035 1061 2362 1134 τέθριππον,
2408 1059 2565 1113 τοῦτο
2593 1059 2670 1129 τῷ
2686 1059 2875 1127 πένητι
2906 1061 2934 1111 6
2962 1057 3183 1128 εὐτελὴς
3195 1055 3503 1126 κανθήλιος.
3521 1055 3623 1106 Φι-

2036 1154 2261 1221 λόσοφος
2290 1152 2346 1204 δέ
2376 1154 2523 1205 ἐστιν
2557 1150 2777 1222 ὁμοίως,
2812 1151 2904 1204 καὶ
2930 1152 2958 1203 6
2992 1149 3088 1219 τὴν
3113 1149 3360 1219 ἀργυρᾶν
3386 1146 3625 1199 καταλι-

2039 1243 2154 1298 πῶν
2177 1245 2475 1317 τράπεζαν,
2497 1243 2594 1310 τὴν
2618 1246 2738 1306 ταῖς
2759 1241 3024 1312 ἱστορίαις
3045 1238 3493 1308 πεποικιλμένην,
3523 1236 3627 1290 καὶ

2036 1341 2063 1391 6
2093 1339 2191 1408 τὴν
2216 1336 2432 1406 ξυλίνην
2469 1336 2566 1407 τὴν
2597 1335 2825 1388 εὔωνον·
2857 1333 3060 1404 ὁμοίως
3095 1332 3186 1384 καὶ
3229 1333 3257 1383 ὁ
3288 1330 3385 1400 τὴν
3420 1327 3624 1398 κώμην

2037 1432 2135 1500 τὴν
2185 1429 2644 1501 πολυάνθρωπον,
2683 1428 2777 1482 καὶ
2826 1426 2885 1479 τὸ
2930 1425 3123 1496 μικρὸν
3160 1423 3392 1492 κηπίον·
3446 1423 3473 1474 6
3519 1420 3627 1489 τὴν

2039 1520 2241 1591 ἐσθῆτα
2267 1521 2364 1591 τὴν
2391 1521 2785 1591 Χρυσόπαστον,
2822 1519 2917 1571 καὶ
2945 1518 3034 1569 τὸν
3066 1513 3516 1585 πεπαλαιωμένον
3547 1530 3628 1582 κε’

2039 1611 2202 1665 τῶνα.
2237 1611 2310 1663 Ού
2340 1609 2445 1680 γὰρ
2482 1612 2540 1662 ἐν
2567 1609 2646 1678 τῷ
2671 1607 2865 1678 πλήθει
2895 1606 2990 1658 καὶ
3020 1607 3085 1676 τῇ
3116 1603 3362 1672 ποιότητι
3401 1601 3510 1653 τῶν
3537 1600 3626 1653 δι-

2039 1702 2278 1772 δομένων
2333 1704 2360 1754 6
2423 1701 2554 1765 Θεὸς
2607 1701 2667 1754 τδ
2713 1699 3056 1771 μεταδοτικὸν
3100 1697 3194 1750 καὶ
3238 1694 3630 1764 φιλάνθρωπον

2042 1796 2234 1864 κρίνει·
2261 1794 2395 1848 άλλά
2422 1794 2518 1864 τὴν
2552 1794 2870 1864 προαίρεσιν
2895 1790 3218 1860 ἀποδέχεται
3241 1787 3334 1841 τοῦ
3361 1786 3624 1849 διδόντος.

2042 1885 2132 1937 Διὸ
2162 1885 2255 1937 καὶ
2288 1884 2386 1955 τὴν
2419 1886 2595 1956 χήραν
2631 1884 2864 1954 ἐκείνην,
2898 1881 2973 1945 ὼς
3004 1879 3322 1950 εὐγνώμονα
3351 1877 3628 1949 κηρύσσει

2041 1980 2102 2033 τὸ
2131 1979 2483 2048 Εύαγγέλιον,
2520 1978 2618 2045 τὴν
2655 1977 2714 2030 τὸ
2749 1976 2933 2030 ὀϐολὸν
2963 1974 3268 2027 ἐπιδοῦσαψ
3299 1971 3487 2042 ἐπειδὴ
3519 1987 3632 2041 μη-

2041 2071 2130 2124 δὲν
2173 2071 2618 2142 παρακατέσχεν,
2657 2062 2730 2122 ὧν
2773 2065 2904 2138 εἶχε.
2949 2067 3058 2119 Καὶ
3101 2066 3128 2117 6
3175 2063 3236 2116 τὸ
3274 2065 3533 2133 ποτήριον
3566 2061 3630 2113 δὲ

2042 2164 2235 2236 ὀρέξας
2273 2163 2369 2216 τοῦ
2407 2162 2616 2234 ψυχροῦ
2654 2160 2867 2225 ὓδατος.
2903 2158 3165 2228 λαμϐάνει
3197 2155 3384 2228 μισθὸν
3408 2155 3510 2222 τῆς
3537 2154 3631 2206 ὃν⁶

2043 2273 2148 2320 τως
2178 2255 2398 2308 εύκόλου
2429 2254 2750 2320 δεξιώσεως,
2775 2253 2870 2324 τὴν
2897 2249 3192 2322 βασιλείαν.
3219 2241 3289 2319 ᾯ
3317 2247 3426 2318 γὰρ
3452 2242 3630 2316 εἶχεν,

2044 2348 2378 2418 ἐθεράπευσε
2406 2345 2500 2400 τοῦ
2516 2347 2778 2416 διψῶντος
2808 2345 2904 2416 τὴν
2938 2343 3149 2415 χρείαν,
3169 2343 3216 2394 εξ
3247 2343 3341 2394 καὶ
3377 2340 3450 2410 μὴ
3480 2357 3633 2409 παρ..

2044 2442 2109 2511 ῆν
2139 2439 2285 2509 αύτῷ
2306 2435 2447 2503 οἶνος
2477 2438 2776 2508 ἀνθοσμίας
2805 2436 2892 2489 διὰ
2930 2435 3142 2487 πενίαν.
3168 2433 3352 2486 Ταῦτα
3397 2431 3453 2484 δὲ
3478 2431 3634 2498 λέγω

2044 2532 2185 2586 κατὰ
2234 2529 2612 2602 συγχώρησιν,
2649 2529 2772 2582 ἐπεὶ
2814 2528 2874 2580 ού
2925 2526 3172 2589 πάντως,
3208 2524 3371 2586 εἴτις
3415 2521 3630 2584 ἁλιεὺς,

2044 2618 2198 2687 οὗτος
2224 2624 2316 2676 καὶ
2345 2622 2532 2692 πένης.
2567 2621 2681 2674 Ούκ
2707 2617 2884 2684 οἶδας,
2916 2618 2991 2681 ὼς
3041 2618 3224 2680 ἁλιεὺς
3269 2613 3635 2687 μαργαριτῶν

2046 2715 2163 2767 ἐστι
2193 2712 2463 2784 θηρευτής
2490 2729 2504 2777 ;
2533 2713 2880 2783 Μαργαρῖται
2909 2709 2967 2763 δὲ
2987 2753 3002 2776 ,
3031 2708 3189 2772 ἀνθος
3217 2709 3324 2761 είσὶ
3356 2705 3450 2760 τοῦ
3484 2703 3630 2774 γαύο

2051 2822 2144 2877 ρου
2169 2805 2262 2858 καὶ
2288 2802 2592 2874 ύψαύχενος
2619 2802 2872 2866 πλούτου,
2900 2795 2980 2864 οἷς
3003 2798 3242 2870 βασιλεῖς
3271 2797 3634 2863 κοσμοῦνται,

2046 2891 2126 2960 οἷς
2156 2898 2410 2964 γυναῖκες
2439 2894 2781 2965 φιλόπλουτοι
2819 2893 2912 2947 καὶ
2939 2892 3258 2963 φιλόκοσμοι
3300 2890 3636 2959 ὲπαγάλλον-

2047 3006 2156 3041 ται.
2198 2986 2405 3050 Ἀλιεὺς
2439 2985 2632 3056 βάπτει
2667 2986 2766 3057 τὴν
2800 2983 3093 3055 ἁλουργίδα
3131 2984 3227 3054 τὴν
3256 2981 3635 3053 πολυθρύλληο

2047 3097 2158 3145 τον,
2197 3077 2291 3132 καὶ
2328 3077 2708 3149 ἀφιερωμένην
2746 3079 2813 3148 τῇ
2842 3076 3115 3148 βασιλείᾳ·
3153 3074 3322 3138 ἁλιεῖς
3362 3074 3635 3144 βάπτουσι

2045 3168 2113 3223 τὰ
2145 3169 2428 3240 ὑπόχρυσα
2452 3168 2560 3220 τῶν
2585 3167 2766 3238 ἐρίων,
2799 3166 2894 3237 τὴν
2927 3165 3125 3236 ξανθὴν
3152 3164 3344 3220 πίνναν
3366 3162 3634 3234 θηρεύον-

2044 3278 2156 3324 τες.
2185 3261 2259 3312 υύ
2290 3259 2468 3312 τοίνυν
2492 3258 2570 3311 δεῖ
2593 3259 2880 3330 προσέχειν
2902 3260 3017 3321 τοῖς
3038 3255 3290 3328 ὀργάνοις
3310 3255 3408 3326 τῆς
3430 3255 3638 3328 τέχνης

2047 3351 2248 3415 αὐτῶν,
2274 3350 2349 3414 ὡς
2378 3348 2600 3413 εὐώνοις
2633 3351 2728 3402 καὶ
2769 3349 3287 3420 εὐκαταφρονήτως,
3324 3347 3400 3418 τῷ
3427 3348 3639 3417 δικτίῳ

2048 3443 2221 3515 φημὶ,
2256 3443 2350 3496 καὶ
2376 3445 2488 3505 τοῖς
2524 3440 2875 3512 ἀγκίστροις·
2915 3440 3028 3494 ἀλλ’
3061 3441 3126 3494 ὲκ
3161 3441 3258 3511 τῆς
3300 3440 3638 3510 τελουμένης

2047 3535 2324 3608 ἐργασίας,
2356 3535 2411 3587 αί
2445 3533 2690 3606 εὐπορίαι
2723 3533 3226 3603 καταμανθάνονται
3246 3549 3258 3562 ·
3294 3531 3415 3585 ἐπεί
3443 3532 3529 3584 τοί
3559 3549 3624 3599 γε

2048 3629 2166 3681 κατ’
2202 3629 2407 3680 ἐκεῖνον
2435 3627 2524 3680 τὸν
2562 3626 2752 3695 λόγον,
2781 3625 2933 3680 οὐδὲν
2971 3625 3292 3695 πενέστερον
3321 3624 3488 3696 εὕρῃς
3522 3625 3626 3694 τῆς

2047 3721 2344 3793 γεωργίας,
2381 3721 2429 3774 εί
2463 3719 2570 3773 ἀπὸ
2600 3720 2698 3791 τῆς
2738 3718 2988 3790 δικέλλης
3021 3719 3116 3773 καὶ
3151 3719 3248 3790 τῆς
3275 3719 3562 3788 σκαπάνης
3609 3720 3640 3770 ὁ

2049 3809 2279 3873 πλοῦτος
2305 3811 2474 3882 αὐτῆς
2497 3809 2860 3880 δοκιμάζοιτο.
2889 3811 3120 3881 Ἀποροι
3149 3809 3206 3862 δὲ
3230 3806 3510 3871 παντελῶς
3541 3809 3641 3860 καὶ

2050 3902 2100 3955 οί
2131 3902 2223 3955 τὸν
2255 3901 2454 3972 χρυσὸν
2487 3901 2894 3973 ἀνορύττοντες,
2936 3901 3027 3954 τὸν
3063 3898 3288 3970 βασιλέα
3335 3897 3429 3952 τοῦ
3465 3899 3638 3952 πλού-

2051 4009 2166 4046 του.
2213 3993 2326 4046 Μία
2355 3993 2465 4066 γὰρ
2493 3993 2676 4056 αὐτοῖς
2697 3991 2853 4064 ἀξίνη
2885 3993 3168 4064 συνεργεῖ·
3203 3989 3412 4055 ξύλινος
3445 3991 3637 4056 πίναξ,

2053 4087 2082 4138 6
2109 4085 2207 4155 τῆς
2233 4083 2337 4154 γῆς
2369 4084 2460 4138 τὸν
2499 4084 2697 4156 χρυσὸν
2729 4083 3063 4156 ἀποκρίνων.
3099 4083 3417 4151 Σιγὰτωσαν
3452 4082 3640 4136 τοίνυν

2055 4175 2258 4230 ἐθνικοὶ
2295 4177 2389 4228 καὶ
2429 4176 2700 4246 Ἑϐραῖοι,
2737 4177 2785 4229 οί
2813 4175 3004 4248 Πέτρῳ
3033 4174 3224 4229 πενίαν
3259 4173 3638 4240 ὀνειδίζοντες,

2055 4269 2150 4322 καὶ
2188 4268 2296 4322 ἀπὸ
2329 4267 2421 4320 τοῦ
2457 4267 2650 4332 ἁλιέως
2686 4267 3006 4338 σμικρύνειν
3033 4267 3125 4320 τὸν
3159 4267 3333 4338 μέγαν
3361 4265 3644 4337 πειρώμε-

2057 4378 2168 4415 νοιο
2199 4363 2294 4415 καὶ
2325 4361 2711 4425 καταλιπόντες
2753 4362 2820 4415 τὰ
2863 4359 3084 4414 τοιαῦτα
3117 4359 3517 4431 κομψεύεσθαι,
3554 4360 3645 4412 λε-

379 4451 732 4522 Hebraeique,
773 4449 867 4520 qui
893 4449 1054 4503 Petro
1075 4452 1450 4516 paupertatem
1477 4445 1812 4516 exprobrant
1836 4487 1852 4512 ,
1875 4454 1943 4501 at-

2060 4453 2306 4525 γέτωσάν
2340 4470 2430 4523 μοι
2463 4453 2885 4524 πυνθανομένῳ⁶
2916 4453 3012 4517 Τίς
3042 4453 3266 4516 ἀλιέων,
3301 4452 3332 4521 ἢ
3359 4452 3467 4505 τῶν
3497 4453 3642 4505 πάν-

377 4560 485 4616 que
523 4559 554 4600 a
591 4543 882 4614 piscatoris
904 4549 1022 4596 arte
1052 4554 1302 4610 magnum
1339 4539 1488 4596 illum
1513 4540 1819 4612 deprimere
1844 4552 1960 4597 ten-

378 4645 517 4690 tant.
539 4633 687 4688 Talia
711 4647 844 4688 vero
868 4630 1086 4701 gloriari
1113 4637 1412 4695 cessantes,
1444 4630 1647 4699 dicant,
1665 4647 1819 4703 rogo,
1835 4647 1958 4702 per-

375 4725 622 4781 contanti
679 4723 816 4780 mihi
849 4737 866 4776 :
899 4722 1160 4790 Quisnam
1213 4721 1471 4791 piscator,
1520 4733 1616 4777 aut
1661 4723 1958 4779 universim

378 4817 578 4883 homo,
623 4832 787 4886 supra
837 4829 986 4870 mare
1025 4813 1188 4882 pedes
1220 4813 1488 4869 incessit?
1523 4815 1658 4882 Quis
1693 4830 1854 4886 supra
1883 4815 1961 4872 la-

377 4925 502 4965 cum
529 4918 762 4964 stantem
794 4922 1043 4980 gressum
1068 4906 1206 4970 ﬁxit,
1231 4907 1308 4960 uti
1335 4906 1426 4961 ille
1449 4921 1608 4974 supra
1635 4906 1828 4963 ﬂuctus
1848 4908 1962 4980 agi-

381 5013 526 5058 tatos
562 5000 787 5055 ventis?
813 5000 948 5055 Cum
976 4998 1120 5055 enim
1159 4997 1302 5052 Deus
1329 4997 1421 5053 ille
1466 5008 1672 5066 noster,
1701 5016 1824 5071 quae
1847 4999 1966 5070 ejus

379 5076 840 5151 honitasl°multa
872 5106 968 5163 per
1007 5106 1134 5146 suos
1179 5105 1366 5147 servos
1401 5093 1627 5160 patrarit
1677 5093 1961 5158 miracula,

381 5203 504 5246 cum
534 5186 663 5242 olim
694 5185 748 5239 in
774 5185 986 5254 republ.
1020 5183 1235 5240 lsraelis
1258 5224 1273 5249 ,
1306 5192 1418 5238 tum
1451 5185 1648 5254 quibus
1679 5187 1965 5254 postremis

383 5276 747 5348 temporibus,
797 5274 1032 5345 benigna
1097 5273 1397 5330 Salvatoris
1449 5275 1617 5330 nostri
1658 5274 1963 5332 lncarnatio

384 5369 589 5426 mundo
633 5365 879 5422 exhibita
927 5375 1012 5420 est
1044 5383 1058 5419 :
1090 5364 1267 5420 nullus
1321 5375 1498 5420 tamen
1543 5381 1752 5431 eorum,
1801 5368 1890 5435 qui
1927 5380 1959 5419 a

2052 4563 2162 4598 των
2197 4543 2501 4616 ἀνθρώπων
2531 4543 2792 4608 ὲπέζευσε
2822 4543 3129 4610 θάλασσαν;
3157 4543 3252 4605 Τίς
3281 4542 3474 4613 ἔστησε
3503 4543 3645 4595 πόδα

2053 4635 2196 4690 κατὰ
2227 4635 2423 4707 λίμνης
2448 4635 2692 4704 ἑστώσης
2699 4679 2712 4698 ν
2735 4635 2811 4699 ὼς
2841 4638 3046 4700 ἐκεῖνος
3071 4634 3212 4690 κατά
3239 4635 3496 4705 κυμάτων
3527 4638 3643 4698 τοῖς

2055 4729 2276 4800 ἀνέμοις
2303 4728 2735 4799 τινασσομένων;
2766 4727 2873 4782 Τοῦ
2905 4727 3014 4800 γὰρ
3037 4727 3172 4782 Θεοῦ
3197 4731 3230 4800 ἡ
3241 4725 3355 4798 μῶν
3383 4725 3477 4779 τοῦ
3504 4727 3647 4794 ἀγα-

2059 4818 2176 4883 θοῦ,
2213 4817 2385 4872 πολλά
2425 4818 2678 4890 θαύματα
2721 4818 2810 4872 διὰ
2855 4818 2963 4873 τῶν
3001 4817 3218 4872 οἰκείων
3257 4817 3458 4870 δούλων
3489 4817 3648 4870 τελέ⁸

2065 4927 2276 4974 σαντος,
2304 4909 2397 4963 ἐπί
2418 4927 2475 4963 τε
2506 4910 2606 4978 τῆς
2636 4909 2912 4974 πολιτείας
2936 4910 3030 4963 τοῦ
3075 4909 3289 4980 Ἰσραὴλ
3311 4909 3371 4962 τὸ
3391 4909 3642 4979 ἀρχαῖον,

2064 5005 2167 5056 κάν
2198 5005 2312 5067 τοῖς
2342 5002 2568 5074 ὕστερον
2606 5003 2842 5074 χρόνοις,
2886 5005 2943 5056 ὲν
2976 4997 3057 5065 οἷς
3088 5005 3121 5074 ἡ
3155 5001 3534 5073 φιλάνθρωπος
3565 5002 3648 5053 ol—

2064 5094 2293 5165 κονομία
2327 5094 2421 5148 τοῦ
2455 5095 2708 5168 Σωτῆρος
2735 5095 2893 5166 ἡμῶν
2922 5096 3166 5166 ἐπεφάνη
3192 5095 3268 5166 τῷ
3298 5095 3486 5164 κόσμῳ
3509 5110 3524 5124 ⁸
3555 5095 3650 5145 οὐ·

2065 5185 2176 5249 δεὶς
2205 5186 2313 5240 τῶν
2363 5187 2420 5254 ἐξ
2478 5187 2653 5259 ἀρχῆς
2700 5189 2780 5253 είς
2829 5187 2983 5252 τέλος
3021 5187 3218 5256 ἁγίων,
3263 5185 3518 5256 τοιαύτην
3558 5186 3648 5239 διᾶ

2068 5277 2308 5340 πίστεως
2337 5278 2490 5341 ἰδίας,
2527 5279 2622 5332 καὶ
2657 5279 2754 5351 τῆς
2780 5279 2984 5333 ἀνωθεν
3013 5278 3262 5350 χάριτος,
3296 5276 3494 5348 πρᾶξιν
3529 5279 3651 5330 ἐπι-

2065 5371 2279 5425 τελέσαι
2317 5372 2587 5441 φαίνεται.

390 5461 659 5532 principio
694 5460 748 5516 in
779 5460 942 5515 tinem
988 5473 1160 5528 usque
1201 5458 1514 5515 claruerunt
1537 5461 1734 5527 sancti,
1773 5461 1877 5518 fide
1911 5478 2008 5520 sua
2049 5480 2113 5523 ac
2151 5481 2384 5538 superna
2425 5465 2597 5536 gratia
2620 5507 2635 5536 ,
2664 5480 2779 5522 rem
2807 5464 3070 5536 ejusmodi
3109 5464 3352 5520 noscitur
3389 5465 3649 5534 gessisse.

468 5758 513 5791 ⁸⁸
552 5758 680 5814 Luc.
721 5778 832 5826 ιιι,
860 5762 981 5818 ‘2-«5.
1063 5764 1105 5796 ⁸⁵
1135 5763 1324 5820 Matth.
1354 5779 1404 5828 κ,
1436 5763 1526 5816 42.
