3820 6302
172 258 270 312 277
1065 254 1354 311 HOMILIA
1387 255 1521 317 VIII.
1564 256 1628 313 IN
1671 258 1770 313 SS.
1805 257 2087 314 PETRUM
2123 261 2210 314 ET
2248 260 2560 318 PAULUM.
3307 261 3415 319 2‘78

234 377 568 447 Θαυμαστὸς
597 378 626 431 ό
665 376 936 447 Μωῡσῆς,
974 375 1208 446 πέλαγος
1247 378 1375 433 ἄνευ
1426 376 1627 431 πλοίων
1658 392 1742 430 πε-

1924 378 2188 435 Mirabilis
2210 381 2425 449 quidem
2458 380 2668 452 Moyses
2701 379 2845 436 nullo
2885 381 3098 451 navigio
3142 379 3415 448 trajiciens

178 465 465 537 ραιωθείςο
507 465 640 520 ἀλλά
669 466 773 536 γῆν
807 463 1119 531 ἐπέζευσεν,
1220 466 1381 538 νόμος
1425 465 1686 539 ἀνθρώποι

1910 487 2002 527 are
2029 472 2074 504 ⁸⁷
2104 490 2117 527 :
2143 472 2188 529 is
2220 482 2397 528 tamen
2428 481 2573 527 terra
2619 473 2968 544 gradiebatur
3002 473 3079 528 uti
3109 470 3414 527 hominibus

176 557 320 610 ἔνθεν
348 556 451 610 τοῦ
482 557 670 621 ὓδατος
710 555 1124 622 ἀναστέλλοντος
1162 559 1298 630 πρὸς
1330 560 1537 613 ἑαυτόν.
1564 559 1684 629 Μέγ

1906 573 2219 632 imparatum
2243 579 2328 618 est
2348 604 2364 628 ,
2390 579 2512 618 cum
2541 578 2695 633 aqua:
2717 564 2845 621 hinc
2872 565 2997 619 inde
3033 566 3098 625 ad
3142 576 3202 619 se
3239 576 3414 617 reces-

175 650 262 700 καὶ
284 649 314 700 ό
342 650 558 720 Ἰησοῦς
577 650 606 702 ὁ
620 649 809 703 τούτου
837 648 1097 721 διάδοχος.
1115 650 1196 703 ὅτι
1221 649 1311 704 τὸν
1337 650 1606 722 Ἰορδάνην
1620 652 1683 704 ἐπ

1905 663 2068 710 ssent.
2094 654 2320 727 Magnus
2354 656 2482 711 item
2506 655 2665 712 Iesus
2688 655 2775 712 ille
2801 657 2918 726 ejus
2948 670 3249 722 successor,
3272 654 3413 723 quod

179 739 381 810 pawn
402 781 418 805 ,
449 742 591 812 ὑπὲρ
626 741 726 805 τάς
756 739 921 811 όχθας
948 740 1343 814 πλημμύροντα
1365 759 1380 774 ·
1409 743 1524 796 ἀλλ’
1552 743 1687 814 ὁμοίι

1906 746 2137 800 ιιοιιιιιιοιιι
2187 760 2349 815 supra
2394 732 2733 817 etiamripas
2767 746 3128 802 exundantem
3164 742 3414 798 transmi-

174 832 267 901 τῆς
312 830 588 903 Ἐρυθρᾶς
614 832 923 903 Θαλάσσης,
967 834 1216 896 κάκεῖνος
1258 832 1490 904 διασχὼν
1535 834 1682 888 ἐαυτὶ

1902 837 1986 890 erit
2020 837 2111 891 ⁸⁸ε
2151 850 2339 891 verum
2383 839 2429 893 is
2468 854 2704 908 quoque.
2754 840 2978 909 perinde
3020 853 3083 894 ac
3124 850 3272 892 mare
3298 835 3410 889 Ru-

176 923 261 975 καὶ
286 923 573 993 ἀνακύψας
601 924 662 976 τὸ
685 923 919 996 ῥεῖθρον,
940 924 1105 977 ἔδωκε
1130 923 1208 995 τῷ
1236 941 1459 996 περαιου
1467 925 1610 996 μένῳ
1636 925 1684 979 λι

1902 945 2030 994 -ιιιιι,
2061 930 2295 998 seipsum
2327 932 2594 997 dividens,
2623 932 2975 1005 iuhibensque
2990 931 3269 993 ﬂuentum,
3300 938 3410 985 ter-

174 1012 381 1082 γυμνὴν
410 1014 514 1085 τὴν
543 1013 719 1085 ξηρὰν
763 1015 843 1076 είς
886 1013 1158 1067 ἐπίϐασιν.
1193 1013 1379 1076 Οὐδεὶς
1407 1013 1462 1066 δέ
1496 1031 1625 1068 ποτε
1662 1017 1682 1069 ὁ

1902 1037 1962 1075 um
1990 1022 2188 1077 nudam
2218 1023 2616 1078 trausmittenti
2645 1019 3049 1093 populo,‘quam
3080 1020 3410 1083 incederent,

172 1104 305 1174 δρῶν
326 1105 479 1158 κατά
510 1104 705 1169 ὕδατος
731 1107 916 1177 ἤρεισε
935 1107 1087 1160 πόδα.
1122 1106 1254 1159 Οὐδὲ
1278 1106 1385 1178 γὰρ
1411 1110 1439 1160 ὁ
1465 1108 1624 1177 νόμος
1648 1125 1678 1160 τ

1900 1113 2095 1167 admit.
2135 1111 2323 1168 Nullus
2349 1128 2481 1167 vero
2517 1129 2749 1183 unquam
2800 1114 3040 1169 virorum
3085 1126 3327 1183 gressum
3354 1109 3408 1164 in

174 1196 381 1264 ψύτεως
408 1196 794 1267 καταδέχεται,
824 1196 923 1267 τὴν
948 1196 1115 1269 ὀργάν
1153 1195 1219 1268 [Ι.
1249 1196 1402 1269 ὕλην]
1448 1197 1618 1268 ὑγράν
1654 1215 1682 1250 κ

1903 1220 1982 1271 [ua
2022 1204 2157 1259 ﬁxit.
2197 1205 2308 1260 Nec
2346 1205 2489 1259 enim
2522 1205 2624 1259 hoc
2656 1206 2743 1261 lex
2771 1215 2979 1259 natura:
3010 1203 3192 1269 habet,
3221 1211 3280 1257 ut
3307 1204 3411 1257 hu-

172 1287 419 1355 ῥέουσαν,
451 1285 701 1357 ἀντέχειν
730 1286 808 1358 τῷ
840 1288 1043 1360 στερεῷ
1073 1288 1167 1342 καὶ
1197 1288 1456 1352 πιέζοντι.
1499 1291 1654 1342 Δοκεῖ

1902 1295 1986 1351 ida
2038 1295 2306 1368 ﬁuidaque
2336 1299 2635 1353 substantia
2708 1298 2921 1368 corpori
2970 1297 3143 1375 solido
3186 1311 3249 1351 ac
3289 1308 3410 1365 pre-

173 1394 254 1445 μοι
278 1380 307 1430 ό
334 1376 451 1430 τῶν
478 1378 619 1430 ὅλων
643 1378 847 1449 Κύριος
875 1381 966 1432 καὶ
998 1381 1272 1449 Δεσπότης
1290 1420 1304 1442 ,
1346 1379 1681 1450 ὑπεραγασθε

1901 1389 2010 1444 enti
2035 1389 2273 1445 resistat.
2308 1391 2500 1445 Putem
2530 1405 2682 1456 vero,
2717 1391 3091 1445 universorum
3123 1389 3308 1443 herum
3345 1399 3409 1440 ac

172 1469 475 1538 τηνικαῦτα
520 1470 622 1541 τὴν
666 1470 1032 1543 ὑπερζέουσαν
1062 1472 1155 1526 τοῦ
1194 1472 1384 1543 ἀνδρὸς
1428 1471 1680 1542 ἐπιθυμία

1902 1482 2128 1537 ominum
2151 1524 2167 1548 ,
2215 1497 2377 1553 supra
2411 1483 2626 1537 modum
2653 1491 2782 1537 tunc
2814 1480 3180 1552 praefervens,
3217 1491 3410 1533 accen-

172 1563 283 1633 μεθ’
317 1559 390 1635 ἧς
432 1565 707 1635 ἐκέκραγε
744 1565 938 1634 λέγων,
970 1566 1277 1622 Κέλευσόν
1306 1584 1381 1636 με
1417 1566 1616 1620 ἐλθεῖν
1645 1566 1680 1618 ἐι

1901 1590 2072 1645 Imque
2106 1574 2209 1629 viri
2248 1574 2577 1630 desiderium
2618 1575 2976 1637 admiratum,
3017 1587 3085 1627 ex
3133 1570 3281 1638 cujus
3306 1569 3409 1623 im-

170 1654 266 1709 τσῦ
316 1655 548 1721 ὕδατος
586 1657 735 1724 πρὸς
788 1658 893 1721 σὲ,
956 1658 1142 1728 μισθὸν
1186 1658 1333 1728 αύτῷ
1388 1658 1486 1728 τῆς
1547 1655 1678 1710 πολλι

1903 1679 1968 1722 etu
2004 1667 2330 1723 exclamavit
2359 1668 2565 1733 dicens,
2591 1666 2726 1721 Jube
2757 1681 2839 1720 me
2870 1666 3040 1720 uenire
3070 1664 3138 1717 ad
3179 1670 3228 1715 te
3257 1674 3411 1729 super

169 1747 384 1816 ἀγάπης
415 1748 514 1801 καὶ
547 1749 783 1812 πίστεως
807 1790 821 1812 ,
858 1750 1072 1821 ἐκείνην
1104 1749 1284 1803 δοῦναι
1309 1749 1406 1820 τὴν
1431 1748 1621 1819 καινὴν
1651 1766 1677 1800 κ

1972 1774 2038 1811 rm
2061 1758 2129 1823 θ’,
2175 1765 2338 1813 tanta:
2382 1758 2553 1815 illius
2583 1757 2888 1813 dilectionis
2931 1770 2994 1809 ac
3028 1753 3149 1808 ﬁdei
3194 1749 3408 1814 merito,
3462 1747 3480 1766 ‘

169 1837 470 1908 παράδοξον
496 1838 682 1910 χάριν,
717 1834 785 1911 ἧς
824 1839 1027 1909 Πέτρος
1063 1840 1235 1909 ἐφάνη
1270 1837 1513 1901 δεκτικὸς
1561 1837 1677 1908 μόνι

1897 1865 2041 1905 ovam
2094 1850 2240 1906 illam
2295 1867 2358 1905 ac
2407 1851 2709 1905 mirabilem
2767 1849 2994 1922 gratiam
3053 1843 3405 1907 concessisse,

169 1931 267 1982 ἀπὸ
295 1931 410 1983 τῶν
447 1931 507 1998 ἐξ
553 1932 725 2003 Ἀδὰμ
751 1932 843 1985 καὶ
876 1931 1034 2004 μέχρι
1064 1932 1247 1994 τέλους
1280 1930 1602 2002 ἀνθρώπων.
1632 1931 1677 1982 Κ

1903 1942 2002 2012 ijus
2031 1941 2222 1999 Petrus
2250 1944 2399 1999 solus
2429 1943 2578 1999 visus
2623 1951 2706 1997 est
2736 1953 2903 2011 capas
2922 1979 2937 2003 ,
2965 1938 3110 1994 omni
3142 1943 3288 1990 retro
3312 1933 3411 1989 bo-

167 2019 268 2091 γὰρ
296 2020 514 2092 ἀληθὴς
543 2023 639 2075 καὶ
677 2021 951 2095 ἐξαίρετος
978 2021 1073 2076 τοῦ
1100 2021 1233 2074 Θεοῦ
1258 2061 1273 2085 ,
1307 2022 1341 2091 ἡ
1370 2021 1466 2090 τῆς
1490 2018 1674 2073 τοιαύτ

1905 2035 2052 2090 inum
2097 2036 2445 2092 successione
2487 2036 2555 2090 ab
2599 2034 2807 2088 Adamo
2843 2032 2911 2086 ad
2951 2042 3122 2099 usque
3172 2024 3409 2082 novissi-

171 2113 579 2184 μεγαλουργίας
601 2113 879 2180 ἐπίδειξις,
910 2113 1248 2184 ὑπερέχουσα
1270 2113 1368 2184 τὴν
1394 2111 1494 2182 τῆς
1517 2111 1679 2165 κτίσει

1906 2142 2013 2181 um.
2057 2125 2199 2182 Vera
2237 2127 2501 2195 siquidem
2551 2141 2615 2182 ac
2664 2124 2947 2195 peculiaris
3000 2121 3117 2186 Dei,
3162 2116 3409 2174 miraculi

166 2204 555 2276 ταπεινότητα,
583 2203 765 2267 καθὼς
786 2204 881 2258 καὶ
907 2203 985 2275 τῷ
1013 2204 1174 2256 Δαϐὶδ
1200 2204 1348 2259 δοκεί
1377 2202 1452 2273 τῷ
1486 2201 1674 2273 βελτίσ

1903 2219 2176 2274 uscemodi
2221 2218 2504 2285 exhibitio,
2555 2226 2754 2274 creatae
2795 2214 3151 2286 abjeetiouem
3204 2219 3411 2266 natura

167 2297 267 2351 τῶν
303 2297 633 2370 προφητῶν.
674 2298 941 2362 Κάκεῖνος
974 2298 1082 2370 γὰρ
1118 2297 1175 2352 ἐν
1218 2316 1322 2351 τινι
1363 2296 1469 2352 τῶν
1511 2297 1675 2368 ψαλμι

1902 2326 2169 2367 tmensum
2192 2324 2481 2381 superans,
2505 2308 2957 2379 quemadmodum
2978 2305 3143 2361 etiam
3178 2301 3410 2372 prophe-

166 2388 419 2459 ἀνυμνῶν
444 2389 543 2443 τὸν
564 2388 717 2456 Θεὸν,
752 2390 848 2443 καὶ
868 2390 964 2462 τὴν
985 2391 1187 2459 ἄφατον
1218 2388 1383 2473 αὑτοῦ
1414 2389 1507 2444 καὶ
1547 2389 1674 2460 ἁπεε

1906 2418 2022 2458 rum
2054 2403 2260 2473 optimo
2288 2401 2476 2457 Davidi
2497 2401 2671 2457 visum
2707 2408 2810 2456 est.
2850 2397 2981 2453 Nam
3009 2406 3064 2452 et
3085 2395 3174 2451 ille
3200 2395 3254 2449 in
3276 2407 3411 2461 quo-

167 2478 349 2550 νόητον
388 2478 764 2549 ἐξηγούμενος
797 2476 1059 2548 δύναμιν,
1094 2476 1246 2531 ταῦτ’
1290 2472 1469 2543 εἶπεν,
1510 2475 1546 2530 ἃ
1600 2492 1675 2529 συε

1900 2512 1966 2551 Im
2029 2472 2239 2567 psalmo
2298 2496 2465 2551 Deum
2523 2494 2784 2561 laudans,
2844 2492 3098 2561 ejusque,
3160 2499 3408 2544 sermone

168 2570 307 2640 ἠθως
340 2568 718 2642 μελῳδοῦντες
738 2569 1040 2643 γνωρίζετε
1060 2586 1073 2599 ’
1118 2569 1221 2624 Ἐν
1239 2568 1583 2641 θαλάσσῃῄ
1603 2566 1676 2622 ὁδε

1898 2585 1991 2640 ιιιιί
2032 2566 2100 2640 ac
2131 2585 2366 2657 cogitatu
2389 2583 2646 2653 majorem
2681 2582 2975 2653 potentiam
3001 2592 3282 2643 enarrans,
3304 2576 3406 2630 ista

168 2680 298 2727 σου,
326 2664 431 2717 καὶ
470 2666 536 2717 al
563 2664 745 2731 τρίόοι
786 2678 904 2717 σου
930 2663 1001 2717 ἐν
1036 2662 1217 2717 ὕδασι
1244 2661 1516 2729 πολλοῖς,
1547 2662 1645 2715 καὶ
1669 2680 1676 2711 1

1908 2678 2002 2742 xit,
2026 2691 2146 2747 quae
2168 2692 2267 2746 pro
2293 2691 2446 2731 more
2476 2674 2818 2730 modulantes
2842 2671 2998 2728 scitis
3026 2689 3039 2724 :
3071 2669 3139 2724 In
3168 2668 3304 2723 mari
3329 2666 3410 2721 via

170 2756 303 2824 ιχνη
348 2772 472 2810 σου
513 2757 588 2808 οὐ
614 2754 1045 2824 γνωσθήσεται.
1080 2757 1143 2808 Ὃ
1176 2755 1355 2808 τοίνυν
1383 2750 1527 2825 εἶχεν
1593 2753 1622 2805 ὁ
1653 2755 1678 2805 Δ

1905 2786 1957 2833 a,
1990 2778 2036 2822 et
2065 2768 2264 2822 semita:
2308 2778 2415 2821 tua?
2450 2768 2505 2820 in
2534 2766 2683 2834 aquis
2718 2764 2897 2819 multis
2922 2803 2938 2829 ,
2982 2771 3032 2818 et
3076 2760 3293 2830 vestigia
3318 2769 3409 2812 tua

173 2848 373 2917 σπότης
406 2851 467 2901 ἐν
489 2850 605 2911 τοῖς
631 2847 733 2918 τῆς
765 2845 1014 2919 θεότητος
1051 2847 1348 2919 ἐξαιρέτοις
1370 2848 1681 2919 γνωρίσμασ

1900 2876 1950 2913 m
1978 2865 2354 2927 cognoscentur
2375 2857 2442 2909 ὀ.
2467 2854 2620 2922 Quod
2658 2855 2838 2924 itaque
2864 2851 3124 2907 Dominus
3156 2850 3211 2904 in
3241 2846 3408 2903 deita-

177 2939 317 2994 τοῦτο
341 2941 531 2993 κοινὸν
551 2941 844 3010 ἐποιήσατο
869 2939 1002 3012 πρὸς
1028 2939 1119 2995 τὸν
1144 2939 1357 3006 δοῦλον,
1383 2939 1531 3007 ἀξιον
1553 2939 1685 3012 κρίν‹

1902 2968 1917 3003 5
1958 2949 2260 3006 rationibus
2304 2950 2539 3019 propriis
2574 2947 2796 3011 habuit,
2821 2947 2926 3002 hoc
2953 2959 3074 3001 cum
3098 2956 3289 3007 servo,
3319 2938 3410 2995 tali

173 3032 260 3103 τῆς
286 3032 566 3101 τοσαύτης
596 3030 781 3140 τιμῆς.

1769 3081 1812 3140 c
1847 3041 2074 3109 dignane
2106 3041 2332 3104 honore,
2357 3052 2646 3095 commune
2677 3038 2823 3093 fecit.

230 3125 485 3197 Ζηλωτδς
512 3124 613 3195 μὲν
646 3119 739 3178 οὖν
771 3124 866 3177 καὶ
903 3123 1076 3195 μέγας
1102 3122 1373 3195 Ἰωάννης,
1397 3124 1488 3178 ἐπὶ
1518 3122 1625 3177 τῶν
1648 3122 1738 3178 τοῦ

1915 3129 2110 3185 Beatus
2137 3129 2356 3200 quidem
2381 3142 2609 3198 magnus
2630 3126 2885 3191 Joannes,
2914 3124 3005 3195 qui
3032 3136 3195 3192 supra
3222 3128 3409 3190 pectus

173 3218 367 3290 Κυρίου
398 3216 642 3287 στέρνων
668 3215 1077 3286 ἀναπαυόμενος
1096 3231 1108 3246 ⁵
1145 3216 1316 3287 μέγας
1344 3216 1437 3270 καὶ
1470 3217 1681 3271 Ἰάκωϐε

1900 3224 2064 3279 omini
2090 3221 2355 3292 requievit
2377 3221 2446 3285 ⁸¹;
2471 3232 2696 3287 magnus
2711 3231 2925 3286 quoque
2939 3214 3190 3277 Iacobus,
3215 3212 3408 3280 quippe

173 3308 237 3372 ὣς
267 3308 384 3372 υίὸς
415 3305 747 3378 ὀνομασθεὶς
765 3306 993 3379 βροντῆς
1010 3324 1024 3337 ο
1047 3307 1296 3379 λαμπρὸς
1329 3309 1386 3361 ἐν
1410 3311 1532 3373 ταῖς
1557 3326 1681 3380 τιμα

1897 3316 1936 3370 li
1965 3314 2186 3371 tonitrui
2224 3313 2367 3368 ﬁlius
2399 3310 2701 3381 appellatus
2739 3311 2810 3363 sit
2839 3308 2920 3373 9';
2960 3304 3250 3375 praeclarus
3280 3304 3405 3358 item

174 3400 257 3453 καὶ
279 3402 308 3453 ὁ
332 3400 629 3463 Φίλιππος,
656 3398 733 3462 ὡς
765 3398 916 3469 παρά
947 3397 1041 3451 τοῦ
1073 3398 1213 3453 Πνεύ
1225 3416 1393 3470 ματος
1423 3399 1682 3470 ἀρπασθεὶ

1900 3402 2262 3463 )nestantibus
2303 3405 2479 3475 ipsum
2518 3402 2816 3459 honoribus
2853 3399 3166 3469 Philippus,
3205 3405 3266 3450 ut
3315 3396 3408 3464 qui

176 3491 328 3561 ᾕνίκα
353 3490 453 3544 τὸν
480 3488 715 3543 Αἰθίοπα
747 3488 884 3560 πρὸς
908 3487 1006 3559 τὴν
1050 3489 1345 3558 ἐπίγνωσιν
1370 3490 1467 3543 τοῦ
1499 3489 1684 3561 Σωτῆρ

1899 3508 2032 3569 ιριιιε
2064 3498 2230 3553 fuerit
2267 3512 2297 3552 a
2331 3496 2573 3566 Spiritu,
2610 3509 2731 3549 cum
2765 3490 3075 3559 Ethiopem
3112 3486 3407 3543 Salvatoris

174 3582 670 3655 εμυσταγώγησεψ
721 3580 835 3635 ἀλλ’
881 3580 1033 3652 ὅμως
1086 3582 1134 3635 οί
1186 3582 1387 3646 πάντες
1447 3582 1682 3653 ὑποχωρε

1898 3587 2091 3644 ltitiam
2116 3588 2302 3644 docuit
2318 3587 2400 3654 νς
2427 3600 2618 3642 omnes
2642 3583 2990 3640 nihilominus
3012 3581 3171 3637 Petro
3192 3581 3406 3643 cedant,

179 3691 340 3728 τωσαν
378 3673 601 3744 Πέτρῳ,
634 3671 732 3724 καὶ
767 3670 1105 3743 δευτερεύειν
1133 3671 1583 3743 όμολογείτωσαν,
1617 3671 1687 3724 ὅτι

1902 3697 2013 3753 είιιιο
2045 3681 2325 3738 fateantur
2356 3679 2643 3753 secundos,
2673 3678 2716 3733 si
2749 3676 2909 3733 modo
2938 3675 3229 3746 gratiarum
3262 3688 3410 3728 com-

176 3765 337 3836 ἡτῶν
385 3762 752 3835 χαρισμάτων
801 3761 1087 3835 σύγκρισις
1139 3762 1407 3834 δοκιμάζῃ
1435 3763 1525 3815 τὸν
1554 3777 1684 3833 προτ

1901 3775 2056 3830 iratio
2088 3754 2339 3830 honoris
2365 3770 2736 3842 praelationem
2770 3767 3095 3837 probaverit.
3150 3764 3409 3821 Universa

177 3860 414 3931 μότερον.
476 3855 834 3928 ’Δναθεωρῶν
888 3855 948 3910 δὲ
997 3856 1174 3909 πάντα
1224 3855 1293 3909 τὰ
1354 3855 1475 3910 καθ’
1521 3855 1685 3910 ἐκαστ

1902 3883 1984 3924 me
2011 3866 2288 3938 sigillatim
2326 3863 2708 3934 contemplans
2737 3871 2899 3932 atque
2928 3859 3300 3925 considerans,
3329 3858 3410 3911 vi-

177 3953 262 4005 καὶ
292 3950 694 4021 σκοπούμενος,
729 3948 969 4021 εὑρίσκω
1012 3946 1102 4001 τὸν
1143 3947 1309 4020 ἄνδρα
1351 3947 1539 4002 τοῦτον
1567 3947 1659 4001 ἐπί

1902 3974 1968 4013 un
2011 3960 2156 4015 hunc
2196 3955 2543 4029 deprehendo
2575 3970 2698 4011 cum
2732 3954 2786 4009 in
2823 3967 3134 4010 sermonum
3169 3951 3410 4021 disputa-

178 4042 272 4094 τῶν
301 4040 545 4110 λογικῶν
571 4039 888 4105 διαλέξεων,
917 4038 1013 4093 καὶ
1036 4038 1144 4092 τῶν
1178 4037 1495 4111 πρακτικῶν
1526 4040 1686 4110 ἐνεργ

1905 4051 2113 4117 onibus,
2152 4059 2264 4105 tum
2295 4050 2352 4105 in
2385 4062 2610 4119 operum
2641 4046 2973 4118 patratione,
2995 4045 3196 4116 ubique
3224 4042 3413 4100 simili-

178 4136 385 4204 μάτων,
432 4134 641 4205 ὁμοίως
691 4129 966 4201 πανταχοῦ
1016 4131 1378 4204 προπηδῶντα
1424 4131 1533 4185 τῶν
1573 4131 1686 4186 an.

1906 4160 1932 4198 r
1995 4143 2204 4214 reliquo
2253 4138 2641 4212 discipulorum
2696 4139 2864 4196 choro
2916 4138 3295 4209 praesilientem
3350 4150 3414 4192 ac

178 4228 431 4299 μαθητῶν
467 4226 564 4279 καὶ
596 4222 1075 4297 προεξαλλόμενον,
1101 4224 1195 4277 καὶ
1252 4222 1481 4280 κατόπιν
1520 4224 1686 4294 ἀφιένι

1907 4236 2273 4311 ἰεειιιιιιιιιοιιι,
2293 4234 2548 4304 idemque
2563 4232 2687 4288 vita:
2702 4232 2935 4289 stadium
2970 4239 3252 4287 currentes
3276 4243 3415 4300 pone

178 4319 293 4381 τοὺς
316 4318 378 4371 τὺ
406 4316 544 4370 αὐτὸ
571 4314 666 4369 τοῦ
703 4313 818 4384 βίου
850 4313 1059 4368 στάδιον
1089 4313 1397 4387 τρέχοντας.

758 4332 818 4367 ου
850 4313 1059 4368 στάδιον
1089 4313 1397 4387 τρέχοντας.
1851 4325 2265 4393 relinquentem.

253 4407 599 4481 Ἐρωτῶντος
640 4406 752 4478 γάρ
781 4422 914 4462 ,ποτε
951 4404 1044 4460 τοῦ
1092 4405 1296 4478 Κυρίου
1342 4408 1470 4472 τοὺς
1507 4407 1744 4475 δώδεκα,

1921 4412 2285 4469 Percontaute
2318 4411 2466 4467 enim
2500 4413 2824 4489 quandoque
2854 4410 3081 4467 Domino
3106 4425 3174 4466 ex
3207 4408 3411 4465 duode-

179 4504 267 4557 καὶ
306 4502 619 4573 ἀπόπειραν
659 4501 1002 4572 ποιουμένου,
1049 4501 1196 4566 ὃπως
1244 4500 1427 4572 ἔχουσι
1472 4500 1687 4575 πληροφ

1904 4515 1977 4566 ιιι,
2011 4514 2075 4555 ac
2106 4499 2350 4571 periculo
2377 4501 2661 4568 probante,
2691 4511 2751 4556 ut
2779 4500 2855 4556 illi
2878 4502 2947 4557 de
2977 4501 3092 4570 ipso
3120 4498 3411 4570 opinionis,

183 4591 296 4663 ρίας
339 4592 440 4646 καὶ
486 4589 716 4663 γνώμης
762 4591 895 4660 περὶ
942 4590 1042 4661 τῆς
1078 4592 1157 4655 είς
1196 4591 1355 4645 αὐτὸν
1395 4591 1691 4663 ύπολήψεω.

1910 4608 2015 4661 que
2046 4607 2111 4648 ea
2147 4592 2489 4648 certitudiuis
2510 4601 2672 4663 atque
2693 4592 2858 4647 animi
2885 4592 3193 4656 haberent;
3215 4590 3412 4661 juben-

182 4685 268 4738 καὶ
302 4684 626 4738 κελεύουσιν
648 4684 696 4715 ⁸⁸
724 4683 912 4756 σαφῶς
938 4685 1131 4749 εἰπεῖν,
1163 4685 1285 4738 τίνα
1312 4684 1559 4752 λέγουσιν
1587 4684 1688 4739 αὐτ

1906 4697 2012 4753 que
2046 4694 2105 4737 ut
2142 4683 2290 4739 clare
2320 4684 2614 4749 edicerent,
2647 4698 2807 4754 quem
2836 4697 2958 4738 eum
2992 4681 3265 4749 dicereut;
3291 4694 3414 4736 cum

183 4770 311 4831 εἶναι
330 4794 346 4809 σ
384 4777 500 4830 τῶν
540 4775 717 4831 ἄλλων
770 4776 1026 4831 ἁπάντων
1073 4777 1345 4849 σιωπῆσαι
1390 4777 1691 4850 βουλομένω

1902 4789 2044 4828 uiues
2085 4774 2278 4843 reliqui
2313 4774 2513 4830 vellent
2553 4784 2738 4832 tacere
2768 4789 2836 4830 ac
2869 4779 3279 4836 cunctarentur,
3312 4784 3410 4841 pa-

184 4872 271 4925 καὶ
297 4872 693 4946 βραδυνόντων,
726 4871 822 4925 καὶ
863 4869 1207 4935 δεικνύντων,
1235 4872 1312 4937 ὡς
1342 4871 1432 4925 διά
1456 4889 1599 4936 τινος
1630 4872 1692 4925 ἐτι

1908 4883 2068 4940 mque
2096 4870 2415 4939 prmferrent
2447 4868 2716 4941 parturire
2749 4864 2945 4921 animis
2977 4861 3155 4932 aliqua
3186 4861 3415 4918 medita-

187 4962 450 5032 σκέψεως,
479 4961 922 5034 τὴνξάπόκρισιψ
959 4958 1174 5024 ἀνοίξας
1213 4959 1275 5013 τὸ
1324 4959 1499 5031 στόμα
1541 4960 1695 5031 ταχέα

1905 4975 2004 5014 oue
2038 4960 2167 5030 quid
2218 4960 2526 5031 responsuri
2575 4966 2782 5024 essent,
2820 4954 3003 5010 statim
3038 4951 3287 5023 aperiens
3330 4964 3413 5017 os,

184 5055 212 5106 6
237 5054 323 5108 τὸν
364 5052 621 5123 ζὼπυρον
660 5053 754 5106 ἐπὶ
793 5052 895 5121 τῆς
930 5051 1108 5123 ψυχῆς
1154 5051 1336 5124 φέρων
1363 5051 1466 5122 τῆς
1517 5050 1692 5106 πίστει

1910 5053 1950 5107 ιί
1982 5057 2161 5108 vivum
2186 5066 2582 5122 accensumque
2607 5050 2731 5105 ﬁdei
2758 5048 3048 5104 carbonem
3074 5045 3257 5101 animo
3282 5044 3418 5101 fere-

185 5144 454 5217 ἀνθρακα,
504 5138 552 5213 ᾧ
601 5144 698 5197 καὶ
746 5144 976 5207 Ἡσαΐας
1033 5143 1296 5216 πρότερον
1345 5142 1620 5214 ἐκαθάρθη
1683 5162 1693 5178 ’

1908 5155 1975 5213 ιι,
2002 5159 2113 5214 quo
2142 5155 2199 5202 et
2230 5145 2381 5215 prius
2410 5144 2563 5199 Isaia:
2588 5142 2728 5197 labia
2751 5140 3005 5196 mundata
3029 5134 3277 5204 fuissent,
3302 5137 3416 5192 bea-

69 5217 81 5227 ’
188 5237 367 5309 χείλη,
416 5239 520 5310 τὴν
587 5237 865 5308 μακαρίαν
929 5236 1144 5306 ἐκείνην
1195 5235 1291 5289 καὶ
1344 5235 1491 5305 σαφῆ
1539 5235 1577 5288 ἀῖ

1908 5253 1970 5291 im
2029 5238 2177 5292 illam
2231 5253 2294 5293 ac
2342 5236 2502 5307 plane
2550 5234 2889 5307 perspicuam
2940 5232 3201 5302 praeclare
3256 5229 3416 5285 edidit

193 5330 342 5399 ῥῆσιν
372 5330 834 5400 καθωμολόγησε’
868 5328 953 5382 Σὺ
985 5324 1045 5382 εἷ
1065 5331 1099 5382 ό
1128 5327 1379 5397 Χριστὸς
1409 5330 1441 5381 ό
1486 5327 1616 5407 Titi;
1645 5344 1701 5381 τί

1911 5328 2261 5386 ιιιΐεεείοιιοιιι
2310 5348 2322 5383 :
2376 5328 2454 5383 Tu
2489 5346 2542 5384 es
2576 5327 2817 5383 Christus
2863 5323 3039 5380 Filius
3080 5323 3177 5379 Dei
3221 5323 3322 5378 rivi
3352 5322 3419 5376 ”.

194 5422 333 5477 Θεοῦ
371 5422 478 5478 τοῦ
510 5422 746 5489 ζῶντος.
777 5419 912 5475 Τίνα
941 5420 1007 5475 ἄν
1036 5437 1122 5484 τις
1171 5420 1303 5492 πρὸς
1331 5419 1489 5485 ἀξίαν
1515 5418 1623 5473 τῶν
1668 5418 1702 5471 λι

1914 5436 2118 5477 umnam
2148 5423 2270 5495 quis
2304 5436 2403 5491 pro
2434 5423 2624 5477 horum
2663 5421 2925 5493 dignitate
2960 5419 3273 5480 verborum,
3308 5415 3420 5469 ido-

259 5630 306 5663 ⁸⁸
342 5632 428 5686 τοι.
461 5630 799 5694 κελεύοντος.
873 5631 917 5663 ⁸⁷
951 5629 1114 5684 Exod.
1156 5644 1266 5692 xiv,
1295 5628 1382 5681 2|.
1459 5629 1505 5659 ⁸⁸
1532 5626 1641 5685 .Ius.
1685 5644 1767 5691 ιιι,

1949 5628 1994 5660 ⁸³
2022 5627 2207 5681 Matth.
2235 5641 2341 5684 xlv.
2370 5625 2460 5683 28.
2536 5626 2583 5660 "
2616 5626 2760 5682 Psal.
2787 5640 2969 5691 um,
2998 5624 3088 5681 ΞΟ.
3185 5622 3227 5655 ⁹¹
3266 5619 3413 5679 Joan-

198 5714 313 5763 xm,
343 5702 428 5758 23.
506 5704 553 5735 ⁹²
588 5702 780 5758 Matth.
819 5719 901 5758 ιιι.
940 5702 1024 5757 l7.
1100 5702 1146 5733 ”
1185 5701 1306 5753 Act.
1342 5713 1435 5752 vm
1488 5699 1575 5752 39.
1676 5700 1706 5731 ⁸³

704 5706 780 5757 th.
819 5719 901 5758 ιιι.
940 5702 1024 5757 l7.
1100 5702 1146 5733 ”
1185 5701 1306 5753 Act.
1342 5713 1435 5752 vm
1488 5699 1575 5752 39.
1676 5700 1721 5731 ⁸³
1762 5698 1948 5755 Matth.
1981 5713 2090 5763 XVI,
2124 5696 2207 5752 l6.
