3820 6376
323 299 428 355 279

1590 301 1647 356 S.
1690 297 1960 357 ASTEllll
2000 298 2300 356 AMASENI

3458 309 3576 364 230

317 430 451 472 neus
481 415 701 470 maximi
737 415 1100 484 apostolorum
1149 415 1417 484 interpres
1449 413 1691 482 cll'cctus,
1721 415 1889 469 demi-

2040 436 2101 469 nv
2144 418 2344 470 τούτων
2388 419 2736 489 θαυμάσειεν,
2785 421 3095 486 ἀξιόπιστος
3138 421 3424 492 γενόμενος
3478 425 3576 494 ἐρ-

317 507 427 564 rari
455 506 668 576 possit?
698 504 888 562 Videte
911 507 1056 562 enim
1091 508 1322 588 primum
1357 516 1414 560 ut
1445 507 1512 560 sit
1546 521 1724 561 sermo
1753 505 1885 559 nihil

319 599 622 668 superﬂuus
652 615 715 653 ac
740 600 943 663 brevis,
974 615 1268 669 paucarum
1298 599 1594 653 dictionum
1620 598 1886 652 exclama-

321 693 488 757 tione,
526 707 708 745 rerum
746 692 1219 746 innumerabilium
1262 705 1687 759 magnarumque
1715 691 1885 742 virtu-

321 794 429 839 tem
479 799 779 852 exponens.
833 784 1022 840 Omnis
1074 784 1275 854 quippe
1327 783 1417 837 hic
1472 783 1595 836 talis
1651 781 1886 852 optimus

319 893 518 942 sermo,
534 878 687 949 cujus
706 889 790 932 est
813 878 1010 933 decens
1032 877 1253 944 locutio,
1281 891 1380 930 nec
1403 876 1708 929 redundans
1729 889 1889 928 sensu

321 972 447 1026 exili
492 987 557 1027 ac
594 972 839 1037 modico;
874 980 1063 1026 contra
1109 985 1260 1034 vero,
1295 968 1387 1038 qui
1424 969 1708 1023 verborum
1741 967 1889 1020 brevi

323 1072 580 1116 contextu
623 1061 788 1116 multa
831 1062 1120 1132 signiﬁcet,
1153 1061 1219 1115 ad
1257 1062 1431 1114 instar
1469 1059 1619 1131 grani
1657 1057 1890 1125 sinapis;

323 1156 463 1224 quod
496 1156 736 1224 quidem,
763 1165 819 1209 ut
849 1155 1097 1209 manibus
1131 1164 1317 1208 teneas
1355 1162 1694 1222 spectesqne,
1729 1151 1892 1204 mini-

324 1263 469 1300 mum
512 1257 637 1310 est,
681 1257 744 1300 ur
773 1255 949 1299 autem
991 1246 1070 1300 ori
1107 1260 1169 1300 ac
1208 1245 1403 1315 linguae
1432 1246 1756 1307 admoveas,
1797 1259 1895 1314 gu-

325 1349 565 1406 stesque,
599 1338 797 1392 animal
828 1346 1002 1391 totum
1029 1355 1057 1389 a
1093 1338 1317 1406 pedibus
1348 1337 1411 1390 ad
1443 1345 1605 1404 caput
1638 1337 1702 1388 ad
1739 1351 1893 1390 suum

327 1433 494 1486 trahit
515 1431 770 1488 calorem.
799 1429 876 1484 Tu
903 1448 954 1484 es
995 1431 1234 1485 Christus
1277 1428 1455 1484 Filius
1478 1429 1571 1483 Dei
1596 1431 1720 1484 vivi.
1751 1429 1898 1484 Unus

328 1527 416 1581 hic
448 1541 628 1581 sermo
674 1528 740 1580 ad
779 1527 871 1580 Dei
917 1541 980 1579 ac
1009 1524 1308 1579 Salvatoris
1355 1523 1525 1578 nostri
1569 1523 1896 1592 agnitionem

327 1619 636 1680 eonforens,
666 1619 772 1674 duo
812 1619 926 1672 haec
974 1618 1326 1688 intelligentia
1368 1616 1588 1686 respicit
1632 1630 1697 1671 ac
1738 1628 1897 1671 sensu

329 1710 491 1765 habet
521 1728 534 1764 :
567 1727 738 1764 unum
779 1710 995 1780 quidem
1026 1709 1169 1780 quod
1200 1711 1266 1763 ad
1297 1710 1526 1778 primam
1549 1716 1756 1779 spectat
1784 1709 1896 1763 dei-

1991 511 2191 578 μηνεὺς
2233 509 2325 562 τοῦ
2376 511 2631 579 μεγίστου
2687 512 2792 566 τῶν
2834 514 3176 578 ἀποστόλων;
3222 514 3412 586 Ὁρᾶτε
3461 517 3580 584 γὰρ

1989 603 2225 674 πρῶτον,
2266 605 2412 668 ὅπως
2455 605 2742 677 ἀπέριττος
2768 608 2796 659 ὁ
2825 606 2982 676 λόγος
3010 607 3104 660 καὶ
3149 607 3432 679 σύντομος,
3476 610 3581 660 ἐκς

1989 695 2227 764 φωνήσει
2278 695 2505 767 βραχείᾳ
2550 697 2756 768 μυρίων
2793 700 3134 770 πραγμάτων
3175 700 3269 752 καὶ
3310 699 3580 769 μεγάλων

1988 785 2216 856 δύναμιν
2248 786 2612 859 ἐκτιθέμενος.
2649 791 2765 852 Πᾶς
2791 789 2900 860 γὰρ
2927 789 3083 858 λόγος
3123 784 3278 854 οὗτος
3317 791 3578 860 ἄριστος,

1989 873 2158 949 οὗπερ
2193 881 2403 950 ἀνήκει,
2439 882 2530 934 καὶ
2563 880 2638 952 μή
2672 883 2934 954 περιρῤέῃ
2979 883 3012 953 ἡ
3053 884 3252 954 φράσις
3286 885 3370 936 ἐπ’
3398 885 3584 955 ὀλίγῳ

1993 971 2233 1042 πενιχρῷ
2247 971 2324 1042 τῷ
2348 974 2596 1044 νοήματι·
2628 974 2936 1028 τούναντίον
2959 975 3036 1038 δὲ,
3065 975 3266 1046 πλῆθος
3312 976 3588 1047 πραγμά-

1992 1079 2100 1115 των
2139 1065 2196 1117 ἐν
2232 1063 2565 1137 βραχυλογίᾳ
2597 1067 2860 1140 σημαίνῃ,
2891 1067 3033 1121 κατά
3058 1067 3154 1139 τὴν
3183 1069 3441 1138 ὁμοίωσιν
3473 1068 3581 1120 τοῦ

1995 1155 2194 1209 κόκκου
2223 1157 2314 1211 τοῦ
2348 1159 2576 1222 νάπυος·
2603 1160 2660 1223 ὃς
2697 1160 3020 1230 μικρότατος
3061 1161 3160 1232 μὲν
3197 1161 3362 1226 ἐστιν,
3401 1165 3460 1214 ἐν
3494 1162 3587 1232 τῷ

1997 1250 2309 1320 κρατεῖσθαι
2343 1252 2433 1304 καί
2463 1251 2777 1322 βλέπεσθαι·
2817 1254 2865 1304 εἰ
2906 1252 2962 1305 δὲ
3008 1253 3364 1323 προσαγάγῃς
3404 1254 3585 1306 αὑτὸν

1997 1345 2062 1413 τῇ
2099 1343 2348 1414 αἰσθήσει
2383 1345 2476 1397 τοῦ
2527 1345 2814 1416 στόματος,
2857 1345 2976 1398 ὅλον
3021 1344 3081 1398 τὸ
3123 1343 3261 1409 ζῶον
3291 1349 3354 1399 ἐκ
3392 1345 3586 1400 ποδῶν

1999 1433 2080 1495 είς
2116 1433 2374 1504 κεφαλὴν,
2417 1435 2552 1506 πρὸς
2582 1437 2678 1505 τὴν
2707 1435 2910 1488 οἰκείαν
2945 1431 3093 1488 εἷλκε
3130 1435 3458 1507 θερμότητα.
3489 1435 3586 1490 Σὺ

1998 1523 2053 1576 εἴ
2095 1523 2347 1591 Χριστὸς
2383 1528 2415 1577 ό
2458 1527 2500 1577 Υ
2500 1525 2586 1590 ἰὸς
2627 1525 2733 1578 τοῦ
2783 1524 2931 1578 Θεοῦ
2976 1523 3082 1578 τοῦ
3114 1523 3346 1590 ζῶντος.
3389 1525 3588 1592 ’Ἄπαξ

1999 1613 2156 1681 λόγος
2187 1617 2215 1667 6
2247 1616 2511 1669 συντελῶν
2547 1616 2681 1688 πρὸς
2711 1617 2810 1686 τὴν
2849 1616 3142 1686 ἐπίγνωσιν
3170 1616 3262 1668 τοῦ
3295 1616 3427 1669 Θεοῦ
3479 1618 3589 1670 καὶ

2004 1709 2252 1782 Σωτῆρος
2299 1712 2476 1783 ἡμῶν,
2510 1712 2646 1783 πρὸς
2678 1712 2770 1766 δύο
2801 1714 2972 1766 ταῦτα
3007 1715 3100 1766 καὶ
3152 1713 3436 1785 θεωρεῖται
3483 1714 3592 1766 καὶ

332 1800 457 1852 latis
485 1801 917 1869 generationem,
952 1817 1144 1869 nempe
1195 1799 1425 1855 Verbum
1459 1801 1598 1869 quod
1650 1801 1702 1854 in
1747 1799 1898 1869 prin-

2040 1801 2324 1872 τρέφεται·
2362 1803 2420 1856 ἓν
2457 1802 2574 1873 μὲν,
2609 1806 2636 1858 ὁ
2668 1803 2768 1873 τῆς
2801 1805 3091 1874 ἀρχεγόνου
3126 1804 3409 1875 θεότητος·
3455 1805 3592 1874 ἣτις

329 1891 470 1960 cipio
499 1908 712 1960 semper
745 1902 846 1958 est,
875 1902 930 1947 et
958 1905 1041 1946 est
1087 1894 1226 1960 apud
1258 1894 1494 1956 Patrem,
1526 1907 1589 1946 ac
1627 1893 1766 1947 Deus
1794 1902 1896 1958 est,

331 1982 407 2036 uti
444 1997 541 2036 nos
576 1997 803 2051 magnus
835 1981 1071 2036 Joannes
1112 1983 1200 2035 ille
1243 1982 1521 2052 theologus
1569 1982 1771 2046 docuit,
1802 1997 1898 2036 ceu

333 2075 554 2144 spongia
584 2073 826 2147 quietiam
858 2073 1129 2140 Unigeniti
1161 2089 1225 2129 ac
1259 2075 1538 2128 Dominico
1568 2075 1772 2143 pectori
1800 2074 1899 2127 ad-

334 2167 538 2233 iacens,
571 2182 634 2220 ac
669 2167 793 2221 inde
818 2167 1047 2222 occulta:
1081 2167 1365 2236 sapientia:
1398 2168 1762 2236 cognitionem
1793 2177 1904 2220 tra-

340 2259 496 2326 hens,
544 2261 772 2313 alterunt
811 2275 940 2313 vero
994 2259 1136 2328 quod
1191 2260 1256 2313 ad
1306 2259 1489 2313 carnis
1523 2259 1902 2319 oeconomiam,

335 2369 497 2422 quant
527 2352 698 2407 bonus
730 2353 867 2407 Deus
895 2354 1214 2420 assumpsit,
1245 2360 1442 2406 nostra:
1463 2365 1523 2404 se
1551 2349 1904 2404 imbecillitati

339 2445 626 2499 inclinans.
680 2444 871 2512 Opera:
918 2445 1149 2513 pretium
1196 2458 1325 2513 ergo
1378 2445 1449 2497 sit
1505 2443 1905 2510 responsionem

341 2537 717 2607 contemplari,
772 2548 828 2590 ut
877 2537 1025 2588 brevi
1063 2551 1316 2590 sermone
1361 2551 1424 2590 ac
1467 2536 1656 2604 paucis
1707 2535 1906 2600 verbis,

338 2629 574 2682 onmium
595 2638 847 2683 accurate
877 2629 1202 2682 intellectum
1231 2627 1416 2697 paucis
1433 2627 1810 2693 declaraverit,
1828 2637 1911 2682 at-

338 2736 449 2791 que
476 2721 544 2774 ab
576 2721 924 2774 inferioribus
957 2722 1119 2775 ducto
1150 2721 1376 2775 esttrdio
1403 2721 1470 2774 ad
1501 2721 1749 2777 sublimia
1780 2737 1914 2791 quo-

345 2828 449 2883 que
472 2813 748 2884 sigillatim
778 2813 1016 2866 animum
1049 2813 1382 2868 subvexerit.

419 2995 497 3048 Tu
536 3012 588 3049 es
625 2994 881 3048 Christus.
917 2992 1023 3047 Isto
1055 2994 1410 3049 meonomiam
1443 2993 1702 3059 declarat,
1738 3009 1800 3049 ac
1826 2995 1918 3050 Dei

350 3089 403 3143 in
433 3104 596 3143 carne
624 3087 1014 3156 apparitionem
1046 3085 1321 3141 edisserit.
1359 3084 1466 3140 Nec
1494 3086 1639 3140 enim
1671 3087 1920 3141 Christus

357 3195 553 3236 nomen
583 3189 666 3234 est
701 3179 1024 3248 prtemterni,
1052 3181 1146 3232 sed
1174 3180 1544 3248 ungendorum
1580 3175 1767 3248 gratia:
1792 3179 1925 3232 indi-

354 3273 518 3326 catio.
559 3272 917 3339 Quamobrem
964 3272 1129 3326 etiam
1173 3272 1431 3326 Dominus
1471 3280 1659 3326 noster
1705 3288 1827 3327 cum
1871 3272 1924 3326 id

354 3365 573 3419 omnino
609 3363 931 3431 susceperit,
975 3374 1031 3416 ut
1077 3365 1240 3417 homo
1281 3363 1451 3428 ﬁeret,
1489 3365 1701 3434 aliaque
1745 3365 1924 3419 omnia

361 3459 659 3526 spectantia
695 3456 762 3510 ad
795 3470 1039 3520 carnem,
1074 3471 1177 3509 una
1211 3471 1427 3525 quoque
1465 3457 1693 3526 suscipit
1731 3464 1788 3509 ut
1829 3472 1930 3526 ap-

357 3549 586 3620 pelletur
623 3549 893 3613 Christus,
932 3558 1186 3618 tanquam
1218 3549 1470 3604 inuuctus
1497 3549 1549 3602 in
1583 3564 1786 3618 regem,
1823 3565 1930 3604 non

364 3643 484 3698 oleo
517 3658 686 3698 cornu
707 3683 721 3708 ,
757 3643 832 3697 uti
873 3642 1092 3696 Samuel
1125 3641 1423 3710 Davidque,
1456 3657 1519 3696 ac
1559 3643 1813 3707 deinceps
1843 3642 1932 3696 alii

361 3735 640 3800 homines;
672 3735 765 3790 sed
806 3734 1041 3804 Spiritus
1070 3735 1406 3803 operatione,
1444 3750 1541 3804 per
1575 3749 1735 3803 quam
1769 3736 1932 3789 etiam

364 3829 676 3883 Dominicus
699 3827 809 3896 (il)
839 3827 927 3882 ille
957 3828 1116 3881 homo
1133 3826 1236 3897 (sic
1258 3827 1401 3882 enim
1429 3828 1578 3881 multi
1602 3827 1830 3882 libenter
1855 3825 1937 3880 Je-

368 3934 487 3974 sum
517 3919 813 3990 appellant)
851 3919 1088 3974 mirabili
1119 3920 1376 3990 quadam,
1420 3935 1667 3990 novaque
1702 3936 1766 3974 ac
1797 3921 1937 3974 inso-

367 4015 464 4069 lita
497 4013 706 4068 ratione
735 4013 787 4066 in
825 4011 1060 4082 Virginis
1089 4021 1244 4067 utero
1285 4021 1576 4082 conceptus
1605 4010 1726 4065 fuit.
1757 4009 1940 4066 Jesum

371 4120 536 4176 porro
555 4107 838 4159 confessus
861 4105 1031 4159 nostri
1050 4118 1212 4160 causa
1234 4103 1434 4159 factum
1459 4104 1753 4167 hominem,
1780 4104 1945 4157 haud-

374 4211 644 4266 quaquam
682 4195 794 4250 illic
825 4211 1134 4251 sermonem
1167 4195 1477 4252 terminavit
1505 4213 1518 4248 :
1548 4196 1678 4265 quin
1701 4197 1809 4249 imo
1835 4195 1945 4265 spi-

373 4287 518 4343 ritali
553 4287 694 4342 scala
743 4286 910 4342 Jacoh
957 4289 1011 4340 in
1060 4286 1257 4342 caelum
1303 4287 1695 4350 conscendens,
1745 4287 1946 4355 Deique

380 4379 636 4444 Verbum,
663 4381 806 4448 quod
831 4388 952 4434 erat
980 4381 1032 4434 in
1063 4379 1350 4449 principio,
1374 4377 1790 4446 contemplatus,
1823 4391 1947 4446 pro-

2007 1897 2152 1948 ἐστὶν
2180 1898 2208 1948 ὁ
2234 1897 2290 1948 ἐν
2323 1897 2464 1968 ἀρχῇ
2494 1897 2664 1965 Λόγος
2697 1896 2771 1951 ὢν
2811 1899 2918 1962 ἀεὶ,
2959 1899 3052 1950 καὶ
3081 1899 3217 1971 πρὸς
3243 1898 3331 1951 τὸν
3358 1898 3595 1967 Πατέρα

2007 1985 2100 2052 ὢν,
2133 1988 2227 2040 καὶ
2277 1987 2408 2049 Θεὸς
2460 1988 2560 2052 ὢν,
2608 1987 2789 2052 καθὼς
2837 1990 2982 2059 ἡμᾶς
3029 1991 3058 2042 6
3109 1988 3282 2059 μέγας
3330 1988 3594 2056 θεολόγος

2023 2079 2271 2149 Ἰωάννης
2299 2078 2782 2151 ὲμυσταγώγησεν,
2799 2075 2908 2134 οἷον
2941 2082 3175 2149 σπογγιά
3193 2098 3274 2144 τις
3299 2079 3375 2149 τῷ
3394 2079 3596 2150 στήθει

2009 2168 2105 2222 τοῦ
2132 2169 2468 2239 Μονογενοῦς
2495 2171 2917 2241 παρακείμενος,
2946 2171 3197 2224 κάκεῖθεν
3228 2170 3458 2233 ἑλκύσας
3483 2170 3597 2240 τῆς

2012 2261 2400 2332 κεκρυμμένης
2429 2262 2621 2330 σοφίας
2654 2262 2751 2333 τὴν
2795 2261 3026 2331 γνῶσιν·
3060 2261 3245 2332 ἕτερον
3280 2261 3355 2328 δέ,
3393 2261 3455 2313 τὸ
3482 2260 3598 2330 τῆς

2013 2352 2341 2422 οἰκονομίας,
2389 2355 2455 2423 ἣν
2503 2352 2705 2422 ἀγαθὸς
2760 2355 2788 2405 6
2825 2352 2954 2415 Θεὸς
2999 2353 3134 2422 πρὸς
3179 2351 3596 2420 συγκατάϐασιν

2014 2437 2114 2507 τῆς
2144 2438 2427 2502 ἀσθενείας
2456 2439 2612 2510 ήμῶν
2639 2439 2979 2504 κατεδέξατο.
3016 2441 3198 2506 ’Ἄξιον
3238 2441 3414 2493 τοίνυν
3450 2441 3598 2492 θεω-

2021 2529 2182 2601 ρῆσαι
2221 2529 2316 2600 τὴν
2351 2531 2662 2598 ἀπόκρισιν,
2700 2532 2846 2595 ὅπως
2881 2533 2938 2584 ἐν
2973 2530 3304 2603 βραχυλογία
3341 2530 3435 2583 καὶ
3473 2529 3597 2581 όλιο

2018 2623 2398 2694 γόρημοσύνῃ,
2439 2624 2655 2677 πάντων
2721 2623 2964 2696 ἀκριϐῶς
3026 2627 3082 2677 ἐν
3117 2623 3282 2694 ὀλίγῳ
3327 2622 3424 2692 τὴν
3472 2619 3603 2675 διά-

2021 2733 2170 2770 νοιαν
2211 2717 2612 2788 παρεδήλωσεν,
2654 2715 2957 2786 ἀρξάμενος
2999 2716 3105 2768 ἀπὸ
3139 2715 3246 2768 τῶν
3289 2715 3456 2776 κάτω,
3497 2715 3607 2766 καὶ

2023 2811 2158 2883 πρὸς
2205 2809 2274 2862 τὰ
2331 2808 2508 2880 ὑψηλά
2558 2808 2699 2863 κατὰ
2759 2808 2920 2878 μέρος
2981 2807 3272 2876 ἀναγαγὼν
3328 2806 3426 2877 τὴν
3474 2806 3606 2859 διά-

2023 2924 2192 2963 νοιαν.

2098 3001 2181 3054 Σὺ
2220 2995 2279 3052 εἷ
2303 3002 2334 3053 ὀ
2367 2999 2639 3066 Χριστός.
2675 2995 2848 3049 Τοῦτο
2877 2997 2971 3066 τῆς
2999 2997 3310 3066 οἰκονομίας
3341 2993 3608 3064 δήλωσις,

2030 3094 2126 3147 καὶ
2178 3093 2277 3162 τῆς
2327 3092 2592 3160 ἐνσὰρκου
2665 3087 2981 3156 θεοφανείας
3051 3087 3330 3158 ἐξήγησις.
3370 3084 3429 3137 ’0
3491 3084 3610 3156 γὰρ

2032 3181 2311 3257 [Χριστὸς]
2344 3183 2444 3235 οὐκ
2471 3181 2616 3233 ἐστιν
2641 3179 2810 3250 ὄνομα
2835 3178 2929 3231 τοῦ
2961 3177 3310 3248 προαιωνίου,
3344 3173 3480 3228 ἀλλὰ
3506 3174 3616 3243 τῆς

2031 3280 2139 3332 τῶν
2186 3276 2488 3349 χριομένων
2551 3275 2772 3345 χάριτος
2834 3274 3074 3344 μήνυμα.
3123 3269 3213 3322 Διὸ
3265 3269 3359 3322 καὶ
3402 3266 3619 3336 Κύριος

2035 3371 2189 3442 ἡμῶν
2233 3367 2664 3437 καταδεξάμενος
2698 3364 2833 3427 ὅλως
2879 3363 2941 3416 τὸ
2985 3361 3268 3432 ἄνθρωπος
3322 3355 3619 3441 γενέσθαι,

2040 3468 2133 3518 καὶ
2163 3467 2230 3518 τὰ
2257 3463 2390 3518 ἄλλα
2423 3460 2602 3514 πάντα
2645 3460 2748 3512 ὅσα
2781 3456 3070 3528 στρέφεται
3107 3452 3233 3524 περὶ
3270 3452 3370 3521 τὴν
3403 3449 3617 3519 σάρκα,

2041 3551 2500 3622 συγκαταδέχεται
2541 3550 2635 3602 καὶ
2681 3548 2922 3601 καλεῖται
2956 3547 3000 3577 ⁹⁵
3044 3541 3289 3616 χρισθεὶς
3328 3542 3406 3604 είς
3455 3539 3619 3608 βασι-

2039 3649 2157 3714 λέα,
2184 3647 2246 3700 οὐ
2276 3645 2351 3716 τῷ
2379 3644 2540 3714 ἐλαίῳ
2565 3642 2658 3695 τοῦ
2688 3642 2936 3711 κέρατος,
2974 3637 3049 3700 ὡς
3084 3634 3354 3706 Σαμουὴλ,
3394 3634 3488 3685 καὶ
3513 3634 3625 3683 Δα-

2043 3738 2147 3803 6ὶδ,
2177 3737 2270 3791 καὶ
2302 3737 2351 3789 οἱ
2382 3734 2614 3804 καθεξῆς
2654 3732 2948 3803 ἄνθρωποι,
2974 3729 3110 3782 ἀλλὰ
3137 3730 3204 3798 τῇ
3241 3725 3489 3796 ἐνεργείᾳ
3522 3720 3624 3776 τοῦ

2046 3815 2382 3900 Πνεύματος,
2415 3825 2536 3879 καθ’
2562 3824 2627 3893 ἢν
2657 3825 2750 3876 καὶ
2779 3824 2807 3875 6
2836 3819 3113 3891 Κυριακὸς
3160 3816 3446 3887 ἅνθρωπος
3504 3813 3627 3885 (0'6—

2045 3942 2122 3977 τω
2173 3922 2282 3993 γὰρ
2319 3922 2428 3984 τοῖς
2461 3918 2671 3980 πολλοῖς
2719 3915 2870 3985 φίλον
2918 3909 3349 3984 προσαγορεύειν
3379 3909 3470 3961 τὸν
3519 3907 3628 3977 Ἰη-

2050 4016 2196 4086 σοῦν)
2240 4011 2568 4084 θαυμαστῶς
2608 4008 2812 4080 ἐκυήθη
2842 4006 2935 4060 καὶ
2979 4003 3298 4075 παραδόξως
3338 4005 3395 4054 ἐν
3419 4003 3484 4071 τῇ
3518 4017 3628 4069 γα-

2052 4115 2173 4186 στρὶ
2209 4114 2310 4185 τῆς
2349 4111 2643 4182 Παρθένου.
2680 4106 3047 4178 Ὀμολογήσας
3080 4103 3138 4156 δὲ
3168 4102 3258 4155 τὸν
3293 4100 3500 4171 Ἰησοῦν
3533 4099 3628 4152 τὸν

2053 4207 2192 4278 ὑπὲρ
2223 4205 2379 4277 ἡμῶν
2414 4203 2702 4273 γενόμενον
2744 4198 3053 4270 ἄνθρωπον,
3087 4195 3186 4247 οὐκ
3217 4193 3410 4263 ἔστησε
3462 4191 3631 4260 μέχρι

2051 4297 2240 4352 τούτου
2267 4296 2451 4364 λόγον·
2480 4293 2616 4346 ἀλλά
2642 4291 2728 4345 διὰ
2753 4290 2850 4361 τῆς
2881 4288 3146 4358 κλίμακος
3177 4282 3270 4338 τοῦ
3307 4281 3500 4338 Ἰακὼϐ
3527 4283 3633 4350 τῆς

2054 4390 2252 4461 νοητῆς
2279 4388 2416 4458 πρὸς
2445 4386 2536 4440 τὸν
2566 4382 2796 4456 οὐρανὸν
2840 4379 3068 4443 ἀναὸἀς,
3099 4377 3195 4432 καὶ
3231 4376 3523 4445 γενόμενος
3569 4375 3634 4426 ἐν

375 4473 553 4541 priam
588 4472 664 4526 illi
699 4487 996 4540 veramque
1041 4471 1358 4540 dignitatem
1391 4468 1654 4538 adiungit,
1695 4467 1790 4522 Dei
1841 4468 1912 4520 vii

2058 4483 2260 4554 θεωρίᾳ
2288 4480 2382 4533 τοῦ
2413 4480 2470 4532 ἐν
2501 4478 2644 4548 ἀρχῇ
2677 4473 2810 4528 Θεοῦ
2839 4472 3032 4542 Λόγου,
3078 4467 3432 4542 προστίθησιν
3480 4464 3636 4534 αὐτῷ

376 4570 575 4624 Filium
601 4568 897 4639 appellans.
933 4568 1202 4622 Accurate
1233 4579 1364 4622 vero
1395 4564 1503 4630 hic,
1539 4578 1603 4618 ac
1633 4577 1737 4617 non
1766 4561 1904 4616 alius
1931 4578 1944 4616 :

379 4665 536 4732 isque
565 4663 682 4732 ipse
711 4671 913 4716 rectam
947 4660 1190 4729 nihilque
1226 4658 1469 4728 perversi
1504 4657 1792 4711 habentem
1826 4654 1948 4709 ﬁdei

2049 4574 2111 4629 τὸ
2147 4572 2424 4642 ἐξαίρετον
2468 4567 2561 4620 καὶ
2606 4565 2857 4637 ἀληθινὸν
2908 4561 3144 4634 ἀξίωμα,
3194 4561 3322 4614 Υἱὸν
3367 4558 3462 4612 τοῦ
3492 4557 3635 4611 Θεοῦ

2052 4658 2498 4736 προσαγορεύσας
2539 4657 2633 4711 τοῦ
2677 4656 2898 4722 ζῶντος.
2942 4654 3210 4728 Ἀκριόὦς
3244 4653 3302 4707 δὲ
3341 4646 3491 4714 οὗτος
3536 4650 3638 4703 καὶ

381 4754 664 4811 confessus
690 4753 955 4824 regulam,
985 4750 1299 4820 cunctisque
1328 4749 1482 4803 nobis
1512 4747 1806 4802 inviolabili
1838 4747 1912 4816 leg

2051 4757 2149 4827 οὐχ
2177 4754 2392 4822 ἕτερος·
2429 4750 2588 4813 αὐτός
2635 4765 2694 4802 τε
2734 4747 3072 4818 ὁμολογήσας
3104 4745 3196 4798 τὸν
3231 4743 3362 4813 εὐθῆ
3397 4741 3487 4794 τὸν
3516 4740 3638 4792 διὰ-

383 4849 604 4904 tradens
634 4849 854 4918 pietatis
870 4859 1202 4910 sermonem,
1228 4844 1370 4898 haud
1399 4843 1688 4897 indonatus
1713 4841 1863 4905 abiit,
1890 4856 1912 4892 a

2055 4863 2285 4919 στρόφον
2313 4845 2360 4878 ⁸⁸
2388 4843 2588 4898 κανόνα
2615 4842 2714 4912 τῆς
2740 4841 2998 4906 πίστεως,
3031 4837 3126 4891 καὶ
3170 4837 3336 4889 πᾶσιν
3365 4835 3494 4904 ἡμῖν
3524 4849 3634 4884 πα-

383 4948 503 4997 sine
532 4941 753 5011 pr:emio
785 4958 798 4993 :
832 4940 960 5008 quin
995 4937 1180 5004 potius
1212 4936 1280 4989 ab
1306 4949 1372 4989 eo
1395 4935 1586 4989 beatus
1617 4944 1912 5001 nuncupata

2060 4941 2252 5013 ραδοὺς
2280 4938 2370 4990 τὸν
2409 4937 2508 5006 τῆς
2541 4934 2822 4996 εὐσεὸείας
2851 4931 3030 5000 λόγον,
3061 4927 3416 5001 ἀπαράϐατον
3447 4925 3637 4994 νόμον,

383 5037 474 5106 qui
509 5034 709 5091 eximie
734 5035 924 5087 beatus
949 5040 1050 5093 est,
1085 5028 1206 5082 lidci
1239 5036 1388 5098 petra
1420 5025 1739 5096 appellatur,
1768 5024 1912 5077 lund:

2059 5033 2159 5086 οὐκ
2195 5030 2426 5102 ἄμισθος
2459 5027 2691 5099 ἀπῆλθε,
2735 5025 2857 5079 οὐδέ
2900 5023 3240 5094 ἀγέραστος·
3276 5018 3546 5090 μακάριος
3575 5015 3636 5068 δὲ

388 5136 739 5196 mentumque
763 5139 832 5179 ac
862 5123 1007 5178 basis
1039 5121 1133 5176 Dei
1166 5121 1440 5175 Ecclesiae.
1471 5119 1684 5188 Accipit
1717 5133 1844 5171 vero
1868 5135 1912 5185 Ill

2059 5124 2380 5194 ὀνομασθείς
2426 5121 2578 5193 παρά
2620 5119 2715 5173 τοῦ
2763 5119 2931 5181 ὅντως
2966 5113 3258 5187 μακαρίου,
3309 5110 3486 5179 πέτρα
3536 5126 3640 5161 καε-

387 5219 806 5289 promissionem
838 5216 1023 5271 claves
1069 5215 1242 5285 regni,
1280 5213 1504 5283 ejusque
1545 5222 1822 5281 portarum
1859 5208 1912 5265 el

2063 5217 2235 5270 λεῖται
2275 5216 2373 5284 τῆς
2425 5214 2694 5275 πίστεως,
2746 5212 2841 5264 καὶ
2891 5208 3166 5279 θεμέλιος,
3211 5205 3306 5258 καὶ
3354 5200 3641 5272 ύποδάθρα

387 5313 530 5368 citur
575 5311 848 5374 dominus,
895 5324 954 5364 ιιι
997 5313 1208 5379 aperiat
1249 5310 1445 5379 quibus
1472 5308 1720 5372 voluerit,
1751 5307 1906 5360 claud

2065 5309 2162 5378 τῆς
2217 5307 2357 5360 κατά
2399 5306 2530 5358 Θεὸν
2575 5302 2924 5373 Ἐκκλησίας.
2967 5299 3249 5370 Λαμὸἀνει
3294 5295 3353 5349 δὲ
3404 5294 3492 5348 διὰ
3539 5293 3642 5362 τῆς

388 5418 520 5458 vero
549 5402 748 5472 quibus
771 5400 894 5468 iure
921 5402 1232 5456 claudenda:
1270 5404 1376 5456 sint
1400 5418 1414 5466 ;
1446 5403 1604 5468 plane
1631 5416 1758 5454 vero
1791 5399 1912 5468 pollt

2066 5401 2411 5471 ὑποσχέσεως
2449 5399 2548 5467 τῆς
2599 5395 2873 5467 βασιλείας
2920 5393 3019 5456 τὰς
3066 5391 3250 5455 κλεῖς,
3302 5389 3398 5442 καὶ
3451 5385 3643 5458 κύριος

393 5491 463 5545 tis
492 5505 555 5544 ac
586 5489 848 5560 profanis,
896 5505 957 5544 ac
1003 5505 1122 5543 eam
1171 5491 1489 5559 negantibus
1535 5489 1912 5545 confessionem

2068 5479 2280 5563 γίνεται
2306 5493 2414 5547 τῶν
2447 5491 2660 5561 ἐκείνης
2697 5487 2899 5550 πυλῶν,
2934 5486 3073 5540 ὥστε
3108 5483 3278 5546 αὑτὰς
3322 5481 3644 5550 ἀπανοίγειν

463 5634 511 5668 ⁸⁵
536 5633 662 5704 Leg.
704 5633 1002 5688 καλεῖσθαι.
1083 5634 1124 5664 ’⁸
1166 5634 1291 5703 Leg.
1353 5634 1729 5704 ἀδιάστροφον.

468 5768 581 5841 (il)
638 5768 804 5826 Caute
861 5769 1132 5827 hominem
1187 5771 1522 5827 Dominicum
1566 5771 1829 5842 appellat,
1868 5770 1966 5844 huti
2008 5769 2170 5825 etiam
2205 5767 2390 5839 Grcg.,
2424 5774 2561 5823 orat.
2595 5765 2682 5820 51.
