3820 6322
93 347 171 403 ιιι
955 340 1241 398 HOMILIA
1281 338 1413 400 Vill.
1447 337 1526 398 ΙΝ
1564 340 1663 398 SS.

1772 339 1986 402 ETRUM
2020 342 2108 400 ET
2147 341 2456 401 PAULUM.

3223 341 3332 397 282

96 462 155 525 ιῖς
187 463 246 514 ἂν
277 460 482 523 ὲθέλοι,
509 461 603 512 καὶ
636 458 840 514 κλείειν
867 451 950 524 οἷς
985 460 1053 514 ἂν
1082 460 1293 515 δίκαιον
1317 457 1405 532 ἦν,
1437 461 1657 526 πάντως

1772 463 1915 534 cujus
1944 478 2074 534 ergo
2103 463 2240 533 ipse,
2276 471 2534 530 tanquam
2567 460 2786 516 sedulus
2819 475 3132 532 gnavusque
3161 461 3332 515 hono-

95 559 135 610 ει
165 558 264 618 τοῖς
307 553 586 626 βεϐήλοις,
618 554 714 607 καὶ
742 552 1003 622 ἀνιέροις,
1031 555 1128 607 καὶ
1162 557 1275 619 τοῖς
1305 555 1656 626 ἀρνουμένοις

97 650 171 701 τὴν
193 646 489 716 ὁμολογίαν
515 645 754 715 ἐκείνην,
780 645 850 698 δι’
877 645 946 715 ἢν
969 645 1154 710 αὐτὸς,
1181 645 1257 709 ὼς
1287 646 1519 718 ἀκριδὴς
1547 645 1656 699 τῶν

105 743 414 813 Ἐκκλησιῶν
441 743 490 775 ⁸⁷
525 743 751 812 ἀγαθῶν
786 741 994 814 φύλαξ,
1032 745 1342 798 ἐπιστατεῖν
1395 747 1514 809 ταῖς
1547 745 1658 797 ela-

96 837 208 898 όδοις
226 836 320 906 τῆς
345 834 629 904 βασιλείας
657 835 882 908 ἐτάχθη.
912 835 1091 898 Ὢ,τοῦ
1123 834 1289 905 ζόφου
1315 834 1410 889 καὶ
1438 834 1654 907 ἀχλύος,

97 927 291 998 ἦπολλὴ
321 927 556 998 κέχυται
583 927 690 998 πρὸ
723 925 833 980 τῶν
869 926 1233 1000 ἀνθρωπικῶν
1255 927 1570 999 ὀφθαλμῶν,
1589 927 1657 980 δι’

97 1021 147 1088 ἢν
173 1021 227 1072 ού
261 1019 558 1088 βλέπουσιν
589 1020 639 1072 οἱ
674 1018 942 1090 αἱρετικοὶ
977 1018 1088 1074 τῶν
1125 1018 1385 1090 Πατέρων
1413 1019 1481 1072 τὰ
1513 1019 1654 1090 ίχνη,

96 1112 189 1164 ο·ᾶᾶ
217 1111 459 1181 βαδίζειν
493 1111 732 1182 ἐκείνην,
764 1112 830 1184 ἢν
865 1111 1092 1183 ἔτριψαν
1120 1112 1229 1165 τῶν
1272 1110 1585 1166 ἀποστόλων
1611 1112 1658 1165 οί

97 1206 256 1266 πόδες-ί
310 1206 452 1258 Ἰδοὺ
501 1204 614 1275 γὰρ
663 1204 874 1277 Πέτρος
919 1206 947 1257 ὁ
995 1206 1116 1258 κατ’
1166 1203 1396 1274 ἐκλογὴν
1441 1205 1660 1274 γνήσιος

98 1296 167 1350 τοῦ
187 1296 420 1368 Χριστοῦ
449 1298 722 1370 μαθητὴς,
747 1298 775 1350 ὁ
804 1296 1082 1368 πανταχοῦ
1112 1297 1211 1369 τὴν
1235 1296 1459 1369 πρώτην
1482 1296 1660 1367 ψῆφον

97 1392 168 1442 καὶ
208 1390 313 1443 τῶν
350 1389 536 1460 τιμῶν
587 1390 681 1443 καὶ
717 1390 829 1444 τῶν
869 1391 1310 1463 κατορθωμάτων
1343 1390 1658 1460 δεξάμενος,

93 1483 115 1533 ὁ
142 1483 297 1552 μέγας
335 1485 552 1546 ἐκεῖνος
580 1485 608 1536 ὁ
640 1484 804 1545 πάνυ,
834 1476 893 1536 οὗ
927 1483 989 1536 τὸ
1032 1483 1188 1546 κλέος
1235 1483 1418 1536 πᾶσαν
1459 1483 1557 1553 τὴν
1586 1482 1663 1533 ol-

95 1577 333 1646 κουμένην
387 1575 736 1646 ἐπλήρωσεν,
785 1575 1096 1639 κελευσθεὶς
1149 1575 1342 1637 εἰπεῖν,
1386 1574 1533 1636 ὅπως
1575 1571 1663 1626 δο-

96 1666 215 1729 ξάζει
248 1668 375 1737 περὶ
415 1667 514 1720 τοῦ
568 1667 704 1719 Θεοῦ
741 1668 833 1720 καὶ
879 1667 1132 1738 Σωτῆρος
1179 1666 1357 1738 ἡμῶν,
1404 1666 1504 1718 οὐκ
1557 1663 1664 1718 ἀπὸ

96 1763 280 1830 μακρᾶς
319 1778 474 1824 τινος
519 1760 725 1832 ἧρξατο
772 1760 1069 1832 περινοίας,
1100 1760 1220 1814 οὐδὲ
1250 1759 1449 1814 κύκλον
1487 1758 1666 1812 συλλο-

1764 570 1880 608 rutn
1908 553 2166 610 Ecclesia:
2207 564 2412 621 custos,
2444 555 2595 624 regni
2626 555 2783 609 ostiis
2811 556 3098 624 praefectus
3124 554 3242 606 fuit.
3287 553 3336 610 0

1758 644 2009 701 nebulam
2037 661 2100 700 ac
2130 645 2416 715 caliginem
2440 643 2586 698 illam
2616 645 2902 714 plurimam
2925 645 3173 699 humanis
3195 644 3334 698 oliu-

1759 752 1875 793 sam
1901 737 2096 800 oculis,
2121 752 2227 808 qua
2252 737 2610 807 prohibentur
2637 737 2877 792 haeretici
2904 735 3124 790 Patrum
3151 737 3336 790 videre

1759 830 2016 900 vestigia;
2063 844 2125 884 ac
2170 844 2332 900 quam
2369 829 2732 899 apostolorum
2773 831 2935 900 pedes
2978 831 3118 884 viam
3171 829 3337 883 trive-

1760 933 1905 989 runt,
1934 921 2204 978 incedere!
2234 923 2370 977 Ecce
2395 937 2629 992 namque
2650 923 2845 976 eximia
2867 923 3098 992 quadam
3123 923 3336 976 ratione

1761 1017 2010 1071 sincerus
2039 1016 2129 1070 ille
2155 1015 2358 1070 Christi
2385 1015 2680 1086 discipulus
2700 1014 2929 1080 Petrus;
2959 1014 3067 1081 ille,
3091 1015 3333 1084 inquam,

1761 1108 1998 1178 primum
2028 1107 2246 1178 ubique,
2283 1115 2395 1160 tum
2424 1107 2565 1176 quod
2598 1107 2666 1160 ad
2693 1106 2928 1160 honores
2957 1114 3186 1174 spectat,
3224 1114 3335 1158 tum

1761 1201 1903 1274 quod
1957 1202 2022 1255 ad
2082 1201 2277 1256 merita
2320 1200 2502 1255 ferens
2540 1198 2885 1271 suffragium,
2925 1198 3011 1252 ille
3048 1197 3336 1252 admodum

1765 1308 1994 1362 magnus
2016 1332 2030 1358 ,
2061 1293 2213 1363 cujus
2251 1293 2415 1347 decus
2449 1291 2760 1346 universum
2794 1290 3033 1360 implevit
3067 1298 3334 1343 terrarum
3430 1296 3435 1302 '

1761 1387 1950 1442 orbem
1976 1429 1990 1453 ,
2022 1386 2208 1456 jussus
2236 1385 2451 1440 edicere
2479 1393 2537 1438 ut
2565 1385 2631 1438 de
2666 1382 2775 1436 Deo
2807 1399 2870 1437 ac
2897 1383 3177 1437 Salvatore
3208 1397 3330 1435 sen-

1767 1478 1882 1543 tiat,
1919 1493 2021 1531 non
2047 1493 2075 1530 a
2108 1477 2250 1547 longi
2281 1475 2560 1547 cujusdam
2586 1474 2880 1529 commenti
2902 1474 3118 1528 vafritie
3140 1473 3332 1542 erepit,

1767 1586 1867 1624 nec
1906 1569 2342 1641 syllogismorum
2385 1583 2675 1636 rerumque
2707 1567 2914 1622 circulo
2952 1567 3180 1622 vallatus
3212 1581 3336 1637 per-

1765 1666 2005 1719 contanti
2041 1664 2346 1735 respondit,
2383 1667 2458 1719 uti
2495 1681 2636 1720 nunc
2671 1664 2914 1720 solemne
2960 1664 3160 1719 habent
3217 1678 3340 1732 gra-

1767 1773 1862 1814 ves
1893 1758 1966 1815 illi
1995 1759 2263 1824 rhetores,
2293 1759 2455 1827 inque
2482 1758 2659 1814 verbis
2688 1761 2898 1828 posiae,
2932 1758 3053 1813 fidei
3079 1757 3339 1820 artiﬁces,

93 1853 274 1921 γιςμὼν
324 1854 426 1905 καὶ
482 1853 832 1923 πραγμάτων
880 1852 1374 1923 περιόαλλὸμενος,
1430 1851 1662 1923 ἀπεκρί-

1772 1853 1859 1908 sed
1885 1851 2060 1913 ,corde
2094 1851 2350 1922 simplici,
2379 1852 2712 1907 succinctam
2741 1851 3024 1906 veritatem
3060 1851 3340 1920 exposuit;

94 1963 194 1997 νατο
221 1945 356 2016 πρὸς
390 1944 494 2014 τὴν
523 1943 741 2008 πεῦσιν,
773 1941 961 2014 ὥσπερ
991 1942 1054 2014 δὴ
1085 1942 1179 1996 νῦν
1205 1945 1375 1998 ποιεῖν
1409 1942 1662 1997 εἰώθασιν

91 2038 126 2086 cl
154 2035 305 2087 δεινοὶ
345 2035 613 2103 σοφισταὶ
647 2035 743 2087 καὶ
773 2033 1078 2105 τεχνολόγοι
1108 2033 1210 2105 τῆς
1242 2033 1510 2098 πίστεως·
1547 2033 1660 2087 ἀλλ’

92 2131 135 2178 ἐν
154 2129 411 2198 ἁπλότητι
440 2126 693 2199 καρδίας,
719 2126 980 2196 σύντομον
1005 2126 1220 2190 ἐξέθετο
1243 2128 1342 2198 τὴν
1370 2126 1629 2197 ἀλήθειαν
1645 2143 1658 2154 ⁸

91 2221 135 2270 οὐ
178 2219 262 2272 τὸν
315 2219 624 2288 ἀγέννητον
677 2216 986 2281 διαστείλας
1032 2217 1109 2288 τῷ
1160 2217 1436 2288 γεννητῷ,
1489 2218 1548 2271 ού
1595 2218 1663 2273 τὰ

93 2312 194 2380 περὶ
223 2310 415 2381 ὁμοίου
449 2310 547 2363 καὶ
586 2309 842 2380 ἀνομοίου
871 2308 1273 2380 λεπτολογήσας
1301 2309 1660 2382 ἐμπλήκτως,

90 2403 186 2456 οὐδὲ
215 2402 320 2456 τῶν
355 2403 505 2474 ὑπὲρ
547 2401 724 2455 πάντα
758 2399 956 2453 οὐσιῶν
987 2400 1522 2472 πολυπραγμονήσας
1550 2400 1666 2454 δια-

92 2496 254 2565 ςοράν,
283 2485 411 2547 οὐδὲ
444 2494 550 2564 τὴν
595 2492 906 2565 ἀμέτρητον
951 2490 1180 2562 θεότητα
1231 2493 1508 2563 μετρήσας
1541 2493 1665 2546 συλ-

92 2587 365 2656 λογισμοῖς,
407 2580 498 2639 οῗα
533 2584 597 2655 δὴ
641 2585 710 2637 τὰ
751 2583 956 2656 Ἀρείου
988 2585 1237 2652 παίγνια,
1270 2583 1364 2637 καὶ
1398 2584 1464 2637 τὰ
1498 2582 1664 2636 Εὐνο-

96 2675 193 2744 pinu
236 2678 761 2748 παρεγχειρὴματα.
809 2672 1151 2745 Ζηλώσωμεν
1199 2673 1400 2738 τοίνυν,
1442 2668 1487 2726 ὦ
1529 2675 1666 2745 Χρι-

94 2769 271 2823 ςτιανοὶ
303 2763 402 2839 (ὧν
445 2769 653 2830 πίστις,
691 2766 751 2818 ού
786 2765 1078 2835 πολυλογία
1111 2766 1172 2820 τὸ
1208 2765 1543 2836 γνώρισμα),
1573 2766 1665 2820 τὸν

95 2862 242 2926 ἁλιέα,
289 2863 384 2915 τὸν
437 2861 792 2932 ἀπερίεργον,
824 2859 916 2913 τὸν
950 2862 1014 2912 ὲκ
1041 2859 1346 2931 Βηθσαῖδᾶς
1371 2860 1626 2928 γένοντα⁶
1650 2901 1664 2925 ,

94 2956 138 3005 τὴ
163 2954 370 3025 πρῶτον
401 2955 662 3026 θηρευμα
691 2951 784 3006 τοῦ
821 2951 1082 3024 Χριστοῦ.
1128 2952 1536 3024 Μελετήσωμεν
1577 2951 1667 3004 λέ-

93 3062 214 3111 γειν·
247 3047 332 3098 Σὺ
361 3041 424 3100 εἴ
451 3049 486 3099 ό
523 3045 777 3113 Χριστὸς
809 3045 843 3097 ὀ
879 3043 1011 3108 Υἱὸς
1052 3042 1160 3096 τοῦ
1205 3042 1353 3096 Θεοῦ
1385 3042 1491 3096 τοῦ
1533 3041 1668 3103 ζῶν-

95 3154 208 3204 τοςσ
236 3138 304 3192 τὰ
333 3139 395 3192 δὲ
428 3137 658 3190 πλείονα
685 3137 893 3190 τούτων
923 3135 1144 3206 ἀφιέναι
1176 3138 1288 3201 τοῖς
1318 3135 1664 3208 λογομάχοις,

93 3223 153 3283 ὧν
174 3230 282 3300 ἔρις
309 3231 373 3283 τὸ
403 3229 588 3302 ἔργον,
621 3230 715 3282 καὶ¹
745 3229 806 3281 τὸ
836 3228 988 3292 τέλος
1019 3226 1282 3281 ἀπώλεια.

149 3319 286 3393 ’Ᾱρα
327 3318 426 3377 οὖν
463 3322 566 3393 μὲν
619 3323 781 3394 μέχρι
813 3321 920 3375 τῶν
966 3319 1267 3391 λεχθέντων
1309 3320 1523 3376 ἵσταται
1573 3322 1667 3376 τοῦ

92 3414 368 3468 ἀτωστόλου
424 3414 496 3467 τὰ
550 3413 841 3484 θαύματα;
907 3412 941 3482 ἢ
991 3413 1119 3466 ’πᾶν
1169 3414 1500 3480 τούναντίον,
1549 3414 1670 3467 οὐδὲ

92 3501 272 3577 ἦρχθαι
320 3507 619 3578 δοκοῦμεν,
669 3509 722 3560 εί
762 3524 844 3569 τις
890 3508 1002 3569 τοῖς
1049 3506 1362 3577 εἰρημένοις
1413 3525 1668 3580 παραμε-

93 3601 223 3671 τῳίη
251 3599 321 3653 τά
366 3600 650 3653 λείποντα.
689 3598 828 3652 Ἀλλ’
856 3596 966 3666 ἐγὼ
1007 3597 1078 3651 τά
1120 3597 1291 3651 πολλά
1320 3601 1385 3671 τῇ
1430 3599 1673 3672 ὑμετέρα

94 3691 267 3757 γνώσει
329 3691 651 3746 καταλιπὼν
704 3691 842 3764 (ῐστε
892 3690 1003 3764 γὰρ
1056 3691 1148 3744 τὸν
1199 3692 1407 3762 Πέτρον
1459 3693 1553 3746 καὶ
1603 3693 1672 3746 τὰ

93 3785 301 3850 ἐκείνου,
339 3784 447 3839 κᾶν
482 3785 674 3858 μηδεὶς
703 3786 946 3838 ἐπαινεῖν
985 3784 1076 3837 τὸν
1123 3784 1291 3857 ἀνδρα
1330 3784 1672 3858 προέληται),

96 3876 245 3948 μικρά
276 3879 409 3951 περὶ
435 3879 540 3949 τῆς
568 3876 930 3942 ἀναπαύσεως
962 3877 1127 3932 αὑτοῦ
1162 3880 1336 3932 εἰπεῖν
1373 3877 1655 3949 βούλομαι,

96 3969 173 4020 καὶ
193 3970 338 4033 ὅπως
370 3973 436 4023 ὲκ
471 3969 576 4041 τῆς
609 3969 714 4040 γῆς
742 3972 822 4034 εἰς
854 3971 945 4024 τὸν
979 3970 1208 4042 οὐρανὸν
1243 3969 1581 4043 μετῴκησεν,
1607 3971 1673 4024 ἵν’

94 4061 192 4114 ἐκεῖ
223 4062 317 4116 τοῦ
353 4063 540 4128 λέγειν
577 4062 892 4134 παύσωμαι,
922 4063 1051 4118 ἔνθα
1093 4065 1347 4128 κάκεῖνος
1393 4063 1485 4116 τὸν
1536 4064 1671 4135 βίον.

103 4153 152 4206 ὐ
184 4155 276 4225 μὲν
305 4152 402 4210 οὖν
435 4156 630 4227 Σωτὴρ
664 4155 827 4226 ἡμῶν
870 4155 1035 4227 ἡνίκα
1069 4155 1293 4228 ἔμελλεν
1323 4156 1572 4224 ἀγιάζειν
1599 4155 1676 4227 τῷ

94 4246 389 4320 αὐθαιρέτῳ
433 4247 655 4318 Θανάτῳ
675 4250 743 4310 ⁸⁸³,
783 4247 972 4322 ῶσπερ
1009 4249 1130 4303 τινὰ
1172 4248 1502 4320 παραθήκην
1533 4248 1677 4313 ἐξαί-

96 4356 252 4408 ρετον,
300 4343 405 4413 τὴν
465 4340 698 4395 καθόλου
753 4342 848 4394 καὶ⁸
897 4343 1281 4412 οἰκουμενικὴν
1307 4380 1322 4389 -η
1346 4341 1678 4414 Ἐκκλησίαν

95 4429 250 4501 τούτῳ
291 4432 372 4503 τῷ
419 4432 581 4502 ἀνδρὶ
628 4433 1021 4503 παρατίθεται,
1068 4433 1252 4504 τρίτον
1297 4431 1462 4487 αὐτοῦ
1513 4431 1679 4486 πυθὸ⁴

99 4539 238 4590 μενος
277 4525 363 4592 τὸ,
395 4524 603 4589 Φιλεῖς
643 4540 751 4594 με;
799 4526 886 4589 Ὡς
915 4525 972 4578 δὲ
1018 4527 1140 4588 ταῖς
1185 4525 1486 4595 ἐρωτήσεσι
1535 4525 1678 4596 μάλα
1709 4559 1754 4614 D

99 4615 376 4688 προθύμως
413 4618 740 4689 ἰσαρίθμους
778 4619 877 4683 τὰς
910 4617 1204 4688 ὁμολογίας
1247 4617 1530 4690 προέθετο,
1563 4617 1681 4670 έλα-

99 4705 178 4758 ὃεν
209 4709 299 4762 τὸν
342 4711 554 4781 κόσμον
585 4712 667 4774 είς
697 4709 1037 4780 ἐπιμέλειαν,
1080 4710 1156 4773 ὡς
1207 4710 1334 4780 μίαν
1367 4708 1567 4780 ἀγέλην
1599 4705 1680 4774 εἷς

103 4800 289 4871 ποιμὴν
311 4842 326 4865 ,
357 4801 632 4865 ἀκούσας’
668 4803 868 4856 Βόσκε
901 4801 976 4857 τὰ
1008 4803 1188 4870 ἀρνία
1224 4819 1346 4872 μου
1365 4819 1381 4834 ·
1413 4803 1506 4856 καὶ
1550 4819 1677 4874 σχε-

97 4889 175 4941 δὸν
211 4891 327 4946 ἀνθ’
357 4892 556 4946 ἑαυτοῦ
605 4893 696 4946 τὸν
745 4893 1068 4947 πιστότατον
1119 4893 1367 4966 μαθητὴν
1402 4893 1604 4948 ἔδωκεν
1649 4894 1678 4946 ὁ

99 4980 283 5054 Κύριος
331 4986 448 5049 τοῖς
487 4985 849 5056 προσηλύτοις
903 4985 1144 5056 πατέρα,
1195 4986 1291 5040 καὶ
1343 4986 1533 5058 νομέα,
1580 4987 1678 5039 καὶ

102 5076 403 5146 παιδευτήν.
449 5077 670 5148 Ταύτης
699 5077 877 5131 τοίνυν
918 5076 1159 5140 ἀκούσας
1200 5078 1298 5147 τῆς
1333 5077 1541 5149 φωνῆς,
1571 5077 1674 5131 οὐκ

99 5167 148 5218 ἐν
177 5171 416 5243 ῥᾳθυμία
443 5173 536 5224 τὸν
581 5171 695 5243 βίον
731 5170 944 5243 ἔζησεν,
984 5171 1107 5224 οὐδὲ
1154 5172 1408 5242 ἠγάπησε
1441 5173 1538 5244 τὴν
1574 5172 1679 5239 ἔξω

101 5259 346 5316 κινδύνων
388 5263 570 5333 ζωήν
604 5262 745 5316 ἀλλά
781 5263 964 5316 πᾶσαν
1006 5264 1105 5334 τὴν
1151 5264 1478 5335 οἰκουμένην
1519 5281 1676 5338 περι-

102 5351 310 5416 νοστῶν,
354 5353 447 5406 τὸν
501 5352 740 5424 Χριστὸν
785 5354 897 5415 τοῖς
942 5350 1344 5421 τυφλώττουσιν
1399 5351 1678 5404 ἀπεκάλυ-

107 5456 242 5505 πτεν,
280 5445 408 5508 τοὺς
445 5444 548 5516 μὲν
594 5442 984 5514 πλανωμένους
1029 5443 1262 5512 ὁδηγῶν,
1304 5443 1431 5505 τοὺς
1459 5441 1515 5494 δὲ
1550 5459 1676 5510 γευ-

108 5535 356 5603 ειμένους
374 5537 472 5607 τῆς
505 5535 792 5599 εὐσεϐείας
817 5536 863 5568 ⁹⁹
883 5552 896 5566 ⁸
928 5537 1043 5599 τοῖς
1079 5535 1294 5608 ἐχθροῖς
1334 5535 1637 5606 μαχόμενος
1656 5579 1671 5603 ,

1771 1948 2193 2016 haudquaquam
2263 1946 2561 2016 ingenitum
2612 1955 2800 2000 contra
2855 1945 3096 2014 genitum
3149 1943 3342 1998 distin-

1766 2049 1939 2108 guens
1969 2057 1984 2093 :
2017 2039 2084 2093 de
2109 2039 2197 2103 iis,
2233 2052 2355 2106 quae
2381 2037 2448 2091 ad
2477 2037 2654 2090 simile
2689 2052 2752 2091 ac
2783 2036 3045 2092 dissimile
3075 2045 3342 2106 spectant,

1765 2129 2132 2200 nequidquam
2172 2139 2352 2184 emota
2390 2139 2572 2184 mente
2624 2127 2813 2184 frivola
2867 2129 3149 2198 disputans
3184 2147 3198 2183 :
3247 2144 3347 2184 nec

1765 2236 1897 2277 vero
1936 2221 2393 2287 substantiarum,
2432 2236 2552 2290 quae
2591 2221 2772 2276 omnia
2813 2231 3110 2291 superant,
3153 2221 3346 2277 distiu-

1769 2311 2008 2367 etionem
2032 2311 2301 2367 curiosius
2327 2311 2633 2382 indagans;
2662 2326 2760 2368 nec
2781 2314 2992 2367 demum
3025 2313 3346 2368 immensam

1767 2402 2020 2458 deitatem
2055 2402 2382 2472 syllogismis
2429 2405 2700 2468 metiens,
2751 2403 2927 2472 qualia
2981 2404 3182 2458 habent
3229 2405 3346 2460 Arii

1767 2496 2001 2563 ludicra,
2038 2496 2398 2568 Eunomiique
2442 2513 2606 2568 prava
2649 2499 2954 2553 conamina.
3005 2497 3349 2554 Emulemur

1767 2591 1970 2660 itaque,
2002 2588 2352 2645 oChristiani
2398 2589 2662 2662 (quorum
2698 2590 2853 2656 ﬁdes,
2886 2602 3014 2646 nata
3061 2600 3144 2646 est
3172 2593 3345 2646 ac'in-

1767 2681 1940 2752 signe,
1976 2695 2082 2734 non
2119 2681 2404 2736 verborum
2438 2679 2758 2751 elﬂuentia),
2794 2683 3119 2751 piscatorem
3156 2681 3304 2735 illum
3327 2723 3343 2749 ,

1769 2771 1920 2825 illum
1960 2771 2298 2842 simplicem,
2344 2770 2494 2827 illum
2527 2771 2817 2828 Bethsaida
2861 2784 3082 2840 ortum,
3118 2773 3346 2842 primam

1770 2863 1918 2919 illam
1951 2864 2152 2919 Christi
2184 2867 2546 2921 venationem.
2576 2866 2902 2921 Studeamus
2929 2867 3110 2921 dicere
3137 2883 3150 2920 :
3188 2863 3266 2919 Tu
3294 2881 3348 2918 es

1775 2957 2020 3012 Christus
2063 2955 2238 3011 Filius
2277 2959 2372 3012 Dei
2411 2960 2550 3022 vivi;
2587 2959 2670 3013 his
2712 2968 2888 3012 autem
2927 2960 3116 3028 plura,
3159 2973 3350 3028 pugnae

1771 3049 2059 3104 verborum
2087 3051 2427 3106 studentibus
2451 3051 2762 3117 dimittere;
2789 3065 3020 3120 quorum
3038 3065 3193 3120 opus,
3220 3066 3351 3106 con-

1773 3141 1973 3209 tcutio;
2010 3143 2133 3197 linis
2164 3153 2366 3208 autem,
2399 3143 2668 3198 interitus.

1839 3326 2054 3398 Ergone
2082 3327 2362 3393 hactenus,
2400 3327 2560 3397 inque
2587 3328 2746 3384 dictis
2784 3328 2942 3383 linem
2971 3327 3176 3381 habent
3217 3341 3349 3396 apo-

1773 3421 1899 3476 stoli
1946 3420 2246 3474 miracula?
2281 3421 2409 3491 quin
2446 3421 2605 3490 plane
2641 3436 2816 3484 secus,
2848 3435 2915 3474 ne
2945 3420 3160 3489 quidem
3198 3420 3350 3472 vitle-

1774 3529 1899 3568 mur
1925 3513 2235 3580 inempissc,
2256 3523 2314 3568 ut
2333 3515 2454 3581 quis
2476 3528 2597 3568 cum
2626 3513 2808 3576 dictis,
2835 3528 2953 3580 qua:
2981 3509 3184 3580 reliqua
3205 3521 3350 3573 sunt,

1778 3615 2081 3674 comparet.
2104 3605 2217 3675 Ego
2241 3605 2591 3659 ttiltilOmintts
2612 3604 2868 3674 pleraque
2889 3613 3081 3658 vestra:
3112 3603 3354 3657 scientia:

1774 3698 2093 3767 permittens
2125 3698 2312 3767 (scitis
2358 3698 2499 3752 enim
2535 3697 2777 3762 Petrum,
2834 3711 2897 3750 ac
2945 3711 3033 3750 res
3066 3694 3233 3759 Petri,
3269 3706 3353 3748 ta-

1777 3790 1934 3844 metsi
1971 3805 2127 3844 nemo
2149 3789 2321 3843 virum
2355 3790 2576 3845 laudare
2622 3790 2673 3842 in
2716 3789 2957 3843 animum
3000 3783 3347 3855 induxerit),

1729 3949 1735 3960 Ι
1777 3894 1949 3950 pauca
1980 3882 2224 3950 quaedam
2259 3879 2380 3934 volo
2411 3881 2592 3934 dicere
2621 3881 2687 3934 dc
2723 3880 2840 3950 ejus
2885 3880 3096 3949 requie,
3127 3887 3292 3948 utque
3324 3893 3356 3934 e

1780 3981 1925 4025 terra
1960 3971 2012 4024 in
2048 3972 2244 4026 coelum
2280 3972 2632 4038 migraverit,
2670 3982 2727 4025 ut
2764 3971 2871 4026 illic
2908 3971 3103 4025 faciam
3141 3969 3354 4025 dicendi

1781 4062 1968 4129 liuent,
1999 4063 2089 4116 ubi
2123 4063 2210 4117 ille
2241 4064 2365 4117 vitae
2393 4064 2551 4117 linem
2584 4063 2814 4132 accepit.
2845 4063 2977 4118 Cum
3011 4078 3140 4134 ergo
3169 4063 3359 4118 Salva-

1783 4164 1889 4220 tor,
1927 4166 2122 4226 sponte
2153 4167 2430 4225 assumpta
2478 4168 2653 4211 morte
2698 4157 2992 4210 humanum
3024 4173 3195 4227 genus
3225 4172 3356 4210 san-

1778 4244 2114 4299 ctificaturus
2139 4257 2304 4312 esset,
2328 4261 2424 4300 ceu
2459 4247 2727 4316 peculiare
2749 4248 3021 4316 quoddam
3055 4247 3356 4318 depositum

1778 4351 1843 4390 ac
1886 4337 2188 4405 peculium,
2233 4338 2594 4393 universalem
2658 4354 2723 4393 ac
2769 4338 2902 4393 orbe
2952 4348 3064 4394 toto
3110 4339 3359 4394 diffusam

1778 4427 1897 4482 viro
1933 4427 2060 4484 huic
2097 4429 2445 4485 commendat
2493 4431 2817 4492 Ecclesiatn,
2854 4431 2943 4485 ubi
2979 4431 3140 4486 tertio
3191 4431 3360 4485 inter-

1783 4529 2050 4591 rogasset,
2083 4521 2236 4586 illud,
2274 4524 2435 4576 Amas
2481 4538 2562 4575 me
2590 4523 2642 4577 ‘?
2671 4523 2918 4592 Cumque
2949 4524 3013 4589 is,
3053 4523 3218 4578 multa
3246 4521 3361 4574 ala-

1782 4613 1980 4668 critate
2009 4613 2238 4684 singulis
2260 4614 2786 4685 interrogationibus
2813 4618 3032 4671 totidem
3063 4615 3358 4685 professio-

1777 4718 1877 4758 nes
1911 4703 2228 4772 adjecisset,
2267 4706 2454 4760 mundi
2497 4723 2684 4761 curam
2739 4708 2975 4775 accepit;
3011 4706 3156 4762 velut
3192 4721 3358 4761 unum

1777 4811 2020 4868 gregem,
2055 4813 2195 4853 unus
2227 4808 2460 4870 pastor;
2495 4800 2695 4869 quibus
2725 4801 2928 4855 audivit
2957 4818 2970 4854 :
3003 4798 3168 4853 Pasce
3192 4815 3358 4870 agnos

1775 4903 1916 4941 meo:
1933 4889 1954 4920 ³
1979 4904 1994 4954 ;
2029 4887 2248 4960 fereque
2270 4891 2350 4945 sui
2376 4893 2492 4946 loco
2516 4892 2664 4947 dedit
2688 4893 2945 4948 Dominus
2984 4892 3356 4948 ﬁdelissimum

1776 4976 2125 5048 discipulum,
2167 4979 2219 5033 in
2249 4992 2484 5050 patrem,
2512 4993 2895 5053 pastoremque
2924 4998 2987 5037 ac
3015 4984 3356 5053 magistrum,

1776 5069 1866 5135 iis,
1900 5071 1991 5140 qui
2023 5082 2207 5127 essent
2238 5075 2515 5129 accessuri
2543 5075 2609 5129 ad
2643 5076 2823 5130 fidem.
2855 5075 2989 5130 Cum
3028 5077 3210 5146 itaque
3235 5092 3358 5132 eam

1775 5177 1967 5217 vocem
1995 5164 2257 5231 audisset,
2289 5165 2704 5236 haudquaquam
2732 5168 2958 5238 segnitie
2981 5171 3144 5223 vitam
3176 5171 3384 5222 tradu--

1775 5253 2006 5306 cendam
2034 5254 2186 5307 duxit
2211 5269 2226 5319 ;
2259 5269 2360 5309 nec
2390 5255 2577 5310 dilexit
2603 5258 2786 5312 vivere
2814 5265 2969 5313 extra
2996 5258 3362 5330 periculorum

1778 5344 1950 5399 aleam
2002 5364 2017 5400 :
2067 5349 2194 5416 quin
2267 5349 2581 5404 universum
2644 5352 3069 5423 circumquaque
3125 5353 3363 5409 lustrans

1785 5448 2056 5491 terrarum
2083 5439 2292 5505 orbem,
2323 5441 2485 5496 caecis
2514 5442 2792 5499 Christum
2822 5446 3132 5514 revelabat;
3161 5447 3226 5502 iis
3255 5448 3361 5501 dux

1782 5529 2008 5587 elfectus
2039 5532 2129 5602 qui
2159 5534 2510 5604 cxerrabant,
2540 5551 2633 5593 eos
2658 5554 2960 5609 provocans
2986 5541 3078 5610 qui
3106 5541 3359 5610 pietatem

164 5739 204 5818 ξ’
245 5739 332 5792 lc.
373 5741 479 5792 τῶν
516 5738 732 5818 τῶνῃνςι
770 5737 1261 5818 ἐκκλησιαστικ-ῶν.
1335 5739 1567 5818 βέλείῇ
1600 5739 1665 5792 τδε

1772 5738 2036 5811 νθρωπον,
2064 5737 2143 5794 vel
2158 5739 2287 5808 quid
2314 5740 2508 5797 simile.
2588 5743 2631 5776 "
2673 5744 2858 5814 Suppl.
2897 5745 2982 5802 ίσ.
3015 5746 3357 5818 προτρέπον,

110 5808 180 5863 vel
200 5813 325 5879 quid
355 5811 549 5867 simile.
629 5810 645 5840 ¹
686 5807 841 5866 Joau.
867 5826 982 5874 nt,
1010 5808 1199 5865 15-17.
1278 5811 1296 5841 ²
1333 5808 1463 5864 ibid.
1501 5809 1586 5864 15.
