3820 6350
484 316 588 375 εδδ
1762 319 1820 382 s.
1861 324 2136 383 asremt
2171 324 2475 382 AMASENI
3630 322 3757 378 ess

484 442 825 505 gustassent,
862 436 1048 495 hostes
1084 439 1424 510 impugnans,
1466 441 1756 497 consolans
1795 443 2052 500 domesti—

2191 444 2278 507 οὺς
2309 441 2542 506 οἰκείους
2569 439 2924 512 παρακαλῶν,
2951 436 3204 509 διωγμῶν
3249 438 3594 511 ἀνεχόμενος,
3643 441 3757 509 φέ.

484 542 606 592 cos,
643 532 1050 596 persecutiones
1091 532 1390 595 sustinens,
1429 547 1710 589 carcerum
1751 537 2051 592 molestiam

2191 551 2264 588 ων
2291 531 2559 605 ἀχθηδόνα
2589 531 2997 603 δεσμωτηρίων.
3035 530 3386 603 πολυτρόπως
3410 530 3506 586 τοῦ
3552 534 3758 602 Etim;-

484 619 690 685 ferens,
709 620 896 676 multis
919 622 1092 677 modis
1111 621 1385 692 Evangelii
1403 640 1564 678 causa
1584 625 1820 693 pericula
1840 626 2049 681 adiens.

557 706 820 763 Processu
846 710 1043 765 deinde
1076 712 1355 780 temporis,
1392 713 1576 766 urbem
1606 714 1808 783 regiam
1841 724 2051 783 petens,

486 798 614 854 inde
657 802 723 853 ad
760 816 980 870 regnum
1028 802 1290 856 excurrit.
1338 801 1477 856 Nero
1506 803 1651 857 enim
1681 806 1732 858 in
1766 806 1899 858 iram
1930 820 2054 872 pro-

483 901 732 956 vocatus,
764 893 842 945 uti
874 892 1002 946 olim
1032 890 1275 946 Herodes
1306 894 1358 946 iu
1409 893 1715 959 Palaestina,
1745 910 1864 948 cum
1892 894 2051 949 Chri-

483 989 623 1036 stum
648 998 825 1052 regem
863 985 999 1053 magi
1027 987 1442 1048 annuntiareut;
1468 986 1588 1041 aliis
1610 987 1822 1055 quidem
1851 987 2052 1056 spretis

483 1073 871 1143 suppliciorum
918 1077 1225 1144 generibus,
1261 1076 1366 1130 lata
1411 1078 1679 1131 sententia
1718 1087 1801 1131 ter
1836 1080 2051 1132 heatuut

484 1166 787 1235 apostolum
835 1166 973 1238 alligi
1026 1169 1177 1222 cruci
1230 1170 1497 1231 decernit,
1532 1179 1591 1222 ut
1627 1170 1818 1224 nedum
1860 1169 2053 1225 Petrus

387 1278 391 1283 υ
484 1273 634 1313 mare
666 1258 919 1330 gradiens
957 1260 1241 1313 Dominum
1293 1260 1632 1324 imitaretur,
1670 1276 1853 1315 verum
1888 1261 2050 1314 etiam

486 1348 539 1403 in
590 1348 733 1417 ligno
769 1364 1077 1418 suspensus.
1117 1351 1400 1420 Tanquam
1454 1352 1800 1407 nihilominus
1834 1353 2052 1415 humilis

486 1440 834 1509 sapiensque,
868 1442 953 1496 vel
976 1442 1030 1495 in
1062 1442 1182 1511 ipso
1212 1444 1531 1498 certaminis
1554 1453 1792 1512 tempore
1816 1460 1881 1498 ac
1909 1445 2049 1498 lucta

486 1545 608 1584 cum
639 1531 831 1587 mortis
857 1546 1077 1601 pavore,
1110 1546 1447 1603 perspectum
1482 1536 1684 1590 habens
1708 1537 1835 1605 quid
1871 1536 2053 1590 Domi-

486 1637 614 1676 num
647 1622 787 1677 inter
818 1638 883 1679 ac
915 1639 1129 1678 servum
1168 1624 1481 1692 interesset,
1514 1642 1677 1680 unmn
1714 1628 1844 1697 quid
1878 1629 2048 1683 bene~

486 1712 592 1765 licii
620 1713 739 1767 loco
767 1713 834 1767 ab
858 1714 1105 1770 hostibus
1132 1716 1361 1787 rogavit,
1388 1731 1455 1771 ne
1482 1717 1692 1772 scilicet
1716 1718 1904 1772 eadem
1929 1734 2050 1786 cum

487 1804 715 1860 Domino
746 1807 911 1875 ligura
946 1805 1223 1877 aﬂigerent
1251 1809 1415 1878 ligno,
1447 1810 1541 1864 sed
1572 1825 1728 1866 verso
1762 1811 1826 1865 ad
1854 1820 2051 1867 terram
2084 1788 2128 1847 Β

487 1897 662 1966 capite
695 1898 1096 1967 cruciﬁgerent.
1137 1898 1291 1953 Haud
1327 1901 1526 1970 quippe
1565 1888 1840 1971 paf‘ﬁse,
1878 1891 1937 1957 ut
1969 1903 2053 1957 vel

488 1989 538 2042 in
574 1999 775 2056 morte,
818 1992 1049 2060 aequales
1079 1995 1220 2046 servi
1262 1992 1592 2065 Dominique
1637 2006 1815 2066 partes
1848 2008 2049 2052 essent.

489 2080 654 2146 Dixit,
684 2096 748 2136 ac
776 2080 884 2137 voti
920 2098 1143 2153 compos
1172 2084 1396 2141 ell‘ectus
1421 2098 1526 2153 est,
1557 2091 1841 2160 crucisque
1878 2076 2054 2145 medio

486 2174 553 2227 ad
582 2188 703 2227 eum
733 2174 887 2239 abiit,
922 2176 1011 2244 qui
1043 2178 1369 2242 cruciﬁxus,
1404 2182 1701 2236 resurrexit
1737 2202 1749 2235 :
1788 2184 1900 2253 ipse
1932 2186 2053 2252 qui-

488 2264 612 2318 dem
651 2264 895 2335 martyrii
941 2280 1141 2322 corona
1190 2269 1458 2335 donatus;
1517 2272 1671 2327 nobis
1721 2283 1899 2329 autem
1955 2276 2054 2329 ba-

486 2369 673 2410 rumce
705 2354 1063 2412 festivitatum
1094 2359 1288 2427 gaudia
1324 2360 1654 2432 relinquens.

554 2529 682 2588 Haec
710 2547 809 2588 nos
840 2547 1057 2603 quoque
1082 2534 1202 2601 tibi,
1228 2550 1262 2591 o
1290 2536 1515 2593 charum
1541 2554 1605 2595 ac
1629 2555 1841 2598 sacrum
1870 2551 2053 2612 caput,

484 2635 583 2690 pro
631 2634 815 2678 nostra
866 2624 1007 2678 virili
1062 2625 1320 2683 facultate
1375 2629 1663 2685 multarum
1702 2633 2055 2702 gratulatoria

485 2713 742 2768 virtutum
771 2725 1157 2786 gestorumque
1183 2719 1452 2776 reddenda
1482 2722 1789 2780 habuimus.
1820 2725 2056 2795 Tempus

486 2820 617 2862 vero
642 2817 750 2872 est,
781 2818 839 2862 ut
861 2811 927 2863 ad
952 2810 1184 2880 pugilem
1214 2812 1443 2868 alterunt
1493 2830 1796 2872 sermonem
1827 2834 2056 2874 conver-

490 2905 692 2965 tamus,
728 2898 795 2955 ad
827 2909 949 2966 tuae,
987 2901 1227 2971 inquam,
1264 2904 1480 2961 virtutis
1506 2909 1710 2963 socium
1739 2910 1885 2965 illum
1918 2910 2053 2965 Tar-

486 3003 699 3044 sensem
735 3008 748 3044 :
776 3006 921 3058 eum,
950 2995 1190 3062 inquam,
1237 2996 1327 3065 qui
1357 2998 1571 3053 diverso
1600 2999 1819 3069 quidem
1847 3002 2051 3072 suppli-

486 3082 558 3137 cii
586 3097 783 3154 genere
805 3122 820 3148 ,
862 3100 1047 3139 verum
1082 3101 1189 3141 uno
1220 3087 1516 3159 eodemque
1543 3091 1759 3161 pietatis
1790 3093 1919 3161 ﬁne,
1951 3110 2052 3150 una
2081 3131 2127 3189 α

488 3187 662 3235 tecum
689 3181 754 3235 ad
782 3181 1061 3236 Christum
1097 3183 1374 3251 profecms
1405 3195 1506 3241 est.

556 3269 755 3326 Paulus
778 3271 865 3326 ille
893 3272 1247 3340 admirabilis,
1272 3292 1473 3331 canora
1505 3278 1593 3331 illa
1617 3278 1890 3351 Evangelii
1910 3283 2056 3349 tuba,

491 3363 643 3431 prius
666 3365 882 3432 quidem
908 3364 1139 3420 acerbus
1170 3367 1602 3424 Christianorum
1626 3372 1823 3437 hostis,
1852 3384 2060 3444 postre-
2102 3362 2105 3365 ’

491 3466 637 3504 mum
672 3467 800 3506 vero
832 3452 1157 3508 fortissimus
1188 3455 1442 3513 Ecclesiae
1485 3472 1765 3529 patronus,
1802 3465 2059 3534 apostolis

424 3594 429 3599 .
488 3543 707 3612 quidem
751 3547 1026 3599 recentior
1058 3548 1243 3615 gratia:
1275 3560 1428 3618 partu
1457 3551 1657 3614 editus,
1692 3569 1756 3608 ac
1790 3556 2061 3622 posterior

490 3642 734 3704 tempore
759 3634 963 3690 Christi
990 3637 1269 3707 discipulis
1300 3655 1583 3709 accensus,
1620 3644 1759 3697 idem
1789 3644 2061 3699 nihilomi—

490 3740 592 3780 nus
625 3726 849 3794 prubata
888 3729 1109 3795 virtute,
1149 3740 1206 3785 ut
1233 3748 1300 3786 ne
1329 3732 1457 3801 quid
1493 3734 1725 3802 amplius
1759 3722 1958 3803 dicam,
1998 3753 2062 3791 ac

489 3815 771 3870 duodecim
827 3817 1040 3872 illorum
1090 3834 1257 3875 canos
1300 3822 1502 3890 pudore
1548 3822 1807 3891 alliciam,
1860 3824 2062 3895 Moysis

490 3905 737 3974 mqualis,
770 3908 1051 3963 aemulator
1080 3912 1314 3976 fervens,
1339 3923 1394 3966 ut
1426 3915 1548 3983 quis
1577 3914 1737 3983 alius,
1771 3916 1905 3987 legis
1932 3932 2060 3986 pro-

490 3999 876 4069 pugnaculum,
907 4001 1118 4058 Veteris
1147 4002 1479 4060 Testameuti
1513 4007 1676 4063 turris
1705 4007 1857 4062 llrma
1887 4023 1951 4063 ac
1983 4008 2064 4063 in-

493 4104 792 4157 concussa;
829 4092 1002 4148 donec
1037 4098 1262 4148 mutavit
1311 4096 1573 4162 animum,
1625 4097 1829 4168 grande
1871 4113 2060 4153 eorum

492 4181 794 4249 periculum
848 4184 942 4252 qui
993 4184 1269 4240 Christum
1319 4187 1694 4258 loquerentur;
1741 4198 2065 4258 nostrosque

494 4270 691 4340 ubique
739 4273 976 4327 terrebat
1030 4288 1095 4328 ac
1146 4274 1197 4328 in
1251 4274 1429 4345 fugam
1464 4276 1691 4345 agebat;
1735 4290 1862 4331 vere
1904 4275 2060 4345 juxta

493 4362 892 4431 prmdictionem
918 4362 1107 4428 Jacob,
1136 4363 1414 4435 Benjamin
1445 4366 1597 4435 lupus
1630 4383 1796 4436 rapax
1829 4367 1880 4434 ³,
1919 4366 2062 4436 opti-

2154 624 2336 693 γελίου
2367 622 2819 695 προκινδυνεύων,

2222 714 2430 785 Χρόνου
2457 713 2515 767 δὲ
2546 713 2843 785 προίόντος,
2880 711 2982 783 τὴν
3017 711 3398 783 βασιλεύουσαν
3430 711 3590 764 πόλιν
3626 711 3755 764 τῶν

2152 803 2452 876 ἀνθρώπων
2479 801 2681 867 λαϐὼν,
2707 801 2915 855 ἐκεῖθεν
2943 802 3036 856 ἐπὶ
3075 802 3173 874 τὴν
3203 801 3473 874 βασιλείαν
3497 802 3755 873 ἀνέδρα-

2157 912 2275 966 μεν.
2326 893 2762 967 Ἀναρῥιπισθεὶς
2817 894 2927 966 γάρ
2976 896 3005 947 ὁ
3047 894 3238 966 Νέρων
3286 896 3365 956 είς
3408 893 3603 964 ὀργὴν,
3666 893 3753 957 ὣς

2154 1005 2282 1042 ποτε
2314 988 2458 1042 κατὰ
2486 987 2583 1059 τὴν
2607 986 2970 1059 Παλαιστίνην
3002 987 3267 1059 Ἡρώδης,
3296 986 3458 1057 ἡνίκα
3498 984 3755 1055 βασιλέα

2152 1080 2243 1133 τὸν
2292 1080 2526 1150 Χριστὸν
2572 1080 2622 1131 οἱ
2664 1080 2827 1150 μάγοι
2877 1078 3214 1152 διήγγελλον,
3261 1078 3581 1151 ὑπερϐαίνει
3638 1078 3754 1148 μὲν

2151 1172 2278 1233 τοὺς
2314 1171 2505 1233 ἄλλους
2549 1170 2656 1223 τῶν
2697 1171 2970 1224 κολάσεων
3002 1172 3256 1241 τρόπους,
3285 1169 3507 1240 ψηφίζει
3539 1170 3599 1223 δὲ
3646 1169 3753 1221 τὸν

2151 1263 2548 1335 τρισμακάριον
2582 1261 2997 1333 προσηλωθῆναι
3033 1260 3268 1334 σταυρῷ,
3312 1261 3397 1314 ἵνα
3444 1262 3522 1332 μὴ
3568 1261 3752 1331 μόνον

2153 1353 2398 1417 πεζεύων
2429 1353 2702 1407 θάλασσαν
2736 1353 2942 1425 Πέτρος
2984 1353 3074 1407 τὸν
3118 1353 3392 1422 Δεσπότην
3441 1355 3746 1424 μιμεῖται,

2153 1448 2286 1501 ἀλλὰ
2319 1448 2412 1501 καὶ
2446 1448 2537 1501 ἐπὶ
2568 1446 2725 1514 ξύλου
2764 1446 3127 1518 κρεμάμενος.
3157 1448 3365 1518 Ὅμως,
3388 1446 3462 1510 ὡς
3491 1445 3751 1517 εὐλαϐὴς

2153 1536 2248 1600 καὶ
2264 1536 2423 1605 σοφὸς
2439 1537 2540 1589 κάν
2554 1536 2631 1607 τῷ
2660 1535 2836 1607 καιρῷ
2857 1537 2955 1606 τῆς
2972 1535 3229 1606 ἀγωνίας,
3247 1536 3420 1601 εἰδὼς,
3438 1536 3519 1602 τίς
3541 1537 3753 1605 διαιρο-

2155 1628 2225 1699 ρά
2249 1628 2452 1700 Κυρίου
2473 1627 2608 1699 πρὸς
2626 1626 2830 1692 δοῦλον,
2870 1626 2998 1698 μίαν
3027 1627 3195 1698 ⁴ᾔτησε
3215 1628 3366 1697 παρὰ
3377 1627 3484 1680 τῶν
3515 1627 3751 1698 ἐχθρῶν

2154 1722 2332 1793 χάριν,
2360 1722 2489 1794 μήτι
2516 1738 2579 1787 γε
2609 1723 2665 1774 ὲν
2695 1720 2863 1791 ὁμοίῳ
2897 1718 2975 1790 τῷ
3003 1722 3236 1792 σχήματι
3270 1719 3345 1791 τῷ
3375 1720 3516 1790 ξύλῳ
3562 1738 3753 1791 προσ-

2155 1813 2402 1881 αγαγεῖν,
2440 1810 2576 1864 ἀλλά
2610 1810 2707 1882 τὴν
2755 1810 2995 1881 κεφαλὴν
3027 1809 3103 1880 τῷ
3141 1809 3415 1881 προσγείῳ
3447 1808 3610 1880 μέρει
3644 1810 3749 1862 τοῦ

2157 1900 2392 1974 σταυροῦ
2450 1901 2931 1973 προσηλώσαντας.
2980 1900 3055 1953 Ub
3104 1899 3214 1972 γάρ
3278 1898 3446 1965 ἀξιον,
3493 1897 3626 1951 οὐδὲ
3690 1900 3751 1951 ὲν

2156 1993 2316 2049 πάθει
2349 1992 2455 2047 τῶν
2498 1995 2627 2048 ῐσων
2659 1994 2751 2047 τὸν
2782 1992 2964 2046 δοῦλον
2991 1990 3067 2063 τῷ
3104 1991 3347 2062 Δεσπότη
3386 1992 3591 2061 τυχεῖν.
3642 1985 3749 2044 Ei-

2155 2104 2275 2151 πεν,
2319 2087 2414 2141 καὶ
2458 2085 2649 2156 ἔτυχεν
2681 2078 2755 2139 ὧν
2802 2084 3073 2147 ἐϐούλετο,
3106 2084 3198 2137 καὶ
3229 2083 3316 2137 διὰ
3355 2082 3445 2136 τοῦ
3489 2081 3751 2155 σταυροῦ

2156 2179 2291 2250 πρὸς
2318 2179 2408 2232 τὸν
2452 2177 2834 2251 σταυρωθέντα
2872 2178 2965 2230 καί
3005 2176 3313 2230 ἀναστάντα
3341 2173 3606 2245 ἀπῆλθεν,
3644 2177 3752 2230 αὖ·

2153 2270 2245 2333 τὸς
2292 2270 2389 2341 μὲν
2436 2270 2525 2324 τὸν
2573 2267 2669 2321 τοῦ
2724 2268 3023 2340 μαρτυρίου
3076 2265 3481 2337 ἀναδησάμενος
3525 2265 3752 2336 στέφα-

2156 2380 2266 2427 νον,
2305 2364 2437 2433 ἡμῖν
2472 2361 2530 2415 δὲ
2557 2360 2763 2415 τούτων
2791 2360 2901 2415 τῶν
2938 2357 3139 2431 ἑορτῶν
3167 2354 3480 2412 καταλιπὼν
3527 2356 3637 2420 τὰς
3672 2359 3756 2411 αἱ·

2154 2456 2294 2518 τίας.
2815 2504 2820 2517 .

2227 2545 2413 2600 Ταῦτά
2464 2562 2544 2599 σοι
2576 2544 2670 2599 καὶ
2721 2545 2882 2615 ἡμεῖς
2924 2542 3066 2597 κατά
3108 2541 3355 2613 δύναμιν,
3388 2536 3434 2597 ὧ
3461 2540 3595 2612 φίλη
3648 2539 3755 2594 καὶ

2159 2639 2280 2711 ἱερά
2315 2637 2549 2708 κεφαλὴ,
2587 2636 2696 2691 τῶν
2730 2634 2937 2689 πολλῶν
2978 2634 3413 2706 κατορθωμάτων
3445 2633 3756 2688 ἀπεδώκα-

2159 2749 2259 2803 μεν
2301 2731 2661 2802 χαριστήρια·
2696 2727 2815 2800 ῶρα
2862 2725 2918 2779 δὲ
2964 2725 3174 2790 λοιπὸν,
3204 2725 3291 2778 ἐπ’
3329 2724 3483 2781 ἄλλον
3528 2725 3751 2793 ἀγωνι-

2158 2822 2287 2895 στήν
2314 2822 2511 2894 τρέψαι
2551 2821 2639 2873 τὸν
2667 2819 2842 2889 λόγον,
2868 2818 2959 2873 τὸν
2990 2819 3165 2872 κοινὸν
3190 2818 3213 2850 ’⁵
3239 2818 3337 2890 τῆς
3378 2815 3747 2888 σῆςΙάρετῆς,

2156 2913 2246 2967 τὸν
2276 2912 2512 2984 Ταρσέα,
2542 2911 2633 2965 τὸν
2662 2910 2898 2981 διαφόρῳ
2941 2910 3039 2980 μὲν
3077 2908 3259 2981 τρόπῳ
3292 2908 3389 2979 τῆς
3428 2908 3748 2977 τιμωρίας,

2157 3008 2237 3060 ἑνὶ
2261 3006 2316 3059 δὲ
2353 3003 2539 3074 σκοπῷ
2567 3003 2665 3073 τῆς
2702 3002 2979 3066 εὐσεϐείας
3019 3003 3157 3074 μετά
3198 3000 3291 3055 σοῦ
3332 2999 3468 3071 πρὸς
3494 3000 3751 3072 Χριστὸν

2156 3090 2517 3145 ἀναλύσαντα.

2230 3270 2442 3336 Παῦλος
2480 3271 2510 3325 ὁ
2538 3269 2842 3334 θεσπέσιος,
2867 3271 2901 3340 ή
2939 3267 3318 3340 μεγαλόφωνος
3344 3266 3437 3320 τοῦ
3481 3266 3750 3334 Εύαγγε-

2156 3367 2272 3421 λίου
2314 3364 2568 3433 σάλπιγξ,
2598 3366 2626 3418 ό
2660 3364 2921 3435 πρότερον
2952 3362 3050 3433 μὲν
3079 3362 3274 3433 πικρὸς
3298 3358 3569 3430 δυσμενὴς
3604 3358 3755 3431 Χρι-

2160 3457 2410 3523 στιανῶν,
2457 3455 2806 3527 ἰσχυρότατος
2848 3454 2904 3508 δὲ
2935 3454 3240 3507 τελευταῖον
3271 3452 3369 3522 τῆς
3408 3450 3753 3519 Ἐκκλησίας

2162 3552 2480 3622 συνήγορος,
2511 3546 2778 3619 νεώτερος
2825 3547 2923 3617 μὲν
2962 3545 3227 3616 ἐπετέχθη
3260 3547 3371 3607 τοῖς
3416 3542 3754 3607 ἀποστόλοις

2160 3640 2312 3712 παρὰ
2338 3640 2440 3710 τῆς
2477 3641 2731 3711 χάριτος*
2776 3638 2870 3691 καὶ
2912 3636 2992 3708 τῷ
3034 3638 3208 3709 χρόνῳ
3236 3635 3485 3706 δεύτερος
3522 3630 3592 3705 ἦν
3637 3634 3755 3689 τῶν

2163 3728 2418 3800 μαθητῶν
2455 3727 2549 3781 τοῦ
2579 3726 2837 3798 Χριστοῦ,
2871 3725 2984 3789 ἴσος
3014 3725 3068 3779 δὲ
3108 3725 3247 3778 κατά
3290 3725 3352 3777 τὸ
3391 3724 3618 3795 δόκιμον
3648 3725 3754 3794 τῆς

2162 3822 2383 3890 ἀρετῆς,
2418 3821 2505 3874 ἵνα
2534 3821 2698 3893 μηδὲν
2728 3821 2865 3873 εἴπω
2898 3819 3078 3884 πλέον,
3130 3818 3221 3889 τὴν
3256 3817 3451 3872 πολιὰν
3485 3818 3755 3891 ἐρυθριά-

2163 3927 2264 3975 σας
2297 3909 2406 3964 τῶν
2432 3908 2660 3976 δώδεκα,
2692 3908 2939 3980 ζηλωτὴς
2977 3906 3034 3960 δὲ
3076 3906 3276 3978 θερμὸς
3306 3904 3402 3958 τοῦ
3433 3906 3750 3972 Μωῦσέως,

2160 4001 2317 4074 εἴπερ
2355 4019 2439 4066 τις
2467 4002 2671 4072 ἕτερος,
2698 4003 2874 4070 τεῖχος
2917 3997 3003 4052 τοῦ
3032 3998 3217 4068 νόμου,
3255 3995 3465 4068 πύργος
3495 3996 3595 4066 τῆς
3629 3998 3751 4050 Παο

2160 4093 2318 4159 λαιᾶς
2360 4093 2635 4165 Διαθήκης
2667 4092 2935 4164 καρτερὸς
2968 4090 3062 4145 καὶ
3092 4088 3373 4151 ἀσειστος·
3407 4087 3501 4141 καὶ
3546 4087 3755 4158 μέχρις

2161 4182 2222 4241 οῦ
2271 4186 2371 4259 τὴν
2426 4184 2650 4258 γνώμην
2687 4184 3063 4255 ἀμετάϐλητον
3099 4177 3261 4252 εἶχεν,
3303 4180 3477 4252 μέγας
3523 4179 3750 4250 ὑπῆρχε

2163 4278 2405 4342 κίνδυνος
2449 4278 2556 4331 τῶν
2593 4278 2683 4331 τὸν
2715 4277 2946 4349 Χριστὸν
2978 4274 3299 4340 λαλούντων,
3329 4273 3420 4326 καὶ
3458 4271 3752 4340 πανταχοῦ

2163 4371 2397 4425 διεπτόει
2434 4373 2560 4435 τοὺς
2605 4370 2901 4442 ἡμετέρους
2933 4370 3028 4422 καὶ
3067 4366 3503 4437 ὲφυγάδευσεν⁶⁶·
3538 4365 3750 4428 ὅντως,

496 4468 612 4509 mos
643 4470 885 4524 quosque
929 4455 1064 4512 Novi
1115 4456 1447 4515 Tesmmenti
1490 4460 1806 4517 discernens
1859 4474 1922 4515 ac
1954 4459 2057 4541 dis-

2191 4462 2310 4517 ιατά
2345 4463 2447 4534 τὴν
2488 4460 2791 4534 πρόρρησιν
2823 4460 2918 4513 τοῦ
2960 4460 3173 4521 Ἰακὼϐ,
3209 4457 3511 4527 Βενιαμὴν
3547 4457 3753 4512 λύκος

495 4558 724 4618 pergens
749 4561 962 4618 greges.

560 4731 697 4797 Quia
714 4746 838 4787 vero
868 4733 1031 4786 etiam
1065 4733 1234 4787 sancti
1270 4733 1528 4803 Stephani
1556 4734 1790 4790 fabulam
1822 4736 2046 4803 luserat,

499 4826 778 4895 adhucque
810 4842 1003 4883 cruore
1034 4829 1248 4883 fmdatis
1294 4829 1540 4883 manibus
1585 4828 1905 4883 Damascum
1941 4834 2066 4897 per-

495 4921 688 4989 gebat,
743 4922 1278 4990 persecutionemque
1322 4920 1719 4988 persecutioni,
1777 4935 1841 4974 ac
1891 4921 2067 4976 caedes

495 5011 730 5067 caadibus
786 5020 1027 5078 nectere,
1090 5020 1365 5081 totumque
1423 5011 1681 5066 radicitus
1744 5010 2068 5067 Christiani-

497 5117 695 5168 smum,
731 5103 963 5172 primum
996 5102 1259 5158 hactenus
1294 5100 1574 5159 ﬂorentem
1606 5113 1806 5166 ortum,
1836 5102 2067 5159 evellere

500 5196 816 5265 satagebat;
858 5211 971 5250 rem
1009 5196 1147 5251 Deus
1190 5197 1357 5266 probe
1399 5196 1567 5262 vidit,
1604 5196 1857 5249 nimirum
1909 5195 2061 5259 fore,

499 5296 558 5342 ttt
587 5288 728 5342 acris
760 5288 928 5343 hostis
954 5304 1017 5343 ac
1038 5290 1263 5356 validus,
1293 5289 1539 5353 generosi
1567 5288 1802 5357 pectoris
1825 5303 1885 5343 ac
1913 5287 2068 5343 fortis

500 5381 664 5437 animi
708 5378 1011 5452 eﬂiceretur
1041 5383 1245 5438 amicus
1282 5402 1295 5437 :
1333 5383 1617 5451 subitoque
1653 5380 2069 5452 circumfulgens

498 5470 721 5537 lumine,
756 5447 1030 5539 percellit,
1062 5486 1123 5526 ac
1155 5473 1221 5526 ad
1261 5447 1614 5527 humilitatem
1645 5447 1965 5535 convertit:
1985 5473 2068 5526 in-

500 5573 661 5616 cusso
685 5559 899 5630 quidem
935 5560 1128 5617 timore
1157 5575 1187 5615 a
1218 5576 1381 5618 cursu
1412 5561 1700 5627 cohibens;
1730 5559 2067 5618 llammautes

579 5760 600 5795 ³
635 5762 770 5818 Gen.
797 5777 944 5823 χιιι.
970 5761 1057 5817 27.
1087 5758 1156 5797 -"
1198 5760 1617 5829 Legmowwvév.

2166 4552 2385 4622 ἅρπαξ,
2424 4552 2756 4624 σπαράσσων
2790 4553 2890 4623 τῆς
2924 4552 3069 4615 Νέας
3111 4550 3382 4622 Διαθήκης
3423 4550 3548 4611 τοὺς
3592 4548 3754 4621 ἀμεί-

2165 4662 2311 4709 νους,
2343 4645 2439 4699 καὶ
2476 4644 2785 4716 σκορπίζων
2812 4644 2881 4697 τά
2912 4645 3154 4714 ποίμνια.

2251 4735 2473 4807 Ἐπειδὴ
2513 4735 2570 4789 δὲ
2599 4735 2776 4789 καὶτὸ
2806 4735 2991 4807 δρᾶμα
3026 4734 3083 4787 τὸ
3125 4732 3265 4787 κατά
3298 4732 3387 4786 τὸν
3421 4729 3575 4799 ἅγιον
3617 4731 3754 4783 Στέ-

2168 4846 2333 4899 φανον
2367 4827 2745 4901 ἐξειργάσατο,
2775 4829 2869 4882 καὶ
2901 4828 2996 4891 τάς
3024 4830 3212 4899 χεῖρας
3240 4825 3375 4896 ἔχων
3407 4823 3486 4877 ἔτι
3515 4841 3580 4895 με
3590 4826 3733 4895 μολυ

2170 4920 2372 4993 σμένας
2394 4920 2469 4992 τῷ
2487 4921 2677 4992 αἵματι
2694 4960 2709 4985 ,
2727 4922 2826 4990 τὴν
2846 4920 2939 4974 ἐπὶ
2956 4919 3241 4991 Δαμασκὸν
3259 4919 3499 4990 ἔτρεχεν,
3515 4917 3754 4989 διωγμῷ

2167 5012 2407 5084 διωγμὸν
2436 5013 2532 5067 καὶ
2562 5013 2756 5082 ,φόνοις
2779 5012 2984 5080 φόνους
3026 5011 3257 5080 συνάψαι
3281 5010 3630 5083 βουλόμενος,
3657 5013 3753 5065 καὶ

2169 5103 2483 5159 ἀνασπάσαι
2520 5104 2612 5158 τὸν
2662 5102 3089 5175 Χριστιανισμδν
3118 5103 3430 5175 πρόρριζον,
3473 5104 3603 5174 άρτι
3650 5106 3753 5176 τὴν

2171 5194 2394 5268 πρώτην
2426 5195 2692 5251 ἀνθοῦντα
2721 5197 2893 5267 φυήν·
2927 5191 3064 5249 εἶδεν
3097 5193 3276 5258 καλῶς
3306 5195 3335 5246 ό
3367 5193 3500 5257 Θεὸς
3530 5195 3700 5265 ήμῶν
3725 5196 3753 5246 ὃ

2174 5287 2498 5359 πεποίηκεν,
2531 5288 2614 5340 ὅτι
2640 5289 2668 5341 ό
2699 5286 2915 5358 ἰσχυρὸς
2941 5286 3129 5357 ἐχθρὸς
3156 5284 3336 5358 γένητ’
3370 5285 3437 5338 ἂν
3468 5286 3562 5338 καὶ
3593 5286 3752 5354 φίλος

2173 5381 2418 5449 γενναῖος
2437 5395 2452 5411 ⁶
2488 5381 2581 5432 καὶ
2609 5378 2956 5451 περιλάμψας
2986 5378 3147 5431 αὐτὸν
3190 5376 3451 5447 αίφνίδιον
3470 5375 3549 5447 τῷ
3581 5379 3750 5446 φωτὶ,

2172 5469 2540 5540 καταπλήττει
2570 5469 2664 5523 καὶ
2692 5467 3017 5539 μεταϐάλλει
3040 5468 3176 5540 πρὸς
3201 5467 3589 5539 ταπεινότητα,
3620 5473 3751 5541 στήο

2176 5576 2272 5625 σας
2311 5560 2410 5631 μὲν
2447 5557 2541 5613 τοῦ
2584 5559 2784 5633 δρόμου
2817 5560 2906 5615 διὰ
2939 5558 3033 5614 τὸν
3064 5558 3253 5630 φόϐον,
3298 5558 3425 5623 τοὺς
3456 5558 3515 5614 δὲ
3550 5558 3612 5613 τὸ
3649 5578 3752 5614 πυ-

1725 5761 1854 5833 ch.
1894 5761 2226 5830 ἐφυγάδευεκ,
