3820 6304
63 318 155 379 285

944 313 1229 371 HOMILIA
1270 311 1405 374 Vlll.
1450 315 1520 372 IN
1553 314 1655 373 SS.
1689 315 1978 376 PETRUM
2010 317 2099 375 ET
2137 317 2446 379 PAULUM.

3216 327 3323 385 286

67 437 221 510 ρῦδις
246 434 351 489 καὶ
393 432 686 506 θυμοειδὲς
716 431 1011 503 βλέποντας
1034 432 1352 506 ὀφθαλμοὺς
1380 434 1649 507 σωφρονί-

1752 452 1882 494 vero
1919 453 1984 494 ac
2018 438 2154 494 iram
2194 439 2468 510 spirantes
2497 440 2714 508 oculos,
2739 441 2928 499 olusis
2971 442 3208 499 tenebris
3230 458 3325 499 ca-

71 547 156 593 εις
174 526 252 598 τῷ
280 527 494 599 σκότῳ.
522 525 934 598 Τιμωρεῖταιδὲ
952 526 1215 591 αὐτὸν,ού
1245 527 1386 599 μετὰ
1414 528 1645 599 σιωπῆς,

70 621 187 675 ἀλλὰ
227 619 327 673 καὶ
353 620 522 689 λόγον
555 619 637 691 τῷ
669 619 819 689 ἔργῳ
850 619 1212 691 προσέθηκεν,
1247 620 1420 674 εἰπὼν
1453 621 1648 693 ἐκείνῳ

69 713 120 766 τὸ
151 711 550 783 γεγραμμένον
573 727 587 741 ·
631 711 849 775 Σαῦλε,
892 710 1112 776 Σαῦλε,
1164 712 1223 765 τι
1260 728 1342 781 με
1379 711 1646 780 διώκεις;

70 805 329 872 sum
374 818 482 859 σοι
522 802 677 873 πρὸς
707 802 926 872 κέντρα
957 802 1257 864 λακτίζειν
1276 818 1290 831 ο
1318 804 1417 876 οὐχ
1446 804 1521 870 ὡς
1548 805 1648 858 αὐ-

70 895 145 959 τὸς
183 893 410 966 χρῄζων
452 895 557 965 τῆς
602 893 1006 971 διαλέξεως.(τί
1031 896 1139 967 γὰρ
1172 896 1279 949 ἔδει
1316 896 1510 966 λόγων,
1537 896 1646 951 τῶν

73 987 404 1058 πραγμάτων
428 985 793 1057 ἀρκούντων),
829 986 949 1041 ἀλλ’
980 988 1067 1041 ἵνα
1094 987 1365 1059 πρόφασιν
1388 988 1521 1060 ἐνδῷ
1549 987 1643 1043 τοῦ

71 1080 326 1152 Egomjmt
348 1081 452 1135 καὶ
484 1079 702 1148 μαθεῖν,
739 1081 821 1134 ὅτι
845 1083 874 1134 ὁ
894 1081 1245 1153 νομιζόμενος
1265 1082 1522 1137 τεθνάναι
1551 1083 1644 1137 καὶ

72 1173 263 1227 κεῖσθαι
310 1175 583 1246 Χριστὸς,
624 1172 715 1245 ζῇ,
750 1175 847 1228 καὶ
882 1174 942 1240 ἐξ
980 1175 1228 1247 οὐρανῶν
1271 1176 1640 1247 ἐπιφαίνεται.

71 1265 216 1318 Οὐδὲν
242 1266 303 1319 δὲ
342 1261 465 1320 οἷον
512 1267 653 1322 αὐτὰ
683 1267 753 1321 τά
795 1268 1015 1338 ῥήματα
1058 1267 1422 1339 παραθέσθαι,
1449 1269 1518 1324 τὰ
1548 1268 1643 1324 τοῦ

80 1358 312 1429 Ἑόραίου
343 1358 517 1413 λύκου
549 1358 649 1431 τὴν
683 1359 855 1432 θήραν
886 1361 1016 1431 ⁴ἡμῖν
1050 1359 1411 1432 ἐξηγούμενα.

135 1450 186 1501 '0
217 1450 287 1503 δὲ
328 1431 581 1517 Σαῦλος
602 1451 689 1505 ἔτι
714 1431 988 1520 ἐμπνέων
1011 1431 1269 1520 ἀπειλῆς
1300 1451 1397 1505 καὶ
1427 1453 1640 1521 φόνου.

81 1542 409 1614 Ύπογράφει
437 1560 530 1614 μοι
562 1544 592 1596 ό
642 1543 800 1612 λόγος
838 1543 1004 1617 ἄνδρα
1030 1543 1185 1615 θυμῷ
1212 1544 1549 1615 ῥηγνύμενον
1580 1545 1646 1597 ἐκ

70 1638 153 1707 τῆς
181 1635 581 1707 πῳλαὸούσης
616 1637 952 1708 μιαιφονίας,
991 1635 1071 1690 ἔτι
1102 1636 1478 1691 πνευστιῶντα
1507 1637 1645 1708 μετὰ

72 1730 152 1793 τὰς
170 1728 276 1783 τῶν
304 1729 486 1783 λίθων
517 1728 701 1800 βολὰς,
732 1729 969 1800 ὕφαιμον
998 1730 1095 1783 καὶ
1124 1728 1315 1802 ἄγριον
1351 1729 1637 1800 βλέποντα,

71 1815 163 1873 οἷον
187 1821 516 1889 ἐπάναγκες
548 1821 639 1874 τὸν
670 1820 860 1891 φονέα,
889 1818 1133 1885 σώζοντα
1161 1820 1229 1874 τά
1258 1821 1317 1873 ἐν
1349 1822 1515 1892 ἀρχῇ.
1541 1820 1643 1891 τῆς
1675 1807 1715 1861 Β

72 1912 146 1965 τοῦ
191 1913 551 1986 πατριάρχου
595 1912 934 1985 προφητείας
963 1910 1032 1965 τά
1082 1910 1346 1983 σύμϐολα.
1408 1912 1643 1975 Ἐκεῖνος

72 2005 181 2075 γὰρ,
204 2005 405 2076 ἐπειδὴ
450 2004 713 2076 τελευτᾷν
745 2002 987 2075 ἔμελλεν,
1024 2002 1289 2057 πάντοθεν
1319 2002 1446 2065 τοὺς
1477 2001 1641 2056 αὑτοῦ

74 2098 245 2162 παῖδας
279 2098 631 2169 περιστήσας
663 2099 728 2167 τῇ
762 2095 953 2169 κλίνῃ,
989 2093 1261 2167 Πνεύματι
1305 2096 1642 2167 προηγόρευ-

75 2207 165 2245 σεν.
202 2190 368 2244 υῦτω
424 2188 559 2258 γοῦν
600 2189 694 2242 τὸν
767 2187 966 2242 Ἰούδαν
1013 2186 1270 2256 εὐλογῶν,
1311 2187 1505 2259 ἐκείνῳ
1546 2186 1645 2258 μὲν

72 2284 345 2353 διελέγετο.
404 2282 789 2354 ἀλληγορικῶς
827 2281 886 2334 δὲ
922 2280 1130 2353 ὕμνησε
1162 2280 1255 2333 τὸν
1296 2280 1391 2333 ἀπ’
1434 2279 1643 2333 ἐκείνου

72 2377 305 2448 Χριστόν.
351 2376 522 2447 Ἑξῆς
566 2376 625 2429 δὲ
660 2377 773 2439 τοῖς
813 2376 946 2428 πᾶσι
983 2373 1533 2447 προμαντευσάμενος
1576 2373 1645 2427 τὰ

74 2473 138 2533 εἰς
162 2468 423 2543 ὕστερον,
460 2468 772 2522 τελευταῖον
805 2463 970 2540 ἦλθεν
997 2468 1089 2521 ἐπὶ
1119 2467 1212 2520 τὸν
1244 2467 1538 2538 Βενιαμὴν,
1569 2467 1644 2531 ὡς

74 2566 151 2616 καὶ
172 2563 248 2634 τῷ
286 2562 478 2635 χρόνῳ
516 2560 808 2632 νεώτερον·
859 2558 1020 2630 δῆθεν
1071 2559 1171 2630 μὲν
1219 2558 1356 2631 πρὸς
1402 2558 1492 2611 τὸν
1531 2558 1646 2612 υἱὸν

74 2656 376 2726 ἐφθέγγετο,
413 2653 494 2725 τῷ
524 2653 638 2707 δντι
665 2653 723 2707 δέ
746 2652 837 2706 τὸν
869 2650 1081 2707 Παῦλον
1108 2653 1422 2723 ἐσήμαινεν,
1452 2655 1517 2705 ἐκ
1545 2652 1645 2722 τῆς

76 2748 247 2819 φυλῆς,
277 2748 361 2811 ὡς
402 2746 677 2816 ἔγνωμεν,
708 2743 810 2814 τῆς
845 2742 1056 2797 ἐκείνου
1086 2743 1411 2812 κατάγοντα.
1448 2746 1647 2797 Βενια-

73 2843 179 2909 pqr
201 2843 402 2907 λύκος
428 2838 630 2908 ἅρπαξ
637 2878 652 2902 ,
681 2835 761 2903 τῷ
786 2836 939 2906 πρωῒ
976 2835 1193 2899 ἔδεται,
1226 2836 1324 2890 καὶ
1348 2838 1435 2902 εἰς
1474 2834 1647 2890 ἐσπέ-

73 2952 169 3001 par
194 2933 485 2988 διαδώσει
525 2930 781 3001 τροφήν.
817 2930 885 2983 Τί
912 2932 1029 2984 ἐστι
1059 2930 1118 2983 τὸ
1143 2929 1456 3001 λεγόμενον,
1488 2930 1645 3000 ἐρευ-

76 3028 384 3098 νησώμεθαο
419 3027 454 3097 ἢ
503 3025 659 3079 τοῦτο
691 3024 930 3089 πάντως,
964 3024 1047 3078 ὅτι
1106 3023 1174 3077 τά
1216 3022 1410 3095 πρῶτα
1449 3020 1645 3093 φαγών

1751 531 1979 603 stigans.
2012 531 2171 587 Punit
2196 543 2374 590 autem
2401 550 2506 590 non
2533 534 2771 600 silentio,
2794 551 2981 592 verum
2998 538 3158 591 etiam
3182 538 3323 592 facto

1756 636 2062 677 sermonem
2094 624 2361 694 adiunxit,
2396 625 2584 681 dicens
2615 626 2689 680 illi
2717 628 2859 696 quod
2895 630 3153 697 scriptum
3189 637 3271 680 est
3303 644 3319 681 :

1750 710 1933 779 Saule,
1966 713 2152 779 Saule,
2200 716 2324 785 quid
2356 732 2437 770 me
2465 718 2787 788 persequeris
2808 718 2834 771 .9
2874 716 3076 771 Durum
3117 728 3190 771 est
3225 717 3321 770 tibi

1749 816 1933 860 contra
1985 807 2255 860 stimulum
2298 808 2576 862 calcitrare
2614 810 2681 863 ἐ
2722 825 2826 863 non
2889 820 3140 880 tanquam
3186 824 3322 877 opus

1750 899 1974 954 baberet
1999 899 2249 953 conferre
2282 915 2608 956 sermonem.
2634 900 2772 967 Quid
2802 902 2943 955 enim
2977 902 3155 955 verbis
3186 915 3322 969 Opus

1748 1006 1869 1046 cum
1909 1007 1995 1046 res
2016 990 2358 1047 sufﬁcerent?
2384 1003 2649 1049 vcrumut
2676 994 2947 1062 qutcrendi
2978 993 3320 1047 occasionem

1747 1084 2015 1153 praeberet
2057 1094 2221 1153 atque
2271 1085 2548 1145 discendi,
2596 1086 2807 1153 ipsum,
2842 1086 2929 1150 qui
2966 1095 3211 1139 mortuus
3257 1097 3321 1137 ac

1748 1176 1913 1231 bumo
1938 1177 2187 1231 conditus
2214 1178 2524 1248 putabatur,
2554 1178 2833 1233 Christum
2865 1179 3067 1239 vivere,
3098 1185 3261 1246 atque
3289 1190 3320 1229 e

1745 1268 1898 1324 caelis
1947 1282 2229 1339 apparere.
2267 1269 2466 1323 Verum
2517 1277 2735 1338 praestat
2776 1267 2913 1337 ipsa,
2968 1268 3162 1337 quibus
3208 1265 3317 1334 lupi

1745 1360 1953 1415 Hebrtei
1986 1370 2207 1430 captura
2241 1370 2545 1420 enarratur.
2580 1360 2740 1412 verba
2771 1373 3088 1428 proponere.

1818 1451 2016 1506 Saulus
2060 1466 2234 1506 autem
2261 1451 2431 1506 adhuc
2463 1453 2667 1520 spirans
2697 1453 2957 1505 minarum
2992 1461 3039 1504 et
3078 1450 3238 1504 caedis
3275 1448 3316 1502 ⁸⁸.

1747 1547 1993 1602 Delineat
2025 1561 2224 1611 sermo,
2264 1548 2464 1610 virum,
2515 1547 2591 1599 ira
2634 1560 2693 1599 se
2738 1560 2767 1598 a
2801 1543 3123 1613 praecedenti
3174 1542 3322 1597 caede

1749 1650 2117 1710 rumpentem;
2149 1655 2292 1711 aegre
2315 1641 2490 1694 adhuc
2518 1649 2637 1709 post
2660 1638 2839 1707 jactus
2867 1638 3100 1707 lapidum
3120 1636 3318 1689 ducen-

1752 1744 1857 1787 tem
1903 1734 2186 1803 spiritum,
2244 1746 2387 1787 saavo
2438 1747 2502 1786 ac
2551 1731 2690 1786 truci
2746 1738 2965 1800 aspectu
3008 1728 3316 1790 hominem,

1746 1826 1958 1895 qualem
2005 1842 2153 1896 cogn
2182 1827 2504 1896 oportebat,
2534 1825 2624 1893 qui
2666 1824 2837 1893 prima
2882 1820 3174 1892 prophetia!
3220 1835 3317 1889 pa-

1747 1920 1996 1976 triarchae
2030 1890 2273 1989 lea
2309 1919 2586 1974 retineret.
2616 1916 2708 1971 Ille
2736 1917 2880 1971 enim
2912 1914 3071 1969 morti
3100 1913 3318 1983 propin—

1744 2029 1903 2085 quus,
1937 2028 2057 2068 cum
2096 2012 2234 2067 ﬁlios
2281 2011 2417 2066 lecto
2472 2010 2709 2079 undique
2740 2009 3095 2063 circumstare
3125 2003 3319 2074 iussis-

1745 2117 1850 2175 set,
1880 2106 2080 2175 Spiritu
2113 2101 2473 2176 prophetavit.
2517 2100 2607 2155 Sic
2648 2101 2830 2169 itaque
2872 2097 3194 2153 benedicens
3219 2092 3313 2150 Ju-

1744 2203 1889 2268 dam,
1921 2199 2066 2255 illum
2104 2198 2319 2268 quidem
2359 2194 2748 2263 alloquebatur,
2784 2206 2991 2253 verum,
3039 2199 3090 2243 ut
3121 2188 3321 2256 allego-

1746 2295 1881 2348 riam
1910 2301 2144 2361 spectes,
2170 2288 2445 2345 Cbristum
2489 2285 2771 2349 laudabat,
2816 2281 2906 2352 qui
2948 2296 3013 2336 ex
3054 2295 3117 2335 eo
3150 2279 3310 2335 foret.

1745 2384 1881 2440 Tum
1924 2399 2049 2438 vero
2086 2381 2312 2451 reliquis
2352 2378 2601 2435 omnibus
2631 2373 2952 2429 vaticinatus
2981 2371 3183 2437 futura,
3223 2383 3320 2438 po-

1745 2490 1949 2534 stremo
1977 2477 2044 2531 ad
2088 2474 2367 2544 Beniamin
2390 2516 2405 2537 ,
2442 2482 2698 2540 tanquam
2732 2477 2892 2523 aetate
2917 2463 3191 2532 iuniorem
3230 2476 3321 2516 ve-

1745 2569 1861 2634 nit,
1924 2584 1988 2623 ac
2019 2582 2149 2622 sane
2191 2565 2358 2620 ﬁlium
2407 2563 2621 2631 quidem
2668 2559 3076 2628 alloquebatur;
3131 2568 3320 2608 revera

1745 2669 1927 2718 autem
1979 2659 2299 2730 designabat
2333 2658 2556 2713 Paulum
2583 2695 2597 2720 ,
2628 2669 2787 2724 quem
2825 2651 3072 2707 novimus
3111 2662 3180 2701 ex
3205 2646 3322 2713 eius

1748 2754 1891 2809 tribu
1925 2753 2362 2808 descendentem.
2410 2748 2692 2819 Benjamin
2739 2746 2892 2814 lupus
2927 2757 3128 2811 rapax,
3170 2754 3326 2793 marte

1744 2847 1969 2902 comedit
2004 2856 2051 2901 et
2083 2845 2153 2897 ad
2182 2859 2445 2913 uesperam
2487 2840 2765 2895 distribuet
2804 2853 2947 2891 escas
2975 2835 3020 2888 ".
3053 2832 3319 2900 Exquira-

1747 2954 1867 2994 mus
1894 2939 2021 3008 quid
2055 2937 2181 2991 illud
2210 2936 2396 3003 utique
2423 2933 2566 2997 velit,
2596 2949 2747 2985 mane
2768 2928 3060 2990 comedens,
3091 2926 3191 2978 hoc
3214 2934 3320 2987 est,

1746 3041 2083 3101 persecutor,
2109 3029 2199 3099 qui
2226 3030 2278 3082 in
2299 3027 2727 3083 cazdesintentus
2744 3032 2894 3088 erat;
2924 3018 3177 3075 fundebat
3200 3031 3323 3069 san-

81 3121 363 3185 (τουτέστι,
406 3116 626 3185 διώξας,
663 3114 954 3188 φονεύσας,
992 3115 1188 3185 ἐκχέας
1219 3110 1445 3185 αἵματα,
1481 3129 1644 3183 σκορ-

1752 3126 2001 3196 guinem,
2036 3122 2185 3177 velut
2211 3130 2425 3191 gregem
2452 3116 2748 3173 Ecclesiam
2794 3111 2997 3167 Christi
3043 3109 3322 3177 disperge~

240 3212 317 3276 ὡς
338 3210 548 3282 ἀγέλην
570 3208 670 3281 τὴν
708 3208 1076 3279 Ἐκκλησίαν).
1097 3207 1403 3261 τελευταῖον
1430 3206 1645 3274 ἐγένετο

79 3305 251 3373 νομεὺς
276 3305 377 3359 καὶ
413 3302 621 3373 ποιμὴν
645 3300 872 3371 ἀγαθὸς,
904 3299 1242 3371 ἀποθέμενος
1272 3297 1362 3352 τὸν
1389 3296 1643 3369 διώκτην,

79 3396 157 3446 καὶ
177 3394 547 3465 ἐνδυσάμενος
570 3392 663 3446 τὸν
697 3391 995 3445 ἀπόστολον
1020 3407 1035 3420 ’
1067 3392 1202 3444 πᾶσι
1234 3389 1290 3443 δέ
1326 3389 1403 3454 ὼς
1440 3387 1646 3460 τροφὴν

79 3486 324 3558 διανέμων
378 3487 474 3540 τὸν
520 3485 707 3555 νόμον,
762 3483 859 3537 καὶ
901 3483 999 3556 τὴν
1051 3483 1212 3551 ἁγίαν
1258 3484 1388 3554 ἡμῖν
1442 3479 1645 3552 ταύτην

83 3580 426 3651 ἱδρυσάμενος
454 3576 767 3651 τράπεζαν.
811 3576 876 3630 Ἡ
908 3574 1017 3648 γὰρ
1046 3574 1138 3629 τοῦ
1178 3573 1383 3645 Κυρίου
1416 3572 1646 3644 δύναμις

82 3671 300 3743 τοιαύτη,
344 3670 725 3741 άφοπλίζουσα
761 3666 855 3722 τοῦ
889 3667 1063 3740 θυμοῦ
1102 3667 1196 3720 καὶ
1225 3667 1331 3719 τῶν
1368 3665 1647 3720 δυσσεόῶν

83 3764 343 3834 νοημάτων
370 3763 502 3826 τοὺς
534 3758 945 3826 στασιάζοντας,
976 3757 1363 3829 προσαγομένη
1386 3756 1443 3810 δὲ
1474 3755 1649 3828 εὐμη-

84 3855 256 3922 χὶινως,
297 3855 397 3908 καὶ⁹
435 3852 858 3917 τιθασσεύουσα,
894 3852 990 3905 καὶ
1031 3849 1279 3923 πρόϐατα
1310 3850 1495 3921 ἥμερα
1527 3848 1647 3902 ἀντὶ

86 3945 263 4016 θηρίων
292 3945 606 4000 δακνόντων
631 3942 998 4017 ἐργαζομένη.
1048 3943 1170 3995 Ἐπὶ
1202 3939 1432 4005 τούτοις,
1458 3940 1512 3993 τί
1541 3955 1647 4009 φη-

87 4052 156 4089 σ.ν
186 4040 219 4110 η
253 4039 483 4109 Γραφής
540 4039 625 4093 ὅτι
693 4035 1053 4105 Προσελθὼν
1083 4033 1163 4101 τῷ
1203 4032 1481 4104 ἀρχιερεῖ,
1511 4032 1651 4103 ᾐτή-

87 4146 214 4185 σατο
243 4133 385 4201 παρ’
424 4129 616 4185 αὐτοῦ
650 4130 977 4197 ἐπιστολὰς
1011 4130 1101 4195 εὶς
1141 4127 1464 4198 Δαμασκόν
1499 4125 1649 4194 πρὸς

86 4221 176 4288 τὰς
215 4222 598 4294 συναγωγὰς,
636 4221 798 4290 ὅπως
828 4221 975 4290 τοὺς
1018 4220 1415 4291 Χριστιανοὺς
1457 4221 1647 4293 ἀγάγῃ

87 4312 144 4364 ἐν
174 4314 593 4384 Ἰερουσαλήμ.

148 4407 207 4460 Ὠ
237 4409 386 4480 μάχη
436 4409 536 4461 καὶ
571 4405 805 4480 διαφορὰ
842 4405 1161 4471 ἐπιστολῶν,
1198 4405 1309 4461 τῶν
1342 4406 1465 4463 τότε
1498 4406 1649 4481 παρὰ

1748 3221 1843 3276 bat
1878 3237 1891 3272 :
1929 3219 2103 3273 bonus
2135 3216 2353 3271 demum
2393 3211 2570 3266 factus
2615 3218 2699 3265 est
2746 3216 2961 3277 pastor,
2996 3201 3323 3271 abiectoque

1752 3315 1897 3385 quod
1930 3319 2049 3367 erat
2075 3306 2461 3380 persecutoris,
2487 3302 2786 3373 apostolum
2812 3298 3019 3363 induit;
3055 3292 3324 3349 universis

1746 3422 1877 3462 vero
1919 3416 2175 3475 tanquam
2207 3417 2364 3458 escas
2400 3399 2588 3466 legem
2627 3391 2942 3457 distribuit,
2987 3398 3149 3456 atque
3184 3387 3324 3438 banc

1747 3499 1904 3556 nobis
1933 3512 2146 3552 sacram
2178 3507 2425 3549 mensam
2451 3487 2649 3561 posuit.
2678 3484 2826 3543 Talis
2854 3481 3052 3553 quippe
3084 3492 3144 3532 ac
3177 3483 3322 3529 tanta

1749 3592 1967 3650 exsistit
1994 3591 2087 3646 Dei
2117 3590 2313 3654 virtus,
2341 3595 2402 3639 ut
2435 3586 2514 3639 ira
2546 3581 2837 3652 impiisque
2866 3571 3196 3647 cogitatibus
3222 3583 3320 3624 ceu

1749 3685 1921 3739 armis
1959 3680 2248 3739 seditiosos
2278 3675 2475 3739 nudet,
2502 3673 2764 3741 facileque
2792 3666 3021 3722 adducat
3054 3673 3215 3730 atque
3247 3660 3324 3712 ci-

1749 3786 1928 3841 curet,
1957 3790 2020 3829 ac
2047 3781 2361 3827 mansuetas
2386 3781 2515 3823 oves
2536 3804 2552 3830 ,
2581 3778 2679 3834 pro
2705 3759 2892 3815 bestiis
2922 3769 3103 3826 morsu
3134 3752 3323 3841 luden-

1754 3838 1922 3933 tibus,
1946 3862 2156 3918 reddat.
2179 3858 2319 3927 Quid
2350 3856 2414 3909 ad
2449 3856 2563 3909 haec
2588 3846 2904 3919 Scriptura?
2933 3841 3219 3906 Accedens,
3242 3838 3323 3933 in-

1751 3959 1889 4029 quit,
1924 3958 1992 4011 ad
2027 3954 2313 4025 principem
2335 3948 2691 4009 sacerdotum,
2721 3940 2865 4011 petiit
2896 3938 2961 3991 ab
2991 3951 3049 3991 eo
3077 3932 3321 4029 epistolas

1747 4027 1803 4106 in
1836 4050 2158 4106 Damascum
2185 4045 2255 4100 ad
2282 4056 2610 4116 synagogas,
2651 4044 2708 4090 ut
2740 4032 3070 4090 Christianos
3112 4027 3321 4081 duceret

1746 4143 1805 4196 in
1845 4137 2204 4196 Hierusalem.

1821 4410 1866 4467 0
1898 4422 2073 4481 pugna
2104 4415 2269 4476 atque
2293 4402 2608 4464 discrimen,
2636 4408 2845 4460 earum,
2866 4403 3002 4461 quas
3028 4397 3155 4442 tunc
3185 4382 3327 4438 Pau-

90 4498 277 4554 Παύλου
292 4498 668 4571 ζητουμένων,
685 4497 899 4553 καὶτῶν
915 4498 982 4565 ἃς
998 4499 1089 4553 τὸν
1101 4499 1145 4552 Χ
1157 4498 1337 4571 ριστὸν
1351 4498 1650 4569 καταγγέλ-

1752 4503 1836 4558 lus
1880 4499 2145 4572 epistolas
2192 4494 2544 4567 requirebat,
2587 4500 2917 4554 earumque,
2954 4496 3088 4553 quas
3139 4487 3323 4572 postea

92 4589 179 4643 λων
201 4591 423 4665 ὕστερον
447 4591 722 4664 ἐγραψενί
753 4592 819 4645 Αἱ
844 4592 943 4663 μὲν
976 4592 1239 4663 ἐδέσμουν
1260 4592 1647 4663 Χριστιανοὺς,

96 4682 140 4732 αἱ
161 4682 211 4735 δὲ
234 4684 330 4748 τὰς
359 4679 588 4746 ἁλύσεις
618 4682 716 4747 τὰς
762 4682 905 4756 ὑπὲρ
932 4682 1172 4757 Χριστοῦ
1204 4684 1542 4758 περιέθηκαν
1572 4684 1652 4758 τῷ

93 4772 271 4851 διώκτῃ
301 4777 529 4842 πολλὰς,
561 4776 657 4830 καὶ
687 4776 935 4849 βαρείας,
973 4778 1067 4831 καὶ
1094 4776 1340 4849 χαλεπάς
1370 4779 1613 4846 ἐνεγκεῖν
1633 4793 1647 4808 ⁶

96 4868 232 4921 κάκεῖ
270 4869 371 4941 μὲν
414 4868 758 4940 ἐγέγραπτοο
800 4868 1014 4934 Παῦλος
1062 4868 1334 4942 Ἐϐραῖος,
1364 4869 1459 4923 τοῦ
1486 4871 1650 4941 νόμου

96 4961 402 5034 προστάτης,
438 4959 636 5032 ἐχθρὸς
666 4959 759 5015 τοῦ
791 4960 1048 5033 σταυροῦ,
1082 4960 1177 5015 τοῦ
1204 4960 1537 5031 Εὑαγγελίου
1560 4979 1652 5015 πο-

96 5046 286 5120 λέμιοςο
330 5055 390 5106 ἐν
438 5052 497 5105 δὲ
556 5054 681 5116 ταῖς
723 5053 1216 5126 μεταγενεστέραις
1276 5053 1648 5119 Ἐπιστολαῖς·

98 5142 308 5211 Παῦλος
323 5143 549 5211 δοῦλος
573 5143 766 5213 Ἰησοῦ
778 5145 1055 5213 Χριστοῦ.
1074 5145 1235 5199 Ποίου
1252 5162 1266 5212 ;
1281 5145 1541 5217 Πρόσχες*
1557 5143 1650 5199 τοῦ

101 5235 503 5310 ἐσταυρωμένον.
533 5238 599 5291 ’Ὠ
623 5238 721 5292 τοῦ
750 5238 1054 5312 θαύματοςι
1085 5241 1152 5293 ⁸0
1178 5239 1286 5311 πρὸ
1308 5239 1487 5308 ὀλίγου
1510 5237 1650 5291 δνει-
1692 5272 1697 5279 -

98 5325 185 5391 δὺς.
224 5330 314 5385 νῦν
354 5331 553 5402 γέγονε
600 5332 900 5405 καύχημα·
942 5334 1039 5387 καὶ
1065 5334 1129 5387 τὸ
1181 5332 1647 5403 ἐξουθενούμενον,

100 5424 161 5490 ὣς
189 5429 305 5497 δόξα
334 5433 575 5504 σήμερον
621 5432 1041 5504 μνημονεύεται.
1075 5432 1266 5495 Οὐδεὶς
1301 5430 1407 5503 γάρ
1434 5430 1643 5497 δοξοκό-

101 5528 184 5580 to;
237 5520 330 5574 καὶ
363 5520 609 5593 γαυριῶν
653 5522 907 5594 βασιλεὺς
958 5522 1134 5587 οὕτως
1169 5523 1544 5593 ἐνεπόμπευσε
1580 5524 1648 5594 τῇ

104 5610 395 5683 πριφανείᾳ
426 5614 531 5684 τῆς
559 5613 759 5687 ἀρχῆς,
792 5614 870 5680 ὡς
915 5614 1130 5680 Παῦλος
1170 5615 1252 5689 τῷ
1293 5615 1514 5688 σταυρῷ
1555 5614 1650 5669 καὶ

1749 4568 2023 4651 Christum
2052 4586 2415 4650 annuntians,
2450 4578 2701 4651 scripsit!
2732 4576 2839 4633 lllze
2873 4573 3089 4646 quidem
3123 4568 3324 4623 vincie-

1750 4689 1882 4743 bant
1927 4684 2306 4745 Cbristianos;
2360 4680 2444 4734 ba:
2489 4686 2690 4767 autem,
2730 4671 2949 4767 multas,
3002 4676 3323 4767 parvasque,

1750 4789 1915 4850 atque
1960 4777 2220 4834 molestas
2241 4782 2469 4830 catenas
2486 4766 2692 4826 Christi
2722 4779 2883 4821 causa
2906 4758 3183 4822 ferendas:
3204 4768 3328 4824 per-

1748 4872 1988 4927 secutori
2038 4870 2371 4941 iniecerunt;
2419 4875 2582 4935 atque
2626 4861 2679 4916 in
2730 4858 2833 4915 illis
2878 4853 3136 4923 scriptum
3184 4855 3326 4913 erat,

1752 4964 1951 5019 Paulus
1995 4962 2258 5019 Hebraeus
2314 4960 2450 5030 legis
2493 4954 2783 5017 defensor,
2828 4947 3080 5005 inimicus
3125 4941 3325 5004 crucis,

1749 5055 2027 5126 Evangelii
2066 5055 2271 5120 hostis;
2304 5054 2357 5108 in
2405 5045 2802 5123 posterioribus
2831 5051 3010 5096 autem
3036 5033 3324 5107 Epistolis:

1750 5145 2140 5202 Paulusservus
2161 5146 2289 5201 Jesu
2305 5143 2499 5200 Christi
2515 5142 2559 5194 ⁸.
2584 5134 2908 5208 Cuiusnam?
2931 5147 3084 5201 rogo.
3107 5127 3327 5198 Utique,

1758 5237 2026 5292 cruciﬁxi.
2052 5236 2097 5293 Ο
2127 5235 2481 5292 miraculum!
2510 5231 2663 5299 Quod
2706 5226 2865 5300 paulo
2897 5236 3022 5281 ante
3067 5223 3327 5293 probrum

1757 5329 1882 5396 fuit,
1911 5346 2054 5385 nunc
2082 5329 2225 5385 facta
2252 5340 2335 5385 est
2357 5326 2640 5398 gloriatio;
2675 5322 2925 5394 quodque
2950 5315 3326 5389 spernebatur,

1759 5425 1944 5494 gloriae
1974 5423 2135 5479 hodie
2169 5422 2322 5477 titulo
2368 5428 2723 5475 memoratur.
2753 5414 2939 5470 Nullus
2976 5411 3119 5468 enim
3147 5407 3330 5479 gloria:

1759 5517 1952 5572 avidus
1979 5532 2043 5571 ac
2070 5514 2332 5587 superbus
2376 5527 2469 5568 rex
2491 5552 2505 5578 ,
2536 5509 2748 5580 imperii
2781 5510 2917 5563 adeo
2944 5520 3002 5561 se
3028 5499 3331 5574 splendori-

1760 5607 1860 5665 bus
1889 5607 2113 5679 iactavit
2150 5621 2214 5663 ac
2252 5604 2465 5674 extulit,
2506 5611 2668 5675 atque
2696 5600 2900 5657 Paulus
2926 5609 3090 5655 cruce
3132 5590 3328 5650 ct-cla-

160 5790 181 5821 '
209 5791 326 5847 Act.
358 5808 433 5858 ts,
464 5794 516 5852 ι.
597 5794 618 5824 ⁸
660 5793 789 5849 ibid.
825 5795 849 5849 l
882 5809 1001 5860 sqq.
1081 5796 1101 5827 "
1137 5794 1269 5850 Ceu.
1315 5810 1463 5860 χιιι,
1494 5795 1587 5850 27.

1752 5797 1884 5850 lom.
1922 5809 1959 5861 I,
1995 5794 2050 5849 l.
