3820 6308
494 328 603 393 287

1772 336 1829 392 s.
1871 335 2147 394 ssmm
2186 315 2489 394 AMA'ssNt

3703 332 3816 388 281

503 453 618 518 vis;
645 466 737 523 qm
765 464 827 508 se
848 451 1101 508 omnibus
1131 448 1373 507 vinctum
1408 448 1674 507 scriberet
1699 451 1721 483 ⁹
1755 468 1771 506 :
1805 454 2086 523 magisque
2112 504 2119 518 γ

2245 457 2298 520 ηῖς
2319 454 2491 526 ἣλοις,
2517 404 2745 525 γράφων
2766 450 2957 507 ἐαυτὸν
2987 452 3120 506 πᾶσι
3147 450 3452 525 δεσμώτην,
3482 451 3590 505 καὶ
3622 449 3815 503 πλεο

503 544 610 601 sibi
639 546 753 614 ipse
780 542 930 599 ferro
957 543 1216 613 placeret,
1251 556 1414 613 quam
1442 541 1633 620 puella
1666 544 1864 598 mundo
1895 559 2079 599 aureo.

583 734 650 793 Et
685 739 861 794 subito
888 736 1237 807 circumfulsit
1278 753 1397 793 eum
1422 736 1516 793 lum
1541 738 1605 792 de
1639 736 1787 794 cmlo.
1813 738 2008 807 Quidni
2037 739 2088 795 ei

2184 546 2262 618 τῷ
2294 547 2497 618 σιδήρῳ
2528 545 2948 616 καλλυνόμενος,
2984 543 3017 615 ἢ
3052 546 3107 598 αἱ
3146 543 3307 616 κόραι
3345 543 3425 615 τῷ
3470 540 3816 614 κοσμοῦντ

2185 659 2393 714 χρυσιρι

2271 734 2602 804 Ἐξαίφνης
2626 749 2690 786 τε
2720 730 3172 801 περιήστραψεν
3196 733 3382 788 αὐτὸν
3411 733 3547 805 φῶς
3570 734 3659 789 ἐκ
3706 733 3816 788 toi

505 845 735 902 apparet
775 833 830 887 in
864 832 1037 886 forma
1070 830 1307 886 hominis
1330 870 1348 896 ,
1399 830 1477 885 uti
1510 831 1792 901 Stephano
1835 832 1903 888 de
1951 833 2090 890 caelo

2245 827 2474 896 τνρανοῦ.
2510 824 2609 880 Διὰ
2639 825 2694 879 τί
2720 826 2781 879 οὐ
2811 824 3060 894 φαίνεται
3086 825 3235 897 αὐτῷ
3261 827 3319 879 ἐν
3348 829 3538 899 μορφῇ
3570 825 3816 898 ἀνθρώ

512 927 783 996 apparuit,
815 926 907 980 sed
938 926 993 979 in
1042 924 1184 994 ignis
1228 925 1408 993 specie
1440 934 1602 994 atque
1632 924 1892 980 luminis?
1915 922 2091 981 Nimi-

518 1035 656 1083 rum,
695 1018 974 1087 Stephano
1006 1018 1249 1089 quidem,
1282 1027 1537 1087 tanquam
1579 1017 1668 1086 qui
1701 1016 1973 1084 perfectus
2007 1033 2094 1074 es-

2193 936 2321 982 που,
2358 917 2549 988 ὥσπερ
2595 917 2690 971 καὶ
2721 916 2979 988 Στεφάνῳ
3021 917 3085 969 ἐκ
3129 915 3221 971 τοῦ
3264 917 3522 991 οὐρανοῦ,
3578 918 3731 972 ἀλλ’
3772 918 3816 970 ἐν

2193 1010 2326 1064 εῖδει
2356 1010 2546 1083 πυρὸς,
2582 1010 2616 1082 ἢ
2657 1009 2864 1080 φωτός;
2892 1010 3015 1064 Ὀτι
3047 1010 3305 1083 Στεφάνῳ
3332 1012 3449 1082 μὲν,
3474 1011 3563 1077 ὡς
3596 1010 3816 1081 τελεῖη

513 1119 620 1173 set,
657 1091 1365 1178 probeque.lncarnatiouis
1395 1104 1713 1176 mysterium
1746 1113 1967 1171 nosset,
1995 1119 2095 1160 nec

2245 1104 2291 1158 si.
2317 1103 2482 1157 εἰδότι
2510 1102 2572 1156 τὸ
2584 1103 2682 1173 τῆς
2711 1102 3181 1175 ἐνανθρωπήσεως
3218 1106 3544 1177 μυστήριον,
3566 1103 3687 1158 καὶ
3722 1121 3816 1175 μη

516 1201 699 1257 damni
736 1200 941 1271 aliquid
967 1215 1030 1253 ex
1061 1199 1296 1252 humana
1338 1197 1545 1251 vilitate
1572 1205 1895 1266 accepturus
1926 1206 2093 1262 esset,

518 1301 667 1347 recte
694 1306 752 1346 se
777 1305 839 1345 ea
873 1288 1047 1343 forma
1070 1288 1328 1351 ostendit,
1356 1301 1460 1356 qua
1498 1287 1552 1341 in
1587 1288 1786 1341 caelum
1814 1285 2097 1341 ascendis-

2197 1197 2284 1251 δὲν
2327 1188 2681 1267 βλαπτομένῳ
2726 1197 2790 1249 ἐκ
2828 1196 2929 1268 τῆς
2969 1195 3247 1260 εὐτελείας
3288 1195 3391 1267 τῆς
3443 1194 3577 1250 καθ’
3621 1197 3811 1267 ἡμᾶς

2197 1286 2378 1351 καλῶς
2430 1285 2605 1349 οὕτως
2660 1285 2850 1340 ἐαυτὸν
2901 1284 3224 1352 ἐπεδείκνυ,
3293 1285 3481 1359 ὥσπερ
3548 1282 3663 1341 οὗν
3729 1304 3816 1339 κα

518 1393 642 1438 set:
673 1380 843 1437 Paulo
868 1390 1078 1446 autem,
1114 1389 1174 1433 ut
1205 1379 1295 1447 qui
1339 1379 1461 1434 ideo
1497 1377 1683 1434 Iesum
1733 1378 1900 1435 nollet
1929 1377 2097 1433 Deum

2245 1378 2432 1451 νῆλθεν
2466 1380 2558 1433 ἐπὶ
2601 1379 2693 1433 τὸν
2726 1378 2988 1451 οὐρανόν·
3024 1377 3221 1450 Παύλῳ
3272 1378 3351 1441 δὲ,
3390 1379 3466 1443 ὡς
3506 1379 3607 1433 διὰ
3644 1379 3816 1432 τοῦτη

518 1475 830 1545 appellare,
878 1471 1020 1543 quod
1070 1472 1121 1526 in
1171 1485 1403 1540 corpore
1457 1470 1524 1525 ad
1586 1486 1683 1526 nos
1750 1470 2098 1536 advenisset,

525 1567 940 1638 haudquaquam
990 1574 1216 1637 apparet
1257 1562 1455 1628 homo,
1497 1573 1558 1617 ut
1587 1580 1656 1619 ne
1703 1563 1900 1619 inﬁdeli
1930 1564 2100 1618 clien-

2204 1475 2280 1547 μὴ
2303 1473 2721 1545 καταδεχομένη)
2743 1472 2875 1526 Θεὸν
2904 1470 3194 1541 ὀνομάζειν
3214 1471 3304 1526 τὸν
3340 1471 3583 1542 Ἰησοῦν,
3603 1472 3816 1525 ὲπειδὶ

2203 1568 2260 1621 ἐν
2293 1566 2505 1638 σώματι
2535 1564 2869 1638 παρεγένετο
2913 1565 3052 1637 πρὸς
3083 1564 3253 1635 ἡμᾶς,
3297 1563 3359 1616 οὐ
3401 1563 3686 1633 φαίνεται
3722 1563 3816 1617 ἄψ

523 1657 734 1714 sionem
789 1667 1017 1729 augeat,
1073 1656 1167 1713 sed
1220 1655 1401 1723 potius
1450 1656 1503 1708 in
1551 1655 1778 1726 fulguris
1822 1657 2004 1728 specie
2039 1672 2104 1712 ac

2245 1676 2441 1732 ρωπος,
2479 1660 2568 1713 ἵνα
2616 1658 2689 1730 μὴ
2732 1657 3005 1730 βεϐαιώσῃ
3049 1656 3264 1728 ἀπίστῳ
3310 1657 3372 1710 τὸ
3418 1657 3805 1728 πρόσκομμα

527 1750 687 1821 ignis,
716 1765 821 1820 quo
868 1765 898 1805 a
938 1751 1057 1820 lege
1084 1760 1139 1805 et
1168 1749 1351 1820 Moyse
1379 1765 1498 1805 eam
1533 1750 1833 1819 pertrahat.
1872 1748 2007 1804 Nam
2048 1758 2102 1805 et

2245 1750 2342 1804 λλά
2389 1749 2589 1821 μᾶλλον
2624 1751 2682 1802 ἐν
2729 1749 2842 1821 ἰδέᾳ
2893 1748 3179 1819 ἄστρα-νῆις
3227 1747 3321 1800 καὶ
3371 1747 3590 1818 πυρὸς,
3640 1747 3724 1798 ἶν’
3764 1748 3816 1801 ἐκ

527 1841 637 1896 illic
664 1840 803 1896 idem
837 1841 952 1912 ipse
987 1842 1126 1897 Deus
1164 1841 1330 1913 Moysi
1362 1855 1650 1913 apparens,
1685 1842 1736 1895 in
1770 1842 1893 1913 igne
1918 1840 2103 1911 loque-

530 1936 712 2001 batur,
746 1952 810 1991 ac
838 1951 962 1991 cum
994 1935 1166 2006 legem
1195 1936 1349 1991 daret
1375 1936 1429 1990 in
1457 1943 1640 1990 monte
1669 1933 1820 1999 Sina,
1853 1936 1961 2006 igni
1994 1934 2108 1990 col-

529 2027 766 2084 lustrans
790 2027 1097 2096 Hebraeum,
1133 2027 1343 2083 tabulas
1386 2029 1435 2084 ei
1476 2029 1529 2082 iu
1562 2043 1754 2082 manus
1786 2026 1970 2082 dabat.
2001 2026 2109 2081 Ita-

530 2104 649 2190 que.
682 2122 957 2192 perfundit
1009 2120 1253 2188 lumine,
1306 2131 1365 2175 ut
1417 2135 1597 2174 rerum
1659 2128 1787 2174 tunc
1840 2133 1906 2175 ac
1952 2120 2111 2174 modo

535 2223 814 2284 gestarum
852 2211 1193 2268 similitudini
1218 2210 1478 2281 adjiciens
1505 2210 1774 2276 animum;
1816 2224 1938 2266 sese
1966 2210 2111 2264 velut

526 2322 599 2363 ex
646 2304 879 2376 quadam
926 2304 1195 2360 oblivione
1237 2313 1509 2369 excitans,
1563 2300 1807 2372 ejusdem
1858 2301 2114 2372 potentiae

535 2397 745 2453 divinas
771 2396 1137 2468 apparitiones
1156 2405 1433 2467 agnoscat.
1458 2396 1618 2449 Mittit
1643 2404 1823 2449 autem
1849 2392 2111 2463 fulgorem

534 2487 601 2542 de
620 2486 780 2551 caelo,
807 2495 866 2541 ut
897 2501 965 2541 ne
989 2483 1099 2555 jam
1128 2485 1326 2541 Paulus
1351 2485 1531 2540 animo
1554 2498 1779 2540 versans
1802 2482 2112 2539 Bethlehem

536 2591 599 2631 ac
631 2575 940 2641 Galilaeam,
988 2575 1153 2630 lilium
1195 2575 1409 2630 Davidis
1455 2589 1519 2629 ac
1566 2574 1841 2629 hominem
1885 2574 2117 2644 appellet

530 2667 844 2734 Christum,
896 2682 961 2723 ac
1003 2666 1050 2722 si
1078 2682 1183 2738 qua
1217 2667 1325 2722 alia
1381 2667 1599 2722 nomina
1632 2675 1759 2722 sunt
1788 2666 1856 2721 ad
1888 2679 2115 2722 mcono-

538 2760 701 2815 miam
728 2759 1063 2828 spectantia;
1099 2759 1274 2829 palam
1329 2773 1455 2815 vero
1492 2759 1785 2823 doceatur,
1819 2773 1943 2812 cum
1979 2756 2118 2812 Deus

540 2848 593 2902 in
637 2847 792 2903 caelis
834 2856 1015 2915 esset,
1064 2848 1190 2903 inde
1223 2847 1290 2903 ad
1337 2862 1435 2904 nos
1469 2848 1714 2916 venisse,
1768 2849 1913 2904 unde
1954 2849 2117 2904 etiam

541 2951 686 2992 nunc
712 2944 958 3008 apparet.

613 3116 749 3172 Tum
776 3116 924 3173 clare
946 3117 1094 3173 addit
1120 3137 1134 3174 :
1168 3116 1280 3189 Ego
1311 3136 1427 3175 sum
1457 3116 1640 3175 Iesus.
1662 3072 1883 3176 'Nomen
1932 3121 2121 3191 utique

2208 1842 2303 1896 τοῦ
2325 1843 2491 1915 νόμου
2528 1842 2624 1896 καὶ
2666 1840 2946 1904 Μωῦσέως
2984 1839 3145 1893 αὐτὸν
3187 1837 3586 1909 ἐφελκύσηται.
3628 1839 3816 1891 Κάκε

2214 1934 2324 2007 γὰρ
2356 1936 2385 1988 ὁ
2424 1934 2586 1998 αὐτὸς
2628 1928 2782 1997 οὗτος
2820 1932 2973 1996 Θεὸς,
3006 1931 3084 2003 τῷ
3114 1933 3340 1985 Μωῦσεί
3364 1930 3734 2002 ἐμφανίζων,
3771 1934 3816 1983 si

2212 2028 2347 2099 πυρὶ
2392 2026 2571 2081 ἐλάλει
2592 2042 2605 2056 ⁸
2640 2026 2844 2080 καὶτὸν
2865 2026 3029 2097 νόμον
3050 2024 3227 2087 διδοὺς
3244 2026 3336 2078 ἐπὶ
3362 2023 3451 2079 τοῦ
3478 2025 3656 2091 Σινᾶ,
3687 2023 3816 2094 παρτ

2212 2119 2587 2188 καταλάμπων
2637 2118 2726 2171 τὸν
2783 2117 3063 2189 Ἐὅραῖον,
3103 2115 3397 2190 ἐνεχείριζε
3436 2117 3541 2181 τὰς
3589 2117 3816 2181 πλάκας

2213 2211 2381 2285 αὐτῷ.
2416 2210 2782 2284 Περιαυγάζει
2806 2210 2983 2264 τοίνυν
3013 2210 3196 2275 αὐτὸν,
3221 2211 3308 2263 ἵνα
3335 2211 3423 2264 τὸν
3448 2210 3585 2263 νοῦν
3611 2210 3816 2263 ἐπιϐα·

2213 2305 2320 2359 λὼν
2363 2305 2471 2359 τῶν
2498 2304 2620 2358 τότε
2651 2304 2959 2376 γενομένων
2987 2306 3054 2376 τῇ
3094 2304 3372 2376 ὁμοιότητι
3402 2304 3496 2357 καὶ
3544 2302 3679 2365 νῦν,
3738 2303 3816 2357 κα*

2214 2398 2409 2469 ὥσπερ
2441 2399 2505 2451 ἐκ
2548 2397 2718 2469 λήθης
2757 2397 2902 2461 τινὸς
2947 2398 3139 2452 ἐαυτὸν
3186 2396 3521 2467 ἀφυπνίσας,
3560 2399 3816 2470 γνωρίσῃ

2215 2489 2316 2560 τῆς
2350 2491 2480 2561 μιᾶς
2505 2489 2791 2561 δυνάμεως
2815 2491 2942 2545 ὄντα
2971 2491 3041 2544 τὰ
3066 2489 3354 2560 θεοφάνιαο
3391 2489 3742 2543 ἀποστέλλει
3774 2489 3816 2544 δὲ

2219 2579 2281 2645 ἐξ
2312 2580 2545 2652 οὐρανοῦ
2572 2581 2670 2652 τὴν
2697 2580 2891 2652 αὐγὴν,
2922 2582 3009 2634 ἵνα
3044 2581 3240 2651 μηκέτι
3272 2581 3399 2653 περὶ
3423 2579 3527 2651 τὴν
3560 2580 3816 2652 Βηθλεὲμ

2220 2673 2316 2726 καὶ
2345 2672 2443 2743 τὴν
2472 2671 2766 2726 Γαλιλαίαν
2796 2672 3161 2744 στρεφόμενος
3184 2675 3249 2744 τῇ
3282 2672 3485 2742 διανοίᾳ
3507 2673 3540 2725 ὁ
3572 2673 3816 2736 Παῦλος.

2220 2765 2337 2819 υἱὸν
2360 2763 2456 2818 τοῦ
2490 2765 2654 2818 Δαὸὶδ
2692 2765 2934 2838 ὀνομάζῃ
2966 2764 3057 2818 τὸν
3099 2764 3336 2836 Χριστὸν
3368 2764 3458 2817 καὶ
3489 2754 3816 2836 ἄνθρωπον.

2221 2856 2318 2910 καὶ
2343 2855 2520 2931 πάντα
2546 2856 2616 2909 τὰ
2652 2854 2809 2918 ἄλλα,
2837 2854 2905 2907 τὰ
2935 2856 3036 2925 τῆς
3074 2853 3386 2924 οἰκονομίας
3413 2852 3679 2924 ὀνόματα
3697 2868 3713 2883 ·
3750 2852 3816 2904 δι·

2220 2948 2390 3021 δαχθῆ
2422 2949 2478 3002 δὲ
2509 2947 2715 3019 σαφῶς,
2739 2949 2820 3002 ὅτι
2853 2946 2988 3011 Θεὸς
3020 2945 3096 2999 ὣν
3126 2946 3363 3012 ἄνωθεν,
3392 2944 3642 3016 ἀφίκετο
3688 2946 3816 3017 πρὸς

2222 3035 2390 3106 ἡμᾶς,
2421 3033 2543 3087 ὅθεν
2571 3035 2664 3087 καὶ
2688 3032 2782 3087 νῦν
2815 3031 3179 3103 ἐπιφαίνεται.

2292 3124 2426 3182 Εῐτα
2477 3125 2800 3199 προστίθησι
2843 3124 3060 3195 σαφῶςν
3102 3124 3243 3194 Ἐγώ
3269 3125 3386 3192 ειμι
3430 3123 3727 3191 Ἰησοῦς·
3762 3122 3816 3175 τὸ

536 3205 680 3276 ejus,
716 3223 822 3278 qua
854 3223 913 3264 se
949 3210 1106 3264 nobis
1155 3209 1463 3279 inclinavit,
1495 3210 1848 3282 dejectionis,
1870 3223 1931 3269 ut
1959 3214 2119 3270 [idem

2245 3221 2323 3292 τῆς
2367 3218 2830 3289 συγκαταϐάσεως
2873 3217 3077 3291 ὀνομαο
3132 3217 3219 3271 ἵνα
3260 3214 3538 3288 βεϐαιώσῃ
3588 3214 3698 3288 τὴν
3729 3214 3816 3285 τῆς

543 3308 757 3354 astruat
807 3299 1236 3366 lncarnalionis,
1289 3301 1356 3355 ad
1404 3316 1566 3371 quam
1614 3302 2125 3359 scandalizabantur

540 3387 734 3445 Judaei.
791 3390 904 3462 Ego
963 3390 1052 3446 ille
1097 3407 1240 3456 sum,
1295 3405 1456 3461 quem
1509 3393 1800 3449 caedebatis
1855 3392 2122 3464 colaphis,

546 3496 708 3551 quem
765 3481 1144 3553 ﬂagellabatis,
1203 3498 1362 3552 quem
1403 3482 1682 3538 ducebatis
1742 3497 1808 3538 ac
1872 3485 2126 3539 traheba-

545 3577 619 3631 tis
657 3593 670 3632 :
721 3576 880 3630 modo
922 3575 1139 3645 quidem
1202 3575 1267 3629 ad
1329 3574 1611 3642 Caipham,
1671 3583 1855 3643 postea
1899 3589 2029 3630 vero
2059 3575 2127 3630 ad

547 3666 812 3731 Pilatum;
842 3679 1002 3734 quem
1031 3663 1246 3720 assidue
1271 3663 1408 3718 labri
1439 3663 1606 3718 lilium
1636 3663 1945 3729 vocabatis;
1965 3678 2126 3732 quem

548 3759 779 3814 mortuis
820 3756 1211 3820 accensebatis,
1282 3770 1476 3825 magno
1537 3757 1648 3811 risu
1713 3769 1808 3811 eos
1854 3756 2130 3825 excipien-

553 3859 634 3906 tes
672 3864 733 3904 ac
779 3848 1167 3919 explodentes,
1210 3848 1301 3917 qui
1358 3846 1719 3916 praedicarent
1773 3846 2132 3903 resurrectio-

550 3957 697 3999 nem.
756 3942 850 3996 llle
899 3940 1058 3996 modo
1100 3956 1222 3996 cum
1274 3939 1484 4008 loquar,
1535 3953 1643 3993 non
1697 3951 1967 4008 appareu;
2005 3952 2130 3993 cum

552 4034 751 4097 adsim,
781 4047 886 4087 non
927 4032 1113 4085 videor
1139 4052 1155 4084 ε
1187 4029 1427 4084 animum
1458 4028 1800 4096 illuminans,
1825 4026 2000 4082 oculis
2033 4025 2134 4082 of-

552 4125 721 4180 fundo
757 4125 1025 4179 tenebras.
1050 4121 1222 4178 Crede
1244 4137 1375 4192 ergo
1405 4121 1569 4176 etiam
1605 4120 1881 4191 Stephano
1914 4136 2001 4176 me
2033 4134 2131 4189 ap-

555 4217 800 4289 paruisse
832 4217 897 4283 “,
928 4216 1144 4285 quando
1179 4214 1226 4269 is
1255 4215 1306 4268 id
1340 4214 1491 4270 vobis
1526 4214 1712 4269 dicens
1750 4214 1973 4268 minime
2012 4227 2134 4268 cre-

448 4378 456 4388 δ
552 4309 807 4364 debatur.
846 4306 1050 4360 Durum
1080 4321 1213 4376 ergo
1243 4307 1337 4360 tibi
1376 4317 1451 4360 est
1478 4317 1660 4359 contra
1704 4304 1977 4359 stimulum
2016 4304 2129 4358 cal-

550 4400 770 4457 cilrare.
796 4398 1084 4453 Stimulum
1114 4398 1244 4453 dicit
1267 4438 1284 4465 ,
1314 4398 1498 4453 clavos
1544 4397 1740 4453 crucis.
1771 4395 2135 4464 Quemadmo-

2228 3311 2561 3386 σαρκώσεως
2586 3312 2798 3375 πίστιν,
2818 3311 2955 3383 πρὸς
2974 3311 3041 3383 ἢν
3072 3310 3316 3364 Ἰουδαῖοι
3338 3307 3816 3373 ἐσκανδαλίζοντο.

2238 3403 2381 3474 Ἐγώ
2407 3406 2525 3476 εἰμι
2556 3404 2783 3468 ἐκεῖνος,
2815 3401 2875 3456 δν
2918 3399 3265 3474 ἐρῥαπίζετε,
3291 3398 3350 3452 ὃν
3380 3395 3816 3470 ἐφραγελλοῦτε,

2226 3500 2286 3554 δν
2309 3499 2517 3554 εἴλκετε
2544 3499 2639 3554 καὶ
2661 3498 2907 3570 ἐφέρετε,
2932 3496 3026 3551 νῦν
3058 3496 3156 3568 μὲν
3185 3495 3321 3567 πρὸς
3339 3496 3635 3564 Καῖάφαν,
3664 3492 3816 3546 ὕστε-

2233 3610 2323 3664 ρον
2363 3593 2420 3647 δὲ
2460 3592 2598 3665 πρὸς
2629 3593 2897 3646 Πιλᾶτον*
2930 3590 2989 3644 ὃν
3031 3588 3354 3644 ἀπεκαλείτε
3402 3586 3660 3658 συνεχῶς
3707 3586 3816 3639 υἱὸν

2228 3684 2324 3738 τοῦ
2355 3685 2624 3751 τέκτονος,
2659 3684 2718 3737 δν
2746 3684 2806 3737 ἐν
2828 3685 2939 3747 τοῖς
2964 3685 3179 3755 νεκροῖς
3213 3680 3520 3752 aptemus,
3556 3679 3816 3749 γελῶντες

2234 3776 2449 3849 μεγάλα
2475 3775 2612 3847 πρὸς
2626 3776 2752 3840 τοὺς
2782 3793 2853 3847 κη
2862 3774 3153 3847 ρύττοντας
3173 3772 3272 3845 τὴν
3292 3772 3625 3827 ἀνάστασιν.
3664 3772 3816 3823 Ἐκεῖ-

2232 3888 2323 3936 νος
2366 3869 2462 3925 νῦν
2499 3870 2698 3934 λαλῶν,
2730 3870 2793 3923 οὐ
2838 3869 3139 3941 φαίνομαι’
3180 3865 3394 3938 παρὼν,
3433 3866 3536 3935 οὐχ
3573 3865 3816 3937 ὁρῶμαι·

2233 3965 2482 4036 φωτίζων
2499 3964 2700 4037 ψυχὴν,
2717 3963 3013 4035 ὀφθαλμοῖς
3036 3962 3257 4031 ἐπάγων
3279 3960 3346 3992 ¹⁰⁶
3373 3959 3712 4031 τυφλότητα,
3736 3957 3816 4009 Πξ.

2236 4074 2458 4111 στευσον
2485 4051 2600 4120 οὖν,
2631 4056 2713 4109 ὅτι
2748 4056 2844 4109 καὶ
2876 4052 3138 4123 Στεφάνῳ
3172 4049 3494 4123 ἐφαινόμην,
3542 4050 3641 4103 ὅτε
3677 4045 3816 4101 τοῦτο

2233 4150 2406 4219 λέγων
2434 4149 2569 4222 πρὸς
2596 4148 2742 4220 ὑμᾶς
2794 4148 3095 4216 ἡπιστεῖτο.
3125 4143 3402 4214 Σκληρόν
3424 4138 3520 4196 οὖν
3554 4159 3663 4197 σοι
3683 4138 3815 4209 πρὸς

2235 4242 2454 4311 κέντρα
2479 4239 2796 4302 λακτίζειν.
2824 4239 3045 4311 Κέντρα
3078 4238 3251 4308 λέγει,
3286 4234 3380 4290 τοῦ
3422 4235 3675 4307 σταυροῦ
3707 4224 3816 4294 τοῦς

2235 4331 2419 4401 ἥλους.
2471 4330 2561 4394 Ὠς
2595 4329 2706 4402 γὰρ
2735 4330 2764 4382 ό
2801 4328 3005 4400 σιδήρῳ
3036 4326 3358 4400 τεθηγμένῳ
3394 4326 3812 4399 ἐνρηγνύμενος.

2235 4425 2337 4478 οὐκ
2382 4425 2589 4478 ἐκεῖνον
2622 4423 2924 4495 διαφθείρει
2953 4464 2969 4489 ,
3004 4422 3022 4494 (
3049 4423 3167 4488 πῶς
3205 4423 3316 4495 γὰρ
3356 4421 3448 4475 τὸν
3490 4418 3810 4494 σκληρόν;)

551 4493 684 4548 dum
713 4491 857 4548 enim
903 4491 995 4561 qui
1032 4498 1191 4545 acuto
1243 4488 1389 4545 lerro
1435 4489 1715 4560 impingit,
1751 4489 1883 4545 nihil
1913 4488 2119 4561 quidem

2245 4517 2427 4571 ἐαυτὸν
2469 4516 2527 4569 δέ
2575 4488 2901 4590 τιτρωσκε-ιο
2950 4488 3095 4571 οὕτω
3144 4488 3238 4570 καλ.
3327 4515 3465 4587 πρὸς
3504 4488 3662 4569 Θεὸν.
3685 4512 3815 4583 φιλο⁹

556 4585 935 4650 laeditl'errum,
973 4583 1084 4655 (qui
1107 4582 1274 4649 enim,
1302 4598 1429 4638 cum
1453 4583 1527 4638 sit
1554 4585 1745 4638 durum
1767 4597 1833 4637 ac
1861 4581 2141 4654 resistat?)

554 4692 618 4733 se
640 4686 845 4765 6autem
890 4675 1004 4744 ipse
1044 4673 1297 4730 vulnerat
1346 4692 1360 4728 :
1403 4673 1486 4730 sic
1515 4674 1680 4731 etiam
1716 4672 1808 4742 qui
1859 4673 2140 4728 contendit

557 4791 680 4833 cum
721 4774 850 4841 Deo,
881 4773 1025 4829 ultro
1060 4773 1163 4829 sibi
1201 4772 1483 4828 interitum
1513 4778 1791 4841 provocat.
1818 4767 1940 4823 1am
1986 4783 2137 4838 ergo,

559 4870 717 4927 stude
754 4869 934 4939 sapias
960 4882 1024 4922 ac
1050 4864 1361 4922 emenderis
1383 4903 1400 4929 ,
1428 4864 1674 4934 visuque,
1707 4879 1736 4914 a
1772 4860 2006 4916 mirabili
2042 4860 2141 4916 illo

563 4963 787 5034 fulgore,
817 4960 1038 5022 amisso,
1076 4972 1220 5013 nunc
1251 4969 1374 5012 cum
1408 4954 1600 5025 primis
1628 4952 1903 5023 intellige,
1932 4951 2141 5007 idcirco

562 5054 803 5112 induisse
822 5067 907 5107 me
929 5065 1146 5122 corpus,
1177 5063 1245 5104 ac
1276 5045 1779 5103 hominem'l‘actum
1807 5059 1952 5108 esse,
1974 5054 2039 5100 ut
2068 5058 2138 5101 ne

561 5159 768 5210 omnes,
789 5143 946 5199 nudat
962 5142 1083 5197 velo
1103 5140 1287 5196 deitati
1310 5144 1749 5198 consuescentes.
1770 5134 1901 5191 caeci
1923 5134 2136 5190 tierent.

634 5237 729 5292 llis
755 5235 829 5288 ita
867 5233 1039 5304 gestis
1062 5232 1364 5302 dictisque,
1395 5245 1463 5286 en
1491 5228 1590 5285 tibi
1623 5226 1822 5283 Paulus
1842 5241 2005 5282 manu
2035 5226 2139 5281 du-

568 5332 809 5394 cebatur,
842 5323 1149 5382 miserabile
1173 5321 1544 5394 spectaculum
1592 5337 1607 5375 :
1642 5318 1770 5388 quin
1798 5318 1908 5373 imo
1939 5316 2140 5388 jucun-

565 5424 716 5488 dum,
750 5419 1055 5490 meritoque
1096 5416 1279 5473 laetitia
1329 5413 1567 5471 alliciens
1615 5411 1875 5467 animum.
1916 5408 2144 5464 Vinctus

564 5524 650 5571 est
680 5514 872 5582 lupus,
914 5510 1214 5579 castigatus
1257 5516 1464 5578 raptor,
1503 5505 1658 5562 ferox
1699 5501 2141 5567 mansuefactus;

568 5606 690 5663 lene
734 5603 1017 5661 incedebat
1075 5602 1232 5658 velox
1266 5599 1357 5655 ille
1389 5614 1615 5664 cursor;
1647 5595 1943 5667 discipulus
1973 5592 2144 5650 addu-

639 5837 662 5870 '
701 5834 929 5893 Philem.
962 5833 1017 5891 9.
1098 5831 1140 5865 “
1179 5832 1300 5888 Act.
1331 5843 1427 5899 vti,
1457 5827 1545 5885 55.
1650 5827 1692 5861 ¹⁶
1731 5827 1817 5883 ia.
1851 5824 2063 5894 ἐπάγω.

2237 4609 2454 4676 νεικῶν,
2483 4610 2807 4682 αὐθαίρετον
2831 4610 3132 4665 ἐπισπᾶται
3155 4609 3249 4664 τὸν
3269 4608 3509 4678 δλεθρον.
3536 4605 3813 4679 Σωφρόνησ

2240 4720 2333 4757 σον
2360 4697 2454 4756 οὖν
2480 4701 2574 4756 τοῦ
2621 4701 2834 4770 λοιποῦ,
2879 4703 2973 4757 καὶ
3001 4702 3100 4774 τὴν
3133 4702 3257 4772 ὄψιν
3294 4699 3573 4764 ἀπολέσας
3607 4698 3697 4754 διὰ
3727 4698 3810 4765 τῆς

2240 4786 2562 4858 Θαυμαστῆς
2595 4787 2960 4860 λαμπηδόνος,
2997 4788 3092 4842 νῦν
3124 4787 3361 4858 μάλιστα
3384 4786 3610 4858 νόησον,
3636 4787 3715 4839 ὅτι
3738 4782 3811 4835 διὰ

2234 4880 2396 4936 τοῦτο
2422 4881 2759 4953 ἐνεδυσάμην
2789 4881 2971 4953 σῶμα,
2994 4882 3089 4936 καὶ
3111 4881 3378 4952 ἐγενόμην
3402 4878 3715 4951 ἄνθρωπος,
3735 4876 3807 4929 ἴνα

2243 4974 2319 5047 μὴ
2357 4975 2559 5039 πάντες
2596 4973 2974 5044 τυφλωθῶσιν,
3012 4977 3061 5029 οἱ
3098 4976 3279 5047 γυμνῇ
3319 4973 3807 5045 παραπετάσματος

2242 5065 2701 5138 προσομιλοῦντες
2724 5064 2960 5137 θεότητι.

2312 5221 2502 5277 Ταῦτα
2521 5238 2536 5255 ’
2564 5222 2661 5277 καὶ
2697 5220 3210 5294 χειραγωγούμενος
3269 5221 3299 5276 ὸ
3329 5220 3545 5286 Παῦλος
3588 5222 3806 5292 ἀπήγετο

2245 5316 2479 5370 ἐλεεινὸν
2495 5316 2703 5387 θέαμα,
2732 5313 2933 5386 μᾶλλον
2950 5315 3005 5369 δὲ
3033 5316 3223 5389 χάριεν
3242 5315 3339 5370 καὶ¹
3365 5315 3428 5369 Θυ
3437 5314 3642 5386 μηδίας
3659 5310 3801 5378 ἄξιον.

2256 5409 2446 5480 Ἐδέοη
2478 5410 2507 5461 ὁ
2531 5407 2721 5475 λύκος,
2767 5409 3145 5481 ἐσωφρονίσθη
3196 5411 3225 5463 ὁ
3258 5408 3467 5481 ἅρπαξ.
3503 5406 3753 5480 ἡμερώθη
3783 5402 3805 5452 ὁ

2244 5503 2455 5576 ἄγριος,
2486 5501 2703 5566 ἐϐάδιζε
2728 5501 2921 5574 πράως
2951 5504 2980 5556 ό
3028 5502 3268 5576 τρέχων·
3302 5503 3551 5574 ἀπήγετο
3590 5497 3803 5574 μαθητὴς

2244 5598 2275 5649 ὁ
2303 5592 2410 5647 τῶν
2456 5590 2719 5664 μαθητῶν
2750 5591 3043 5664 τύραννος’
3074 5594 3238 5664 ἤγετο
3275 5595 3418 5648 πιεῖν
3442 5590 3541 5645 τοῦ
3578 5592 3732 5649 ἄλλον
3759 5582 3805 5638 τὸ
