3820 6308
78 296 164 355 εει
938 297 1221 356 HOMILIA
1261 299 1393 356 Vlll.
1428 300 1495 356 ΙΝ
1537 301 1626 356 SS.

1732 297 1954 355 ETRUM
1995 301 2081 357 ET
2119 300 2430 360 PAULUM.

3207 307 3314 366 ιιοο

77 417 189 488 αἷμα
214 417 243 470 6
269 416 353 488 τῷ
401 417 605 488 αἵματι
647 415 918 486 Στεφάνου
963 418 1372 490 μεμολυσμένος
1402 420 1502 484 τὰς
1533 422 1626 490 χεῖ·

1747 419 1991 484 cebatur,
2025 413 2408 490 discipulorum
2452 429 2730 492 tyrannus;
2764 423 3060 480 ducebatur
3087 424 3314 481 alterius

79 527 173 580 ρις.
220 507 346 562 Ἐπὶ
381 513 544 580 τρεῖς
579 510 638 564 δὲ
672 509 882 581 ἡμέρας
917 508 1217 564 διετέλεσεν
1250 512 1308 563 ἐν
1344 511 1638 584 τυφλότητι

77 604 179 665 ζῶν.
214 604 324 655 Καὶ
358 603 518 673 μάλα
547 603 792 666 είκότως.
835 603 894 655 '0
917 604 1025 673 γάρ
1057 604 1137 667 εἰς
1163 603 1262 674 τὴν
1300 603 1504 674 Τριάδα
1532 603 1643 656 διαο

79 694 294 764 μαρτὼν,
328 695 573 758 δικαίως
605 694 894 765 ἰσάριθμον
939 695 1302 768 κατεδικάσθη
1333 697 1432 768 τὴν
1464 713 1640 767 τιμω-

79 803 194 842 μίαν.

128 877 274 930 οῡτω
311 876 422 946 μὲν
467 872 566 932 οὖν
596 879 626 931 6
659 877 945 942 θεσπέσιος
1001 881 1438 952 ὲμυσταγωγήθη
1501 881 1640 954 πρὸς

75 968 149 1036 τὴν
190 966 510 1021 εὐσέϐειαν.
560 967 778 1038 Ἐπειδὴ
819 969 877 1021 δὲ
919 968 1018 1040 τῆς
1055 970 1311 1042 ἀληθείας
1352 971 1636 1040 ἐγεύσατο,

77 1061 149 1110 ut
181 1058 266 1110 διά
297 1059 409 1129 τῆς
446 1058 648 1131 πείρας
682 1059 910 1131 έμαθεν,
945 1065 1028 1116 ὅτι
1057 1062 1122 1135 ζῇ
1161 1067 1190 1117 6
1235 1065 1500 1136 Χριστὸς,
1544 1067 1640 1120 καὶ

74 1154 210 1214 ἐςτιν,
238 1153 332 1204 καὶ
367 1151 658 1220 βασιλεύει
687 1151 794 1204 τῶν
817 1153 974 1218 ὅλων,
1003 1154 1127 1208 οὔτε
1155 1155 1213 1208 δὲ
1239 1157 1450 1230 ἐφθάρη
1486 1158 1639 1229 παρά

73 1242 146 1292 το]
180 1242 441 1307 θανάτου,
479 1242 605 1296 οὔτε
639 1243 848 1315 ὲκλάπη
881 1245 1030 1316 παρά
1059 1245 1169 1300 τῶν
1217 1247 1473 1318 μαθητῶν
1493 1265 1506 1280 ·
1537 1266 1634 1302 τα-

74 1337 184 1402 15w;
209 1337 267 1386 ἐκ
307 1333 410 1387 τοῦ
448 1336 620 1405 νόμου
659 1335 1100 1407 μεταταξάμενος
1130 1338 1264 1410 πρὸς
1295 1341 1355 1392 τὸ
1395 1341 1637 1410 Εὐαγγέ-

74 1426 178 1486 im,
202 1428 339 1478 πᾶσι
372 1427 726 1497 κατήγγελλε
758 1427 890 1480 Θεὸν
915 1429 1004 1481 τὸν
1033 1430 1287 1503 Χριστὸν,
1313 1431 1372 1484 ὃν
1393 1431 1520 1502 χθὲς
1542 1435 1636 1486 καὶ

77 1517 233 1588 πρώην
267 1519 549 1590 ἐλοιδόρει
586 1523 705 1584 ταῖς
739 1520 1128 1592 βλασφημίαις,
1168 1524 1262 1576 καὶ
1292 1524 1531 1588 τοιοῦτος
1567 1521 1636 1596 ἦν

77 1612 354 1680 σύμμαχος,
380 1607 505 1675 οἷος
527 1614 618 1665 καὶ
640 1613 898 1684 πολέμιος
917 1629 930 1642 ⁶
957 1616 1176 1686 ίσχυρὸς
1199 1616 1308 1687 γὰρ
1325 1617 1630 1689 ἀμφότερα.

83 1703 269 1773 Ἀθρόον
295 1703 356 1755 δὲ
382 1705 487 1756 καὶ
514 1703 792 1774 ἀδοκήτως
819 1705 1072 1758 εἰσελθὼν
1092 1709 1171 1769 είς
1189 1707 1289 1770 τὰς
1315 1710 1634 1779 συναγωγὰς

1744 510 1970 566 bibitum
2003 513 2343 582 sanguinem,
2375 514 2463 583 qui
2499 512 2758 584 Stephani
2809 517 3073 587 sanguine
3121 533 3313 574 uiantis

1741 603 2044 670 polluisset.
2082 605 2279 661 Mansit
2309 615 2488 660 autem
2523 607 2590 660 ad
2633 617 2740 662 tres
2769 609 2884 664 dies
2917 624 3112 665 caecus.
3147 609 3313 664 Plane

1741 695 1935 748 merito
1969 712 1983 748 :
2021 698 2112 764 qui
2143 697 2286 750 enim
2333 695 2387 749 in
2423 696 2746 753 Trinitatem
2793 710 3109 770 peccasset.
3145 702 3312 758 triunt

1736 781 1860 853 jure
1888 783 2096 839 dierum
2125 785 2312 840 debuit
2345 799 2499 855 poena
2535 787 2714 856 plecti.

1811 874 1965 931 Hunc
2005 889 2139 932 sane
2177 878 2391 931 modum
2443 878 2774 935 admirabilis
2823 880 2911 936 ille
2943 881 3008 937 ad
3055 884 3308 952 pietatem

1739 969 1986 1024 eruditus
2031 976 2136 1022 est.
2186 967 2286 1023 Ubi
2314 981 2494 1024 autem
2524 972 2802 1027 veritatem
2833 982 3130 1041 gustasset,
3169 974 3312 1029 didi-

1737 1060 2007 1127 cissetque
2069 1060 2400 1130 experientia
2461 1062 2737 1118 Christum
2803 1065 3020 1132 vivere,
3083 1081 3312 1136 esseque

1739 1167 1803 1207 ac
1835 1152 2211 1206 universorum
2247 1153 2550 1219 dominari;
2587 1169 2686 1210 nec
2713 1170 2742 1209 a
2777 1167 2950 1210 morte
2987 1157 3154 1212 fuisse
3188 1172 3311 1212 cor-

1741 1255 1995 1313 ruptum;
2029 1257 2190 1299 autve
2217 1245 2513 1308 discipulos
2548 1261 2670 1301 eum
2706 1246 2910 1302 furatos
2941 1263 3084 1312 esse,
3122 1248 3306 1303 statim

1741 1352 1769 1388 a
1809 1336 1925 1407 lege
1951 1339 2016 1390 ad
2042 1337 2389 1408 Evangelium
2422 1340 2834 1409 transmigrans,
2863 1341 3128 1395 universis
3148 1341 3310 1395 Chri-

1737 1437 1900 1493 stum,
1931 1443 2090 1497 quem
2122 1445 2290 1498 nuper
2309 1429 2689 1498 blasphemans
2713 1432 2962 1486 convitiis
2983 1433 3308 1502 .impetebat,

1741 1518 1905 1574 Deum
1943 1519 2296 1574 annuntiabat
2338 1537 2353 1573 :
2393 1531 2640 1589 eratque,
2688 1522 2861 1591 qualis
2907 1523 3096 1578 fuisset
3118 1524 3306 1588 hostis,

1736 1613 1860 1665 talis
1892 1613 2070 1665 socius
2107 1626 2172 1664 ac
2203 1612 2513 1666 auxiliator.
2557 1610 2801 1682 Utroque
2836 1614 3089 1667 nimirum
3121 1625 3313 1684 potens

1738 1713 1899 1771 atque
1945 1703 2232 1756 robustior.
2270 1702 2538 1757 Continuo
2583 1713 2761 1757 autem
2801 1719 2865 1758 ac
2906 1704 3181 1772 inopinato
3227 1704 3309 1757 iu-

74 1795 358 1862 Δαμασκοῦ,
384 1795 491 1849 τοῦ
519 1796 686 1866 νόμου
714 1796 807 1850 καὶ
835 1797 945 1852 τῶν
972 1798 1269 1870 προφητῶν
1300 1800 1626 1872 ἐδημηγόρει

1735 1809 1954 1863 gressus
1981 1795 2032 1848 in
2064 1809 2368 1866 synagogas
2395 1795 2678 1860 Damasci,
2726 1797 2856 1865 legis
2891 1795 3055 1850 libros
3085 1813 3147 1850 ac
3179 1811 3307 1864 pro-

74 1886 170 1947 mit;
192 1884 413 1953 λόγους,
432 1886 500 1938 οὐ
529 1887 695 1958 νόμου
719 1887 1022 1959 κρατύνων,
1047 1889 1161 1942 ἀλλ’
1189 1891 1283 1943 ἀπ’
1310 1891 1519 1946 ἐκείνου
1542 1893 1632 1945 τὸν

72 1978 272 2047 Χριστὸν
309 1978 668 2050 συγκροτῶν,
705 1980 797 2032 καὶ
845 1981 1150 2052 συγκρίνων
1184 1984 1296 2046 τοῖς
1328 1983 1632 2054 γινομένοις

72 2070 327 2140 πράγμασι
363 2071 474 2134 τὰς
499 2071 963 2143 προσαγορεύσεις
987 2072 1094 2125 τῶν
1122 2073 1401 2146 μαθητῶν,
1433 2075 1526 2128 καὶ
1546 2076 1634 2130 διά

69 2163 202 2230 *ὁμου
233 2167 404 2233 νόμον
437 2163 743 2217 ἐκδάλλων.
782 2165 992 2237 ’Ὠσπερ
1030 2161 1124 2220 οὖν
1155 2167 1248 2220 καὶ
1284 2169 1412 2240 περὶ
1437 2168 1629 2222 ἐαυτοῦ

69 2271 224 2325 φησιν,
255 2256 608 2310 ἐπιστέλλων
640 2257 932 2329 Ῥωμαίοις
949 2275 962 2288 ’
998 2257 1146 2328 Ἐγὼ
1170 2258 1281 2328 γὰρ
1301 2259 1400 2314 διὰ
1418 2260 1627 2329 νόμου,

69 2350 200 2416 νόμῳ
254 2349 606 2404 ἀπέθανον·
648 2350 926 2403 τουτέστιν
944 2389 959 2415 ,
1009 2349 1142 2403 Ἀπὸ
1174 2352 1282 2404 τῶν
1321 2352 1630 2405 Μωσαῖκῶν

67 2443 386 2512 γραμμάτων
433 2442 744 2513 ὁδηγηθεὶς,
783 2441 1028 2511 ἐπέγνων
1056 2443 1156 2514 τὴν
1180 2441 1272 2497 τοῦ
1297 2444 1628 2514 Εὐαγγελίου

70 2534 342 2588 εὐσέϐειαν.
397 2534 714 2604 Ἐκπληξις
758 2531 854 2590 οὖν
903 2530 1016 2605 εἶχε
1053 2535 1152 2606 τὴν
1190 2537 1502 2608 Δαμασκὸν,
1535 2538 1629 2592 καὶ

69 2625 236 2686 πάντες
265 2625 411 2695 πρὸς
453 2625 682 2688 ἑαυτοὺς
724 2624 1027 2692 ἐξεθείαζον
1048 2641 1062 2653 ο
1097 2625 1282 2694 Δεῦτε,
1307 2626 1500 2681 θεᾶσθε
1537 2627 1628 2680 τὸν

71 2715 255 2785 Ταρσέα
297 2717 584 2788 Ἑϐραίον,
611 2717 700 2769 τὸν
728 2716 821 2769 τοῦ
848 2717 1100 2788 πατρῴου
1121 2717 1286 2788 νόμου
1307 2717 1496 2783 ζέοντα
1520 2736 1626 2789 μα-

70 2803 227 2876 θητὴν,
253 2808 498 2879 σφοδρὸν
515 2807 611 2861 τοῦ
649 2808 824 2878 Ἰησοῦ
848 2811 1166 2881 συνήγορον,
1193 2810 1286 2863 καὶ.
1311 2809 1444 2863 Θεὸν
1467 2810 1627 2865 αὑτὸν

72 2899 440 2959 ἀνακαλοῦντα.
465 2899 563 2953 καὶ
590 2901 655 2953 ἐκ
681 2900 790 2954 τῶν
813 2901 1098 2973 ἡμετέρων
1119 2902 1462 2973 γραμμάτων
1487 2903 1626 2955 ἀπο-

69 2990 344 3056 δεικνύντα,
369 2995 462 3047 ὂτι
492 2988 645 3057 οὗτος
670 2995 817 3046 ἐστιν
842 2997 871 3048 6
893 2997 1015 3047 κατ’
1046 2995 1380 3064 ἐπαγγελίαν
1409 2997 1622 3068 Σωτήρ.

72 3081 174 3144 Δέος
214 3077 306 3136 οὖν
355 3083 436 3153 μὴ
477 3084 658 3136 πᾶσαν
707 3083 1011 3156 μεταπείσῃ
1061 3085 1160 3154 τὴν
1191 3083 1366 3146 πόλιν,
1415 3082 1489 3154 μὴ
1531 3085 1624 3138 καὶ

69 3173 166 3225 ὅλον
195 3172 282 3226 τὸν
309 3175 495 3245 δῆμον
537 3176 811 3244 ἐπάγηται
848 3175 944 3228 καὶ
978 3176 1261 3247 ἀποστήσῃ
1299 3175 1393 3228 τοῦ
1432 3177 1618 3246 νόμου.

73 3262 161 3315 Καὶ
196 3265 301 3336 γάρ
338 3268 465 3318 ἐστι
509 3265 610 3336 τῆς
656 3266 695 3317 Γ
700 3265 878 3336 ραφῆς
921 3266 1184 3338 ἀσκητὴς,
1228 3267 1323 3320 καὶ
1364 3266 1454 3319 τὸν
1499 3266 1622 3320 νοῦν

71 3354 190 3418 ὀξὺς,
211 3358 303 3410 καὶ
332 3356 541 3428 γοργὸς
567 3356 658 3410 τὸν
696 3355 873 3425 λόγον,
909 3357 1004 3410 καὶ
1031 3356 1122 3410 τὸν
1149 3358 1348 3430 τρόπον
1377 3358 1622 3428 εὐμήχα-

73 3463 159 3511 ws,
205 3449 296 3502 καὶ
343 3447 489 3501 πολὺ
532 3447 869 3518 κεκτημένος
907 3446 969 3500 τὸ
1018 3448 1360 3516 ἀξιόπιστον·
1408 3449 1500 3518 ἀφ’
1548 3444 1622 3501 ὧν

74 3538 281 3608 ἀκριὸὦς
305 3539 473 3602 εἰδὼς
500 3539 570 3592 τά
599 3539 867 3610 ἡμέτερα,
897 3540 998 3592 οῦκ
1026 3540 1220 3612 ἀγνοίᾳ
1245 3541 1393 3593 δοκεῖ
1420 3540 1622 3594 πλανᾶ-

75 3627 190 3691 σθαι,
221 3631 354 3684 ἀλλά
399 3631 702 3701 δοκιμασίᾳ
736 3633 830 3684 καὶ
861 3631 1038 3702 κρίσει
1071 3632 1132 3684 τὸ
1166 3632 1365 3703 ἀληθὲς
1394 3633 1623 3704 εὑρηκέ-

73 3734 158 3771 ναι.
195 3721 282 3784 Εἰς
317 3723 532 3793 ταύτην
556 3721 656 3793 τὴν
686 3721 996 3792 ἀμηχανίαν
1023 3721 1243 3776 ἐνέϐαλε
1269 3723 1420 3778 πόλιν
1455 3725 1622 3793 μεγά-

73 3808 173 3878 λην,
217 3812 387 3884 δῆμον
445 3813 900 3883 πολυάνθρωπον,
952 3814 1168 3884 πρῶτον
1212 3814 1306 3869 τοῦ
1369 3817 1621 3884 γενναίου

78 3904 384 3974 προσηλύτου
411 3907 484 3977 κή
495 3922 680 3977 ρυγμα
699 3922 712 3935 °
737 3907 831 3959 καὶ
857 3905 1019 3958 πλέον
1034 3907 1157 3960 τότε
1188 3907 1477 3978 Δαμασκὸς
1496 3910 1623 3962 ἐτα-

77 3994 284 4061 ράττετο,
330 3999 364 4070 ἦ
411 3997 611 4070 πρώην
653 4000 703 4051 οί
752 3999 809 4050 ἐν
852 3997 1247 4071 Ἱεροσολύμοις
1280 4000 1619 4071 Χριστιανοὶ,

75 4085 205 4154 ἡνίκα
228 4092 501 4162 Στέφανον
525 4091 737 4153 Παῦλος
767 4091 1034 4156 ἐλίθαζεν.
1077 4094 1164 4157 Ὠς
1193 4093 1302 4163 γάρ
1328 4095 1377 4147 οί
1409 4093 1622 4166 θαυμα-

76 4177 165 4228 στοὶ
196 4181 298 4232 τῶν
346 4181 624 4253 ἀριστέων
665 4184 800 4235 ὅπου
837 4181 884 4234 δ’
923 4181 986 4234 ἂν
1029 4183 1456 4252 μετατάξωνται,
1505 4186 1625 4236 ἐκεῖ

75 4268 150 4336 τὴν
172 4271 316 4342 νίκην
354 4276 712 4345 μετάγουσιν,
742 4272 915 4336 οὕτως
937 4275 966 4326 6
992 4273 1277 4338 θεσπέσιος
1311 4275 1450 4347 ἀνὴρ
1475 4275 1622 4329 ὲκεί-

74 4375 173 4424 tm;
203 4366 419 4430 πάντως
455 4366 628 4420 ἐποίει
653 4366 942 4436 μεγάλους,
983 4362 1064 4430 οἷς
1103 4367 1201 4438 τὴν
1240 4368 1436 4422 ἑαυτοῦ
1475 4386 1620 4442 παρ-

77 4453 164 4520 rixa
199 4457 387 4528 ῥοπήν.

133 4713 267 4768 οὕτω
313 4717 495 4771 τοίνυν
526 4718 909 4788 ’καταγγείλας
946 4720 1004 4773 ἐν
1052 4723 1119 4792 τῇ
1166 4720 1383 4793 Φοινίκῃ
1428 4723 1487 4776 τὸ
1519 4724 1618 4777 Εὑ-

84 4805 311 4872 ιιγγέλιον,
351 4811 450 4862 καὶ
495 4809 563 4863 τά
612 4809 803 4881 πρῶτα
853 4811 1142 4881 σπέρματα
1177 4812 1278 4882 τῆς
1319 4814 1622 4886 ἀποστολῆς

84 4895 173 4947 ἐκεῖ
205 4901 659 4972 καταϐαλόμενος,
706 4900 832 4954 ἔνθα
875 4901 969 4954 καὶ
1009 4903 1169 4967 αύτὸς
1223 4906 1497 4976 ἐφωτίσθη
1551 4908 1617 4977 τῇ

81 4987 260 5052 γνώσει,
301 4988 464 5064 ἦλθεν
497 4993 579 5055 είς
606 4991 705 5063 τὴν
744 4991 1118 5064 Ἰερουσαλὴμ,
1167 4994 1315 5058 ξένον
1356 4999 1467 5059 τοῖς
1505 4997 1621 5050 ἐκεῖ

84 5080 156 5130 tu".
178 5083 322 5138 καλὸν
357 5085 554 5156 θέαμα.
584 5086 645 5137 Οἱ
691 5084 790 5155 μὲν
823 5085 932 5157 γάρ
970 5087 1389 5157 προπέμψαντες
1433 5090 1616 5153 αὑτὸν,

85 5175 155 5224 ni
179 5176 341 5243 δόντες
381 5181 450 5234 τὰ
481 5183 536 5232 ἐν
565 5179 716 5250 μέσῳ
750 5179 1054 5249 συμϐάντα,
1103 5179 1426 5251 θεασάμενοι
1464 5182 1616 5254 πρῶ-

86 5278 170 5326 τον,
199 5269 353 5338 ἡδέως
383 5289 445 5324 τε
474 5267 634 5336 εἶδον,
662 5273 758 5324 καὶ
785 5271 1030 5342 ἀπῄτουν
1051 5270 1149 5342 τὴν
1185 5271 1378 5343 θήραν,
1417 5272 1618 5343 πλῆθος

87 5352 377 5424 Χριστιανῶν
416 5362 715 5432 δεσμωτῶν
757 5362 1074 5425 ἐλπίσαντες
1108 5363 1355 5432 ὄψεσθαι,
1387 5366 1481 5419 καὶ
1512 5366 1619 5418 τῶν

90 5447 255 5502 πολλῶν
285 5455 626 5524 ὑποσχέσεων
656 5453 942 5524 ζητοῦντες
972 5455 1032 5508 τὸ
1059 5454 1237 5526 ἔργον.
1278 5457 1428 5509 Ἐπεὶ
1457 5457 1511 5510 δὲ
1540 5457 1622 5510 λό-

87 5551 161 5602 τευ
200 5547 569 5616 προὸαίνοντος
621 5538 780 5620 εὗρον
833 5546 1045 5603 Παῦλον
1088 5549 1179 5605 τὸν
1220 5547 1444 5615 Σαῦλον,
1493 5567 1618 5602 συν-

152 5743 181 5771 ιί
212 5745 317 5800 Gal.
351 5765 408 5816 ιι,
447 5752 525 5805 l9.

1735 1888 2018 1954 phetarnm
2047 1902 2144 1956 pro
2199 1889 2461 1943 concione
2488 1888 2792 1957 estponebat
2812 1927 2827 1950 ,
2865 1903 2970 1942 non
3000 1889 3218 1958 quidem
3251 1899 3310 1942 ut

1733 1975 1901 2044 legem
1935 1980 2302 2043 confirmaret,
2335 1981 2428 2034 sed
2457 1990 2572 2034 uta
2604 1981 2722 2050 lege
2749 1981 3019 2035 Christum
3049 1983 3308 2052 praedica-

1733 2081 1834 2133 ret,
1867 2086 2188 2140 comparans
2222 2087 2344 2126 cum
2391 2073 2457 2127 iis
2483 2089 2602 2142 quae
2627 2087 2968 2142 gererentur,
2998 2075 3298 2144 discipulo-

1733 2176 1848 2214 rum
1883 2176 2185 2225 sermones,
2209 2175 2272 2215 ac
2308 2161 2538 2232 denique
2567 2179 2660 2232 per
2686 2165 2875 2231 legem,
2904 2165 3072 2233 legem
3119 2167 3305 2219 exclu-

1731 2250 1884 2315 dens,
1927 2251 2000 2303 uti
2038 2251 2149 2321 ipse
2181 2251 2247 2306 de
2296 2253 2473 2322 seipse
2504 2254 2578 2306 ait
2606 2255 2672 2309 ad
2707 2255 2980 2310 Romanos
3013 2258 3252 2314 scribens
3285 2277 3302 2314 :

1732 2339 1844 2411 Ego
1885 2343 2021 2396 enim
2057 2359 2148 2411 per
2181 2343 2378 2412 legem,
2408 2345 2508 2412 legi
2547 2358 2782 2399 mortuus
2825 2364 2940 2401 sum
2968 2349 3032 2414 ¹¹,
3066 2351 3167 2405 hoc
3198 2361 3303 2414 est,

1730 2434 2053 2503 scriptorum
2089 2449 2181 2500 per
2218 2435 2430 2506 Moysen
2477 2438 2668 2504 ductu,
2710 2441 3070 2509 evangelicam
3113 2445 3305 2512 agnovi

1730 2525 2002 2594 pietatem.
2041 2524 2241 2595 Stupor
2282 2541 2412 2597 ergo
2451 2527 2770 2584 Damascum
2809 2532 3053 2597 tenebat,
3089 2536 3307 2590 univer-

1729 2616 1882 2685 sique
1915 2627 2163 2686 portento
2193 2619 2369 2674 simile
2399 2634 2462 2674 ac
2493 2621 2730 2675 divinum
2773 2623 2900 2692 quid
2947 2627 3084 2693 apud
3116 2642 3174 2680 se
3217 2643 3306 2681 ce-

1729 2705 2014 2762 lebrabant
2048 2727 2059 2762 :
2095 2709 2284 2764 Venite
2305 2750 2322 2775 ,
2354 2711 2531 2766 videte
2565 2711 2848 2766 llebraaum
2885 2715 3032 2768 illum
3066 2718 3304 2772 Tarscno

1728 2814 1876 2867 sem,
1923 2800 2222 2854 ferventem
2277 2801 2426 2856 illum
2481 2813 2720 2872 paterna
2771 2803 2906 2874 legis
2955 2807 3302 2874 discipulum,

1728 2907 1905 2946 acrem
1926 2890 2051 2946 Jesu
2085 2903 2390 2962 patronum,
2417 2909 2650 2964 eumque
2679 2894 2843 2950 Deum
2876 2900 3255 2966 praedicantem
3285 2918 3302 2956 :

1727 2995 1891 3054 atque
1921 2999 1950 3038 e
1986 2985 2284 3054 Scripturis
2327 2987 2562 3051 nostris,
2597 2987 2934 3043 Salvatorem
2968 2991 3177 3060 ipsum,
3211 2995 3302 3062 qui

1729 3077 2032 3146 promissus
2057 3087 2159 3140 est,
2195 3079 2535 3146 probantem.
2574 3077 2758 3148 Itaque
2786 3081 3080 3150 periculum
3105 3093 3207 3149 est,
3237 3099 3307 3140 ne

1729 3170 1780 3223 in
1810 3171 2139 3223 contrariam
2179 3171 2511 3225 sententiam
2549 3181 2713 3225 totam
2744 3173 2976 3227 abducat
3006 3178 3302 3242 civitatem,

1726 3275 1794 3314 ne
1824 3270 1878 3312 et
1899 3260 2150 3329 pupulum
2183 3261 2490 3315 universum
2523 3261 2744 3328 alliciat,
2770 3274 2932 3332 atque
2954 3280 2982 3316 a
3009 3264 3122 3334 lege
3143 3281 3304 3320 aver-

1724 3360 1818 3405 tat.
1851 3352 2060 3420 Quippe
2090 3352 2142 3405 in
2169 3353 2464 3422 Scripturis
2493 3363 2741 3408 versatus
2778 3367 2879 3418 est,
2903 3365 3093 3425 estque
3119 3361 3305 3414 subtili

1726 3443 1939 3513 ingenio
1965 3483 1980 3507 ,
2015 3444 2129 3497 acri
2161 3459 2410 3497 sermone
2432 3485 2446 3510 ,
2482 3445 2720 3499 moribus
2748 3445 2944 3514 facilis,
2977 3449 3302 3517 plurimum-

1723 3550 1829 3604 que
1855 3537 1921 3588 ad
1945 3535 2102 3590 [idem
2127 3545 2454 3588 momentum
2487 3537 2691 3592 habens
2719 3557 2732 3592 :
2760 3546 2902 3609 quod
2933 3541 3186 3595 nimirum
3216 3559 3303 3600 res

1725 3639 1940 3681 nostras
1969 3629 2210 3698 apprime
2232 3629 2410 3684 sciens
2440 3645 2546 3684 non
2581 3632 2881 3698 ignorantia
2912 3635 3082 3704 decipi
3118 3635 3303 3689 videa.

1726 3729 1832 3782 tur.
1873 3721 1969 3776 sed
2007 3723 2323 3790 probatione
2364 3738 2426 3777 ac
2461 3723 2664 3790 judicio
2699 3726 2989 3791 invenisse,
3035 3730 3179 3797 quod
3225 3746 3300 3785 rei

1723 3823 1892 3878 esset,
1918 3829 1981 3868 ac
2011 3815 2330 3881 veritatem;
2358 3815 2407 3868 in
2443 3823 2647 3869 tantam
2674 3817 2855 3886 utique
2885 3820 3209 3875 anxietatem
3239 3837 3304 3877 ac

1725 3909 2022 3976 angustias,
2050 3923 2297 3978 magnam
2325 3909 2559 3975 conjecit
2587 3911 2893 3966 civitatem:
2925 3912 3174 3983 populum
3203 3931 3303 3969 nu-

1725 4012 2018 4058 mei-osum.
2046 3999 2215 4065 prima
2243 4000 2744 4072 strenuiproselytae
2766 4003 3090 4072 praedicatio,
3108 4007 3306 4077 major-

1725 4105 1829 4158 que
1861 4100 1986 4144 tunc
2011 4091 2333 4146 Damascum
2372 4091 2602 4148 habebat
2632 4095 2866 4151 turbatio
2890 4135 2905 4161 ,
2938 4111 3098 4167 quam
3133 4115 3304 4171 nuper

1726 4180 2115 4254 Hierosolymis
2158 4184 2482 4238 constitutos
2528 4185 2904 4253 Christianos,
2947 4203 3068 4243 cum
3103 4189 3301 4246 Paulus

1724 4274 2059 4346 Stephanum
2086 4278 2367 4346 lapidaret.
2393 4277 2856 4344 Quemadmodum
2883 4283 3026 4336 enim
3059 4284 3158 4338 viri
3196 4286 3306 4339 ror-

1725 4367 1955 4422 titudine
1984 4369 2240 4436 praecipui
2266 4384 2328 4422 ac
2357 4369 2650 4434 mirabiles,
2681 4371 2765 4423 cui
2797 4385 2856 4424 se
2883 4363 3189 4426 addixet‘int
3211 4389 3301 4426 or-

1724 4459 1858 4520 dini.
1892 4475 1994 4512 una
2030 4459 2102 4512 illi
2133 4459 2413 4512 victoriam
2441 4459 2698 4514 addicunt
2727 4478 2742 4526 ;
2773 4462 2854 4516 sic
2878 4472 2932 4515 et
2955 4464 3040 4515 vir
3064 4464 3302 4527 divinus,

1729 4565 1952 4619 magnos
1991 4551 2212 4604 omnino
2244 4565 2339 4605 eos
2391 4553 2710 4618 prsestabat,
2746 4553 2942 4622 quibus
2974 4570 3130 4608 suum
3180 4570 3304 4616 mo-,

1729 4647 1968 4690 mentum
2003 4637 2341 4704 contulisset,
2371 4653 2432 4693 ac
2464 4641 2721 4694 auxilium
2752 4653 3056 4710 praestaret.

1800 4725 1891 4781 Sic
1928 4727 2108 4798 itaque
2140 4731 2430 4799 praedicam
2455 4731 2507 4784 in
2537 4730 2813 4787 thnicia
2843 4735 3152 4804 Evangelio,
3187 4744 3300 4804 pri-

1729 4819 1935 4886 misque
1967 4819 2073 4875 illic
2105 4821 2436 4890 apostolatus
2455 4824 2618 4894 jactis
2639 4827 2956 4890 seminibus,
2983 4827 3066 4881 ubi
3102 4837 3157 4882 et
3187 4828 3300 4896 ipse

1723 4910 1966 4966 scientia:
1987 4911 2166 4967 lumen
2188 4915 2503 4985 accepisset,
2539 4917 2866 4972 Hierusalem
2901 4919 3072 4988 petiit,
3100 4935 3296 4974 novum

1724 5000 2114 5072 pulchrumque
2163 5007 2215 5058 in
2274 5022 2336 5060 ea
2387 5008 2695 5064 constitutis
2731 5011 2860 5065 urbe
2909 5013 3294 5081 spectaculum.

1722 5093 1822 5160 Qui
1845 5097 1992 5150 enim
2021 5097 2414 5164 prmmiserant,
2451 5115 2513 5156 ac
2557 5102 2786 5165 vincula,
2819 5103 3012 5172 quibus
3040 5105 3302 5161 Christia-

1721 5201 1822 5241 nos
1870 5188 2130 5259 alligaret,
2188 5193 2447 5259 portanda
2507 5193 2784 5260 dederant,
2831 5210 2950 5249 cum
3005 5198 3299 5263 nescirent,

1718 5293 1838 5347 qua:
1872 5281 2044 5335 media
2084 5283 2434 5347 accidissent,
2465 5286 2642 5353 primo
2668 5299 2908 5357 aspectu,
2955 5287 3190 5358 jucunde
3222 5294 3302 5346 vi-

1718 5370 1936 5438 derunt,
1965 5373 2311 5444 praedamque
2363 5378 2664 5448 exigentes,
2697 5380 2928 5435 vinctam
2957 5383 3299 5439 Christiano-

1725 5476 1843 5515 rum
1867 5462 2260 5519 multitudinem
2278 5481 2339 5521 se
2359 5467 2570 5524 visuros
2596 5473 2909 5540 sperabant,
2930 5489 3150 5546 remque
3169 5475 3300 5529 mul-

1727 5562 1902 5611 tarum
1948 5556 2158 5612 illarum
2183 5558 2637 5628 pollicitationutn
2686 5566 3056 5636 requirebant.
3099 5566 3297 5624 Verum
