3820 6314
471 313 568 369 τοι

1735 307 1795 366 S.
1834 307 2115 367 ASTERII
2150 305 2457 366 AMASENI

472 426 560 478 ubi
595 438 847 494 processu
875 423 1161 485 sermonis,
1182 419 1666 503 Sa_ulum,Paulnm
1701 421 2040 488 invenerunt,

2145 418 2451 489 ἀμείψαντα
2482 418 2549 490 τῇ
2578 416 2770 489 κλήσει
2800 415 2900 491 τὴν
2926 415 3172 490 γνώμην,
3214 416 3311 473 καὶ
3348 416 3443 471 τοῦ
3476 416 3769 489 Χριστοῦ

471 515 561 582 qui
591 529 693 567 una
732 529 857 569 cum
888 511 1240 584 appellatione
1267 510 1506 565 animum
1550 519 1834 576 mutasset,
1875 508 2042 565 Chri-

473 606 649 673 stique
679 604 926 661 el'fectum
953 620 1188 671 servum,
1218 618 1283 658 ac
1326 602 1588 672 apostolis
1609 602 1727 657 aliis
1757 600 2043 657 ferventio-

473 710 588 750 rem
616 696 957 766 discipulum,
1012 694 1243 764 primum
1276 691 1493 762 quidem
1528 692 1710 761 jocuin
1736 705 1801 746 ac
1832 691 2042 745 irrisio-

475 804 597 843 nem
624 789 867 843 arbitrati
893 798 1019 843 sunt
1054 803 1172 855 quae
1207 788 1516 841 dicerentur
1555 803 1571 840 :
1600 794 1655 839 at
1691 785 1777 839 ubi
1809 785 2043 853 proban-

472 888 554 934 tes
572 889 823 944 mentem,
842 879 1171 934 invenissent
1186 879 1416 935 sermoni
1441 886 1842 952 congruentem,
1874 891 2040 931 unum

474 968 578 1024 sibi
634 973 737 1025 hoc
767 970 977 1024 consilii
1024 964 1310 1039 reliquum
1363 978 1705 1038 putaverunt,
1750 976 1810 1021 ut
1861 966 2042 1023 adole—

472 1070 710 1114 scentem
750 1061 1055 1131 perderent,
1087 1069 1341 1128 tanquam
1377 1059 1490 1112 ﬁeri
1521 1074 1624 1113 non
1650 1067 1854 1126 posset,
1881 1066 1939 1111 ut
1970 1058 2042 1111 vi-

474 1161 630 1207 vente
684 1151 848 1207 Paulo
906 1162 1068 1222 atque
1121 1152 1407 1220 loquente,
1447 1150 1791 1206 Hebramrmu
1855 1150 2042 1220 religio

473 1258 656 1313 ses-pes
679 1246 835 1300 foret.
865 1242 1030 1315 quue
1052 1244 1226 1315 palam
1250 1252 1419 1299 totum
1445 1255 1594 1299 retro
1614 1253 1825 1316 tempus
1841 1247 2040 1316 proba-

471 1336 568 1390 vit.

542 1428 678 1483 Cum
716 1429 862 1482 enim
931 1428 1082 1483 multi
1136 1428 1417 1494 hactenus,
1479 1429 1696 1485 tametsi
1746 1427 2042 1485 Christiani

472 1525 648 1582 erant,
703 1517 844 1573 haud
897 1527 1114 1586 possent
1165 1534 1299 1589 pure
1331 1535 1395 1576 ex
1425 1518 1703 1581 Evangelii
1744 1534 1935 1575 norma
1963 1520 2045 1575 vi-

473 1623 622 1672 vere,
654 1608 747 1662 sed
787 1609 1049 1664 haberent
1074 1611 1128 1664 in
1154 1619 1439 1681 utramque
1464 1621 1692 1681 partem,
1717 1626 1782 1666 ac
1811 1612 2045 1682 quando-

2139 511 2344 574 δοῦλον,
2379 512 2477 565 καὶ
2505 510 2615 564 τῶν
2640 509 2814 565 ἄλλων
2841 509 3151 565 ἀποστόλων
3183 510 3431 583 μαθητὴν
3461 509 3747 583 θερμάτε-

2142 618 2268 673 ρονο
2300 600 2494 671 τά-μὲν
2521 601 2734 674 πρῶτα,
2765 600 2985 678 παιδιὰν
3019 602 3114 655 καί⁸
3153 602 3350 673 χλεύην
3375 603 3624 672 ἡγοῦντο
3666 600 3747 655 τὰ

2139 692 2427 764 λεγόμενα’
2458 694 2581 747 ἐπεὶ
2625 693 2682 747 δὲ
2724 693 3116 764 δοκιμάσαντες
3152 686 3308 767 εὗρον
3343 692 3745 765 ὁμολογοῦσαν

2138 786 2205 856 τῇ
2238 786 2388 855 φωνῇ
2428 783 2527 855 τὴν
2556 772 2799 854 γνώμην,
2833 783 2891 836 ἓν
2925 781 3310 837 ἐϐουλεύσαπο
3354 781 3536 853 μόνον,
3568 781 3755 844 ὅπως

2140 877 2169 929 ὁ
2230 874 2509 939 νεανίσκος
2563 874 2849 928 ἀπόλοιτο’
2910 873 2986 938 ὡς
3044 874 3147 928 οὐκ
3214 874 3334 929 ὲνὸν
3407 869 3549 927 εἶναι
3625 871 3753 942 τὴν

2150 964 2418 1039 Ἐϐραίων
2458 965 2754 1038 θρησκείαν
2793 968 2889 1021 καὶ
2927 965 3301 1038 χρηματίζειν,
3333 965 3537 1031 ζῶντος
3570 964 3755 1019 Παύ-

2139 1057 2231 1112 λου
2261 1058 2356 1113 καὶ
2384 1058 2772 1130 φθεγγομένου.
2809 1058 2921 1113 Καὶ
2951 1057 3109 1113 τοῦτο
3140 1058 3326 1129 σαφῶς
3360 1058 3532 1125 ἔδειξε
3579 1058 3753 1129 σύμ-ν

2092 1198 2101 1213 ,
2141 1169 2249 1216 πας
2271 1153 2299 1205 ὁ
2321 1150 2542 1222 ὕστερον
2567 1149 2781 1223 χρόνος.

2213 1416 2334 1470 Ἔτι
2363 1414 2473 1486 γὰρ
2497 1413 2605 1467 τῶν
2630 1410 2862 1475 πολλῶν,
2892 1413 2941 1465 εί
2981 1411 3075 1465 καὶ
3105 1409 3350 1483 ὑπῆρχον
3377 1409 3745 1482 Χριστιανοὶ,

2140 1507 2243 1560 οὐκ
2289 1505 2603 1577 ἀρκούντων
2652 1501 2908 1574 καθαρῶς
2951 1500 3049 1573 ζῇν
3078 1501 3217 1555 κατά
3252 1501 3315 1554 τὸ
3362 1499 3744 1569 Εὑαγγέλιον,

2142 1597 2256 1652 ἀλλ’
2319 1595 2812 1668 ἀμφοτεριζόντων,
2871 1593 2965 1647 καί
3019 1611 3120 1647 που
3181 1594 3276 1648 καὶ
3327 1595 3392 1664 τῇ
3445 1595 3743 1665 περιτομῇ

473 1717 576 1771 que
601 1703 763 1756 etiam
790 1713 1073 1758 uterentur
1102 1704 1536 1771 circumcisione,
1568 1714 1628 1759 ut
1678 1705 1857 1775 aliqua
1886 1717 2040 1776 parte

2144 1688 2602 1761 προσχρωμένων,
2673 1688 2737 1742 ἵν’
2788 1688 2853 1740 ἐκ
2907 1686 3103 1757 μέρους
3171 1685 3543 1758 κεχαρισμένα
3613 1688 3744 1749 τοῖς

473 1766 593 1861 quae
624 1791 823 1848 Judaeis
847 1804 1005 1865 grata“
1049 1807 1232 1850 essent
1260 1766 1598 1866 praestantes,
1644 1766 1833 1868 eisque
1861 1766 2040 1866 indul-

2155 1780 2428 1852 Ἑϐραίοις
2454 1780 2750 1844 ποιοῦντες,
2771 1779 2863 1833 τὸν
2890 1777 3059 1849 θυμὸν
3085 1777 3261 1831 αὐτῶν
3283 1776 3740 1848 ὲκμειλίξωνταιο

473 1893 678 1952 gcntes,
710 1899 896 1939 eorum
919 1887 1204 1943 delinirent
1231 1887 1389 1943 iram.
1424 1885 1581 1944 Solus
1606 1889 1694 1944 hic
1723 1890 2042 1961 imperculsa

473 1985 674 2041 mente,
732 1977 864 2031 nihil
898 1979 1183 2033 remissum
1216 1993 1279 2035 ac
1327 1994 1436 2035 non
1464 1992 1775 2037 accuratum
1822 1983 2040 2051 docuit;

473 2074 567 2121 sed
592 2067 735 2121 clara
791 2083 921 2123 voce
951 2079 1112 2138 atque
1145 2070 1358 2126 diserte
1382 2087 1412 2125 a
1443 2073 1708 2143 principio
1736 2089 2042 2131 sermonem

472 2154 802 2221 praedicavit.
856 2155 1040 2226 quue
1092 2160 1339 2227 provexit
1393 2159 1657 2217 libertatis
1715 2176 1927 2231 sensus,
1985 2175 2046 2221 ut

470 2259 595 2297 cum
623 2243 908 2313 aliquando
953 2246 1176 2314 Galatae,
1226 2265 1348 2304 cum
1402 2253 1617 2321 propria
1670 2252 1771 2324 ipsi
1804 2254 2041 2322 levitate,

473 2343 585 2388 tum
612 2338 992 2405 magistrorum
1024 2341 1367 2411 negligentia,
1398 2343 1462 2397 ad
1489 2344 1621 2415 legis
1642 2347 2043 2404 observantiam

470 2425 672 2480 reversi
701 2437 906 2492 essent,
942 2429 1175 2484 mirabili
1203 2434 1270 2485 ad
1298 2446 1394 2487 eos
1421 2435 1620 2503 scripta
1655 2438 1904 2506 epistola,
1938 2455 2044 2509 qua

470 2518 523 2572 in
556 2518 794 2574 novitate
818 2520 1139 2575 Christianae
1166 2523 1291 2576 vitae
1333 2523 1583 2593 pietatem
1610 2529 1811 2584 sectari
1834 2546 1898 2587 ac
1921 2532 2046 2587 reli-

469 2610 681 2681 gionem
705 2612 882 2667 colere
907 2614 1159 2682 doceret;
1188 2629 1310 2669 cum
1344 2617 1459 2686 ipso
1492 2621 1861 2688 apostolorum
1891 2625 2042 2694 prin-

470 2705 589 2775 cipe
636 2706 825 2760 horum
884 2706 1171 2761 occasione
1203 2722 1527 2776 congressus
1577 2711 1649 2766 sit
1689 2732 1704 2769 :
1751 2728 1816 2770 ac
1848 2717 2045 2787 ubique

470 2796 686 2851 Petrum
719 2798 1164 2867 reprehendebat,
1191 2814 1431 2872 cumque
1467 2817 1532 2858 eo
1566 2804 1908 2873 velitabatur,
1944 2822 2044 2864 ceu

469 2902 558 2953 eo,
595 2888 687 2957 qui
716 2901 956 2943 veterum
987 2905 1108 2956 usu,
1151 2905 1217 2950 ac
1244 2907 1428 2948 eorum
1460 2909 1580 2963 quae
1611 2896 1809 2951 abolita
1841 2909 2041 2967 essent,

472 2993 669 3033 novam
692 2979 1121 3036 Christianorum
1176 2986 1419 3040 turbaret
1452 2986 1864 3055 institutionem,
1909 2992 2045 3047 nihil

2147 1874 2305 1945 μόνος
2332 1869 2484 1937 οὗτος
2509 1871 2911 1944 ἀκαταπλήκτῳ
2944 1870 3269 1942 φρονήματι,
3297 1870 3446 1923 οὐδὲν
3473 1869 3744 1940 ὑφειμέ-

2143 1986 2235 2023 νον
2266 1967 2530 2034 έδίδαξεν·
2563 1965 2699 2020 ἀλλὰ
2737 1965 2953 2036 καθαρᾷ
2978 1966 3044 2035 τῇ
3079 1965 3229 2035 φωνῇ
3264 1962 3468 2018 ἀνωθεν
3511 1963 3614 2016 τὸν
3643 1963 3743 2016 λό-

2142 2076 2238 2129 γον
2269 2061 2592 2131 έκήρυσσεν,
2624 2058 2719 2112 καὶ
2744 2059 2823 2120 εἰς
2850 2055 3101 2109 τοσοῦτόν
3128 2071 3193 2124 γε
3213 2053 3423 2127 προύϐη
3447 2053 3543 2107 τοῦ
3569 2054 3742 2108 ἐλευ-

2144 2153 2322 2224 θερίου
2364 2153 2733 2224 φρονήματος,
2769 2150 2910 2203 ὥστε
2938 2148 3073 2202 ποτὲ
3106 2147 3206 2219 μὲν
3231 2148 3506 2213 Γαλατῶν,
3540 2148 3743 2222 οἰκείᾳ

2144 2244 2437 2315 κουφότητι
2459 2245 2552 2298 καὶ
2572 2243 2834 2317 ὀλιγωρίᾳ
2863 2241 2970 2296 τῶν
2989 2242 3367 2307 διδασκόντων,
3391 2244 3471 2306 είς
3492 2240 3596 2313 τὴν
3625 2260 3741 2296 κα-

2143 2334 2213 2390 τά
2242 2334 2404 2405 νόμον
2431 2332 2937 2404 παλινδρομούντων
2962 2330 3124 2404 ζωὴν,
3156 2332 3254 2402 τὴν
3280 2331 3599 2404 θαυμαστὴν
3637 2332 3740 2385 ab-

2142 2428 2255 2489 τοῖς
2286 2426 2511 2498 γράφων
2531 2424 2817 2494 ἐπιστολὴν
2844 2423 2933 2494 (δι’
2960 2418 3027 2494 ἧς
3053 2425 3110 2477 έν
3136 2424 3411 2494 καινότητι
3443 2423 3545 2495 τῆς
3578 2426 3741 2477 κατά

2144 2517 2377 2590 Χριστὸν
2418 2516 2692 2580 πολιτείας
2740 2514 2981 2569 εὐσεϐεῖν
3021 2516 3218 2580 αὐτοὺς
3267 2516 3362 2569 καὶ
3391 2515 3741 2588 θρησκεύειν

2104 2594 2121 2604 ’
2146 2611 2371 2677 ἐδίδαξε,
2410 2610 2607 2682 μηκέτι
2636 2608 2968 2680 προσχόντας
2987 2610 3100 2672 τοῖς
3119 2610 3440 2681 γράμμασιν
3464 2613 3584 2673 τοῖς
3613 2610 3740 2663 ἀπὸ

2143 2700 2252 2754 τῶν
2273 2701 2490 2755 λιθίνων
2519 2700 2785 2773 πλακῶν),
2822 2700 3130 2773 συνεπλάκη
3168 2702 3257 2757 διὰ
3276 2701 3385 2755 τῶν
3406 2700 3739 2772 λεγομένων

2145 2791 2293 2862 αύτῷ
2339 2791 2417 2863 τῷ
2458 2792 2739 2864 κορυφαίῳ
2769 2791 2877 2845 τῶν
2917 2792 3249 2857 ἀποστόλων,
3298 2792 3391 2847 καὶ
3436 2793 3736 2864 πανταχοῦ

2145 2883 2555 2955 καθαπτόμενος
2590 2884 2856 2939 διετέλεσε
2882 2887 2978 2940 καὶ
3012 2885 3300 2958 ἀψιμαχῶν
3328 2885 3465 2959 πρὸς
3489 2886 3584 2940 τὸν
3616 2888 3738 2942 Πέ-

2143 2991 2292 3046 τρον,
2323 2976 2399 3039 ὡς
2430 2974 2528 3047 τὴν
2569 2975 2697 3029 νέαν
2738 2974 3089 3053 ὲπιθρλοῦντα
3124 2976 3418 3042 πολιτείαν,
3442 2978 3507 3047 τῇ
3552 2994 3735 3048 προσ-

471 3072 737 3127 reveritus
786 3073 933 3127 senis
961 3088 1146 3141 canos,
1181 3086 1339 3131 autve
1369 3080 1696 3147 apostolatus
1730 3085 2040 3153 praerogati-

2145 3069 2336 3140 χρήσει
2363 3065 2469 3121 τῶν
2496 3066 2740 3121 παλαιῶν
2771 3066 2866 3121 καὶ
2896 3066 3262 3138 πεπαυμένων
3287 3067 3594 3137 δογμάτων.
3630 3071 3735 3122 καὶ

472 3176 616 3227 vam,
650 3162 738 3217 ubi
789 3164 962 3218 creari
1012 3165 1306 3233 periculum
1335 3169 1546 3224 veritati
1604 3171 1829 3227 vidisset
1861 3190 1875 3227 :
1908 3174 2041 3242 quin

471 3252 674 3308 Calatis
700 3254 915 3322 quidem
948 3257 1212 3311 acerrime
1237 3259 1471 3327 restitit;
1503 3258 1722 3314 Petrum
1751 3275 1879 3316 vero
1921 3277 2041 3318 cre-

471 3343 569 3398 bro
599 3345 795 3414 arguit,
831 3361 990 3414 quam
1022 3346 1219 3403 licebat
1239 3350 1493 3417 maxime,
1524 3350 1827 3413 libertatem
1847 3354 2043 3410 decore

469 3451 532 3489 ac
548 3438 805 3491 modestia
824 3448 1148 3508 temperans.
1167 3441 1245 3498 Ac
1274 3443 1473 3513 ubique
1500 3444 1716 3514 quidem
1740 3446 2041 3516 prazth'can-

470 3530 538 3581 do
567 3542 632 3582 ac
649 3530 921 3585 suadendo
936 3546 1154 3602 cperam
1176 3536 1407 3605 ponebat
1425 3552 1438 3588 :
1456 3535 1598 3606 quod
1615 3537 1661 3591 si
1680 3551 1807 3592 vero
1830 3539 2044 3606 quando

463 3622 630 3675 etiam
669 3622 723 3675 in
762 3624 987 3692 perditis
1024 3625 1267 3681 moribus
1296 3641 1596 3698 pravosque
1625 3628 1871 3686 homines
1905 3631 2039 3686 inc-i-

471 3713 624 3778 dens,
645 3729 807 3783 grave
837 3714 1037 3784 aliquid
1056 3731 1243 3785 passus
1261 3726 1423 3784 esset,
1445 3717 1530 3772 vel
1557 3718 1830 3786 coniectus
1846 3721 1898 3774 in
1921 3736 2043 3776 car-

471 3816 674 3866 cerem,
697 3803 781 3858 vel
809 3803 1123 3859 verberibus
1158 3804 1402 3872 allectus,
1436 3808 1522 3862 vel
1556 3810 1826 3877 appetitus
1852 3811 2045 3881 lapidi-

470 3891 570 3946 hus
595 3892 1029 3962 ,haudquaquam
1052 3909 1202 3950 suam
1229 3895 1372 3950 illam
1395 3896 1726 3952 alacritatem
1750 3900 1820 3954 ob
1843 3900 2042 3955 malum

398 4028 407 4045 ,
469 3997 653 4037 casum
685 3985 864 4037 amisit
895 4002 910 4038 :
937 3990 1065 4054 quin
1094 3987 1360 4043 modicum
1387 3988 1605 4054 cedens,
1639 4005 1830 4046 rursus
1858 3991 2044 4048 hostes

467 4074 681 4138 adibat;
712 4090 1036 4146 versarisque
1056 4092 1334 4134 sermones
1351 4094 1497 4145 suos,
1526 4081 1754 4152 felixque
1775 4085 1948 4140 modis
1970 4084 2046 4138 in-

466 4165 747 4221 veniendis
763 4170 956 4239 quibus
982 4170 1304 4239 adoriretur,
1331 4188 1393 4229 ac
1411 4188 1470 4229 se
1485 4174 1640 4231 facile
1660 4178 1947 4233 admodum
1968 4181 2045 4235 iu-

464 4258 769 4314 cidentibus
790 4270 969 4329 aptum
995 4277 1333 4333 comparans,
1355 4280 1573 4334 prorsus
1592 4266 1793 4332 abibat,
1820 4269 1903 4324 vel
1928 4286 2045 4326 om-

466 4349 643 4417 nibus,
670 4353 768 4421 ,νει
807 4352 1048 4419 pluribus
1075 4356 1127 4409 in
1171 4371 1323 4410 suam
1369 4360 1692 4414 sententiam
1733 4366 2038 4432 pertractis.

2141 3160 2265 3213 οὐδὲ
2304 3158 2401 3230 τὴν
2452 3158 2641 3213 πολιάν
2690 3158 2888 3231 ᾐδέσθη
2918 3158 3013 3213 τοῦ
3046 3160 3316 3232 γέροντος,
3351 3160 3472 3213 οὕτε
3522 3159 3593 3214 τά
3622 3161 3732 3233 τῆς,

2143 3252 2446 3323 ἀποστολῆς
2468 3252 2748 3322 πρεσϐεῖα,
2778 3254 2867 3306 ὅτε
2889 3249 2994 3307 εἶδε
3020 3254 3436 3307 κινδυνεύουσαν
3463 3253 3563 3326 τὴν
3589 3254 3732 3327 ἀλήο

2144 3346 2314 3404 θειαν.
2368 3345 2527 3398 Ἀλλὰ
2579 3344 2690 3399 τῶν
2735 3346 2834 3417 μὲν
2873 3345 3128 3400 Γαλατῶν
3170 3345 3535 3417 κατεξανέστη
3582 3363 3732 3417 σφο-

2141 3437 2303 3508 δρῶς,
2354 3436 2462 3491 τῶν
2515 3438 2557 3470 ¹⁸
2604 3436 2661 3490 δὲ
2710 3435 2970 3501 πολλάκις
3019 3436 3269 3510 ἐπληξεν,
3302 3438 3377 3502 ὡς
3435 3438 3583 3509 ἐνῆν,
3616 3440 3731 3514 τὴν

2143 3529 2458 3603 παρρησίαν
2504 3529 2805 3601 εὐπρεπείᾳ
2853 3530 3110 3602 κεράσας.
3158 3531 3268 3583 Καὶ
3307 3530 3584 3601 πανταχοῦ
3619 3533 3730 3602 μὲν

2142 3622 2365 3676 διετέλει
2415 3621 2589 3690 λέγων
2627 3622 2722 3677 καὶ
2756 3621 2979 3676 πείθων
3026 3625 3076 3676 εί
3114 3623 3172 3676 δέ
3205 3639 3306 3676 που
3334 3624 3428 3676 καὶ¹
3460 3627 3726 3694 πονηροῖς

2143 3715 2329 3787 ἡθεσιν
2366 3714 2602 3784 ἐντυχὼν
2636 3714 2837 3769 έπαθέν
2862 3734 2914 3769 τι
2938 3715 3127 3781 δεινὸν,
3165 3715 3198 3787 ἢ
3237 3716 3606 3787 δεσμωτήριον
3640 3718 3722 3768 oi-

2144 3806 2397 3878 κήσας,ἢ
2443 3806 2712 3878 μάστιγας
2734 3806 2992 3879 λαϐὼν,ἢ
3027 3806 3192 3871 λίθοις
3224 3806 3460 3877 βληθεὶς,
3487 3805 3551 3860 ού
3591 3823 3722 3860 κατ-

2144 3899 2330 3952 έλυσεν
2381 3900 2480 3969 τὴν
2526 3897 2833 3971 προθυμίαν
2879 3899 3010 3972 [διὰ]
3054 3899 3153 3972 τὴν
3184 3899 3481 3969 γενομένην
3513 3899 3721 3951 ἀποτυ-

2144 3991 2286 4061 χίαν·
2338 3989 2476 4046 ἀλλὰ
2538 3989 2731 4063 μικρὸν
2788 3989 3067 4055 διαλιπὼν,
3139 3989 3302 4043 πάλιν
3356 3988 3548 4060 ἤγγιζε
3600 3992 3721 4053 τοῖς

2143 4077 2376 4150 ἐχθροῖς,
2429 4079 2523 4134 καὶ
2567 4080 2693 4143 τοὺς
2743 4078 2921 4134 αὐτῶν
2973 4080 3327 4151 ἀναστρέφων
3365 4078 3574 4147 λόγους,
3620 4081 3721 4133 καὶ

2143 4169 2269 4233 τοὺς
2290 4170 2525 4240 τρόπους
2542 4170 2653 4224 τῶν
2681 4171 3073 4243 ἐπιχειρήσεων
3096 4170 3445 4241 ἐξευρίσκων,
3473 4169 3725 4242 εὐμηχά-

2144 4278 2249 4323 νως
2279 4259 2335 4312 δὲ
2362 4260 2482 4312 λίαν
2515 4260 2650 4331 πρὸς
2685 4261 2785 4323 τὰς
2807 4260 3181 4332 ἐμπιπτούσας
3214 4260 3402 4333 χρείας
3438 4259 3725 4332 μεθαρμο-

2146 4348 2392 4421 ζόμενος,
2441 4349 2659 4414 πάντως
2704 4352 2869 4421 ἀπῄει
2923 4352 3132 4418 πείσας,
3180 4351 3213 4423 ἢ
3259 4352 3484 4415 πάντας,
3522 4351 3557 4421 ἢ
3587 4353 3723 4417 τοὺς

467 4439 620 4512 Swpe
641 4444 784 4498 enim
806 4461 926 4500 cum
951 4448 1312 4504 acerbissimis
1340 4450 1508 4520 plagis
1537 4453 1771 4522 acceptis
1792 4454 2040 4511 inventus

2144 4441 2389 4505 πολλούς.
2424 4441 2689 4506 Πολλάκις
2711 4442 2816 4515 γάρ
2844 4443 3085 4516 εὑρεθεὶς
3112 4442 3251 4515 μετά
3279 4442 3493 4513 πληγὰς
3523 4444 3722 4515 ἀνηκέ-

464 4544 607 4590 esset
635 4536 701 4600 ι’,
763 4537 924 4606 inque
958 4539 1106 4593 urbis
1138 4539 1280 4593 illius
1313 4541 1584 4597 suburbiis
1624 4542 1850 4614 ejectus,
1873 4561 2035 4615 quam

464 4626 744 4677 cru-fiebat
769 4631 834 4678 ad
867 4626 1119 4694 pietatem
1141 4671 1156 4695 ,
1186 4630 1312 4697 quin
1344 4640 1398 4685 et
1422 4645 1519 4701 pro
1550 4643 1761 4689 mortuo
1781 4650 1892 4705 prae
1919 4650 2036 4690 ηιθ-

466 4721 634 4768 torum
667 4717 932 4784 gravitate
958 4718 1193 4784 habitus,
1221 4722 1478 4790 postridie
1519 4723 1692 4779 forum
1731 4736 1941 4796 petens.
1971 4742 2036 4782 ac

466 4805 740 4859 dexteram
771 4810 1120 4876 protendens,
1180 4824 1273 4864 eos
1325 4811 1518 4866 iterum
1556 4814 1806 4883 docebat,
1844 4817 1936 4887 qui
1965 4816 2034 4871 ad

466 4896 655 4949 mortis
686 4895 829 4963 ipsas
883 4895 1064 4951 fauces
1096 4897 1449 4953 adduxissent
1478 4914 1494 4953 :
1535 4900 1615 4955 sic
1644 4901 1781 4956 nihil
1804 4904 2037 4958 curabat

463 5000 681 5055 corpus,
712 4986 943 5054 fortique
981 4988 1163 5043 animo
1214 4990 1268 5042 in
1312 5004 1559 5059 supernae
1584 4993 1883 5049 vocationis
1910 5009 2034 5050 sco-

462 5094 589 5144 pum
620 5079 922 5142 intendens,
976 5080 1312 5146 decet-tabat,
1336 5083 1561 5137 subinde
1586 5085 1910 5152 provincias,
1943 5103 2033 5141 ur-

464 5175 559 5222 bes
589 5169 817 5224 subinde
867 5180 1100 5236 mutans,
1132 5182 1273 5226 terra
1324 5172 1592 5229 desudans
1626 5174 1835 5232 labores
1863 5189 2033 5247 atque

458 5260 783 5326 certamina,
831 5262 1108 5318 accinctus
1155 5264 1221 5318 ad
1257 5265 1425 5320 maris
1481 5267 1736 5335 pericula,
1784 5268 1932 5324 clare
1969 5283 2034 5324 ac

465 5354 666 5407 diserte
682 5368 849 5410 orans
879 5356 946 5410 atl
972 5356 1265 5413 frementes
1307 5358 1550 5430 populos,
1573 5358 1846 5429 iudicibus
1874 5360 2029 5418 iratis

465 5445 826 5512 satisfaciens,
854 5446 1107 5505 Hebrazos
1132 5453 1198 5506 ad
1227 5451 1429 5507 Christi
1467 5453 1793 5522 agnitionem
1819 5468 1849 5506 a
1878 5450 2030 5509 Scri-

467 5537 641 5603 pturis
665 5537 941 5607 inducens,
968 5554 1101 5610 quas
1147 5540 1221 5596 illi
1251 5542 1305 5597 in
1348 5543 1520 5612 pretio
1555 5544 1815 5601 haberent
1839 5560 1856 5611 ;
1879 5542 2029 5601 Grat-

536 5750 583 5786 ¹⁸
605 5751 726 5808 Act.
761 5768 869 5819 xt't,
900 5752 971 5808 2?.
996 5772 1113 5824 sqq.
1197 5757 1237 5789 ’³
1265 5758 1384 5829 Leg.
1423 5758 1532 5816 τόν.
1584 5754 1587 5757 ’

2145 4551 2323 4598 στους,
2357 4534 2451 4588 καὶ
2495 4534 2670 4605 ριφεὶς
2712 4536 2770 4588 ἐν
2811 4535 3156 4617 προαστείοις
3195 4536 3296 4617 τῆς
3327 4535 3535 4599 πόλεως
3573 4535 3721 4589 ὲκεί-

2142 4645 2261 4698 νης,
2294 4628 2359 4699 ἢν
2390 4626 2767 4697 ὲμυσταγώγει
2799 4629 2935 4699 πρὸς
2965 4629 3062 4700 τὴν
3092 4614 3397 4692 εύσέϐεἰαν,
3440 4627 3721 4699 νομισθεὶς

2138 4722 2195 4775 δὲ
2230 4724 2323 4775 καὶ
2345 4721 2597 4776 τεθνάναι
2633 4720 2721 4775 διά
2744 4722 2805 4775 τὸ
2839 4722 3068 4794 μέγεθος
3099 4722 3207 4777 τῶν
3235 4722 3444 4789 δεινῶν,
3465 4724 3531 4793 τῇ
3560 4722 3719 4776 ὑστε-

2140 4814 2273 4885 ραία
2293 4814 2392 4885 τὴν
2420 4812 2626 4888 ἀγορὰν
2656 4813 2998 4878 καταλαϐὼν,
3028 4814 3127 4866 καὶ
3160 4813 3259 4886 τὴν
3288 4812 3471 4879 δεξιὰν
3497 4813 3720 4885 προτεί-

2138 4923 2255 4970 νας.
2291 4905 2454 4960 πάλιν
2482 4905 2756 4959 ἐδίδασκεν
2777 4906 2900 4969 τοὺς
2926 4905 3099 4975 ἐγγὺς
3126 4906 3432 4975 ἀγαγόντας
3456 4905 3719 4959 θανάτοιν

2136 4998 2309 5062 οὕτως
2339 4998 2491 5052 οὐδὲν
2516 4998 2662 5070 αὐτῷ
2695 4998 2789 5052 τοῦ
2826 4997 3076 5070 σώματος
3113 4997 3354 5069 ἔμελλενο
3376 4997 3512 5068 πρὸς
3540 4997 3599 5050 δὲ
3620 4997 3719 5051 τὸν

2138 5090 2339 5144 σκοπὸν
2371 5089 2587 5160 βλέπων
2620 5090 2721 5161 τῆς
2752 5090 2865 5145 ἀνω
2904 5090 3171 5160 κλήσεως,
3216 5087 3478 5160 καρτερὸς
3510 5087 3718 5157 ἠγωνί-

2136 5182 2277 5248 ζετο,
2313 5181 2497 5252 χώραν
2544 5183 2609 5236 ὲκ
2655 5182 2836 5254 χώρας
2874 5181 3137 5252 ἀμείϐων,
3182 5180 3334 5234 πόλιν
3376 5180 3439 5233 ὶκ
3479 5178 3717 5247 πόλεως,

2134 5276 2247 5336 τοῖς
2276 5276 2417 5327 κατά
2462 5274 2567 5345 γῆν
2603 5275 2784 5339 πόνοις
2825 5274 3081 5338 ὲναθλῶν,
3111 5274 3247 5347 πρὸς
3279 5272 3405 5336 τοὺς
3436 5271 3719 5338 κινδύνους

2134 5366 2261 5429 τοὺς
2320 5366 2385 5419 ὲκ
2438 5365 2709 5439 θαλάττης
2759 5368 3256 5439 παραταττόμενος,
3323 5364 3458 5437 πρὸς
3509 5364 3718 5436 δήμους

2135 5457 2507 5529 φρεμένοντας
2529 5462 2547 5480 ⁹
2574 5457 2882 5529 ῥητορεύων
2900 5457 3103 5526 σαφῶς,
3121 5457 3400 5520 δικασταῖς
3429 5454 3705 5527 ὀργιζομέ-

2132 5568 2241 5617 νοις
2274 5552 2728 5624 ἀπολογούμενος
2775 5551 3059 5625 Ἐϐραίους
3093 5552 3300 5621 ὲνάγων
3337 5552 3418 5615 είς
3453 5551 3557 5639 τὴν
3590 5549 3714 5603 ἐπί-
