  <div class='ocr_page' id='page_1' title='image "/cluster/home/n/w/nwhite01/storage/ocr_20150623/40/hvd.32044019207786/154.png"; bbox 0 0 3820 6346; ppageno 0'>
   <div class='ocr_carea' id='block_1_1' title="bbox 140 337 2445 402">
    <p class='ocr_par' dir='ltr' id='par_1_1' title="bbox 140 337 2445 402">
     <span class='ocr_line' id='line_1_1' title="bbox 140 337 2445 402; baseline 0.003 -10"><span class='ocrx_word' id='word_1_1' title='bbox 140 344 216 402; x_wconf 76' lang='lat'><strong>295</strong></span> <span class='ocrx_word' id='word_1_2' title='bbox 934 337 1216 396; x_wconf 76' lang='lat' dir='ltr'><strong>HOMILIA</strong></span> <span class='ocrx_word' id='word_1_3' title='bbox 1255 340 1387 398; x_wconf 86' lang='lat' dir='ltr'>VIII.</span> <span class='ocrx_word' id='word_1_4' title='bbox 1430 341 1501 396; x_wconf 87' lang='lat' dir='ltr'>IN</span> <span class='ocrx_word' id='word_1_5' title='bbox 1534 339 1636 399; x_wconf 85' lang='lat' dir='ltr'><strong>SS.</strong></span> <span class='ocrx_word' id='word_1_6' title='bbox 1678 340 1964 400; x_wconf 76' lang='lat' dir='ltr'><strong>PETRUM</strong></span> <span class='ocrx_word' id='word_1_7' title='bbox 2002 341 2092 399; x_wconf 83' lang='lat' dir='ltr'><strong>ET</strong></span> <span class='ocrx_word' id='word_1_8' title='bbox 2127 340 2445 400; x_wconf 80' lang='lat' dir='ltr'><strong>PAULUM.</strong></span> 
     </span>
    </p>
   </div>
   <div class='ocr_carea' id='block_1_2' title="bbox 3221 345 3329 403">
    <p class='ocr_par' dir='ltr' id='par_1_2' title="bbox 3221 345 3329 403">
     <span class='ocr_line' id='line_1_2' title="bbox 3221 345 3329 403; baseline 0.009 -1"><span class='ocrx_word' id='word_1_9' title='bbox 3221 345 3329 403; x_wconf 72' lang='grc'><strong>294</strong></span> 
     </span>
    </p>
   </div>
   <div class='ocr_carea' id='block_1_3' title="bbox 138 458 1644 536">
    <p class='ocr_par' dir='ltr' id='par_1_3' title="bbox 138 460 1644 536">
     <span class='ocr_line' id='line_1_3' title="bbox 138 460 1644 536; baseline 0 -21"><span class='ocrx_word' id='word_1_10' title='bbox 138 480 289 533; x_wconf 77' lang='grc' dir='ltr'>γνωσιν</span> <span class='ocrx_word' id='word_1_11' title='bbox 304 461 391 515; x_wconf 89' lang='grc' dir='ltr'><strong>τοῦ</strong></span> <span class='ocrx_word' id='word_1_12' title='bbox 410 461 667 533; x_wconf 80' lang='grc' dir='ltr'><strong>Χριστοῦ,</strong></span> <span class='ocrx_word' id='word_1_13' title='bbox 692 460 782 517; x_wconf 84' lang='grc' dir='ltr'><strong>διά</strong></span> <span class='ocrx_word' id='word_1_14' title='bbox 814 462 922 517; x_wconf 86' lang='grc' dir='ltr'><strong>τῶν</strong></span> <span class='ocrx_word' id='word_1_15' title='bbox 951 464 1082 536; x_wconf 79' lang='grc' dir='ltr'>παρ’</span> <span class='ocrx_word' id='word_1_16' title='bbox 1115 464 1300 528; x_wconf 81' lang='grc' dir='ltr'>αὐτοῖς</span> <span class='ocrx_word' id='word_1_17' title='bbox 1320 462 1644 535; x_wconf 83' lang='grc' dir='ltr'><strong>τιμωμένων</strong></span> 
     </span>
    </p>
   </div>
   <div class='ocr_carea' id='block_1_4' title="bbox 1749 458 3327 536">
    <p class='ocr_par' dir='ltr' id='par_1_4' title="bbox 1749 458 3327 533">
     <span class='ocr_line' id='line_1_4' title="bbox 1749 458 3327 533; baseline -0.003 -16"><span class='ocrx_word' id='word_1_18' title='bbox 1749 477 1841 517; x_wconf 92' lang='lat' dir='ltr'><strong>cos</strong></span> <span class='ocrx_word' id='word_1_19' title='bbox 1866 463 2104 518; x_wconf 81' lang='lat' dir='ltr'><strong>externis</strong></span> <span class='ocrx_word' id='word_1_20' title='bbox 2134 478 2197 520; x_wconf 88' lang='lat' dir='ltr'><strong>ac</strong></span> <span class='ocrx_word' id='word_1_21' title='bbox 2230 460 2469 533; x_wconf 75' lang='lat' dir='ltr'><strong>profanis</strong></span> <span class='ocrx_word' id='word_1_22' title='bbox 2499 461 2759 527; x_wconf 77' lang='lat' dir='ltr'><strong>doctrinis</strong></span> <span class='ocrx_word' id='word_1_23' title='bbox 2800 458 3105 525; x_wconf 80' lang='lat' dir='ltr'><strong>inﬂectens,</strong></span> <span class='ocrx_word' id='word_1_24' title='bbox 3129 473 3192 514; x_wconf 88' lang='lat' dir='ltr'><strong>ac</strong></span> <span class='ocrx_word' id='word_1_25' title='bbox 3224 477 3327 515; x_wconf 63' lang='lat' dir='ltr'><strong>na.</strong></span> 
     </span>
    </p>
   </div>
   <div class='ocr_carea' id='block_1_5' title="bbox 138 554 1642 626">
    <p class='ocr_par' dir='ltr' id='par_1_5' title="bbox 138 554 1642 626">
     <span class='ocr_line' id='line_1_5' title="bbox 138 554 1642 626; baseline 0 -19"><span class='ocrx_word' id='word_1_26' title='bbox 138 555 417 626; x_wconf 69' lang='grc' dir='ltr'>γραμμάτων</span> <span class='ocrx_word' id='word_1_27' title='bbox 435 570 450 586; x_wconf 76' lang='grc' dir='ltr'><strong><em>ο</em></strong></span> <span class='ocrx_word' id='word_1_28' title='bbox 479 554 748 625; x_wconf 80' lang='grc' dir='ltr'>Ἕλληνας</span> <span class='ocrx_word' id='word_1_29' title='bbox 778 558 893 621; x_wconf 87' lang='grc' dir='ltr'>τοῖς</span> <span class='ocrx_word' id='word_1_30' title='bbox 919 556 1117 622; x_wconf 78' lang='grc' dir='ltr'>ἔξωθεν</span> <span class='ocrx_word' id='word_1_31' title='bbox 1147 556 1413 610; x_wconf 82' lang='grc' dir='ltr'><strong>δυσωπῶν</strong></span> <span class='ocrx_word' id='word_1_32' title='bbox 1441 555 1642 624; x_wconf 90' lang='grc' dir='ltr'>λόγοις,</span> 
     </span>
    </p>
   </div>
   <div class='ocr_carea' id='block_1_6' title="bbox 138 645 1647 719">
    <p class='ocr_par' dir='ltr' id='par_1_6' title="bbox 138 645 1647 719">
     <span class='ocr_line' id='line_1_6' title="bbox 138 645 1647 719; baseline 0.001 -20"><span class='ocrx_word' id='word_1_33' title='bbox 138 649 314 709; x_wconf 73' lang='grc' dir='ltr'>καὶτοῖς</span> <span class='ocrx_word' id='word_1_34' title='bbox 342 645 609 716; x_wconf 77' lang='grc' dir='ltr'><strong>ἀγράφοις</strong></span> <span class='ocrx_word' id='word_1_35' title='bbox 638 646 826 718; x_wconf 89' lang='grc' dir='ltr'>νόμοις</span> <span class='ocrx_word' id='word_1_36' title='bbox 864 647 964 719; x_wconf 83' lang='grc' dir='ltr'>τῆς</span> <span class='ocrx_word' id='word_1_37' title='bbox 999 647 1242 717; x_wconf 84' lang='grc' dir='ltr'>φύσεως·</span> <span class='ocrx_word' id='word_1_38' title='bbox 1288 647 1647 718; x_wconf 84' lang='grc' dir='ltr'>Χριστιανοὺς</span> 
     </span>
    </p>
   </div>
   <div class='ocr_carea' id='block_1_7' title="bbox 137 738 1646 811">
    <p class='ocr_par' dir='ltr' id='par_1_7' title="bbox 137 738 1646 811">
     <span class='ocr_line' id='line_1_7' title="bbox 137 738 1646 811; baseline 0 -21"><span class='ocrx_word' id='word_1_39' title='bbox 137 738 330 810; x_wconf 76' lang='grc' dir='ltr'>βεὸαιῶν·</span> <span class='ocrx_word' id='word_1_40' title='bbox 358 738 731 808; x_wconf 77' lang='grc' dir='ltr'>προσηλύτους</span> <span class='ocrx_word' id='word_1_41' title='bbox 771 738 1088 811; x_wconf 86' lang='grc' dir='ltr'>οίκοδομῶν,</span> <span class='ocrx_word' id='word_1_42' title='bbox 1132 739 1226 794; x_wconf 77' lang='grc' dir='ltr'><strong>καὶ</strong></span> <span class='ocrx_word' id='word_1_43' title='bbox 1272 739 1487 811; x_wconf 80' lang='grc' dir='ltr'><strong>τρέφων</strong></span> <span class='ocrx_word' id='word_1_44' title='bbox 1532 740 1646 802; x_wconf 87' lang='grc' dir='ltr'>τοῖς</span> 
     </span>
    </p>
   </div>
   <div class='ocr_carea' id='block_1_8' title="bbox 138 831 1647 905">
    <p class='ocr_par' dir='ltr' id='par_1_8' title="bbox 138 831 1647 905">
     <span class='ocr_line' id='line_1_8' title="bbox 138 831 1647 905; baseline 0.003 -22"><span class='ocrx_word' id='word_1_45' title='bbox 138 833 401 902; x_wconf 65' lang='grc' dir='ltr'>τροσςόροις</span> <span class='ocrx_word' id='word_1_46' title='bbox 425 832 774 902; x_wconf 80' lang='grc' dir='ltr'>διδάγμασιν,</span> <span class='ocrx_word' id='word_1_47' title='bbox 801 832 878 896; x_wconf 85' lang='grc' dir='ltr'><strong>ὡς</strong></span> <span class='ocrx_word' id='word_1_48' title='bbox 905 834 1197 905; x_wconf 81' lang='grc' dir='ltr'>φυτουργοὶ</span> <span class='ocrx_word' id='word_1_49' title='bbox 1242 833 1310 887; x_wconf 89' lang='grc' dir='ltr'><strong>τά</strong></span> <span class='ocrx_word' id='word_1_50' title='bbox 1340 834 1510 905; x_wconf 86' lang='grc' dir='ltr'>νεαρά</span> <span class='ocrx_word' id='word_1_51' title='bbox 1537 831 1647 887; x_wconf 89' lang='grc' dir='ltr'><strong>τῶν</strong></span> 
     </span>
    </p>
   </div>
   <div class='ocr_carea' id='block_1_9' title="bbox 136 925 1647 999">
    <p class='ocr_par' dir='ltr' id='par_1_9' title="bbox 136 925 1647 999">
     <span class='ocr_line' id='line_1_9' title="bbox 136 925 1647 999; baseline 0.001 -22"><span class='ocrx_word' id='word_1_52' title='bbox 136 925 284 993; x_wconf 57' lang='grc' dir='ltr'>φυτῶν,</span> <span class='ocrx_word' id='word_1_53' title='bbox 322 928 382 995; x_wconf 84' lang='grc' dir='ltr'>τῇ</span> <span class='ocrx_word' id='word_1_54' title='bbox 426 925 726 996; x_wconf 82' lang='grc' dir='ltr'><strong>συμμέτρῳ</strong></span> <span class='ocrx_word' id='word_1_55' title='bbox 778 926 872 980; x_wconf 79' lang='grc' dir='ltr'><strong>καὶ</strong></span> <span class='ocrx_word' id='word_1_56' title='bbox 914 925 1254 999; x_wconf 78' lang='grc' dir='ltr'>πεφεισμένῃ</span> <span class='ocrx_word' id='word_1_57' title='bbox 1287 926 1394 981; x_wconf 89' lang='grc' dir='ltr'><strong>τῶν</strong></span> <span class='ocrx_word' id='word_1_58' title='bbox 1439 926 1647 980; x_wconf 84' lang='grc' dir='ltr'><strong>ὑδάτων</strong></span> 
     </span>
    </p>
   </div>
   <div class='ocr_carea' id='block_1_10' title="bbox 134 1016 1648 1090">
    <p class='ocr_par' dir='ltr' id='par_1_10' title="bbox 134 1016 1648 1090">
     <span class='ocr_line' id='line_1_10' title="bbox 134 1016 1648 1090; baseline 0.003 -22"><span class='ocrx_word' id='word_1_59' title='bbox 134 1018 326 1086; x_wconf 74' lang='grc' dir='ltr'><strong>ἐτιρροῇ.</strong></span> <span class='ocrx_word' id='word_1_60' title='bbox 362 1018 424 1067; x_wconf 86' lang='grc'><strong>⁸0</strong></span> <span class='ocrx_word' id='word_1_61' title='bbox 464 1016 523 1069; x_wconf 83' lang='grc' dir='ltr'>δὲ</span> <span class='ocrx_word' id='word_1_62' title='bbox 572 1016 806 1085; x_wconf 79' lang='grc' dir='ltr'>μάλιστα</span> <span class='ocrx_word' id='word_1_63' title='bbox 845 1016 1116 1071; x_wconf 88' lang='grc' dir='ltr'>δείκνυσιν</span> <span class='ocrx_word' id='word_1_64' title='bbox 1159 1018 1324 1072; x_wconf 85' lang='grc' dir='ltr'>αὑτοῦ</span> <span class='ocrx_word' id='word_1_65' title='bbox 1355 1018 1454 1090; x_wconf 79' lang='grc' dir='ltr'>τὴν</span> <span class='ocrx_word' id='word_1_66' title='bbox 1484 1021 1542 1074; x_wconf 81' lang='grc' dir='ltr'><strong>ὲν</strong></span> <span class='ocrx_word' id='word_1_67' title='bbox 1566 1017 1648 1072; x_wconf 90' lang='grc' dir='ltr'>λό-</span> 
     </span>
    </p>
   </div>
   <div class='ocr_carea' id='block_1_11' title="bbox 132 1106 853 1177">
    <p class='ocr_par' dir='ltr' id='par_1_11' title="bbox 132 1106 853 1177">
     <span class='ocr_line' id='line_1_11' title="bbox 132 1106 853 1177; baseline -0.004 -17"><span class='ocrx_word' id='word_1_68' title='bbox 132 1124 214 1174; x_wconf 80' lang='grc' dir='ltr'>γοις</span> <span class='ocrx_word' id='word_1_69' title='bbox 237 1108 387 1177; x_wconf 75' lang='grc' dir='ltr'>ἰσχὺν,</span> <span class='ocrx_word' id='word_1_70' title='bbox 419 1106 853 1177; x_wconf 79' lang='grc' dir='ltr'><strong>καταμάθωμεν.</strong></span> 
     </span>
    </p>
   </div>
   <div class='ocr_carea' id='block_1_12' title="bbox 188 1198 1641 1272">
    <p class='ocr_par' dir='ltr' id='par_1_12' title="bbox 188 1198 1641 1272">
     <span class='ocr_line' id='line_1_12' title="bbox 188 1198 1641 1272; baseline 0.002 -22"><span class='ocrx_word' id='word_1_71' title='bbox 188 1199 391 1267; x_wconf 78' lang='grc' dir='ltr'>Ἀθῆναι,</span> <span class='ocrx_word' id='word_1_72' title='bbox 423 1198 581 1261; x_wconf 83' lang='grc' dir='ltr'>πόλις</span> <span class='ocrx_word' id='word_1_73' title='bbox 628 1199 776 1250; x_wconf 76' lang='grc' dir='ltr'>ἐστὶν</span> <span class='ocrx_word' id='word_1_74' title='bbox 813 1199 1203 1270; x_wconf 83' lang='grc' dir='ltr'>προκαθημένη</span> <span class='ocrx_word' id='word_1_75' title='bbox 1248 1199 1346 1272; x_wconf 84' lang='grc' dir='ltr'>τῆς</span> <span class='ocrx_word' id='word_1_76' title='bbox 1401 1199 1641 1270; x_wconf 70' lang='grc' dir='ltr'>Ἀχαΐας,</span> 
     </span>
    </p>
   </div>
   <div class='ocr_carea' id='block_1_13' title="bbox 132 1289 1641 1362">
    <p class='ocr_par' dir='ltr' id='par_1_13' title="bbox 132 1289 1641 1362">
     <span class='ocr_line' id='line_1_13' title="bbox 132 1289 1641 1362; baseline 0.001 -19"><span class='ocrx_word' id='word_1_77' title='bbox 132 1291 241 1343; x_wconf 76' lang='grc' dir='ltr'>ἑστία</span> <span class='ocrx_word' id='word_1_78' title='bbox 276 1289 453 1357; x_wconf 86' lang='grc' dir='ltr'>λόγων,</span> <span class='ocrx_word' id='word_1_79' title='bbox 506 1289 584 1353; x_wconf 86' lang='grc' dir='ltr'>ὼς</span> <span class='ocrx_word' id='word_1_80' title='bbox 636 1291 898 1360; x_wconf 80' lang='grc' dir='ltr'>προεῖπον</span> <span class='ocrx_word' id='word_1_81' title='bbox 941 1289 1110 1361; x_wconf 79' lang='grc' dir='ltr'>αὐτὴν</span> <span class='ocrx_word' id='word_1_82' title='bbox 1156 1292 1206 1343; x_wconf 89' lang='grc' dir='ltr'><strong>οί</strong></span> <span class='ocrx_word' id='word_1_83' title='bbox 1247 1291 1641 1362; x_wconf 82' lang='grc' dir='ltr'><strong>εὐφημοῦντες,</strong></span> 
     </span>
    </p>
   </div>
   <div class='ocr_carea' id='block_1_14' title="bbox 131 1380 1645 1456">
    <p class='ocr_par' dir='ltr' id='par_1_14' title="bbox 131 1380 1645 1456">
     <span class='ocr_line' id='line_1_14' title="bbox 131 1380 1645 1456; baseline 0.002 -23"><span class='ocrx_word' id='word_1_84' title='bbox 131 1382 262 1449; x_wconf 68' lang='grc' dir='ltr'>-ςοςὼν</span> <span class='ocrx_word' id='word_1_85' title='bbox 282 1380 479 1453; x_wconf 81' lang='grc' dir='ltr'>ἀνδρῶν</span> <span class='ocrx_word' id='word_1_86' title='bbox 508 1381 605 1433; x_wconf 80' lang='grc' dir='ltr'>καὶ</span> <span class='ocrx_word' id='word_1_87' title='bbox 629 1380 741 1433; x_wconf 88' lang='grc' dir='ltr'><strong>τῶν</strong></span> <span class='ocrx_word' id='word_1_88' title='bbox 771 1382 828 1433; x_wconf 85' lang='grc' dir='ltr'>ὲν</span> <span class='ocrx_word' id='word_1_89' title='bbox 854 1380 1030 1449; x_wconf 86' lang='grc' dir='ltr'>λόγοις</span> <span class='ocrx_word' id='word_1_90' title='bbox 1061 1381 1278 1445; x_wconf 79' lang='grc' dir='ltr'>ζώντων</span> <span class='ocrx_word' id='word_1_91' title='bbox 1304 1382 1532 1436; x_wconf 85' lang='grc' dir='ltr'>παλαιὸν</span> <span class='ocrx_word' id='word_1_92' title='bbox 1553 1386 1645 1456; x_wconf 78' lang='grc' dir='ltr'><strong>ἐρ-</strong></span> 
     </span>
    </p>
   </div>
   <div class='ocr_carea' id='block_1_15' title="bbox 129 1472 1644 1545">
    <p class='ocr_par' dir='ltr' id='par_1_15' title="bbox 129 1472 1644 1545">
     <span class='ocr_line' id='line_1_15' title="bbox 129 1472 1644 1545; baseline 0.001 -21"><span class='ocrx_word' id='word_1_93' title='bbox 129 1474 380 1543; x_wconf 74' lang='grc' dir='ltr'>γιπήριον.</span> <span class='ocrx_word' id='word_1_94' title='bbox 424 1473 579 1526; x_wconf 81' lang='grc' dir='ltr'>Ἐπεὶ</span> <span class='ocrx_word' id='word_1_95' title='bbox 596 1474 777 1527; x_wconf 88' lang='grc' dir='ltr'>τοίνυν</span> <span class='ocrx_word' id='word_1_96' title='bbox 798 1476 826 1527; x_wconf 85' lang='grc' dir='ltr'>ὁ</span> <span class='ocrx_word' id='word_1_97' title='bbox 850 1472 1055 1537; x_wconf 83' lang='grc' dir='ltr'><strong>Παῦλος</strong></span> <span class='ocrx_word' id='word_1_98' title='bbox 1084 1473 1146 1526; x_wconf 81' lang='grc' dir='ltr'><strong>τὸ</strong></span> <span class='ocrx_word' id='word_1_99' title='bbox 1182 1473 1472 1545; x_wconf 83' lang='grc' dir='ltr'>Ἰλλυρικὸν</span> <span class='ocrx_word' id='word_1_100' title='bbox 1498 1475 1644 1528; x_wconf 75' lang='grc' dir='ltr'>ἅπαν</span> 
     </span>
    </p>
   </div>
   <div class='ocr_carea' id='block_1_16' title="bbox 128 1565 1644 1642">
    <p class='ocr_par' dir='ltr' id='par_1_16' title="bbox 128 1565 1644 1642">
     <span class='ocr_line' id='line_1_16' title="bbox 128 1565 1644 1642; baseline 0.002 -23"><span class='ocrx_word' id='word_1_101' title='bbox 128 1566 393 1637; x_wconf 72' lang='grc' dir='ltr'>διαδραμὼν,</span> <span class='ocrx_word' id='word_1_102' title='bbox 422 1568 518 1620; x_wconf 76' lang='grc' dir='ltr'><strong>καὶ</strong></span> <span class='ocrx_word' id='word_1_103' title='bbox 550 1565 828 1638; x_wconf 76' lang='grc' dir='ltr'>πανταχοῦ</span> <span class='ocrx_word' id='word_1_104' title='bbox 861 1568 1020 1640; x_wconf 78' lang='grc' dir='ltr'>ῥίψας</span> <span class='ocrx_word' id='word_1_105' title='bbox 1047 1567 1173 1632; x_wconf 77' lang='grc' dir='ltr'>τοὺς</span> <span class='ocrx_word' id='word_1_106' title='bbox 1200 1568 1504 1640; x_wconf 81' lang='grc' dir='ltr'><strong>σπινθῆρας</strong></span> <span class='ocrx_word' id='word_1_107' title='bbox 1544 1570 1644 1642; x_wconf 84' lang='grc' dir='ltr'>τῆς</span> 
     </span>
    </p>
   </div>
   <div class='ocr_carea' id='block_1_17' title="bbox 129 1658 1644 1734">
    <p class='ocr_par' dir='ltr' id='par_1_17' title="bbox 129 1658 1644 1734">
     <span class='ocr_line' id='line_1_17' title="bbox 129 1658 1644 1734; baseline 0.005 -25"><span class='ocrx_word' id='word_1_108' title='bbox 129 1660 323 1722; x_wconf 69' lang='grc' dir='ltr'>πίστεως,</span> <span class='ocrx_word' id='word_1_109' title='bbox 353 1658 444 1723; x_wconf 77' lang='grc' dir='ltr'><strong>οὓς</strong></span> <span class='ocrx_word' id='word_1_110' title='bbox 481 1661 546 1713; x_wconf 77' lang='grc' dir='ltr'><strong>τὸ</strong></span> <span class='ocrx_word' id='word_1_111' title='bbox 575 1660 804 1731; x_wconf 79' lang='grc' dir='ltr'><strong>Πνεῦμα</strong></span> <span class='ocrx_word' id='word_1_112' title='bbox 837 1659 1169 1730; x_wconf 77' lang='grc' dir='ltr'>παραλαϐὼν</span> <span class='ocrx_word' id='word_1_113' title='bbox 1203 1661 1520 1734; x_wconf 76' lang='grc' dir='ltr'>ἀνερῤίπιζε</span> <span class='ocrx_word' id='word_1_114' title='bbox 1550 1663 1644 1716; x_wconf 77' lang='grc' dir='ltr'><strong>καὶ</strong></span> 
     </span>
    </p>
   </div>
   <div class='ocr_carea' id='block_1_18' title="bbox 130 1747 1640 1827">
    <p class='ocr_par' dir='ltr' id='par_1_18' title="bbox 130 1747 1640 1827">
     <span class='ocr_line' id='line_1_18' title="bbox 130 1747 1640 1827; baseline 0.005 -26"><span class='ocrx_word' id='word_1_115' title='bbox 130 1749 370 1814; x_wconf 46' lang='lat' dir='ltr'><strong>magna»;</strong></span> <span class='ocrx_word' id='word_1_116' title='bbox 393 1753 601 1824; x_wconf 79' lang='grc' dir='ltr'>ἐτήρει,</span> <span class='ocrx_word' id='word_1_117' title='bbox 622 1747 756 1824; x_wconf 78' lang='grc' dir='ltr'>ἦλθε</span> <span class='ocrx_word' id='word_1_118' title='bbox 784 1752 924 1807; x_wconf 87' lang='grc' dir='ltr'><strong>κατά</strong></span> <span class='ocrx_word' id='word_1_119' title='bbox 948 1753 1049 1824; x_wconf 80' lang='grc' dir='ltr'>τὴν</span> <span class='ocrx_word' id='word_1_120' title='bbox 1076 1753 1265 1825; x_wconf 81' lang='grc' dir='ltr'>χρείαν</span> <span class='ocrx_word' id='word_1_121' title='bbox 1278 1755 1376 1824; x_wconf 79' lang='grc' dir='ltr'>τῆς</span> <span class='ocrx_word' id='word_1_122' title='bbox 1393 1754 1640 1827; x_wconf 83' lang='grc' dir='ltr'>περιόδου</span> 
     </span>
    </p>
   </div>
   <div class='ocr_carea' id='block_1_19' title="bbox 128 1841 1643 1918">
    <p class='ocr_par' dir='ltr' id='par_1_19' title="bbox 128 1841 1643 1918">
     <span class='ocr_line' id='line_1_19' title="bbox 128 1841 1643 1918; baseline 0.007 -27"><span class='ocrx_word' id='word_1_123' title='bbox 128 1841 323 1912; x_wconf 70' lang='grc' dir='ltr'>καὶπρὸς</span> <span class='ocrx_word' id='word_1_124' title='bbox 344 1843 465 1905; x_wconf 72' lang='grc' dir='ltr'>τοὺς</span> <span class='ocrx_word' id='word_1_125' title='bbox 494 1844 693 1913; x_wconf 79' lang='grc' dir='ltr'>σοφοὺς</span> <span class='ocrx_word' id='word_1_126' title='bbox 731 1844 1060 1915; x_wconf 78' lang='grc' dir='ltr'>Ἀθηναίους.</span> <span class='ocrx_word' id='word_1_127' title='bbox 1088 1847 1326 1918; x_wconf 81' lang='grc' dir='ltr'>Πρᾶγμα</span> <span class='ocrx_word' id='word_1_128' title='bbox 1349 1843 1418 1918; x_wconf 77' lang='grc' dir='ltr'><strong>ἦν</strong></span> <span class='ocrx_word' id='word_1_129' title='bbox 1440 1847 1643 1918; x_wconf 82' lang='grc' dir='ltr'>πολλῆς</span> 
     </span>
    </p>
   </div>
   <div class='ocr_carea' id='block_1_20' title="bbox 130 1931 1644 2011">
    <p class='ocr_par' dir='ltr' id='par_1_20' title="bbox 130 1931 1644 2011">
     <span class='ocr_line' id='line_1_20' title="bbox 130 1931 1644 2011; baseline 0.008 -28"><span class='ocrx_word' id='word_1_130' title='bbox 130 1931 338 2003; x_wconf 75' lang='grc' dir='ltr'>μερίμνης</span> <span class='ocrx_word' id='word_1_131' title='bbox 379 1933 550 1998; x_wconf 77' lang='grc' dir='ltr'>ἀξιον,</span> <span class='ocrx_word' id='word_1_132' title='bbox 601 1934 720 1998; x_wconf 83' lang='grc' dir='ltr'><strong>πῶς</strong></span> <span class='ocrx_word' id='word_1_133' title='bbox 758 1934 823 1988; x_wconf 81' lang='grc' dir='ltr'>ἂν</span> <span class='ocrx_word' id='word_1_134' title='bbox 865 1938 894 1989; x_wconf 84' lang='grc' dir='ltr'><strong>ό</strong></span> <span class='ocrx_word' id='word_1_135' title='bbox 939 1938 1315 2009; x_wconf 63' lang='grc' dir='ltr'>πηνορῤάφος</span> <span class='ocrx_word' id='word_1_136' title='bbox 1352 1941 1477 2004; x_wconf 79' lang='grc' dir='ltr'>τοὺς</span> <span class='ocrx_word' id='word_1_137' title='bbox 1514 1942 1644 2011; x_wconf 76' lang='grc' dir='ltr'>περὶ</span> 
     </span>
    </p>
   </div>
   <div class='ocr_carea' id='block_1_21' title="bbox 126 2023 1643 2100">
    <p class='ocr_par' dir='ltr' id='par_1_21' title="bbox 126 2023 1643 2100">
     <span class='ocr_line' id='line_1_21' title="bbox 126 2023 1643 2100; baseline 0.008 -25"><span class='ocrx_word' id='word_1_138' title='bbox 126 2023 223 2076; x_wconf 71' lang='grc' dir='ltr'>θεοῦ</span> <span class='ocrx_word' id='word_1_139' title='bbox 263 2025 437 2093; x_wconf 76' lang='grc' dir='ltr'>λόγους</span> <span class='ocrx_word' id='word_1_140' title='bbox 490 2027 726 2090; x_wconf 74' lang='grc' dir='ltr'>ἐκείνοις</span> <span class='ocrx_word' id='word_1_141' title='bbox 771 2027 1227 2100; x_wconf 82' lang='grc' dir='ltr'>δημηγορήσειεν,</span> <span class='ocrx_word' id='word_1_142' title='bbox 1273 2033 1386 2095; x_wconf 85' lang='grc' dir='ltr'>τοῖς</span> <span class='ocrx_word' id='word_1_143' title='bbox 1434 2032 1643 2100; x_wconf 84' lang='grc' dir='ltr'>ἀξιοῦσι</span> 
     </span>
    </p>
   </div>
   <div class='ocr_carea' id='block_1_22' title="bbox 127 2114 1644 2193">
    <p class='ocr_par' dir='ltr' id='par_1_22' title="bbox 127 2114 1644 2193">
     <span class='ocr_line' id='line_1_22' title="bbox 127 2114 1644 2193; baseline 0.007 -27"><span class='ocrx_word' id='word_1_144' title='bbox 127 2114 229 2167; x_wconf 72' lang='grc' dir='ltr'><strong>κατά</strong></span> <span class='ocrx_word' id='word_1_145' title='bbox 251 2117 480 2170; x_wconf 77' lang='grc' dir='ltr'>παιδείαν</span> <span class='ocrx_word' id='word_1_146' title='bbox 506 2119 731 2171; x_wconf 85' lang='grc' dir='ltr'>πάντων</span> <span class='ocrx_word' id='word_1_147' title='bbox 757 2116 873 2188; x_wconf 81' lang='grc' dir='ltr'><strong>ἀμα</strong></span> <span class='ocrx_word' id='word_1_148' title='bbox 904 2118 1207 2189; x_wconf 78' lang='grc' dir='ltr'>βασιλεύειν</span> <span class='ocrx_word' id='word_1_149' title='bbox 1230 2120 1552 2193; x_wconf 87' lang='grc' dir='ltr'>ἀνθρώπων.</span> <span class='ocrx_word' id='word_1_150' title='bbox 1584 2123 1644 2177; x_wconf 85' lang='lat'><strong>&#39;0</strong></span> 
     </span>
    </p>
   </div>
   <div class='ocr_carea' id='block_1_23' title="bbox 125 2205 1645 2285">
    <p class='ocr_par' dir='ltr' id='par_1_23' title="bbox 125 2205 1645 2285">
     <span class='ocr_line' id='line_1_23' title="bbox 125 2205 1645 2285; baseline 0.005 -26"><span class='ocrx_word' id='word_1_151' title='bbox 125 2205 164 2259; x_wconf 74' lang='grc' dir='ltr'><strong>δὲ</strong></span> <span class='ocrx_word' id='word_1_152' title='bbox 191 2209 378 2277; x_wconf 76' lang='grc' dir='ltr'>μεγέθει</span> <span class='ocrx_word' id='word_1_153' title='bbox 418 2209 661 2280; x_wconf 81' lang='grc' dir='ltr'>φύσεως,</span> <span class='ocrx_word' id='word_1_154' title='bbox 707 2210 802 2263; x_wconf 84' lang='grc' dir='ltr'>καὶ</span> <span class='ocrx_word' id='word_1_155' title='bbox 829 2208 1042 2282; x_wconf 76' lang='grc' dir='ltr'>πλούτῳ</span> <span class='ocrx_word' id='word_1_156' title='bbox 1065 2210 1165 2283; x_wconf 81' lang='grc' dir='ltr'>τῆς</span> <span class='ocrx_word' id='word_1_157' title='bbox 1196 2211 1401 2266; x_wconf 83' lang='grc' dir='ltr'>ἀνωθεν</span> <span class='ocrx_word' id='word_1_158' title='bbox 1437 2212 1645 2285; x_wconf 85' lang='grc' dir='ltr'>δωρεᾶς</span> 
     </span>
    </p>
   </div>
   <div class='ocr_carea' id='block_1_24' title="bbox 125 2295 1646 2376">
    <p class='ocr_par' dir='ltr' id='par_1_24' title="bbox 125 2295 1646 2376">
     <span class='ocr_line' id='line_1_24' title="bbox 125 2295 1646 2376; baseline 0.008 -28"><span class='ocrx_word' id='word_1_159' title='bbox 125 2295 445 2370; x_wconf 77' lang='grc' dir='ltr'>ἐπαιρόμενος,</span> <span class='ocrx_word' id='word_1_160' title='bbox 471 2301 574 2371; x_wconf 78' lang='grc' dir='ltr'><strong>οὐχ</strong></span> <span class='ocrx_word' id='word_1_161' title='bbox 613 2301 710 2355; x_wconf 77' lang='grc' dir='ltr'><strong>ἕνα</strong></span> <span class='ocrx_word' id='word_1_162' title='bbox 745 2300 853 2355; x_wconf 87' lang='grc' dir='ltr'><strong>τῶν</strong></span> <span class='ocrx_word' id='word_1_163' title='bbox 876 2303 1191 2372; x_wconf 82' lang='grc' dir='ltr'>ὐποστέγων</span> <span class='ocrx_word' id='word_1_164' title='bbox 1215 2304 1392 2376; x_wconf 87' lang='grc' dir='ltr'><strong>δόμων</strong></span> <span class='ocrx_word' id='word_1_165' title='bbox 1417 2306 1646 2360; x_wconf 82' lang='grc' dir='ltr'>κατέλα-</span> 
     </span>
    </p>
   </div>
   <div class='ocr_carea' id='block_1_25' title="bbox 125 2387 1643 2466">
    <p class='ocr_par' dir='ltr' id='par_1_25' title="bbox 125 2387 1643 2466">
     <span class='ocr_line' id='line_1_25' title="bbox 125 2387 1643 2466; baseline 0.009 -26"><span class='ocrx_word' id='word_1_166' title='bbox 125 2387 208 2454; x_wconf 72' lang='grc' dir='ltr'>ϐεν,</span> <span class='ocrx_word' id='word_1_167' title='bbox 246 2390 354 2445; x_wconf 76' lang='grc' dir='ltr'>οὐδὲ</span> <span class='ocrx_word' id='word_1_168' title='bbox 404 2393 489 2463; x_wconf 78' lang='grc' dir='ltr'><strong>ἐφ’</strong></span> <span class='ocrx_word' id='word_1_169' title='bbox 529 2393 650 2458; x_wconf 80' lang='grc' dir='ltr'>ἑνὸς</span> <span class='ocrx_word' id='word_1_170' title='bbox 692 2395 1055 2466; x_wconf 79' lang='grc' dir='ltr'>ἐργαστηρίου</span> <span class='ocrx_word' id='word_1_171' title='bbox 1104 2395 1352 2465; x_wconf 84' lang='grc' dir='ltr'>καθίσας,</span> <span class='ocrx_word' id='word_1_172' title='bbox 1409 2397 1643 2465; x_wconf 83' lang='grc' dir='ltr'>διάλεξιν</span> 
     </span>
    </p>
   </div>
   <div class='ocr_carea' id='block_1_26' title="bbox 126 2481 1643 2564">
    <p class='ocr_par' dir='ltr' id='par_1_26' title="bbox 126 2481 1643 2564">
     <span class='ocr_line' id='line_1_26' title="bbox 126 2481 1643 2564; baseline 0.009 -30"><span class='ocrx_word' id='word_1_173' title='bbox 126 2481 379 2556; x_wconf 62' lang='grc' dir='ltr'>ἐποιήσατο,</span> <span class='ocrx_word' id='word_1_174' title='bbox 414 2486 492 2551; x_wconf 85' lang='grc' dir='ltr'>ὡς</span> <span class='ocrx_word' id='word_1_175' title='bbox 518 2486 785 2542; x_wconf 77' lang='grc' dir='ltr'>εἰώθεσαν</span> <span class='ocrx_word' id='word_1_176' title='bbox 818 2487 911 2542; x_wconf 59' lang='grc' dir='ltr'><strong>καὶ⁸</strong></span> <span class='ocrx_word' id='word_1_177' title='bbox 937 2490 986 2541; x_wconf 89' lang='grc' dir='ltr'><strong>οί</strong></span> <span class='ocrx_word' id='word_1_178' title='bbox 1015 2488 1220 2560; x_wconf 89' lang='grc' dir='ltr'>πρῶτοι</span> <span class='ocrx_word' id='word_1_179' title='bbox 1245 2490 1352 2546; x_wconf 89' lang='grc' dir='ltr'><strong>τῶν</strong></span> <span class='ocrx_word' id='word_1_180' title='bbox 1377 2492 1506 2564; x_wconf 85' lang='grc' dir='ltr'>παρ’</span> <span class='ocrx_word' id='word_1_181' title='bbox 1545 2494 1643 2546; x_wconf 87' lang='grc' dir='ltr'><strong>αὐ-</strong></span> 
     </span>
    </p>
   </div>
   <div class='ocr_carea' id='block_1_27' title="bbox 125 2577 1644 2653">
    <p class='ocr_par' dir='ltr' id='par_1_27' title="bbox 125 2577 1644 2653">
     <span class='ocr_line' id='line_1_27' title="bbox 125 2577 1644 2653; baseline 0.007 -25"><span class='ocrx_word' id='word_1_182' title='bbox 125 2578 204 2638; x_wconf 67' lang='lat' dir='ltr'><strong>toi;</strong></span> <span class='ocrx_word' id='word_1_183' title='bbox 247 2577 533 2648; x_wconf 76' lang='grc' dir='ltr'>φιλοσόφων</span> <span class='ocrx_word' id='word_1_184' title='bbox 592 2582 831 2635; x_wconf 88' lang='grc' dir='ltr'>συνεῖναι</span> <span class='ocrx_word' id='word_1_185' title='bbox 876 2584 989 2646; x_wconf 88' lang='grc' dir='ltr'>τοῖς</span> <span class='ocrx_word' id='word_1_186' title='bbox 1032 2582 1456 2653; x_wconf 75' lang='grc' dir='ltr'>πλησιάζουσιντ</span> <span class='ocrx_word' id='word_1_187' title='bbox 1508 2584 1644 2639; x_wconf 86' lang='grc' dir='ltr'><strong>ἀλλά</strong></span> 
     </span>
    </p>
   </div>
   <div class='ocr_carea' id='block_1_28' title="bbox 126 2665 1644 2747">
    <p class='ocr_par' dir='ltr' id='par_1_28' title="bbox 126 2665 1644 2747">
     <span class='ocr_line' id='line_1_28' title="bbox 126 2665 1644 2747; baseline 0.007 -30"><span class='ocrx_word' id='word_1_188' title='bbox 126 2665 224 2735; x_wconf 70' lang='grc' dir='ltr'>πρὸς</span> <span class='ocrx_word' id='word_1_189' title='bbox 254 2668 334 2722; x_wconf 81' lang='grc' dir='ltr'><strong>τὸν</strong></span> <span class='ocrx_word' id='word_1_190' title='bbox 358 2669 580 2741; x_wconf 80' lang='grc' dir='ltr'>’Δρειον</span> <span class='ocrx_word' id='word_1_191' title='bbox 616 2670 791 2741; x_wconf 87' lang='grc' dir='ltr'>πάγον</span> <span class='ocrx_word' id='word_1_192' title='bbox 830 2671 1180 2743; x_wconf 83' lang='grc' dir='ltr'>ἀναδραμὼν,</span> <span class='ocrx_word' id='word_1_193' title='bbox 1211 2672 1338 2726; x_wconf 83' lang='grc' dir='ltr'>ἔνθα</span> <span class='ocrx_word' id='word_1_194' title='bbox 1379 2668 1447 2745; x_wconf 79' lang='grc' dir='ltr'><strong>ἦν</strong></span> <span class='ocrx_word' id='word_1_195' title='bbox 1481 2673 1644 2747; x_wconf 84' lang='grc' dir='ltr'>βουλὴ</span> 
     </span>
    </p>
   </div>
   <div class='ocr_carea' id='block_1_29' title="bbox 128 2756 1645 2833">
    <p class='ocr_par' dir='ltr' id='par_1_29' title="bbox 128 2756 1645 2833">
     <span class='ocr_line' id='line_1_29' title="bbox 128 2756 1645 2833; baseline 0.009 -24"><span class='ocrx_word' id='word_1_196' title='bbox 128 2756 286 2830; x_wconf 77' lang='grc' dir='ltr'>σκληρὰ</span> <span class='ocrx_word' id='word_1_197' title='bbox 310 2761 398 2814; x_wconf 63' lang='grc' dir='ltr'><strong>καί¹</strong></span> <span class='ocrx_word' id='word_1_198' title='bbox 430 2761 715 2832; x_wconf 75' lang='grc' dir='ltr'>ἐπίφοϐος,</span> <span class='ocrx_word' id='word_1_199' title='bbox 745 2766 865 2827; x_wconf 87' lang='grc' dir='ltr'>ταῖς</span> <span class='ocrx_word' id='word_1_200' title='bbox 891 2767 1136 2833; x_wconf 72' lang='grc' dir='ltr'>φονικαῖς</span> <span class='ocrx_word' id='word_1_201' title='bbox 1169 2765 1347 2827; x_wconf 84' lang='grc' dir='ltr'>δίκαις</span> <span class='ocrx_word' id='word_1_202' title='bbox 1393 2766 1645 2832; x_wconf 77' lang='grc' dir='ltr'>δικάζου-</span> 
     </span>
    </p>
   </div>
   <div class='ocr_carea' id='block_1_30' title="bbox 125 2850 1643 2926">
    <p class='ocr_par' dir='ltr' id='par_1_30' title="bbox 125 2850 1643 2926">
     <span class='ocr_line' id='line_1_30' title="bbox 125 2850 1643 2926; baseline 0.007 -26"><span class='ocrx_word' id='word_1_203' title='bbox 125 2863 185 2900; x_wconf 65' lang='grc' dir='ltr'><strong>στ</strong></span> <span class='ocrx_word' id='word_1_204' title='bbox 210 2850 361 2921; x_wconf 79' lang='grc' dir='ltr'>εὑρὼν</span> <span class='ocrx_word' id='word_1_205' title='bbox 393 2852 449 2905; x_wconf 81' lang='grc' dir='ltr'>δὲ</span> <span class='ocrx_word' id='word_1_206' title='bbox 484 2854 694 2925; x_wconf 77' lang='grc' dir='ltr'>πλῆθος</span> <span class='ocrx_word' id='word_1_207' title='bbox 719 2855 836 2908; x_wconf 82' lang='grc' dir='ltr'>ἐκεῖ</span> <span class='ocrx_word' id='word_1_208' title='bbox 868 2852 1277 2926; x_wconf 80' lang='grc' dir='ltr'>συνειλεγμένον</span> <span class='ocrx_word' id='word_1_209' title='bbox 1315 2857 1472 2921; x_wconf 80' lang='grc' dir='ltr'>πολὺ,</span> <span class='ocrx_word' id='word_1_210' title='bbox 1513 2856 1643 2923; x_wconf 78' lang='grc' dir='ltr'>στὰς</span> 
     </span>
    </p>
   </div>
   <div class='ocr_carea' id='block_1_31' title="bbox 125 2932 1641 3016">
    <p class='ocr_par' dir='ltr' id='par_1_31' title="bbox 125 2932 1641 3016">
     <span class='ocr_line' id='line_1_31' title="bbox 125 2932 1641 3016; baseline 0.007 -27"><span class='ocrx_word' id='word_1_211' title='bbox 125 2937 394 3012; x_wconf 72' lang='grc' dir='ltr'>εδημηγόρει</span> <span class='ocrx_word' id='word_1_212' title='bbox 451 2942 595 3014; x_wconf 83' lang='grc' dir='ltr'>ὑπὲρ</span> <span class='ocrx_word' id='word_1_213' title='bbox 643 2942 770 3004; x_wconf 82' lang='grc' dir='ltr'>τοὺς</span> <span class='ocrx_word' id='word_1_214' title='bbox 811 2941 1004 3006; x_wconf 76' lang='grc' dir='ltr'>ἐθάδας</span> <span class='ocrx_word' id='word_1_215' title='bbox 1049 2945 1306 3016; x_wconf 78' lang='grc' dir='ltr'>ῥήτορας,</span> <span class='ocrx_word' id='word_1_216' title='bbox 1353 2932 1480 3010; x_wconf 68' lang='grc' dir='ltr'>τοὺς</span> <span class='ocrx_word' id='word_1_217' title='bbox 1520 2945 1641 3000; x_wconf 89' lang='grc' dir='ltr'>καθ’</span> 
     </span>
    </p>
   </div>
   <div class='ocr_carea' id='block_1_32' title="bbox 124 3030 1644 3109">
    <p class='ocr_par' dir='ltr' id='par_1_32' title="bbox 124 3030 1644 3109">
     <span class='ocr_line' id='line_1_32' title="bbox 124 3030 1644 3109; baseline 0.033 -28"><span class='ocrx_word' id='word_1_218' title='bbox 124 3030 285 3101; x_wconf 60' lang='grc' dir='ltr'>ἠμέραν</span> <span class='ocrx_word' id='word_1_219' title='bbox 322 3035 446 3106; x_wconf 85' lang='grc' dir='ltr'>παρ’</span> <span class='ocrx_word' id='word_1_220' title='bbox 481 3036 669 3099; x_wconf 79' lang='grc' dir='ltr'>αὐτοῖς</span> <span class='ocrx_word' id='word_1_221' title='bbox 708 3035 1162 3107; x_wconf 69' lang='grc' dir='ltr'><strong>ἀγωνιζομένους·</strong></span> <span class='ocrx_word' id='word_1_222' title='bbox 1200 3035 1395 3092; x_wconf 63' lang='grc' dir='ltr'><strong>Λαϐὼν</strong></span> <span class='ocrx_word' id='word_1_223' title='bbox 1441 3037 1500 3091; x_wconf 70' lang='grc' dir='ltr'><strong>δὲ</strong></span> <span class='ocrx_word' id='word_1_224' title='bbox 1543 3037 1644 3109; x_wconf 67' lang='grc' dir='ltr'><strong>τὴν</strong></span> 
     </span>
    </p>
   </div>
   <div class='ocr_carea' id='block_1_33' title="bbox 126 3120 1642 3199">
    <p class='ocr_par' dir='ltr' id='par_1_33' title="bbox 126 3120 1642 3199">
     <span class='ocr_line' id='line_1_33' title="bbox 126 3120 1642 3199; baseline 0.007 -28"><span class='ocrx_word' id='word_1_225' title='bbox 126 3120 255 3192; x_wconf 72' lang='grc' dir='ltr'>ἀρχὴν</span> <span class='ocrx_word' id='word_1_226' title='bbox 297 3122 352 3188; x_wconf 77' lang='grc' dir='ltr'>ἐξ</span> <span class='ocrx_word' id='word_1_227' title='bbox 387 3125 834 3197; x_wconf 75' lang='grc' dir='ltr'>ἐπιγράμματος,</span> <span class='ocrx_word' id='word_1_228' title='bbox 887 3126 1024 3197; x_wconf 83' lang='grc' dir='ltr'>ὅπερ</span> <span class='ocrx_word' id='word_1_229' title='bbox 1055 3121 1123 3197; x_wconf 80' lang='grc' dir='ltr'><strong>ἦν</strong></span> <span class='ocrx_word' id='word_1_230' title='bbox 1169 3127 1642 3199; x_wconf 81' lang='grc' dir='ltr'>ὲγκεκολαμμένον</span> 
     </span>
    </p>
   </div>
   <div class='ocr_carea' id='block_1_34' title="bbox 126 3210 1668 3306">
    <p class='ocr_par' dir='ltr' id='par_1_34' title="bbox 126 3210 1668 3306">
     <span class='ocr_line' id='line_1_34' title="bbox 126 3210 1668 3306; baseline 0.003 -37"><span class='ocrx_word' id='word_1_231' title='bbox 126 3210 268 3286; x_wconf 78' lang='grc' dir='ltr'>βωμῷ,</span> <span class='ocrx_word' id='word_1_232' title='bbox 318 3218 569 3271; x_wconf 86' lang='grc' dir='ltr'>κάκεῖθεν</span> <span class='ocrx_word' id='word_1_233' title='bbox 625 3218 811 3280; x_wconf 81' lang='grc' dir='ltr'>αὐτοῖς</span> <span class='ocrx_word' id='word_1_234' title='bbox 874 3216 1201 3290; x_wconf 80' lang='grc' dir='ltr'>εὐαφόρμως</span> <span class='ocrx_word' id='word_1_235' title='bbox 1245 3219 1336 3272; x_wconf 86' lang='grc' dir='ltr'><strong>τὸν</strong></span> <span class='ocrx_word' id='word_1_236' title='bbox 1371 3220 1668 3306; x_wconf 56' lang='grc' dir='ltr'><strong>ἄγνωστον⁸</strong></span> 
     </span>
    </p>
   </div>
   <div class='ocr_carea' id='block_1_35' title="bbox 127 3307 1646 3382">
    <p class='ocr_par' dir='ltr' id='par_1_35' title="bbox 127 3307 1646 3382">
     <span class='ocr_line' id='line_1_35' title="bbox 127 3307 1646 3382; baseline 0.005 -26"><span class='ocrx_word' id='word_1_237' title='bbox 127 3307 426 3375; x_wconf 69' lang='grc' dir='ltr'>,ατιιγγείλας</span> <span class='ocrx_word' id='word_1_238' title='bbox 460 3308 620 3373; x_wconf 83' lang='grc' dir='ltr'>Θεὸν,</span> <span class='ocrx_word' id='word_1_239' title='bbox 669 3310 764 3364; x_wconf 85' lang='grc' dir='ltr'>καὶ</span> <span class='ocrx_word' id='word_1_240' title='bbox 796 3308 1085 3380; x_wconf 76' lang='grc' dir='ltr'>σύμπαντα</span> <span class='ocrx_word' id='word_1_241' title='bbox 1137 3309 1231 3363; x_wconf 84' lang='grc' dir='ltr'><strong>τὸν</strong></span> <span class='ocrx_word' id='word_1_242' title='bbox 1243 3309 1397 3379; x_wconf 90' lang='grc' dir='ltr'>λόγον</span> <span class='ocrx_word' id='word_1_243' title='bbox 1447 3327 1646 3382; x_wconf 87' lang='grc' dir='ltr'>συμπε-</span> 
     </span>
    </p>
   </div>
   <div class='ocr_carea' id='block_1_36' title="bbox 126 3397 1645 3474">
    <p class='ocr_par' dir='ltr' id='par_1_36' title="bbox 126 3397 1645 3474">
     <span class='ocr_line' id='line_1_36' title="bbox 126 3397 1645 3474; baseline 0.004 -24"><span class='ocrx_word' id='word_1_244' title='bbox 126 3397 400 3469; x_wconf 76' lang='grc' dir='ltr'>ρανάμενος,</span> <span class='ocrx_word' id='word_1_245' title='bbox 433 3402 692 3456; x_wconf 87' lang='grc' dir='ltr'>τοσοῦτον</span> <span class='ocrx_word' id='word_1_246' title='bbox 755 3402 962 3473; x_wconf 79' lang='grc' dir='ltr'>ἀπέσχε</span> <span class='ocrx_word' id='word_1_247' title='bbox 1018 3400 1114 3456; x_wconf 89' lang='grc' dir='ltr'><strong>τοῦ</strong></span> <span class='ocrx_word' id='word_1_248' title='bbox 1176 3402 1252 3467; x_wconf 88' lang='grc' dir='ltr'>ὡς</span> <span class='ocrx_word' id='word_1_249' title='bbox 1293 3401 1507 3474; x_wconf 77' lang='grc' dir='ltr'>ἰδιώτης</span> <span class='ocrx_word' id='word_1_250' title='bbox 1544 3403 1645 3473; x_wconf 80' lang='grc' dir='ltr'>τῆς</span> 
     </span>
    </p>
   </div>
   <div class='ocr_carea' id='block_1_37' title="bbox 125 3483 1644 3564">
    <p class='ocr_par' dir='ltr' id='par_1_37' title="bbox 125 3483 1644 3564">
     <span class='ocr_line' id='line_1_37' title="bbox 125 3483 1644 3564; baseline 0.003 -25"><span class='ocrx_word' id='word_1_251' title='bbox 125 3483 274 3550; x_wconf 75' lang='grc' dir='ltr'>ἔξωθεν</span> <span class='ocrx_word' id='word_1_252' title='bbox 302 3492 482 3561; x_wconf 75' lang='grc' dir='ltr'>σοφίας</span> <span class='ocrx_word' id='word_1_253' title='bbox 515 3492 844 3563; x_wconf 85' lang='grc' dir='ltr'>διαμαρτεῖν</span> <span class='ocrx_word' id='word_1_254' title='bbox 869 3508 922 3544; x_wconf 91' lang='grc' dir='ltr'><strong>τι</strong></span> <span class='ocrx_word' id='word_1_255' title='bbox 947 3492 1075 3564; x_wconf 77' lang='grc' dir='ltr'>περὶ</span> <span class='ocrx_word' id='word_1_256' title='bbox 1110 3493 1237 3555; x_wconf 81' lang='grc' dir='ltr'>τοὺς</span> <span class='ocrx_word' id='word_1_257' title='bbox 1259 3490 1469 3560; x_wconf 89' lang='grc' dir='ltr'>λόγους,</span> <span class='ocrx_word' id='word_1_258' title='bbox 1503 3490 1644 3544; x_wconf 84' lang='grc' dir='ltr'>ῶστε</span> 
     </span>
    </p>
   </div>
   <div class='ocr_carea' id='block_1_38' title="bbox 125 3578 1646 3655">
    <p class='ocr_par' dir='ltr' id='par_1_38' title="bbox 125 3578 1646 3655">
     <span class='ocr_line' id='line_1_38' title="bbox 125 3578 1646 3655; baseline 0.004 -23"><span class='ocrx_word' id='word_1_259' title='bbox 125 3578 189 3629; x_wconf 58' lang='grc' dir='ltr'>τὸν</span> <span class='ocrx_word' id='word_1_260' title='bbox 207 3587 470 3653; x_wconf 80' lang='grc' dir='ltr'>κορυφαῖον</span> <span class='ocrx_word' id='word_1_261' title='bbox 499 3584 615 3639; x_wconf 86' lang='grc' dir='ltr'><strong>τῶν</strong></span> <span class='ocrx_word' id='word_1_262' title='bbox 658 3584 1060 3655; x_wconf 81' lang='grc' dir='ltr'>Ἀρεοπαγιτῶν</span> <span class='ocrx_word' id='word_1_263' title='bbox 1084 3585 1174 3638; x_wconf 89' lang='grc' dir='ltr'>τὸν</span> <span class='ocrx_word' id='word_1_264' title='bbox 1200 3584 1494 3649; x_wconf 85' lang='grc' dir='ltr'>Διονύσιον,</span> <span class='ocrx_word' id='word_1_265' title='bbox 1529 3583 1646 3655; x_wconf 80' lang='grc' dir='ltr'><strong>ἅμα</strong></span> 
     </span>
    </p>
   </div>
   <div class='ocr_carea' id='block_1_39' title="bbox 127 3669 1643 3747">
    <p class='ocr_par' dir='ltr' id='par_1_39' title="bbox 127 3669 1643 3747">
     <span class='ocr_line' id='line_1_39' title="bbox 127 3669 1643 3747; baseline -0.001 -18"><span class='ocrx_word' id='word_1_266' title='bbox 127 3669 200 3736; x_wconf 65' lang='grc' dir='ltr'><strong>μὲν</strong></span> <span class='ocrx_word' id='word_1_267' title='bbox 233 3676 289 3744; x_wconf 78' lang='grc' dir='ltr'>τῇ</span> <span class='ocrx_word' id='word_1_268' title='bbox 321 3677 532 3744; x_wconf 77' lang='grc' dir='ltr'>γυναικὶ</span> <span class='ocrx_word' id='word_1_269' title='bbox 564 3674 760 3739; x_wconf 85' lang='grc' dir='ltr'>πείσας</span> <span class='ocrx_word' id='word_1_270' title='bbox 793 3676 1111 3747; x_wconf 81' lang='grc' dir='ltr'>μετέστησε,</span> <span class='ocrx_word' id='word_1_271' title='bbox 1139 3676 1233 3730; x_wconf 77' lang='grc' dir='ltr'><strong>καὶ</strong></span> <span class='ocrx_word' id='word_1_272' title='bbox 1266 3675 1361 3729; x_wconf 88' lang='grc' dir='ltr'><strong>τοῦ</strong></span> <span class='ocrx_word' id='word_1_273' title='bbox 1406 3675 1643 3747; x_wconf 82' lang='grc' dir='ltr'>Χριστοῦ</span> 
     </span>
    </p>
   </div>
   <div class='ocr_carea' id='block_1_40' title="bbox 127 3764 1647 3842">
    <p class='ocr_par' dir='ltr' id='par_1_40' title="bbox 127 3764 1647 3842">
     <span class='ocr_line' id='line_1_40' title="bbox 127 3764 1647 3842; baseline 0.008 -31"><span class='ocrx_word' id='word_1_274' title='bbox 127 3764 359 3831; x_wconf 72' lang='grc' dir='ltr'>εἰργάσατο</span> <span class='ocrx_word' id='word_1_275' title='bbox 387 3768 597 3833; x_wconf 88' lang='grc' dir='ltr'>δοῦλον,</span> <span class='ocrx_word' id='word_1_276' title='bbox 639 3768 699 3835; x_wconf 78' lang='grc' dir='ltr'>ἐξ</span> <span class='ocrx_word' id='word_1_277' title='bbox 741 3768 858 3830; x_wconf 82' lang='grc' dir='ltr'>ἑνὸς</span> <span class='ocrx_word' id='word_1_278' title='bbox 899 3768 1110 3839; x_wconf 84' lang='grc' dir='ltr'>βωμοῦ,</span> <span class='ocrx_word' id='word_1_279' title='bbox 1160 3770 1253 3822; x_wconf 77' lang='grc' dir='ltr'><strong>καὶ</strong></span> <span class='ocrx_word' id='word_1_280' title='bbox 1297 3769 1496 3842; x_wconf 83' lang='grc' dir='ltr'>μικροῦ</span> <span class='ocrx_word' id='word_1_281' title='bbox 1526 3771 1647 3823; x_wconf 85' lang='grc' dir='ltr'>ἐπι-</span> 
     </span>
    </p>
   </div>
   <div class='ocr_carea' id='block_1_41' title="bbox 128 3855 1259 3933">
    <p class='ocr_par' dir='ltr' id='par_1_41' title="bbox 128 3855 1259 3933">
     <span class='ocr_line' id='line_1_41' title="bbox 128 3855 1259 3933; baseline 0.004 -22"><span class='ocrx_word' id='word_1_282' title='bbox 128 3855 410 3927; x_wconf 70' lang='grc' dir='ltr'>γράμματος,</span> <span class='ocrx_word' id='word_1_283' title='bbox 446 3861 662 3915; x_wconf 83' lang='grc' dir='ltr'>πολλῶν</span> <span class='ocrx_word' id='word_1_284' title='bbox 686 3862 1007 3931; x_wconf 82' lang='grc' dir='ltr'>ἀποστήσας</span> <span class='ocrx_word' id='word_1_285' title='bbox 1041 3860 1259 3933; x_wconf 81' lang='grc' dir='ltr'>βωμῶν.</span> 
     </span>
    </p>
   </div>
   <div class='ocr_carea' id='block_1_42' title="bbox 175 4116 1645 4195">
    <p class='ocr_par' dir='ltr' id='par_1_42' title="bbox 175 4116 1645 4195">
     <span class='ocr_line' id='line_1_42' title="bbox 175 4116 1645 4195; baseline 0.005 -25"><span class='ocrx_word' id='word_1_286' title='bbox 175 4116 416 4175; x_wconf 77' lang='grc' dir='ltr'>Κατελθὼν</span> <span class='ocrx_word' id='word_1_287' title='bbox 476 4124 534 4178; x_wconf 79' lang='grc' dir='ltr'>δὲ</span> <span class='ocrx_word' id='word_1_288' title='bbox 602 4123 830 4194; x_wconf 83' lang='grc' dir='ltr'>νικητὴς</span> <span class='ocrx_word' id='word_1_289' title='bbox 897 4122 1144 4187; x_wconf 78' lang='grc' dir='ltr'>ἐκεῖθεν,</span> <span class='ocrx_word' id='word_1_290' title='bbox 1216 4122 1345 4177; x_wconf 77' lang='grc' dir='ltr'>ἔνθα</span> <span class='ocrx_word' id='word_1_291' title='bbox 1412 4124 1645 4195; x_wconf 87' lang='grc' dir='ltr'>μάλιστα</span> 
     </span>
    </p>
   </div>
   <div class='ocr_carea' id='block_1_43' title="bbox 127 4208 1646 4287">
    <p class='ocr_par' dir='ltr' id='par_1_43' title="bbox 127 4208 1646 4287">
     <span class='ocr_line' id='line_1_43' title="bbox 127 4208 1646 4287; baseline 0.005 -25"><span class='ocrx_word' id='word_1_292' title='bbox 127 4208 303 4279; x_wconf 57' lang='lat' dir='ltr'><strong>[mare</strong></span> <span class='ocrx_word' id='word_1_293' title='bbox 326 4215 616 4287; x_wconf 74' lang='grc' dir='ltr'>πολεμικὸς</span> <span class='ocrx_word' id='word_1_294' title='bbox 650 4214 759 4268; x_wconf 86' lang='grc' dir='ltr'><strong>τῶν</strong></span> <span class='ocrx_word' id='word_1_295' title='bbox 805 4214 1069 4287; x_wconf 84' lang='grc' dir='ltr'>Ἐλλήνων</span> <span class='ocrx_word' id='word_1_296' title='bbox 1096 4214 1324 4286; x_wconf 85' lang='grc' dir='ltr'>δαίμων.</span> <span class='ocrx_word' id='word_1_297' title='bbox 1353 4216 1562 4270; x_wconf 80' lang='grc' dir='ltr'>ἐκεῖθεν</span> <span class='ocrx_word' id='word_1_298' title='bbox 1588 4216 1646 4269; x_wconf 84' lang='grc' dir='ltr'>δὲ</span> 
     </span>
    </p>
   </div>
   <div class='ocr_carea' id='block_1_44' title="bbox 128 4304 1645 4381">
    <p class='ocr_par' dir='ltr' id='par_1_44' title="bbox 128 4304 1645 4381">
     <span class='ocr_line' id='line_1_44' title="bbox 128 4304 1645 4381; baseline 0.007 -28"><span class='ocrx_word' id='word_1_299' title='bbox 128 4304 312 4370; x_wconf 74' lang='grc' dir='ltr'>μεταϐὰς</span> <span class='ocrx_word' id='word_1_300' title='bbox 335 4310 464 4378; x_wconf 79' lang='grc' dir='ltr'>πρὸς</span> <span class='ocrx_word' id='word_1_301' title='bbox 486 4310 590 4380; x_wconf 84' lang='grc' dir='ltr'><strong>τὴν</strong></span> <span class='ocrx_word' id='word_1_302' title='bbox 619 4308 838 4377; x_wconf 86' lang='grc' dir='ltr'>γείτονα</span> <span class='ocrx_word' id='word_1_303' title='bbox 860 4309 1014 4362; x_wconf 85' lang='grc' dir='ltr'>πόλιν</span> <span class='ocrx_word' id='word_1_304' title='bbox 1036 4308 1135 4381; x_wconf 81' lang='grc' dir='ltr'>τὴν</span> <span class='ocrx_word' id='word_1_305' title='bbox 1162 4307 1446 4380; x_wconf 75' lang='grc' dir='ltr'>Κόρινθον,</span> <span class='ocrx_word' id='word_1_306' title='bbox 1481 4304 1645 4363; x_wconf 78' lang='grc' dir='ltr'>οὖσαν</span> 
     </span>
    </p>
   </div>
   <div class='ocr_carea' id='block_1_45' title="bbox 125 4392 1647 4472">
    <p class='ocr_par' dir='ltr' id='par_1_45' title="bbox 125 4392 1647 4472">
     <span class='ocr_line' id='line_1_45' title="bbox 125 4392 1647 4472; baseline -0.006 -12"><span class='ocrx_word' id='word_1_307' title='bbox 125 4392 197 4462; x_wconf 59' lang='grc' dir='ltr'><strong>τῆς</strong></span> <span class='ocrx_word' id='word_1_308' title='bbox 226 4397 419 4467; x_wconf 76' lang='grc' dir='ltr'>Ἀχαΐας</span> <span class='ocrx_word' id='word_1_309' title='bbox 444 4400 802 4472; x_wconf 82' lang='grc' dir='ltr'>μητρόπολιν,</span> <span class='ocrx_word' id='word_1_310' title='bbox 837 4400 931 4453; x_wconf 69' lang='grc' dir='ltr'><strong>καὶ</strong></span> <span class='ocrx_word' id='word_1_311' title='bbox 981 4399 1221 4470; x_wconf 81' lang='grc' dir='ltr'>λαλήσας</span> <span class='ocrx_word' id='word_1_312' title='bbox 1268 4402 1327 4453; x_wconf 80' lang='grc' dir='ltr'><strong>ὲν</strong></span> <span class='ocrx_word' id='word_1_313' title='bbox 1369 4403 1490 4463; x_wconf 86' lang='grc' dir='ltr'>ταῖς</span> <span class='ocrx_word' id='word_1_314' title='bbox 1520 4416 1647 4452; x_wconf 88' lang='grc' dir='ltr'>συν-</span> 
     </span>
    </p>
   </div>
   <div class='ocr_carea' id='block_1_46' title="bbox 1750 550 3325 624">
    <p class='ocr_par' dir='ltr' id='par_1_46' title="bbox 1750 550 3325 624">
     <span class='ocr_line' id='line_1_46' title="bbox 1750 550 3325 624; baseline 0.001 -18"><span class='ocrx_word' id='word_1_315' title='bbox 1750 561 1885 608; x_wconf 81' lang='lat' dir='ltr'><strong>turae</strong></span> <span class='ocrx_word' id='word_1_316' title='bbox 1915 553 2121 624; x_wconf 77' lang='lat' dir='ltr'><strong>legibus</strong></span> <span class='ocrx_word' id='word_1_317' title='bbox 2153 569 2256 609; x_wconf 92' lang='lat' dir='ltr'><strong>non</strong></span> <span class='ocrx_word' id='word_1_318' title='bbox 2294 554 2533 623; x_wconf 75' lang='lat' dir='ltr'><strong>scriptis,</strong></span> <span class='ocrx_word' id='word_1_319' title='bbox 2587 553 2918 607; x_wconf 84' lang='lat' dir='ltr'><strong>conﬁrmans</strong></span> <span class='ocrx_word' id='word_1_320' title='bbox 2967 550 3325 616; x_wconf 82' lang='lat' dir='ltr'><strong>Christianos,</strong></span> 
     </span>
    </p>
   </div>
   <div class='ocr_carea' id='block_1_47' title="bbox 1748 642 3329 717">
    <p class='ocr_par' dir='ltr' id='par_1_47' title="bbox 1748 642 3329 717">
     <span class='ocr_line' id='line_1_47' title="bbox 1748 642 3329 717; baseline -0.001 -19"><span class='ocrx_word' id='word_1_321' title='bbox 1748 646 2051 717; x_wconf 76' lang='lat' dir='ltr'><strong>proselytas</strong></span> <span class='ocrx_word' id='word_1_322' title='bbox 2097 658 2151 702; x_wconf 90' lang='lat' dir='ltr'><strong>et</strong></span> <span class='ocrx_word' id='word_1_323' title='bbox 2208 646 2300 716; x_wconf 87' lang='lat' dir='ltr'><strong>qui</strong></span> <span class='ocrx_word' id='word_1_324' title='bbox 2360 646 2483 701; x_wconf 88' lang='lat' dir='ltr'><strong>tidei</strong></span> <span class='ocrx_word' id='word_1_325' title='bbox 2538 644 2906 702; x_wconf 88' lang='lat' dir='ltr'><strong>accessissent</strong></span> <span class='ocrx_word' id='word_1_326' title='bbox 2941 642 3235 708; x_wconf 70' lang='lat' dir='ltr'><strong>aediﬁcans,</strong></span> <span class='ocrx_word' id='word_1_327' title='bbox 3264 658 3329 698; x_wconf 88' lang='lat' dir='ltr'><strong>ac</strong></span> 
     </span>
    </p>
   </div>
   <div class='ocr_carea' id='block_1_48' title="bbox 1747 732 3327 807">
    <p class='ocr_par' dir='ltr' id='par_1_48' title="bbox 1747 732 3327 807">
     <span class='ocr_line' id='line_1_48' title="bbox 1747 732 3327 807; baseline -0.001 -17"><span class='ocrx_word' id='word_1_328' title='bbox 1747 737 2003 807; x_wconf 70' lang='lat' dir='ltr'><strong>congruis</strong></span> <span class='ocrx_word' id='word_1_329' title='bbox 2030 737 2292 793; x_wconf 76' lang='lat' dir='ltr'><strong>doctrinis</strong></span> <span class='ocrx_word' id='word_1_330' title='bbox 2322 737 2493 804; x_wconf 90' lang='lat' dir='ltr'><strong>alens,</strong></span> <span class='ocrx_word' id='word_1_331' title='bbox 2522 736 2601 791; x_wconf 89' lang='lat' dir='ltr'><strong>uti</strong></span> <span class='ocrx_word' id='word_1_332' title='bbox 2657 746 2867 792; x_wconf 89' lang='lat' dir='ltr'><strong>satores</strong></span> <span class='ocrx_word' id='word_1_333' title='bbox 2918 732 3155 791; x_wconf 87' lang='lat' dir='ltr'><strong>novellas</strong></span> <span class='ocrx_word' id='word_1_334' title='bbox 3178 734 3327 805; x_wconf 87' lang='lat' dir='ltr'><strong>plan-</strong></span> 
     </span>
    </p>
   </div>
   <div class='ocr_carea' id='block_1_49' title="bbox 1752 828 3330 901">
    <p class='ocr_par' dir='ltr' id='par_1_49' title="bbox 1752 828 3330 901">
     <span class='ocr_line' id='line_1_49' title="bbox 1752 828 3330 901; baseline -0.001 -18"><span class='ocrx_word' id='word_1_335' title='bbox 1752 839 1854 895; x_wconf 85' lang='lat' dir='ltr'><strong>tas,</strong></span> <span class='ocrx_word' id='word_1_336' title='bbox 1893 832 2173 886; x_wconf 87' lang='lat' dir='ltr'><strong>moderato</strong></span> <span class='ocrx_word' id='word_1_337' title='bbox 2220 846 2283 886; x_wconf 89' lang='lat' dir='ltr'><strong>ac</strong></span> <span class='ocrx_word' id='word_1_338' title='bbox 2317 831 2582 901; x_wconf 81' lang='lat' dir='ltr'><strong>castigato</strong></span> <span class='ocrx_word' id='word_1_339' title='bbox 2613 845 2876 899; x_wconf 88' lang='lat' dir='ltr'><strong>aquarum</strong></span> <span class='ocrx_word' id='word_1_340' title='bbox 2913 828 3115 883; x_wconf 81' lang='lat' dir='ltr'><strong>inﬁuxu</strong></span> <span class='ocrx_word' id='word_1_341' title='bbox 3146 828 3330 882; x_wconf 77' lang='lat' dir='ltr'><strong>fovent</strong></span> 
     </span>
    </p>
   </div>
   <div class='ocr_carea' id='block_1_50' title="bbox 1748 918 3328 989">
    <p class='ocr_par' dir='ltr' id='par_1_50' title="bbox 1748 918 3328 989">
     <span class='ocr_line' id='line_1_50' title="bbox 1748 918 3328 989; baseline -0.003 -12"><span class='ocrx_word' id='word_1_342' title='bbox 1748 938 1810 977; x_wconf 87' lang='lat' dir='ltr'><strong>ac</strong></span> <span class='ocrx_word' id='word_1_343' title='bbox 1835 931 2101 978; x_wconf 82' lang='lat' dir='ltr'><strong>recreant.</strong></span> <span class='ocrx_word' id='word_1_344' title='bbox 2155 921 2305 989; x_wconf 86' lang='lat' dir='ltr'><strong>Quod</strong></span> <span class='ocrx_word' id='word_1_345' title='bbox 2346 937 2475 977; x_wconf 88' lang='lat' dir='ltr'><strong>vero</strong></span> <span class='ocrx_word' id='word_1_346' title='bbox 2529 920 2645 988; x_wconf 88' lang='lat' dir='ltr'><strong>ejus</strong></span> <span class='ocrx_word' id='word_1_347' title='bbox 2697 922 2932 976; x_wconf 76' lang='lat' dir='ltr'><strong>maxime</strong></span> <span class='ocrx_word' id='word_1_348' title='bbox 2955 920 3066 974; x_wconf 89' lang='lat' dir='ltr'><strong>vim</strong></span> <span class='ocrx_word' id='word_1_349' title='bbox 3113 918 3328 976; x_wconf 83' lang='lat' dir='ltr'><strong>dicendi</strong></span> 
     </span>
    </p>
   </div>
   <div class='ocr_carea' id='block_1_51' title="bbox 1748 1011 2662 1083">
    <p class='ocr_par' dir='ltr' id='par_1_51' title="bbox 1748 1011 2662 1083">
     <span class='ocr_line' id='line_1_51' title="bbox 1748 1011 2662 1083; baseline 0 -16"><span class='ocrx_word' id='word_1_350' title='bbox 1748 1013 2010 1077; x_wconf 86' lang='lat' dir='ltr'><strong>ostendit,</strong></span> <span class='ocrx_word' id='word_1_351' title='bbox 2038 1011 2092 1067; x_wconf 93' lang='lat' dir='ltr'><strong>id</strong></span> <span class='ocrx_word' id='word_1_352' title='bbox 2124 1027 2251 1069; x_wconf 90' lang='lat' dir='ltr'><strong>vero</strong></span> <span class='ocrx_word' id='word_1_353' title='bbox 2275 1012 2662 1083; x_wconf 88' lang='lat' dir='ltr'><strong>perdiscamus.</strong></span> 
     </span>
    </p>
   </div>
   <div class='ocr_carea' id='block_1_52' title="bbox 1724 1191 3325 1264">
    <p class='ocr_par' dir='ltr' id='par_1_52' title="bbox 1724 1191 3325 1264">
     <span class='ocr_line' id='line_1_52' title="bbox 1724 1191 3325 1264; baseline 0.003 -19"><span class='ocrx_word' id='word_1_354' title='bbox 1724 1212 1725 1215; x_wconf 49' lang='grc' dir='ltr'><strong>η</strong></span> <span class='ocrx_word' id='word_1_355' title='bbox 1819 1192 2221 1261; x_wconf 55' lang='grc' dir='ltr'>Αιιιεηωμιιοὺε</span> <span class='ocrx_word' id='word_1_356' title='bbox 2265 1200 2348 1249; x_wconf 89' lang='lat' dir='ltr'><strong>est</strong></span> <span class='ocrx_word' id='word_1_357' title='bbox 2372 1194 2593 1249; x_wconf 66' lang='lat' dir='ltr'><strong>Achaiae</strong></span> <span class='ocrx_word' id='word_1_358' title='bbox 2620 1191 2904 1264; x_wconf 80' lang='lat' dir='ltr'><strong>primaria,</strong></span> <span class='ocrx_word' id='word_1_359' title='bbox 2953 1193 3325 1250; x_wconf 85' lang='lat' dir='ltr'><strong>doctrinarum</strong></span> 
     </span>
    </p>
   </div>
   <div class='ocr_carea' id='block_1_53' title="bbox 1746 1285 3326 1352">
    <p class='ocr_par' dir='ltr' id='par_1_53' title="bbox 1746 1285 3326 1352">
     <span class='ocr_line' id='line_1_53' title="bbox 1746 1285 3326 1352; baseline -0.002 -10"><span class='ocrx_word' id='word_1_360' title='bbox 1746 1287 1920 1350; x_wconf 84' lang='lat' dir='ltr'><strong>sedes,</strong></span> <span class='ocrx_word' id='word_1_361' title='bbox 1959 1286 2037 1340; x_wconf 87' lang='lat' dir='ltr'><strong>uti</strong></span> <span class='ocrx_word' id='word_1_362' title='bbox 2089 1285 2218 1341; x_wconf 92' lang='lat' dir='ltr'><strong>olim</strong></span> <span class='ocrx_word' id='word_1_363' title='bbox 2270 1285 2607 1343; x_wconf 89' lang='lat' dir='ltr'><strong>laudatorum</strong></span> <span class='ocrx_word' id='word_1_364' title='bbox 2660 1301 2759 1343; x_wconf 89' lang='lat' dir='ltr'><strong>ore</strong></span> <span class='ocrx_word' id='word_1_365' title='bbox 2800 1286 2996 1342; x_wconf 90' lang='lat' dir='ltr'><strong>meruit</strong></span> <span class='ocrx_word' id='word_1_366' title='bbox 3042 1286 3326 1352; x_wconf 88' lang='lat' dir='ltr'><strong>celebrari,</strong></span> 
     </span>
    </p>
   </div>
   <div class='ocr_carea' id='block_1_54' title="bbox 1750 1377 3323 1446">
    <p class='ocr_par' dir='ltr' id='par_1_54' title="bbox 1750 1377 3323 1446">
     <span class='ocr_line' id='line_1_54' title="bbox 1750 1377 3323 1446; baseline 0.001 -15"><span class='ocrx_word' id='word_1_367' title='bbox 1750 1377 1988 1431; x_wconf 88' lang='lat' dir='ltr'><strong>virorum</strong></span> <span class='ocrx_word' id='word_1_368' title='bbox 2013 1378 2340 1446; x_wconf 83' lang='lat' dir='ltr'><strong>sapientum,</strong></span> <span class='ocrx_word' id='word_1_369' title='bbox 2374 1393 2438 1432; x_wconf 90' lang='lat' dir='ltr'><strong>ac</strong></span> <span class='ocrx_word' id='word_1_370' title='bbox 2462 1377 2767 1432; x_wconf 87' lang='lat' dir='ltr'><strong>litterarum</strong></span> <span class='ocrx_word' id='word_1_371' title='bbox 2816 1378 3104 1433; x_wconf 89' lang='lat' dir='ltr'><strong>colentium</strong></span> <span class='ocrx_word' id='word_1_372' title='bbox 3126 1378 3323 1440; x_wconf 83' lang='lat' dir='ltr'><strong>studia.</strong></span> 
     </span>
    </p>
   </div>
   <div class='ocr_carea' id='block_1_55' title="bbox 1746 1470 3324 1543">
    <p class='ocr_par' dir='ltr' id='par_1_55' title="bbox 1746 1470 3324 1543">
     <span class='ocr_line' id='line_1_55' title="bbox 1746 1470 3324 1543; baseline 0.001 -18"><span class='ocrx_word' id='word_1_373' title='bbox 1746 1472 1966 1541; x_wconf 88' lang='lat' dir='ltr'><strong>antiqua</strong></span> <span class='ocrx_word' id='word_1_374' title='bbox 1990 1471 2225 1526; x_wconf 81' lang='lat' dir='ltr'><strong>oﬂicina.</strong></span> <span class='ocrx_word' id='word_1_375' title='bbox 2261 1471 2399 1537; x_wconf 86' lang='lat' dir='ltr'><strong>Quia</strong></span> <span class='ocrx_word' id='word_1_376' title='bbox 2444 1485 2574 1543; x_wconf 80' lang='lat' dir='ltr'><strong>ergo</strong></span> <span class='ocrx_word' id='word_1_377' title='bbox 2606 1470 2805 1527; x_wconf 89' lang='lat' dir='ltr'><strong>Paulus</strong></span> <span class='ocrx_word' id='word_1_378' title='bbox 2842 1480 3010 1526; x_wconf 87' lang='lat' dir='ltr'><strong>totum</strong></span> <span class='ocrx_word' id='word_1_379' title='bbox 3055 1471 3324 1542; x_wconf 84' lang='lat' dir='ltr'><strong>Illyricum</strong></span> 
     </span>
    </p>
   </div>
   <div class='ocr_carea' id='block_1_56' title="bbox 1745 1559 3325 1631">
    <p class='ocr_par' dir='ltr' id='par_1_56' title="bbox 1745 1559 3325 1631">
     <span class='ocr_line' id='line_1_56' title="bbox 1745 1559 3325 1631; baseline 0.001 -16"><span class='ocrx_word' id='word_1_380' title='bbox 1745 1575 2092 1630; x_wconf 89' lang='lat' dir='ltr'><strong>percurrens,</strong></span> <span class='ocrx_word' id='word_1_381' title='bbox 2146 1576 2211 1615; x_wconf 90' lang='lat' dir='ltr'><strong>ac</strong></span> <span class='ocrx_word' id='word_1_382' title='bbox 2270 1559 2473 1630; x_wconf 85' lang='lat' dir='ltr'><strong>ubique</strong></span> <span class='ocrx_word' id='word_1_383' title='bbox 2527 1575 2791 1631; x_wconf 77' lang='lat' dir='ltr'><strong>spargens</strong></span> <span class='ocrx_word' id='word_1_384' title='bbox 2848 1561 3121 1618; x_wconf 86' lang='lat' dir='ltr'><strong>scintillas</strong></span> <span class='ocrx_word' id='word_1_385' title='bbox 3178 1562 3325 1629; x_wconf 91' lang='lat' dir='ltr'><strong>ﬁdei,</strong></span> 
     </span>
    </p>
   </div>
   <div class='ocr_carea' id='block_1_57' title="bbox 1745 1640 3329 1725">
    <p class='ocr_par' dir='ltr' id='par_1_57' title="bbox 1745 1640 3329 1725">
     <span class='ocr_line' id='line_1_57' title="bbox 1745 1640 3329 1725; baseline 0.002 -18"><span class='ocrx_word' id='word_1_386' title='bbox 1745 1668 1883 1723; x_wconf 86' lang='lat' dir='ltr'><strong>quas</strong></span> <span class='ocrx_word' id='word_1_387' title='bbox 1921 1640 2126 1723; x_wconf 79' lang='lat' dir='ltr'><strong>auspex</strong></span> <span class='ocrx_word' id='word_1_388' title='bbox 2155 1651 2390 1722; x_wconf 87' lang='lat' dir='ltr'><strong>Spiritus</strong></span> <span class='ocrx_word' id='word_1_389' title='bbox 2430 1654 2704 1708; x_wconf 84' lang='lat' dir='ltr'><strong>excitabat</strong></span> <span class='ocrx_word' id='word_1_390' title='bbox 2734 1653 2800 1720; x_wconf 75' lang='lat'><strong>“,</strong></span> <span class='ocrx_word' id='word_1_391' title='bbox 2833 1654 3088 1725; x_wconf 90' lang='lat' dir='ltr'><strong>vivasque</strong></span> <span class='ocrx_word' id='word_1_392' title='bbox 3115 1669 3329 1724; x_wconf 88' lang='lat' dir='ltr'><strong>semper</strong></span> 
     </span>
    </p>
   </div>
   <div class='ocr_carea' id='block_1_58' title="bbox 1747 1745 3328 1816">
    <p class='ocr_par' dir='ltr' id='par_1_58' title="bbox 1747 1745 3328 1816">
     <span class='ocr_line' id='line_1_58' title="bbox 1747 1745 3328 1816; baseline 0 -17"><span class='ocrx_word' id='word_1_393' title='bbox 1747 1745 2037 1812; x_wconf 89' lang='lat' dir='ltr'><strong>servabat,</strong></span> <span class='ocrx_word' id='word_1_394' title='bbox 2091 1746 2402 1801; x_wconf 87' lang='lat' dir='ltr'><strong>necessario</strong></span> <span class='ocrx_word' id='word_1_395' title='bbox 2434 1745 2663 1801; x_wconf 87' lang='lat' dir='ltr'><strong>circuitu</strong></span> <span class='ocrx_word' id='word_1_396' title='bbox 2713 1746 2780 1799; x_wconf 91' lang='lat' dir='ltr'><strong>ad</strong></span> <span class='ocrx_word' id='word_1_397' title='bbox 2812 1746 3084 1816; x_wconf 88' lang='lat' dir='ltr'><strong>sapientes</strong></span> <span class='ocrx_word' id='word_1_398' title='bbox 3110 1760 3328 1815; x_wconf 87' lang='lat' dir='ltr'><strong>quoque</strong></span> 
     </span>
    </p>
   </div>
   <div class='ocr_carea' id='block_1_59' title="bbox 1676 1818 3329 1911">
    <p class='ocr_par' dir='ltr' id='par_1_59' title="bbox 1676 1818 3329 1911">
     <span class='ocr_line' id='line_1_59' title="bbox 1676 1818 3329 1911; baseline 0.002 -20"><span class='ocrx_word' id='word_1_399' title='bbox 1676 1818 1720 1877; x_wconf 76' lang='grc' dir='ltr'><strong>Β</strong></span> <span class='ocrx_word' id='word_1_400' title='bbox 1747 1838 2105 1895; x_wconf 86' lang='lat' dir='ltr'><strong>Athenienses</strong></span> <span class='ocrx_word' id='word_1_401' title='bbox 2136 1849 2396 1897; x_wconf 85' lang='lat' dir='ltr'><strong>venerat:</strong></span> <span class='ocrx_word' id='word_1_402' title='bbox 2425 1853 2513 1894; x_wconf 87' lang='lat' dir='ltr'><strong>res</strong></span> <span class='ocrx_word' id='word_1_403' title='bbox 2539 1849 2656 1895; x_wconf 90' lang='lat' dir='ltr'><strong>erat</strong></span> <span class='ocrx_word' id='word_1_404' title='bbox 2683 1839 2849 1895; x_wconf 91' lang='lat' dir='ltr'><strong>multa</strong></span> <span class='ocrx_word' id='word_1_405' title='bbox 2883 1840 3040 1911; x_wconf 74' lang='lat' dir='ltr'><strong>digna</strong></span> <span class='ocrx_word' id='word_1_406' title='bbox 3069 1840 3329 1896; x_wconf 88' lang='lat' dir='ltr'><strong>sollicitu-</strong></span> 
     </span>
    </p>
   </div>
   <div class='ocr_carea' id='block_1_60' title="bbox 1748 1932 3326 2004">
    <p class='ocr_par' dir='ltr' id='par_1_60' title="bbox 1748 1932 3326 2004">
     <span class='ocr_line' id='line_1_60' title="bbox 1748 1932 3326 2004; baseline 0.002 -18"><span class='ocrx_word' id='word_1_407' title='bbox 1748 1932 1870 1986; x_wconf 89' lang='lat' dir='ltr'><strong>dine</strong></span> <span class='ocrx_word' id='word_1_408' title='bbox 1907 1949 1922 1987; x_wconf 90' lang='lat'>:</span> <span class='ocrx_word' id='word_1_409' title='bbox 1959 1946 2063 2001; x_wconf 88' lang='lat' dir='ltr'><strong>qua</strong></span> <span class='ocrx_word' id='word_1_410' title='bbox 2089 1945 2218 1987; x_wconf 89' lang='lat' dir='ltr'><strong>vero</strong></span> <span class='ocrx_word' id='word_1_411' title='bbox 2244 1932 2454 1988; x_wconf 85' lang='lat' dir='ltr'><strong>ratione</strong></span> <span class='ocrx_word' id='word_1_412' title='bbox 2484 1933 2748 1991; x_wconf 85' lang='lat' dir='ltr'><strong>coriarius</strong></span> <span class='ocrx_word' id='word_1_413' title='bbox 2769 1934 2950 2000; x_wconf 89' lang='lat' dir='ltr'><strong>homo,</strong></span> <span class='ocrx_word' id='word_1_414' title='bbox 2986 1948 3083 2004; x_wconf 89' lang='lat' dir='ltr'><strong>pro</strong></span> <span class='ocrx_word' id='word_1_415' title='bbox 3106 1935 3326 1989; x_wconf 85' lang='lat' dir='ltr'><strong>concio-</strong></span> 
     </span>
    </p>
   </div>
   <div class='ocr_carea' id='block_1_61' title="bbox 1748 2022 3329 2094">
    <p class='ocr_par' dir='ltr' id='par_1_61' title="bbox 1748 2022 3329 2094">
     <span class='ocr_line' id='line_1_61' title="bbox 1748 2022 3329 2094; baseline 0.004 -19"><span class='ocrx_word' id='word_1_416' title='bbox 1748 2036 1815 2075; x_wconf 90' lang='lat' dir='ltr'><strong>ne</strong></span> <span class='ocrx_word' id='word_1_417' title='bbox 1858 2022 1925 2076; x_wconf 86' lang='lat' dir='ltr'><strong>de</strong></span> <span class='ocrx_word' id='word_1_418' title='bbox 1980 2024 2089 2077; x_wconf 91' lang='lat' dir='ltr'><strong>Deo</strong></span> <span class='ocrx_word' id='word_1_419' title='bbox 2144 2024 2283 2093; x_wconf 87' lang='lat' dir='ltr'><strong>apud</strong></span> <span class='ocrx_word' id='word_1_420' title='bbox 2307 2033 2417 2079; x_wconf 89' lang='lat' dir='ltr'><strong>&#39;eos</strong></span> <span class='ocrx_word' id='word_1_421' title='bbox 2451 2034 2704 2079; x_wconf 88' lang='lat' dir='ltr'><strong>oraturus</strong></span> <span class='ocrx_word' id='word_1_422' title='bbox 2740 2033 2905 2090; x_wconf 89' lang='lat' dir='ltr'><strong>esset,</strong></span> <span class='ocrx_word' id='word_1_423' title='bbox 2953 2024 3044 2094; x_wconf 89' lang='lat' dir='ltr'><strong>qui</strong></span> <span class='ocrx_word' id='word_1_424' title='bbox 3074 2025 3329 2081; x_wconf 91' lang='lat' dir='ltr'><strong>universo</strong></span> 
     </span>
    </p>
   </div>
   <div class='ocr_carea' id='block_1_62' title="bbox 1747 2099 3328 2188">
    <p class='ocr_par' dir='ltr' id='par_1_62' title="bbox 1747 2099 3328 2188">
     <span class='ocr_line' id='line_1_62' title="bbox 1747 2099 3328 2188; baseline 0.003 -19"><span class='ocrx_word' id='word_1_425' title='bbox 1747 2099 1907 2169; x_wconf 81' lang='lat' dir='ltr'><strong>siniul</strong></span> <span class='ocrx_word' id='word_1_426' title='bbox 1939 2113 2177 2169; x_wconf 90' lang='lat' dir='ltr'><strong>humano</strong></span> <span class='ocrx_word' id='word_1_427' title='bbox 2206 2117 2413 2186; x_wconf 79' lang='lat' dir='ltr'><strong>generi,</strong></span> <span class='ocrx_word' id='word_1_428' title='bbox 2444 2126 2504 2171; x_wconf 92' lang='lat' dir='ltr'><strong>ut</strong></span> <span class='ocrx_word' id='word_1_429' title='bbox 2562 2117 2922 2171; x_wconf 87' lang='lat' dir='ltr'><strong>eruditionem</strong></span> <span class='ocrx_word' id='word_1_430' title='bbox 2953 2127 3185 2188; x_wconf 90' lang='lat' dir='ltr'><strong>spectes,</strong></span> <span class='ocrx_word' id='word_1_431' title='bbox 3231 2119 3328 2173; x_wconf 86' lang='lat' dir='ltr'><strong>do-</strong></span> 
     </span>
    </p>
   </div>
   <div class='ocr_carea' id='block_1_63' title="bbox 1749 2207 3327 2280">
    <p class='ocr_par' dir='ltr' id='par_1_63' title="bbox 1749 2207 3327 2280">
     <span class='ocr_line' id='line_1_63' title="bbox 1749 2207 3327 2280; baseline 0.001 -19"><span class='ocrx_word' id='word_1_432' title='bbox 1749 2207 1942 2262; x_wconf 85' lang='lat' dir='ltr'><strong>minari</strong></span> <span class='ocrx_word' id='word_1_433' title='bbox 1976 2207 2180 2264; x_wconf 86' lang='lat' dir='ltr'><strong>vellent</strong></span> <span class='ocrx_word' id='word_1_434' title='bbox 2207 2208 2232 2262; x_wconf 85' lang='lat'><strong>?</strong></span> <span class='ocrx_word' id='word_1_435' title='bbox 2255 2207 2345 2263; x_wconf 90' lang='lat' dir='ltr'><strong>Ille</strong></span> <span class='ocrx_word' id='word_1_436' title='bbox 2394 2208 2743 2264; x_wconf 88' lang='lat' dir='ltr'><strong>nihilominus</strong></span> <span class='ocrx_word' id='word_1_437' title='bbox 2767 2209 2931 2264; x_wconf 91' lang='lat' dir='ltr'><strong>animi</strong></span> <span class='ocrx_word' id='word_1_438' title='bbox 2961 2225 3025 2265; x_wconf 90' lang='lat' dir='ltr'><strong>ac</strong></span> <span class='ocrx_word' id='word_1_439' title='bbox 3044 2209 3185 2280; x_wconf 81' lang='lat' dir='ltr'><strong>genii</strong></span> <span class='ocrx_word' id='word_1_440' title='bbox 3214 2224 3327 2264; x_wconf 89' lang='lat' dir='ltr'><strong>ma-</strong></span> 
     </span>
    </p>
   </div>
   <div class='ocr_carea' id='block_1_64' title="bbox 1746 2299 3322 2371">
    <p class='ocr_par' dir='ltr' id='par_1_64' title="bbox 1746 2299 3322 2371">
     <span class='ocr_line' id='line_1_64' title="bbox 1746 2299 3322 2371; baseline -0.001 -16"><span class='ocrx_word' id='word_1_441' title='bbox 1746 2299 2046 2371; x_wconf 76' lang='lat' dir='ltr'><strong>gnitudine,</strong></span> <span class='ocrx_word' id='word_1_442' title='bbox 2077 2301 2406 2371; x_wconf 88' lang='lat' dir='ltr'><strong>supernique</strong></span> <span class='ocrx_word' id='word_1_443' title='bbox 2423 2301 2549 2356; x_wconf 90' lang='lat' dir='ltr'><strong>doni</strong></span> <span class='ocrx_word' id='word_1_444' title='bbox 2580 2301 2750 2356; x_wconf 81' lang='lat' dir='ltr'><strong>fretus</strong></span> <span class='ocrx_word' id='word_1_445' title='bbox 2774 2302 3003 2369; x_wconf 88' lang='lat' dir='ltr'><strong>divitiis,</strong></span> <span class='ocrx_word' id='word_1_446' title='bbox 3028 2316 3132 2356; x_wconf 89' lang='lat' dir='ltr'><strong>non</strong></span> <span class='ocrx_word' id='word_1_447' title='bbox 3161 2316 3322 2355; x_wconf 90' lang='lat' dir='ltr'><strong>unam</strong></span> 
     </span>
    </p>
   </div>
   <div class='ocr_carea' id='block_1_65' title="bbox 1747 2392 3325 2464">
    <p class='ocr_par' dir='ltr' id='par_1_65' title="bbox 1747 2392 3325 2464">
     <span class='ocr_line' id='line_1_65' title="bbox 1747 2392 3325 2464; baseline 0 -17"><span class='ocrx_word' id='word_1_448' title='bbox 1747 2393 1984 2462; x_wconf 87' lang='lat' dir='ltr'><strong>aliquam</strong></span> <span class='ocrx_word' id='word_1_449' title='bbox 2049 2394 2205 2463; x_wconf 88' lang='lat' dir='ltr'><strong>petiit</strong></span> <span class='ocrx_word' id='word_1_450' title='bbox 2245 2392 2687 2464; x_wconf 82' lang='lat' dir='ltr'><strong>subtegulaneam</strong></span> <span class='ocrx_word' id='word_1_451' title='bbox 2745 2396 2987 2458; x_wconf 91' lang='lat' dir='ltr'><strong>domum,</strong></span> <span class='ocrx_word' id='word_1_452' title='bbox 3046 2402 3205 2448; x_wconf 88' lang='lat' dir='ltr'><strong>autve</strong></span> <span class='ocrx_word' id='word_1_453' title='bbox 3269 2392 3325 2447; x_wconf 91' lang='lat' dir='ltr'><strong>in</strong></span> 
     </span>
    </p>
   </div>
   <div class='ocr_carea' id='block_1_66' title="bbox 1746 2483 3326 2556">
    <p class='ocr_par' dir='ltr' id='par_1_66' title="bbox 1746 2483 3326 2556">
     <span class='ocr_line' id='line_1_66' title="bbox 1746 2483 3326 2556; baseline -0.001 -15"><span class='ocrx_word' id='word_1_454' title='bbox 1746 2488 1979 2556; x_wconf 89' lang='lat' dir='ltr'><strong>quadam</strong></span> <span class='ocrx_word' id='word_1_455' title='bbox 2009 2485 2220 2541; x_wconf 70' lang='lat' dir='ltr'><strong>ofﬁcina</strong></span> <span class='ocrx_word' id='word_1_456' title='bbox 2257 2486 2471 2553; x_wconf 89' lang='lat' dir='ltr'><strong>sedens,</strong></span> <span class='ocrx_word' id='word_1_457' title='bbox 2521 2486 2795 2555; x_wconf 87' lang='lat' dir='ltr'><strong>disputare</strong></span> <span class='ocrx_word' id='word_1_458' title='bbox 2844 2484 3027 2555; x_wconf 73' lang='lat' dir='ltr'><strong>cmpit,</strong></span> <span class='ocrx_word' id='word_1_459' title='bbox 3055 2483 3326 2553; x_wconf 89' lang='lat' dir='ltr'><strong>quomodo</strong></span> 
     </span>
    </p>
   </div>
   <div class='ocr_carea' id='block_1_67' title="bbox 1748 2576 3323 2650">
    <p class='ocr_par' dir='ltr' id='par_1_67' title="bbox 1748 2576 3323 2650">
     <span class='ocr_line' id='line_1_67' title="bbox 1748 2576 3323 2650; baseline -0.003 -15"><span class='ocrx_word' id='word_1_460' title='bbox 1748 2581 1912 2636; x_wconf 88' lang='lat' dir='ltr'><strong>etiam</strong></span> <span class='ocrx_word' id='word_1_461' title='bbox 1948 2580 2107 2650; x_wconf 87' lang='lat' dir='ltr'><strong>primi</strong></span> <span class='ocrx_word' id='word_1_462' title='bbox 2143 2595 2205 2635; x_wconf 92' lang='lat' dir='ltr'><strong>ac</strong></span> <span class='ocrx_word' id='word_1_463' title='bbox 2252 2578 2508 2649; x_wconf 73' lang='lat' dir='ltr'><strong>prtecipui</strong></span> <span class='ocrx_word' id='word_1_464' title='bbox 2556 2580 2694 2649; x_wconf 85' lang='lat' dir='ltr'><strong>apud</strong></span> <span class='ocrx_word' id='word_1_465' title='bbox 2716 2593 2810 2634; x_wconf 91' lang='lat' dir='ltr'><strong>eos</strong></span> <span class='ocrx_word' id='word_1_466' title='bbox 2836 2576 3163 2648; x_wconf 85' lang='lat' dir='ltr'><strong>philosophi,</strong></span> <span class='ocrx_word' id='word_1_467' title='bbox 3202 2592 3323 2631; x_wconf 79' lang='lat' dir='ltr'><strong>cum</strong></span> 
     </span>
    </p>
   </div>
   <div class='ocr_carea' id='block_1_68' title="bbox 1747 2668 3324 2742">
    <p class='ocr_par' dir='ltr' id='par_1_68' title="bbox 1747 2668 3324 2742">
     <span class='ocr_line' id='line_1_68' title="bbox 1747 2668 3324 2742; baseline -0.003 -15"><span class='ocrx_word' id='word_1_468' title='bbox 1747 2673 1833 2737; x_wconf 89' lang='lat' dir='ltr'><strong>iis,</strong></span> <span class='ocrx_word' id='word_1_469' title='bbox 1878 2672 1967 2742; x_wconf 91' lang='lat' dir='ltr'><strong>qui</strong></span> <span class='ocrx_word' id='word_1_470' title='bbox 2001 2673 2280 2742; x_wconf 91' lang='lat' dir='ltr'><strong>propiores</strong></span> <span class='ocrx_word' id='word_1_471' title='bbox 2341 2672 2582 2738; x_wconf 86' lang='lat' dir='ltr'><strong>adibant,</strong></span> <span class='ocrx_word' id='word_1_472' title='bbox 2622 2684 2986 2726; x_wconf 86' lang='lat' dir='ltr'><strong>consuescere</strong></span> <span class='ocrx_word' id='word_1_473' title='bbox 3045 2668 3324 2736; x_wconf 87' lang='lat' dir='ltr'><strong>solebant;</strong></span> 
     </span>
    </p>
   </div>
   <div class='ocr_carea' id='block_1_69' title="bbox 1745 2761 3326 2835">
    <p class='ocr_par' dir='ltr' id='par_1_69' title="bbox 1745 2761 3326 2835">
     <span class='ocr_line' id='line_1_69' title="bbox 1745 2761 3326 2835; baseline -0.003 -14"><span class='ocrx_word' id='word_1_474' title='bbox 1745 2766 1838 2821; x_wconf 89' lang='lat' dir='ltr'><strong>sed</strong></span> <span class='ocrx_word' id='word_1_475' title='bbox 1861 2766 1925 2819; x_wconf 87' lang='lat' dir='ltr'><strong>ad</strong></span> <span class='ocrx_word' id='word_1_476' title='bbox 1961 2766 2133 2835; x_wconf 87' lang='lat' dir='ltr'><strong>ipsum</strong></span> <span class='ocrx_word' id='word_1_477' title='bbox 2196 2764 2535 2834; x_wconf 79' lang='lat' dir='ltr'><strong>Areopagum</strong></span> <span class='ocrx_word' id='word_1_478' title='bbox 2589 2778 2911 2828; x_wconf 82' lang='lat' dir='ltr'><strong>excurrens,</strong></span> <span class='ocrx_word' id='word_1_479' title='bbox 2956 2761 3048 2817; x_wconf 90' lang='lat' dir='ltr'><strong>ubi</strong></span> <span class='ocrx_word' id='word_1_480' title='bbox 3105 2776 3326 2817; x_wconf 87' lang='lat' dir='ltr'><strong>severus</strong></span> 
     </span>
    </p>
   </div>
   <div class='ocr_carea' id='block_1_70' title="bbox 1745 2852 3326 2926">
    <p class='ocr_par' dir='ltr' id='par_1_70' title="bbox 1745 2852 3326 2926">
     <span class='ocr_line' id='line_1_70' title="bbox 1745 2852 3326 2926; baseline -0.001 -16"><span class='ocrx_word' id='word_1_481' title='bbox 1745 2859 1964 2925; x_wconf 89' lang='lat' dir='ltr'><strong>quidam</strong></span> <span class='ocrx_word' id='word_1_482' title='bbox 1994 2872 2057 2913; x_wconf 89' lang='lat' dir='ltr'><strong>ac</strong></span> <span class='ocrx_word' id='word_1_483' title='bbox 2082 2857 2439 2912; x_wconf 80' lang='lat' dir='ltr'><strong>formidabilis</strong></span> <span class='ocrx_word' id='word_1_484' title='bbox 2468 2867 2708 2921; x_wconf 87' lang='lat' dir='ltr'><strong>senatus,</strong></span> <span class='ocrx_word' id='word_1_485' title='bbox 2734 2855 2991 2926; x_wconf 88' lang='lat' dir='ltr'><strong>capitales</strong></span> <span class='ocrx_word' id='word_1_486' title='bbox 3024 2870 3215 2911; x_wconf 83' lang='lat' dir='ltr'><strong>causas</strong></span> <span class='ocrx_word' id='word_1_487' title='bbox 3241 2852 3326 2925; x_wconf 86' lang='lat' dir='ltr'><strong>ju-</strong></span> 
     </span>
    </p>
   </div>
   <div class='ocr_carea' id='block_1_71' title="bbox 1747 2944 3326 3018">
    <p class='ocr_par' dir='ltr' id='par_1_71' title="bbox 1747 2944 3326 3018">
     <span class='ocr_line' id='line_1_71' title="bbox 1747 2944 3326 3018; baseline -0.004 -13"><span class='ocrx_word' id='word_1_488' title='bbox 1747 2952 1954 3017; x_wconf 89' lang='lat' dir='ltr'><strong>dicans,</strong></span> <span class='ocrx_word' id='word_1_489' title='bbox 1983 2951 2227 3014; x_wconf 89' lang='lat' dir='ltr'><strong>sedebat,</strong></span> <span class='ocrx_word' id='word_1_490' title='bbox 2279 2951 2605 3018; x_wconf 88' lang='lat' dir='ltr'><strong>inventaque</strong></span> <span class='ocrx_word' id='word_1_491' title='bbox 2638 2948 2768 3016; x_wconf 53' lang='lat' dir='ltr'><strong>,illic</strong></span> <span class='ocrx_word' id='word_1_492' title='bbox 2826 2946 3054 3002; x_wconf 89' lang='lat' dir='ltr'><strong>collecta</strong></span> <span class='ocrx_word' id='word_1_493' title='bbox 3108 2944 3326 3016; x_wconf 87' lang='lat' dir='ltr'><strong>copiosa</strong></span> 
     </span>
    </p>
   </div>
   <div class='ocr_carea' id='block_1_72' title="bbox 1746 3026 3323 3111">
    <p class='ocr_par' dir='ltr' id='par_1_72' title="bbox 1746 3026 3323 3111">
     <span class='ocr_line' id='line_1_72' title="bbox 1746 3026 3323 3111; baseline -0.005 -15"><span class='ocrx_word' id='word_1_494' title='bbox 1746 3041 2089 3097; x_wconf 87' lang='lat' dir='ltr'><strong>multitudine</strong></span> <span class='ocrx_word' id='word_1_495' title='bbox 2121 3052 2296 3105; x_wconf 90' lang='lat' dir='ltr'><strong>stans,</strong></span> <span class='ocrx_word' id='word_1_496' title='bbox 2330 3040 2545 3111; x_wconf 89' lang='lat' dir='ltr'><strong>publica</strong></span> <span class='ocrx_word' id='word_1_497' title='bbox 2591 3037 2856 3093; x_wconf 90' lang='lat' dir='ltr'><strong>concione</strong></span> <span class='ocrx_word' id='word_1_498' title='bbox 2889 3026 3175 3091; x_wconf 82' lang='lat' dir='ltr'><strong>consuetos</strong></span> <span class='ocrx_word' id='word_1_499' title='bbox 3203 3050 3323 3089; x_wconf 83' lang='lat' dir='ltr'><strong>ora-</strong></span> 
     </span>
    </p>
   </div>
   <div class='ocr_carea' id='block_1_73' title="bbox 1749 3130 3323 3205">
    <p class='ocr_par' dir='ltr' id='par_1_73' title="bbox 1749 3130 3323 3205">
     <span class='ocr_line' id='line_1_73' title="bbox 1749 3130 3323 3205; baseline -0.005 -18"><span class='ocrx_word' id='word_1_500' title='bbox 1749 3144 1891 3189; x_wconf 84' lang='lat' dir='ltr'><strong>tores</strong></span> <span class='ocrx_word' id='word_1_501' title='bbox 1925 3134 2197 3200; x_wconf 80' lang='lat' dir='ltr'><strong>vincebat,</strong></span> <span class='ocrx_word' id='word_1_502' title='bbox 2219 3148 2446 3205; x_wconf 87' lang='lat' dir='ltr'><strong>quorum</strong></span> <span class='ocrx_word' id='word_1_503' title='bbox 2484 3131 2622 3202; x_wconf 87' lang='lat' dir='ltr'><strong>apud</strong></span> <span class='ocrx_word' id='word_1_504' title='bbox 2674 3145 2767 3185; x_wconf 91' lang='lat' dir='ltr'><strong>eos</strong></span> <span class='ocrx_word' id='word_1_505' title='bbox 2796 3130 3116 3199; x_wconf 66' lang='lat' dir='ltr'><strong>eloquentiae</strong></span> <span class='ocrx_word' id='word_1_506' title='bbox 3147 3136 3323 3183; x_wconf 82' lang='lat' dir='ltr'><strong>certa-</strong></span> 
     </span>
    </p>
   </div>
   <div class='ocr_carea' id='block_1_74' title="bbox 1749 3218 3323 3294">
    <p class='ocr_par' dir='ltr' id='par_1_74' title="bbox 1749 3218 3323 3294">
     <span class='ocr_line' id='line_1_74' title="bbox 1749 3218 3323 3294; baseline -0.005 -14"><span class='ocrx_word' id='word_1_507' title='bbox 1749 3227 1891 3280; x_wconf 86' lang='lat' dir='ltr'><strong>mina</strong></span> <span class='ocrx_word' id='word_1_508' title='bbox 1945 3224 2184 3294; x_wconf 86' lang='lat' dir='ltr'><strong>quotidie</strong></span> <span class='ocrx_word' id='word_1_509' title='bbox 2236 3233 2412 3279; x_wconf 90' lang='lat' dir='ltr'><strong>erant.</strong></span> <span class='ocrx_word' id='word_1_510' title='bbox 2475 3222 2645 3278; x_wconf 89' lang='lat' dir='ltr'><strong>Ducto</strong></span> <span class='ocrx_word' id='word_1_511' title='bbox 2677 3231 2855 3275; x_wconf 90' lang='lat' dir='ltr'><strong>autem</strong></span> <span class='ocrx_word' id='word_1_512' title='bbox 2891 3220 3116 3275; x_wconf 83' lang='lat' dir='ltr'><strong>exordio</strong></span> <span class='ocrx_word' id='word_1_513' title='bbox 3145 3220 3212 3274; x_wconf 83' lang='lat' dir='ltr'><strong>ab</strong></span> <span class='ocrx_word' id='word_1_514' title='bbox 3240 3218 3323 3273; x_wconf 89' lang='lat' dir='ltr'><strong>in-</strong></span> 
     </span>
    </p>
   </div>
   <div class='ocr_carea' id='block_1_75' title="bbox 1746 3311 3325 3390">
    <p class='ocr_par' dir='ltr' id='par_1_75' title="bbox 1746 3311 3325 3390">
     <span class='ocr_line' id='line_1_75' title="bbox 1746 3311 3325 3390; baseline -0.005 -17"><span class='ocrx_word' id='word_1_515' title='bbox 1746 3317 2065 3390; x_wconf 86' lang='lat' dir='ltr'><strong>scriptione,</strong></span> <span class='ocrx_word' id='word_1_516' title='bbox 2094 3332 2213 3385; x_wconf 71' lang='lat' dir='ltr'><strong>qnte</strong></span> <span class='ocrx_word' id='word_1_517' title='bbox 2240 3315 2394 3370; x_wconf 90' lang='lat' dir='ltr'><strong>altari</strong></span> <span class='ocrx_word' id='word_1_518' title='bbox 2431 3313 2699 3383; x_wconf 90' lang='lat' dir='ltr'><strong>insculpta</strong></span> <span class='ocrx_word' id='word_1_519' title='bbox 2732 3322 2871 3379; x_wconf 86' lang='lat' dir='ltr'><strong>erat,</strong></span> <span class='ocrx_word' id='word_1_520' title='bbox 2907 3311 3131 3381; x_wconf 88' lang='lat' dir='ltr'><strong>ejusque</strong></span> <span class='ocrx_word' id='word_1_521' title='bbox 3165 3325 3325 3365; x_wconf 82' lang='lat' dir='ltr'><strong>occa-</strong></span> 
     </span>
    </p>
   </div>
   <div class='ocr_carea' id='block_1_76' title="bbox 1744 3402 3325 3480">
    <p class='ocr_par' dir='ltr' id='par_1_76' title="bbox 1744 3402 3325 3480">
     <span class='ocr_line' id='line_1_76' title="bbox 1744 3402 3325 3480; baseline -0.006 -15"><span class='ocrx_word' id='word_1_522' title='bbox 1744 3411 1899 3465; x_wconf 89' lang='lat' dir='ltr'><strong>sione</strong></span> <span class='ocrx_word' id='word_1_523' title='bbox 1931 3411 2172 3480; x_wconf 78' lang='lat' dir='ltr'><strong>ignotum</strong></span> <span class='ocrx_word' id='word_1_524' title='bbox 2205 3408 2284 3462; x_wconf 86' lang='lat' dir='ltr'><strong>eis</strong></span> <span class='ocrx_word' id='word_1_525' title='bbox 2318 3407 2483 3461; x_wconf 86' lang='lat' dir='ltr'><strong>Deum</strong></span> <span class='ocrx_word' id='word_1_526' title='bbox 2530 3415 2827 3478; x_wconf 78' lang='lat' dir='ltr'><strong>opportune</strong></span> <span class='ocrx_word' id='word_1_527' title='bbox 2884 3402 3236 3466; x_wconf 88' lang='lat' dir='ltr'><strong>annuntians,</strong></span> <span class='ocrx_word' id='word_1_528' title='bbox 3264 3416 3325 3456; x_wconf 79' lang='lat' dir='ltr'><strong>ac</strong></span> 
     </span>
    </p>
   </div>
   <div class='ocr_carea' id='block_1_77' title="bbox 1745 3490 3325 3561">
    <p class='ocr_par' dir='ltr' id='par_1_77' title="bbox 1745 3490 3325 3561">
     <span class='ocr_line' id='line_1_77' title="bbox 1745 3490 3325 3561; baseline -0.006 -5"><span class='ocrx_word' id='word_1_529' title='bbox 1745 3490 1961 3557; x_wconf 81' lang='lat' dir='ltr'><strong>demum</strong></span> <span class='ocrx_word' id='word_1_530' title='bbox 1999 3509 2110 3555; x_wconf 90' lang='lat' dir='ltr'><strong>tota</strong></span> <span class='ocrx_word' id='word_1_531' title='bbox 2172 3499 2416 3553; x_wconf 88' lang='lat' dir='ltr'><strong>absoluta</strong></span> <span class='ocrx_word' id='word_1_532' title='bbox 2474 3498 2739 3561; x_wconf 90' lang='lat' dir='ltr'><strong>oratione,</strong></span> <span class='ocrx_word' id='word_1_533' title='bbox 2795 3503 3003 3548; x_wconf 90' lang='lat' dir='ltr'><strong>tantum</strong></span> <span class='ocrx_word' id='word_1_534' title='bbox 3060 3493 3214 3548; x_wconf 89' lang='lat' dir='ltr'><strong>abest</strong></span> <span class='ocrx_word' id='word_1_535' title='bbox 3269 3503 3325 3547; x_wconf 84' lang='lat' dir='ltr'><strong>ut</strong></span> 
     </span>
    </p>
   </div>
   <div class='ocr_carea' id='block_1_78' title="bbox 1745 3586 3322 3661">
    <p class='ocr_par' dir='ltr' id='par_1_78' title="bbox 1745 3586 3322 3661">
     <span class='ocr_line' id='line_1_78' title="bbox 1745 3586 3322 3661; baseline -0.006 -13"><span class='ocrx_word' id='word_1_536' title='bbox 1745 3595 1910 3649; x_wconf 83' lang='lat' dir='ltr'><strong>idiota</strong></span> <span class='ocrx_word' id='word_1_537' title='bbox 1941 3593 2029 3649; x_wconf 91' lang='lat' dir='ltr'><strong>ille</strong></span> <span class='ocrx_word' id='word_1_538' title='bbox 2055 3608 2121 3647; x_wconf 90' lang='lat' dir='ltr'><strong>ac</strong></span> <span class='ocrx_word' id='word_1_539' title='bbox 2149 3593 2317 3654; x_wconf 87' lang='lat' dir='ltr'><strong>rudis,</strong></span> <span class='ocrx_word' id='word_1_540' title='bbox 2357 3591 2499 3661; x_wconf 89' lang='lat' dir='ltr'><strong>quod</strong></span> <span class='ocrx_word' id='word_1_541' title='bbox 2552 3589 2619 3644; x_wconf 86' lang='lat' dir='ltr'><strong>ad</strong></span> <span class='ocrx_word' id='word_1_542' title='bbox 2669 3597 2949 3644; x_wconf 78' lang='lat' dir='ltr'><strong>externam</strong></span> <span class='ocrx_word' id='word_1_543' title='bbox 3001 3586 3322 3657; x_wconf 89' lang='lat' dir='ltr'><strong>sapientiam</strong></span> 
     </span>
    </p>
   </div>
   <div class='ocr_carea' id='block_1_79' title="bbox 1745 3679 3324 3755">
    <p class='ocr_par' dir='ltr' id='par_1_79' title="bbox 1745 3679 3324 3755">
     <span class='ocr_line' id='line_1_79' title="bbox 1745 3679 3324 3755; baseline -0.006 -14"><span class='ocrx_word' id='word_1_544' title='bbox 1745 3694 1970 3755; x_wconf 86' lang='lat' dir='ltr'><strong>spectat,</strong></span> <span class='ocrx_word' id='word_1_545' title='bbox 1996 3684 2196 3755; x_wconf 88' lang='lat' dir='ltr'><strong>aliquid</strong></span> <span class='ocrx_word' id='word_1_546' title='bbox 2263 3682 2492 3738; x_wconf 73' lang='lat' dir='ltr'><strong>dit-endo</strong></span> <span class='ocrx_word' id='word_1_547' title='bbox 2540 3679 2869 3750; x_wconf 88' lang='lat' dir='ltr'><strong>peccaverit,</strong></span> <span class='ocrx_word' id='word_1_548' title='bbox 2904 3679 3145 3734; x_wconf 85' lang='lat' dir='ltr'><strong>utetiam</strong></span> <span class='ocrx_word' id='word_1_549' title='bbox 3170 3693 3324 3733; x_wconf 83' lang='lat' dir='ltr'><strong>sena-</strong></span> 
     </span>
    </p>
   </div>
   <div class='ocr_carea' id='block_1_80' title="bbox 1746 3773 3325 3848">
    <p class='ocr_par' dir='ltr' id='par_1_80' title="bbox 1746 3773 3325 3848">
     <span class='ocr_line' id='line_1_80' title="bbox 1746 3773 3325 3848; baseline -0.004 -16"><span class='ocrx_word' id='word_1_550' title='bbox 1746 3790 1832 3832; x_wconf 88' lang='lat' dir='ltr'><strong>tus</strong></span> <span class='ocrx_word' id='word_1_551' title='bbox 1860 3778 2121 3848; x_wconf 89' lang='lat' dir='ltr'><strong>ejusmodi</strong></span> <span class='ocrx_word' id='word_1_552' title='bbox 2147 3775 2444 3846; x_wconf 90' lang='lat' dir='ltr'><strong>principem</strong></span> <span class='ocrx_word' id='word_1_553' title='bbox 2496 3773 2833 3842; x_wconf 90' lang='lat' dir='ltr'><strong>Dionysium,</strong></span> <span class='ocrx_word' id='word_1_554' title='bbox 2872 3786 2981 3825; x_wconf 87' lang='lat' dir='ltr'><strong>una</strong></span> <span class='ocrx_word' id='word_1_555' title='bbox 3014 3787 3135 3826; x_wconf 91' lang='lat' dir='ltr'><strong>cum</strong></span> <span class='ocrx_word' id='word_1_556' title='bbox 3159 3785 3325 3826; x_wconf 70' lang='lat' dir='ltr'><strong>uxore</strong></span> 
     </span>
    </p>
   </div>
   <div class='ocr_carea' id='block_1_81' title="bbox 1751 3863 3325 3938">
    <p class='ocr_par' dir='ltr' id='par_1_81' title="bbox 1751 3863 3325 3938">
     <span class='ocr_line' id='line_1_81' title="bbox 1751 3863 3325 3938; baseline -0.002 -16"><span class='ocrx_word' id='word_1_557' title='bbox 1751 3869 1914 3924; x_wconf 89' lang='lat' dir='ltr'><strong>dictis</strong></span> <span class='ocrx_word' id='word_1_558' title='bbox 1942 3868 2376 3938; x_wconf 87' lang='lat' dir='ltr'><strong>acquiescentem</strong></span> <span class='ocrx_word' id='word_1_559' title='bbox 2412 3866 2766 3930; x_wconf 87' lang='lat' dir='ltr'><strong>converterit,</strong></span> <span class='ocrx_word' id='word_1_560' title='bbox 2796 3879 2860 3919; x_wconf 88' lang='lat' dir='ltr'><strong>ac</strong></span> <span class='ocrx_word' id='word_1_561' title='bbox 2879 3863 3082 3919; x_wconf 85' lang='lat' dir='ltr'><strong>Christi</strong></span> <span class='ocrx_word' id='word_1_562' title='bbox 3107 3879 3325 3919; x_wconf 89' lang='lat' dir='ltr'><strong>servum</strong></span> 
     </span>
    </p>
   </div>
   <div class='ocr_carea' id='block_1_82' title="bbox 1743 3955 3325 4028">
    <p class='ocr_par' dir='ltr' id='par_1_82' title="bbox 1743 3955 3325 4028">
     <span class='ocr_line' id='line_1_82' title="bbox 1743 3955 3325 4028; baseline -0.003 -12"><span class='ocrx_word' id='word_1_563' title='bbox 1743 3959 2090 4028; x_wconf 81' lang='lat' dir='ltr'><strong>eﬁ&#39;ecerit,_ab</strong></span> <span class='ocrx_word' id='word_1_564' title='bbox 2117 3974 2221 4015; x_wconf 92' lang='lat' dir='ltr'><strong>uno</strong></span> <span class='ocrx_word' id='word_1_565' title='bbox 2238 3958 2395 4013; x_wconf 89' lang='lat' dir='ltr'><strong>altari</strong></span> <span class='ocrx_word' id='word_1_566' title='bbox 2421 3973 2485 4012; x_wconf 90' lang='lat' dir='ltr'><strong>ac</strong></span> <span class='ocrx_word' id='word_1_567' title='bbox 2508 3972 2669 4027; x_wconf 88' lang='lat' dir='ltr'><strong>parva</strong></span> <span class='ocrx_word' id='word_1_568' title='bbox 2695 3957 2927 4027; x_wconf 88' lang='lat' dir='ltr'><strong>quadam</strong></span> <span class='ocrx_word' id='word_1_569' title='bbox 2956 3955 3325 4026; x_wconf 85' lang='lat' dir='ltr'><strong>inscriptione,</strong></span> 
     </span>
    </p>
   </div>
   <div class='ocr_carea' id='block_1_83' title="bbox 1748 4049 2979 4121">
    <p class='ocr_par' dir='ltr' id='par_1_83' title="bbox 1748 4049 2979 4121">
     <span class='ocr_line' id='line_1_83' title="bbox 1748 4049 2979 4121; baseline -0.006 -13"><span class='ocrx_word' id='word_1_570' title='bbox 1748 4069 1778 4108; x_wconf 88' lang='lat' dir='ltr'><strong>a</strong></span> <span class='ocrx_word' id='word_1_571' title='bbox 1815 4052 2111 4108; x_wconf 86' lang='lat' dir='ltr'><strong>multorum</strong></span> <span class='ocrx_word' id='word_1_572' title='bbox 2143 4051 2404 4121; x_wconf 80' lang='lat' dir='ltr'><strong>religione</strong></span> <span class='ocrx_word' id='word_1_573' title='bbox 2430 4049 2683 4104; x_wconf 87' lang='lat' dir='ltr'><strong>altarium</strong></span> <span class='ocrx_word' id='word_1_574' title='bbox 2706 4058 2979 4103; x_wconf 88' lang='lat' dir='ltr'><strong>avertens.</strong></span> 
     </span>
    </p>
   </div>
   <div class='ocr_carea' id='block_1_84' title="bbox 1816 4138 3327 4225">
    <p class='ocr_par' dir='ltr' id='par_1_84' title="bbox 1816 4138 3327 4225">
     <span class='ocr_line' id='line_1_84' title="bbox 1816 4138 3327 4225; baseline -0.004 -27"><span class='ocrx_word' id='word_1_575' title='bbox 1816 4143 1944 4200; x_wconf 91' lang='lat' dir='ltr'><strong>Inde</strong></span> <span class='ocrx_word' id='word_1_576' title='bbox 1972 4159 2104 4199; x_wconf 91' lang='lat' dir='ltr'><strong>vero</strong></span> <span class='ocrx_word' id='word_1_577' title='bbox 2137 4144 2313 4198; x_wconf 89' lang='lat' dir='ltr'><strong>victor</strong></span> <span class='ocrx_word' id='word_1_578' title='bbox 2363 4142 2598 4225; x_wconf 80' lang='lat' dir='ltr'><strong>rediens,</strong></span> <span class='ocrx_word' id='word_1_579' title='bbox 2648 4139 2739 4195; x_wconf 91' lang='lat' dir='ltr'><strong>ubi</strong></span> <span class='ocrx_word' id='word_1_580' title='bbox 2772 4140 3004 4195; x_wconf 82' lang='lat' dir='ltr'><strong>maxime</strong></span> <span class='ocrx_word' id='word_1_581' title='bbox 3034 4138 3187 4194; x_wconf 83' lang='lat' dir='ltr'><strong>fortis</strong></span> <span class='ocrx_word' id='word_1_582' title='bbox 3211 4146 3327 4194; x_wconf 83' lang='lat' dir='ltr'><strong>erat</strong></span> 
     </span>
    </p>
   </div>
   <div class='ocr_carea' id='block_1_85' title="bbox 1744 4232 3327 4313">
    <p class='ocr_par' dir='ltr' id='par_1_85' title="bbox 1744 4232 3327 4313">
     <span class='ocr_line' id='line_1_85' title="bbox 1744 4232 3327 4313; baseline -0.004 -21"><span class='ocrx_word' id='word_1_583' title='bbox 1744 4237 1973 4292; x_wconf 85' lang='lat' dir='ltr'><strong>bellicus</strong></span> <span class='ocrx_word' id='word_1_584' title='bbox 2025 4235 2309 4307; x_wconf 80' lang='lat' dir='ltr'><strong>gentilium</strong></span> <span class='ocrx_word' id='word_1_585' title='bbox 2374 4236 2605 4295; x_wconf 66' lang='lat' dir='ltr'><strong>daamon,</strong></span> <span class='ocrx_word' id='word_1_586' title='bbox 2633 4248 2697 4288; x_wconf 87' lang='lat' dir='ltr'><strong>ac</strong></span> <span class='ocrx_word' id='word_1_587' title='bbox 2725 4232 2850 4288; x_wconf 90' lang='lat' dir='ltr'><strong>inde</strong></span> <span class='ocrx_word' id='word_1_588' title='bbox 2872 4232 2943 4313; x_wconf 75' lang='lat' dir='ltr'><strong>ad</strong></span> <span class='ocrx_word' id='word_1_589' title='bbox 2971 4232 3202 4287; x_wconf 87' lang='lat' dir='ltr'><strong>vicinam</strong></span> <span class='ocrx_word' id='word_1_590' title='bbox 3236 4246 3327 4286; x_wconf 84' lang='lat' dir='ltr'><strong>ur-</strong></span> 
     </span>
    </p>
   </div>
   <div class='ocr_carea' id='block_1_86' title="bbox 1744 4323 3327 4394">
    <p class='ocr_par' dir='ltr' id='par_1_86' title="bbox 1744 4323 3327 4394">
     <span class='ocr_line' id='line_1_86' title="bbox 1744 4323 3327 4394; baseline -0.004 -10"><span class='ocrx_word' id='word_1_591' title='bbox 1744 4330 1868 4384; x_wconf 88' lang='lat' dir='ltr'><strong>bem</strong></span> <span class='ocrx_word' id='word_1_592' title='bbox 1891 4328 2211 4386; x_wconf 86' lang='lat' dir='ltr'><strong>Corinthum</strong></span> <span class='ocrx_word' id='word_1_593' title='bbox 2270 4327 2563 4392; x_wconf 88' lang='lat' dir='ltr'><strong>transiens,</strong></span> <span class='ocrx_word' id='word_1_594' title='bbox 2594 4325 2813 4380; x_wconf 71' lang='lat' dir='ltr'><strong>Achaia:</strong></span> <span class='ocrx_word' id='word_1_595' title='bbox 2848 4324 3208 4394; x_wconf 90' lang='lat' dir='ltr'><strong>metropolim,</strong></span> <span class='ocrx_word' id='word_1_596' title='bbox 3248 4323 3327 4377; x_wconf 81' lang='lat' dir='ltr'><strong>lo-</strong></span> 
     </span>
    </p>
   </div>
   <div class='ocr_carea' id='block_1_87' title="bbox 1746 4415 3327 4493">
    <p class='ocr_par' dir='ltr' id='par_1_87' title="bbox 1746 4415 3327 4493">
     <span class='ocr_line' id='line_1_87' title="bbox 1746 4415 3327 4493; baseline -0.004 -19"><span class='ocrx_word' id='word_1_597' title='bbox 1746 4435 2024 4493; x_wconf 85' lang='lat' dir='ltr'><strong>quensque</strong></span> <span class='ocrx_word' id='word_1_598' title='bbox 2058 4421 2115 4476; x_wconf 88' lang='lat' dir='ltr'><strong>in</strong></span> <span class='ocrx_word' id='word_1_599' title='bbox 2167 4420 2461 4492; x_wconf 78' lang='lat' dir='ltr'><strong>synagogis</strong></span> <span class='ocrx_word' id='word_1_600' title='bbox 2501 4419 2803 4475; x_wconf 87' lang='lat' dir='ltr'><strong>doctrinam</strong></span> <span class='ocrx_word' id='word_1_601' title='bbox 2848 4416 3164 4484; x_wconf 77' lang='lat' dir='ltr'><strong>Salutarem,</strong></span> <span class='ocrx_word' id='word_1_602' title='bbox 3195 4415 3327 4469; x_wconf 89' lang='lat' dir='ltr'><strong>abiit</strong></span> 
     </span>
    </p>
   </div>
   <div class='ocr_carea' id='block_1_88' title="bbox 125 4490 1644 4584">
    <p class='ocr_par' dir='ltr' id='par_1_88' title="bbox 125 4490 1644 4563">
     <span class='ocr_line' id='line_1_88' title="bbox 125 4490 1644 4563; baseline -0.004 -14"><span class='ocrx_word' id='word_1_603' title='bbox 125 4491 313 4554; x_wconf 69' lang='grc' dir='ltr'><strong>αγωγαῖς</strong></span> <span class='ocrx_word' id='word_1_604' title='bbox 335 4490 391 4543; x_wconf 84' lang='grc' dir='ltr'><strong>τὸ</strong></span> <span class='ocrx_word' id='word_1_605' title='bbox 420 4493 691 4562; x_wconf 75' lang='grc' dir='ltr'>σωτήριον</span> <span class='ocrx_word' id='word_1_606' title='bbox 713 4490 967 4561; x_wconf 83' lang='grc' dir='ltr'>δίδαγμα,</span> <span class='ocrx_word' id='word_1_607' title='bbox 991 4490 1162 4561; x_wconf 74' lang='grc' dir='ltr'>ᾤχετο</span> <span class='ocrx_word' id='word_1_608' title='bbox 1192 4490 1340 4559; x_wconf 80' lang='grc' dir='ltr'>ἄγων</span> <span class='ocrx_word' id='word_1_609' title='bbox 1369 4491 1644 4563; x_wconf 86' lang='grc' dir='ltr'>προσήλυ-</span> 
     </span>
    </p>
   </div>
   <div class='ocr_carea' id='block_1_89' title="bbox 1749 4490 3322 4584">
    <p class='ocr_par' dir='ltr' id='par_1_89' title="bbox 1749 4490 3322 4584">
     <span class='ocr_line' id='line_1_89' title="bbox 1749 4490 3322 4584; baseline -0.005 -15"><span class='ocrx_word' id='word_1_610' title='bbox 1749 4490 2001 4584; x_wconf 77' lang='lat' dir='ltr'><strong>adjuncto</strong></span> <span class='ocrx_word' id='word_1_611' title='bbox 2039 4490 2211 4581; x_wconf 15' lang='lat' dir='ltr'><strong>ﬁdei,i</strong></span> <span class='ocrx_word' id='word_1_612' title='bbox 2244 4490 2350 4568; x_wconf 86' lang='lat' dir='ltr'><strong>non</strong></span> <span class='ocrx_word' id='word_1_613' title='bbox 2386 4490 2498 4567; x_wconf 14' lang='lat' dir='ltr'><strong>iuno</strong></span> <span class='ocrx_word' id='word_1_614' title='bbox 2531 4510 2713 4579; x_wconf 78' lang='lat' dir='ltr'><strong>aliquo</strong></span> <span class='ocrx_word' id='word_1_615' title='bbox 2754 4523 2785 4564; x_wconf 87' lang='lat' dir='ltr'><strong>e</strong></span> <span class='ocrx_word' id='word_1_616' title='bbox 2818 4508 3021 4575; x_wconf 87' lang='lat' dir='ltr'><strong>multis,</strong></span> <span class='ocrx_word' id='word_1_617' title='bbox 3056 4523 3153 4563; x_wconf 89' lang='lat' dir='ltr'><strong>seu</strong></span> <span class='ocrx_word' id='word_1_618' title='bbox 3181 4506 3322 4579; x_wconf 79' lang='lat' dir='ltr'><strong>vulgi</strong></span> 
     </span>
    </p>
   </div>
   <div class='ocr_carea' id='block_1_90' title="bbox 126 4579 1645 4656">
    <p class='ocr_par' dir='ltr' id='par_1_90' title="bbox 126 4579 1645 4656">
     <span class='ocr_line' id='line_1_90' title="bbox 126 4579 1645 4656; baseline 0.007 -27"><span class='ocrx_word' id='word_1_619' title='bbox 126 4590 204 4634; x_wconf 70' lang='grc' dir='ltr'>ων.</span> <span class='ocrx_word' id='word_1_620' title='bbox 228 4579 310 4650; x_wconf 75' lang='grc' dir='ltr'>οὐχ</span> <span class='ocrx_word' id='word_1_621' title='bbox 331 4582 422 4637; x_wconf 73' lang='grc' dir='ltr'><strong>ἕνα</strong></span> <span class='ocrx_word' id='word_1_622' title='bbox 451 4584 567 4636; x_wconf 88' lang='grc' dir='ltr'><strong>τῶν</strong></span> <span class='ocrx_word' id='word_1_623' title='bbox 599 4583 832 4648; x_wconf 86' lang='grc' dir='ltr'>πολλῶν,</span> <span class='ocrx_word' id='word_1_624' title='bbox 855 4584 975 4637; x_wconf 78' lang='grc' dir='ltr'>οὐδὲ</span> <span class='ocrx_word' id='word_1_625' title='bbox 1008 4584 1117 4638; x_wconf 90' lang='grc' dir='ltr'><strong>τῶν</strong></span> <span class='ocrx_word' id='word_1_626' title='bbox 1140 4585 1523 4656; x_wconf 77' lang='grc' dir='ltr'>ἐπιτυχόντων,</span> <span class='ocrx_word' id='word_1_627' title='bbox 1550 4585 1645 4640; x_wconf 88' lang='grc' dir='ltr'>ἀλ-</span> 
     </span>
    </p>
   </div>
   <div class='ocr_carea' id='block_1_91' title="bbox 126 4661 1643 4752">
    <p class='ocr_par' dir='ltr' id='par_1_91' title="bbox 126 4661 1643 4752">
     <span class='ocr_line' id='line_1_91' title="bbox 126 4661 1643 4752; baseline 0.009 -32"><span class='ocrx_word' id='word_1_628' title='bbox 126 4661 175 4716; x_wconf 67' lang='grc' dir='ltr'>λὰ</span> <span class='ocrx_word' id='word_1_629' title='bbox 196 4669 326 4724; x_wconf 75' lang='grc' dir='ltr'>αὑτὸν</span> <span class='ocrx_word' id='word_1_630' title='bbox 347 4674 433 4727; x_wconf 82' lang='grc' dir='ltr'><strong>τὸν</strong></span> <span class='ocrx_word' id='word_1_631' title='bbox 461 4675 935 4747; x_wconf 83' lang='grc' dir='ltr'>ἀρχισυνάγωγον,</span> <span class='ocrx_word' id='word_1_632' title='bbox 969 4678 1104 4747; x_wconf 79' lang='grc' dir='ltr'>μετᾶ</span> <span class='ocrx_word' id='word_1_633' title='bbox 1132 4678 1227 4732; x_wconf 89' lang='grc' dir='ltr'><strong>τοῦ</strong></span> <span class='ocrx_word' id='word_1_634' title='bbox 1262 4678 1464 4743; x_wconf 84' lang='grc' dir='ltr'>παντὸς</span> <span class='ocrx_word' id='word_1_635' title='bbox 1493 4680 1643 4752; x_wconf 84' lang='grc' dir='ltr'>πλή-</span> 
     </span>
    </p>
   </div>
   <div class='ocr_carea' id='block_1_92' title="bbox 127 4754 1638 4843">
    <p class='ocr_par' dir='ltr' id='par_1_92' title="bbox 127 4754 1638 4843">
     <span class='ocr_line' id='line_1_92' title="bbox 127 4754 1638 4843; baseline 0.009 -28"><span class='ocrx_word' id='word_1_636' title='bbox 127 4754 219 4823; x_wconf 69' lang='grc' dir='ltr'>θους</span> <span class='ocrx_word' id='word_1_637' title='bbox 232 4763 314 4834; x_wconf 80' lang='grc' dir='ltr'>τῆς</span> <span class='ocrx_word' id='word_1_638' title='bbox 333 4768 522 4834; x_wconf 81' lang='grc' dir='ltr'>οἰκίας·</span> <span class='ocrx_word' id='word_1_639' title='bbox 555 4767 650 4822; x_wconf 80' lang='grc' dir='ltr'><strong>καὶ</strong></span> <span class='ocrx_word' id='word_1_640' title='bbox 678 4770 909 4837; x_wconf 75' lang='grc' dir='ltr'>νικήσας</span> <span class='ocrx_word' id='word_1_641' title='bbox 943 4769 1052 4823; x_wconf 83' lang='grc' dir='ltr'><strong>ἀπὸ</strong></span> <span class='ocrx_word' id='word_1_642' title='bbox 1073 4772 1318 4843; x_wconf 71' lang='grc' dir='ltr'>κορυφῆς</span> <span class='ocrx_word' id='word_1_643' title='bbox 1338 4771 1429 4824; x_wconf 75' lang='grc' dir='ltr'>τὸν</span> <span class='ocrx_word' id='word_1_644' title='bbox 1454 4773 1638 4843; x_wconf 87' lang='grc' dir='ltr'>νόμον,</span> 
     </span>
    </p>
   </div>
   <div class='ocr_carea' id='block_1_93' title="bbox 127 4850 1642 4935">
    <p class='ocr_par' dir='ltr' id='par_1_93' title="bbox 127 4850 1642 4935">
     <span class='ocr_line' id='line_1_93' title="bbox 127 4850 1642 4935; baseline 0.013 -36"><span class='ocrx_word' id='word_1_645' title='bbox 127 4850 195 4902; x_wconf 75' lang='grc' dir='ltr'>καὶ</span> <span class='ocrx_word' id='word_1_646' title='bbox 219 4858 491 4925; x_wconf 77' lang='grc' dir='ltr'>μεγαλύνας</span> <span class='ocrx_word' id='word_1_647' title='bbox 516 4860 612 4914; x_wconf 84' lang='grc' dir='ltr'><strong>τὸν</strong></span> <span class='ocrx_word' id='word_1_648' title='bbox 641 4860 893 4932; x_wconf 85' lang='grc' dir='ltr'>σταυρὸν,</span> <span class='ocrx_word' id='word_1_649' title='bbox 927 4861 1004 4925; x_wconf 84' lang='grc' dir='ltr'><strong>ῶς</strong></span> <span class='ocrx_word' id='word_1_650' title='bbox 1033 4862 1234 4932; x_wconf 72' lang='grc' dir='ltr'>ὑψηλὸν</span> <span class='ocrx_word' id='word_1_651' title='bbox 1254 4864 1530 4935; x_wconf 81' lang='grc' dir='ltr'>τρόπαιον,</span> <span class='ocrx_word' id='word_1_652' title='bbox 1558 4865 1642 4918; x_wconf 78' lang='grc' dir='ltr'><strong>οὗ·</strong></span> 
     </span>
    </p>
   </div>
   <div class='ocr_carea' id='block_1_94' title="bbox 127 4948 1642 5028">
    <p class='ocr_par' dir='ltr' id='par_1_94' title="bbox 127 4948 1642 5028">
     <span class='ocr_line' id='line_1_94' title="bbox 127 4948 1642 5028; baseline 0.009 -29"><span class='ocrx_word' id='word_1_653' title='bbox 127 4956 181 4993; x_wconf 73' lang='grc' dir='ltr'><strong>τω</strong></span> <span class='ocrx_word' id='word_1_654' title='bbox 209 4948 433 5023; x_wconf 79' lang='grc' dir='ltr'>κάκείνην</span> <span class='ocrx_word' id='word_1_655' title='bbox 463 4952 650 5024; x_wconf 77' lang='grc' dir='ltr'>ἀφῆκε</span> <span class='ocrx_word' id='word_1_656' title='bbox 678 4953 779 5024; x_wconf 86' lang='grc' dir='ltr'>τὴν</span> <span class='ocrx_word' id='word_1_657' title='bbox 808 4953 982 5018; x_wconf 88' lang='grc' dir='ltr'>πόλιν,</span> <span class='ocrx_word' id='word_1_658' title='bbox 1013 4955 1091 5026; x_wconf 83' lang='grc' dir='ltr'>τῷ</span> <span class='ocrx_word' id='word_1_659' title='bbox 1115 4956 1335 5027; x_wconf 82' lang='grc' dir='ltr'>Χριστῷ</span> <span class='ocrx_word' id='word_1_660' title='bbox 1362 4957 1642 5028; x_wconf 72' lang='grc' dir='ltr'>ὑποκύψα-</span> 
     </span>
    </p>
   </div>
   <div class='ocr_carea' id='block_1_95' title="bbox 129 5041 1650 5121">
    <p class='ocr_par' dir='ltr' id='par_1_95' title="bbox 129 5041 1650 5121">
     <span class='ocr_line' id='line_1_95' title="bbox 129 5041 1650 5121; baseline 0.008 -29"><span class='ocrx_word' id='word_1_661' title='bbox 129 5050 214 5092; x_wconf 61' lang='lat' dir='ltr'><strong>cur.</strong></span> <span class='ocrx_word' id='word_1_662' title='bbox 235 5041 325 5095; x_wconf 88' lang='grc' dir='ltr'><strong>Τοῦ</strong></span> <span class='ocrx_word' id='word_1_663' title='bbox 349 5045 400 5098; x_wconf 79' lang='grc' dir='ltr'>δὲ</span> <span class='ocrx_word' id='word_1_664' title='bbox 425 5048 620 5118; x_wconf 85' lang='grc' dir='ltr'>χρόνου</span> <span class='ocrx_word' id='word_1_665' title='bbox 650 5046 951 5118; x_wconf 84' lang='grc' dir='ltr'>προϊόντος,</span> <span class='ocrx_word' id='word_1_666' title='bbox 983 5050 1076 5102; x_wconf 71' lang='grc' dir='ltr'><strong>καὶ</strong></span> <span class='ocrx_word' id='word_1_667' title='bbox 1103 5048 1198 5102; x_wconf 92' lang='grc' dir='ltr'><strong>τοῦ</strong></span> <span class='ocrx_word' id='word_1_668' title='bbox 1231 5047 1391 5117; x_wconf 88' lang='grc' dir='ltr'>λόγου</span> <span class='ocrx_word' id='word_1_669' title='bbox 1420 5050 1517 5121; x_wconf 81' lang='grc' dir='ltr'>τῆς</span> <span class='ocrx_word' id='word_1_670' title='bbox 1543 5052 1650 5104; x_wconf 88' lang='grc' dir='ltr'>εὐ-</span> 
     </span>
    </p>
   </div>
   <div class='ocr_carea' id='block_1_96' title="bbox 129 5128 1646 5213">
    <p class='ocr_par' dir='ltr' id='par_1_96' title="bbox 129 5128 1646 5213">
     <span class='ocr_line' id='line_1_96' title="bbox 129 5128 1646 5213; baseline 0.011 -34"><span class='ocrx_word' id='word_1_671' title='bbox 129 5129 293 5198; x_wconf 74' lang='grc' dir='ltr'>σεϐείας</span> <span class='ocrx_word' id='word_1_672' title='bbox 314 5141 763 5209; x_wconf 79' lang='grc' dir='ltr'>προσκόπτοντος,</span> <span class='ocrx_word' id='word_1_673' title='bbox 796 5139 985 5211; x_wconf 87' lang='grc' dir='ltr'>ῶσπερ</span> <span class='ocrx_word' id='word_1_674' title='bbox 1016 5128 1102 5204; x_wconf 73' lang='grc' dir='ltr'><strong>τις</strong></span> <span class='ocrx_word' id='word_1_675' title='bbox 1133 5142 1436 5213; x_wconf 86' lang='grc' dir='ltr'>στρατηγὸς</span> <span class='ocrx_word' id='word_1_676' title='bbox 1473 5142 1646 5196; x_wconf 81' lang='grc' dir='ltr'>διετέ-</span> 
     </span>
    </p>
   </div>
   <div class='ocr_carea' id='block_1_97' title="bbox 126 5217 1643 5304">
    <p class='ocr_par' dir='ltr' id='par_1_97' title="bbox 126 5217 1643 5304">
     <span class='ocr_line' id='line_1_97' title="bbox 126 5217 1643 5304; baseline 0.016 -35"><span class='ocrx_word' id='word_1_677' title='bbox 126 5217 199 5272; x_wconf 73' lang='grc' dir='ltr'>λει·</span> <span class='ocrx_word' id='word_1_678' title='bbox 223 5229 617 5303; x_wconf 77' lang='grc' dir='ltr'>προσκτώμενος</span> <span class='ocrx_word' id='word_1_679' title='bbox 655 5230 735 5301; x_wconf 83' lang='grc' dir='ltr'>τῷ</span> <span class='ocrx_word' id='word_1_680' title='bbox 785 5231 998 5302; x_wconf 84' lang='grc' dir='ltr'>βασιλεῖ</span> <span class='ocrx_word' id='word_1_681' title='bbox 1030 5232 1155 5287; x_wconf 86' lang='grc' dir='ltr'>καθ’</span> <span class='ocrx_word' id='word_1_682' title='bbox 1184 5234 1398 5304; x_wconf 81' lang='grc' dir='ltr'>ἡμέραν</span> <span class='ocrx_word' id='word_1_683' title='bbox 1440 5236 1643 5303; x_wconf 81' lang='grc' dir='ltr'>πόλεις,</span> 
     </span>
    </p>
   </div>
   <div class='ocr_carea' id='block_1_98' title="bbox 128 5311 1719 5401">
    <p class='ocr_par' dir='ltr' id='par_1_98' title="bbox 128 5311 1719 5401">
     <span class='ocr_line' id='line_1_98' title="bbox 128 5311 1719 5401; baseline 0.007 -30"><span class='ocrx_word' id='word_1_684' title='bbox 128 5311 291 5382; x_wconf 71' lang='grc' dir='ltr'>κώμας,</span> <span class='ocrx_word' id='word_1_685' title='bbox 315 5321 529 5392; x_wconf 81' lang='grc' dir='ltr'>ἀγροὺς,</span> <span class='ocrx_word' id='word_1_686' title='bbox 570 5321 895 5378; x_wconf 84' lang='grc' dir='ltr'>ὑποκόπτων</span> <span class='ocrx_word' id='word_1_687' title='bbox 932 5324 1001 5379; x_wconf 89' lang='grc' dir='ltr'><strong>τά</strong></span> <span class='ocrx_word' id='word_1_688' title='bbox 1036 5324 1203 5398; x_wconf 89' lang='grc' dir='ltr'>νεῦρα</span> <span class='ocrx_word' id='word_1_689' title='bbox 1251 5328 1346 5381; x_wconf 90' lang='grc' dir='ltr'><strong>τοῦ</strong></span> <span class='ocrx_word' id='word_1_690' title='bbox 1381 5328 1647 5401; x_wconf 87' lang='grc' dir='ltr'>πρότερον</span> <span class='ocrx_word' id='word_1_691' title='bbox 1702 5378 1719 5391; x_wconf 81' lang='grc'><strong>,</strong></span> 
     </span>
    </p>
   </div>
   <div class='ocr_carea' id='block_1_99' title="bbox 128 5409 703 5487">
    <p class='ocr_par' dir='ltr' id='par_1_99' title="bbox 128 5409 703 5487">
     <span class='ocr_line' id='line_1_99' title="bbox 128 5409 703 5487; baseline 0.019 -27"><span class='ocrx_word' id='word_1_692' title='bbox 128 5409 391 5477; x_wconf 74' lang='grc' dir='ltr'>κρατοῦντος</span> <span class='ocrx_word' id='word_1_693' title='bbox 416 5417 703 5487; x_wconf 80' lang='grc' dir='ltr'>τυράννου.</span> 
     </span>
    </p>
   </div>
   <div class='ocr_carea' id='block_1_100' title="bbox 166 5499 1644 5599">
    <p class='ocr_par' dir='ltr' id='par_1_100' title="bbox 166 5499 1644 5599">
     <span class='ocr_line' id='line_1_100' title="bbox 166 5499 1644 5599; baseline 0.011 -47"><span class='ocrx_word' id='word_1_694' title='bbox 166 5499 414 5599; x_wconf 66' lang='grc' dir='ltr'><strong>νΜετῖγλθεν</strong></span> <span class='ocrx_word' id='word_1_695' title='bbox 440 5506 534 5564; x_wconf 76' lang='grc' dir='ltr'>οὖν</span> <span class='ocrx_word' id='word_1_696' title='bbox 567 5512 634 5564; x_wconf 85' lang='grc' dir='ltr'>ὲκ</span> <span class='ocrx_word' id='word_1_697' title='bbox 664 5509 930 5583; x_wconf 81' lang='grc' dir='ltr'>Κορίνθου</span> <span class='ocrx_word' id='word_1_698' title='bbox 964 5511 1101 5583; x_wconf 81' lang='grc' dir='ltr'>πρὸς</span> <span class='ocrx_word' id='word_1_699' title='bbox 1128 5511 1228 5584; x_wconf 84' lang='grc' dir='ltr'><strong>τὴν</strong></span> <span class='ocrx_word' id='word_1_700' title='bbox 1271 5511 1379 5567; x_wconf 86' lang='grc' dir='ltr'><strong>τῶν</strong></span> <span class='ocrx_word' id='word_1_701' title='bbox 1413 5512 1644 5568; x_wconf 89' lang='grc' dir='ltr'>Πισίδων</span> 
     </span>
    </p>
   </div>
   <div class='ocr_carea' id='block_1_101' title="bbox 152 5592 1641 5676">
    <p class='ocr_par' dir='ltr' id='par_1_101' title="bbox 152 5592 1641 5676">
     <span class='ocr_line' id='line_1_101' title="bbox 152 5592 1641 5676; baseline 0.01 -32"><span class='ocrx_word' id='word_1_702' title='bbox 152 5592 284 5659; x_wconf 68' lang='grc' dir='ltr'>ὥραν,</span> <span class='ocrx_word' id='word_1_703' title='bbox 314 5592 421 5652; x_wconf 78' lang='grc' dir='ltr'>εἶτα</span> <span class='ocrx_word' id='word_1_704' title='bbox 442 5601 541 5673; x_wconf 80' lang='grc' dir='ltr'>τὴν</span> <span class='ocrx_word' id='word_1_705' title='bbox 566 5601 874 5656; x_wconf 82' lang='grc' dir='ltr'>Λυκαονίαν</span> <span class='ocrx_word' id='word_1_706' title='bbox 902 5600 995 5656; x_wconf 84' lang='grc' dir='ltr'>καὶ</span> <span class='ocrx_word' id='word_1_707' title='bbox 1016 5601 1119 5666; x_wconf 81' lang='grc' dir='ltr'>τὰς</span> <span class='ocrx_word' id='word_1_708' title='bbox 1145 5603 1245 5675; x_wconf 86' lang='grc' dir='ltr'>τῆς</span> <span class='ocrx_word' id='word_1_709' title='bbox 1275 5603 1513 5676; x_wconf 81' lang='grc' dir='ltr'>Φρυγίας</span> <span class='ocrx_word' id='word_1_710' title='bbox 1541 5604 1641 5658; x_wconf 67' lang='grc' dir='ltr'>πόα</span> 
     </span>
    </p>
   </div>
   <div class='ocr_carea' id='block_1_102' title="bbox 182 5784 1293 5875">
    <p class='ocr_par' dir='ltr' id='par_1_102' title="bbox 182 5784 1293 5875">
     <span class='ocr_line' id='line_1_102' title="bbox 182 5784 1293 5875; baseline 0.013 -30"><span class='ocrx_word' id='word_1_711' title='bbox 182 5784 331 5851; x_wconf 72' lang='lat' dir='ltr'><strong>“Act.</strong></span> <span class='ocrx_word' id='word_1_712' title='bbox 358 5814 478 5868; x_wconf 77' lang='lat' dir='ltr'><strong>xvn,</strong></span> <span class='ocrx_word' id='word_1_713' title='bbox 510 5803 577 5857; x_wconf 80' lang='lat' dir='ltr'><strong>l6</strong></span> <span class='ocrx_word' id='word_1_714' title='bbox 601 5818 757 5875; x_wconf 80' lang='lat' dir='ltr'><strong>seqq.</strong></span> <span class='ocrx_word' id='word_1_715' title='bbox 836 5803 881 5835; x_wconf 84' lang='lat'><strong>&quot;</strong></span> <span class='ocrx_word' id='word_1_716' title='bbox 903 5804 1023 5859; x_wconf 79' lang='lat' dir='ltr'><strong>Act.</strong></span> <span class='ocrx_word' id='word_1_717' title='bbox 1057 5818 1209 5871; x_wconf 77' lang='lat' dir='ltr'><strong>xvm,</strong></span> <span class='ocrx_word' id='word_1_718' title='bbox 1240 5801 1293 5859; x_wconf 89' lang='lat'><strong>8.</strong></span> 
     </span>
    </p>
   </div>
   <div class='ocr_carea' id='block_1_103' title="bbox 1749 4600 3325 4674">
    <p class='ocr_par' dir='ltr' id='par_1_103' title="bbox 1749 4600 3325 4674">
     <span class='ocr_line' id='line_1_103' title="bbox 1749 4600 3325 4674; baseline -0.006 -13"><span class='ocrx_word' id='word_1_719' title='bbox 1749 4606 1999 4672; x_wconf 89' lang='lat' dir='ltr'><strong>homine,</strong></span> <span class='ocrx_word' id='word_1_720' title='bbox 2030 4619 2220 4659; x_wconf 85' lang='lat' dir='ltr'><strong>verum</strong></span> <span class='ocrx_word' id='word_1_721' title='bbox 2272 4602 2513 4674; x_wconf 90' lang='lat' dir='ltr'><strong>principe</strong></span> <span class='ocrx_word' id='word_1_722' title='bbox 2574 4603 2689 4673; x_wconf 84' lang='lat' dir='ltr'><strong>ipso</strong></span> <span class='ocrx_word' id='word_1_723' title='bbox 2718 4600 3018 4673; x_wconf 67' lang='lat' dir='ltr'><strong>Synagogm</strong></span> <span class='ocrx_word' id='word_1_724' title='bbox 3059 4614 3181 4656; x_wconf 90' lang='lat' dir='ltr'><strong>cum</strong></span> <span class='ocrx_word' id='word_1_725' title='bbox 3215 4609 3325 4653; x_wconf 88' lang='lat' dir='ltr'><strong>tota</strong></span> 
     </span>
    </p>
   </div>
   <div class='ocr_carea' id='block_1_104' title="bbox 1748 4691 3326 4761">
    <p class='ocr_par' dir='ltr' id='par_1_104' title="bbox 1748 4691 3326 4761">
     <span class='ocr_line' id='line_1_104' title="bbox 1748 4691 3326 4761; baseline -0.004 -10"><span class='ocrx_word' id='word_1_726' title='bbox 1748 4698 1908 4752; x_wconf 91' lang='lat' dir='ltr'><strong>domo</strong></span> <span class='ocrx_word' id='word_1_727' title='bbox 1938 4697 2005 4760; x_wconf 80' lang='lat'><strong>&quot;,</strong></span> <span class='ocrx_word' id='word_1_728' title='bbox 2063 4705 2227 4761; x_wconf 88' lang='lat' dir='ltr'><strong>atque</strong></span> <span class='ocrx_word' id='word_1_729' title='bbox 2281 4709 2312 4747; x_wconf 90' lang='lat' dir='ltr'><strong>a</strong></span> <span class='ocrx_word' id='word_1_730' title='bbox 2350 4694 2554 4748; x_wconf 88' lang='lat' dir='ltr'><strong>vertice</strong></span> <span class='ocrx_word' id='word_1_731' title='bbox 2607 4691 2735 4760; x_wconf 80' lang='lat' dir='ltr'><strong>legis</strong></span> <span class='ocrx_word' id='word_1_732' title='bbox 2792 4692 2986 4755; x_wconf 89' lang='lat' dir='ltr'><strong>victor,</strong></span> <span class='ocrx_word' id='word_1_733' title='bbox 3056 4703 3326 4758; x_wconf 85' lang='lat' dir='ltr'><strong>cruceque</strong></span> 
     </span>
    </p>
   </div>
   <div class='ocr_carea' id='block_1_105' title="bbox 1746 4779 3325 4853">
    <p class='ocr_par' dir='ltr' id='par_1_105' title="bbox 1746 4779 3325 4853">
     <span class='ocr_line' id='line_1_105' title="bbox 1746 4779 3325 4853; baseline -0.006 -12"><span class='ocrx_word' id='word_1_734' title='bbox 1746 4785 1984 4850; x_wconf 89' lang='lat' dir='ltr'><strong>sublimi,</strong></span> <span class='ocrx_word' id='word_1_735' title='bbox 2023 4784 2197 4839; x_wconf 89' lang='lat' dir='ltr'><strong>instar</strong></span> <span class='ocrx_word' id='word_1_736' title='bbox 2239 4783 2424 4852; x_wconf 81' lang='lat' dir='ltr'><strong>tropaei</strong></span> <span class='ocrx_word' id='word_1_737' title='bbox 2466 4782 2755 4853; x_wconf 78' lang='lat' dir='ltr'><strong>magniﬁce</strong></span> <span class='ocrx_word' id='word_1_738' title='bbox 2803 4781 2965 4844; x_wconf 88' lang='lat' dir='ltr'><strong>elata,</strong></span> <span class='ocrx_word' id='word_1_739' title='bbox 3001 4779 3079 4835; x_wconf 88' lang='lat' dir='ltr'><strong>sic</strong></span> <span class='ocrx_word' id='word_1_740' title='bbox 3112 4791 3325 4849; x_wconf 88' lang='lat' dir='ltr'><strong>quoque</strong></span> 
     </span>
    </p>
   </div>
   <div class='ocr_carea' id='block_1_106' title="bbox 1746 4862 3326 4949">
    <p class='ocr_par' dir='ltr' id='par_1_106' title="bbox 1746 4862 3326 4949">
     <span class='ocr_line' id='line_1_106' title="bbox 1746 4862 3326 4949; baseline -0.006 -17"><span class='ocrx_word' id='word_1_741' title='bbox 1746 4878 1890 4933; x_wconf 87' lang='lat' dir='ltr'><strong>illam</strong></span> <span class='ocrx_word' id='word_1_742' title='bbox 1919 4877 2139 4949; x_wconf 86' lang='lat' dir='ltr'><strong>reliquit</strong></span> <span class='ocrx_word' id='word_1_743' title='bbox 2161 4876 2431 4932; x_wconf 86' lang='lat' dir='ltr'><strong>civitatem</strong></span> <span class='ocrx_word' id='word_1_744' title='bbox 2456 4873 2670 4931; x_wconf 86' lang='lat' dir='ltr'><strong>Christo</strong></span> <span class='ocrx_word' id='word_1_745' title='bbox 2693 4889 2752 4929; x_wconf 90' lang='lat' dir='ltr'><strong>se</strong></span> <span class='ocrx_word' id='word_1_746' title='bbox 2774 4862 3142 4928; x_wconf 83' lang='lat' dir='ltr'><strong>inclinantem.</strong></span> <span class='ocrx_word' id='word_1_747' title='bbox 3166 4869 3326 4925; x_wconf 82' lang='lat' dir='ltr'><strong>Tem-</strong></span> 
     </span>
    </p>
   </div>
   <div class='ocr_carea' id='block_1_107' title="bbox 1747 4968 3324 5042">
    <p class='ocr_par' dir='ltr' id='par_1_107' title="bbox 1747 4968 3324 5042">
     <span class='ocr_line' id='line_1_107' title="bbox 1747 4968 3324 5042; baseline -0.006 -17"><span class='ocrx_word' id='word_1_748' title='bbox 1747 4970 1896 5041; x_wconf 90' lang='lat' dir='ltr'><strong>poris</strong></span> <span class='ocrx_word' id='word_1_749' title='bbox 1932 4980 2113 5026; x_wconf 89' lang='lat' dir='ltr'><strong>autem</strong></span> <span class='ocrx_word' id='word_1_750' title='bbox 2165 4984 2444 5042; x_wconf 87' lang='lat' dir='ltr'><strong>processu,</strong></span> <span class='ocrx_word' id='word_1_751' title='bbox 2480 4983 2545 5024; x_wconf 89' lang='lat' dir='ltr'><strong>ac</strong></span> <span class='ocrx_word' id='word_1_752' title='bbox 2568 4968 2785 5039; x_wconf 88' lang='lat' dir='ltr'><strong>pietatis</strong></span> <span class='ocrx_word' id='word_1_753' title='bbox 2828 4981 3080 5022; x_wconf 87' lang='lat' dir='ltr'><strong>sermone</strong></span> <span class='ocrx_word' id='word_1_754' title='bbox 3109 4976 3324 5036; x_wconf 53' lang='lat' dir='ltr'><strong>promo.</strong></span> 
     </span>
    </p>
   </div>
   <div class='ocr_carea' id='block_1_108' title="bbox 1751 5054 3322 5134">
    <p class='ocr_par' dir='ltr' id='par_1_108' title="bbox 1751 5054 3322 5134">
     <span class='ocr_line' id='line_1_108' title="bbox 1751 5054 3322 5134; baseline -0.004 -17"><span class='ocrx_word' id='word_1_755' title='bbox 1751 5074 1933 5130; x_wconf 89' lang='lat' dir='ltr'><strong>vente,</strong></span> <span class='ocrx_word' id='word_1_756' title='bbox 1967 5064 2113 5120; x_wconf 90' lang='lat' dir='ltr'><strong>velut</strong></span> <span class='ocrx_word' id='word_1_757' title='bbox 2148 5065 2255 5119; x_wconf 80' lang='lat' dir='ltr'><strong>dux</strong></span> <span class='ocrx_word' id='word_1_758' title='bbox 2301 5063 2519 5134; x_wconf 86' lang='lat' dir='ltr'><strong>quidam</strong></span> <span class='ocrx_word' id='word_1_759' title='bbox 2553 5059 2778 5116; x_wconf 69' lang='lat' dir='ltr'><strong>eﬂ’ectus</strong></span> <span class='ocrx_word' id='word_1_760' title='bbox 2806 5067 2909 5122; x_wconf 91' lang='lat' dir='ltr'><strong>est,</strong></span> <span class='ocrx_word' id='word_1_761' title='bbox 2960 5056 3074 5128; x_wconf 75' lang='lat' dir='ltr'><strong>regi</strong></span> <span class='ocrx_word' id='word_1_762' title='bbox 3104 5056 3158 5111; x_wconf 91' lang='lat' dir='ltr'><strong>in</strong></span> <span class='ocrx_word' id='word_1_763' title='bbox 3187 5054 3322 5119; x_wconf 79' lang='lat' dir='ltr'><strong>dies,</strong></span> 
     </span>
    </p>
   </div>
   <div class='ocr_carea' id='block_1_109' title="bbox 1749 5150 3325 5228">
    <p class='ocr_par' dir='ltr' id='par_1_109' title="bbox 1749 5150 3325 5228">
     <span class='ocr_line' id='line_1_109' title="bbox 1749 5150 3325 5228; baseline -0.004 -16"><span class='ocrx_word' id='word_1_764' title='bbox 1749 5160 1934 5224; x_wconf 90' lang='lat' dir='ltr'><strong>urbes,</strong></span> <span class='ocrx_word' id='word_1_765' title='bbox 1965 5158 2183 5228; x_wconf 89' lang='lat' dir='ltr'><strong>oppida,</strong></span> <span class='ocrx_word' id='word_1_766' title='bbox 2228 5172 2388 5228; x_wconf 81' lang='lat' dir='ltr'><strong>agros</strong></span> <span class='ocrx_word' id='word_1_767' title='bbox 2440 5155 2755 5227; x_wconf 84' lang='lat' dir='ltr'><strong>acquirens;</strong></span> <span class='ocrx_word' id='word_1_768' title='bbox 2822 5167 3016 5208; x_wconf 85' lang='lat' dir='ltr'><strong>nervos</strong></span> <span class='ocrx_word' id='word_1_769' title='bbox 3064 5167 3129 5208; x_wconf 89' lang='lat' dir='ltr'><strong>ac</strong></span> <span class='ocrx_word' id='word_1_770' title='bbox 3161 5150 3325 5207; x_wconf 83' lang='lat' dir='ltr'><strong>robur</strong></span> 
     </span>
    </p>
   </div>
   <div class='ocr_carea' id='block_1_110' title="bbox 1749 5247 2842 5321">
    <p class='ocr_par' dir='ltr' id='par_1_110' title="bbox 1749 5247 2842 5321">
     <span class='ocr_line' id='line_1_110' title="bbox 1749 5247 2842 5321; baseline -0.005 -16"><span class='ocrx_word' id='word_1_771' title='bbox 1749 5251 1900 5321; x_wconf 87' lang='lat' dir='ltr'><strong>prius</strong></span> <span class='ocrx_word' id='word_1_772' title='bbox 1932 5249 2260 5307; x_wconf 87' lang='lat' dir='ltr'><strong>dominantis</strong></span> <span class='ocrx_word' id='word_1_773' title='bbox 2285 5248 2500 5321; x_wconf 86' lang='lat' dir='ltr'><strong>tyranni</strong></span> <span class='ocrx_word' id='word_1_774' title='bbox 2538 5247 2842 5303; x_wconf 86' lang='lat' dir='ltr'><strong>succidens.</strong></span> 
     </span>
    </p>
   </div>
   <div class='ocr_carea' id='block_1_111' title="bbox 1816 5511 3331 5583">
    <p class='ocr_par' dir='ltr' id='par_1_111' title="bbox 1816 5511 3331 5583">
     <span class='ocr_line' id='line_1_111' title="bbox 1816 5511 3331 5583; baseline 0.001 -17"><span class='ocrx_word' id='word_1_775' title='bbox 1816 5512 1951 5567; x_wconf 85' lang='lat' dir='ltr'><strong>&#39;I‘nm</strong></span> <span class='ocrx_word' id='word_1_776' title='bbox 2000 5527 2130 5569; x_wconf 87' lang='lat' dir='ltr'><strong>vero</strong></span> <span class='ocrx_word' id='word_1_777' title='bbox 2173 5511 2436 5570; x_wconf 88' lang='lat' dir='ltr'><strong>Corintho</strong></span> <span class='ocrx_word' id='word_1_778' title='bbox 2488 5514 2707 5571; x_wconf 85' lang='lat' dir='ltr'><strong>transiit</strong></span> <span class='ocrx_word' id='word_1_779' title='bbox 2759 5513 3055 5579; x_wconf 86' lang='lat' dir='ltr'><strong>Pisidiam,</strong></span> <span class='ocrx_word' id='word_1_780' title='bbox 3095 5513 3331 5583; x_wconf 84' lang='lat' dir='ltr'><strong>deinqne</strong></span> 
     </span>
    </p>
   </div>
   <div class='ocr_carea' id='block_1_112' title="bbox 1741 5602 3323 5678">
    <p class='ocr_par' dir='ltr' id='par_1_112' title="bbox 1741 5602 3323 5678">
     <span class='ocr_line' id='line_1_112' title="bbox 1741 5602 3323 5678; baseline -0.003 -15"><span class='ocrx_word' id='word_1_781' title='bbox 1741 5602 2068 5677; x_wconf 80' lang='lat' dir='ltr'><strong>Lycaoniam</strong></span> <span class='ocrx_word' id='word_1_782' title='bbox 2102 5619 2165 5661; x_wconf 88' lang='lat' dir='ltr'><strong>ac</strong></span> <span class='ocrx_word' id='word_1_783' title='bbox 2205 5604 2451 5678; x_wconf 66' lang='lat' dir='ltr'><strong>Phrygiae</strong></span> <span class='ocrx_word' id='word_1_784' title='bbox 2490 5609 2650 5664; x_wconf 89' lang='lat' dir='ltr'><strong>nrbes</strong></span> <span class='ocrx_word' id='word_1_785' title='bbox 2681 5618 2893 5678; x_wconf 87' lang='lat' dir='ltr'><strong>petens,</strong></span> <span class='ocrx_word' id='word_1_786' title='bbox 2929 5620 2993 5662; x_wconf 79' lang='lat' dir='ltr'><strong>ac</strong></span> <span class='ocrx_word' id='word_1_787' title='bbox 3021 5604 3143 5660; x_wconf 82' lang='lat' dir='ltr'><strong>inde</strong></span> <span class='ocrx_word' id='word_1_788' title='bbox 3184 5604 3323 5660; x_wconf 60' lang='lat' dir='ltr'><strong>invi.</strong></span> 
     </span>
    </p>
   </div>
  </div>
