3820 6306
463 288 574 347 295

1730 287 1790 346 S.
1829 288 2103 346 ASTERII
2140 289 2447 349 AMASENI

3630 306 3774 363 296

448 419 592 460 scus
622 403 837 469 Asiam,
866 403 1319 475 postmodumque
1365 402 1755 469 Macedoniam,
1802 419 2038 460 commu-

2143 405 2257 472 λεις
2297 408 2641 477 καταλαϐὼν,
2686 410 2941 467 κάκεῖθεν
2972 413 3069 486 τὴν
3116 414 3302 473 ’Δσίαν
3345 420 3773 493 ἐπισκεψάμε-

468 499 552 552 nis
595 506 714 553 erat
735 497 882 552 orbis
926 506 1191 552 terrarum
1224 499 1413 551 doctor
1443 510 1459 549 :
1490 512 1673 552 coram
1708 498 1922 566 quidem
1944 513 2041 567 po-

463 589 598 644 sitos
626 603 878 645 sermone
906 589 1123 658 juvans,
1160 590 1412 644 absentes
1436 603 1564 644 vero
1591 598 1915 647 convertens
1949 607 2043 660 per

464 675 754 748 Epistolas.
789 679 947 734 Solus
972 680 1060 733 ille
1091 691 1197 743 est,
1230 679 1385 748 cujus
1411 696 1684 751 nunquam
1716 697 1891 750 genua
1919 698 2041 736 cum

463 785 676 840 semper
716 772 817 826 iter
854 778 1035 838 ageret
1071 779 1199 826 sunt
1226 770 1458 836 lassata;
1492 787 1555 826 ac
1586 787 1684 827 nec
1719 772 1896 843 lingua
1934 782 2043 826 tor-

466 862 600 929 pnit.
655 859 795 914 nulla
842 860 1026 930 requie
1066 862 1132 915 ad
1183 860 1365 917 hostes
1406 876 1473 917 ac
1519 866 1724 918 amicos
1772 862 2043 933 Evangelii

463 951 717 1021 mysteria
746 966 1031 1005 enat-rans.
1061 951 1141 1008 Ac
1192 953 1410 1022 quidem
1468 954 1591 1008 talis
1637 952 1839 1008 Paulus
1900 955 2043 1024 quod

468 1052 675 1112 spectat
704 1045 771 1097 ad
799 1045 1136 1111 doctrinam;
1170 1046 1312 1115 quod
1340 1055 1523 1100 autem
1564 1049 1631 1100 ad
1670 1046 1928 1116 reliquam
1966 1049 2044 1100 vi-

463 1142 532 1187 tae
572 1135 985 1204 philosophiam,
1022 1137 1199 1206 qualis
1249 1138 1422 1208 rogo?
1455 1139 1548 1208 qui
1590 1154 1802 1210 semper
1827 1139 2045 1211 iugiter-

461 1241 567 1295 quc
608 1228 867 1283 doctrinm
906 1230 1175 1295 assiduus,
1222 1244 1286 1285 ac
1330 1231 1623 1302 Evangelio
1666 1232 1929 1296 serviens,
1977 1247 2043 1287 ne

462 1333 654 1387 panem
704 1320 918 1385 quidem
973 1320 1042 1374 ab
1096 1320 1276 1391 aliquo
1330 1323 1500 1392 gratis
1551 1310 1873 1391 referebat;
1911 1325 2039 1394 quin

463 1411 695 1465 interdiu
740 1413 955 1482 quidem
1001 1414 1261 1470 adversus
1296 1424 1587 1470 sexcentos
1630 1417 1811 1471 hostes
1859 1426 2036 1471 certa-

461 1519 583 1557 men
615 1504 861 1570 habebat,
898 1516 1059 1560 noctu
1097 1520 1245 1575 vero,
1290 1506 1629 1576 scalpellmn,
1664 1507 1957 1578 pellesque,
1977 1524 2040 1563 ac

462 1596 596 1649 artis
650 1600 901 1651 versabat
955 1613 1112 1666 opus,
1164 1608 1221 1652 ut
1276 1613 1547 1652 annonam
1605 1598 1728 1653 inde
1797 1614 1863 1653 ac
1918 1600 2040 1654 vita:

461 1695 821 1738 commeatum
872 1697 1108 1755 pararet,
1163 1697 1219 1741 ut
1264 1687 1397 1742 nihil
1430 1703 1488 1742 se
1531 1704 1747 1758 gravem
1779 1689 2041 1759 praeberet

2144 516 2255 563 νος,
2281 496 2401 555 εἶτα
2427 503 2526 573 τὴν
2556 504 2918 567 Μακεδονίαν,
2947 507 3125 571 κοινὸς
3149 504 3219 580 ἦν
3249 511 3353 583 τῆς
3392 514 3771 585 οἰκουμένης

2142 589 2479 656 διδάσκαλος,
2519 593 2648 657 τοὺς
2689 594 2786 664 μὲν
2817 596 3125 667 ὁρωμένους
3152 601 3261 654 ἀπὸ
3291 602 3543 675 γλώττης
3583 603 3771 673 ὠφε-

2142 680 2272 744 λῶν,
2302 684 2429 746 τοὺς
2466 683 2521 736 δὲ
2563 684 2799 749 ἀπόντας
2834 685 2924 741 διὰ
2955 687 3065 742 τῶν
3103 691 3402 747 ἐπιστολῶν
3459 695 3769 769 ἐπιστρά-

2144 789 2276 841 φων·
2327 773 2489 844 μόνου
2524 775 2582 828 δὲ
2622 777 2853 840 ἐκείνου,
2884 779 2946 832 οὐ
2975 780 3104 848 γόνυ
3128 782 3365 854 ἔκαμνεν
3396 787 3592 840 ὁδεῦον
3625 788 3764 851 ἀεὶ,

2142 866 2204 919 οὐ
2236 865 2452 934 γλῶττα
2481 870 2704 941 ὲνάρκα.
2741 871 2880 945 πρὸς
2908 872 3137 945 ἐχθροὺς
3167 877 3262 930 καὶ
3284 879 3469 948 φίλους
3500 881 3768 935 ἀνελλι-

2142 957 2261 1021 πῶς
2292 958 2565 1025 διεξιοῦσα
2602 960 2695 1016 τοῦ
2729 964 3059 1033 Εὑαγγελίου
3087 970 3380 1043 μυστήρια.
3432 974 3605 1029 Ἀλλά
3640 976 3766 1049 τὴν

2146 1050 2244 1121 μὲν
2275 1051 2622 1107 διδασκαλίαν
2661 1055 2919 1121 τοιοῦτος’
2951 1059 3052 1132 τὴν
3075 1060 3131 1114 δὲ
3158 1062 3325 1134 ἀλλην
3349 1064 3442 1118 τοῦ
3476 1066 3607 1137 βίου
3646 1085 3761 1136 φι-

2142 1142 2419 1214 λοσοφίαν,
2446 1140 2559 1209 οἷος
2582 1145 2901 1219 άνθρωπος;
2944 1151 3056 1204 Ἀεὶ
3080 1153 3175 1206 καὶ
3203 1158 3443 1227 συνεχῶς
3472 1158 3557 1230 τῷ
3582 1160 3762 1230 λόγῳ

2143 1237 2589 1309 προσκαρτερῶν,
2643 1240 2738 1292 καὶ
2783 1240 2862 1311 τῷ
2908 1242 3225 1317 Εὐαγγελίῳ
3267 1247 3560 1312 δουλεύων,
3606 1252 3761 1305 οὐδὲ

2141 1327 2308 1414 ἀρτου
2335 1327 2543 1401 δωρεάν
2577 1332 2728 1403 παρά
2752 1350 2897 1396 τινος
2918 1336 3222 1405 ὲκομίζετο’
3256 1339 3369 1392 ἀλλ’
3401 1342 3589 1414 ἡμέρα
3634 1345 3760 1414 μὲν

2140 1412 2253 1488 εἶχε
2302 1418 2394 1472 τὸν
2437 1420 2625 1490 ἀγῶνα
2660 1422 2753 1477 τὸν
2803 1424 2936 1497 πρὸς
2974 1427 3200 1497 μυρίους
3246 1412 3492 1504 ἐχθροὺς,
3517 1412 3647 1502 νὺξ⁷
3686 1438 3755 1492 δὲ

2139 1510 2237 1582 τὴν
2264 1512 2482 1584 σμίλην,
2537 1516 2627 1569 καὶ
2664 1516 2732 1569 τὰ
2764 1519 2961 1589 σκύτη,
3002 1521 3094 1574 καὶ
3133 1522 3232 1591 τὴν
3262 1525 3373 1578 ἀπὸ
3398 1528 3497 1598 τῆς
3524 1528 3752 1600 τέχνης

2140 1602 2426 1673 ἐργασίαν⁹
2470 1604 2536 1657 ἵν’
2561 1607 2769 1660 ἐκεῖθεν
2805 1607 2904 1683 ἔχῃ
2936 1610 3028 1662 τὸν
3061 1612 3423 1685 ἐπισιτισμὸν,
3460 1619 3751 1690 φαίνηται

2139 1691 2196 1745 δὲ
2219 1695 2385 1747 πᾶσιν
2417 1696 2727 1769 ἀνεπαχθὴς
2752 1699 3067 1768 ἀπόστολος,
3099 1702 3372 1769 ἀδάπανος
3402 1706 3608 1780 κῆρυξ,
3641 1713 3750 1764 καὶ

461 1776 787 1844 apostolum,
818 1788 874 1831 nt
902 1779 1309 1848 prazdicatorem
1339 1777 1543 1864 absque
1578 1789 1815 1850 sumptu,
1849 1781 1941 1850 qui
1968 1780 2035 1835 ad

2142 1782 2330 1855 μέχρις
2355 1784 2518 1856 ἀρτου
2545 1786 2654 1838 τῶν
2677 1787 2992 1853 ξενιζόντων
3017 1791 3357 1864 φειδόμενος.

462 1881 630 1937 usque
659 1884 849 1936 panem
891 1871 1193 1940 hospitibus
1238 1858 1504 1940 parceret.

541 1960 692 2013 llunc
732 1976 829 2016 nos
872 1976 1201 2027 sermonem,
1243 1961 1576 2026 sacerdotes,
1608 1963 1912 2041 audiamus,
1947 1966 2037 2035 qui

460 2056 657 2110 nedum
690 2054 1108 2123 comparticipes
1128 2069 1314 2109 sumus
1344 2054 1626 2121 altaribus,
1652 2070 1839 2111 verum
1873 2057 2037 2112 etiam

461 2147 530 2200 ab
559 2146 665 2201 illis
698 2126 891 2200 divites
917 2160 1126 2208 sumus,
1152 2160 1215 2198 ac
1238 2145 1290 2198 in
1320 2146 1530 2201 deliciis
1557 2148 1797 2217 agimus;
1825 2163 2040 2205 sacras-

459 2251 565 2306 que
590 2235 898 2299 facultates,
929 2245 1166 2290 nostram
1202 2236 1441 2307 ipsorum
1479 2241 1878 2309 possessionem
1904 2239 2039 2296 laci-

460 2345 614 2395 mus;
641 2329 866 2398 quique,
897 2327 1100 2382 Christi
1132 2344 1296 2382 causa
1330 2330 1607 2397 subjectis,
1638 2341 1892 2402 tanquam
1923 2347 2040 2387 ser-

459 2420 541 2475 vis
570 2420 808 2490 graviter
847 2420 1214 2488 imperamus,
1265 2419 1406 2474 haud
1455 2420 1613 2490 plane
1652 2423 2035 2488 sacerdotium,

458 2512 756 2566 dominatio
786 2520 901 2577 est;
929 2511 1059 2581 quin
1090 2513 1287 2580 potius,
1321 2522 1378 2564 ut
1399 2511 1522 2581 quis
1550 2512 1835 2583 intelligat,
1866 2515 2037 2569 servi-

461 2613 567 2657 tus.
598 2601 710 2655 Non
742 2603 1093 2671 magisu'atus
1130 2602 1454 2658 auctoritate
1482 2603 1828 2661 decernentis
1860 2607 2040 2676 digni-

461 2703 580 2758 tas,
632 2693 726 2748 sed
762 2694 1019 2747 modestae
1057 2709 1121 2747 ac
1153 2694 1430 2762 castigatae
1466 2695 1888 2765 dispensationis
1933 2700 2036 2754 mi-

459 2787 730 2843 nistratio.
757 2774 944 2840 Nonne
972 2797 1292 2856 potestatem
1317 2787 1551 2842 habebat
1573 2788 1788 2845 divinus
1816 2790 2034 2860 Paulus,

461 2889 520 2933 ut
547 2894 613 2935 ex
650 2880 823 2933 sacris
872 2880 1223 2933 manducaret
1276 2879 1591 2949 biberetqne
1641 2882 1718 2949 l';
1762 2898 1827 2938 ac
1866 2888 2040 2941 modi-

460 2986 583 3026 cum
637 2970 767 3040 quid
819 2970 1071 3039 stipendii
1134 2969 1398 3036 laborum,
1457 2974 1522 3026 ad
1590 2977 1852 3044 corporis,
1894 2978 2036 3046 quod

459 3062 701 3131 quotidie
746 3062 1074 3125 caedebatur,
1124 3060 1423 3118 fomentum
1465 3080 1528 3120 ac
1573 3081 1781 3133 curam,
1827 3068 2038 3137 accipe-

461 3152 587 3208 ret?
615 3150 965 3221 Nequaquam
1012 3161 1191 3207 tamen
1236 3168 1367 3208 usus
1394 3165 1478 3210 est
1503 3166 1790 3225 potestate,
1821 3169 1881 3213 ut
1902 3160 2035 3214 nihil
2061 3145 2103 3202 ο

461 3245 515 3299 in
549 3255 690 3296 terra
721 3242 1021 3312 accipiens,
1055 3243 1238 3298 omnia
1281 3243 1332 3299 in
1370 3247 1525 3302 etelis
1557 3260 1864 3317 reponeret.
1899 3251 2041 3318 Qua-

358 3402 361 3409 ,
460 3345 681 3406 pr0pter
715 3336 903 3400 etiam,
936 3351 1060 3391 cum
1089 3338 1268 3392 adlmc
1292 3341 1444 3393 carni
1484 3342 1824 3411 corruptibili
1853 3344 2036 3416 alliga-

463 3437 549 3482 tus
574 3434 738 3487 esset.
771 3425 1064 3493 majoribus
1103 3441 1264 3496 quam
1296 3444 1393 3498 pro
1423 3429 1656 3485 humana
1706 3433 1915 3489 ratione
1942 3436 2040 3490 do-

461 3520 545 3575 nis
571 3530 759 3574 auctus
793 3527 910 3583 est,
957 3527 1120 3589 atque
1157 3528 1215 3574 ut
1260 3520 1523 3575 bonorum
1568 3524 1895 3590 futurorum,
1940 3527 2040 3581 ho-

459 3626 762 3680 norumque
800 3626 915 3666 evo
942 3610 1032 3664 illo
1067 3611 1426 3680 repositorum
1464 3615 1686 3669 arrbam
1733 3616 2034 3688 pignusque

456 3712 823 3766 convertetnr,
850 3703 1152 3756 assumitur
1178 3717 1351 3772 usque
1379 3702 1445 3758 ad
1489 3705 1706 3759 tertium
1733 3707 1927 3767 coelum
1952 3710 1992 3741 ¹⁷
2019 3728 2034 3765 :

459 3795 805 3864 visionesque
830 3807 1067 3848 nostram
1088 3795 1389 3850 mortalium
1418 3808 1619 3851 sortem
1651 3812 2038 3869 exsuperantes

458 3886 637 3952 videt,
662 3902 725 3941 ac
753 3886 919 3941 verba
948 3901 1148 3942 arcana
1171 3888 1343 3953 audit,
1375 3898 1434 3942 ut
1454 3890 1530 3943 ait
1558 3890 1693 3959 ipse,
1727 3907 2036 3962 quanquam

458 3976 514 4031 id
550 3977 794 4030 modeste
844 3991 1031 4046 agens,
1086 3993 1153 4033 ac
1201 3980 1524 4035 necessitate
1564 3982 1897 4052 compulsus,
1946 3999 2038 4040 ca-

455 4083 698 4139 vensque
726 4068 924 4139 ubique
945 4069 1190 4140 gloriari,
1225 4086 1403 4142 exque
1426 4073 1857 4142 praecellentibus
1881 4077 2036 4132 donis

457 4160 569 4214 suis
596 4175 714 4214 sese
742 4159 957 4216 efferre.
989 4158 1061 4217 Ut
1110 4171 1290 4216 tamen
1334 4178 1522 4218 eorum
1567 4179 1759 4221 sensus
1801 4170 2034 4236 compri-

457 4261 591 4315 mat,
627 4262 1026 4323 componatque
1066 4253 1132 4308 ad
1183 4255 1530 4320 modestiam,
1578 4256 1670 4327 qui
1701 4273 1797 4327 pro
1824 4259 2034 4330 exiguis

2210 1962 2409 2018 Τοῦτον
2437 1964 2526 2019 τὸν
2558 1965 2735 2035 λόγον,
2767 1970 2952 2041 ίερεῖς,
2995 1973 3342 2047 ἀκούσωμεν,
3386 1980 3435 2032 οἱ
3468 1980 3547 2053 μή
3585 1998 3745 2053 συμ-

2142 2055 2485 2129 μεριζόμενοι
2540 2063 2652 2124 τοῖς
2713 2060 3117 2137 θυσιαστηρίοις
3170 2068 3367 2140 μόνον,
3430 2072 3573 2129 ἀλλά
3633 2076 3745 2131 καὶ

2139 2147 2496 2214 πλουτοῦντες
2523 2151 2618 2205 ἀπ’
2643 2153 2868 2208 ἐκείνων
2894 2157 2989 2209 καὶ⁵
3014 2159 3349 2229 τρυφῶντες,
3379 2164 3473 2217 καὶ
3505 2164 3611 2236 τὴν
3649 2168 3739 2220 ἱε-

2142 2241 2243 2313 ράν
2275 2244 2597 2315 περιουσίαν
2616 2245 2746 2299 ίδιον
2773 2248 2957 2319 κτῆμα
2979 2251 3309 2323 ποιούμενοι,
3347 2257 3441 2310 καὶ⁵
3471 2261 3588 2323 τοῖς
3620 2260 3742 2314 ῦπ-

2136 2338 2323 2406 ηκόοις
2343 2336 2429 2390 διά
2459 2336 2551 2391 τὸν
2579 2339 2815 2408 Χριστὸν
2842 2336 2929 2395 οἷα
2956 2342 3162 2409 δούλοις
3192 2349 3463 2420 φορτικῶς
3492 2352 3740 2408 ἐπιτάτ-

2137 2445 2341 2493 τοντες.
2373 2430 2486 2483 Οὐκ
2525 2429 2671 2484 ἐστιν
2708 2432 2959 2506 ίεροσύνη
2990 2435 3299 2504 δεσποτεία,
3342 2441 3478 2496 ἀλλά
3516 2444 3740 2515 μᾶλλον

2138 2520 2216 2590 τῷ
2248 2519 2480 2574 συνιέντι
2505 2522 2740 2578 δουλεία·
2771 2526 2872 2579 οὐκ
2897 2529 3221 2601 ἀρχοντικῆς
3245 2532 3532 2599 αὐθαδείας
3561 2536 3738 2602 ἀξίω-

2142 2628 2239 2682 μα,
2295 2612 2410 2665 ἀλλ’
2473 2613 2737 2679 εὐλαϐοῦς
2789 2617 3103 2691 οἰκονομίας
3151 2622 3414 2681 διακονία.
3467 2626 3562 2698 Μὴ
3621 2629 3737 2684 οὐκ

2139 2702 2296 2775 ἔσχεν
2322 2705 2569 2770 ἐξουσίαν
2609 2710 2638 2760 ό
2684 2707 2970 2776 Θεσπέσιος
3016 2714 3230 2779 Παῦλος
3273 2716 3473 2773 ἐσθίειν
3503 2721 3601 2774 καὶ
3634 2721 3736 2776 πί-

2139 2812 2252 2849 νειν
2282 2797 2390 2850 ἀπὸ
2417 2798 2524 2850 τῶν
2558 2799 2739 2871 ίερῶν,
2764 2802 2856 2856 καὶ
2888 2806 3082 2876 μικρὸν
3110 2805 3242 2875 γοῦν
3276 2807 3577 2880 λαμϐάνειν
3608 2813 3732 2867 τῶν

2142 2886 2349 2957 μυρίων
2378 2888 2552 2943 πόνων
2577 2890 2768 2962 γέρας,
2802 2895 2883 2959 είς
2908 2894 3207 2967 θεραπείαν
3243 2901 3581 2972 τυπτομένου
3619 2905 3727 2959 τοῦ

2139 2977 2391 3050 σώματος
2443 2982 2564 3036 καθ’
2593 2984 2845 3057 ήμέραν;
2894 2988 3034 3043 Ἀλλ’
3063 2991 3165 3045 οὐκ
3209 2993 3480 3064 ἐχρήσατο
3529 2998 3596 3068 τῇ
3631 2998 3728 3063 ἑξ-

2138 3072 2317 3143 ουσίᾳ,
2357 3071 2446 3127 ἵνα
2470 3074 2636 3147 μηδὲν
2673 3077 2768 3130 ἐπὶ
2796 3079 2899 3151 γῆς
2940 3079 3139 3150 λαϐὼν,
3172 3084 3349 3139 πάντα
3387 3087 3447 3140 ἐν
3471 3090 3587 3153 τοῖς
3622 3091 3724 3145 ού-

2139 3165 2319 3233 ρανοῖς
2360 3163 2633 3238 ἀποθήσῃ.
2669 3168 2761 3222 Διὸ
2798 3172 2893 3223 καὶ
2929 3170 3038 3225 τῶν
3065 3173 3204 3247 ὑπὲρ
3234 3174 3519 3249 ἄνθρωπον
3551 3180 3729 3250 ήξιὼο

2137 3250 2228 3323 θη,
2267 3252 2348 3307 ἐτι
2374 3256 2440 3325 τῇ
2474 3255 2688 3330 φθαρτῇ
2718 3259 3101 3333 συνδεδεμένος
3133 3266 3319 3337 σαρκί.
3357 3269 3464 3321 Καὶ
3495 3269 3583 3323 ἵνα
3604 3272 3730 3327 τῶν

2142 3343 2442 3414 μελλόντων
2474 3346 2715 3416 ἀγαθῶν,
2760 3350 2858 3404 καὶ
2896 3351 3006 3406 τῶν
3055 3353 3172 3408 ἐκεῖ
3210 3357 3384 3428 τιμῶν
3420 3360 3728 3433 ἀρραϐῶνα

2139 3432 2393 3507 θεάσητε,
2442 3438 2883 3510 ἀναλαμϐάνεται
2938 3444 3036 3515 μὲν
3079 3445 3208 3520 ἄχρι
3247 3449 3429 3521 τρίτου
3459 3432 3722 3524 ούρανοῦ,

2141 3524 2326 3595 βλέπει
2380 3529 2440 3583 δὲ
2470 3530 2739 3597 ὀπτασίας
2778 3534 3213 3608 ύπερὸαινούσας
3248 3540 3341 3595 τὸν
3370 3543 3558 3598 ἐνθάδε
3589 3547 3724 3618 κλῆο

2143 3634 2255 3689 ρον,
2282 3621 2468 3676 ἀκούει
2509 3623 2567 3677 δὲ
2599 3626 2862 3697 ῥημάτων
2900 3630 3177 3703 ἀρρήτων,
3209 3633 3285 3698 ὡς
3331 3636 3492 3702 αὐτός
3529 3656 3723 3710 φησιν,

2145 3713 2240 3766 καὶ
2265 3713 2437 3769 ταῦτα
2462 3718 2788 3789 μετριάζων,
2814 3721 2906 3775 καὶ
2932 3720 2993 3788 ἐξ
3014 3725 3279 3797 ἀνάγκης,
3308 3728 3724 3804 ἀποδιδράσκων

2144 3806 2422 3878 πανταχοῦ
2464 3808 2527 3863 τὸ
2568 3811 3025 3885 μεγαλαυχεῖσθαι
3054 3818 3148 3871 καὶ
3177 3821 3557 3892 ἐμπομπεύειν
3606 3829 3722 3894 τοῖς

2147 3896 2297 3963 ἰδίοις
2328 3899 2811 3976 πλεονεκτήμασιν.
2847 3907 2967 3962 Ἵνα
2989 3908 3046 3962 δὲ.
3085 3912 3408 3984 φρονήματα
3433 3920 3719 3972 καταστεί-

2143 3989 2209 4063 λῃ
2260 3993 2372 4048 τῶν
2432 3996 2527 4050 ἐπὶ
2581 4002 2797 4071 μικροῖς
2849 4003 3186 4074 φυσωμένων
3245 4008 3598 4080 χαρίσμασιν,
3661 4015 3720 4079 ἐξ

2141 4082 2388 4156 ἀνάγκης
2423 4086 2579 4156 ὀλίγα
2619 4088 2729 4144 τῶν
2769 4092 2985 4147 οἰκείων
3031 4102 3393 4173 παραγυμνοῖ,
3426 4103 3719 4161 καὶταῦτα

2140 4173 2314 4244 ἑτέρῳ
2345 4176 2624 4251 προσώπῳ
2645 4181 2910 4254 περιθεὶς,
2944 4184 3039 4238 καὶ
3064 4186 3253 4259 πόρρω
3277 4189 3377 4261 τῆς
3398 4193 3527 4266 περὶ
3551 4195 3719 4254 αὐτὸν

2141 4265 2394 4333 ὑπονοίας
2427 4270 2753 4342 ἀπαγαγών.

456 4343 617 4398 donis
643 4342 921 4407 inﬂantur,
951 4359 1117 4413 pauca
1143 4360 1210 4399 ex
1245 4345 1358 4400 suis
1394 4346 1567 4453 velut"
1606 4359 1831 4406 coactus
1892 4355 2107 4424 aperit:
2152 4373 2250 4413 nec
2287 4360 2337 4413 id
2384 4362 2542 4416 aliter
2579 4380 2740 4434 quam
2789 4380 3067 4440 assumpta
3104 4371 3194 4427 illa
3247 4389 3500 4447 persona,
3552 4390 3716 4453 atque

453 4452 672 4493 omnem
700 4440 767 4492 de
795 4452 855 4492 se
879 4438 991 4507 ipse
1020 4436 1378 4507 suspicionem
1410 4438 1693 4495 amoliens.

528 4528 673 4585 Sane
701 4529 917 4600 quidem
967 4528 1110 4584 Elias
1165 4528 1255 4583 ille
1297 4526 1608 4599 'l‘hesbites,
1654 4548 1722 4588 eo
1771 4533 1916 4603 quod
1973 4535 2026 4590 in

2213 4535 2401 4600 Ἦλίας
2430 4538 2532 4609 μὲν
2568 4534 2663 4594 οὖν
2700 4543 2729 4596 ό
2756 4542 3043 4617 Θεσσίτης,
3070 4547 3257 4621 ἐπειδὴ
3285 4552 3343 4606 ὲν
3379 4554 3492 4627 ίδέᾳ
3530 4558 3714 4631 ἅρμα-

454 4623 636 4695 specie
664 4622 806 4693 ignei
836 4636 1028 4676 currus
1067 4621 1119 4675 in
1163 4620 1330 4675 altum
1379 4623 1672 4679 subvectus
1700 4624 1792 4687 sit,
1834 4626 2035 4695 ubique

449 4715 796 4780 decantatnr,
841 4728 906 4767 ac
962 4714 1183 4768 multam
1236 4713 1432 4768 s:rculo
1466 4715 1874 4772 admirationem
1911 4718 2034 4774 reli-

445 4808 592 4878 quit.
646 4805 938 4875 Quousque
985 4816 1162 4859 autem
1228 4807 1571 4876 pervenerit,
1628 4822 1808 4863 sermo
1858 4809 2033 4866 nullus

452 4900 725 4969 exposuit.
768 4895 905 4952 Fors
928 4898 1074 4952 enim
1127 4898 1291 4952 etiam
1348 4898 1616 4953 modicum
1667 4915 1697 4953 a
1736 4910 1879 4955 terra
1932 4901 2035 4956 ela-

444 5003 542 5047 tus
579 5006 609 5044 a
641 4989 841 5043 virtute
887 4998 1084 5058 agente
1124 4986 1323 5058 ipsum,
1354 4987 1432 5042 illi
1468 4988 1585 5044 loco
1636 4989 1878 5045 redditus
1924 5002 2031 5057 est,

440 5102 559 5157 quo
586 5094 704 5139 erat
727 5082 1058 5137 domicilium
1119 5084 1424 5138 habiturus.
1459 5086 1529 5138 At
1564 5082 1715 5141 Pauli
1746 5089 2030 5143 translatio

451 5179 610 5247 longe
633 5175 896 5231 illustrior
928 5174 1032 5228 fuit
1064 5183 1229 5244 atque
1260 5174 1547 5239 celebrior.
1585 5178 1838 5247 adjuncto
1864 5183 2027 5236 etiam

439 5271 630 5324 ‘tnedio
668 5269 733 5323 ad
762 5270 905 5338 quod
958 5283 1126 5336 usque
1167 5268 1412 5325 sublatus
1448 5272 1547 5325 fuit
1582 5289 1595 5324 :
1630 5289 1752 5326 natu
1785 5288 1906 5328 cum
1941 5290 2028 5331 se-

2137 4645 2230 4693 τος
2267 4632 2494 4704 πυρίνου
2533 4635 2614 4697 είς
2650 4634 2712 4688 τὸ
2747 4635 2880 4706 ὕψος
2922 4639 3152 4712 ἀνήχθη,
3185 4642 3367 4713 ᾄδεται
3412 4654 3711 4724 πανταχοῦ,

2141 4722 2236 4775 καὶ
2274 4723 2408 4777 πολὺ
2447 4724 2540 4779 τοῦ
2578 4725 2855 4797 θαύματος
2901 4729 2977 4800 τῷ
3011 4730 3112 4803 βίῳ
3150 4735 3431 4791 κατέλιπε·
3462 4722 3628 4816 μέχρι
3655 4748 3709 4803 δὲ

2141 4815 2308 4869 πόσου
2336 4815 2600 4887 ἔφθασεν,
2630 4820 2806 4885 οὐδεὶς
2842 4823 3155 4895 ἡρμήνευσε
3185 4825 3360 4897 λόγος.
3399 4815 3584 4905 Τυχὸν
3602 4840 3709 4914 γὰρ

2140 4908 2236 4962 καὶ
2263 4908 2441 4978 ὀλίγον
2483 4911 2582 4998 τῇς
2613 4912 2717 4983 γῆς
2750 4914 3008 4986 ἐπαρθεὶς
3036 4917 3187 4990 παρά
3220 4920 3320 4992 τῆς
3350 4924 3588 4999 ἀγούσης
3614 4908 3707 4987 δυ’.

2136 4998 2372 5069 νάμεως,
2398 4991 2633 5074 ἀπεδόθη
2655 5003 2733 5076 τῷ
2750 5006 2920 5076 τόπῳ,
2948 5004 3007 5058 ὃν
3036 5005 3224 5079 ἔλαχεν
3248 4991 3705 5076 κατοικείνίΠαύ-

2136 5089 2229 5144 λου
2259 5091 2373 5162 δὲή
2408 5094 2731 5163 μετάθεσις,
2767 5100 2861 5154 ἐπὶ
2905 5102 3066 5158 πλέον
3108 5107 3322 5175 ἐγένετο
3357 5108 3704 5188 λαμπροτέρα

2135 5184 2229 5238 καὶ
2257 5185 2508 5258 εὐκλεὴς,
2542 5192 2942 5262 προσκειμένου
2969 5197 3064 5249 καὶ
3100 5199 3195 5252 τοῦ
3226 5199 3446 5273 μέτρου,
3473 5204 3557 5273 ἐφ’
3585 5184 3703 5260 ὅσον

2132 5274 2362 5347 ἀνήχθη.
2397 5279 2567 5334 Ἐπτά
2600 5281 2709 5355 γάρ
2739 5285 2986 5357 οὐρανῶν
3008 5287 3301 5361 ᾀδομένων,
3327 5295 3525 5366 μικροῦ
3566 5296 3699 5351 δέον-

440 5371 593 5430 ptem
625 5360 971 5415 celebrentur
992 5360 1137 5425 caeli,
1177 5376 1365 5427 parum
1410 5362 1563 5418 abest
1594 5374 1652 5417 ut
1692 5378 1759 5443 ne
1790 5366 2021 5421 medimn

2142 5386 2221 5432 ιος
2274 5371 2500 5441 ἀφίκετο
2546 5374 2641 5429 τοῦ
2675 5378 2921 5448 ήμίσεος.
2962 5382 3072 5436 Καί
3107 5360 3197 5455 μοι
3240 5360 3441 5440 λοιπὸν-
3471 5388 3698 5460 Ἑϐραῖοι

437 5461 730 5508 :assecutus
763 5452 857 5505 sit.
889 5449 1008 5505 Jam
1042 5451 1173 5505 mihi
1208 5451 1414 5509 llebrmi
1444 5469 1663 5511 sensmn
1696 5458 2023 5527 deprimant,

439 5557 703 5614 magnum
740 5541 870 5611 quid
900 5542 965 5598 de
998 5540 1179 5613 Moyse
1219 5543 1534 5614 gloriantes,
1567 5550 1710 5617 quod
1748 5552 1896 5607 solus
1930 5568 2024 5608 ua-

521 5741 569 5773 "
599 5771 610 5793 ι
637 5741 761 5797 Cor.
796 5755 871 5805 ιι,
897 5739 951 5795 4.

2130 5462 2584 5520 καταϐαλέτωσαν
2646 5469 2741 5523 τοῦ
2798 5475 3164 5545 φρονήματος,
3208 5479 3299 5532 ἐπὶ
3360 5480 3438 5551 τῷ
3494 5484 3693 5555 Μωῡοῇ

2134 5554 2274 5625 μέγα
2296 5557 2636 5629 φρονοῦντες,
2673 5561 2754 5617 ὅτι
2780 5564 2940 5635 μόνος
2972 5567 3077 5633 ἕως
3096 5569 3194 5639 τῆς
3226 5570 3473 5644 κορυφῆς
3503 5554 3689 5644 ἔφθασε
