3820 6340
92 288 182 344 9.97
988 285 1273 342 HOMILIA
1313 285 1447 344 VIII.
1491 286 1559 343 IN
1600 287 1702 344 SS.
1740 287 2031 351 PETRUM
2069 293 2159 348 ET
2202 291 2513 349 PAULUM.

3261 291 3370 350 ἓθὸ

95 410 175 465 τοῦ
202 409 367 475 Σινᾷ
397 410 496 465 καὶ
532 410 686 474 ἐντὸς
729 410 943 479 ἐγένετο
986 406 1080 463 τοῦ
1115 408 1317 479 γνόφου
1344 410 1441 465 καὶ
1464 410 1573 466 τῶν
1597 428 1683 464 νε-

1805 428 1892 484 lue
1918 415 1987 471 ad
2021 415 2281 472 verticem
2333 415 2464 471 Sina
2512 417 2855 485 pervenerit,
2892 416 3142 485 intraque
3182 414 3368 484 caligi-

97 503 216 573 ςνῶν.
240 502 479 566 Παῦλος
510 505 612 575 μὲν
635 505 665 556 ό
697 502 851 574 ἐμὸς,
878 501 998 556 ἀντὶ
1023 502 1122 573 μὲν
1148 503 1328 575 ὅρους,
1355 503 1491 579 πρὸς
1521 504 1684 577 οὐρα-

98 599 173 649 νὸν
200 595 466 664 ἀνῆλθεν·
501 596 625 650 ἀντὶ⁵
647 595 705 648 δὲ
736 593 985 665 νεφέλης,
1021 594 1277 649 ἐπέκεινα
1300 595 1397 651 τοῦ
1429 596 1571 667 ὑπὲρ
1595 597 1685 650 νέ-

100 704 214 756 ᾳους
258 685 435 757 ἀέρος
490 687 714 757 ἦλασεν.
770 686 883 739 Καὶ
927 685 1072 755 μάλα
1100 685 1347 751 εἰκότως.
1388 688 1537 742 Ἔδει
1575 689 1683 763 γάρ

98 778 175 831 τὸν
228 778 388 831 κατά
461 777 701 849 Χριστὸν
768 776 1080 849 ἄνθρωπον,
1146 778 1407 834 ⁶τοσοῦτον
1463 779 1685 852 νικῆσαι

99 871 347 939 Μωῦσέα,
401 872 532 926 ὅσον
586 870 647 924 τὸ
693 869 1030 941 Εὐαγγέλιον
1084 870 1405 942 ὑπερὸαίνει
1459 872 1553 929 τὸν
1598 872 1685 926 νόσ-

102 981 201 1032 μον.

74 1108 79 1113 ,
166 1055 252 1108 Ἐν
274 1054 339 1109 δὲ
366 1057 491 1119 ταῖς
516 1053 867 1124 θεοφανείαις
893 1056 989 1110 καὶ
1013 1061 1128 1124 τοῖς
1154 1057 1306 1131 παρὰ
1327 1057 1462 1111 Θεοῦ
1495 1056 1687 1111 λαλουο

102 1148 291 1217 μένοις,
342 1148 445 1200 καὶ
493 1147 641 1211 ὅπως
693 1146 978 1217 δεδεμένος
1029 1150 1242 1211 ἐλύετο,
1304 1151 1399 1205 καὶ
1460 1148 1686 1221 ἀθυμῶν

101 1240 498 1313 ὲπρῤὠννυτο,
526 1238 680 1310 ῦπαρ
702 1241 798 1294 καὶ
830 1241 964 1312 ὄναρ
990 1241 1139 1309 αὐτῷ
1168 1240 1263 1295 τοῦ
1292 1241 1428 1296 Θεοῦ
1472 1257 1687 1313 χρημα-

106 1331 353 1393 τίζοντος,
384 1330 441 1382 τί
476 1329 557 1382 δεῖ
580 1329 675 1383 καὶ
688 1329 887 1399 λέγειν,
912 1332 1073 1385 ὁπότε
1099 1333 1221 1386 οὐδὲ
1246 1333 1407 1397 αὐτὸς
1435 1333 1535 1404 τὴν
1562 1334 1689 1388 ἐαυ-

106 1418 371 1491 ωῦχάριν
400 1418 751 1490 ἀπέκρυψεν,
786 1420 924 1475 ἀλλά
960 1426 1128 1478 πᾶσιν
1156 1423 1295 1494 ὁμοῦ
1355 1423 1542 1493 σαφῶς
1577 1424 1687 1478 ἀπ-

106 1511 385 1580 εκάλικιίεν,
412 1510 591 1565 εἰπών
610 1527 624 1541 ⁸
660 1514 732 1567 El
771 1512 1030 1583 δοκιμὴν
1062 1514 1284 1584 ζητεῖτε
1327 1514 1434 1573 τοῦ
1449 1515 1521 1571 ἐν
1551 1516 1685 1586 ἐμοὶ

110 1602 435 1669 λαλοῦντος
444 1602 731 1672 Χριστοῦ;
742 1602 803 1658 Οἱ
825 1604 925 1676 μὲν
940 1605 1049 1678 γὰρ
1063 1606 1213 1661 ἄλλοι
1225 1606 1469 1672 τῶν,εἴτε
1485 1624 1692 1680 προφη-

106 1694 348 1759 abacti-3
365 1694 688 1750 ἀποστόλων
721 1695 1144 1768 ἐμπροθέσμους
1160 1695 1307 1770 εἶχον
1328 1698 1691 1771 καὶχρονικάς
1725 1735 1729 1738 ν

1786 520 1908 561 nem
1945 522 2009 564 ac
2039 508 2209 565 nubes
2228 510 2545 578 penetrarit.
2575 508 2726 565 Meus
2751 524 2885 566 sane
2908 507 3132 574 Paulus,
3167 508 3368 562 montis

1785 597 2002 666 quidem
2034 599 2174 665 loco,
2208 601 2276 653 ad
2321 599 2518 681 caelum
2552 601 2830 656 ascendit:
2886 599 3005 657 loco
3056 610 3236 654 autem
3271 613 3368 652 ne-

1785 687 1944 757 bulte,
1986 704 2149 760 supra
2194 705 2379 746 aerem
2427 691 2668 749 nubibus
2711 692 2996 748 celsiorem
3045 691 3241 746 evasit.
3287 690 3369 745 Ac

1786 779 1948 848 plane
1988 781 2208 836 merito.
2242 780 2479 838 Decebat
2506 782 2650 837 enim
2684 782 2888 838 Christi
2938 783 3213 838 hominem
3246 792 3369 836 tan-

1788 883 1902 926 tum
1946 870 2167 944 Moysen
2201 887 2486 944 superare,
2515 884 2721 946 quanto
2762 872 3107 945 Evangelium
3142 874 3367 946 praecel-

1786 963 1852 1019 lit
1884 962 2083 1036 legem.

1866 1053 1925 1109 In
1955 1055 2152 1110 divinis
2182 1065 2361 1111 autem
2402 1056 2830 1125 apparitionibus
2853 1098 2867 1120 ,
2904 1056 3105 1127 Deique
3142 1056 3210 1111 ad
3242 1072 3366 1113 eum

1788 1146 2156 1212 sermonibus,
2181 1157 2347 1217 utque
2382 1147 2597 1203 vinctus
2628 1148 3047 1215 solveretur,ac
3076 1151 3248 1206 tristis
3275 1153 3371 1207 de-

1789 1238 2039 1309 feetoque
2098 1240 2281 1294 animo
2322 1242 2770 1296 corroboraretur
2797 1281 2815 1305 ,
2866 1246 3224 1312 respondente
3261 1244 3370 1298 Deo

1790 1347 1914 1389 cum
1938 1332 1992 1388 in
2027 1333 2233 1403 vigilia,
2262 1343 2372 1388 tum
2408 1333 2465 1389 in
2494 1336 2723 1401 somnis,
2751 1337 2878 1404 quid
2901 1338 3180 1392 enimvero
3204 1337 3368 1393 etiam

1790 1442 1925 1496 opus
1961 1426 2162 1493 dicere,
2188 1441 2311 1481 cum
2342 1442 2443 1482 nec
2472 1427 2562 1482 ille
2606 1427 2719 1497 ipse
2763 1431 2990 1499 gratiam
3034 1429 3181 1483 illam
3216 1444 3371 1485 suam

1790 1519 2007 1574 silentio
2040 1518 2324 1589 presserit,
2352 1521 2449 1575 sed
2481 1520 2641 1577 simul
2663 1520 2917 1575 omnibus
2943 1521 3144 1592 liquido
3166 1521 3372 1577 revela-

1790 1610 1953 1675 verit,
2002 1610 2227 1666 dicens:
2269 1609 2354 1665 An
2408 1611 2819 1676 experimentum
2869 1611 3108 1681 qua'rilis
3133 1610 3248 1680 ejus
3279 1611 3371 1681 qui

1792 1700 2026 1772 loquitur
2064 1702 2222 1757 inme
2257 1700 2504 1757 Christus
2541 1701 2622 1755 ”?
2668 1703 2774 1757 Alii
2824 1704 3039 1773 quidem
3093 1718 3218 1758 cum
3249 1718 3374 1772 pro-

106 1785 420 1850 τάςάνωθεν
449 1787 773 1858 ἐνεργείας·
827 1788 924 1842 καὶ
975 1788 1108 1842 ποτὲ
1141 1788 1243 1861 μὲν
1274 1790 1460 1854 αὐτοῖς
1512 1783 1677 1861 συνῆν

1805 1792 1985 1861 theta,
2017 1801 2131 1846 tum
2178 1791 2430 1860 apostoli,
2480 1792 2646 1848 certis
2673 1793 2992 1862 quibusdam
3043 1794 3375 1863 temporibus

110 1879 163 1930 τὸ
176 1880 356 1943 Θείον,
381 1879 519 1932 ποτε
542 1879 599 1933 δὲ
631 1879 726 1934 καὶ
740 1878 802 1933 οὐ
823 1882 1026 1953 παρῆν.
1054 1881 1112 1935 Ὀ
1133 1881 1191 1935 δὲ
1206 1880 1494 1946 θεσπέσιος
1509 1875 1685 1948 οὗτος,

111 1970 289 2043 ὥσπερ
309 1968 467 2035 ἅπαξ
494 1970 621 2034 ναὸς
651 1969 730 2023 ὣν
761 1969 1040 2043 ἐξαίρετος
1068 1971 1166 2025 τοῦ
1201 1971 1337 2025 Θεοῦ
1365 1972 1691 2044 ἀποκληρω-

109 2063 209 2126 tisi;
246 2062 401 2134 αὐτῴ
451 2062 589 2135 πρὸς
627 2062 926 2135 ἐνοίκησιν,
979 2063 1153 2128 οὕτως
1199 2064 1288 2119 ἀεὶ
1334 2064 1426 2118 τὸν
1458 2066 1690 2135 Χριστὸν

110 2152 231 2227 εἶχε,
256 2158 356 2210 καὶ
384 2156 586 2228 βουλῆς
608 2157 864 2229 εὑρετὴν,
896 2158 992 2212 καὶ
1015 2157 1189 2237 λόγον
1224 2156 1563 2224 διδάσκαλον,
1598 2159 1693 2213 καὶ

112 2248 358 2320 συνεργὸν
401 2247 515 2303 τῶν
559 2248 927 2320 πραγμάτων.
970 2249 1082 2304 Καὶ
1122 2250 1370 2320 Ἰωάννης
1402 2250 1501 2320 μὲν
1539 2252 1568 2304 ὁ
1598 2248 1692 2303 τοῦ

111 2341 384 2396 Ζεδεδαίου
428 2341 605 2412 μέγας
655 2341 856 2408 ἔδοξεν,
896 2343 980 2396 ὃτι
1027 2341 1182 2413 παρά
1207 2343 1335 2406 τοὺς
1367 2341 1559 2406 ἄλλους
1590 2359 1694 2413 μα-

112 2434 268 2505 θητας
297 2433 526 2506 θαρρῶν
552 2433 632 2505 τῷ
653 2435 866 2507 Κυρίῳ,
892 2434 985 2487 ἐπὶ
1031 2433 1125 2488 τοῦ
1154 2433 1385 2507 στήθους
1410 2432 1577 2488 αὐτοῦ
1604 2435 1696 2489 ἀν-

116 2527 376 2581 επαύετοο
414 2526 515 2580 καὶ
558 2526 650 2581 διὰ
686 2525 848 2581 τοῦτο
883 2526 1121 2599 μάλιστα
1152 2526 1309 2599 παρὰ
1331 2528 1497 2582 πᾶσίν
1544 2530 1693 2583 ἐστιν

114 2619 367 2691 ἀοίδιμος.
395 2610 571 2683 οὗτος
595 2620 675 2682 δὲ,
712 2618 835 2683 πῶς
863 2619 964 2674 οὐκ
998 2618 1065 2673 ἂν
1093 2620 1188 2672 καὶ
1228 2619 1370 2691 ὑπὲρ
1411 2619 1698 2692 ἄνθρωπον

116 2710 384 2781 νομισθείη
415 2710 669 2777 δικαίως,
701 2710 761 2774 ὃς
784 2727 871 2781 γε,
897 2710 960 2764 οὐ
985 2711 1079 2765 τὸν
1111 2712 1170 2764 ὲν
1200 2710 1415 2781 σώματι
1458 2709 1696 2783 Ἰησοῦν,

263 2804 358 2858 τὸν
385 2802 594 2874 γυμνὸν
615 2804 719 2876 τῆς
752 2804 957 2875 σαρκὸς
1015 2803 1189 2872 Λόγον
1216 2802 1340 2856 καθ’
1365 2803 1580 2875 ἡμέραν
1605 2804 1696 2857 ἀν-

120 2896 330 2961 έπαυεν,
349 2895 546 2961 σκεῦος
571 2894 874 2968 εὔχρηστον
901 2898 995 2951 καὶ
1014 2895 1255 2968 καθαρὸν
1278 2896 1470 2950 ἑαυτὸν
1491 2895 1572 2968 τῷ
1595 2899 1700 2967 Δη-

122 2988 360 3059 μιουργῷ
399 2989 794 3060 καταστήσας;
827 2991 1010 3060 Ἐχων
1051 2989 1110 3044 δὲ
1144 2989 1316 3043 πολλά
1363 2989 1459 3043 καὶ
1503 3006 1703 3042 παντο-

122 3080 252 3133 δαπά
281 3081 488 3149 λέγειν,
537 3080 636 3134 ὅσα
667 3082 697 3133 ό
733 3080 1023 3145 θεσπέσιος
1072 3073 1226 3144 οὗτος
1278 3081 1458 3136 πάντα
1489 3081 1584 3133 τὸν
1611 3080 1702 3134 κό-

130 3189 247 3242 :pm
272 3172 546 3225 παιδεύων
579 3168 698 3225 εἷπε
731 3171 828 3226 καὶ
858 3170 1113 3244 ἔπραξεν,
1143 3173 1236 3225 ἐπὶ
1254 3172 1360 3243 γῆς
1386 3171 1481 3225 καὶ
1503 3170 1701 3224 θαλάσ-

128 3281 237 3334 σης,
290 3267 348 3318 ἐν
409 3265 804 3335 δικαστηρίοις,
852 3266 910 3318 ὲν
963 3265 1215 3336 ἀγοραῖς,
1270 3267 1328 3318 ὲν
1372 3264 1588 3336 δήμοις,
1641 3266 1700 3317 ὲν

124 3353 423 3425 ἀγορεῦσιν,
450 3355 510 3406 ὲν
530 3354 722 3419 αὐλαῖς
747 3354 1030 3425 βασιλέων,
1061 3354 1201 3409 ἑκὼν
1236 3355 1549 3428 ὑπερϐαίνω
1564 3353 1700 3426 πρὸς

126 3445 186 3498 τὺ
211 3446 423 3518 πλῆθος.
456 3445 595 3501 Οὔτε
623 3447 734 3518 γάρ
758 3448 1083 3519 συγγραφὴν
1109 3446 1427 3519 προύθέμην
1475 3445 1709 3515 πονῆσαι

128 3537 230 3590 τῶν
262 3541 453 3609 ἐκείνῳ
505 3538 985 3611 κατωρθωμένων,
1025 3540 1114 3594 ἵνα
1155 3538 1315 3611 λείπῃ
1358 3538 1546 3610 μηδὲν,
1592 3537 1708 3590 ἀλλ’

131 3627 848 3704 εὗῃμξανράνεργάσασθαι,
903 3631 999 3684 καὶ
1026 3630 1248 3701 ταύτην,
1280 3629 1366 3699 ἐφ’
1396 3629 1520 3683 ὅσον
1543 3629 1577 3701 ἡ
1601 3627 1709 3698 ἐμὴ

131 3720 345 3792 δύναμις
381 3724 698 3791 ἐξικνεῖται.
742 3722 891 3787 Ἐνὸς
937 3722 996 3777 δὲ
1035 3724 1199 3795 μόνου
1242 3722 1338 3777 τοῦ
1394 3720 1709 3776 τελευταίου

140 3816 402 3886 μνησθεὶς,
431 3815 776 3870 καταπαύσω
806 3814 897 3869 τὸν
928 3815 1110 3885 λόγον.

1792 1899 1856 1941 ac
1888 1886 2176 1942 momentis
2227 1885 2479 1942 deﬁnitas
2504 1886 2776 1943 habebant
2801 1902 3066 1957 supernas
3101 1887 3374 1957 dperatio-

1794 1990 1910 2043 nes,
1941 1989 2009 2031 ac
2036 1975 2197 2032 modo
2253 1975 2360 2031 illis
2418 1975 2658 2031 divinum
2705 1976 2894 2032 aderat
2931 1975 3162 2042 Numen,
3215 1977 3375 2034 modo

1793 2066 1955 2121 etiam
1988 2066 2196 2122 aberat.
2241 2066 2342 2123 Hic
2373 2077 2553 2122 autem
2583 2068 2667 2122 vir
2710 2067 3067 2133 admirabilis,
3116 2079 3373 2139 tanquam

1795 2157 1961 2213 semel
2005 2156 2098 2214 Dei
2126 2158 2403 2227 peculiare
2428 2157 2685 2227 templum
2717 2157 2817 2227 ipsi
2858 2159 2924 2212 ad
2964 2159 3372 2213 inhabitandam

1795 2250 2062 2305 delectum
2094 2250 2561 2333 destinatumque,
2580 2250 2660 2305 sic
2689 2265 2902 2320 semper
2939 2251 3171 2307 habebat
3215 2250 3377 2307 Chri-

1795 2351 1960 2407 stum,
2000 2358 2122 2398 cum
2147 2342 2358 2399 consilii
2390 2343 2747 2407 inventorem,
2775 2355 2886 2397 tum
2915 2358 3226 2398 sermonum
3259 2333 3387 2400 ma:

1797 2432 2061 2501 gistrum,
2110 2442 2222 2489 tum
2256 2434 2488 2505 denique
2531 2449 2753 2504 operum
2793 2434 3114 2506 adjutorem.
3147 2436 3227 2491 Ac
3250 2436 3375 2507 qui-

1799 2526 1920 2581 dem
1942 2523 2181 2582 Joannes
2208 2526 2453 2582 Zebedzei
2482 2526 2624 2581 ﬁlius
2654 2542 2880 2596 magnus
2921 2528 3071 2583 visus
3098 2538 3204 2592 est,
3232 2529 3378 2598 quod

1800 2615 1991 2684 majori
2050 2631 2163 2687 prae
2217 2610 2507 2686 discipulis
2557 2617 2677 2671 aliis
2714 2617 2783 2671 ad
2822 2616 3103 2673 Dominum
3160 2619 3376 2683 ﬁducia,

1801 2723 1964 2780 supra
1991 2708 2110 2779 ejus
2135 2718 2324 2780 pectus
2356 2709 2665 2764 recubuerit
2694 2709 2737 2745 η
2764 2726 2777 2761 :
2817 2709 3170 2778 quamobrem
3201 2710 3378 2764 maxi-

1801 2817 1888 2859 me
1917 2802 2061 2870 apud
2089 2814 2279 2857 omnes
2312 2802 2491 2857 clarus
2521 2801 2749 2857 habetur
2795 2812 2958 2871 atque
2985 2800 3236 2857 celebris.
3281 2801 3382 2857 Hic

1803 2903 2008 2958 autem,
2043 2893 2136 2963 qui
2165 2907 2276 2948 non
2301 2892 2426 2960 jure
2456 2893 2689 2947 humana
2725 2891 2901 2963 major
2925 2893 3236 2949 conditione
3279 2894 3382 2949 ha-

1804 2988 2015 3049 beatur,
2060 2985 2152 3055 qui
2178 2986 2433 3039 nimirum
2468 3001 2575 3040 non
2627 2985 2807 3040 Iesum
2859 2986 2911 3041 in
2967 2999 3229 3055 corpore,
3287 2988 3382 3043 sed

1806 3079 2006 3134 nudum
2031 3093 2193 3133 carne
2223 3077 2453 3132 Verbum
2484 3077 2723 3147 quotidie
2748 3076 3018 3141 reticeret,
3042 3093 3140 3134 vas
3166 3092 3226 3133 se
3251 3077 3385 3133 utile

1806 3187 1869 3225 ac
1893 3170 2148 3225 mundum
2174 3180 2436 3241 praestans
2457 3168 2770 3225 Conditori?
2795 3169 3058 3225 Caeterum
3089 3184 3210 3224 cum
3232 3169 3385 3240 plura

1810 3276 1872 3316 ac
1907 3261 2087 3316 omnis
2114 3263 2329 3331 generis
2357 3260 2505 3314 varia
2531 3260 2660 3314 mihi
2721 3260 2949 3316 dicenda
2984 3263 3180 3325 forent,
3237 3276 3386 3330 qua:-

1806 3366 2018 3421 cunque
2050 3351 2303 3405 nimirum
2328 3351 2408 3404 vir
2434 3350 2520 3405 hic
2542 3352 2756 3405 divinus
2787 3353 3041 3407 mundum
3072 3352 3383 3409 universum

1812 3443 2032 3508 docens,
2060 3441 2196 3496 dixit
2222 3440 2477 3510 fecitque,
2508 3451 2647 3497 terra
2672 3442 2874 3511 pariter
2897 3458 2961 3498 ac
3013 3444 3180 3508 mari;
3213 3444 3268 3500 in
3297 3443 3386 3515 ju-

1813 3532 1968 3588 diciis
1997 3546 2062 3585 ac
2085 3529 2464 3593 tribunalibus,
2510 3530 2563 3584 in
2595 3529 2747 3595 foris,
2791 3531 2843 3584 in
2873 3531 3104 3602 populis,
3142 3533 3197 3587 in
3247 3546 3384 3588 con-

1812 3626 2077 3687 cionibus,
2118 3623 2172 3677 in
2202 3637 2387 3692 regum
2411 3620 2572 3686 aulis,
2608 3633 2797 3691 sponte
2822 3632 3086 3691 praetereo
3126 3637 3238 3693 prae
3267 3622 3389 3678 illo-

1810 3732 1929 3771 rum
1962 3724 2107 3769 tanta
2129 3711 2491 3766 multitudine.
2515 3709 2624 3766 Nec
2644 3713 2786 3767 enim
2816 3714 3166 3769 constitutum
3189 3712 3386 3782 habeo,

1812 3815 1873 3860 ut
1904 3818 2085 3859 rerum
2120 3801 2189 3856 ab
2209 3816 2275 3857 eo
2297 3800 2554 3871 preat-lare
2607 3811 2883 3872 gestarum
2936 3803 3387 3858 commentarium

137 3907 454 3972 elucubrem,
505 3910 661 3962 itaut
693 3909 827 3962 nihil
865 3908 1029 3974 desit,
1052 3908 1146 3963 sed
1177 3918 1233 3962 ut
1261 3916 1546 3963 conteram
1594 3900 1996 3963 laudationem;
2053 3907 2304 3963 eamque,
2339 3906 2438 3962 pro
2494 3892 2633 3947 virili
2687 3900 2895 3947 tantum
2954 3909 3072 3949 mea
3107 3893 3421 3951 facultate.-

141 3996 383 4063 Quocirca
411 3999 498 4054 ubi
523 4015 689 4054 unum
723 4001 985 4053 duntaxat
1005 4009 1336 4067 postremum
1354 4009 1699 4067 suggessero,
1742 3992 1936 4046 faciam
1960 3986 2170 4041 dicendi
2202 3984 2381 4040 linem.

214 4090 421 4162 Ἐπειδὴ
453 4090 567 4161 γὰρ
595 4090 781 4143 πᾶσαν
815 4087 1182 4159 ἐκπεριελθὼν
1209 4088 1310 4159 τὴν
1359 4085 1703 4157 οἰκουμένην,

1882 4077 2170 4146 Postquam
2191 4074 2334 4130 enim
2366 4074 2673 4129 universum
2700 4072 3122 4145 circumquaque
3151 4074 3390 4131 lustrans

144 4183 222 4235 καὶ
241 4182 353 4246 θεὶς
380 4183 476 4236 ἐπὶ
505 4182 607 4253 τῆς
631 4181 853 4253 λυχνίας
878 4179 972 4234 τὸν
997 4179 1176 4251 λόγον,
1216 4179 1391 4251 μέγαν
1414 4176 1587 4247 ἀνῆψε
1608 4174 1703 4246 τῆς

1805 4170 2015 4229 orbem.
2040 4182 2105 4222 ac
2132 4180 2437 4221 sermonem
2466 4180 2629 4235 super
2659 4165 3037 4221 candelabrum
3062 4181 3290 4236 ponens,
3317 4168 3394 4222 in.

143 4275 483 4346 εὖαγγελικῆς
534 4274 795 4343 γνώσεως
846 4272 939 4326 τὸν
990 4272 1218 4343 πυρσὸν,
1287 4270 1516 4341 ἀφίκετο
1572 4267 1703 4340 πρὸς

1806 4269 2022 4333 gentem
2046 4256 2366 4328 evangelica:
2382 4256 2702 4321 cognitionis
2725 4270 2788 4310 ac
2799 4254 3037 4310 scientia:
3059 4256 3394 4314 accendisset

152 4361 457 4435 Ῥωμαίους,
484 4364 562 4427 ὠς
581 4362 975 4434 βασιλεύουσαν
999 4362 1173 4429 πόλιν,
1198 4361 1287 4416 ἴνα
1306 4362 1433 4424 τοὺς
1454 4358 1703 4432 κρατοῦν·

1812 4352 2015 4422 ignem,
2049 4348 2300 4415 Romam,
2319 4347 2524 4418 regiam
2547 4347 2734 4402 urbem
2763 4347 2991 4416 petit,ut
3012 4349 3393 4405 universorum

142 4471 226 4518 τας
279 4455 390 4510 τῶν
459 4455 684 4508 πάντων
750 4452 1054 4525 ἀνθρώπων
1115 4452 1555 4524 μυσταγωγήσας
1618 4449 1716 4502 καὶ

143 4547 336 4613 πείσας,
381 4547 480 4601 καὶ
520 4546 865 4619 κτησάμενος
905 4545 1177 4617 μαθητὰς,
1214 4546 1280 4597 ὲκ
1315 4543 1409 4596 τοῦ
1435 4541 1716 4613 περιόντος

140 4641 433 4706 τοῖςάλλοις
460 4637 772 4709 ἀνθρώποις
802 4637 1185 4709 προσομιλοίη.
1206 4635 1397 4708 Εὑρὼν
1423 4634 1480 4687 δὲ
1509 4634 1604 4686 καὶ
1627 4631 1717 4685 τὸν

144 4732 331 4803 Πέτρον
356 4733 496 4793 ἐκεῖ,
526 4730 629 4800 τῆς
658 4730 829 4801 αὐτῆς
859 4729 1101 4800 ἐργάτηι
1135 4727 1391 4797 σπουδῆς.
1430 4725 1526 4778 καὶ
1567 4724 1718 4795 ἱεράν

141 4840 248 4878 τινα
266 4827 361 4878 καὶ
394 4824 580 4877 ἔνθεον
621 4821 889 4892 ξυνωρίδα
927 4820 1277 4891 ζευξάμενος,
1302 4820 1358 4870 ὲν
1377 4819 1719 4884 συναγωγαῖς

144 4919 254 4982 τοὺς
280 4918 387 4971 ὑπὸ
412 4917 581 4988 νόμον
601 4914 940 4979 ἐπαίδευσεν,
968 4916 1029 4967 ἐν
1064 4913 1295 4983 ἀγοραῖς
1317 4911 1444 4972 τοὺς
1474 4908 1719 4971 ὲθνικοὺς

146 5011 473 5080 spes-excito
488 5024 503 5039 ·
533 5007 629 5061 καῖ.
658 5005 900 5069 ποικίλος
924 5002 993 5075 ἦν
1014 5003 1124 5056 τῶν
1146 5001 1368 5070 ἀγαθῶν
1384 4999 1719 5062 διδάσκαλος,

147 5099 269 5152 Θεοῦ
289 5099 492 5168 γνῶσιν
524 5095 846 5168 ἐμφανίζων
867 5098 966 5167 τὴν
990 5093 1240 5164 καθαρὰν
1274 5091 1370 5144 καὶ
1409 5089 1720 5159 ἀκίϐδηλον,

149 5190 328 5262 ﬁliai};
367 5189 573 5263 ἀρετῆς
616 5188 848 5251 κανόνας
901 5184 1246 5258 θεσμοθετῶν
1289 5181 1576 5255 ἀκριϐεῖς,
1618 5182 1725 5234 ἀπ-

155 5281 372 5337 ελαύνων
419 5284 615 5354 πόρρω
646 5280 758 5334 τῶν
788 5277 1092 5349 ἀνθρώπων
1129 5276 1347 5348 χορείας
1376 5274 1470 5326 καὶ
1504 5272 1675 5343 μέθην
1700 5311 1716 5335 ,

157 5377 237 5428 καὶ
255 5378 428 5429 πᾶσαν
452 5377 556 5446 τὴν
580 5372 882 5427 ἀκόλαστον
909 5370 1263 5444 ἡδυπάθειαν,
1362 5366 1595 5437 μάλιστα
1625 5366 1720 5417 καὶ

157 5466 207 5518 τὶ
228 5466 418 5539 πλῆθος
453 5464 624 5531 ἅπαν,
660 5465 756 5519 καὶ
787 5466 816 5518 ό
845 5463 966 5517 τότε
996 5460 1249 5534 βασιλεὺς
1282 5457 1540 5528 ἐνείχετο.
1563 5454 1717 5509 Καθ-

159 5557 314 5629 ήψατο
334 5560 443 5633 γὰρ
465 5556 720 5630 σφοδρῶς
761 5554 856 5611 τοῦ
892 5554 1145 5618 Νέρωνος
1177 5556 1211 5624 ἡ
1245 5553 1345 5624 τῆς
1371 5549 1602 5622 ἀρίστης
1626 5547 1722 5602 καὶ

228 5760 265 5796 ⁸⁸
288 5761 327 5818 II
362 5761 487 5816 Cor.
524 5776 644 5825 xm,
676 5759 732 5812 3.
810 5756 853 5788 ¹¹
882 5753 1036 5810 Joan.
1070 5766 1190 5820 xm,
1222 5749 1315 5807 25.

386 5858 665 5918 Ριτιιοι..
702 5851 821 5912 GR.
872 5847 996 5912 XL.

1814 4442 2060 4497 dominos
2096 4441 2331 4509 docens,
2383 4452 2446 4491 ac
2498 4438 2552 4491 in
2583 4437 2905 4493 sententiam
2958 4452 3180 4505 cogens.
3230 4437 3397 4510 inque

1817 4531 2110 4600 discipulos
2158 4531 2427 4593 obtinens,
2481 4543 2545 4581 ex
2596 4528 2888 4582 abundanti
2933 4527 3240 4583 horninibus
3268 4528 3394 4584 reli-
3500 4536 3504 4540 '

1818 4624 1942 4693 quis
1971 4621 2416 4690 congrederetur.
2442 4619 2576 4675 Cum
2600 4628 2780 4672 autem
2820 4617 2930 4674 illic
2975 4633 3190 4687 quoque
3238 4633 3395 4690 repe-

1819 4718 1982 4773 risset
2027 4713 2270 4778 Petrum,
2314 4712 2365 4765 in
2417 4711 2560 4767 idem
2591 4711 2770 4766 studio
2808 4710 3206 4767 incumbentem
3233 4725 3393 4781 opus,

1821 4819 2143 4876 sacramque
2191 4804 2480 4875 quamdam
2535 4818 2598 4859 ac
2629 4803 2864 4859 divinam
2894 4802 3071 4873 bigam
3110 4800 3392 4871 copulans,

1820 4915 1914 4955 eos
1944 4898 2038 4968 qui
2077 4908 2234 4951 erant
2269 4897 2369 4951 sub
2410 4896 2547 4965 lege,
2577 4896 2628 4950 in
2670 4896 2957 4966 synagogis
2984 4894 3231 4961 docebat,
3260 4911 3393 4967 gen-

1823 4993 1944 5049 tiles
1979 4993 2031 5046 in
2063 4991 2196 5046 loris
2221 4990 2554 5056 lucrabatur,
2578 5005 2643 5044 ac
2672 4988 2856 5046 varius
2886 4987 3103 5058 quidam
3131 4989 3395 5044 bonorum

1823 5086 2015 5141 doctor
2041 5093 2179 5151 erat,
2212 5097 2402 5155 puram
2438 5082 2531 5137 Dei
2562 5083 2940 5150 sinceramque
2984 5080 3266 5136 scientiam
3306 5080 3399 5136 de-

1824 5177 2059 5242 clarans,
2089 5175 2309 5231 moralis
2330 5174 2549 5230 virtutis
2574 5182 2859 5229 accuratas
2878 5172 3091 5244 regulas
3123 5173 3395 5237 sanciens,

1826 5269 2057 5325 choreas
2090 5282 2154 5323 ac
2181 5267 2524 5332 ebrietatem,
2551 5276 2874 5336 omnemque
2897 5265 3165 5320 luxuriam
3195 5279 3261 5321 ac
3286 5273 3403 5322 tur-

1825 5374 1947 5430 pem
1988 5358 2336 5428 voluptatem,
2367 5358 2455 5411 cui
2490 5356 2745 5422 maxime,
2785 5372 2908 5413 cum
2948 5356 3101 5428 plebs
3123 5358 3398 5423 universa,

1829 5462 1940 5503 tum
1974 5450 2019 5505 is
2055 5450 2145 5520 qui
2177 5463 2356 5504 rerum
2384 5448 2714 5519 potiebatur,
2747 5448 2911 5503 dediti
2946 5458 3122 5516 erant,
3170 5449 3240 5504 ab
3296 5450 3403 5504 hu-

1828 5558 1984 5599 mana
2006 5541 2193 5612 procul
2216 5540 2607 5598 consuetudine
2625 5540 2914 5611 depellens.
2937 5539 3095 5595 Gravi
3105 5551 3184 5597 ter
3205 5543 3404 5615 quiope

3052 5835 3121 5896 ιο
