  <div class='ocr_page' id='page_1' title='image "/cluster/home/n/w/nwhite01/storage/ocr_20150623/40/hvd.32044019207786/157.png"; bbox 0 0 3820 6332; ppageno 0'>
   <div class='ocr_carea' id='block_1_1' title="bbox 399 283 505 344">
    <p class='ocr_par' dir='ltr' id='par_1_1' title="bbox 399 283 505 344">
     <span class='ocr_line' id='line_1_1' title="bbox 399 283 505 344; baseline 0.009 -1"><span class='ocrx_word' id='word_1_1' title='bbox 399 283 505 344; x_wconf 71' lang='lat'><strong>9.99</strong></span> 
     </span>
    </p>
   </div>
   <div class='ocr_carea' id='block_1_2' title="bbox 1674 279 2395 346">
    <p class='ocr_par' dir='ltr' id='par_1_2' title="bbox 1674 279 2395 346">
     <span class='ocr_line' id='line_1_2' title="bbox 1674 279 2395 346; baseline 0.003 -4"><span class='ocrx_word' id='word_1_2' title='bbox 1674 284 1738 342; x_wconf 66' lang='lat' dir='ltr'><strong>&#39;S.</strong></span> <span class='ocrx_word' id='word_1_3' title='bbox 1780 279 2055 344; x_wconf 78' lang='lat' dir='ltr'><strong>ASTERII</strong></span> <span class='ocrx_word' id='word_1_4' title='bbox 2090 286 2395 346; x_wconf 82' lang='lat' dir='ltr'><strong>AMASENI</strong></span> 
     </span>
    </p>
   </div>
   <div class='ocr_carea' id='block_1_3' title="bbox 3558 292 3681 351">
    <p class='ocr_par' dir='ltr' id='par_1_3' title="bbox 3558 292 3681 351">
     <span class='ocr_line' id='line_1_3' title="bbox 3558 292 3681 351; baseline 0 0"><span class='ocrx_word' id='word_1_5' title='bbox 3558 292 3681 351; x_wconf 75' lang='lat'><strong>300</strong></span> 
     </span>
    </p>
   </div>
   <div class='ocr_carea' id='block_1_4' title="bbox 400 408 1960 499">
    <p class='ocr_par' dir='ltr' id='par_1_4' title="bbox 400 408 1960 482">
     <span class='ocr_line' id='line_1_4' title="bbox 400 408 1960 482; baseline 0 -17"><span class='ocrx_word' id='word_1_6' title='bbox 400 408 670 467; x_wconf 81' lang='lat' dir='ltr'><strong>Neronem</strong></span> <span class='ocrx_word' id='word_1_7' title='bbox 714 411 1034 481; x_wconf 75' lang='lat' dir='ltr'><strong>perstrinxit</strong></span> <span class='ocrx_word' id='word_1_8' title='bbox 1080 410 1298 482; x_wconf 69' lang='lat' dir='ltr'><strong>optimae</strong></span> <span class='ocrx_word' id='word_1_9' title='bbox 1332 419 1602 477; x_wconf 65' lang='lat' dir='ltr'><strong>castaeque</strong></span> <span class='ocrx_word' id='word_1_10' title='bbox 1633 410 1720 465; x_wconf 88' lang='lat' dir='ltr'><strong>illa</strong></span> <span class='ocrx_word' id='word_1_11' title='bbox 1752 424 1960 467; x_wconf 88' lang='lat' dir='ltr'><strong>conver-</strong></span> 
     </span>
    </p>
   </div>
   <div class='ocr_carea' id='block_1_5' title="bbox 2063 408 3717 499">
    <p class='ocr_par' dir='ltr' id='par_1_5' title="bbox 2085 410 3717 499">
     <span class='ocr_line' id='line_1_5' title="bbox 2085 410 3717 499; baseline 0.012 -40"><span class='ocrx_word' id='word_1_12' title='bbox 2085 410 2362 485; x_wconf 85' lang='grc' dir='ltr'>σώφρονος</span> <span class='ocrx_word' id='word_1_13' title='bbox 2406 411 2678 477; x_wconf 80' lang='grc' dir='ltr'><strong>πολιτείας</strong></span> <span class='ocrx_word' id='word_1_14' title='bbox 2723 412 3000 485; x_wconf 82' lang='grc' dir='ltr'>είσαγωγή</span> <span class='ocrx_word' id='word_1_15' title='bbox 3022 430 3036 444; x_wconf 88' lang='grc'><strong>·</strong></span> <span class='ocrx_word' id='word_1_16' title='bbox 3087 415 3181 468; x_wconf 73' lang='grc' dir='ltr'><strong>καὶ</strong></span> <span class='ocrx_word' id='word_1_17' title='bbox 3224 413 3386 469; x_wconf 80' lang='grc' dir='ltr'>πλέον</span> <span class='ocrx_word' id='word_1_18' title='bbox 3416 414 3717 499; x_wconf 36' lang='grc' dir='ltr'>ἀλγήσας,</span> 
     </span>
    </p>
   </div>
   <div class='ocr_carea' id='block_1_6' title="bbox 400 499 1983 571">
    <p class='ocr_par' dir='ltr' id='par_1_6' title="bbox 400 499 1983 571">
     <span class='ocr_line' id='line_1_6' title="bbox 400 499 1983 571; baseline -0.002 -14"><span class='ocrx_word' id='word_1_19' title='bbox 400 502 628 558; x_wconf 83' lang='lat' dir='ltr'><strong>sationis</strong></span> <span class='ocrx_word' id='word_1_20' title='bbox 655 502 971 569; x_wconf 88' lang='lat' dir='ltr'><strong>tusinuatio,</strong></span> <span class='ocrx_word' id='word_1_21' title='bbox 1022 501 1215 571; x_wconf 82' lang='lat' dir='ltr'><strong>majori</strong></span> <span class='ocrx_word' id='word_1_22' title='bbox 1247 517 1278 555; x_wconf 89' lang='lat' dir='ltr'><strong>a</strong></span> <span class='ocrx_word' id='word_1_23' title='bbox 1334 499 1656 555; x_wconf 74' lang='lat' dir='ltr'><strong>labefactata</strong></span> <span class='ocrx_word' id='word_1_24' title='bbox 1709 499 1983 570; x_wconf 88' lang='lat' dir='ltr'><strong>voluptate</strong></span> 
     </span>
    </p>
   </div>
   <div class='ocr_carea' id='block_1_7' title="bbox 407 590 1976 662">
    <p class='ocr_par' dir='ltr' id='par_1_7' title="bbox 407 590 1976 662">
     <span class='ocr_line' id='line_1_7' title="bbox 407 590 1976 662; baseline 0 -16"><span class='ocrx_word' id='word_1_25' title='bbox 407 591 657 647; x_wconf 68' lang='lat' dir='ltr'><strong>allectum</strong></span> <span class='ocrx_word' id='word_1_26' title='bbox 685 592 895 659; x_wconf 91' lang='lat' dir='ltr'><strong>dolore,</strong></span> <span class='ocrx_word' id='word_1_27' title='bbox 923 607 1087 661; x_wconf 91' lang='lat' dir='ltr'><strong>quam</strong></span> <span class='ocrx_word' id='word_1_28' title='bbox 1121 593 1164 647; x_wconf 92' lang='lat' dir='ltr'><strong>si</strong></span> <span class='ocrx_word' id='word_1_29' title='bbox 1194 592 1423 662; x_wconf 79' lang='lat' dir='ltr'><strong>imperio</strong></span> <span class='ocrx_word' id='word_1_30' title='bbox 1452 591 1567 659; x_wconf 88' lang='lat' dir='ltr'><strong>ipso</strong></span> <span class='ocrx_word' id='word_1_31' title='bbox 1596 590 1785 660; x_wconf 86' lang='lat' dir='ltr'><strong>pulsos</strong></span> <span class='ocrx_word' id='word_1_32' title='bbox 1808 600 1976 646; x_wconf 85' lang='lat' dir='ltr'><strong>esset.</strong></span> 
     </span>
    </p>
   </div>
   <div class='ocr_carea' id='block_1_8' title="bbox 398 681 1984 754">
    <p class='ocr_par' dir='ltr' id='par_1_8' title="bbox 398 681 1984 754">
     <span class='ocr_line' id='line_1_8' title="bbox 398 681 1984 754; baseline -0.004 -15"><span class='ocrx_word' id='word_1_33' title='bbox 398 684 614 740; x_wconf 83' lang='lat' dir='ltr'><strong>Etenim</strong></span> <span class='ocrx_word' id='word_1_34' title='bbox 671 693 790 740; x_wconf 90' lang='lat' dir='ltr'><strong>erat</strong></span> <span class='ocrx_word' id='word_1_35' title='bbox 847 694 906 740; x_wconf 91' lang='lat' dir='ltr'><strong>ut</strong></span> <span class='ocrx_word' id='word_1_36' title='bbox 937 684 1074 739; x_wconf 88' lang='lat' dir='ltr'><strong>alius</strong></span> <span class='ocrx_word' id='word_1_37' title='bbox 1117 683 1240 754; x_wconf 93' lang='lat' dir='ltr'><strong>quis</strong></span> <span class='ocrx_word' id='word_1_38' title='bbox 1279 681 1492 739; x_wconf 86' lang='lat' dir='ltr'><strong>subtilis</strong></span> <span class='ocrx_word' id='word_1_39' title='bbox 1544 681 1871 750; x_wconf 77' lang='lat' dir='ltr'><strong>voluptatum</strong></span> <span class='ocrx_word' id='word_1_40' title='bbox 1900 681 1984 733; x_wconf 90' lang='lat' dir='ltr'><strong>in-</strong></span> 
     </span>
    </p>
   </div>
   <div class='ocr_carea' id='block_1_9' title="bbox 399 772 1982 846">
    <p class='ocr_par' dir='ltr' id='par_1_9' title="bbox 399 772 1982 846">
     <span class='ocr_line' id='line_1_9' title="bbox 399 772 1982 846; baseline -0.002 -17"><span class='ocrx_word' id='word_1_41' title='bbox 399 786 592 834; x_wconf 86' lang='lat' dir='ltr'><strong>ventor</strong></span> <span class='ocrx_word' id='word_1_42' title='bbox 613 788 774 846; x_wconf 86' lang='lat' dir='ltr'><strong>atque</strong></span> <span class='ocrx_word' id='word_1_43' title='bbox 802 777 1021 841; x_wconf 78' lang='lat' dir='ltr'><strong>artifex,</strong></span> <span class='ocrx_word' id='word_1_44' title='bbox 1052 776 1259 832; x_wconf 88' lang='lat' dir='ltr'><strong>deliciis</strong></span> <span class='ocrx_word' id='word_1_45' title='bbox 1284 784 1497 844; x_wconf 83' lang='lat' dir='ltr'><strong>captus,</strong></span> <span class='ocrx_word' id='word_1_46' title='bbox 1533 788 1598 827; x_wconf 92' lang='lat' dir='ltr'><strong>ac</strong></span> <span class='ocrx_word' id='word_1_47' title='bbox 1621 772 1871 828; x_wconf 85' lang='lat' dir='ltr'><strong>tibiarum</strong></span> <span class='ocrx_word' id='word_1_48' title='bbox 1922 785 1982 826; x_wconf 89' lang='lat' dir='ltr'><strong>se</strong></span> 
     </span>
    </p>
   </div>
   <div class='ocr_carea' id='block_1_10' title="bbox 399 863 1978 940">
    <p class='ocr_par' dir='ltr' id='par_1_10' title="bbox 399 863 1978 940">
     <span class='ocr_line' id='line_1_10' title="bbox 399 863 1978 940; baseline -0.004 -18"><span class='ocrx_word' id='word_1_49' title='bbox 399 877 562 923; x_wconf 86' lang='lat' dir='ltr'><strong>cantu</strong></span> <span class='ocrx_word' id='word_1_50' title='bbox 595 883 886 925; x_wconf 86' lang='lat' dir='ltr'><strong>recreans:</strong></span> <span class='ocrx_word' id='word_1_51' title='bbox 917 870 1140 940; x_wconf 86' lang='lat' dir='ltr'><strong>ignavus</strong></span> <span class='ocrx_word' id='word_1_52' title='bbox 1188 865 1472 936; x_wconf 86' lang='lat' dir='ltr'><strong>mollisque</strong></span> <span class='ocrx_word' id='word_1_53' title='bbox 1501 880 1564 920; x_wconf 84' lang='lat' dir='ltr'><strong>ac</strong></span> <span class='ocrx_word' id='word_1_54' title='bbox 1597 863 1978 929; x_wconf 81' lang='lat' dir='ltr'><strong>eﬂeminatus;</strong></span> 
     </span>
    </p>
   </div>
   <div class='ocr_carea' id='block_1_11' title="bbox 402 952 1976 1031">
    <p class='ocr_par' dir='ltr' id='par_1_11' title="bbox 402 952 1976 1031">
     <span class='ocr_line' id='line_1_11' title="bbox 402 952 1976 1031; baseline -0.004 -18"><span class='ocrx_word' id='word_1_55' title='bbox 402 968 704 1015; x_wconf 89' lang='lat' dir='ltr'><strong>scortorum</strong></span> <span class='ocrx_word' id='word_1_56' title='bbox 732 974 956 1031; x_wconf 71' lang='lat' dir='ltr'><strong>praeses,</strong></span> <span class='ocrx_word' id='word_1_57' title='bbox 997 970 1103 1015; x_wconf 80' lang='lat' dir='ltr'><strong>non</strong></span> <span class='ocrx_word' id='word_1_58' title='bbox 1153 973 1248 1014; x_wconf 82' lang='lat' dir='ltr'><strong>rex</strong></span> <span class='ocrx_word' id='word_1_59' title='bbox 1274 958 1538 1013; x_wconf 89' lang='lat' dir='ltr'><strong>virorum.</strong></span> <span class='ocrx_word' id='word_1_60' title='bbox 1574 952 1689 1022; x_wconf 84' lang='lat' dir='ltr'><strong>Qua</strong></span> <span class='ocrx_word' id='word_1_61' title='bbox 1722 954 1865 1009; x_wconf 87' lang='lat' dir='ltr'><strong>enim</strong></span> <span class='ocrx_word' id='word_1_62' title='bbox 1894 968 1976 1007; x_wconf 88' lang='lat' dir='ltr'><strong>ra-</strong></span> 
     </span>
    </p>
   </div>
   <div class='ocr_carea' id='block_1_12' title="bbox 402 1044 1981 1117">
    <p class='ocr_par' dir='ltr' id='par_1_12' title="bbox 402 1044 1981 1117">
     <span class='ocr_line' id='line_1_12' title="bbox 402 1044 1981 1117; baseline -0.004 -14"><span class='ocrx_word' id='word_1_63' title='bbox 402 1050 550 1105; x_wconf 87' lang='lat' dir='ltr'><strong>tione</strong></span> <span class='ocrx_word' id='word_1_64' title='bbox 586 1049 815 1105; x_wconf 92' lang='lat' dir='ltr'><strong>aliorum</strong></span> <span class='ocrx_word' id='word_1_65' title='bbox 850 1050 1239 1112; x_wconf 82' lang='lat' dir='ltr'><strong>dominaretur,</strong></span> <span class='ocrx_word' id='word_1_66' title='bbox 1274 1047 1366 1117; x_wconf 90' lang='lat' dir='ltr'><strong>qui</strong></span> <span class='ocrx_word' id='word_1_67' title='bbox 1390 1060 1455 1100; x_wconf 90' lang='lat' dir='ltr'><strong>ne</strong></span> <span class='ocrx_word' id='word_1_68' title='bbox 1490 1045 1591 1101; x_wconf 88' lang='lat' dir='ltr'><strong>sibi</strong></span> <span class='ocrx_word' id='word_1_69' title='bbox 1623 1044 1841 1113; x_wconf 89' lang='lat' dir='ltr'><strong>quidem</strong></span> <span class='ocrx_word' id='word_1_70' title='bbox 1877 1045 1981 1098; x_wconf 82' lang='lat' dir='ltr'><strong>im-</strong></span> 
     </span>
    </p>
   </div>
   <div class='ocr_carea' id='block_1_13' title="bbox 400 1135 1973 1211">
    <p class='ocr_par' dir='ltr' id='par_1_13' title="bbox 400 1135 1973 1211">
     <span class='ocr_line' id='line_1_13' title="bbox 400 1135 1973 1211; baseline -0.004 -17"><span class='ocrx_word' id='word_1_71' title='bbox 400 1156 590 1211; x_wconf 89' lang='lat' dir='ltr'><strong>perare</strong></span> <span class='ocrx_word' id='word_1_72' title='bbox 613 1142 821 1196; x_wconf 83' lang='lat' dir='ltr'><strong>sciret?</strong></span> <span class='ocrx_word' id='word_1_73' title='bbox 848 1140 908 1195; x_wconf 92' lang='lat' dir='ltr'><strong>ld</strong></span> <span class='ocrx_word' id='word_1_74' title='bbox 935 1155 1099 1195; x_wconf 91' lang='lat' dir='ltr'><strong>unum</strong></span> <span class='ocrx_word' id='word_1_75' title='bbox 1128 1140 1354 1195; x_wconf 84' lang='lat' dir='ltr'><strong>curabat</strong></span> <span class='ocrx_word' id='word_1_76' title='bbox 1377 1154 1441 1192; x_wconf 87' lang='lat' dir='ltr'><strong>ac</strong></span> <span class='ocrx_word' id='word_1_77' title='bbox 1472 1136 1732 1192; x_wconf 88' lang='lat' dir='ltr'><strong>sollicitus</strong></span> <span class='ocrx_word' id='word_1_78' title='bbox 1758 1135 1973 1207; x_wconf 79' lang='lat' dir='ltr'><strong>agebat,</strong></span> 
     </span>
    </p>
   </div>
   <div class='ocr_carea' id='block_1_14' title="bbox 401 1227 1978 1302">
    <p class='ocr_par' dir='ltr' id='par_1_14' title="bbox 401 1227 1978 1302">
     <span class='ocr_line' id='line_1_14' title="bbox 401 1227 1978 1302; baseline -0.003 -17"><span class='ocrx_word' id='word_1_79' title='bbox 401 1240 460 1286; x_wconf 92' lang='lat' dir='ltr'><strong>ut</strong></span> <span class='ocrx_word' id='word_1_80' title='bbox 489 1232 703 1302; x_wconf 87' lang='lat' dir='ltr'><strong>pietatis</strong></span> <span class='ocrx_word' id='word_1_81' title='bbox 729 1246 793 1286; x_wconf 89' lang='lat' dir='ltr'><strong>ac</strong></span> <span class='ocrx_word' id='word_1_82' title='bbox 826 1231 1095 1287; x_wconf 81' lang='lat' dir='ltr'><strong>castitatis</strong></span> <span class='ocrx_word' id='word_1_83' title='bbox 1152 1232 1425 1287; x_wconf 90' lang='lat' dir='ltr'><strong>doctorem</strong></span> <span class='ocrx_word' id='word_1_84' title='bbox 1467 1243 1535 1283; x_wconf 78' lang='lat' dir='ltr'><strong>ex</strong></span> <span class='ocrx_word' id='word_1_85' title='bbox 1567 1227 1702 1281; x_wconf 87' lang='lat' dir='ltr'><strong>urbe</strong></span> <span class='ocrx_word' id='word_1_86' title='bbox 1758 1228 1978 1282; x_wconf 79' lang='lat' dir='ltr'><strong>exscin-</strong></span> 
     </span>
    </p>
   </div>
   <div class='ocr_carea' id='block_1_15' title="bbox 399 1320 1978 1390">
    <p class='ocr_par' dir='ltr' id='par_1_15' title="bbox 399 1320 1978 1390">
     <span class='ocr_line' id='line_1_15' title="bbox 399 1320 1978 1390; baseline -0.001 -12"><span class='ocrx_word' id='word_1_87' title='bbox 399 1324 570 1379; x_wconf 90' lang='lat' dir='ltr'><strong>deret.</strong></span> <span class='ocrx_word' id='word_1_88' title='bbox 602 1325 681 1378; x_wconf 88' lang='lat' dir='ltr'><strong>Ac</strong></span> <span class='ocrx_word' id='word_1_89' title='bbox 700 1339 828 1379; x_wconf 89' lang='lat' dir='ltr'><strong>vero</strong></span> <span class='ocrx_word' id='word_1_90' title='bbox 852 1323 1079 1379; x_wconf 87' lang='lat' dir='ltr'><strong>Herodis</strong></span> <span class='ocrx_word' id='word_1_91' title='bbox 1102 1322 1385 1378; x_wconf 72' lang='lat' dir='ltr'><strong>aemulatus</strong></span> <span class='ocrx_word' id='word_1_92' title='bbox 1412 1322 1675 1385; x_wconf 90' lang='lat' dir='ltr'><strong>animum,</strong></span> <span class='ocrx_word' id='word_1_93' title='bbox 1703 1320 1978 1390; x_wconf 86' lang='lat' dir='ltr'><strong>apostolos</strong></span> 
     </span>
    </p>
   </div>
   <div class='ocr_carea' id='block_1_16' title="bbox 398 1413 1976 1482">
    <p class='ocr_par' dir='ltr' id='par_1_16' title="bbox 398 1413 1976 1482">
     <span class='ocr_line' id='line_1_16' title="bbox 398 1413 1976 1482; baseline -0.001 -13"><span class='ocrx_word' id='word_1_94' title='bbox 398 1414 452 1469; x_wconf 91' lang='lat' dir='ltr'><strong>in</strong></span> <span class='ocrx_word' id='word_1_95' title='bbox 480 1429 754 1471; x_wconf 89' lang='lat' dir='ltr'><strong>carcerem</strong></span> <span class='ocrx_word' id='word_1_96' title='bbox 787 1415 969 1482; x_wconf 87' lang='lat' dir='ltr'><strong>tradit,</strong></span> <span class='ocrx_word' id='word_1_97' title='bbox 989 1415 1069 1470; x_wconf 91' lang='lat' dir='ltr'><strong>uti</strong></span> <span class='ocrx_word' id='word_1_98' title='bbox 1102 1415 1193 1470; x_wconf 88' lang='lat' dir='ltr'><strong>ille</strong></span> <span class='ocrx_word' id='word_1_99' title='bbox 1214 1413 1504 1476; x_wconf 83' lang='lat' dir='ltr'><strong>Joannem,</strong></span> <span class='ocrx_word' id='word_1_100' title='bbox 1534 1413 1849 1482; x_wconf 86' lang='lat' dir='ltr'><strong>habensque</strong></span> <span class='ocrx_word' id='word_1_101' title='bbox 1890 1414 1976 1467; x_wconf 86' lang='lat' dir='ltr'><strong>al-</strong></span> 
     </span>
    </p>
   </div>
   <div class='ocr_carea' id='block_1_17' title="bbox 399 1505 1974 1576">
    <p class='ocr_par' dir='ltr' id='par_1_17' title="bbox 399 1505 1974 1576">
     <span class='ocr_line' id='line_1_17' title="bbox 399 1505 1974 1576; baseline -0.001 -16"><span class='ocrx_word' id='word_1_102' title='bbox 399 1508 568 1561; x_wconf 90' lang='lat' dir='ltr'><strong>terius</strong></span> <span class='ocrx_word' id='word_1_103' title='bbox 591 1507 760 1562; x_wconf 87' lang='lat' dir='ltr'><strong>instar</strong></span> <span class='ocrx_word' id='word_1_104' title='bbox 786 1506 1125 1571; x_wconf 86' lang='lat' dir='ltr'><strong>llerodiadis,</strong></span> <span class='ocrx_word' id='word_1_105' title='bbox 1155 1507 1480 1576; x_wconf 85' lang='lat' dir='ltr'><strong>impudicam</strong></span> <span class='ocrx_word' id='word_1_106' title='bbox 1519 1518 1585 1558; x_wconf 90' lang='lat' dir='ltr'><strong>ac</strong></span> <span class='ocrx_word' id='word_1_107' title='bbox 1610 1505 1795 1559; x_wconf 92' lang='lat' dir='ltr'><strong>veneri</strong></span> <span class='ocrx_word' id='word_1_108' title='bbox 1820 1520 1974 1559; x_wconf 83' lang='lat' dir='ltr'><strong>man-</strong></span> 
     </span>
    </p>
   </div>
   <div class='ocr_carea' id='block_1_18' title="bbox 397 1596 1978 1669">
    <p class='ocr_par' dir='ltr' id='par_1_18' title="bbox 397 1596 1978 1669">
     <span class='ocr_line' id='line_1_18' title="bbox 397 1596 1978 1669; baseline -0.001 -15"><span class='ocrx_word' id='word_1_109' title='bbox 397 1599 630 1669; x_wconf 90' lang='lat' dir='ltr'><strong>cipatam</strong></span> <span class='ocrx_word' id='word_1_110' title='bbox 676 1599 1030 1664; x_wconf 82' lang='lat' dir='ltr'><strong>voluntatem,</strong></span> <span class='ocrx_word' id='word_1_111' title='bbox 1059 1597 1201 1652; x_wconf 86' lang='lat' dir='ltr'><strong>Petri</strong></span> <span class='ocrx_word' id='word_1_112' title='bbox 1242 1612 1306 1653; x_wconf 91' lang='lat' dir='ltr'><strong>ac</strong></span> <span class='ocrx_word' id='word_1_113' title='bbox 1338 1596 1491 1652; x_wconf 84' lang='lat' dir='ltr'><strong>Pauli</strong></span> <span class='ocrx_word' id='word_1_114' title='bbox 1522 1605 1854 1665; x_wconf 68' lang='lat' dir='ltr'><strong>quaerentem</strong></span> <span class='ocrx_word' id='word_1_115' title='bbox 1885 1612 1978 1653; x_wconf 88' lang='lat' dir='ltr'><strong>ca-</strong></span> 
     </span>
    </p>
   </div>
   <div class='ocr_carea' id='block_1_19' title="bbox 2082 503 3678 576">
    <p class='ocr_par' dir='ltr' id='par_1_19' title="bbox 2082 503 3678 576">
     <span class='ocr_line' id='line_1_19' title="bbox 2082 503 3678 576; baseline -0.009 -7"><span class='ocrx_word' id='word_1_116' title='bbox 2082 503 2183 576; x_wconf 83' lang='grc' dir='ltr'><strong>τῆς</strong></span> <span class='ocrx_word' id='word_1_117' title='bbox 2215 503 2410 575; x_wconf 78' lang='grc' dir='ltr'>ἡδονῆς</span> <span class='ocrx_word' id='word_1_118' title='bbox 2442 504 2861 575; x_wconf 85' lang='grc' dir='ltr'>καταλυόμενος,</span> <span class='ocrx_word' id='word_1_119' title='bbox 2888 504 2921 575; x_wconf 83' lang='grc' dir='ltr'>ἢ</span> <span class='ocrx_word' id='word_1_120' title='bbox 2956 505 3010 557; x_wconf 77' lang='grc' dir='ltr'>εἴ</span> <span class='ocrx_word' id='word_1_121' title='bbox 3042 522 3127 568; x_wconf 86' lang='grc' dir='ltr'><strong>τις</strong></span> <span class='ocrx_word' id='word_1_122' title='bbox 3175 504 3451 575; x_wconf 71' lang='grc' dir='ltr'><strong>βασιλείας</strong></span> <span class='ocrx_word' id='word_1_123' title='bbox 3486 507 3678 576; x_wconf 71' lang='grc' dir='ltr'>αὐτῆς</span> 
     </span>
    </p>
   </div>
   <div class='ocr_carea' id='block_1_20' title="bbox 2084 592 3593 669">
    <p class='ocr_par' dir='ltr' id='par_1_20' title="bbox 2084 592 3593 669">
     <span class='ocr_line' id='line_1_20' title="bbox 2084 592 3593 669; baseline 0.001 -20"><span class='ocrx_word' id='word_1_124' title='bbox 2084 595 2424 663; x_wconf 80' lang='grc' dir='ltr'>ἐξεδάλλετο.</span> <span class='ocrx_word' id='word_1_125' title='bbox 2480 597 2590 650; x_wconf 77' lang='grc' dir='ltr'><strong>Καὶ</strong></span> <span class='ocrx_word' id='word_1_126' title='bbox 2621 596 2730 669; x_wconf 87' lang='grc' dir='ltr'><strong>γὰρ</strong></span> <span class='ocrx_word' id='word_1_127' title='bbox 2751 592 2841 669; x_wconf 77' lang='grc' dir='ltr'>ἦν,</span> <span class='ocrx_word' id='word_1_128' title='bbox 2872 596 3030 668; x_wconf 73' lang='grc' dir='ltr'>εἴπερ</span> <span class='ocrx_word' id='word_1_129' title='bbox 3064 615 3151 661; x_wconf 89' lang='grc' dir='ltr'><strong>τις</strong></span> <span class='ocrx_word' id='word_1_130' title='bbox 3179 598 3365 662; x_wconf 80' lang='grc' dir='ltr'>ἄλλος,</span> <span class='ocrx_word' id='word_1_131' title='bbox 3400 616 3593 667; x_wconf 77' lang='grc' dir='ltr'>σοφιστ</span> 
     </span>
    </p>
   </div>
   <div class='ocr_carea' id='block_1_21' title="bbox 2083 684 3670 758">
    <p class='ocr_par' dir='ltr' id='par_1_21' title="bbox 2083 684 3670 758">
     <span class='ocr_line' id='line_1_21' title="bbox 2083 684 3670 758; baseline 0.001 -19"><span class='ocrx_word' id='word_1_132' title='bbox 2083 685 2306 756; x_wconf 74' lang='grc' dir='ltr'>ἡδονῶν,</span> <span class='ocrx_word' id='word_1_133' title='bbox 2334 685 2556 758; x_wconf 84' lang='grc' dir='ltr'>τρυφῶν</span> <span class='ocrx_word' id='word_1_134' title='bbox 2586 685 2681 740; x_wconf 71' lang='grc' dir='ltr'>καὶ</span> <span class='ocrx_word' id='word_1_135' title='bbox 2706 684 3161 757; x_wconf 83' lang='grc' dir='ltr'>καταυλούμενος,</span> <span class='ocrx_word' id='word_1_136' title='bbox 3206 686 3339 757; x_wconf 76' lang='grc' dir='ltr'>βλὰξ</span> <span class='ocrx_word' id='word_1_137' title='bbox 3380 689 3474 741; x_wconf 63' lang='grc' dir='ltr'><strong>καὶ⁸</strong></span> <span class='ocrx_word' id='word_1_138' title='bbox 3501 688 3670 758; x_wconf 84' lang='grc' dir='ltr'>Θηλυ-</span> 
     </span>
    </p>
   </div>
   <div class='ocr_carea' id='block_1_22' title="bbox 2080 776 3673 850">
    <p class='ocr_par' dir='ltr' id='par_1_22' title="bbox 2080 776 3673 850">
     <span class='ocr_line' id='line_1_22' title="bbox 2080 776 3673 850; baseline 0.001 -20"><span class='ocrx_word' id='word_1_139' title='bbox 2080 777 2254 849; x_wconf 87' lang='grc' dir='ltr'>δρίας,</span> <span class='ocrx_word' id='word_1_140' title='bbox 2279 778 2491 850; x_wconf 80' lang='grc' dir='ltr'>πορνῶν</span> <span class='ocrx_word' id='word_1_141' title='bbox 2520 777 2833 849; x_wconf 84' lang='grc' dir='ltr'>ἐπιστάτης,</span> <span class='ocrx_word' id='word_1_142' title='bbox 2879 776 2939 830; x_wconf 86' lang='grc' dir='ltr'><strong>ού</strong></span> <span class='ocrx_word' id='word_1_143' title='bbox 2965 776 3215 847; x_wconf 80' lang='grc' dir='ltr'>βασιλεὺς</span> <span class='ocrx_word' id='word_1_144' title='bbox 3257 777 3486 849; x_wconf 84' lang='grc' dir='ltr'>ἀνδρῶν.</span> <span class='ocrx_word' id='word_1_145' title='bbox 3532 779 3673 842; x_wconf 78' lang='grc' dir='ltr'><strong>Πῶς</strong></span> 
     </span>
    </p>
   </div>
   <div class='ocr_carea' id='block_1_23' title="bbox 2082 867 3669 942">
    <p class='ocr_par' dir='ltr' id='par_1_23' title="bbox 2082 867 3669 942">
     <span class='ocr_line' id='line_1_23' title="bbox 2082 867 3669 942; baseline -0.001 -19"><span class='ocrx_word' id='word_1_146' title='bbox 2082 868 2191 941; x_wconf 80' lang='grc' dir='ltr'>γὰρ</span> <span class='ocrx_word' id='word_1_147' title='bbox 2214 869 2279 923; x_wconf 85' lang='grc' dir='ltr'>ἂν</span> <span class='ocrx_word' id='word_1_148' title='bbox 2309 869 2512 940; x_wconf 82' lang='grc' dir='ltr'>ἐτέρων</span> <span class='ocrx_word' id='word_1_149' title='bbox 2542 868 2842 942; x_wconf 83' lang='grc' dir='ltr'>ἐκράτησεν</span> <span class='ocrx_word' id='word_1_150' title='bbox 2884 870 2913 921; x_wconf 87' lang='grc' dir='ltr'>ὁ</span> <span class='ocrx_word' id='word_1_151' title='bbox 2940 869 3115 941; x_wconf 82' lang='grc' dir='ltr'>ἀρχὴν</span> <span class='ocrx_word' id='word_1_152' title='bbox 3137 868 3302 922; x_wconf 77' lang='grc' dir='ltr'>αὑτοῦ</span> <span class='ocrx_word' id='word_1_153' title='bbox 3328 870 3402 941; x_wconf 78' lang='grc' dir='ltr'>μὴ</span> <span class='ocrx_word' id='word_1_154' title='bbox 3426 867 3623 941; x_wconf 69' lang='grc' dir='ltr'>μαθών</span> <span class='ocrx_word' id='word_1_155' title='bbox 3649 887 3669 934; x_wconf 86' lang='grc'><strong>;</strong></span> 
     </span>
    </p>
   </div>
   <div class='ocr_carea' id='block_1_24' title="bbox 2079 959 3671 1031">
    <p class='ocr_par' dir='ltr' id='par_1_24' title="bbox 2079 959 3671 1031">
     <span class='ocr_line' id='line_1_24' title="bbox 2079 959 3671 1031; baseline 0 -17"><span class='ocrx_word' id='word_1_156' title='bbox 2079 960 2226 1015; x_wconf 82' lang='grc' dir='ltr'>Μίαν</span> <span class='ocrx_word' id='word_1_157' title='bbox 2244 960 2392 1014; x_wconf 75' lang='grc' dir='ltr'>ἔθετο</span> <span class='ocrx_word' id='word_1_158' title='bbox 2418 959 2690 1031; x_wconf 77' lang='grc' dir='ltr'>φροντίδα,</span> <span class='ocrx_word' id='word_1_159' title='bbox 2721 961 2867 1023; x_wconf 83' lang='grc' dir='ltr'>ὅπως</span> <span class='ocrx_word' id='word_1_160' title='bbox 2900 960 2965 1014; x_wconf 84' lang='grc' dir='ltr'>ἂν</span> <span class='ocrx_word' id='word_1_161' title='bbox 2990 959 3218 1029; x_wconf 68' lang='grc' dir='ltr'>ἐκκόψαι</span> <span class='ocrx_word' id='word_1_162' title='bbox 3237 962 3300 1013; x_wconf 84' lang='grc' dir='ltr'>ὲκ</span> <span class='ocrx_word' id='word_1_163' title='bbox 3325 960 3424 1030; x_wconf 80' lang='grc' dir='ltr'>τῆς</span> <span class='ocrx_word' id='word_1_164' title='bbox 3446 960 3671 1023; x_wconf 79' lang='grc' dir='ltr'>πόλεως</span> 
     </span>
    </p>
   </div>
   <div class='ocr_carea' id='block_1_25' title="bbox 2079 1043 3672 1122">
    <p class='ocr_par' dir='ltr' id='par_1_25' title="bbox 2079 1043 3672 1122">
     <span class='ocr_line' id='line_1_25' title="bbox 2079 1043 3672 1122; baseline -0.001 -17"><span class='ocrx_word' id='word_1_165' title='bbox 2079 1051 2173 1105; x_wconf 83' lang='grc' dir='ltr'>τὸν</span> <span class='ocrx_word' id='word_1_166' title='bbox 2198 1043 2300 1122; x_wconf 78' lang='grc' dir='ltr'>τῆς</span> <span class='ocrx_word' id='word_1_167' title='bbox 2322 1050 2601 1114; x_wconf 79' lang='grc' dir='ltr'>εὐσεϐείας</span> <span class='ocrx_word' id='word_1_168' title='bbox 2643 1051 2735 1104; x_wconf 80' lang='grc' dir='ltr'>καὶ</span> <span class='ocrx_word' id='word_1_169' title='bbox 2782 1049 3135 1121; x_wconf 81' lang='grc' dir='ltr'>σωφροσύνης</span> <span class='ocrx_word' id='word_1_170' title='bbox 3165 1050 3501 1105; x_wconf 83' lang='grc' dir='ltr'>διδάσκαλον.</span> <span class='ocrx_word' id='word_1_171' title='bbox 3545 1052 3672 1106; x_wconf 75' lang='grc' dir='ltr'><strong>Καὶ</strong></span> 
     </span>
    </p>
   </div>
   <div class='ocr_carea' id='block_1_26' title="bbox 2080 1140 3671 1214">
    <p class='ocr_par' dir='ltr' id='par_1_26' title="bbox 2080 1140 3671 1214">
     <span class='ocr_line' id='line_1_26' title="bbox 2080 1140 3671 1214; baseline 0.001 -19"><span class='ocrx_word' id='word_1_172' title='bbox 2080 1141 2327 1212; x_wconf 77' lang='grc' dir='ltr'>ζηλώσας</span> <span class='ocrx_word' id='word_1_173' title='bbox 2375 1142 2468 1196; x_wconf 83' lang='grc' dir='ltr'>τὸν</span> <span class='ocrx_word' id='word_1_174' title='bbox 2507 1141 2752 1214; x_wconf 84' lang='grc' dir='ltr'>Ἡρώδην</span> <span class='ocrx_word' id='word_1_175' title='bbox 2797 1142 2897 1214; x_wconf 83' lang='grc' dir='ltr'>τῆς</span> <span class='ocrx_word' id='word_1_176' title='bbox 2954 1140 3202 1212; x_wconf 84' lang='grc' dir='ltr'>γνώμης,</span> <span class='ocrx_word' id='word_1_177' title='bbox 3264 1142 3466 1211; x_wconf 78' lang='grc' dir='ltr'>ἀπάγει</span> <span class='ocrx_word' id='word_1_178' title='bbox 3526 1145 3671 1206; x_wconf 80' lang='grc' dir='ltr'>τοὺς</span> 
     </span>
    </p>
   </div>
   <div class='ocr_carea' id='block_1_27' title="bbox 2079 1234 3660 1307">
    <p class='ocr_par' dir='ltr' id='par_1_27' title="bbox 2079 1234 3660 1307">
     <span class='ocr_line' id='line_1_27' title="bbox 2079 1234 3660 1307; baseline -0.001 -18"><span class='ocrx_word' id='word_1_179' title='bbox 2079 1235 2410 1297; x_wconf 81' lang='grc' dir='ltr'>ἀποστόλους</span> <span class='ocrx_word' id='word_1_180' title='bbox 2433 1238 2513 1299; x_wconf 87' lang='grc' dir='ltr'><strong>είς</strong></span> <span class='ocrx_word' id='word_1_181' title='bbox 2526 1236 2914 1307; x_wconf 85' lang='grc' dir='ltr'>δεσμωτήριον,</span> <span class='ocrx_word' id='word_1_182' title='bbox 2935 1235 3012 1299; x_wconf 84' lang='grc' dir='ltr'>ὡς</span> <span class='ocrx_word' id='word_1_183' title='bbox 3030 1234 3122 1289; x_wconf 81' lang='grc' dir='ltr'>τὸν</span> <span class='ocrx_word' id='word_1_184' title='bbox 3145 1234 3397 1307; x_wconf 82' lang='grc' dir='ltr'>Ἰωάννην</span> <span class='ocrx_word' id='word_1_185' title='bbox 3418 1237 3660 1301; x_wconf 83' lang='grc' dir='ltr'>ἐκεῖνος,</span> 
     </span>
    </p>
   </div>
   <div class='ocr_carea' id='block_1_28' title="bbox 2079 1321 3668 1396">
    <p class='ocr_par' dir='ltr' id='par_1_28' title="bbox 2079 1321 3668 1396">
     <span class='ocr_line' id='line_1_28' title="bbox 2079 1321 3668 1396; baseline -0.001 -18"><span class='ocrx_word' id='word_1_186' title='bbox 2079 1325 2215 1396; x_wconf 74' lang='grc' dir='ltr'>ἔχων</span> <span class='ocrx_word' id='word_1_187' title='bbox 2242 1324 2299 1378; x_wconf 86' lang='grc' dir='ltr'>δὲ</span> <span class='ocrx_word' id='word_1_188' title='bbox 2329 1324 2451 1379; x_wconf 77' lang='grc' dir='ltr'>καθ’</span> <span class='ocrx_word' id='word_1_189' title='bbox 2475 1323 2769 1396; x_wconf 83' lang='grc' dir='ltr'>ὁμοιότητα</span> <span class='ocrx_word' id='word_1_190' title='bbox 2797 1323 2963 1395; x_wconf 81' lang='grc' dir='ltr'>ἀλλην</span> <span class='ocrx_word' id='word_1_191' title='bbox 3009 1321 3344 1393; x_wconf 81' lang='grc' dir='ltr'>Ἡρωδιάδα,</span> <span class='ocrx_word' id='word_1_192' title='bbox 3388 1322 3485 1395; x_wconf 84' lang='grc' dir='ltr'>τὴν</span> <span class='ocrx_word' id='word_1_193' title='bbox 3523 1324 3668 1377; x_wconf 78' lang='grc' dir='ltr'>ἀκό-</span> 
     </span>
    </p>
   </div>
   <div class='ocr_carea' id='block_1_29' title="bbox 2076 1415 3669 1490">
    <p class='ocr_par' dir='ltr' id='par_1_29' title="bbox 2076 1415 3669 1490">
     <span class='ocr_line' id='line_1_29' title="bbox 2076 1415 3669 1490; baseline -0.003 -17"><span class='ocrx_word' id='word_1_194' title='bbox 2076 1419 2269 1474; x_wconf 86' lang='grc' dir='ltr'>λαστον</span> <span class='ocrx_word' id='word_1_195' title='bbox 2298 1419 2392 1473; x_wconf 75' lang='grc' dir='ltr'>καὶ</span> <span class='ocrx_word' id='word_1_196' title='bbox 2420 1419 2705 1490; x_wconf 81' lang='grc' dir='ltr'>φιλήδονον</span> <span class='ocrx_word' id='word_1_197' title='bbox 2731 1416 2976 1489; x_wconf 84' lang='grc' dir='ltr'>γνώμην,</span> <span class='ocrx_word' id='word_1_198' title='bbox 3009 1416 3109 1486; x_wconf 84' lang='grc' dir='ltr'>τὴν</span> <span class='ocrx_word' id='word_1_199' title='bbox 3144 1415 3411 1487; x_wconf 75' lang='grc' dir='ltr'>ζητοῦσαν</span> <span class='ocrx_word' id='word_1_200' title='bbox 3438 1417 3669 1488; x_wconf 82' lang='grc' dir='ltr'>Πέτρου</span> 
     </span>
    </p>
   </div>
   <div class='ocr_carea' id='block_1_30' title="bbox 2076 1508 3663 1587">
    <p class='ocr_par' dir='ltr' id='par_1_30' title="bbox 2076 1508 3663 1587">
     <span class='ocr_line' id='line_1_30' title="bbox 2076 1508 3663 1587; baseline -0.003 -24"><span class='ocrx_word' id='word_1_201' title='bbox 2076 1510 2172 1564; x_wconf 76' lang='grc' dir='ltr'>καὶ</span> <span class='ocrx_word' id='word_1_202' title='bbox 2216 1510 2426 1565; x_wconf 85' lang='grc' dir='ltr'>Παύλου</span> <span class='ocrx_word' id='word_1_203' title='bbox 2463 1511 2563 1584; x_wconf 80' lang='grc' dir='ltr'>τὴν</span> <span class='ocrx_word' id='word_1_204' title='bbox 2607 1509 2847 1581; x_wconf 81' lang='grc' dir='ltr'>κεφαλὴν</span> <span class='ocrx_word' id='word_1_205' title='bbox 2865 1548 2880 1573; x_wconf 96' lang='grc'><strong>,</strong></span> <span class='ocrx_word' id='word_1_206' title='bbox 2925 1508 3266 1587; x_wconf 74' lang='grc' dir='ltr'>ἀμφοτέρους</span> <span class='ocrx_word' id='word_1_207' title='bbox 3310 1508 3537 1579; x_wconf 82' lang='grc' dir='ltr'>ἀνέδησε</span> <span class='ocrx_word' id='word_1_208' title='bbox 3570 1508 3663 1578; x_wconf 81' lang='grc' dir='ltr'>τῷ</span> 
     </span>
    </p>
   </div>
   <div class='ocr_carea' id='block_1_31' title="bbox 2078 1599 3663 1677">
    <p class='ocr_par' dir='ltr' id='par_1_31' title="bbox 2078 1599 3663 1677">
     <span class='ocr_line' id='line_1_31' title="bbox 2078 1599 3663 1677; baseline -0.004 -18"><span class='ocrx_word' id='word_1_209' title='bbox 2078 1604 2325 1676; x_wconf 82' lang='grc' dir='ltr'>στεφάνῳ</span> <span class='ocrx_word' id='word_1_210' title='bbox 2363 1605 2458 1658; x_wconf 83' lang='grc' dir='ltr'>τοῦ</span> <span class='ocrx_word' id='word_1_211' title='bbox 2495 1604 2826 1677; x_wconf 78' lang='grc' dir='ltr'>μαρτυρίου,</span> <span class='ocrx_word' id='word_1_212' title='bbox 2871 1603 2964 1657; x_wconf 84' lang='grc' dir='ltr'>τὸν</span> <span class='ocrx_word' id='word_1_213' title='bbox 3012 1603 3110 1672; x_wconf 79' lang='grc' dir='ltr'>μὲν</span> <span class='ocrx_word' id='word_1_214' title='bbox 3168 1601 3247 1672; x_wconf 84' lang='grc' dir='ltr'>τῷ</span> <span class='ocrx_word' id='word_1_215' title='bbox 3291 1599 3430 1672; x_wconf 81' lang='grc' dir='ltr'>ξύλῳ</span> <span class='ocrx_word' id='word_1_216' title='bbox 3483 1617 3663 1671; x_wconf 78' lang='grc' dir='ltr'>προσ-</span> 
     </span>
    </p>
   </div>
   <div class='ocr_carea' id='block_1_32' title="bbox 397 1687 1960 1771">
    <p class='ocr_par' dir='ltr' id='par_1_32' title="bbox 397 1687 1960 1771">
     <span class='ocr_line' id='line_1_32' title="bbox 397 1687 1960 1771; baseline 0.001 -28"><span class='ocrx_word' id='word_1_217' title='bbox 397 1697 517 1760; x_wconf 89' lang='lat' dir='ltr'><strong>put,</strong></span> <span class='ocrx_word' id='word_1_218' title='bbox 568 1691 828 1771; x_wconf 83' lang='lat' dir='ltr'><strong>martyrio</strong></span> <span class='ocrx_word' id='word_1_219' title='bbox 882 1692 1073 1747; x_wconf 90' lang='lat' dir='ltr'><strong>ambos</strong></span> <span class='ocrx_word' id='word_1_220' title='bbox 1109 1689 1426 1754; x_wconf 85' lang='lat' dir='ltr'><strong>coronavit;</strong></span> <span class='ocrx_word' id='word_1_221' title='bbox 1470 1687 1700 1743; x_wconf 90' lang='lat' dir='ltr'><strong>alterum</strong></span> <span class='ocrx_word' id='word_1_222' title='bbox 1758 1690 1960 1761; x_wconf 88' lang='lat' dir='ltr'><strong>quidem</strong></span> 
     </span>
    </p>
   </div>
   <div class='ocr_carea' id='block_1_33' title="bbox 2063 1687 3665 1771">
    <p class='ocr_par' dir='ltr' id='par_1_33' title="bbox 2079 1691 3665 1767">
     <span class='ocr_line' id='line_1_33' title="bbox 2079 1691 3665 1767; baseline -0.003 -19"><span class='ocrx_word' id='word_1_223' title='bbox 2079 1695 2319 1767; x_wconf 88' lang='grc' dir='ltr'>ηλώσας,</span> <span class='ocrx_word' id='word_1_224' title='bbox 2347 1695 2441 1749; x_wconf 81' lang='grc' dir='ltr'>τοῦ</span> <span class='ocrx_word' id='word_1_225' title='bbox 2479 1696 2535 1750; x_wconf 84' lang='grc' dir='ltr'>δὲ</span> <span class='ocrx_word' id='word_1_226' title='bbox 2555 1695 2769 1750; x_wconf 89' lang='grc' dir='ltr'>Παύλου</span> <span class='ocrx_word' id='word_1_227' title='bbox 2808 1694 2904 1767; x_wconf 80' lang='grc' dir='ltr'>τὴν</span> <span class='ocrx_word' id='word_1_228' title='bbox 2953 1693 3194 1765; x_wconf 81' lang='grc' dir='ltr'>κεφαλὴν</span> <span class='ocrx_word' id='word_1_229' title='bbox 3228 1691 3491 1763; x_wconf 82' lang='grc' dir='ltr'>ἐκτεμὼν,</span> <span class='ocrx_word' id='word_1_230' title='bbox 3519 1694 3665 1761; x_wconf 78' lang='grc' dir='ltr'>ἡμῖν</span> 
     </span>
    </p>
   </div>
   <div class='ocr_carea' id='block_1_34' title="bbox 398 1769 1960 1860">
    <p class='ocr_par' dir='ltr' id='par_1_34' title="bbox 398 1780 1960 1854">
     <span class='ocr_line' id='line_1_34' title="bbox 398 1780 1960 1854; baseline 0 -18"><span class='ocrx_word' id='word_1_231' title='bbox 398 1783 618 1854; x_wconf 80' lang='lat' dir='ltr'><strong>amgens</strong></span> <span class='ocrx_word' id='word_1_232' title='bbox 650 1783 796 1853; x_wconf 84' lang='lat' dir='ltr'><strong>ligno</strong></span> <span class='ocrx_word' id='word_1_233' title='bbox 819 1822 836 1843; x_wconf 90' lang='lat'><strong>.</strong></span> <span class='ocrx_word' id='word_1_234' title='bbox 865 1782 1016 1838; x_wconf 87' lang='lat' dir='ltr'><strong>Pauli</strong></span> <span class='ocrx_word' id='word_1_235' title='bbox 1043 1797 1171 1838; x_wconf 90' lang='lat' dir='ltr'><strong>vero</strong></span> <span class='ocrx_word' id='word_1_236' title='bbox 1197 1782 1465 1838; x_wconf 85' lang='lat' dir='ltr'><strong>cervicem</strong></span> <span class='ocrx_word' id='word_1_237' title='bbox 1494 1780 1837 1845; x_wconf 87' lang='lat' dir='ltr'><strong>abscindens,</strong></span> <span class='ocrx_word' id='word_1_238' title='bbox 1870 1797 1960 1836; x_wconf 91' lang='lat' dir='ltr'><strong>no-</strong></span> 
     </span>
    </p>
   </div>
   <div class='ocr_carea' id='block_1_35' title="bbox 2063 1769 3662 1860">
    <p class='ocr_par' dir='ltr' id='par_1_35' title="bbox 2073 1783 3662 1860">
     <span class='ocr_line' id='line_1_35' title="bbox 2073 1783 3662 1860; baseline -0.004 -19"><span class='ocrx_word' id='word_1_239' title='bbox 2073 1786 2168 1841; x_wconf 77' lang='grc' dir='ltr'>καὶ</span> <span class='ocrx_word' id='word_1_240' title='bbox 2191 1786 2271 1860; x_wconf 82' lang='grc' dir='ltr'>τῷ</span> <span class='ocrx_word' id='word_1_241' title='bbox 2301 1786 2490 1859; x_wconf 83' lang='grc' dir='ltr'>κόσμῳ</span> <span class='ocrx_word' id='word_1_242' title='bbox 2515 1785 2829 1841; x_wconf 86' lang='grc' dir='ltr'>καταλιπὼν</span> <span class='ocrx_word' id='word_1_243' title='bbox 2853 1784 2914 1839; x_wconf 82' lang='grc' dir='ltr'>τὸ</span> <span class='ocrx_word' id='word_1_244' title='bbox 2946 1784 3054 1837; x_wconf 79' lang='grc' dir='ltr'>τῶν</span> <span class='ocrx_word' id='word_1_245' title='bbox 3099 1783 3268 1853; x_wconf 80' lang='grc' dir='ltr'>ἁγίων</span> <span class='ocrx_word' id='word_1_246' title='bbox 3290 1784 3480 1848; x_wconf 81' lang='grc' dir='ltr'>πάθος,</span> <span class='ocrx_word' id='word_1_247' title='bbox 3514 1800 3662 1835; x_wconf 68' lang='grc' dir='ltr'>πανα</span> 
     </span>
    </p>
   </div>
   <div class='ocr_carea' id='block_1_36' title="bbox 394 1870 1976 1946">
    <p class='ocr_par' dir='ltr' id='par_1_36' title="bbox 394 1870 1976 1946">
     <span class='ocr_line' id='line_1_36' title="bbox 394 1870 1976 1946; baseline -0.003 -16"><span class='ocrx_word' id='word_1_248' title='bbox 394 1875 589 1946; x_wconf 76' lang='lat' dir='ltr'><strong>bisque</strong></span> <span class='ocrx_word' id='word_1_249' title='bbox 617 1889 680 1930; x_wconf 91' lang='lat' dir='ltr'><strong>ac</strong></span> <span class='ocrx_word' id='word_1_250' title='bbox 700 1876 953 1930; x_wconf 89' lang='lat' dir='ltr'><strong>universo</strong></span> <span class='ocrx_word' id='word_1_251' title='bbox 985 1875 1205 1939; x_wconf 90' lang='lat' dir='ltr'><strong>mundo,</strong></span> <span class='ocrx_word' id='word_1_252' title='bbox 1235 1872 1425 1929; x_wconf 79' lang='lat' dir='ltr'><strong>festam</strong></span> <span class='ocrx_word' id='word_1_253' title='bbox 1451 1870 1629 1926; x_wconf 85' lang='lat' dir='ltr'><strong>lucem</strong></span> <span class='ocrx_word' id='word_1_254' title='bbox 1657 1883 1822 1942; x_wconf 90' lang='lat' dir='ltr'><strong>atque</strong></span> <span class='ocrx_word' id='word_1_255' title='bbox 1844 1888 1976 1928; x_wconf 84' lang='lat' dir='ltr'><strong>cou-</strong></span> 
     </span>
    </p>
   </div>
   <div class='ocr_carea' id='block_1_37' title="bbox 395 1959 1971 2032">
    <p class='ocr_par' dir='ltr' id='par_1_37' title="bbox 395 1959 1971 2032">
     <span class='ocr_line' id='line_1_37' title="bbox 395 1959 1971 2032; baseline 0.001 -17"><span class='ocrx_word' id='word_1_256' title='bbox 395 1972 641 2030; x_wconf 88' lang='lat' dir='ltr'><strong>ventum,</strong></span> <span class='ocrx_word' id='word_1_257' title='bbox 677 1977 741 2018; x_wconf 90' lang='lat' dir='ltr'><strong>ac</strong></span> <span class='ocrx_word' id='word_1_258' title='bbox 777 1972 939 2018; x_wconf 70' lang='lat' dir='ltr'><strong>tanta:</strong></span> <span class='ocrx_word' id='word_1_259' title='bbox 963 1971 1340 2032; x_wconf 76' lang='lat' dir='ltr'><strong>argumentum</strong></span> <span class='ocrx_word' id='word_1_260' title='bbox 1399 1959 1785 2028; x_wconf 86' lang='lat' dir='ltr'><strong>solemnitatis,</strong></span> <span class='ocrx_word' id='word_1_261' title='bbox 1840 1978 1971 2019; x_wconf 83' lang='lat' dir='ltr'><strong>san-</strong></span> 
     </span>
    </p>
   </div>
   <div class='ocr_carea' id='block_1_38' title="bbox 396 2054 1309 2124">
    <p class='ocr_par' dir='ltr' id='par_1_38' title="bbox 396 2054 1309 2124">
     <span class='ocr_line' id='line_1_38' title="bbox 396 2054 1309 2124; baseline 0.002 -13"><span class='ocrx_word' id='word_1_262' title='bbox 396 2064 608 2111; x_wconf 85' lang='lat' dir='ltr'><strong>ctorum</strong></span> <span class='ocrx_word' id='word_1_263' title='bbox 642 2054 948 2124; x_wconf 87' lang='lat' dir='ltr'><strong>passionem</strong></span> <span class='ocrx_word' id='word_1_264' title='bbox 977 2055 1309 2124; x_wconf 88' lang='lat' dir='ltr'><strong>relinquens.</strong></span> 
     </span>
    </p>
   </div>
   <div class='ocr_carea' id='block_1_39' title="bbox 467 2141 1976 2217">
    <p class='ocr_par' dir='ltr' id='par_1_39' title="bbox 467 2141 1976 2217">
     <span class='ocr_line' id='line_1_39' title="bbox 467 2141 1976 2217; baseline 0 -19"><span class='ocrx_word' id='word_1_265' title='bbox 467 2141 593 2199; x_wconf 64' lang='lat' dir='ltr'><strong>Haec</strong></span> <span class='ocrx_word' id='word_1_266' title='bbox 621 2143 797 2208; x_wconf 88' lang='lat' dir='ltr'><strong>nobis,</strong></span> <span class='ocrx_word' id='word_1_267' title='bbox 830 2151 914 2199; x_wconf 90' lang='lat' dir='ltr'><strong>ter</strong></span> <span class='ocrx_word' id='word_1_268' title='bbox 938 2159 1033 2200; x_wconf 93' lang='lat' dir='ltr'><strong>vos</strong></span> <span class='ocrx_word' id='word_1_269' title='bbox 1054 2146 1221 2211; x_wconf 88' lang='lat' dir='ltr'><strong>beati,</strong></span> <span class='ocrx_word' id='word_1_270' title='bbox 1245 2161 1423 2202; x_wconf 88' lang='lat' dir='ltr'><strong>annua</strong></span> <span class='ocrx_word' id='word_1_271' title='bbox 1453 2145 1859 2217; x_wconf 16' lang='lat' dir='ltr'><strong>lexkrecurrens</strong></span> <span class='ocrx_word' id='word_1_272' title='bbox 1892 2153 1976 2198; x_wconf 88' lang='lat' dir='ltr'><strong>at-</strong></span> 
     </span>
    </p>
   </div>
   <div class='ocr_carea' id='block_1_40' title="bbox 397 2220 1971 2317">
    <p class='ocr_par' dir='ltr' id='par_1_40' title="bbox 397 2220 1971 2317">
     <span class='ocr_line' id='line_1_40' title="bbox 397 2220 1971 2317; baseline 0.001 -28"><span class='ocrx_word' id='word_1_273' title='bbox 397 2233 543 2298; x_wconf 88' lang='lat' dir='ltr'><strong>tulit,</strong></span> <span class='ocrx_word' id='word_1_274' title='bbox 570 2248 665 2288; x_wconf 89' lang='lat' dir='ltr'><strong>vos</strong></span> <span class='ocrx_word' id='word_1_275' title='bbox 688 2234 905 2304; x_wconf 88' lang='lat' dir='ltr'><strong>quidem</strong></span> <span class='ocrx_word' id='word_1_276' title='bbox 929 2234 1126 2304; x_wconf 89' lang='lat' dir='ltr'><strong>ubique</strong></span> <span class='ocrx_word' id='word_1_277' title='bbox 1157 2250 1265 2317; x_wconf 39' lang='lat' dir='ltr'><strong>ceu‘</strong></span> <span class='ocrx_word' id='word_1_278' title='bbox 1281 2237 1430 2293; x_wconf 88' lang='lat' dir='ltr'><strong>orbis</strong></span> <span class='ocrx_word' id='word_1_279' title='bbox 1451 2220 1767 2293; x_wconf 89' lang='lat' dir='ltr'><strong>communes</strong></span> <span class='ocrx_word' id='word_1_280' title='bbox 1793 2236 1971 2290; x_wconf 86' lang='lat' dir='ltr'><strong>athle-</strong></span> 
     </span>
    </p>
   </div>
   <div class='ocr_carea' id='block_1_41' title="bbox 396 2326 1973 2397">
    <p class='ocr_par' dir='ltr' id='par_1_41' title="bbox 396 2326 1973 2397">
     <span class='ocr_line' id='line_1_41' title="bbox 396 2326 1973 2397; baseline 0.001 -17"><span class='ocrx_word' id='word_1_281' title='bbox 396 2337 481 2382; x_wconf 85' lang='lat' dir='ltr'><strong>tas</strong></span> <span class='ocrx_word' id='word_1_282' title='bbox 498 2326 842 2397; x_wconf 66' lang='lat' dir='ltr'><strong>pratdicans:</strong></span> <span class='ocrx_word' id='word_1_283' title='bbox 878 2336 1170 2397; x_wconf 81' lang='lat' dir='ltr'><strong>vestroque</strong></span> <span class='ocrx_word' id='word_1_284' title='bbox 1190 2329 1419 2394; x_wconf 89' lang='lat' dir='ltr'><strong>honore,</strong></span> <span class='ocrx_word' id='word_1_285' title='bbox 1449 2330 1728 2384; x_wconf 88' lang='lat' dir='ltr'><strong>hominum</strong></span> <span class='ocrx_word' id='word_1_286' title='bbox 1764 2338 1973 2382; x_wconf 89' lang='lat' dir='ltr'><strong>mentes</strong></span> 
     </span>
    </p>
   </div>
   <div class='ocr_carea' id='block_1_42' title="bbox 396 2415 1974 2489">
    <p class='ocr_par' dir='ltr' id='par_1_42' title="bbox 396 2415 1974 2489">
     <span class='ocr_line' id='line_1_42' title="bbox 396 2415 1974 2489; baseline 0 -19"><span class='ocrx_word' id='word_1_287' title='bbox 396 2416 463 2470; x_wconf 91' lang='lat' dir='ltr'><strong>ad</strong></span> <span class='ocrx_word' id='word_1_288' title='bbox 512 2415 731 2474; x_wconf 85' lang='lat' dir='ltr'><strong>meliora</strong></span> <span class='ocrx_word' id='word_1_289' title='bbox 759 2430 1109 2486; x_wconf 66' lang='lat' dir='ltr'><strong>componens.</strong></span> <span class='ocrx_word' id='word_1_290' title='bbox 1147 2416 1375 2473; x_wconf 87' lang='lat' dir='ltr'><strong>Virtutis</strong></span> <span class='ocrx_word' id='word_1_291' title='bbox 1415 2419 1612 2489; x_wconf 89' lang='lat' dir='ltr'><strong>quippe</strong></span> <span class='ocrx_word' id='word_1_292' title='bbox 1646 2419 1814 2472; x_wconf 89' lang='lat' dir='ltr'><strong>honor</strong></span> <span class='ocrx_word' id='word_1_293' title='bbox 1859 2417 1974 2482; x_wconf 84' lang='lat' dir='ltr'><strong>plu-</strong></span> 
     </span>
    </p>
   </div>
   <div class='ocr_carea' id='block_1_43' title="bbox 394 2512 1969 2580">
    <p class='ocr_par' dir='ltr' id='par_1_43' title="bbox 394 2512 1969 2580">
     <span class='ocr_line' id='line_1_43' title="bbox 394 2512 1969 2580; baseline 0.003 -17"><span class='ocrx_word' id='word_1_294' title='bbox 394 2512 532 2565; x_wconf 82' lang='lat' dir='ltr'><strong>rium</strong></span> <span class='ocrx_word' id='word_1_295' title='bbox 580 2522 835 2580; x_wconf 89' lang='lat' dir='ltr'><strong>provocat</strong></span> <span class='ocrx_word' id='word_1_296' title='bbox 882 2512 1278 2567; x_wconf 69' lang='lat' dir='ltr'><strong>aemulationem</strong></span> <span class='ocrx_word' id='word_1_297' title='bbox 1315 2529 1329 2566; x_wconf 91' lang='lat'><strong>:</strong></span> <span class='ocrx_word' id='word_1_298' title='bbox 1375 2515 1426 2567; x_wconf 92' lang='lat' dir='ltr'><strong>in</strong></span> <span class='ocrx_word' id='word_1_299' title='bbox 1453 2512 1670 2569; x_wconf 80' lang='lat' dir='ltr'><strong>Christo</strong></span> <span class='ocrx_word' id='word_1_300' title='bbox 1708 2512 1832 2568; x_wconf 85' lang='lat' dir='ltr'><strong>Jesu</strong></span> <span class='ocrx_word' id='word_1_301' title='bbox 1867 2513 1969 2568; x_wconf 85' lang='lat' dir='ltr'><strong>Do-</strong></span> 
     </span>
    </p>
   </div>
   <div class='ocr_carea' id='block_1_44' title="bbox 393 2597 1960 2671">
    <p class='ocr_par' dir='ltr' id='par_1_44' title="bbox 393 2597 1960 2671">
     <span class='ocr_line' id='line_1_44' title="bbox 393 2597 1960 2671; baseline -0.002 -17"><span class='ocrx_word' id='word_1_302' title='bbox 393 2600 541 2656; x_wconf 88' lang='lat' dir='ltr'><strong>mino</strong></span> <span class='ocrx_word' id='word_1_303' title='bbox 585 2609 794 2666; x_wconf 90' lang='lat' dir='ltr'><strong>nostro,</strong></span> <span class='ocrx_word' id='word_1_304' title='bbox 843 2600 928 2655; x_wconf 91' lang='lat' dir='ltr'><strong>cui</strong></span> <span class='ocrx_word' id='word_1_305' title='bbox 994 2598 1163 2670; x_wconf 80' lang='lat' dir='ltr'><strong>gloria</strong></span> <span class='ocrx_word' id='word_1_306' title='bbox 1213 2615 1277 2655; x_wconf 85' lang='lat' dir='ltr'><strong>ac</strong></span> <span class='ocrx_word' id='word_1_307' title='bbox 1332 2600 1702 2671; x_wconf 89' lang='lat' dir='ltr'><strong>imperiumin</strong></span> <span class='ocrx_word' id='word_1_308' title='bbox 1742 2597 1960 2655; x_wconf 71' lang='lat' dir='ltr'><strong>smcula.</strong></span> 
     </span>
    </p>
   </div>
   <div class='ocr_carea' id='block_1_45' title="bbox 390 2691 582 2748">
    <p class='ocr_par' dir='ltr' id='par_1_45' title="bbox 390 2691 582 2748">
     <span class='ocr_line' id='line_1_45' title="bbox 390 2691 582 2748; baseline -0.01 -1"><span class='ocrx_word' id='word_1_309' title='bbox 390 2691 582 2748; x_wconf 75' lang='lat' dir='ltr'><strong>Amen.</strong></span> 
     </span>
    </p>
   </div>
   <div class='ocr_carea' id='block_1_46' title="bbox 1134 2781 1227 2836">
    <p class='ocr_par' dir='ltr' id='par_1_46' title="bbox 1134 2781 1227 2836">
     <span class='ocr_line' id='line_1_46' title="bbox 1134 2781 1227 2836; baseline 0.011 -1"><span class='ocrx_word' id='word_1_310' title='bbox 1134 2781 1227 2836; x_wconf 77' lang='lat' dir='ltr'><strong>IX.</strong></span> 
     </span>
    </p>
   </div>
   <div class='ocr_carea' id='block_1_47' title="bbox 599 2869 1704 2943">
    <p class='ocr_par' dir='ltr' id='par_1_47' title="bbox 599 2869 1704 2943">
     <span class='ocr_line' id='line_1_47' title="bbox 599 2869 1704 2943; baseline 0.001 -17"><span class='ocrx_word' id='word_1_311' title='bbox 599 2871 675 2927; x_wconf 76' lang='lat' dir='ltr'><strong>In</strong></span> <span class='ocrx_word' id='word_1_312' title='bbox 708 2882 946 2927; x_wconf 82' lang='lat' dir='ltr'><strong>sanctum</strong></span> <span class='ocrx_word' id='word_1_313' title='bbox 987 2882 1271 2943; x_wconf 80' lang='lat' dir='ltr'><strong>martyrem</strong></span> <span class='ocrx_word' id='word_1_314' title='bbox 1296 2869 1527 2926; x_wconf 82' lang='lat' dir='ltr'><strong>Phocum</strong></span> <span class='ocrx_word' id='word_1_315' title='bbox 1567 2871 1704 2943; x_wconf 69' lang='grc'><strong>(42).</strong></span> 
     </span>
    </p>
   </div>
   <div class='ocr_carea' id='block_1_48' title="bbox 460 3028 1966 3091">
    <p class='ocr_par' dir='ltr' id='par_1_48' title="bbox 460 3028 1966 3091">
     <span class='ocr_line' id='line_1_48' title="bbox 460 3028 1966 3091; baseline 0.001 -1"><span class='ocrx_word' id='word_1_316' title='bbox 460 3028 692 3091; x_wconf 77' lang='lat' dir='ltr'><strong>Pulchra</strong></span> <span class='ocrx_word' id='word_1_317' title='bbox 719 3044 802 3089; x_wconf 92' lang='lat' dir='ltr'><strong>est</strong></span> <span class='ocrx_word' id='word_1_318' title='bbox 847 3049 910 3090; x_wconf 92' lang='lat' dir='ltr'><strong>ac</strong></span> <span class='ocrx_word' id='word_1_319' title='bbox 955 3033 1105 3091; x_wconf 87' lang='lat' dir='ltr'><strong>utilis</strong></span> <span class='ocrx_word' id='word_1_320' title='bbox 1135 3034 1357 3091; x_wconf 86' lang='lat' dir='ltr'><strong>honesta</strong></span> <span class='ocrx_word' id='word_1_321' title='bbox 1404 3032 1702 3089; x_wconf 89' lang='lat' dir='ltr'><strong>colentibus</strong></span> <span class='ocrx_word' id='word_1_322' title='bbox 1751 3041 1966 3091; x_wconf 86' lang='lat' dir='ltr'><strong>sancto-</strong></span> 
     </span>
    </p>
   </div>
   <div class='ocr_carea' id='block_1_49' title="bbox 388 3118 2034 3196">
    <p class='ocr_par' dir='ltr' id='par_1_49' title="bbox 388 3118 2034 3196">
     <span class='ocr_line' id='line_1_49' title="bbox 388 3118 2034 3196; baseline -0.002 -15"><span class='ocrx_word' id='word_1_323' title='bbox 388 3142 510 3183; x_wconf 87' lang='lat' dir='ltr'><strong>rum</strong></span> <span class='ocrx_word' id='word_1_324' title='bbox 536 3125 815 3183; x_wconf 88' lang='lat' dir='ltr'><strong>memoria.</strong></span> <span class='ocrx_word' id='word_1_325' title='bbox 846 3122 1052 3181; x_wconf 83' lang='lat' dir='ltr'><strong>Nedum</strong></span> <span class='ocrx_word' id='word_1_326' title='bbox 1084 3127 1229 3181; x_wconf 90' lang='lat' dir='ltr'><strong>enim</strong></span> <span class='ocrx_word' id='word_1_327' title='bbox 1260 3139 1375 3192; x_wconf 89' lang='lat' dir='ltr'><strong>eos,</strong></span> <span class='ocrx_word' id='word_1_328' title='bbox 1399 3124 1492 3196; x_wconf 91' lang='lat' dir='ltr'><strong>qui</strong></span> <span class='ocrx_word' id='word_1_329' title='bbox 1515 3124 1730 3180; x_wconf 88' lang='lat' dir='ltr'><strong>virtutis</strong></span> <span class='ocrx_word' id='word_1_330' title='bbox 1756 3140 1820 3180; x_wconf 88' lang='lat' dir='ltr'><strong>ac</strong></span> <span class='ocrx_word' id='word_1_331' title='bbox 1852 3125 1964 3196; x_wconf 88' lang='lat' dir='ltr'><strong>pie—</strong></span> <span class='ocrx_word' id='word_1_332' title='bbox 1989 3118 2034 3178; x_wconf 72' lang='grc' dir='ltr'>ϐ</span> 
     </span>
    </p>
   </div>
   <div class='ocr_carea' id='block_1_50' title="bbox 461 3306 1955 3382">
    <p class='ocr_par' dir='ltr' id='par_1_50' title="bbox 461 3306 1955 3382">
     <span class='ocr_line' id='line_1_50' title="bbox 461 3306 1955 3382; baseline -0.001 -18"><span class='ocrx_word' id='word_1_333' title='bbox 461 3308 573 3382; x_wconf 72' lang='lat'><strong>(42)</strong></span> <span class='ocrx_word' id='word_1_334' title='bbox 605 3308 679 3382; x_wconf 58' lang='lat' dir='ltr'><strong>E3</strong></span> <span class='ocrx_word' id='word_1_335' title='bbox 744 3308 877 3382; x_wconf 73' lang='lat' dir='ltr'><strong>Reg.</strong></span> <span class='ocrx_word' id='word_1_336' title='bbox 926 3310 1045 3365; x_wconf 90' lang='lat' dir='ltr'><strong>cod.</strong></span> <span class='ocrx_word' id='word_1_337' title='bbox 1072 3309 1287 3382; x_wconf 88' lang='lat' dir='ltr'><strong>emend.</strong></span> <span class='ocrx_word' id='word_1_338' title='bbox 1318 3321 1384 3363; x_wconf 83' lang='lat' dir='ltr'><strong>ex</strong></span> <span class='ocrx_word' id='word_1_339' title='bbox 1415 3307 1474 3362; x_wconf 90' lang='lat' dir='ltr'><strong>P.</strong></span> <span class='ocrx_word' id='word_1_340' title='bbox 1504 3306 1667 3363; x_wconf 90' lang='lat' dir='ltr'><strong>Sirm.</strong></span> <span class='ocrx_word' id='word_1_341' title='bbox 1702 3317 1955 3382; x_wconf 67' lang='lat' dir='ltr'><strong>autogra-</strong></span> 
     </span>
    </p>
   </div>
   <div class='ocr_carea' id='block_1_51' title="bbox 389 3374 1956 3451">
    <p class='ocr_par' dir='ltr' id='par_1_51' title="bbox 389 3374 1956 3451">
     <span class='ocr_line' id='line_1_51' title="bbox 389 3374 1956 3451; baseline -0.003 -16"><span class='ocrx_word' id='word_1_342' title='bbox 389 3374 519 3449; x_wconf 81' lang='lat' dir='ltr'><strong>pho.</strong></span> <span class='ocrx_word' id='word_1_343' title='bbox 547 3374 620 3420; x_wconf 58' lang='lat'><strong>4—</strong></span> <span class='ocrx_word' id='word_1_344' title='bbox 645 3380 787 3435; x_wconf 84' lang='lat' dir='ltr'><strong>Duos</strong></span> <span class='ocrx_word' id='word_1_345' title='bbox 815 3378 1046 3451; x_wconf 83' lang='lat' dir='ltr'><strong>Phocas,</strong></span> <span class='ocrx_word' id='word_1_346' title='bbox 1080 3381 1354 3451; x_wconf 75' lang='lat' dir='ltr'><strong>amboset</strong></span> <span class='ocrx_word' id='word_1_347' title='bbox 1385 3390 1673 3451; x_wconf 85' lang='lat' dir='ltr'><strong>martyres,</strong></span> <span class='ocrx_word' id='word_1_348' title='bbox 1702 3374 1956 3451; x_wconf 32' lang='lat' dir='ltr'><strong>etASino-</strong></span> 
     </span>
    </p>
   </div>
   <div class='ocr_carea' id='block_1_52' title="bbox 392 3448 1957 3520">
    <p class='ocr_par' dir='ltr' id='par_1_52' title="bbox 392 3448 1957 3520">
     <span class='ocr_line' id='line_1_52' title="bbox 392 3448 1957 3520; baseline -0.001 -15"><span class='ocrx_word' id='word_1_349' title='bbox 392 3448 458 3520; x_wconf 87' lang='lat' dir='ltr'><strong>pe</strong></span> <span class='ocrx_word' id='word_1_350' title='bbox 504 3451 784 3520; x_wconf 84' lang='lat' dir='ltr'><strong>oriundos,</strong></span> <span class='ocrx_word' id='word_1_351' title='bbox 836 3450 1065 3505; x_wconf 89' lang='lat' dir='ltr'><strong>alterum</strong></span> <span class='ocrx_word' id='word_1_352' title='bbox 1110 3448 1488 3520; x_wconf 72' lang='lat' dir='ltr'><strong>hortulanum.</strong></span> <span class='ocrx_word' id='word_1_353' title='bbox 1531 3448 1700 3520; x_wconf 69' lang='lat' dir='ltr'><strong>&#39;cujns</strong></span> <span class='ocrx_word' id='word_1_354' title='bbox 1758 3448 1957 3503; x_wconf 83' lang='lat' dir='ltr'><strong>festum</strong></span> 
     </span>
    </p>
   </div>
   <div class='ocr_carea' id='block_1_53' title="bbox 390 3517 1960 3591">
    <p class='ocr_par' dir='ltr' id='par_1_53' title="bbox 390 3517 1960 3591">
     <span class='ocr_line' id='line_1_53' title="bbox 390 3517 1960 3591; baseline 0 -17"><span class='ocrx_word' id='word_1_355' title='bbox 390 3517 528 3590; x_wconf 83' lang='lat' dir='ltr'><strong>apud</strong></span> <span class='ocrx_word' id='word_1_356' title='bbox 558 3519 777 3576; x_wconf 89' lang='lat' dir='ltr'><strong>Latinos</strong></span> <span class='ocrx_word' id='word_1_357' title='bbox 825 3528 1016 3591; x_wconf 78' lang='lat' dir='ltr'><strong>agatur</strong></span> <span class='ocrx_word' id='word_1_358' title='bbox 1062 3533 1119 3574; x_wconf 84' lang='lat' dir='ltr'><strong>ut</strong></span> <span class='ocrx_word' id='word_1_359' title='bbox 1149 3517 1601 3591; x_wconf 77' lang='lat' dir='ltr'><strong>NonasMartias,</strong></span> <span class='ocrx_word' id='word_1_360' title='bbox 1632 3519 1860 3591; x_wconf 69' lang='lat' dir='ltr'><strong>alterum</strong></span> <span class='ocrx_word' id='word_1_361' title='bbox 1889 3533 1960 3574; x_wconf 79' lang='lat' dir='ltr'><strong>ex</strong></span> 
     </span>
    </p>
   </div>
   <div class='ocr_carea' id='block_1_54' title="bbox 391 3586 1957 3661">
    <p class='ocr_par' dir='ltr' id='par_1_54' title="bbox 391 3586 1957 3661">
     <span class='ocr_line' id='line_1_54' title="bbox 391 3586 1957 3661; baseline 0 -18"><span class='ocrx_word' id='word_1_362' title='bbox 391 3586 661 3661; x_wconf 82' lang='lat' dir='ltr'><strong>piscatore</strong></span> <span class='ocrx_word' id='word_1_363' title='bbox 697 3586 1027 3661; x_wconf 71' lang='lat' dir='ltr'><strong>episcopum.</strong></span> <span class='ocrx_word' id='word_1_364' title='bbox 1087 3588 1439 3661; x_wconf 33' lang='lat' dir='ltr'><strong>cujus‘pridie</strong></span> <span class='ocrx_word' id='word_1_365' title='bbox 1490 3589 1611 3643; x_wconf 88' lang='lat' dir='ltr'><strong>ldus</strong></span> <span class='ocrx_word' id='word_1_366' title='bbox 1653 3586 1862 3661; x_wconf 78' lang='lat' dir='ltr'><strong>Julius;</strong></span> <span class='ocrx_word' id='word_1_367' title='bbox 1892 3603 1957 3644; x_wconf 89' lang='lat' dir='ltr'><strong>ac</strong></span> 
     </span>
    </p>
   </div>
   <div class='ocr_carea' id='block_1_55' title="bbox 389 3655 1953 3728">
    <p class='ocr_par' dir='ltr' id='par_1_55' title="bbox 389 3655 1953 3728">
     <span class='ocr_line' id='line_1_55' title="bbox 389 3655 1953 3728; baseline 0 -17"><span class='ocrx_word' id='word_1_368' title='bbox 389 3655 481 3728; x_wconf 78' lang='lat' dir='ltr'><strong>qui</strong></span> <span class='ocrx_word' id='word_1_369' title='bbox 535 3660 694 3715; x_wconf 92' lang='lat' dir='ltr'><strong>ambo</strong></span> <span class='ocrx_word' id='word_1_370' title='bbox 732 3655 889 3728; x_wconf 46' lang='lat' dir='ltr'><strong>&#39;apud&#39;</strong></span> <span class='ocrx_word' id='word_1_371' title='bbox 935 3655 1165 3713; x_wconf 71' lang='lat' dir='ltr'><strong>Graecos</strong></span> <span class='ocrx_word' id='word_1_372' title='bbox 1203 3655 1282 3712; x_wconf 59' lang='grc' dir='ltr'><strong>Ξῖ</strong></span> <span class='ocrx_word' id='word_1_373' title='bbox 1330 3655 1633 3725; x_wconf 75' lang='lat' dir='ltr'><strong>Septembr.</strong></span> <span class='ocrx_word' id='word_1_374' title='bbox 1683 3659 1953 3728; x_wconf 80' lang='lat' dir='ltr'><strong>colantur,</strong></span> 
     </span>
    </p>
   </div>
   <div class='ocr_carea' id='block_1_56' title="bbox 392 3727 1946 3797">
    <p class='ocr_par' dir='ltr' id='par_1_56' title="bbox 392 3727 1946 3797">
     <span class='ocr_line' id='line_1_56' title="bbox 392 3727 1946 3797; baseline 0.002 -16"><span class='ocrx_word' id='word_1_375' title='bbox 392 3727 632 3796; x_wconf 83' lang='lat' dir='ltr'><strong>pluribus</strong></span> <span class='ocrx_word' id='word_1_376' title='bbox 662 3731 821 3783; x_wconf 87' lang='lat' dir='ltr'><strong>tradit</strong></span> <span class='ocrx_word' id='word_1_377' title='bbox 856 3728 1118 3783; x_wconf 89' lang='lat' dir='ltr'><strong>Baronius</strong></span> <span class='ocrx_word' id='word_1_378' title='bbox 1149 3728 1200 3782; x_wconf 92' lang='lat' dir='ltr'><strong>in</strong></span> <span class='ocrx_word' id='word_1_379' title='bbox 1231 3737 1343 3783; x_wconf 92' lang='lat' dir='ltr'><strong>not.</strong></span> <span class='ocrx_word' id='word_1_380' title='bbox 1385 3730 1451 3780; x_wconf 88' lang='lat' dir='ltr'><strong>ad</strong></span> <span class='ocrx_word' id='word_1_381' title='bbox 1480 3728 1755 3797; x_wconf 78' lang='lat' dir='ltr'><strong>Martyrol.</strong></span> <span class='ocrx_word' id='word_1_382' title='bbox 1786 3727 1946 3784; x_wconf 80' lang='lat' dir='ltr'><strong>Rom.</strong></span> 
     </span>
    </p>
   </div>
   <div class='ocr_carea' id='block_1_57' title="bbox 391 3798 1953 3868">
    <p class='ocr_par' dir='ltr' id='par_1_57' title="bbox 391 3798 1953 3868">
     <span class='ocr_line' id='line_1_57' title="bbox 391 3798 1953 3868; baseline -0.001 -14"><span class='ocrx_word' id='word_1_383' title='bbox 391 3800 459 3854; x_wconf 70' lang='grc'><strong>14</strong></span> <span class='ocrx_word' id='word_1_384' title='bbox 480 3798 625 3854; x_wconf 78' lang='lat' dir='ltr'><strong>Julii.</strong></span> <span class='ocrx_word' id='word_1_385' title='bbox 663 3799 860 3868; x_wconf 82' lang='lat' dir='ltr'><strong>Sicque</strong></span> <span class='ocrx_word' id='word_1_386' title='bbox 902 3798 1059 3867; x_wconf 85' lang='lat' dir='ltr'><strong>plane</strong></span> <span class='ocrx_word' id='word_1_387' title='bbox 1106 3798 1335 3868; x_wconf 85' lang='lat' dir='ltr'><strong>diversis</strong></span> <span class='ocrx_word' id='word_1_388' title='bbox 1358 3799 1548 3853; x_wconf 92' lang='lat' dir='ltr'><strong>diehus</strong></span> <span class='ocrx_word' id='word_1_389' title='bbox 1570 3800 1707 3865; x_wconf 85' lang='lat' dir='ltr'><strong>apud</strong></span> <span class='ocrx_word' id='word_1_390' title='bbox 1731 3798 1953 3868; x_wconf 79' lang='lat' dir='ltr'><strong>Latinos</strong></span> 
     </span>
    </p>
   </div>
   <div class='ocr_carea' id='block_1_58' title="bbox 390 3867 1947 3937">
    <p class='ocr_par' dir='ltr' id='par_1_58' title="bbox 390 3867 1947 3937">
     <span class='ocr_line' id='line_1_58' title="bbox 390 3867 1947 3937; baseline -0.002 -14"><span class='ocrx_word' id='word_1_391' title='bbox 390 3870 685 3937; x_wconf 85' lang='lat' dir='ltr'><strong>consignati</strong></span> <span class='ocrx_word' id='word_1_392' title='bbox 736 3867 1022 3932; x_wconf 81' lang='lat' dir='ltr'><strong>habentur,</strong></span> <span class='ocrx_word' id='word_1_393' title='bbox 1061 3882 1125 3921; x_wconf 89' lang='lat' dir='ltr'><strong>ac</strong></span> <span class='ocrx_word' id='word_1_394' title='bbox 1156 3867 1490 3937; x_wconf 85' lang='lat' dir='ltr'><strong>distinguunt</strong></span> <span class='ocrx_word' id='word_1_395' title='bbox 1536 3869 1708 3922; x_wconf 65' lang='lat' dir='ltr'><strong>Graeci</strong></span> <span class='ocrx_word' id='word_1_396' title='bbox 1758 3867 1830 3921; x_wconf 70' lang='lat'><strong>22</strong></span> <span class='ocrx_word' id='word_1_397' title='bbox 1861 3869 1947 3921; x_wconf 90' lang='lat' dir='ltr'><strong>illa</strong></span> 
     </span>
    </p>
   </div>
   <div class='ocr_carea' id='block_1_59' title="bbox 388 3936 1949 4009">
    <p class='ocr_par' dir='ltr' id='par_1_59' title="bbox 388 3936 1949 4009">
     <span class='ocr_line' id='line_1_59' title="bbox 388 3936 1949 4009; baseline -0.002 -15"><span class='ocrx_word' id='word_1_398' title='bbox 388 3936 741 4009; x_wconf 74' lang='lat' dir='ltr'><strong>Srpteinbris,</strong></span> <span class='ocrx_word' id='word_1_399' title='bbox 779 3937 1081 4009; x_wconf 90' lang='lat' dir='ltr'><strong>pecularius</strong></span> <span class='ocrx_word' id='word_1_400' title='bbox 1125 3936 1460 4009; x_wconf 69' lang='lat' dir='ltr'><strong>celebrantes</strong></span> <span class='ocrx_word' id='word_1_401' title='bbox 1493 3938 1690 4009; x_wconf 57' lang='lat' dir='ltr'><strong>Phoce:</strong></span> <span class='ocrx_word' id='word_1_402' title='bbox 1712 3938 1949 4008; x_wconf 78' lang='lat' dir='ltr'><strong>episcopi</strong></span> 
     </span>
    </p>
   </div>
   <div class='ocr_carea' id='block_1_60' title="bbox 389 4007 1952 4079">
    <p class='ocr_par' dir='ltr' id='par_1_60' title="bbox 389 4007 1952 4079">
     <span class='ocr_line' id='line_1_60' title="bbox 389 4007 1952 4079; baseline 0.001 -17"><span class='ocrx_word' id='word_1_403' title='bbox 389 4007 737 4079; x_wconf 37' lang='lat' dir='ltr'><strong>ac‘inartyris</strong></span> <span class='ocrx_word' id='word_1_404' title='bbox 784 4008 997 4069; x_wconf 80' lang='lat' dir='ltr'><strong>festum,</strong></span> <span class='ocrx_word' id='word_1_405' title='bbox 1035 4008 1091 4061; x_wconf 90' lang='lat' dir='ltr'><strong>in</strong></span> <span class='ocrx_word' id='word_1_406' title='bbox 1136 4007 1290 4076; x_wconf 87' lang='lat' dir='ltr'><strong>cujus</strong></span> <span class='ocrx_word' id='word_1_407' title='bbox 1322 4009 1577 4079; x_wconf 86' lang='lat' dir='ltr'><strong>honorem</strong></span> <span class='ocrx_word' id='word_1_408' title='bbox 1609 4007 1842 4063; x_wconf 85' lang='lat' dir='ltr'><strong>ollicium</strong></span> <span class='ocrx_word' id='word_1_409' title='bbox 1868 4007 1952 4063; x_wconf 83' lang='lat' dir='ltr'><strong>to-</strong></span> 
     </span>
    </p>
   </div>
   <div class='ocr_carea' id='block_1_61' title="bbox 393 4078 1949 4149">
    <p class='ocr_par' dir='ltr' id='par_1_61' title="bbox 393 4078 1949 4149">
     <span class='ocr_line' id='line_1_61' title="bbox 393 4078 1949 4149; baseline 0.001 -18"><span class='ocrx_word' id='word_1_410' title='bbox 393 4092 501 4133; x_wconf 93' lang='lat' dir='ltr'><strong>tum</strong></span> <span class='ocrx_word' id='word_1_411' title='bbox 531 4078 885 4149; x_wconf 87' lang='lat' dir='ltr'><strong>compositum</strong></span> <span class='ocrx_word' id='word_1_412' title='bbox 922 4086 1025 4149; x_wconf 85' lang='lat' dir='ltr'><strong>est,</strong></span> <span class='ocrx_word' id='word_1_413' title='bbox 1062 4078 1329 4149; x_wconf 84' lang='lat' dir='ltr'><strong>simulque</strong></span> <span class='ocrx_word' id='word_1_414' title='bbox 1361 4078 1674 4133; x_wconf 83' lang='lat' dir='ltr'><strong>memoriam</strong></span> <span class='ocrx_word' id='word_1_415' title='bbox 1724 4086 1949 4148; x_wconf 80' lang='lat' dir='ltr'><strong>agentes</strong></span> 
     </span>
    </p>
   </div>
   <div class='ocr_carea' id='block_1_62' title="bbox 393 4147 1948 4218">
    <p class='ocr_par' dir='ltr' id='par_1_62' title="bbox 393 4147 1948 4218">
     <span class='ocr_line' id='line_1_62' title="bbox 393 4147 1948 4218; baseline 0 -16"><span class='ocrx_word' id='word_1_416' title='bbox 393 4149 582 4204; x_wconf 66' lang='lat' dir='ltr'><strong>Phoce</strong></span> <span class='ocrx_word' id='word_1_417' title='bbox 610 4147 830 4203; x_wconf 87' lang='lat' dir='ltr'><strong>alterius</strong></span> <span class='ocrx_word' id='word_1_418' title='bbox 860 4162 927 4202; x_wconf 81' lang='lat' dir='ltr'><strong>ex</strong></span> <span class='ocrx_word' id='word_1_419' title='bbox 962 4147 1245 4202; x_wconf 89' lang='lat' dir='ltr'><strong>hortulano</strong></span> <span class='ocrx_word' id='word_1_420' title='bbox 1275 4147 1809 4218; x_wconf 79' lang='lat' dir='ltr'><strong>martyris,qiiorum</strong></span> <span class='ocrx_word' id='word_1_421' title='bbox 1832 4163 1948 4202; x_wconf 89' lang='lat' dir='ltr'><strong>am-</strong></span> 
     </span>
    </p>
   </div>
   <div class='ocr_carea' id='block_1_63' title="bbox 392 4216 1947 4288">
    <p class='ocr_par' dir='ltr' id='par_1_63' title="bbox 392 4216 1947 4288">
     <span class='ocr_line' id='line_1_63' title="bbox 392 4216 1947 4288; baseline 0.001 -16"><span class='ocrx_word' id='word_1_422' title='bbox 392 4221 581 4273; x_wconf 89' lang='lat' dir='ltr'><strong>horum</strong></span> <span class='ocrx_word' id='word_1_423' title='bbox 607 4233 695 4276; x_wconf 89' lang='lat' dir='ltr'><strong>res</strong></span> <span class='ocrx_word' id='word_1_424' title='bbox 716 4219 769 4272; x_wconf 93' lang='lat' dir='ltr'><strong>in</strong></span> <span class='ocrx_word' id='word_1_425' title='bbox 803 4218 1107 4288; x_wconf 80' lang='lat' dir='ltr'><strong>Synaxario</strong></span> <span class='ocrx_word' id='word_1_426' title='bbox 1143 4216 1368 4272; x_wconf 85' lang='lat' dir='ltr'><strong>seorsim</strong></span> <span class='ocrx_word' id='word_1_427' title='bbox 1398 4216 1857 4288; x_wconf 79' lang='lat' dir='ltr'><strong>complectuntur;</strong></span> <span class='ocrx_word' id='word_1_428' title='bbox 1882 4233 1947 4275; x_wconf 89' lang='lat' dir='ltr'><strong>ac</strong></span> 
     </span>
    </p>
   </div>
   <div class='ocr_carea' id='block_1_64' title="bbox 389 4286 1947 4358">
    <p class='ocr_par' dir='ltr' id='par_1_64' title="bbox 389 4286 1947 4358">
     <span class='ocr_line' id='line_1_64' title="bbox 389 4286 1947 4358; baseline 0.004 -20"><span class='ocrx_word' id='word_1_429' title='bbox 389 4288 643 4358; x_wconf 83' lang='lat' dir='ltr'><strong>pleraque</strong></span> <span class='ocrx_word' id='word_1_430' title='bbox 684 4289 771 4343; x_wconf 91' lang='lat' dir='ltr'><strong>hic</strong></span> <span class='ocrx_word' id='word_1_431' title='bbox 816 4286 883 4343; x_wconf 83' lang='lat' dir='ltr'><strong>ab</strong></span> <span class='ocrx_word' id='word_1_432' title='bbox 915 4288 1128 4358; x_wconf 54' lang='lat' dir='ltr'><strong>Asteria</strong></span> <span class='ocrx_word' id='word_1_433' title='bbox 1171 4288 1403 4356; x_wconf 87' lang='lat' dir='ltr'><strong>ascripta</strong></span> <span class='ocrx_word' id='word_1_434' title='bbox 1438 4286 1630 4343; x_wconf 82' lang='lat' dir='ltr'><strong>Photh</strong></span> <span class='ocrx_word' id='word_1_435' title='bbox 1659 4288 1947 4358; x_wconf 82' lang='lat' dir='ltr'><strong>hortulano</strong></span> 
     </span>
    </p>
   </div>
   <div class='ocr_carea' id='block_1_65' title="bbox 392 4356 1949 4430">
    <p class='ocr_par' dir='ltr' id='par_1_65' title="bbox 392 4356 1949 4430">
     <span class='ocr_line' id='line_1_65' title="bbox 392 4356 1949 4430; baseline 0.004 -22"><span class='ocrx_word' id='word_1_436' title='bbox 392 4356 671 4430; x_wconf 73' lang='lat' dir='ltr'><strong>miracula,</strong></span> <span class='ocrx_word' id='word_1_437' title='bbox 709 4356 949 4412; x_wconf 80' lang='lat' dir='ltr'><strong>tribuunt</strong></span> <span class='ocrx_word' id='word_1_438' title='bbox 986 4358 1078 4430; x_wconf 84' lang='lat' dir='ltr'><strong>illi_</strong></span> <span class='ocrx_word' id='word_1_439' title='bbox 1093 4358 1369 4430; x_wconf 83' lang='lat' dir='ltr'><strong>episcopo,</strong></span> <span class='ocrx_word' id='word_1_440' title='bbox 1404 4359 1560 4430; x_wconf 73' lang='lat' dir='ltr'><strong>qu_’ém</strong></span> <span class='ocrx_word' id='word_1_441' title='bbox 1588 4358 1707 4413; x_wconf 91' lang='lat' dir='ltr'><strong>ideo</strong></span> <span class='ocrx_word' id='word_1_442' title='bbox 1736 4356 1949 4430; x_wconf 84' lang='grc' dir='ltr'>θαυμα-</span> 
     </span>
    </p>
   </div>
   <div class='ocr_carea' id='block_1_66' title="bbox 387 4426 1950 4499">
    <p class='ocr_par' dir='ltr' id='par_1_66' title="bbox 387 4426 1950 4499">
     <span class='ocr_line' id='line_1_66' title="bbox 387 4426 1950 4499; baseline 0.003 -18"><span class='ocrx_word' id='word_1_443' title='bbox 387 4428 616 4499; x_wconf 86' lang='grc' dir='ltr'>τουργόν</span> <span class='ocrx_word' id='word_1_444' title='bbox 643 4438 871 4499; x_wconf 83' lang='lat' dir='ltr'><strong>vocant,</strong></span> <span class='ocrx_word' id='word_1_445' title='bbox 908 4442 1014 4483; x_wconf 89' lang='lat' dir='ltr'><strong>non</strong></span> <span class='ocrx_word' id='word_1_446' title='bbox 1048 4426 1282 4483; x_wconf 88' lang='lat' dir='ltr'><strong>Pbocam</strong></span> <span class='ocrx_word' id='word_1_447' title='bbox 1313 4426 1765 4499; x_wconf 41' lang='lat' dir='ltr'><strong>hortulanum..ut</strong></span> <span class='ocrx_word' id='word_1_448' title='bbox 1790 4426 1950 4498; x_wconf 81' lang='lat' dir='ltr'><strong>plane</strong></span> 
     </span>
    </p>
   </div>
   <div class='ocr_carea' id='block_1_67' title="bbox 388 4496 2032 4568">
    <p class='ocr_par' dir='ltr' id='par_1_67' title="bbox 388 4496 2032 4568">
     <span class='ocr_line' id='line_1_67' title="bbox 388 4496 2032 4568; baseline -0.001 -16"><span class='ocrx_word' id='word_1_449' title='bbox 388 4496 611 4554; x_wconf 81' lang='lat' dir='ltr'><strong>necesse</strong></span> <span class='ocrx_word' id='word_1_450' title='bbox 637 4499 707 4555; x_wconf 86' lang='lat' dir='ltr'><strong>sit</strong></span> <span class='ocrx_word' id='word_1_451' title='bbox 736 4497 901 4554; x_wconf 81' lang='lat' dir='ltr'><strong>fuisse</strong></span> <span class='ocrx_word' id='word_1_452' title='bbox 945 4499 1218 4553; x_wconf 87' lang='lat' dir='ltr'><strong>Asterium</strong></span> <span class='ocrx_word' id='word_1_453' title='bbox 1262 4498 1493 4552; x_wconf 88' lang='lat' dir='ltr'><strong>nominis</strong></span> <span class='ocrx_word' id='word_1_454' title='bbox 1528 4496 1956 4568; x_wconf 67' lang='lat' dir='ltr'><strong>arquivocatione</strong></span> <span class='ocrx_word' id='word_1_455' title='bbox 1988 4496 2032 4551; x_wconf 91' lang='lat' dir='ltr'><strong><em>D</em></strong></span> 
     </span>
    </p>
   </div>
   <div class='ocr_carea' id='block_1_68' title="bbox 389 4568 1951 4637">
    <p class='ocr_par' dir='ltr' id='par_1_68' title="bbox 389 4568 1951 4637">
     <span class='ocr_line' id='line_1_68' title="bbox 389 4568 1951 4637; baseline 0.003 -18"><span class='ocrx_word' id='word_1_456' title='bbox 389 4570 691 4636; x_wconf 88' lang='lat' dir='ltr'><strong>deceptum,</strong></span> <span class='ocrx_word' id='word_1_457' title='bbox 727 4583 790 4623; x_wconf 90' lang='lat' dir='ltr'><strong>ac</strong></span> <span class='ocrx_word' id='word_1_458' title='bbox 821 4570 869 4624; x_wconf 92' lang='lat' dir='ltr'><strong>ei</strong></span> <span class='ocrx_word' id='word_1_459' title='bbox 905 4568 1185 4633; x_wconf 90' lang='lat' dir='ltr'><strong>accidisse,</strong></span> <span class='ocrx_word' id='word_1_460' title='bbox 1210 4568 1351 4637; x_wconf 90' lang='lat' dir='ltr'><strong>quod</strong></span> <span class='ocrx_word' id='word_1_461' title='bbox 1389 4568 1648 4636; x_wconf 79' lang='lat' dir='ltr'><strong>Gregorio</strong></span> <span class='ocrx_word' id='word_1_462' title='bbox 1677 4570 1875 4623; x_wconf 85' lang='lat' dir='ltr'><strong>accidit</strong></span> <span class='ocrx_word' id='word_1_463' title='bbox 1899 4571 1951 4623; x_wconf 93' lang='lat' dir='ltr'><strong>in</strong></span> 
     </span>
    </p>
   </div>
   <div class='ocr_carea' id='block_1_69' title="bbox 384 4637 1955 4709">
    <p class='ocr_par' dir='ltr' id='par_1_69' title="bbox 384 4637 1955 4709">
     <span class='ocr_line' id='line_1_69' title="bbox 384 4637 1955 4709; baseline 0.001 -18"><span class='ocrx_word' id='word_1_464' title='bbox 384 4638 678 4709; x_wconf 81' lang='lat' dir='ltr'><strong>Cypriano,</strong></span> <span class='ocrx_word' id='word_1_465' title='bbox 719 4639 967 4693; x_wconf 89' lang='lat' dir='ltr'><strong>eumdem</strong></span> <span class='ocrx_word' id='word_1_466' title='bbox 1012 4637 1228 4694; x_wconf 85' lang='lat' dir='ltr'><strong>facienti</strong></span> <span class='ocrx_word' id='word_1_467' title='bbox 1280 4637 1602 4709; x_wconf 84' lang='lat' dir='ltr'><strong>Cyprianum</strong></span> <span class='ocrx_word' id='word_1_468' title='bbox 1648 4654 1862 4708; x_wconf 83' lang='lat' dir='ltr'><strong>magum</strong></span> <span class='ocrx_word' id='word_1_469' title='bbox 1900 4649 1955 4692; x_wconf 89' lang='lat' dir='ltr'><strong>et</strong></span> 
     </span>
    </p>
   </div>
   <div class='ocr_carea' id='block_1_70' title="bbox 386 4708 1951 4779">
    <p class='ocr_par' dir='ltr' id='par_1_70' title="bbox 386 4708 1951 4779">
     <span class='ocr_line' id='line_1_70' title="bbox 386 4708 1951 4779; baseline -0.001 -16"><span class='ocrx_word' id='word_1_470' title='bbox 386 4708 711 4778; x_wconf 80' lang='lat' dir='ltr'><strong>Cyprianum</strong></span> <span class='ocrx_word' id='word_1_471' title='bbox 760 4708 1090 4779; x_wconf 85' lang='lat' dir='ltr'><strong>episcopum,</strong></span> <span class='ocrx_word' id='word_1_472' title='bbox 1126 4723 1262 4779; x_wconf 90' lang='lat' dir='ltr'><strong>quos</strong></span> <span class='ocrx_word' id='word_1_473' title='bbox 1302 4708 1481 4763; x_wconf 75' lang='lat' dir='ltr'><strong>vetera</strong></span> <span class='ocrx_word' id='word_1_474' title='bbox 1527 4709 1951 4779; x_wconf 14' lang='lat' dir='ltr'><strong>ac‘ﬁdelissitna</strong></span> 
     </span>
    </p>
   </div>
   <div class='ocr_carea' id='block_1_71' title="bbox 389 4777 1951 4846">
    <p class='ocr_par' dir='ltr' id='par_1_71' title="bbox 389 4777 1951 4846">
     <span class='ocr_line' id='line_1_71' title="bbox 389 4777 1951 4846; baseline 0 -15"><span class='ocrx_word' id='word_1_475' title='bbox 389 4777 731 4835; x_wconf 84' lang='lat' dir='ltr'><strong>monumenta</strong></span> <span class='ocrx_word' id='word_1_476' title='bbox 771 4777 1010 4834; x_wconf 89' lang='lat' dir='ltr'><strong>diversos</strong></span> <span class='ocrx_word' id='word_1_477' title='bbox 1067 4777 1186 4833; x_wconf 83' lang='lat' dir='ltr'><strong>esse</strong></span> <span class='ocrx_word' id='word_1_478' title='bbox 1227 4786 1513 4833; x_wconf 88' lang='lat' dir='ltr'><strong>testantur.</strong></span> <span class='ocrx_word' id='word_1_479' title='bbox 1576 4777 1751 4846; x_wconf 81' lang='lat' dir='ltr'><strong>thue</strong></span> <span class='ocrx_word' id='word_1_480' title='bbox 1802 4780 1874 4831; x_wconf 85' lang='lat' dir='ltr'><strong>ita</strong></span> <span class='ocrx_word' id='word_1_481' title='bbox 1923 4796 1951 4831; x_wconf 90' lang='lat' dir='ltr'><strong>a</strong></span> 
     </span>
    </p>
   </div>
   <div class='ocr_carea' id='block_1_72' title="bbox 386 4847 1952 4917">
    <p class='ocr_par' dir='ltr' id='par_1_72' title="bbox 386 4847 1952 4917">
     <span class='ocr_line' id='line_1_72' title="bbox 386 4847 1952 4917; baseline 0 -17"><span class='ocrx_word' id='word_1_482' title='bbox 386 4847 519 4903; x_wconf 89' lang='lat' dir='ltr'><strong>viris</strong></span> <span class='ocrx_word' id='word_1_483' title='bbox 551 4851 737 4914; x_wconf 89' lang='lat' dir='ltr'><strong>tantis,</strong></span> <span class='ocrx_word' id='word_1_484' title='bbox 776 4864 875 4903; x_wconf 92' lang='lat' dir='ltr'><strong>nec</strong></span> <span class='ocrx_word' id='word_1_485' title='bbox 917 4850 1052 4903; x_wconf 90' lang='lat' dir='ltr'><strong>adeo</strong></span> <span class='ocrx_word' id='word_1_486' title='bbox 1091 4849 1313 4912; x_wconf 82' lang='lat' dir='ltr'><strong>dissitis,</strong></span> <span class='ocrx_word' id='word_1_487' title='bbox 1353 4848 1455 4902; x_wconf 81' lang='lat' dir='ltr'><strong>ista</strong></span> <span class='ocrx_word' id='word_1_488' title='bbox 1503 4859 1716 4917; x_wconf 86' lang='lat' dir='ltr'><strong>peccata</strong></span> <span class='ocrx_word' id='word_1_489' title='bbox 1760 4849 1870 4902; x_wconf 88' lang='lat' dir='ltr'><strong>sint</strong></span> <span class='ocrx_word' id='word_1_490' title='bbox 1900 4864 1952 4900; x_wconf 85' lang='lat' dir='ltr'><strong>in</strong></span> 
     </span>
    </p>
   </div>
   <div class='ocr_carea' id='block_1_73' title="bbox 386 4917 1953 4988">
    <p class='ocr_par' dir='ltr' id='par_1_73' title="bbox 386 4917 1953 4988">
     <span class='ocr_line' id='line_1_73' title="bbox 386 4917 1953 4988; baseline -0.001 -14"><span class='ocrx_word' id='word_1_491' title='bbox 386 4929 695 4974; x_wconf 90' lang='lat' dir='ltr'><strong>sanctorum</strong></span> <span class='ocrx_word' id='word_1_492' title='bbox 732 4919 976 4983; x_wconf 83' lang='lat' dir='ltr'><strong>historia,</strong></span> <span class='ocrx_word' id='word_1_493' title='bbox 1011 4920 1137 4988; x_wconf 90' lang='lat' dir='ltr'><strong>quid</strong></span> <span class='ocrx_word' id='word_1_494' title='bbox 1174 4920 1368 4973; x_wconf 86' lang='lat' dir='ltr'><strong>mirum</strong></span> <span class='ocrx_word' id='word_1_495' title='bbox 1412 4917 1560 4982; x_wconf 87' lang='lat' dir='ltr'><strong>plura</strong></span> <span class='ocrx_word' id='word_1_496' title='bbox 1599 4917 1851 4986; x_wconf 85' lang='lat' dir='ltr'><strong>deinceps</strong></span> <span class='ocrx_word' id='word_1_497' title='bbox 1880 4920 1953 4972; x_wconf 83' lang='lat' dir='ltr'><strong>si-</strong></span> 
     </span>
    </p>
   </div>
   <div class='ocr_carea' id='block_1_74' title="bbox 388 4988 1954 5056">
    <p class='ocr_par' dir='ltr' id='par_1_74' title="bbox 388 4988 1954 5056">
     <span class='ocr_line' id='line_1_74' title="bbox 388 4988 1954 5056; baseline 0.001 -15"><span class='ocrx_word' id='word_1_498' title='bbox 388 4988 500 5042; x_wconf 87' lang='lat' dir='ltr'><strong>mili</strong></span> <span class='ocrx_word' id='word_1_499' title='bbox 522 5005 708 5045; x_wconf 90' lang='lat' dir='ltr'><strong>errore</strong></span> <span class='ocrx_word' id='word_1_500' title='bbox 732 4991 784 5043; x_wconf 89' lang='lat' dir='ltr'><strong>in</strong></span> <span class='ocrx_word' id='word_1_501' title='bbox 811 4990 954 5051; x_wconf 78' lang='lat' dir='ltr'><strong>aliis,</strong></span> <span class='ocrx_word' id='word_1_502' title='bbox 975 5004 1038 5043; x_wconf 86' lang='lat' dir='ltr'><strong>ac</strong></span> <span class='ocrx_word' id='word_1_503' title='bbox 1056 4989 1125 5041; x_wconf 87' lang='lat' dir='ltr'><strong>ab</strong></span> <span class='ocrx_word' id='word_1_504' title='bbox 1153 4989 1272 5043; x_wconf 81' lang='lat' dir='ltr'><strong>aliis</strong></span> <span class='ocrx_word' id='word_1_505' title='bbox 1298 4988 1672 5041; x_wconf 89' lang='lat' dir='ltr'><strong>remotioribus</strong></span> <span class='ocrx_word' id='word_1_506' title='bbox 1697 4988 1954 5056; x_wconf 80' lang='lat' dir='ltr'><strong>peccari?</strong></span> 
     </span>
    </p>
   </div>
   <div class='ocr_carea' id='block_1_75' title="bbox 388 5056 1951 5129">
    <p class='ocr_par' dir='ltr' id='par_1_75' title="bbox 388 5056 1951 5129">
     <span class='ocr_line' id='line_1_75' title="bbox 388 5056 1951 5129; baseline 0 -17"><span class='ocrx_word' id='word_1_507' title='bbox 388 5059 489 5125; x_wconf 78' lang='lat' dir='ltr'><strong>Qui</strong></span> <span class='ocrx_word' id='word_1_508' title='bbox 537 5060 790 5129; x_wconf 87' lang='lat' dir='ltr'><strong>ascripsit</strong></span> <span class='ocrx_word' id='word_1_509' title='bbox 835 5059 1047 5129; x_wconf 83' lang='lat' dir='ltr'><strong>titulum</strong></span> <span class='ocrx_word' id='word_1_510' title='bbox 1080 5057 1247 5128; x_wconf 84' lang='lat' dir='ltr'><strong>Regio</strong></span> <span class='ocrx_word' id='word_1_511' title='bbox 1289 5056 1513 5113; x_wconf 80' lang='lat' dir='ltr'><strong>cod.ex</strong></span> <span class='ocrx_word' id='word_1_512' title='bbox 1542 5071 1648 5129; x_wconf 82' lang='lat' dir='ltr'><strong>quo</strong></span> <span class='ocrx_word' id='word_1_513' title='bbox 1674 5056 1951 5129; x_wconf 81' lang='lat' dir='ltr'><strong>peculiare</strong></span> 
     </span>
    </p>
   </div>
   <div class='ocr_carea' id='block_1_76' title="bbox 385 5126 1954 5198">
    <p class='ocr_par' dir='ltr' id='par_1_76' title="bbox 385 5126 1954 5198">
     <span class='ocr_line' id='line_1_76' title="bbox 385 5126 1954 5198; baseline -0.002 -16"><span class='ocrx_word' id='word_1_514' title='bbox 385 5126 694 5193; x_wconf 72' lang='lat' dir='ltr'><strong>exordium,</strong></span> <span class='ocrx_word' id='word_1_515' title='bbox 719 5129 955 5196; x_wconf 88' lang='lat' dir='ltr'><strong>illudque</strong></span> <span class='ocrx_word' id='word_1_516' title='bbox 997 5126 1462 5198; x_wconf 45' lang='lat' dir='ltr'><strong>plane&#39;ornatum,</strong></span> <span class='ocrx_word' id='word_1_517' title='bbox 1499 5126 1732 5198; x_wconf 73' lang='lat' dir='ltr'><strong>edimus.</strong></span> <span class='ocrx_word' id='word_1_518' title='bbox 1767 5127 1954 5195; x_wconf 68' lang='lat' dir='ltr'><strong>appel-</strong></span> 
     </span>
    </p>
   </div>
   <div class='ocr_carea' id='block_1_77' title="bbox 387 5194 1956 5271">
    <p class='ocr_par' dir='ltr' id='par_1_77' title="bbox 387 5194 1956 5271">
     <span class='ocr_line' id='line_1_77' title="bbox 387 5194 1956 5271; baseline -0.001 -19"><span class='ocrx_word' id='word_1_519' title='bbox 387 5199 548 5271; x_wconf 87' lang='lat' dir='ltr'><strong>lando</strong></span> <span class='ocrx_word' id='word_1_520' title='bbox 574 5194 968 5271; x_wconf 61' lang='grc' dir='ltr'>ξερομάρτυρα,</span> <span class='ocrx_word' id='word_1_521' title='bbox 997 5194 1180 5271; x_wconf 37' lang='grc' dir='ltr'><strong>ξνὶάρτί-</strong></span> <span class='ocrx_word' id='word_1_522' title='bbox 1212 5194 1782 5271; x_wconf 73' lang='lat' dir='ltr'><strong>episcopuni_Phocat_n</strong></span> <span class='ocrx_word' id='word_1_523' title='bbox 1810 5194 1956 5271; x_wconf 77' lang='lat' dir='ltr'><strong>indi-</strong></span> 
     </span>
    </p>
   </div>
   <div class='ocr_carea' id='block_1_78' title="bbox 385 5266 1955 5323">
    <p class='ocr_par' dir='ltr' id='par_1_78' title="bbox 385 5266 1955 5323">
     <span class='ocr_line' id='line_1_78' title="bbox 385 5266 1955 5323; baseline -0.001 -2"><span class='ocrx_word' id='word_1_524' title='bbox 385 5270 546 5323; x_wconf 86' lang='lat' dir='ltr'><strong>cavit.</strong></span> <span class='ocrx_word' id='word_1_525' title='bbox 574 5266 751 5323; x_wconf 84' lang='lat' dir='ltr'><strong>Pottiit</strong></span> <span class='ocrx_word' id='word_1_526' title='bbox 773 5266 984 5322; x_wconf 74' lang='lat' dir='ltr'><strong>Phocas</strong></span> <span class='ocrx_word' id='word_1_527' title='bbox 1007 5267 1321 5321; x_wconf 88' lang='lat' dir='ltr'><strong>hortulanus</strong></span> <span class='ocrx_word' id='word_1_528' title='bbox 1343 5266 1541 5319; x_wconf 84' lang='lat' dir='ltr'><strong>Asterii</strong></span> <span class='ocrx_word' id='word_1_529' title='bbox 1561 5274 1717 5320; x_wconf 65' lang='lat' dir='ltr'><strong>aetate</strong></span> <span class='ocrx_word' id='word_1_530' title='bbox 1741 5268 1812 5320; x_wconf 84' lang='lat' dir='ltr'><strong>ita</strong></span> <span class='ocrx_word' id='word_1_531' title='bbox 1838 5268 1955 5321; x_wconf 87' lang='lat' dir='ltr'><strong>cla-</strong></span> 
     </span>
    </p>
   </div>
   <div class='ocr_carea' id='block_1_79' title="bbox 386 5334 1956 5402">
    <p class='ocr_par' dir='ltr' id='par_1_79' title="bbox 386 5334 1956 5402">
     <span class='ocr_line' id='line_1_79' title="bbox 386 5334 1956 5402; baseline -0.001 -9"><span class='ocrx_word' id='word_1_532' title='bbox 386 5355 530 5402; x_wconf 84' lang='lat' dir='ltr'><strong>rere,</strong></span> <span class='ocrx_word' id='word_1_533' title='bbox 563 5354 627 5393; x_wconf 89' lang='lat' dir='ltr'><strong>ac</strong></span> <span class='ocrx_word' id='word_1_534' title='bbox 671 5338 868 5394; x_wconf 89' lang='lat' dir='ltr'><strong>celebri</strong></span> <span class='ocrx_word' id='word_1_535' title='bbox 894 5339 1028 5392; x_wconf 91' lang='lat' dir='ltr'><strong>adeo</strong></span> <span class='ocrx_word' id='word_1_536' title='bbox 1066 5336 1320 5390; x_wconf 87' lang='lat' dir='ltr'><strong>memoria</strong></span> <span class='ocrx_word' id='word_1_537' title='bbox 1350 5336 1403 5388; x_wconf 90' lang='lat' dir='ltr'><strong>in</strong></span> <span class='ocrx_word' id='word_1_538' title='bbox 1433 5334 1604 5389; x_wconf 87' lang='lat' dir='ltr'><strong>Ponto</strong></span> <span class='ocrx_word' id='word_1_539' title='bbox 1632 5336 1853 5401; x_wconf 87' lang='lat' dir='ltr'><strong>habere,</strong></span> <span class='ocrx_word' id='word_1_540' title='bbox 1896 5347 1956 5391; x_wconf 93' lang='lat' dir='ltr'><strong>ut</strong></span> 
     </span>
    </p>
   </div>
   <div class='ocr_carea' id='block_1_80' title="bbox 383 5406 1954 5479">
    <p class='ocr_par' dir='ltr' id='par_1_80' title="bbox 383 5406 1954 5479">
     <span class='ocr_line' id='line_1_80' title="bbox 383 5406 1954 5479; baseline -0.002 -15"><span class='ocrx_word' id='word_1_541' title='bbox 383 5411 691 5479; x_wconf 84' lang='lat' dir='ltr'><strong>episcopum</strong></span> <span class='ocrx_word' id='word_1_542' title='bbox 724 5408 963 5479; x_wconf 69' lang='lat' dir='ltr'><strong>Phocam</strong></span> <span class='ocrx_word' id='word_1_543' title='bbox 978 5406 1320 5479; x_wconf 82' lang='lat' dir='ltr'><strong>apudplures</strong></span> <span class='ocrx_word' id='word_1_544' title='bbox 1344 5406 1632 5479; x_wconf 63' lang='lat' dir='ltr'><strong>Asiaticos,</strong></span> <span class='ocrx_word' id='word_1_545' title='bbox 1666 5408 1954 5479; x_wconf 76' lang='lat' dir='ltr'><strong>ipsumque</strong></span> 
     </span>
    </p>
   </div>
   <div class='ocr_carea' id='block_1_81' title="bbox 385 5475 1954 5545">
    <p class='ocr_par' dir='ltr' id='par_1_81' title="bbox 385 5475 1954 5545">
     <span class='ocr_line' id='line_1_81' title="bbox 385 5475 1954 5545; baseline 0 -13"><span class='ocrx_word' id='word_1_546' title='bbox 385 5475 521 5534; x_wconf 82' lang='lat' dir='ltr'><strong>adeo</strong></span> <span class='ocrx_word' id='word_1_547' title='bbox 563 5475 859 5543; x_wconf 77' lang='lat' dir='ltr'><strong>Asterium,</strong></span> <span class='ocrx_word' id='word_1_548' title='bbox 889 5475 1166 5531; x_wconf 79' lang='lat' dir='ltr'><strong>offuscarit</strong></span> <span class='ocrx_word' id='word_1_549' title='bbox 1197 5476 1375 5545; x_wconf 91' lang='lat' dir='ltr'><strong>:quod</strong></span> <span class='ocrx_word' id='word_1_550' title='bbox 1418 5476 1472 5530; x_wconf 91' lang='lat' dir='ltr'><strong>in</strong></span> <span class='ocrx_word' id='word_1_551' title='bbox 1523 5476 1643 5532; x_wconf 91' lang='lat' dir='ltr'><strong>aliis</strong></span> <span class='ocrx_word' id='word_1_552' title='bbox 1685 5475 1954 5532; x_wconf 70' lang='lat' dir='ltr'><strong>accidisse</strong></span> 
     </span>
    </p>
   </div>
   <div class='ocr_carea' id='block_1_82' title="bbox 383 5545 1953 5617">
    <p class='ocr_par' dir='ltr' id='par_1_82' title="bbox 383 5545 1953 5617">
     <span class='ocr_line' id='line_1_82' title="bbox 383 5545 1953 5617; baseline -0.001 -14"><span class='ocrx_word' id='word_1_553' title='bbox 383 5550 609 5613; x_wconf 87' lang='lat' dir='ltr'><strong>scimus,</strong></span> <span class='ocrx_word' id='word_1_554' title='bbox 638 5557 697 5602; x_wconf 90' lang='lat' dir='ltr'><strong>ut</strong></span> <span class='ocrx_word' id='word_1_555' title='bbox 735 5550 787 5602; x_wconf 93' lang='lat' dir='ltr'><strong>in</strong></span> <span class='ocrx_word' id='word_1_556' title='bbox 816 5546 875 5602; x_wconf 90' lang='lat' dir='ltr'><strong>S.</strong></span> <span class='ocrx_word' id='word_1_557' title='bbox 909 5546 970 5601; x_wconf 88' lang='lat' dir='ltr'><strong>P.</strong></span> <span class='ocrx_word' id='word_1_558' title='bbox 996 5545 1060 5602; x_wconf 90' lang='lat' dir='ltr'><strong>N.</strong></span> <span class='ocrx_word' id='word_1_559' title='bbox 1092 5545 1393 5617; x_wconf 81' lang='lat' dir='ltr'><strong>Dominico,</strong></span> <span class='ocrx_word' id='word_1_560' title='bbox 1419 5546 1642 5617; x_wconf 86' lang='lat' dir='ltr'><strong>ejusque</strong></span> <span class='ocrx_word' id='word_1_561' title='bbox 1665 5548 1953 5617; x_wconf 83' lang='lat' dir='ltr'><strong>cognonui-</strong></span> 
     </span>
    </p>
   </div>
   <div class='ocr_carea' id='block_1_83' title="bbox 384 5616 1954 5686">
    <p class='ocr_par' dir='ltr' id='par_1_83' title="bbox 384 5616 1954 5686">
     <span class='ocr_line' id='line_1_83' title="bbox 384 5616 1954 5686; baseline 0 -14"><span class='ocrx_word' id='word_1_562' title='bbox 384 5634 453 5673; x_wconf 88' lang='lat' dir='ltr'><strong>ne</strong></span> <span class='ocrx_word' id='word_1_563' title='bbox 482 5618 761 5673; x_wconf 90' lang='lat' dir='ltr'><strong>Dominico</strong></span> <span class='ocrx_word' id='word_1_564' title='bbox 787 5632 816 5671; x_wconf 85' lang='lat' dir='ltr'><strong>a</strong></span> <span class='ocrx_word' id='word_1_565' title='bbox 839 5617 953 5672; x_wconf 89' lang='lat' dir='ltr'><strong>Silo</strong></span> <span class='ocrx_word' id='word_1_566' title='bbox 983 5631 1048 5672; x_wconf 92' lang='lat' dir='ltr'><strong>eo</strong></span> <span class='ocrx_word' id='word_1_567' title='bbox 1076 5616 1387 5684; x_wconf 87' lang='lat' dir='ltr'><strong>antiquiori,</strong></span> <span class='ocrx_word' id='word_1_568' title='bbox 1429 5616 1482 5670; x_wconf 91' lang='lat' dir='ltr'><strong>in</strong></span> <span class='ocrx_word' id='word_1_569' title='bbox 1514 5616 1834 5686; x_wconf 78' lang='lat' dir='ltr'><strong>quibusdam</strong></span> <span class='ocrx_word' id='word_1_570' title='bbox 1868 5616 1954 5672; x_wconf 74' lang='lat' dir='ltr'><strong>lo-</strong></span> 
     </span>
    </p>
   </div>
   <div class='ocr_carea' id='block_1_84' title="bbox 381 5685 1955 5755">
    <p class='ocr_par' dir='ltr' id='par_1_84' title="bbox 381 5685 1955 5755">
     <span class='ocr_line' id='line_1_84' title="bbox 381 5685 1955 5755; baseline 0 -13"><span class='ocrx_word' id='word_1_571' title='bbox 381 5687 780 5754; x_wconf 61' lang='lat' dir='ltr'><strong>cis-Hispaniae.</strong></span> <span class='ocrx_word' id='word_1_572' title='bbox 809 5687 961 5753; x_wconf 75' lang='lat' dir='ltr'><strong>Quod</strong></span> <span class='ocrx_word' id='word_1_573' title='bbox 994 5689 1066 5741; x_wconf 90' lang='lat' dir='ltr'><strong>ait</strong></span> <span class='ocrx_word' id='word_1_574' title='bbox 1093 5686 1373 5751; x_wconf 86' lang='lat' dir='ltr'><strong>Baronius,</strong></span> <span class='ocrx_word' id='word_1_575' title='bbox 1408 5702 1623 5755; x_wconf 87' lang='lat' dir='ltr'><strong>passum</strong></span> <span class='ocrx_word' id='word_1_576' title='bbox 1653 5701 1773 5744; x_wconf 86' lang='lat' dir='ltr'><strong>esse</strong></span> <span class='ocrx_word' id='word_1_577' title='bbox 1814 5685 1955 5742; x_wconf 81' lang='lat' dir='ltr'><strong>Pho-</strong></span> 
     </span>
    </p>
   </div>
   <div class='ocr_carea' id='block_1_85' title="bbox 380 5758 1953 5829">
    <p class='ocr_par' dir='ltr' id='par_1_85' title="bbox 380 5758 1953 5829">
     <span class='ocr_line' id='line_1_85' title="bbox 380 5758 1953 5829; baseline 0.002 -18"><span class='ocrx_word' id='word_1_578' title='bbox 380 5772 500 5812; x_wconf 85' lang='lat' dir='ltr'><strong>cam</strong></span> <span class='ocrx_word' id='word_1_579' title='bbox 533 5758 870 5812; x_wconf 84' lang='lat' dir='ltr'><strong>hortulanum</strong></span> <span class='ocrx_word' id='word_1_580' title='bbox 902 5758 1218 5824; x_wconf 71' lang='lat' dir='ltr'><strong>Antiochiae,</strong></span> <span class='ocrx_word' id='word_1_581' title='bbox 1269 5771 1372 5813; x_wconf 87' lang='lat' dir='ltr'><strong>non</strong></span> <span class='ocrx_word' id='word_1_582' title='bbox 1415 5759 1650 5828; x_wconf 81' lang='lat' dir='ltr'><strong>Sinope;</strong></span> <span class='ocrx_word' id='word_1_583' title='bbox 1689 5760 1953 5829; x_wconf 77' lang='lat' dir='ltr'><strong>&#39;putatoue</strong></span> 
     </span>
    </p>
   </div>
   <div class='ocr_carea' id='block_1_86' title="bbox 2075 1878 3271 1951">
    <p class='ocr_par' dir='ltr' id='par_1_86' title="bbox 2075 1878 3271 1951">
     <span class='ocr_line' id='line_1_86' title="bbox 2075 1878 3271 1951; baseline 0.001 -20"><span class='ocrx_word' id='word_1_584' title='bbox 2075 1879 2292 1951; x_wconf 85' lang='grc' dir='ltr'>ήγυριν,</span> <span class='ocrx_word' id='word_1_585' title='bbox 2326 1879 2421 1933; x_wconf 72' lang='grc' dir='ltr'>καὶ</span> <span class='ocrx_word' id='word_1_586' title='bbox 2463 1878 2731 1942; x_wconf 83' lang='grc' dir='ltr'>τοσαύτης</span> <span class='ocrx_word' id='word_1_587' title='bbox 2762 1879 2953 1950; x_wconf 75' lang='grc' dir='ltr'>ἑορτῆς</span> <span class='ocrx_word' id='word_1_588' title='bbox 2994 1878 3271 1949; x_wconf 74' lang='grc' dir='ltr'>ἀφορμῄν.</span> 
     </span>
    </p>
   </div>
   <div class='ocr_carea' id='block_1_87' title="bbox 2144 2134 3662 2213">
    <p class='ocr_par' dir='ltr' id='par_1_87' title="bbox 2144 2134 3662 2213">
     <span class='ocr_line' id='line_1_87' title="bbox 2144 2134 3662 2213; baseline -0.005 -18"><span class='ocrx_word' id='word_1_589' title='bbox 2144 2140 2328 2195; x_wconf 81' lang='grc' dir='ltr'>Ταῦτα</span> <span class='ocrx_word' id='word_1_590' title='bbox 2353 2142 2508 2213; x_wconf 77' lang='grc' dir='ltr'>ἡμῖν,</span> <span class='ocrx_word' id='word_1_591' title='bbox 2545 2134 2590 2194; x_wconf 79' lang='grc' dir='ltr'><strong>ὦ</strong></span> <span class='ocrx_word' id='word_1_592' title='bbox 2629 2140 3038 2213; x_wconf 69' lang='grc' dir='ltr'>τρισμακάριοι,</span> <span class='ocrx_word' id='word_1_593' title='bbox 3077 2140 3308 2211; x_wconf 75' lang='grc' dir='ltr'>ήνεγκεν</span> <span class='ocrx_word' id='word_1_594' title='bbox 3354 2139 3383 2190; x_wconf 84' lang='grc' dir='ltr'>ὁ</span> <span class='ocrx_word' id='word_1_595' title='bbox 3430 2137 3662 2208; x_wconf 85' lang='grc' dir='ltr'>ὲτήσιος</span> 
     </span>
    </p>
   </div>
   <div class='ocr_carea' id='block_1_88' title="bbox 2074 2228 3659 2305">
    <p class='ocr_par' dir='ltr' id='par_1_88' title="bbox 2074 2228 3659 2305">
     <span class='ocr_line' id='line_1_88' title="bbox 2074 2228 3659 2305; baseline -0.004 -18"><span class='ocrx_word' id='word_1_596' title='bbox 2074 2234 2255 2305; x_wconf 82' lang='grc' dir='ltr'>νόμος,</span> <span class='ocrx_word' id='word_1_597' title='bbox 2285 2233 2431 2304; x_wconf 81' lang='grc' dir='ltr'>ὑμᾶς</span> <span class='ocrx_word' id='word_1_598' title='bbox 2459 2232 2560 2303; x_wconf 85' lang='grc' dir='ltr'>μὲν</span> <span class='ocrx_word' id='word_1_599' title='bbox 2596 2231 2987 2305; x_wconf 84' lang='grc' dir='ltr'>ἀνακηρύττων</span> <span class='ocrx_word' id='word_1_600' title='bbox 3012 2229 3291 2301; x_wconf 79' lang='grc' dir='ltr'>πανταχοῦ</span> <span class='ocrx_word' id='word_1_601' title='bbox 3315 2229 3391 2293; x_wconf 85' lang='grc' dir='ltr'>ὼς</span> <span class='ocrx_word' id='word_1_602' title='bbox 3431 2228 3659 2291; x_wconf 78' lang='grc' dir='ltr'>κοινοὺς</span> 
     </span>
    </p>
   </div>
   <div class='ocr_carea' id='block_1_89' title="bbox 2072 2319 3657 2397">
    <p class='ocr_par' dir='ltr' id='par_1_89' title="bbox 2072 2319 3657 2397">
     <span class='ocr_line' id='line_1_89' title="bbox 2072 2319 3657 2397; baseline -0.005 -18"><span class='ocrx_word' id='word_1_603' title='bbox 2072 2326 2170 2397; x_wconf 85' lang='grc' dir='ltr'>τῆς</span> <span class='ocrx_word' id='word_1_604' title='bbox 2200 2323 2525 2394; x_wconf 80' lang='grc' dir='ltr'>οἰκουμένης</span> <span class='ocrx_word' id='word_1_605' title='bbox 2544 2323 2802 2394; x_wconf 82' lang='grc' dir='ltr'>ἀθλητὰς,</span> <span class='ocrx_word' id='word_1_606' title='bbox 2840 2321 3064 2393; x_wconf 84' lang='grc' dir='ltr'>βελτιῶν</span> <span class='ocrx_word' id='word_1_607' title='bbox 3097 2321 3156 2374; x_wconf 87' lang='grc' dir='ltr'>δὲ</span> <span class='ocrx_word' id='word_1_608' title='bbox 3178 2321 3277 2384; x_wconf 81' lang='grc' dir='ltr'>τὰς</span> <span class='ocrx_word' id='word_1_609' title='bbox 3303 2319 3411 2373; x_wconf 85' lang='grc' dir='ltr'><strong>τῶν</strong></span> <span class='ocrx_word' id='word_1_610' title='bbox 3433 2319 3657 2391; x_wconf 82' lang='grc' dir='ltr'>ἀνθρώ-</span> 
     </span>
    </p>
   </div>
   <div class='ocr_carea' id='block_1_90' title="bbox 2073 2411 3659 2488">
    <p class='ocr_par' dir='ltr' id='par_1_90' title="bbox 2073 2411 3659 2488">
     <span class='ocr_line' id='line_1_90' title="bbox 2073 2411 3659 2488; baseline -0.005 -18"><span class='ocrx_word' id='word_1_611' title='bbox 2073 2434 2191 2470; x_wconf 88' lang='grc' dir='ltr'><strong>πων</strong></span> <span class='ocrx_word' id='word_1_612' title='bbox 2231 2415 2457 2488; x_wconf 85' lang='grc' dir='ltr'>γνώμας</span> <span class='ocrx_word' id='word_1_613' title='bbox 2491 2415 2581 2471; x_wconf 86' lang='grc' dir='ltr'>διὰ</span> <span class='ocrx_word' id='word_1_614' title='bbox 2612 2416 2713 2488; x_wconf 82' lang='grc' dir='ltr'>τῆς</span> <span class='ocrx_word' id='word_1_615' title='bbox 2757 2414 3029 2487; x_wconf 78' lang='grc' dir='ltr'>ὑμετέρας</span> <span class='ocrx_word' id='word_1_616' title='bbox 3071 2412 3258 2484; x_wconf 77' lang='grc' dir='ltr'>τιμῆς.</span> <span class='ocrx_word' id='word_1_617' title='bbox 3307 2412 3502 2484; x_wconf 77' lang='grc' dir='ltr'>’Δρετὴ</span> <span class='ocrx_word' id='word_1_618' title='bbox 3537 2411 3659 2482; x_wconf 79' lang='grc' dir='ltr'><strong>γὰρ</strong></span> 
     </span>
    </p>
   </div>
   <div class='ocr_carea' id='block_1_91' title="bbox 2071 2501 3657 2579">
    <p class='ocr_par' dir='ltr' id='par_1_91' title="bbox 2071 2501 3657 2579">
     <span class='ocr_line' id='line_1_91' title="bbox 2071 2501 3657 2579; baseline -0.004 -19"><span class='ocrx_word' id='word_1_619' title='bbox 2071 2507 2381 2579; x_wconf 82' lang='grc' dir='ltr'>τιμωμένη,</span> <span class='ocrx_word' id='word_1_620' title='bbox 2414 2506 2641 2569; x_wconf 82' lang='grc' dir='ltr'>πολλοὺς</span> <span class='ocrx_word' id='word_1_621' title='bbox 2686 2505 2889 2577; x_wconf 88' lang='grc' dir='ltr'>ἐγείρει</span> <span class='ocrx_word' id='word_1_622' title='bbox 2926 2504 3061 2576; x_wconf 83' lang='grc' dir='ltr'>πρὸς</span> <span class='ocrx_word' id='word_1_623' title='bbox 3103 2501 3297 2575; x_wconf 74' lang='grc' dir='ltr'>ζῆλονο</span> <span class='ocrx_word' id='word_1_624' title='bbox 3339 2503 3395 2555; x_wconf 90' lang='grc' dir='ltr'><strong>ἐν</strong></span> <span class='ocrx_word' id='word_1_625' title='bbox 3423 2502 3657 2573; x_wconf 82' lang='grc' dir='ltr'>Χριστῴ</span> 
     </span>
    </p>
   </div>
   <div class='ocr_carea' id='block_1_92' title="bbox 2084 2587 3657 2667">
    <p class='ocr_par' dir='ltr' id='par_1_92' title="bbox 2084 2587 3657 2667">
     <span class='ocr_line' id='line_1_92' title="bbox 2084 2587 3657 2667; baseline -0.004 -18"><span class='ocrx_word' id='word_1_626' title='bbox 2084 2594 2257 2667; x_wconf 81' lang='grc' dir='ltr'>Ἰησοῦ</span> <span class='ocrx_word' id='word_1_627' title='bbox 2290 2594 2367 2666; x_wconf 84' lang='grc' dir='ltr'>τῷ</span> <span class='ocrx_word' id='word_1_628' title='bbox 2392 2594 2581 2667; x_wconf 86' lang='grc' dir='ltr'>Κυρίῳ</span> <span class='ocrx_word' id='word_1_629' title='bbox 2610 2593 2797 2665; x_wconf 78' lang='grc' dir='ltr'>ἡμῶν,</span> <span class='ocrx_word' id='word_1_630' title='bbox 2830 2587 2874 2661; x_wconf 81' lang='grc' dir='ltr'>ᾧ</span> <span class='ocrx_word' id='word_1_631' title='bbox 2902 2594 2936 2664; x_wconf 83' lang='grc' dir='ltr'><strong>ἡ</strong></span> <span class='ocrx_word' id='word_1_632' title='bbox 2961 2592 3107 2660; x_wconf 71' lang='grc' dir='ltr'>δόξα,</span> <span class='ocrx_word' id='word_1_633' title='bbox 3139 2593 3232 2646; x_wconf 71' lang='grc' dir='ltr'>καὶ</span> <span class='ocrx_word' id='word_1_634' title='bbox 3252 2591 3315 2645; x_wconf 80' lang='grc' dir='ltr'>τὸ</span> <span class='ocrx_word' id='word_1_635' title='bbox 3342 2591 3542 2663; x_wconf 79' lang='grc' dir='ltr'>κράτος</span> <span class='ocrx_word' id='word_1_636' title='bbox 3565 2593 3657 2654; x_wconf 71' lang='grc' dir='ltr'><strong>είς</strong></span> 
     </span>
    </p>
   </div>
   <div class='ocr_carea' id='block_1_93' title="bbox 2068 2686 2693 2759">
    <p class='ocr_par' dir='ltr' id='par_1_93' title="bbox 2068 2686 2693 2759">
     <span class='ocr_line' id='line_1_93' title="bbox 2068 2686 2693 2759; baseline -0.002 -18"><span class='ocrx_word' id='word_1_637' title='bbox 2068 2687 2192 2752; x_wconf 78' lang='grc' dir='ltr'>τοὺς</span> <span class='ocrx_word' id='word_1_638' title='bbox 2235 2686 2454 2751; x_wconf 77' lang='grc' dir='ltr'>αἰῶνας.</span> <span class='ocrx_word' id='word_1_639' title='bbox 2503 2687 2693 2759; x_wconf 78' lang='grc' dir='ltr'>Ἀμήν.</span> 
     </span>
    </p>
   </div>
   <div class='ocr_carea' id='block_1_94' title="bbox 2822 2780 2899 2834">
    <p class='ocr_par' dir='ltr' id='par_1_94' title="bbox 2822 2780 2899 2834">
     <span class='ocr_line' id='line_1_94' title="bbox 2822 2780 2899 2834; baseline 0.026 -2"><span class='ocrx_word' id='word_1_640' title='bbox 2822 2780 2899 2834; x_wconf 85' lang='grc' dir='ltr'><strong>Θ.</strong></span> 
     </span>
    </p>
   </div>
   <div class='ocr_carea' id='block_1_95' title="bbox 2221 2866 3497 2944">
    <p class='ocr_par' dir='ltr' id='par_1_95' title="bbox 2221 2866 3497 2944">
     <span class='ocr_line' id='line_1_95' title="bbox 2221 2866 3497 2944; baseline -0.002 -19"><span class='ocrx_word' id='word_1_641' title='bbox 2221 2872 2536 2944; x_wconf 73' lang='grc' dir='ltr'>Ἐγκώμιον</span> <span class='ocrx_word' id='word_1_642' title='bbox 2559 2876 2647 2938; x_wconf 79' lang='grc' dir='ltr'><strong>εις</strong></span> <span class='ocrx_word' id='word_1_643' title='bbox 2664 2871 2831 2944; x_wconf 78' lang='grc' dir='ltr'>ἅγιον</span> <span class='ocrx_word' id='word_1_644' title='bbox 2857 2875 3246 2940; x_wconf 80' lang='grc' dir='ltr'>ἱερομαρτυρα</span> <span class='ocrx_word' id='word_1_645' title='bbox 3268 2866 3497 2923; x_wconf 79' lang='grc' dir='ltr'><strong>Φωκᾶν.</strong></span> 
     </span>
    </p>
   </div>
   <div class='ocr_carea' id='block_1_96' title="bbox 2135 3029 3649 3104">
    <p class='ocr_par' dir='ltr' id='par_1_96' title="bbox 2135 3029 3649 3104">
     <span class='ocr_line' id='line_1_96' title="bbox 2135 3029 3649 3104; baseline -0.002 -19"><span class='ocrx_word' id='word_1_646' title='bbox 2135 3030 2289 3104; x_wconf 85' lang='grc' dir='ltr'>Καλὴ</span> <span class='ocrx_word' id='word_1_647' title='bbox 2322 3030 2416 3086; x_wconf 77' lang='grc' dir='ltr'>καὶ</span> <span class='ocrx_word' id='word_1_648' title='bbox 2448 3030 2805 3102; x_wconf 80' lang='grc' dir='ltr'>συμφέρουσα</span> <span class='ocrx_word' id='word_1_649' title='bbox 2839 3030 2950 3092; x_wconf 80' lang='grc' dir='ltr'>τοῖς</span> <span class='ocrx_word' id='word_1_650' title='bbox 2976 3029 3335 3099; x_wconf 83' lang='grc' dir='ltr'>ἀσκουμένοις</span> <span class='ocrx_word' id='word_1_651' title='bbox 3372 3030 3441 3082; x_wconf 82' lang='grc' dir='ltr'><strong>τὰ</strong></span> <span class='ocrx_word' id='word_1_652' title='bbox 3468 3047 3649 3083; x_wconf 87' lang='grc' dir='ltr'>σπου-</span> 
     </span>
    </p>
   </div>
   <div class='ocr_carea' id='block_1_97' title="bbox 2064 3122 3653 3211">
    <p class='ocr_par' dir='ltr' id='par_1_97' title="bbox 2064 3122 3653 3211">
     <span class='ocr_line' id='line_1_97' title="bbox 2064 3122 3653 3211; baseline 0 -34"><span class='ocrx_word' id='word_1_653' title='bbox 2064 3122 2210 3192; x_wconf 82' lang='grc' dir='ltr'>δαΐα,</span> <span class='ocrx_word' id='word_1_654' title='bbox 2252 3124 2361 3178; x_wconf 87' lang='grc' dir='ltr'><strong>τῶν</strong></span> <span class='ocrx_word' id='word_1_655' title='bbox 2399 3124 2568 3194; x_wconf 86' lang='grc' dir='ltr'>ἀγίων</span> <span class='ocrx_word' id='word_1_656' title='bbox 2601 3126 2636 3197; x_wconf 82' lang='grc' dir='ltr'>ἡ</span> <span class='ocrx_word' id='word_1_657' title='bbox 2675 3124 2884 3209; x_wconf 84' lang='grc' dir='ltr'>μνήμη.</span> <span class='ocrx_word' id='word_1_658' title='bbox 2904 3123 3008 3211; x_wconf 31' lang='lat' dir='ltr'><strong>Ine</strong></span> <span class='ocrx_word' id='word_1_659' title='bbox 3055 3123 3166 3195; x_wconf 89' lang='grc' dir='ltr'><strong>γάρ</strong></span> <span class='ocrx_word' id='word_1_660' title='bbox 3213 3122 3358 3195; x_wconf 84' lang='grc' dir='ltr'>λόγῳ</span> <span class='ocrx_word' id='word_1_661' title='bbox 3394 3122 3653 3178; x_wconf 85' lang='grc' dir='ltr'>παιδεύει</span> 
     </span>
    </p>
   </div>
   <div class='ocr_carea' id='block_1_98' title="bbox 2057 3303 3649 3379">
    <p class='ocr_par' dir='ltr' id='par_1_98' title="bbox 2057 3303 3649 3379">
     <span class='ocr_line' id='line_1_98' title="bbox 2057 3303 3649 3379; baseline -0.001 -15"><span class='ocrx_word' id='word_1_662' title='bbox 2057 3307 2445 3379; x_wconf 17' lang='grc' dir='ltr'>εοοερὶεεοίετ</span> <span class='ocrx_word' id='word_1_663' title='bbox 2490 3304 2648 3379; x_wconf 62' lang='lat' dir='ltr'><strong>Rom.</strong></span> <span class='ocrx_word' id='word_1_664' title='bbox 2688 3304 3066 3379; x_wconf 82' lang='lat' dir='ltr'><strong>Martyrologio</strong></span> <span class='ocrx_word' id='word_1_665' title='bbox 3103 3321 3164 3361; x_wconf 85' lang='lat' dir='ltr'><strong>Ill</strong></span> <span class='ocrx_word' id='word_1_666' title='bbox 3205 3304 3386 3361; x_wconf 88' lang='lat' dir='ltr'><strong>Nonas</strong></span> <span class='ocrx_word' id='word_1_667' title='bbox 3436 3303 3649 3379; x_wconf 59' lang='grc' dir='ltr'>Μαι·ιίἰ,</span> 
     </span>
    </p>
   </div>
   <div class='ocr_carea' id='block_1_99' title="bbox 2058 3375 3642 3443">
    <p class='ocr_par' dir='ltr' id='par_1_99' title="bbox 2058 3375 3642 3443">
     <span class='ocr_line' id='line_1_99' title="bbox 2058 3375 3642 3443; baseline 0 -9"><span class='ocrx_word' id='word_1_668' title='bbox 2058 3375 2208 3434; x_wconf 83' lang='lat' dir='ltr'><strong>nullo</strong></span> <span class='ocrx_word' id='word_1_669' title='bbox 2244 3378 2404 3432; x_wconf 84' lang='lat' dir='ltr'><strong>modo</strong></span> <span class='ocrx_word' id='word_1_670' title='bbox 2430 3376 2485 3438; x_wconf 87' lang='lat' dir='ltr'><strong>in</strong></span> <span class='ocrx_word' id='word_1_671' title='bbox 2520 3375 2751 3429; x_wconf 87' lang='lat' dir='ltr'><strong>Phocam</strong></span> <span class='ocrx_word' id='word_1_672' title='bbox 2794 3375 3159 3440; x_wconf 81' lang='lat' dir='ltr'><strong>hertulanum,</strong></span> <span class='ocrx_word' id='word_1_673' title='bbox 3187 3391 3253 3431; x_wconf 87' lang='lat' dir='ltr'><strong>ac</strong></span> <span class='ocrx_word' id='word_1_674' title='bbox 3277 3391 3436 3443; x_wconf 88' lang='lat' dir='ltr'><strong>quem</strong></span> <span class='ocrx_word' id='word_1_675' title='bbox 3479 3376 3642 3435; x_wconf 75' lang='lat' dir='ltr'><strong>Aste-</strong></span> 
     </span>
    </p>
   </div>
   <div class='ocr_carea' id='block_1_100' title="bbox 2060 3444 3645 3516">
    <p class='ocr_par' dir='ltr' id='par_1_100' title="bbox 2060 3444 3645 3516">
     <span class='ocr_line' id='line_1_100' title="bbox 2060 3444 3645 3516; baseline 0.001 -12"><span class='ocrx_word' id='word_1_676' title='bbox 2060 3450 2176 3504; x_wconf 90' lang='lat' dir='ltr'><strong>rius</strong></span> <span class='ocrx_word' id='word_1_677' title='bbox 2223 3447 2482 3511; x_wconf 87' lang='lat' dir='ltr'><strong>celebrat,</strong></span> <span class='ocrx_word' id='word_1_678' title='bbox 2531 3447 2816 3516; x_wconf 88' lang='lat' dir='ltr'><strong>autetiam</strong></span> <span class='ocrx_word' id='word_1_679' title='bbox 2857 3444 3031 3516; x_wconf 66' lang='lat' dir='ltr'><strong>Graeci</strong></span> <span class='ocrx_word' id='word_1_680' title='bbox 3066 3447 3250 3501; x_wconf 90' lang='lat' dir='ltr'><strong>colunt</strong></span> <span class='ocrx_word' id='word_1_681' title='bbox 3277 3445 3348 3500; x_wconf 74' lang='lat'><strong>22</strong></span> <span class='ocrx_word' id='word_1_682' title='bbox 3388 3445 3645 3516; x_wconf 82' lang='lat' dir='ltr'><strong>Septem.</strong></span> 
     </span>
    </p>
   </div>
   <div class='ocr_carea' id='block_1_101' title="bbox 2062 3514 3645 3588">
    <p class='ocr_par' dir='ltr' id='par_1_101' title="bbox 2062 3514 3645 3588">
     <span class='ocr_line' id='line_1_101' title="bbox 2062 3514 3645 3588; baseline 0.001 -18"><span class='ocrx_word' id='word_1_683' title='bbox 2062 3518 2313 3588; x_wconf 75' lang='lat' dir='ltr'><strong>quadrat.</strong></span> <span class='ocrx_word' id='word_1_684' title='bbox 2342 3520 2420 3571; x_wconf 82' lang='lat' dir='ltr'><strong>Ac</strong></span> <span class='ocrx_word' id='word_1_685' title='bbox 2448 3517 2609 3588; x_wconf 80' lang='lat' dir='ltr'><strong>plane</strong></span> <span class='ocrx_word' id='word_1_686' title='bbox 2638 3515 2803 3588; x_wconf 71' lang='lat' dir='ltr'><strong>alius</strong></span> <span class='ocrx_word' id='word_1_687' title='bbox 2823 3517 2895 3577; x_wconf 82' lang='lat' dir='ltr'><strong>sit</strong></span> <span class='ocrx_word' id='word_1_688' title='bbox 2935 3514 3103 3588; x_wconf 80' lang='lat' dir='ltr'><strong>Syrus</strong></span> <span class='ocrx_word' id='word_1_689' title='bbox 3119 3516 3228 3588; x_wconf 79' lang='lat' dir='ltr'><strong>_ille</strong></span> <span class='ocrx_word' id='word_1_690' title='bbox 3261 3514 3473 3588; x_wconf 84' lang='lat' dir='ltr'><strong>martyr</strong></span> <span class='ocrx_word' id='word_1_691' title='bbox 3487 3516 3645 3572; x_wconf 82' lang='lat' dir='ltr'><strong>Pim-</strong></span> 
     </span>
    </p>
   </div>
   <div class='ocr_carea' id='block_1_102' title="bbox 2062 3585 3645 3658">
    <p class='ocr_par' dir='ltr' id='par_1_102' title="bbox 2062 3585 3645 3658">
     <span class='ocr_line' id='line_1_102' title="bbox 2062 3585 3645 3658; baseline 0.001 -15"><span class='ocrx_word' id='word_1_692' title='bbox 2062 3585 2155 3644; x_wconf 79' lang='lat' dir='ltr'><strong>cas</strong></span> <span class='ocrx_word' id='word_1_693' title='bbox 2186 3587 2417 3658; x_wconf 84' lang='lat' dir='ltr'><strong>Romani</strong></span> <span class='ocrx_word' id='word_1_694' title='bbox 2444 3586 2807 3658; x_wconf 80' lang='lat' dir='ltr'><strong>Martyrologii</strong></span> <span class='ocrx_word' id='word_1_695' title='bbox 2830 3601 2904 3658; x_wconf 85' lang='lat' dir='ltr'><strong>ac</strong></span> <span class='ocrx_word' id='word_1_696' title='bbox 2928 3585 3086 3658; x_wconf 79' lang='lat' dir='ltr'><strong>Greg.</strong></span> <span class='ocrx_word' id='word_1_697' title='bbox 3117 3585 3417 3650; x_wconf 75' lang='lat' dir='ltr'><strong>Turonen.,</strong></span> <span class='ocrx_word' id='word_1_698' title='bbox 3453 3602 3505 3643; x_wconf 87' lang='lat' dir='ltr'><strong>c.</strong></span> <span class='ocrx_word' id='word_1_699' title='bbox 3544 3590 3645 3654; x_wconf 87' lang='lat'><strong>99,</strong></span> 
     </span>
    </p>
   </div>
   <div class='ocr_carea' id='block_1_103' title="bbox 2061 3656 3644 3726">
    <p class='ocr_par' dir='ltr' id='par_1_103' title="bbox 2061 3656 3644 3726">
     <span class='ocr_line' id='line_1_103' title="bbox 2061 3656 3644 3726; baseline 0.001 -14"><span class='ocrx_word' id='word_1_700' title='bbox 2061 3675 2091 3712; x_wconf 82' lang='lat' dir='ltr'><strong>a</strong></span> <span class='ocrx_word' id='word_1_701' title='bbox 2135 3656 2343 3712; x_wconf 86' lang='lat' dir='ltr'><strong>duobus</strong></span> <span class='ocrx_word' id='word_1_702' title='bbox 2377 3656 2618 3710; x_wconf 87' lang='lat' dir='ltr'><strong>Ponticis</strong></span> <span class='ocrx_word' id='word_1_703' title='bbox 2653 3671 2717 3711; x_wconf 88' lang='lat' dir='ltr'><strong>ac</strong></span> <span class='ocrx_word' id='word_1_704' title='bbox 2749 3656 3021 3721; x_wconf 82' lang='lat' dir='ltr'><strong>Asiaticis,</strong></span> <span class='ocrx_word' id='word_1_705' title='bbox 3044 3656 3188 3726; x_wconf 79' lang='lat' dir='ltr'><strong>quos</strong></span> <span class='ocrx_word' id='word_1_706' title='bbox 3230 3665 3438 3710; x_wconf 85' lang='lat' dir='ltr'><strong>tantum</strong></span> <span class='ocrx_word' id='word_1_707' title='bbox 3477 3658 3644 3714; x_wconf 71' lang='lat' dir='ltr'><strong>Gne-</strong></span> 
     </span>
    </p>
   </div>
   <div class='ocr_carea' id='block_1_104' title="bbox 2060 3726 3642 3797">
    <p class='ocr_par' dir='ltr' id='par_1_104' title="bbox 2060 3726 3642 3797">
     <span class='ocr_line' id='line_1_104' title="bbox 2060 3726 3642 3797; baseline -0.001 -14"><span class='ocrx_word' id='word_1_708' title='bbox 2060 3728 2163 3793; x_wconf 86' lang='lat' dir='ltr'><strong>cia,</strong></span> <span class='ocrx_word' id='word_1_709' title='bbox 2189 3737 2247 3782; x_wconf 91' lang='lat' dir='ltr'><strong>ut</strong></span> <span class='ocrx_word' id='word_1_710' title='bbox 2276 3727 2618 3797; x_wconf 90' lang='lat' dir='ltr'><strong>peculiariter</strong></span> <span class='ocrx_word' id='word_1_711' title='bbox 2648 3741 2797 3797; x_wconf 84' lang='lat' dir='ltr'><strong>suos,</strong></span> <span class='ocrx_word' id='word_1_712' title='bbox 2827 3742 2889 3781; x_wconf 91' lang='lat' dir='ltr'><strong>ac</strong></span> <span class='ocrx_word' id='word_1_713' title='bbox 2920 3727 2973 3781; x_wconf 89' lang='lat' dir='ltr'><strong>in</strong></span> <span class='ocrx_word' id='word_1_714' title='bbox 3010 3727 3229 3783; x_wconf 63' lang='lat' dir='ltr'><strong>dioecesi</strong></span> <span class='ocrx_word' id='word_1_715' title='bbox 3271 3726 3642 3797; x_wconf 70' lang='lat' dir='ltr'><strong>Coustinoim-</strong></span> 
     </span>
    </p>
   </div>
   <div class='ocr_carea' id='block_1_105' title="bbox 2059 3796 3641 3867">
    <p class='ocr_par' dir='ltr' id='par_1_105' title="bbox 2059 3796 3641 3867">
     <span class='ocr_line' id='line_1_105' title="bbox 2059 3796 3641 3867; baseline 0.001 -14"><span class='ocrx_word' id='word_1_716' title='bbox 2059 3799 2224 3853; x_wconf 90' lang='lat' dir='ltr'><strong>litana</strong></span> <span class='ocrx_word' id='word_1_717' title='bbox 2257 3813 2462 3867; x_wconf 82' lang='lat' dir='ltr'><strong>passos.</strong></span> <span class='ocrx_word' id='word_1_718' title='bbox 2487 3797 2587 3867; x_wconf 73' lang='lat' dir='ltr'><strong>sibi</strong></span> <span class='ocrx_word' id='word_1_719' title='bbox 2610 3796 2866 3853; x_wconf 80' lang='lat' dir='ltr'><strong>colendos</strong></span> <span class='ocrx_word' id='word_1_720' title='bbox 2895 3799 3181 3865; x_wconf 89' lang='lat' dir='ltr'><strong>acceperit.</strong></span> <span class='ocrx_word' id='word_1_721' title='bbox 3225 3797 3458 3865; x_wconf 81' lang='lat' dir='ltr'><strong>Excepto</strong></span> <span class='ocrx_word' id='word_1_722' title='bbox 3483 3796 3641 3855; x_wconf 90' lang='lat' dir='ltr'><strong>enim</strong></span> 
     </span>
    </p>
   </div>
   <div class='ocr_carea' id='block_1_106' title="bbox 2062 3865 3638 3937">
    <p class='ocr_par' dir='ltr' id='par_1_106' title="bbox 2062 3865 3638 3937">
     <span class='ocr_line' id='line_1_106' title="bbox 2062 3865 3638 3937; baseline -0.001 -14"><span class='ocrx_word' id='word_1_723' title='bbox 2062 3865 2302 3934; x_wconf 80' lang='lat' dir='ltr'><strong>nomine,</strong></span> <span class='ocrx_word' id='word_1_724' title='bbox 2337 3867 2468 3923; x_wconf 90' lang='lat' dir='ltr'><strong>nihil</strong></span> <span class='ocrx_word' id='word_1_725' title='bbox 2499 3865 2787 3922; x_wconf 73' lang='lat' dir='ltr'><strong>Phocaeilli</strong></span> <span class='ocrx_word' id='word_1_726' title='bbox 2817 3883 2938 3922; x_wconf 87' lang='lat' dir='ltr'><strong>cum</strong></span> <span class='ocrx_word' id='word_1_727' title='bbox 2964 3867 3161 3937; x_wconf 91' lang='lat' dir='ltr'><strong>duplici</strong></span> <span class='ocrx_word' id='word_1_728' title='bbox 3190 3867 3412 3922; x_wconf 86' lang='lat' dir='ltr'><strong>Pontico</strong></span> <span class='ocrx_word' id='word_1_729' title='bbox 3443 3883 3505 3923; x_wconf 88' lang='lat' dir='ltr'><strong>ac</strong></span> <span class='ocrx_word' id='word_1_730' title='bbox 3542 3868 3638 3924; x_wconf 85' lang='lat' dir='ltr'><strong>Si-</strong></span> 
     </span>
    </p>
   </div>
   <div class='ocr_carea' id='block_1_107' title="bbox 2058 3937 3640 4008">
    <p class='ocr_par' dir='ltr' id='par_1_107' title="bbox 2058 3937 3640 4008">
     <span class='ocr_line' id='line_1_107' title="bbox 2058 3937 3640 4008; baseline 0.002 -17"><span class='ocrx_word' id='word_1_731' title='bbox 2058 3939 2306 4008; x_wconf 86' lang='lat' dir='ltr'><strong>nopensi,</strong></span> <span class='ocrx_word' id='word_1_732' title='bbox 2356 3939 2589 3992; x_wconf 81' lang='lat' dir='ltr'><strong>maxime</strong></span> <span class='ocrx_word' id='word_1_733' title='bbox 2622 3954 2741 3991; x_wconf 89' lang='lat' dir='ltr'><strong>cum</strong></span> <span class='ocrx_word' id='word_1_734' title='bbox 2779 3937 3061 3991; x_wconf 86' lang='lat' dir='ltr'><strong>hortulano</strong></span> <span class='ocrx_word' id='word_1_735' title='bbox 3105 3948 3306 4001; x_wconf 86' lang='lat' dir='ltr'><strong>nostro,</strong></span> <span class='ocrx_word' id='word_1_736' title='bbox 3343 3953 3640 3994; x_wconf 85' lang='lat' dir='ltr'><strong>commune</strong></span> 
     </span>
    </p>
   </div>
   <div class='ocr_carea' id='block_1_108' title="bbox 2060 4008 3640 4077">
    <p class='ocr_par' dir='ltr' id='par_1_108' title="bbox 2060 4008 3640 4077">
     <span class='ocr_line' id='line_1_108' title="bbox 2060 4008 3640 4077; baseline 0.002 -16"><span class='ocrx_word' id='word_1_737' title='bbox 2060 4009 2326 4073; x_wconf 81' lang='lat' dir='ltr'><strong>invenias,</strong></span> <span class='ocrx_word' id='word_1_738' title='bbox 2357 4023 2454 4063; x_wconf 91' lang='lat' dir='ltr'><strong>nec</strong></span> <span class='ocrx_word' id='word_1_739' title='bbox 2486 4009 2681 4069; x_wconf 91' lang='lat' dir='ltr'><strong>locum,</strong></span> <span class='ocrx_word' id='word_1_740' title='bbox 2711 4022 2808 4061; x_wconf 89' lang='lat' dir='ltr'><strong>nec</strong></span> <span class='ocrx_word' id='word_1_741' title='bbox 2834 4008 3046 4077; x_wconf 87' lang='lat' dir='ltr'><strong>modum</strong></span> <span class='ocrx_word' id='word_1_742' title='bbox 3074 4010 3360 4077; x_wconf 87' lang='lat' dir='ltr'><strong>passionis,</strong></span> <span class='ocrx_word' id='word_1_743' title='bbox 3381 4023 3478 4063; x_wconf 90' lang='lat' dir='ltr'><strong>nec</strong></span> <span class='ocrx_word' id='word_1_744' title='bbox 3510 4011 3640 4064; x_wconf 69' lang='lat' dir='ltr'><strong>vita!</strong></span> 
     </span>
    </p>
   </div>
   <div class='ocr_carea' id='block_1_109' title="bbox 2059 4076 3634 4147">
    <p class='ocr_par' dir='ltr' id='par_1_109' title="bbox 2059 4076 3634 4147">
     <span class='ocr_line' id='line_1_109' title="bbox 2059 4076 3634 4147; baseline 0.001 -15"><span class='ocrx_word' id='word_1_745' title='bbox 2059 4078 2391 4141; x_wconf 89' lang='lat' dir='ltr'><strong>institutum,</strong></span> <span class='ocrx_word' id='word_1_746' title='bbox 2422 4094 2519 4133; x_wconf 86' lang='lat' dir='ltr'><strong>nec</strong></span> <span class='ocrx_word' id='word_1_747' title='bbox 2558 4077 2840 4147; x_wconf 83' lang='lat' dir='ltr'><strong>miracula.</strong></span> <span class='ocrx_word' id='word_1_748' title='bbox 2889 4076 3058 4131; x_wconf 85' lang='lat' dir='ltr'><strong>Verba</strong></span> <span class='ocrx_word' id='word_1_749' title='bbox 3078 4076 3449 4147; x_wconf 34' lang='lat' dir='ltr'><strong>&#39;Martyrologii</strong></span> <span class='ocrx_word' id='word_1_750' title='bbox 3478 4090 3634 4145; x_wconf 88' lang='lat' dir='ltr'><strong>sunt,</strong></span> 
     </span>
    </p>
   </div>
   <div class='ocr_carea' id='block_1_110' title="bbox 2056 4146 3634 4218">
    <p class='ocr_par' dir='ltr' id='par_1_110' title="bbox 2056 4146 3634 4218">
     <span class='ocr_line' id='line_1_110' title="bbox 2056 4146 3634 4218; baseline 0.003 -18"><span class='ocrx_word' id='word_1_751' title='bbox 2056 4163 2118 4204; x_wconf 91' lang='lat' dir='ltr'><strong>ac</strong></span> <span class='ocrx_word' id='word_1_752' title='bbox 2151 4148 2595 4218; x_wconf 76' lang='lat' dir='ltr'><strong>Gregoriicitati,</strong></span> <span class='ocrx_word' id='word_1_753' title='bbox 2622 4163 2751 4218; x_wconf 53' lang='lat' dir='ltr'><strong>cap.</strong></span> <span class='ocrx_word' id='word_1_754' title='bbox 2770 4146 2862 4201; x_wconf 89' lang='lat' dir='ltr'><strong>illo</strong></span> <span class='ocrx_word' id='word_1_755' title='bbox 2890 4147 2957 4203; x_wconf 89' lang='lat'><strong>99</strong></span> <span class='ocrx_word' id='word_1_756' title='bbox 2988 4147 3063 4200; x_wconf 88' lang='lat' dir='ltr'><strong>De</strong></span> <span class='ocrx_word' id='word_1_757' title='bbox 3085 4148 3253 4217; x_wconf 83' lang='lat' dir='ltr'><strong>gloria</strong></span> <span class='ocrx_word' id='word_1_758' title='bbox 3290 4146 3584 4217; x_wconf 78' lang='lat' dir='ltr'><strong>martyrum</strong></span> <span class='ocrx_word' id='word_1_759' title='bbox 3610 4166 3634 4204; x_wconf 91' lang='lat'><strong><em>:</em></strong></span> 
     </span>
    </p>
   </div>
   <div class='ocr_carea' id='block_1_111' title="bbox 2054 4215 3633 4289">
    <p class='ocr_par' dir='ltr' id='par_1_111' title="bbox 2054 4215 3633 4289">
     <span class='ocr_line' id='line_1_111' title="bbox 2054 4215 3633 4289; baseline 0.001 -20"><span class='ocrx_word' id='word_1_760' title='bbox 2054 4215 2345 4274; x_wconf 66' lang='lat' dir='ltr'><strong>Antiochia</strong></span> <span class='ocrx_word' id='word_1_761' title='bbox 2386 4216 2596 4272; x_wconf 84' lang='lat' dir='ltr'><strong>Natalis</strong></span> <span class='ocrx_word' id='word_1_762' title='bbox 2622 4215 2907 4289; x_wconf 55' lang='lat' dir='ltr'><strong>S.&#39;_Plioca:</strong></span> <span class='ocrx_word' id='word_1_763' title='bbox 2941 4215 3207 4289; x_wconf 67' lang='lat' dir='ltr'><strong>martyris,</strong></span> <span class='ocrx_word' id='word_1_764' title='bbox 3231 4222 3320 4288; x_wconf 85' lang='lat' dir='ltr'><strong>qui</strong></span> <span class='ocrx_word' id='word_1_765' title='bbox 3344 4215 3455 4289; x_wconf 71' lang='lat' dir='ltr'><strong>post</strong></span> <span class='ocrx_word' id='word_1_766' title='bbox 3485 4220 3633 4271; x_wconf 86' lang='lat' dir='ltr'><strong>mul-</strong></span> 
     </span>
    </p>
   </div>
   <div class='ocr_carea' id='block_1_112' title="bbox 2058 4287 3632 4358">
    <p class='ocr_par' dir='ltr' id='par_1_112' title="bbox 2058 4287 3632 4358">
     <span class='ocr_line' id='line_1_112' title="bbox 2058 4287 3632 4358; baseline 0.001 -17"><span class='ocrx_word' id='word_1_767' title='bbox 2058 4298 2157 4353; x_wconf 86' lang='lat' dir='ltr'><strong>tas,</strong></span> <span class='ocrx_word' id='word_1_768' title='bbox 2184 4306 2312 4358; x_wconf 86' lang='lat' dir='ltr'><strong>quas</strong></span> <span class='ocrx_word' id='word_1_769' title='bbox 2335 4304 2426 4351; x_wconf 78' lang='lat' dir='ltr'><strong>pro</strong></span> <span class='ocrx_word' id='word_1_770' title='bbox 2454 4289 2658 4341; x_wconf 80' lang='lat' dir='ltr'><strong>nomine</strong></span> <span class='ocrx_word' id='word_1_771' title='bbox 2682 4287 3037 4354; x_wconf 77' lang='lat' dir='ltr'><strong>Rcdempmris</strong></span> <span class='ocrx_word' id='word_1_772' title='bbox 3068 4287 3252 4354; x_wconf 73' lang='lat' dir='ltr'><strong>passus</strong></span> <span class='ocrx_word' id='word_1_773' title='bbox 3278 4298 3353 4341; x_wconf 83' lang='lat' dir='ltr'><strong>est</strong></span> <span class='ocrx_word' id='word_1_774' title='bbox 3377 4288 3632 4356; x_wconf 79' lang='lat' dir='ltr'><strong>injurias,</strong></span> 
     </span>
    </p>
   </div>
   <div class='ocr_carea' id='block_1_113' title="bbox 2054 4358 3633 4429">
    <p class='ocr_par' dir='ltr' id='par_1_113' title="bbox 2054 4358 3633 4429">
     <span class='ocr_line' id='line_1_113' title="bbox 2054 4358 3633 4429; baseline 0.002 -19"><span class='ocrx_word' id='word_1_775' title='bbox 2054 4361 2281 4429; x_wconf 84' lang='lat' dir='ltr'><strong>qualiter</strong></span> <span class='ocrx_word' id='word_1_776' title='bbox 2308 4361 2371 4412; x_wconf 84' lang='lat' dir='ltr'><strong>de</strong></span> <span class='ocrx_word' id='word_1_777' title='bbox 2398 4359 2616 4429; x_wconf 78' lang='lat' dir='ltr'><strong>antiquo</strong></span> <span class='ocrx_word' id='word_1_778' title='bbox 2648 4359 2739 4429; x_wconf 73' lang='lat' dir='ltr'><strong>illo</strong></span> <span class='ocrx_word' id='word_1_779' title='bbox 2768 4367 3002 4429; x_wconf 76' lang='lat' dir='ltr'><strong>serpente</strong></span> <span class='ocrx_word' id='word_1_780' title='bbox 3029 4358 3441 4427; x_wconf 80' lang='lat' dir='ltr'><strong>triumphaverit,</strong></span> <span class='ocrx_word' id='word_1_781' title='bbox 3470 4359 3633 4414; x_wconf 82' lang='lat' dir='ltr'><strong>hodie</strong></span> 
     </span>
    </p>
   </div>
   <div class='ocr_carea' id='block_1_114' title="bbox 2055 4423 3624 4498">
    <p class='ocr_par' dir='ltr' id='par_1_114' title="bbox 2055 4423 3624 4498">
     <span class='ocr_line' id='line_1_114' title="bbox 2055 4423 3624 4498; baseline 0.001 -17"><span class='ocrx_word' id='word_1_782' title='bbox 2055 4423 2257 4498; x_wconf 73' lang='lat' dir='ltr'><strong>quoque</strong></span> <span class='ocrx_word' id='word_1_783' title='bbox 2287 4427 2491 4498; x_wconf 78' lang='lat' dir='ltr'><strong>populis</strong></span> <span class='ocrx_word' id='word_1_784' title='bbox 2516 4423 2575 4481; x_wconf 82' lang='lat' dir='ltr'><strong>eo</strong></span> <span class='ocrx_word' id='word_1_785' title='bbox 2601 4423 2859 4498; x_wconf 59' lang='lat' dir='ltr'><strong>miraculo</strong></span> <span class='ocrx_word' id='word_1_786' title='bbox 2877 4423 3198 4491; x_wconf 67' lang='lat' dir='ltr'><strong>declaratur,</strong></span> <span class='ocrx_word' id='word_1_787' title='bbox 3226 4430 3365 4497; x_wconf 87' lang='lat' dir='ltr'><strong>quod</strong></span> <span class='ocrx_word' id='word_1_788' title='bbox 3408 4423 3457 4482; x_wconf 80' lang='lat' dir='ltr'><strong>si</strong></span> <span class='ocrx_word' id='word_1_789' title='bbox 3480 4432 3624 4498; x_wconf 80' lang='lat' dir='ltr'><strong>quis-</strong></span> 
     </span>
    </p>
   </div>
   <div class='ocr_carea' id='block_1_115' title="bbox 2057 4496 3629 4566">
    <p class='ocr_par' dir='ltr' id='par_1_115' title="bbox 2057 4496 3629 4566">
     <span class='ocr_line' id='line_1_115' title="bbox 2057 4496 3629 4566; baseline 0.003 -17"><span class='ocrx_word' id='word_1_790' title='bbox 2057 4496 2198 4566; x_wconf 73' lang='lat' dir='ltr'><strong>pimit</strong></span> <span class='ocrx_word' id='word_1_791' title='bbox 2235 4496 2544 4566; x_wconf 8' lang='lat' dir='ltr'><strong>alserpente</strong></span> <span class='ocrx_word' id='word_1_792' title='bbox 2598 4513 2801 4551; x_wconf 59' lang='lat' dir='ltr'><strong>morsus</strong></span> <span class='ocrx_word' id='word_1_793' title='bbox 2829 4496 3007 4565; x_wconf 77' lang='lat' dir='ltr'><strong>fuerit,</strong></span> <span class='ocrx_word' id='word_1_794' title='bbox 3042 4509 3096 4551; x_wconf 90' lang='lat' dir='ltr'><strong>ut</strong></span> <span class='ocrx_word' id='word_1_795' title='bbox 3123 4496 3345 4566; x_wconf 82' lang='lat' dir='ltr'><strong>januam</strong></span> <span class='ocrx_word' id='word_1_796' title='bbox 3389 4496 3629 4554; x_wconf 79' lang='lat' dir='ltr'><strong>basilica:</strong></span> 
     </span>
    </p>
   </div>
   <div class='ocr_carea' id='block_1_116' title="bbox 2055 4568 3626 4637">
    <p class='ocr_par' dir='ltr' id='par_1_116' title="bbox 2055 4568 3626 4637">
     <span class='ocr_line' id='line_1_116' title="bbox 2055 4568 3626 4637; baseline 0.001 -15"><span class='ocrx_word' id='word_1_797' title='bbox 2055 4570 2304 4637; x_wconf 85' lang='lat' dir='ltr'><strong>martyris</strong></span> <span class='ocrx_word' id='word_1_798' title='bbox 2336 4568 2826 4637; x_wconf 8' lang='lat' dir='ltr'><strong>credensgattigerit,</strong></span> <span class='ocrx_word' id='word_1_799' title='bbox 2855 4570 3122 4636; x_wconf 77' lang='lat' dir='ltr'><strong>confestim</strong></span> <span class='ocrx_word' id='word_1_800' title='bbox 3156 4577 3405 4622; x_wconf 84' lang='lat' dir='ltr'><strong>euacuata</strong></span> <span class='ocrx_word' id='word_1_801' title='bbox 3433 4570 3626 4624; x_wconf 76' lang='lat' dir='ltr'><strong>virtute</strong></span> 
     </span>
    </p>
   </div>
   <div class='ocr_carea' id='block_1_117' title="bbox 2056 4635 3631 4704">
    <p class='ocr_par' dir='ltr' id='par_1_117' title="bbox 2056 4635 3631 4704">
     <span class='ocr_line' id='line_1_117' title="bbox 2056 4635 3631 4704; baseline 0.001 -12"><span class='ocrx_word' id='word_1_802' title='bbox 2056 4635 2233 4692; x_wconf 77' lang='lat' dir='ltr'><strong>veneni</strong></span> <span class='ocrx_word' id='word_1_803' title='bbox 2276 4648 2516 4692; x_wconf 83' lang='lat' dir='ltr'><strong>sanatur.</strong></span> <span class='ocrx_word' id='word_1_804' title='bbox 2552 4635 2696 4690; x_wconf 89' lang='lat' dir='ltr'><strong>Nihil</strong></span> <span class='ocrx_word' id='word_1_805' title='bbox 2730 4637 2933 4704; x_wconf 86' lang='lat' dir='ltr'><strong>horum</strong></span> <span class='ocrx_word' id='word_1_806' title='bbox 2956 4635 3044 4692; x_wconf 82' lang='lat' dir='ltr'><strong>vel</strong></span> <span class='ocrx_word' id='word_1_807' title='bbox 3072 4639 3339 4701; x_wconf 84' lang='lat' dir='ltr'><strong>Asterius.</strong></span> <span class='ocrx_word' id='word_1_808' title='bbox 3374 4639 3455 4692; x_wconf 92' lang='lat' dir='ltr'><strong>vel</strong></span> <span class='ocrx_word' id='word_1_809' title='bbox 3486 4639 3631 4693; x_wconf 83' lang='lat' dir='ltr'><strong>alius</strong></span> 
     </span>
    </p>
   </div>
   <div class='ocr_carea' id='block_1_118' title="bbox 2056 4708 3626 4795">
    <p class='ocr_par' dir='ltr' id='par_1_118' title="bbox 2056 4708 3626 4795">
     <span class='ocr_line' id='line_1_118' title="bbox 2056 4708 3626 4795; baseline 0.003 -36"><span class='ocrx_word' id='word_1_810' title='bbox 2056 4708 2892 4795; x_wconf 34' lang='lat' dir='ltr'><strong>qpisquamrlexceptoLBairouio</strong></span> <span class='ocrx_word' id='word_1_811' title='bbox 2930 4708 3225 4795; x_wconf 49' lang='lat' dir='ltr'><strong>divina-nte,</strong></span> <span class='ocrx_word' id='word_1_812' title='bbox 3260 4724 3322 4762; x_wconf 86' lang='lat' dir='ltr'><strong>ac</strong></span> <span class='ocrx_word' id='word_1_813' title='bbox 3342 4708 3515 4795; x_wconf 63' lang='lat' dir='ltr'><strong>§urio</strong></span> <span class='ocrx_word' id='word_1_814' title='bbox 3555 4724 3626 4764; x_wconf 77' lang='lat' dir='ltr'><strong>ex</strong></span> 
     </span>
    </p>
   </div>
   <div class='ocr_carea' id='block_1_119' title="bbox 2057 4778 3627 4845">
    <p class='ocr_par' dir='ltr' id='par_1_119' title="bbox 2057 4778 3627 4845">
     <span class='ocr_line' id='line_1_119' title="bbox 2057 4778 3627 4845; baseline 0.002 -16"><span class='ocrx_word' id='word_1_815' title='bbox 2057 4778 2146 4830; x_wconf 92' lang='lat' dir='ltr'><strong>illo</strong></span> <span class='ocrx_word' id='word_1_816' title='bbox 2188 4778 2651 4845; x_wconf 10' lang='lat' dir='ltr'><strong>exscribente,‘g_itl</strong></span> <span class='ocrx_word' id='word_1_817' title='bbox 2696 4778 3013 4831; x_wconf 88' lang='lat' dir='ltr'><strong>alterutrum</strong></span> <span class='ocrx_word' id='word_1_818' title='bbox 3056 4778 3287 4832; x_wconf 82' lang='lat' dir='ltr'><strong>Phocam</strong></span> <span class='ocrx_word' id='word_1_819' title='bbox 3340 4778 3627 4835; x_wconf 80' lang='lat' dir='ltr'><strong>Ponticum</strong></span> 
     </span>
    </p>
   </div>
   <div class='ocr_carea' id='block_1_120' title="bbox 2056 4846 3625 4918">
    <p class='ocr_par' dir='ltr' id='par_1_120' title="bbox 2056 4846 3625 4918">
     <span class='ocr_line' id='line_1_120' title="bbox 2056 4846 3625 4918; baseline 0.003 -19"><span class='ocrx_word' id='word_1_820' title='bbox 2056 4849 2204 4910; x_wconf 68' lang='lat' dir='ltr'><strong>dicit,</strong></span> <span class='ocrx_word' id='word_1_821' title='bbox 2263 4864 2495 4914; x_wconf 78' lang='lat' dir='ltr'><strong>cumque</strong></span> <span class='ocrx_word' id='word_1_822' title='bbox 2539 4846 2691 4915; x_wconf 75' lang='lat' dir='ltr'><strong>plura</strong></span> <span class='ocrx_word' id='word_1_823' title='bbox 2748 4849 3005 4901; x_wconf 86' lang='lat' dir='ltr'><strong>miracula</strong></span> <span class='ocrx_word' id='word_1_824' title='bbox 3050 4849 3310 4911; x_wconf 81' lang='lat' dir='ltr'><strong>referant,</strong></span> <span class='ocrx_word' id='word_1_825' title='bbox 3350 4853 3625 4918; x_wconf 79' lang='lat' dir='ltr'><strong>quomodo</strong></span> 
     </span>
    </p>
   </div>
   <div class='ocr_carea' id='block_1_121' title="bbox 2055 4919 3620 4986">
    <p class='ocr_par' dir='ltr' id='par_1_121' title="bbox 2055 4919 3620 4986">
     <span class='ocr_line' id='line_1_121' title="bbox 2055 4919 3620 4986; baseline -0.001 -16"><span class='ocrx_word' id='word_1_826' title='bbox 2055 4932 2148 4971; x_wconf 91' lang='lat' dir='ltr'><strong>eos</strong></span> <span class='ocrx_word' id='word_1_827' title='bbox 2186 4926 2328 4971; x_wconf 89' lang='lat' dir='ltr'><strong>tanta</strong></span> <span class='ocrx_word' id='word_1_828' title='bbox 2387 4919 2472 4971; x_wconf 87' lang='lat' dir='ltr'><strong>illa</strong></span> <span class='ocrx_word' id='word_1_829' title='bbox 2526 4919 2698 4971; x_wconf 86' lang='lat' dir='ltr'><strong>virtus</strong></span> <span class='ocrx_word' id='word_1_830' title='bbox 2741 4919 2967 4986; x_wconf 83' lang='lat' dir='ltr'><strong>pellendi</strong></span> <span class='ocrx_word' id='word_1_831' title='bbox 3008 4933 3230 4982; x_wconf 86' lang='lat' dir='ltr'><strong>venena,</strong></span> <span class='ocrx_word' id='word_1_832' title='bbox 3279 4920 3389 4975; x_wconf 83' lang='lat' dir='ltr'><strong>sola</strong></span> <span class='ocrx_word' id='word_1_833' title='bbox 3441 4921 3620 4974; x_wconf 79' lang='lat' dir='ltr'><strong>latuit.</strong></span> 
     </span>
    </p>
   </div>
   <div class='ocr_carea' id='block_1_122' title="bbox 2055 4986 3617 5062">
    <p class='ocr_par' dir='ltr' id='par_1_122' title="bbox 2055 4986 3617 5062">
     <span class='ocr_line' id='line_1_122' title="bbox 2055 4986 3617 5062; baseline 0.003 -23"><span class='ocrx_word' id='word_1_834' title='bbox 2055 5002 2213 5062; x_wconf 72' lang='lat' dir='ltr'><strong>quam</strong></span> <span class='ocrx_word' id='word_1_835' title='bbox 2240 5002 2397 5062; x_wconf 77' lang='lat' dir='ltr'><strong>unam</strong></span> <span class='ocrx_word' id='word_1_836' title='bbox 2433 4988 2487 5041; x_wconf 91' lang='lat' dir='ltr'><strong>in</strong></span> <span class='ocrx_word' id='word_1_837' title='bbox 2527 4987 2663 5062; x_wconf 78' lang='lat' dir='ltr'><strong>Syro</strong></span> <span class='ocrx_word' id='word_1_838' title='bbox 2701 4986 2877 5062; x_wconf 83' lang='lat' dir='ltr'><strong>Phoea</strong></span> <span class='ocrx_word' id='word_1_839' title='bbox 2909 4986 3218 5062; x_wconf 69' lang='lat' dir='ltr'><strong>Gregorius,</strong></span> <span class='ocrx_word' id='word_1_840' title='bbox 3255 5005 3317 5044; x_wconf 87' lang='lat' dir='ltr'><strong>ac</strong></span> <span class='ocrx_word' id='word_1_841' title='bbox 3350 4991 3617 5062; x_wconf 78' lang='lat' dir='ltr'><strong>Martyro-</strong></span> 
     </span>
    </p>
   </div>
   <div class='ocr_carea' id='block_1_123' title="bbox 2058 5057 3625 5130">
    <p class='ocr_par' dir='ltr' id='par_1_123' title="bbox 2058 5057 3625 5130">
     <span class='ocr_line' id='line_1_123' title="bbox 2058 5057 3625 5130; baseline 0.004 -21"><span class='ocrx_word' id='word_1_842' title='bbox 2058 5057 2252 5130; x_wconf 71' lang='lat' dir='ltr'><strong>logium</strong></span> <span class='ocrx_word' id='word_1_843' title='bbox 2289 5059 2513 5130; x_wconf 72' lang='lat' dir='ltr'><strong>llotnan.</strong></span> <span class='ocrx_word' id='word_1_844' title='bbox 2544 5057 2615 5111; x_wconf 87' lang='lat' dir='ltr'><strong>ita</strong></span> <span class='ocrx_word' id='word_1_845' title='bbox 2648 5058 2995 5126; x_wconf 59' lang='lat' dir='ltr'><strong>praedicavit?</strong></span> <span class='ocrx_word' id='word_1_846' title='bbox 3036 5058 3159 5112; x_wconf 79' lang='lat' dir='ltr'><strong>Mihi</strong></span> <span class='ocrx_word' id='word_1_847' title='bbox 3197 5075 3327 5130; x_wconf 81' lang='lat' dir='ltr'><strong>ergo</strong></span> <span class='ocrx_word' id='word_1_848' title='bbox 3365 5057 3502 5115; x_wconf 79' lang='lat' dir='ltr'><strong>alius</strong></span> <span class='ocrx_word' id='word_1_849' title='bbox 3537 5071 3625 5130; x_wconf 74' lang='lat' dir='ltr'><strong>est</strong></span> 
     </span>
    </p>
   </div>
   <div class='ocr_carea' id='block_1_124' title="bbox 2059 5126 3621 5197">
    <p class='ocr_par' dir='ltr' id='par_1_124' title="bbox 2059 5126 3621 5197">
     <span class='ocr_line' id='line_1_124' title="bbox 2059 5126 3621 5197; baseline 0.002 -17"><span class='ocrx_word' id='word_1_850' title='bbox 2059 5126 2264 5181; x_wconf 74' lang='lat' dir='ltr'><strong>Phocus</strong></span> <span class='ocrx_word' id='word_1_851' title='bbox 2295 5128 2382 5182; x_wconf 91' lang='lat' dir='ltr'><strong>ille</strong></span> <span class='ocrx_word' id='word_1_852' title='bbox 2411 5143 2440 5179; x_wconf 92' lang='lat' dir='ltr'><strong>a</strong></span> <span class='ocrx_word' id='word_1_853' title='bbox 2478 5127 2734 5189; x_wconf 78' lang='lat' dir='ltr'><strong>Ponticis,</strong></span> <span class='ocrx_word' id='word_1_854' title='bbox 2773 5143 2871 5183; x_wconf 84' lang='lat' dir='ltr'><strong>nec</strong></span> <span class='ocrx_word' id='word_1_855' title='bbox 2900 5130 2943 5181; x_wconf 91' lang='lat' dir='ltr'><strong>si</strong></span> <span class='ocrx_word' id='word_1_856' title='bbox 2978 5131 3103 5197; x_wconf 86' lang='lat' dir='ltr'><strong>quid</strong></span> <span class='ocrx_word' id='word_1_857' title='bbox 3142 5126 3389 5184; x_wconf 79' lang='lat' dir='ltr'><strong>Asterius</strong></span> <span class='ocrx_word' id='word_1_858' title='bbox 3424 5128 3621 5183; x_wconf 84' lang='lat' dir='ltr'><strong>confu-</strong></span> 
     </span>
    </p>
   </div>
   <div class='ocr_carea' id='block_1_125' title="bbox 2057 5197 3623 5267">
    <p class='ocr_par' dir='ltr' id='par_1_125' title="bbox 2057 5197 3623 5267">
     <span class='ocr_line' id='line_1_125' title="bbox 2057 5197 3623 5267; baseline 0.003 -17"><span class='ocrx_word' id='word_1_859' title='bbox 2057 5197 2152 5259; x_wconf 91' lang='lat' dir='ltr'><strong>dit,</strong></span> <span class='ocrx_word' id='word_1_860' title='bbox 2193 5198 2243 5250; x_wconf 92' lang='lat' dir='ltr'><strong>in</strong></span> <span class='ocrx_word' id='word_1_861' title='bbox 2291 5213 2355 5251; x_wconf 90' lang='lat' dir='ltr'><strong>eo</strong></span> <span class='ocrx_word' id='word_1_862' title='bbox 2411 5200 2679 5267; x_wconf 80' lang='lat' dir='ltr'><strong>putandus</strong></span> <span class='ocrx_word' id='word_1_863' title='bbox 2704 5208 2786 5251; x_wconf 90' lang='lat' dir='ltr'><strong>est</strong></span> <span class='ocrx_word' id='word_1_864' title='bbox 2818 5197 3145 5261; x_wconf 73' lang='lat' dir='ltr'><strong>confudisse,</strong></span> <span class='ocrx_word' id='word_1_865' title='bbox 3176 5202 3267 5255; x_wconf 89' lang='lat' dir='ltr'><strong>sed</strong></span> <span class='ocrx_word' id='word_1_866' title='bbox 3305 5201 3354 5252; x_wconf 91' lang='lat' dir='ltr'><strong>in</strong></span> <span class='ocrx_word' id='word_1_867' title='bbox 3385 5202 3498 5253; x_wconf 85' lang='lat' dir='ltr'><strong>suis</strong></span> <span class='ocrx_word' id='word_1_868' title='bbox 3529 5201 3623 5254; x_wconf 85' lang='lat' dir='ltr'><strong>Si-</strong></span> 
     </span>
    </p>
   </div>
   <div class='ocr_carea' id='block_1_126' title="bbox 2058 5266 3620 5337">
    <p class='ocr_par' dir='ltr' id='par_1_126' title="bbox 2058 5266 3620 5337">
     <span class='ocr_line' id='line_1_126' title="bbox 2058 5266 3620 5337; baseline 0.003 -19"><span class='ocrx_word' id='word_1_869' title='bbox 2058 5266 2423 5334; x_wconf 33' lang='lat' dir='ltr'><strong>nopeusibus.’</strong></span> <span class='ocrx_word' id='word_1_870' title='bbox 2443 5266 2691 5337; x_wconf 81' lang='lat' dir='ltr'><strong>Episcopi</strong></span> <span class='ocrx_word' id='word_1_871' title='bbox 2752 5269 3004 5335; x_wconf 83' lang='lat' dir='ltr'><strong>reliquias</strong></span> <span class='ocrx_word' id='word_1_872' title='bbox 3037 5271 3194 5323; x_wconf 89' lang='lat' dir='ltr'><strong>tradit</strong></span> <span class='ocrx_word' id='word_1_873' title='bbox 3222 5270 3338 5323; x_wconf 87' lang='lat' dir='ltr'><strong>Ado</strong></span> <span class='ocrx_word' id='word_1_874' title='bbox 3365 5270 3417 5324; x_wconf 91' lang='lat' dir='ltr'><strong>i-n</strong></span> <span class='ocrx_word' id='word_1_875' title='bbox 3448 5268 3620 5324; x_wconf 58' lang='lat' dir='ltr'><strong>Clito.</strong></span> 
     </span>
    </p>
   </div>
   <div class='ocr_carea' id='block_1_127' title="bbox 2055 5335 3620 5403">
    <p class='ocr_par' dir='ltr' id='par_1_127' title="bbox 2055 5335 3620 5403">
     <span class='ocr_line' id='line_1_127' title="bbox 2055 5335 3620 5403; baseline 0.005 -15"><span class='ocrx_word' id='word_1_876' title='bbox 2055 5337 2171 5390; x_wconf 81' lang='lat' dir='ltr'><strong>nico</strong></span> <span class='ocrx_word' id='word_1_877' title='bbox 2205 5354 2292 5390; x_wconf 89' lang='lat' dir='ltr'><strong>an.</strong></span> <span class='ocrx_word' id='word_1_878' title='bbox 2325 5337 2448 5402; x_wconf 82' lang='grc'><strong>101,</strong></span> <span class='ocrx_word' id='word_1_879' title='bbox 2485 5335 2745 5392; x_wconf 78' lang='lat' dir='ltr'><strong>Viennam</strong></span> <span class='ocrx_word' id='word_1_880' title='bbox 2794 5337 2961 5393; x_wconf 65' lang='lat' dir='ltr'><strong>[uisae</strong></span> <span class='ocrx_word' id='word_1_881' title='bbox 3001 5341 3303 5403; x_wconf 83' lang='lat' dir='ltr'><strong>translatas,</strong></span> <span class='ocrx_word' id='word_1_882' title='bbox 3333 5355 3397 5395; x_wconf 87' lang='lat' dir='ltr'><strong>ac</strong></span> <span class='ocrx_word' id='word_1_883' title='bbox 3431 5340 3483 5393; x_wconf 89' lang='lat' dir='ltr'><strong>iu</strong></span> <span class='ocrx_word' id='word_1_884' title='bbox 3515 5343 3620 5396; x_wconf 79' lang='lat' dir='ltr'><strong>SS.</strong></span> 
     </span>
    </p>
   </div>
   <div class='ocr_carea' id='block_1_128' title="bbox 2053 5407 3623 5475">
    <p class='ocr_par' dir='ltr' id='par_1_128' title="bbox 2053 5407 3623 5475">
     <span class='ocr_line' id='line_1_128' title="bbox 2053 5407 3623 5475; baseline 0.004 -16"><span class='ocrx_word' id='word_1_885' title='bbox 2053 5407 2429 5475; x_wconf 87' lang='lat' dir='ltr'><strong>Apostolorum</strong></span> <span class='ocrx_word' id='word_1_886' title='bbox 2469 5407 2686 5461; x_wconf 87' lang='lat' dir='ltr'><strong>basilica</strong></span> <span class='ocrx_word' id='word_1_887' title='bbox 2739 5409 3029 5463; x_wconf 85' lang='lat' dir='ltr'><strong>collocatas</strong></span> <span class='ocrx_word' id='word_1_888' title='bbox 3058 5425 3071 5460; x_wconf 90' lang='lat'><strong>:</strong></span> <span class='ocrx_word' id='word_1_889' title='bbox 3098 5426 3200 5464; x_wconf 89' lang='lat' dir='ltr'><strong>non</strong></span> <span class='ocrx_word' id='word_1_890' title='bbox 3231 5421 3408 5463; x_wconf 90' lang='lat' dir='ltr'><strong>tamen</strong></span> <span class='ocrx_word' id='word_1_891' title='bbox 3436 5424 3623 5467; x_wconf 85' lang='lat' dir='ltr'><strong>narrat</strong></span> 
     </span>
    </p>
   </div>
   <div class='ocr_carea' id='block_1_129' title="bbox 2056 5478 3621 5548">
    <p class='ocr_par' dir='ltr' id='par_1_129' title="bbox 2056 5478 3621 5548">
     <span class='ocr_line' id='line_1_129' title="bbox 2056 5478 3621 5548; baseline 0.002 -17"><span class='ocrx_word' id='word_1_892' title='bbox 2056 5493 2162 5547; x_wconf 90' lang='lat' dir='ltr'><strong>quo</strong></span> <span class='ocrx_word' id='word_1_893' title='bbox 2204 5478 2253 5532; x_wconf 92' lang='lat' dir='ltr'><strong>id</strong></span> <span class='ocrx_word' id='word_1_894' title='bbox 2294 5489 2531 5547; x_wconf 85' lang='lat' dir='ltr'><strong>tempore</strong></span> <span class='ocrx_word' id='word_1_895' title='bbox 2569 5488 2776 5547; x_wconf 87' lang='lat' dir='ltr'><strong>gestum</strong></span> <span class='ocrx_word' id='word_1_896' title='bbox 2804 5481 2896 5543; x_wconf 90' lang='lat' dir='ltr'><strong>sit,</strong></span> <span class='ocrx_word' id='word_1_897' title='bbox 2926 5480 3018 5533; x_wconf 89' lang='lat' dir='ltr'><strong>sed</strong></span> <span class='ocrx_word' id='word_1_898' title='bbox 3060 5488 3262 5533; x_wconf 89' lang='lat' dir='ltr'><strong>tantum</strong></span> <span class='ocrx_word' id='word_1_899' title='bbox 3305 5480 3466 5533; x_wconf 66' lang='lat' dir='ltr'><strong>refert</strong></span> <span class='ocrx_word' id='word_1_900' title='bbox 3498 5496 3621 5548; x_wconf 66' lang='lat' dir='ltr'><strong>pas-</strong></span> 
     </span>
    </p>
   </div>
   <div class='ocr_carea' id='block_1_130' title="bbox 2055 5548 3616 5618">
    <p class='ocr_par' dir='ltr' id='par_1_130' title="bbox 2055 5548 3616 5618">
     <span class='ocr_line' id='line_1_130' title="bbox 2055 5548 3616 5618; baseline 0.003 -17"><span class='ocrx_word' id='word_1_901' title='bbox 2055 5562 2173 5602; x_wconf 90' lang='lat' dir='ltr'><strong>sum</strong></span> <span class='ocrx_word' id='word_1_902' title='bbox 2209 5548 2405 5603; x_wconf 90' lang='lat' dir='ltr'><strong>illustri</strong></span> <span class='ocrx_word' id='word_1_903' title='bbox 2445 5549 2704 5617; x_wconf 83' lang='lat' dir='ltr'><strong>martyrio</strong></span> <span class='ocrx_word' id='word_1_904' title='bbox 2738 5551 3067 5617; x_wconf 86' lang='lat' dir='ltr'><strong>temporibus</strong></span> <span class='ocrx_word' id='word_1_905' title='bbox 3105 5549 3341 5618; x_wconf 88' lang='lat' dir='ltr'><strong>&#39;l&#39;rajani.</strong></span> <span class='ocrx_word' id='word_1_906' title='bbox 3367 5550 3517 5615; x_wconf 85' lang='lat' dir='ltr'><strong>Quod</strong></span> <span class='ocrx_word' id='word_1_907' title='bbox 3548 5557 3616 5607; x_wconf 89' lang='lat' dir='ltr'><strong>de</strong></span> 
     </span>
    </p>
   </div>
   <div class='ocr_carea' id='block_1_131' title="bbox 2053 5618 3621 5689">
    <p class='ocr_par' dir='ltr' id='par_1_131' title="bbox 2053 5618 3621 5689">
     <span class='ocr_line' id='line_1_131' title="bbox 2053 5618 3621 5689; baseline 0.002 -18"><span class='ocrx_word' id='word_1_908' title='bbox 2053 5629 2171 5674; x_wconf 89' lang='lat' dir='ltr'><strong>arte</strong></span> <span class='ocrx_word' id='word_1_909' title='bbox 2207 5619 2322 5688; x_wconf 86' lang='lat' dir='ltr'><strong>ejus</strong></span> <span class='ocrx_word' id='word_1_910' title='bbox 2365 5618 2742 5688; x_wconf 81' lang='lat' dir='ltr'><strong>gubernatoria</strong></span> <span class='ocrx_word' id='word_1_911' title='bbox 2790 5634 2891 5689; x_wconf 75' lang='lat' dir='ltr'><strong>seu</strong></span> <span class='ocrx_word' id='word_1_912' title='bbox 2922 5619 3134 5674; x_wconf 87' lang='lat' dir='ltr'><strong>nautica</strong></span> <span class='ocrx_word' id='word_1_913' title='bbox 3179 5633 3303 5689; x_wconf 87' lang='lat' dir='ltr'><strong>ante</strong></span> <span class='ocrx_word' id='word_1_914' title='bbox 3334 5622 3621 5689; x_wconf 86' lang='lat' dir='ltr'><strong>episcopa-</strong></span> 
     </span>
    </p>
   </div>
   <div class='ocr_carea' id='block_1_132' title="bbox 2057 5687 3621 5759">
    <p class='ocr_par' dir='ltr' id='par_1_132' title="bbox 2057 5687 3621 5759">
     <span class='ocr_line' id='line_1_132' title="bbox 2057 5687 3621 5759; baseline 0.003 -18"><span class='ocrx_word' id='word_1_915' title='bbox 2057 5697 2165 5759; x_wconf 88' lang='lat' dir='ltr'><strong>tum</strong></span> <span class='ocrx_word' id='word_1_916' title='bbox 2222 5687 2423 5759; x_wconf 80' lang='lat' dir='ltr'><strong>habent</strong></span> <span class='ocrx_word' id='word_1_917' title='bbox 2472 5689 2641 5759; x_wconf 87' lang='lat' dir='ltr'><strong>ipsius</strong></span> <span class='ocrx_word' id='word_1_918' title='bbox 2699 5698 2817 5743; x_wconf 87' lang='lat' dir='ltr'><strong>acta</strong></span> <span class='ocrx_word' id='word_1_919' title='bbox 2869 5687 3057 5742; x_wconf 83' lang='lat' dir='ltr'><strong>Latina</strong></span> <span class='ocrx_word' id='word_1_920' title='bbox 3104 5692 3239 5756; x_wconf 88' lang='lat' dir='ltr'><strong>apud</strong></span> <span class='ocrx_word' id='word_1_921' title='bbox 3285 5687 3621 5756; x_wconf 21' lang='lat' dir='ltr'><strong>Petrutn,‘et</strong></span> 
     </span>
    </p>
   </div>
   <div class='ocr_carea' id='block_1_133' title="bbox 2057 5758 3616 5827">
    <p class='ocr_par' dir='ltr' id='par_1_133' title="bbox 2057 5758 3616 5827">
     <span class='ocr_line' id='line_1_133' title="bbox 2057 5758 3616 5827; baseline 0.002 -15"><span class='ocrx_word' id='word_1_922' title='bbox 2057 5758 2212 5827; x_wconf 81' lang='lat' dir='ltr'><strong>alios,</strong></span> <span class='ocrx_word' id='word_1_923' title='bbox 2257 5760 2328 5815; x_wconf 88' lang='lat' dir='ltr'><strong>sit</strong></span> <span class='ocrx_word' id='word_1_924' title='bbox 2360 5758 2499 5815; x_wconf 76' lang='lat' dir='ltr'><strong>forte</strong></span> <span class='ocrx_word' id='word_1_925' title='bbox 2535 5761 2787 5827; x_wconf 83' lang='lat' dir='ltr'><strong>allictum,</strong></span> <span class='ocrx_word' id='word_1_926' title='bbox 2816 5773 2879 5814; x_wconf 75' lang='lat' dir='ltr'><strong>ex</strong></span> <span class='ocrx_word' id='word_1_927' title='bbox 2916 5759 3081 5813; x_wconf 84' lang='lat' dir='ltr'><strong>inulta</strong></span> <span class='ocrx_word' id='word_1_928' title='bbox 3127 5761 3211 5813; x_wconf 75' lang='lat' dir='ltr'><strong>illa</strong></span> <span class='ocrx_word' id='word_1_929' title='bbox 3254 5769 3541 5815; x_wconf 85' lang='lat' dir='ltr'><strong>nautarum</strong></span> <span class='ocrx_word' id='word_1_930' title='bbox 3562 5763 3616 5817; x_wconf 82' lang='lat' dir='ltr'><strong>iu</strong></span> 
     </span>
    </p>
   </div>
  </div>
