3820 6312
330 335 437 393 303

1601 330 1663 388 S.
1704 326 1984 388 ASTERII
2016 328 2324 384 AMASENI

3486 324 3605 383 504

332 453 505 520 Isaac,
534 452 740 521 Jacob;
774 466 839 508 ac
865 465 989 508 cum
1021 450 1261 506 virorum
1315 448 1715 514 recordatione,
1750 449 1915 506 totius

2047 463 2107 500 ου
2133 443 2292 519 ῥίζης
2316 445 2864 517 ἀποδλαστήσαντας,
2888 444 2978 496 τὸν
3011 442 3217 510 Ἰσαὰκ,
3245 443 3336 497 τὸν
3375 441 3603 510 Ἰακὼϐ,

333 561 521 603 eorum
550 545 792 600 historiae
823 550 1152 614 spectatores
1201 540 1336 596 fiunt
1365 555 1381 596 :
1413 539 1494 594 sic
1519 549 1574 594 et
1603 553 1702 608 ego
1731 537 1912 601 hodie,

339 645 423 694 ter
441 638 580 694 beati
611 636 807 692 Phocae
827 633 1134 689 venerabile
1168 632 1448 687 delubrum
1472 630 1689 695 adiens,
1715 645 1780 685 ex
1812 629 1911 684 loci

338 725 540 795 specie,
566 723 808 778 omnium
838 721 996 778 simul
1043 737 1164 792 quae
1188 720 1255 775 de
1285 719 1375 774 illo
1421 727 1572 789 gesta
1601 726 1912 785 narrantur,

339 816 600 872 memoria
654 813 882 885 repleor.
939 812 1108 867 Video
1142 811 1478 882 professione
1538 809 1909 870 hortulanum,

343 906 526 962 animo
582 905 904 975 simplicem,
939 901 1257 972 hospitalem
1285 943 1302 968 ,
1357 901 1648 956 maritimae
1680 900 1915 970 regionis

340 991 598 1056 eximium
627 992 810 1054 decus,
845 991 897 1045 in
947 990 1395 1045 mediterraneam
1431 989 1754 1053 beneficum,
1787 1003 1913 1043 san-

341 1092 488 1140 ctum
538 1083 699 1140 illum
734 1092 1080 1149 sanctorum;
1137 1098 1202 1138 ac
1235 1082 1321 1145 iis,
1356 1082 1448 1152 qui
1501 1080 1705 1138 Christi
1753 1095 1913 1138 causa

341 1177 616 1235 consecuti
643 1186 774 1232 sunt
801 1176 1047 1243 gloriam,
1081 1175 1250 1245 gloria
1289 1174 1481 1243 potiori
1513 1181 1751 1231 auctum.

413 1356 529 1432 (45)
564 1355 734 1412 Sacer
771 1354 985 1425 quidem
1015 1363 1100 1408 est
1121 1368 1184 1409 ac
1203 1353 1418 1408 divinus
1444 1354 1724 1408 universus
1756 1363 1918 1420 gene-

343 1462 592 1505 rosorum
633 1461 697 1500 ac
718 1446 937 1500 fortium
985 1454 1283 1515 martyrum
1318 1442 1614 1514 catalogus,
1645 1442 1916 1513 passione,

339 1539 579 1596 debitam
607 1551 704 1607 pro
725 1535 978 1606 passione
1002 1534 1239 1590 referens
1261 1535 1509 1605 gratiam,
1547 1549 1611 1589 ac
1633 1533 1916 1604 sanguine,

343 1646 443 1702 pro
467 1627 732 1699 sanguine
765 1626 1000 1682 debitam
1029 1626 1270 1681 omnium
1301 1625 1567 1681 Salvatori
1590 1625 1804 1681 solvens
1832 1638 1918 1679 re-

343 1721 799 1778 munerationem.
850 1717 1051 1774 Verum
1117 1719 1170 1773 in
1227 1718 1312 1773 his
1371 1718 1523 1789 ipsis,
1557 1733 1664 1773 non
1705 1732 1808 1771 una
1839 1726 1921 1772 est

2013 539 2108 593 καὶ
2136 538 2273 610 μετά
2295 539 2394 610 τῆς
2432 538 2652 609 μνήμης
2679 536 2787 591 τῶν
2813 535 3039 607 ἀνδρῶν,
3080 535 3208 606 ὅλης
3244 535 3346 606 τῆς
3374 535 3460 588 ἐπ’
3496 535 3607 588 αύ-

2012 631 2140 693 τοὺς
2170 629 2412 702 ἱστορίας
2442 628 2682 698 γίνονται
2715 628 2904 681 Θεαταί
2925 645 2938 658 ο
2969 625 3111 680 οὓτω
3145 625 3301 695 κάγὼ
3331 627 3602 699 σήμερον,

2015 723 2106 777 τὸν
2125 722 2306 792 τίμιον
2332 721 2496 793 σηκὸν
2519 719 2613 774 τοῦ
2635 718 3033 792 τρισμακαρίου
3059 720 3220 772 Φωκᾶ
3246 717 3599 778 καταλαϐὼν,

2016 817 2080 868 ἐκ
2111 812 2206 866 τοῦ
2233 813 2400 866 τόπου
2432 811 2747 883 πληροῦμαι
2784 812 2882 882 τῆς
2933 811 3154 882 μνήμης
3198 811 3418 865 πάντων
3452 810 3602 882 όμοῦ

2016 905 2124 958 τῶν
2173 906 2260 958 ἐπ’
2299 903 2448 974 αὐτῷ
2496 903 2805 974 λεγομένων
2851 902 3240 974 διηγημάτων·
3281 901 3460 972 βλέπω
3502 902 3606 954 τὸν

2019 997 2296 1068 κηπουρὸν
2321 995 2384 1049 τὸ
2424 996 2782 1068 ἐπιτήδευμα,
2813 994 2906 1048 τὸν
2950 994 3226 1049 ἄπλαστον
3261 994 3360 1065 τὴν
3389 993 3602 1064 ψυχὴν,

2017 1086 2109 1139 τὸν
2149 1085 2423 1154 φιλόξενον
2443 1125 2457 1150 ,
2486 1083 2578 1137 τὸν
2606 1083 2708 1154 τῆς
2737 1082 3011 1155 παραλίας
3041 1083 3342 1154 ἐξαίρετον,
3374 1083 3463 1137 τὸν
3494 1083 3606 1154 τῆς

2022 1174 2304 1247 μεσογείου
2332 1173 2648 1245 εὐεργέτην,
2675 1172 2785 1227 τῶν
2817 1172 2989 1243 ἁγίων
3017 1173 3110 1228 τὸν
3144 1175 3299 1243 ἆγιον
3318 1215 3334 1241 ,
3362 1174 3457 1228 καὶ
3485 1174 3609 1228 τῶν

2017 1263 2422 1334 δεδοξασμένων
2459 1261 2548 1316 διὰ
2578 1261 3204 1332 Χριστδν’ὲνδοξότερον.

2100 1357 2267 1430 ’ἱερὸς
2319 1356 2416 1428 μὲν
2453 1355 2562 1427 γὰρ
2601 1357 2698 1410 καὶ
2743 1355 3028 1419 θεσπέσιος
3078 1355 3225 1418 ἄπας
3265 1355 3295 1408 6
3332 1353 3441 1408 τῶν
3475 1370 3611 1422 γεν-

2020 1451 2183 1507 ναίων
2217 1448 2509 1522 μαρτύρων
2538 1449 2838 1517 κατάλογος
2856 1488 2871 1512 ,
2905 1447 3066 1502 πάθει
3097 1447 3196 1518 τὴν
3220 1446 3361 1518 ὑπὲρ
3389 1445 3611 1510 πάθους

2020 1542 2254 1606 ἀποδοὺς
2287 1539 2467 1612 χάριν,
2502 1541 2694 1610 αἵματι
2728 1539 2785 1592 δὲ
2813 1538 2910 1610 τὴν
2939 1538 3079 1611 ὑπὲρ
3108 1539 3338 1609 αἵματος
3362 1537 3442 1609 τῷ
3483 1539 3609 1590 Σω-

2020 1633 2146 1705 τῆρι
2174 1632 2281 1686 τῶν
2307 1633 2441 1686 ὅλων
2467 1631 2700 1704 ἀμοιϐὴν
2732 1630 3114 1702 ἐκπληρώσας.
3145 1631 3294 1702 Πλὴν
3328 1633 3386 1686 ὲν
3414 1631 3614 1694 αὐτοῖς

2021 1725 2260 1791 τούτοις,
2295 1725 2356 1778 οὐ
2395 1724 2493 1794 μία
2532 1723 2641 1779 τῶν
2687 1724 2906 1779 πάντων
2939 1725 2973 1795 ἡ
3008 1723 3157 1788 δόξα,
3211 1723 3332 1776 οὐδὲ
3378 1722 3518 1794 πρὸς
3546 1721 3610 1774 ἓν

342 1815 586 1870 omnium
625 1813 819 1883 gloria,
872 1826 974 1866 nec
1014 1827 1120 1866 una
1163 1825 1416 1866 mensura
1449 1813 1658 1866 cunctis
1694 1811 1919 1880 aequalia

2045 1816 2223 1887 ιέτρον
2255 1815 2344 1868 ἴσα
2369 1814 2439 1868 τά
2472 1814 2611 1885 γέρα
2638 1816 2751 1878 τοῖς
2774 1815 2916 1878 ὅλοις
2945 1814 3399 1886 ἀποκεκλήρωται
3419 1831 3432 1844 ο
3465 1813 3612 1868 ἀλλά

344 1907 601 1963 attributa
632 1913 761 1961 sunt
785 1905 1004 1975 prtemia
1036 1920 1051 1959 :
1079 1902 1208 1973 quin
1245 1905 1478 1973 primum
1515 1916 1570 1960 et
1605 1904 1922 1967 secundum,

344 2012 414 2054 ne
434 2007 742 2054 sanctorum
770 1997 986 2067 quidem
1013 1995 1199 2067 eil'ugit
1225 1997 1521 2067 catalogus.
1556 1997 1722 2065 Hujus
1747 2006 1922 2050 autem

345 2089 450 2156 rei,
475 2097 532 2144 ut
555 2088 814 2154 arbitror,
846 2103 1006 2142 causa
1033 2097 1137 2152 est,
1160 2089 1304 2158 quod
1336 2089 1408 2141 sit
1428 2088 1589 2158 judex
1614 2097 1920 2152 accuratus,

345 2198 448 2238 nec
473 2181 767 2252 quidquam
797 2181 850 2236 in
886 2190 1092 2251 partem
1128 2180 1353 2235 alteram
1388 2178 1584 2234 inﬂecti
1618 2187 1799 2248 queat.
1841 2177 1926 2231 ln-

348 2286 532 2330 tuetnr
561 2273 705 2329 enim
735 2281 787 2328 et
819 2271 1204 2341 suppliciorum
1233 2270 1678 2341 magnitudinem,
1715 2279 1770 2323 et
1793 2267 1926 2323 tole-

347 2367 539 2421 rantiae
567 2365 930 2420 constantiam
957 2379 973 2429 ;
1015 2364 1444 2431 examinansque
1476 2361 1794 2427 certamina,
1828 2374 1925 2429 pro

345 2457 662 2513 meritorum
685 2456 899 2510 ratione
933 2454 1151 2510 athletis
1177 2453 1452 2509 distribuit
1477 2451 1716 2523 praemia.
1742 2450 1926 2521 Neque

345 2563 477 2603 vero
501 2547 808 2602 mirandum
857 2555 961 2612 est,
1000 2547 1071 2601 ita
1116 2562 1145 2599 a
1197 2546 1306 2600 Deo
1341 2545 1600 2600 honorari
1644 2544 1912 2614 justitiam

347 2657 470 2696 cum
505 2655 572 2695 ne
614 2639 667 2695 in
698 2638 950 2695 humanis
979 2638 1194 2709 quidem
1237 2637 1593 2707 imperatores
1618 2650 1683 2690 ac
1726 2649 1928 2706 agono-

351 2734 536 2796 theta,
575 2732 721 2786 viros
753 2729 944 2794 fortes,
989 2737 1082 2784 aut
1118 2729 1346 2801 pugiles,
1388 2729 1674 2799 aequaliter
1710 2729 1930 2784 univer-

348 2839 439 2879 sos
469 2822 741 2888 habeant;
789 2821 884 2876 sed
925 2822 1141 2891 cuique,
1201 2836 1299 2890 pro
1354 2821 1431 2876 rei
1475 2820 1736 2891 praeclare
1767 2829 1930 2890 gestae

350 2912 533 2976 modo,
566 2912 707 2967 dona
737 2927 979 2981 congrua
1011 2914 1324 2967 decernant.

423 3002 548 3060 Haec
601 3012 786 3057 autem
842 3001 1116 3067 disserui,
1168 3017 1279 3073 quo
1305 3003 1504 3071 virum,
1559 3004 1650 3075 qui
1683 3003 1928 3061 hodierni

350 3104 652 3149 conventus
681 3091 836 3148 nobis
864 3092 1095 3163 praebuit
1123 3107 1370 3156 causam,
1400 3095 1586 3160 sociis,
1637 3108 1704 3148 ac
1737 3095 1929 3165 pugili-

351 3189 473 3253 bus,
515 3185 606 3256 qui
645 3153 881 3242 eosdem.
917 3184 1250 3240 desudarunt
1302 3200 1534 3256 agones,
1585 3153 1927 3242 illustriorem
1957 3153 2002 3216 ϐ

349 3280 666 3345 ostendam;
717 3291 844 3332 nam
899 3275 992 3330 alii
1057 3277 1298 3346 quidem,
1330 3291 1506 3348 neque
1544 3278 1749 3332 'omnes
1795 3279 1930 3348 apud

351 3386 541 3426 omnes
573 3379 700 3426 sunt
730 3371 862 3439 noti,
889 3386 1064 3441 neque
1085 3371 1363 3426 hominum
1393 3385 1648 3425 sermone
1675 3372 1929 3424 virtutem

353 3463 681 3518 celebratam
712 3463 913 3517 habent
946 3478 960 3514 :
1004 3462 1240 3517 Phocam
1294 3471 1476 3516 autem
1528 3475 1686 3516 nemo
1721 3471 1804 3516 est
1841 3461 1930 3530 qui

354 3556 607 3626 ignoret:
651 3553 746 3610 sed
791 3555 1063 3625 quomodo
1117 3553 1250 3608 solis
1307 3553 1490 3608 radius
1554 3553 1929 3607 uniVersonnn

353 3647 523 3702 oculis
570 3645 868 3716 explicatus
923 3655 1054 3701 cst:
1115 3645 1192 3700 ita
1251 3645 1415 3700 etiam
1471 3642 1630 3715 hujus
1680 3646 1934 3715 martyris

355 3740 499 3793 fama
554 3738 795 3793 omnium
823 3752 984 3794 aures
1011 3738 1436 3805 circumsonuit;
1469 3749 1628 3808 atque
1655 3748 1708 3793 ut
1748 3741 1934 3809 paucis

355 3831 555 3897 dicam,
573 3839 836 3898 quotquot
862 3829 1142 3884 Dominum
1166 3830 1442 3885 Christum
1461 3843 1743 3899 noverunt,
1774 3833 1934 3887 iidem

355 3937 571 3995 quoque
598 3923 714 3988 ejus
741 3931 1005 3977 noverunt
1031 3923 1241 3978 ﬁdelem
1269 3939 1510 3979 servum.
1537 3922 1733 3980 Verum
1765 3926 1936 3980 enini-

359 4032 489 4073 vero
521 4016 744 4082 relictts,
784 4016 831 4071 si
861 4017 1089 4080 videtur,
1120 4031 1237 4086 quae
1265 4016 1354 4072 ille
1386 4033 1506 4073 cum
1529 4017 1650 4073 aliis
1688 4020 1934 4074 encomia

360 4109 523 4164 habet
547 4108 875 4173 communia,
909 4109 1139 4163 eximias
1171 4109 1430 4181 martyris
1479 4109 1700 4175 laudes,
1736 4123 1937 4184 marty-

358 4217 478 4256 rum
510 4201 820 4255 amantibus
852 4200 1004 4256 vobis
1029 4201 1344 4256 recensebo.

433 4293 581 4348 Tulit
609 4293 791 4364 itaque
819 4301 1068 4348 sanctum
1105 4292 1248 4348 hunc
1291 4294 1488 4361 virum,
1550 4309 1822 4362 magnum,
1853 4293 1936 4348 in-

360 4402 551 4459 quam,
585 4386 714 4440 illud
764 4384 1203 4440 Christianorum
1235 4386 1603 4451 commodum,
1627 4387 1803 4442 vicina
1852 4385 1937 4442 Si-

2023 1902 2085 1956 τὸ
2105 1902 2321 1976 πρῶτον
2363 1903 2457 1956 καὶ
2483 1902 2754 1974 δεύτερον,
2783 1903 2904 1957 οὐδὲ
2936 1906 2964 1958 6
2992 1904 3101 1958 τῶν
3136 1905 3306 1975 ἁγίων
3343 1904 3610 1973 ἐκφεύγει

2025 1996 2344 2065 κατάλογος.
2375 1997 2556 2050 Αἴτιον
2581 1995 2638 2048 δὲ
2670 1991 2822 2068 οἶμαι
2866 1996 3081 2062 τούτου,
3112 1998 3174 2051 τὸ
3202 1997 3322 2051 λίαν
3357 1999 3608 2070 ἀπηκρι-

2025 2084 2269 2156 ϐωμένον
2289 2085 2382 2139 τοῦ
2403 2085 2590 2158 κριτοῦ
2615 2088 2710 2141 καὶ
2729 2087 3114 2159 ἀπρόσκλιτον.
3154 2087 3355 2160 Ἐφορᾷ
3372 2087 3481 2160 γὰρ
3513 2089 3613 2142 καὶ

2025 2177 2304 2250 τιμωριῶν
2335 2179 2560 2250 μεγέθη,
2597 2179 2693 2234 καὶ
2730 2181 3025 2253 καρτερίας
3053 2182 3352 2246 ἐνστάσεις,
3379 2184 3474 2234 καὶ
3506 2181 3606 2252 βα-

2031 2267 2263 2333 σανίζων
2307 2269 2375 2323 τά
2418 2269 2814 2342 ἀγωνίσματα,
2861 2271 2959 2335 τάς
2997 2270 3133 2342 πρὸς
3180 2271 3337 2338 ἀξίαν
3370 2270 3614 2342 ἀμοιϐὰς

2026 2360 2272 2431 διανέμει
2299 2362 2413 2424 τοῖς
2442 2360 2722 2432 ἀθληταῖς.
2755 2362 2866 2415 Καὶ
2910 2361 3211 2434 παράδοξον
3241 2361 3517 2433 οὐδαμῶς,
3559 2363 3614 2416 εί

2029 2453 2180 2525 παρά
2216 2451 2352 2506 Θεοῦ
2383 2453 2525 2508 οὕτω
2546 2455 2772 2525 τιμᾶται
2797 2454 2858 2508 τὸ
2885 2453 3116 2517 δίκαιον,
3139 2454 3300 2508 ὁπότε
3342 2456 3438 2508 καὶ
3475 2454 3614 2525 παρ’

2026 2547 2161 2617 ἡμῖν
2210 2545 2505 2617 στρατηγοὶ
2537 2547 2632 2600 καὶ
2676 2545 3011 2616 ἀγωνοθέται
3057 2546 3158 2600 οὐκ
3214 2546 3318 2600 ῐσοι
3365 2547 3612 2614 γίνονται

2027 2639 2139 2702 τοῖς
2177 2637 2511 2709 ἀριστεῦσιν,
2540 2638 2574 2710 ἢ
2605 2640 2719 2702 τοῖς
2745 2640 3074 2709 ἀγωνισταῖς
3093 2657 3106 2670 ·
3139 2639 3276 2694 ἀλλά
3299 2640 3363 2711 δὴ
3390 2640 3612 2712 ἑκάστῳ

2029 2744 2171 2784 κατα
2193 2730 2256 2783 τὸ
2282 2730 2480 2803 μέτρον
2502 2730 2598 2785 τοῦ
2628 2730 3077 2804 κατορθώματος,
3111 2731 3210 2796 τάς
3241 2731 3449 2802 δωρεὰς
3477 2732 3613 2786 ἀνα-

2029 2820 2291 2890 λογούσας
2317 2821 2723 2893 ὲπιψηφίζουσι.

2103 2996 2288 3051 Ταῦτα
2319 2997 2376 3052 δὲ
2415 2997 2650 3070 διῆλθον,
2679 2998 2768 3052 ἵνα
2800 2998 2982 3063 δείξω,
3033 2999 3109 3062 ὡς
3151 2999 3180 3052 6
3207 2999 3445 3070 σήμερον
3477 3000 3618 3070 ἡμῖν

2033 3090 2328 3162 παρασχὼν
2364 3089 2457 3145 τοῦ
2488 3090 2749 3161 συλλόγου
2783 3095 2884 3163 τήν
2924 3091 3200 3163 ἀφορμὴν,
3243 3091 3349 3145 τῶν
3381 3091 3618 3164 ἑταίρων

2032 3183 2130 3238 καλ⁸
2167 3183 2580 3253 συναγωνιστῶν
2606 3185 2722 3238 ἐστι
2749 3183 3228 3256 περιφανέστερος.
3261 3184 3324 3237 Οί
3371 3183 3468 3253 μὲν
3502 3183 3619 3256 γὰρ

2033 3274 2205 3338 ἄλλοι,
2232 3276 2292 3329 οὺ
2331 3275 2532 3340 πάντες
2565 3275 2716 3346 παρά
2748 3276 2884 3329 πᾶσι
2924 3275 3309 3347 γνωρίζονται,
3352 3275 3472 3329 οὐδὲ
3525 3275 3620 3344 βε-

2033 3367 2134 3438 6οη
2142 3369 2309 3439 μένην
2322 3367 2501 3439 έχουσι
2525 3369 2624 3440 τὴν
2640 3367 3008 3439 ἀνδραγαθίαν
3033 3385 3046 3399 ⁶
3066 3369 3260 3422 Φωκᾶν
3275 3371 3320 3400 ⁸⁸
3346 3369 3445 3421 οὐκ
3467 3367 3622 3422 ἔστιν

2032 3459 2092 3524 ὃς
2120 3461 2323 3529 ἀγνοείο
2344 3461 2458 3514 ἀλλ’
2481 3460 2668 3532 ὥσπερ
2695 3461 2852 3526 ἀκτὶς
2878 3463 2910 3532 ἡ
2932 3459 3024 3514 τού
3049 3461 3198 3532 ἡλίου
3226 3462 3388 3514 πᾶσιν
3410 3459 3621 3531 ὀφθαλ-

2038 3555 2158 3624 μοῖς
2191 3553 2545 3625 ὲφήπλωται,
2586 3553 2726 3608 οὕτω
2766 3553 2861 3607 καὶ
2895 3555 2929 3624 ἡ
2969 3553 3061 3606 τοῦ
3101 3555 3376 3626 μάρτυρος
3419 3553 3618 3607 τούτου

2037 3644 2194 3716 φήμη
2260 3646 2442 3699 πᾶσαν
2495 3646 2666 3717 ἀκοὴν
2721 3645 3059 3718 περιήχησεν
3105 3647 3196 3700 καὶ
3235 3626 3324 3700 ἵνα
3379 3645 3622 3701 συνελὼν

2038 3735 2179 3790 εἴπω
2199 3777 2213 3799 ,
2244 3737 2358 3790 ὅσοι
2381 3737 2472 3790 τὸν
2516 3739 2792 3808 Δεσπότην
2833 3737 3138 3811 ἐγνώρισαν
3166 3737 3402 3810 Χριστὸν
3423 3779 3438 3803 ,
3468 3731 3622 3793 οὗτοι

2037 3830 2132 3881 κα)⁸
2163 3827 2252 3881 τὸν
2286 3829 2478 3882 πιστὸν
2507 3827 2694 3884 δοῦλον
2723 3826 3028 3900 ἐγνώρισαν
3050 3847 3066 3864 ο
3111 3829 3309 3901 μᾶλλον
3341 3831 3419 3893 δὲ,
3450 3831 3498 3882 εί
3528 3830 3621 3884 δο-

2037 3923 2144 3985 κεῖ,
2175 3923 2283 3974 τῶν
2313 3921 2508 3976 κοινῶν
2545 3923 2683 3993 πρὸς
2719 3923 2845 3986 τοὺς
2875 3923 3067 3986 ἄλλους
3097 3923 3385 3993 ἐγκωμίων
3409 3923 3624 3995 ἀφέμε-

2037 4029 2148 4080 νος,
2172 4012 2241 4066 τά
2260 4012 2514 4085 ἐξαίρετα
2537 4012 2632 4068 τοῦ
2666 4013 2944 4086 μάρτυρος
2991 4013 3306 4085 διηγήματα
3347 4015 3476 4086 ὑμῖν
3504 4018 3622 4080 τοῖς

2038 4103 2400 4175 φιλομάρτυσι
2433 4103 2788 4176 διηγήσομαι.

2114 4301 2352 4369 Ἦνεγκε
2386 4301 2564 4356 τοίνυν
2606 4301 2698 4357 τὸν
2733 4301 2887 4370 ἆγιον
2930 4302 3100 4374 ἄνδρα
3129 4299 3351 4366 τοῦτον,
3387 4303 3442 4356 τὸ
3476 4303 3624 4374 μέγα

2043 4393 2385 4464 Χριστιανῶν
2419 4394 2632 4462 ὄφελος,
2662 4396 2695 4465 ἡ
2724 4396 2919 4464 γείτων
2943 4394 3184 4466 Σινώπη,
3229 4395 3386 4459 πόλις
3414 4397 3624 4468 ἀρχαία

359 4494 522 4549 nope,
571 4478 792 4548 antiqua
821 4479 1012 4533 civitas
1037 4492 1102 4532 ac
1133 4485 1276 4544 nota,
1331 4476 1551 4534 fortium
1600 4474 1839 4534 virorum
1872 4496 1927 4534 ac

2045 4486 2138 4539 καὶ
2173 4485 2483 4558 γνώριμος,
2527 4486 2758 4559 εὔπορος
2793 4487 3079 4559 καρτερῶν
3101 4489 3146 4521 ’⁷
3189 4490 3282 4542 καὶ
3311 4489 3624 4560 φιλοσόφων

359 4570 804 4640 philosophorum
838 4567 1009 4624 ferax.
1069 4567 1147 4625 Ne
1194 4570 1315 4640 quis
1343 4571 1485 4628 enim
1534 4572 1665 4627 mihi
1707 4573 1759 4626 in
1799 4587 1940 4643 prte-

360 4663 656 4718 sentiarutn
687 4661 961 4718 diversam
985 4661 1301 4732 religionem
1331 4673 1580 4735 reputet;
1611 4667 1704 4721 sed
1740 4665 1790 4719 id
1825 4675 1939 4719 tan-

363 4757 497 4821 ttim,
529 4770 658 4810 num
695 4754 919 4809 omniro
949 4755 1312 4810 studiosorum
1346 4757 1584 4810 virorum
1617 4757 1796 4811 nutrix
1825 4756 1939 4810 fue-

360 4849 430 4903 rit
460 4864 524 4904 ac
553 4861 769 4918 parens.
803 4845 845 4900 V
871 4856 938 4902 tae
961 4857 1138 4902 autem
1163 4847 1398 4903 studium
1441 4849 1488 4902 ei
1513 4856 1628 4901 erat
1658 4849 1796 4902 horti
1826 4850 1940 4902 cul-

365 4952 504 5007 tura,
539 4953 699 5010 quem
731 4938 804 4994 ibi
837 4947 964 4994 ante
994 4950 1208 5010 portam
1241 4937 1477 4993 civitatis
1511 4938 1561 4991 in
1591 4937 1775 4992 Isthmi
1798 4940 1936 4993 ostio

363 5034 666 5102 possidens.
686 5030 976 5103 diligenter
1001 5031 1236 5096 colebat,
1269 5041 1327 5084 ut
1353 5029 1454 5084 sibi
1481 5046 1545 5083 ac
1574 5028 1940 5098 indigentibus

361 5131 506 5176 esset
528 5122 653 5177 vitae
679 5122 950 5177 solatium.
985 5119 1094 5176 Sed
1119 5131 1172 5174 et
1203 5118 1530 5186 hospitibus,
1585 5129 1833 5188 prompto
1875 5133 1939 5174 ac

364 5213 530 5268 alacri
553 5215 753 5280 animo,
785 5227 1005 5284 parvam
1032 5227 1096 5267 ac
1127 5223 1413 5281 pauperem
1438 5208 1661 5263 domum
1694 5218 1935 5278 apertam

363 5303 598 5360 volebat.
627 5305 763 5359 Cum
787 5313 968 5360 autem
999 5303 1274 5358 habitaret
1312 5302 1368 5358 in
1398 5303 1482 5356 via
1529 5301 1764 5371 publica,
1812 5316 1936 5372 qua}

365 5393 744 5466 suppetebant,
792 5393 1205 5448 adventantibus
1261 5393 1567 5448 communia
1606 5393 1929 5463 promebat;

366 5503 430 5545 ac
456 5487 556 5544 Lot
590 5488 810 5545 ouidam
839 5485 1071 5553 medius,
1099 5501 1204 5541 non
1225 5485 1627 5542 Sodomitarum
1657 5487 1751 5543 sed
1774 5486 1933 5542 Sino-

2042 4578 2271 4649 ἀνδρῶν.
2307 4579 2400 4650 Μὴ
2431 4578 2540 4650 γάρ
2575 4579 2668 4651 μοί
2707 4597 2791 4645 τις
2823 4580 3122 4650 λογιζέσθω
3147 4580 3242 4634 νῦν
3268 4581 3330 4634 τὸ
3354 4580 3453 4652 τῆς
3485 4581 3626 4654 θρη-

2039 4669 2224 4732 σκείας
2249 4667 2526 4741 διάφορον,
2551 4670 2666 4724 ἀλλ’
2690 4673 2740 4724 εί
2773 4673 3077 4727 σπουδαίων
3097 4673 3232 4738 ὅλως
3258 4673 3468 4746 ἀνδρῶν
3495 4691 3626 4747 τρο-

2039 4757 2138 4828 φὸς
2159 4760 2253 4814 καὶ
2278 4762 2462 4832 μήτηρ
2479 4761 2718 4833 ἐδείχθη.
2751 4764 3118 4836 Ἐπιτήδευμα
3130 4763 3186 4817 δὲ
3205 4764 3354 4834 αὐτῷ
3366 4764 3460 4817 τοῦ
3479 4764 3623 4835 βίου,

2041 4854 2216 4924 κήπου
2247 4853 2492 4925 γεωργία
2520 4855 2614 4908 καὶ
2645 4856 2966 4927 ἐπιμέλεια,
2991 4857 3158 4929 ὅνπερ
3178 4857 3343 4911 αὑτοῦ
3374 4874 3476 4910 που
3513 4858 3626 4930 πρὸ

2039 4943 2140 5013 τῆς
2173 4944 2350 5016 πύλης
2380 4944 2475 4998 τοῦ
2504 4946 2698 5011 ἄστεος
2736 4949 2830 5002 ἐπὶ
2851 4949 2943 5002 τοῦ
2976 4949 3242 5020 στόματος
3266 4948 3360 5002 τού
3399 4948 3620 5020 Ἰσθμοῦ

2037 5053 2202 5106 κεκτη
2211 5037 2390 5108 μένος,
2405 5039 2564 5110 ἧσκει
2582 5040 2905 5110 φιλοπόνως.
2919 5039 3098 5112 ἑαυτῷ
3109 5040 3204 5094 καὶ
3215 5042 3328 5104 τοῖς
3343 5040 3624 5111 δεομένοις

2037 5128 2387 5199 παραμυθίαν
2411 5131 2506 5184 τοῦ
2532 5131 2671 5202 βίου.
2694 5131 2913 5201 Ἠνοιγε
2937 5132 2996 5186 δὲ
3020 5133 3114 5185 καὶ
3143 5135 3252 5195 τοῖς
3279 5131 3457 5198 ξένοις
3477 5131 3626 5202 μάλα

2038 5218 2332 5291 προθύμως
2379 5221 2478 5292 τὴν
2524 5222 2726 5293 μικρὰν
2761 5223 2856 5276 καὶ
2884 5222 3186 5294 πενομένην
3230 5223 3435 5275 ἑστίαν.
3490 5223 3627 5277 Ἐπ-

2036 5308 2200 5364 οικῶν
2226 5309 2283 5363 δὲ
2313 5313 2378 5382 τῇ
2409 5311 2687 5384 λεωφόρῳ,
2724 5311 2881 5366 κοινά
2908 5315 3022 5375 τοῖς
3041 5311 3366 5384 ἐπιδημοῦσι
3399 5311 3628 5382 προετι-

2043 5401 2124 5456 θει
2155 5403 2225 5458 τά
2261 5404 2390 5460 ὄντα
2411 5421 2426 5435 ·
2477 5407 2572 5459 καὶ
2604 5405 2767 5476 μέσος
2803 5405 2849 5437 ³⁸
2897 5401 2966 5476 ἦν
3001 5403 3145 5466 Λὼτ,
3193 5404 3254 5457 ού
3291 5403 3624 5476 Σοδομιτῶν,

2041 5489 2178 5546 ἀλλά
2209 5492 2520 5550 Σινωπέων.
2553 5493 2660 5548 Τοῦ
2693 5494 2750 5548 δὲ
2778 5494 2971 5567 χρόνου
3000 5493 3372 5568 προελθόντος,
3405 5495 3501 5567 τὴν
3530 5496 3624 5553 ὲν·-

438 5631 484 5663 ²⁶
528 5630 680 5684 Deest
713 5637 892 5700 negat.
925 5628 978 5682 in
1022 5627 1164 5684 Sirm
1230 5628 1434 5686 codice.
1515 5629 1559 5660 ’⁷
1595 5627 1760 5687 Sirm.
1794 5644 1926 5698 γενα

2045 5674 2047 5685 ,
2124 5631 2168 5663 ’³
2193 5630 2358 5686 Sirm.
2383 5647 2519 5692 νεός.

441 5766 554 5837 (45)
598 5766 794 5821 Desunt
816 5765 994 5822 omnia
1017 5765 1300 5837 superiora
1345 5767 1396 5821 in
1427 5767 1758 5839 autographa
1783 5766 1849 5824 Β.
1874 5765 1938 5822 Ρ.
1966 5766 2260 5834 Sirmundi,
2303 5778 2358 5825 et
2389 5766 2526 5838 apud
2567 5765 2810 5824 Surium.
