3820 6300
187 351 290 408 305

1328 356 1610 416 HOMILIA
1650 361 1741 417 IX.
1773 358 1844 416 IN
1872 357 1930 417 S.
1965 355 2265 415 PHOCAM.

3337 361 3445 418 306

186 466 340 538 τολὴν
379 458 543 538 εὗρεν
567 467 671 522 οὐκ
705 458 966 541 ἄμισθοῦο
999 469 1108 524 ἀπὸ
1141 471 1252 544 γάρ
1285 472 1588 542 φιλοξενίας
1617 474 1764 545 ἐκέρ-

1875 475 2116 545 pensium
2157 484 2295 534 erat.
2339 475 2510 533 Porro
2545 469 2808 548 temporis
2855 492 3136 548 processu,
3161 480 3304 535 haud
3336 494 3448 534 va—

187 560 303 612 δανε
341 559 438 613 τοῦ
478 559 748 624 ζωοποιοῠ
797 560 1026 616 Θανάτου
1064 563 1165 635 τὴν
1193 564 1503 636 πρόφασιν’
1536 565 1658 620 ὅθεν
1711 566 1770 619 δὲ

190 654 279 705 καὶ
304 655 477 716 ὅπως,
526 654 726 724 μικρὸν
772 654 1135 720 ἀναλαϐόντος
1165 655 1458 712 ἀκούσατε.

256 908 360 961 Τοῦ
383 909 550 977 λόγου
571 909 674 980 τῆς
695 909 978 976 εὐσεϐείας
999 910 1156 983 ἡμῶν
1173 909 1656 980 καταγγελθέντος,
1675 928 1770 967 και

186 1000 272 1054 τοῦ
307 1001 605 1055 Θεσπεσίου
630 1003 988 1074 κηρύγματος
1018 1002 1157 1073 πρὸς
1188 1003 1369 1056 πᾶσαν
1411 1002 1580 1074 ἀκοὴν
1618 1002 1768 1071 ἐξελ-

187 1091 385 1153 ὓόντος.
427 1090 795 1160 γνωρίζοντος
827 1091 885 1143 δὲ
920 1091 1154 1162 Χριστὸν
1194 1093 1288 1146 καὶ
1318 1091 1388 1146 τά
1429 1092 1637 1146 ἐκείνου
1673 1109 1768 1164 μυο

189 1185 379 1253 στήρια
403 1224 420 1247 ,
468 1182 783 1252 ἐφρύαξαν
821 1184 993 1253 ἔθνη,
1022 1183 1165 1239 κατὰ
1191 1184 1284 1238 τὸν
1305 1183 1630 1256 Ψαλμῳδὸν,
1667 1185 1765 1239 καὶ

185 1281 234 1330 cl
252 1277 545 1342 βασιλεῖς
569 1277 668 1330 καὶ
688 1277 976 1346 ἄρχοντες
999 1277 1344 1348 συνήγοντο
1372 1277 1471 1332 ἐπὶ
1497 1277 1564 1332 τὸ
1596 1279 1762 1332 αὐτόο

184 1366 271 1419 καὶ
294 1367 346 1418 οἱ
377 1367 486 1437 τῆς
510 1366 723 1438 πλάνης
757 1367 878 1420 λαοὶ
922 1367 1239 1438 ὠργίζοντο,
1272 1368 1366 1422 τοῦ
1410 1367 1586 1439 Ἰησοῦ
1613 1367 1768 1439 βασι-

183 1458 452 1521 λεύοντος.
509 1456 789 1528 Ἐζητεῖτο
821 1457 879 1511 δὲ
906 1459 1016 1521 πᾶς
1043 1457 1388 1527 Χριστιανὸς,
1421 1457 1496 1522 ὡς
1529 1456 1766 1528 κακοῦρ-

181 1567 292 1618 γος,
319 1550 418 1603 καὶ
448 1551 479 1604 6
507 1550 676 1619 ἐγγὺς
693 1549 1002 1614 ἐκολάζετο,
1027 1549 1171 1604 καὶὸ
1195 1549 1412 1620 μακρὰν
1433 1548 1761 1620 ἀνιχνεύετο.

178 1643 265 1695 Διὸ
289 1643 514 1706 ⁴ι’ωκᾶν,
547 1642 672 1696 οὔτε
701 1645 736 1712 ὴ
766 1642 1011 1696 εὐτέλεια
1043 1642 1138 1696 τοῦ
1168 1641 1599 1713 ἐπιτηδεύματος
1619 1683 1634 1708 ,
1668 1641 1774 1696 καὶ

177 1731 512 1802 όκηπουρὸς
562 1731 833 1804 ἔκρυψενο
877 1731 1013 1786 ἀλλά
1058 1732 1154 1785 καὶ
1201 1726 1384 1793 οὗτος,
1427 1731 1504 1794 ὡς
1542 1733 1762 1803 γνήσιος

1873 583 2033 622 cuum
2082 570 2330 626 mercede
2361 571 2673 626 mandatum
2732 571 2958 626 invenit.
3019 571 3257 628 Vivilica:
3299 575 3444 629 enim

1873 659 2066 715 mortis
2080 661 2317 726 occasio,
2346 674 2411 716 ex
2445 662 2809 732 liOSpitalitate
2838 663 2986 718 lucro
3020 664 3272 719 accessit.
3297 662 3446 718 Unde

1871 763 2026 813 vero,
2066 766 2132 806 ac
2195 767 2430 822 quonam
2478 753 2657 818 modo,
2697 755 2856 823 paulo
2906 754 3067 811 altius
3111 764 3442 826 repetentem

1871 841 2072 896 audite.
3474 908 3476 910 ,

1937 934 2074 989 Cum
2134 934 2456 991 Christiana:
2517 930 2738 1006 pietatis
2792 951 3044 993 sermone
3105 937 3444 1002 annuntiato,

1869 1025 2049 1080 divina
2101 1027 2415 1094 praedicatio
2469 1029 2536 1084 ad
2586 1043 2800 1084 omnem
2835 1044 3019 1084 aurem
3047 1031 3259 1095 exiret,
3289 1028 3446 1084 Chri-

1868 1125 2121 1186 stumque
2144 1131 2209 1172 ac
2227 1117 2345 1187 ejus
2370 1120 2622 1188 mysteria
2649 1128 2775 1174 nota
2821 1120 3090 1187 redderet,
3123 1121 3447 1190 fremuerunt

1866 1218 2061 1278 gentes,
2085 1217 2146 1264 ut
2204 1210 2282 1265 ait
2322 1209 2629 1278 Psalmista,
2688 1227 2928 1283 regesque
2971 1229 3034 1266 ac
3080 1214 3340 1282 principes
3389 1212 3448 1268 in

1867 1315 2028 1355 unum
2051 1303 2492 1370 convenerunt";
2520 1317 2584 1357 ac
2616 1303 2832 1358 Christo
2877 1312 3157 1372 regnante,
3195 1311 3444 1360 errantes

1867 1391 2048 1460 populi
2098 1392 2494 1450 irascebantur.
2555 1395 2910 1462 Quaerebatur
2965 1406 3145 1450 autem
3217 1395 3445 1464 quilibet

1866 1479 2229 1548 Christianus,
2255 1491 2511 1553 tanquam
2542 1485 2822 1540 maleficus
2857 1500 2871 1537 :
2899 1499 2964 1539 ac
2988 1484 3078 1554 qui
3104 1499 3272 1555 prope
3301 1493 3440 1549 erat,

1868 1569 2218 1639 puniebatur;
2255 1573 2346 1641 qui
2387 1587 2516 1629 vero
2560 1573 2749 1642 procul
2798 1582 2942 1639 erat,
2997 1573 3440 1642 investigabatur.

1867 1660 2224 1728 Quamobrem
2258 1662 2492 1720 Phocum
2535 1680 2769 1735 quoque,
2813 1679 2882 1720 ue
2919 1665 3138 1734 quidem
3186 1663 3292 1719 vile
3328 1674 3445 1719 stu-

1867 1754 2034 1822 dium,
2056 1753 2437 1822 hortulanique
2470 1758 2708 1814 conditio
2732 1757 2927 1814 celavit
2953 1774 2968 1822 ;
3005 1758 3098 1813 sed
3136 1758 3180 1812 is
3206 1772 3440 1827 quoque.

178 1824 416 1894 μάλιστα
450 1823 547 1877 τοῦ
588 1823 830 1895 Χριστοῦ
865 1823 1103 1895 μύστης,
1135 1823 1398 1894 ἐμηνύθη.
1433 1824 1541 1877 Καὶ
1576 1823 1638 1895 δὴ
1670 1823 1764 1878 καὶ

1875 1854 1924 1899 ut
1952 1859 2112 1903 verus
2164 1845 2366 1903 Christi
2401 1848 2694 1918 discipulus
2719 1887 2735 1913 ,
2795 1842 3146 1905 denuntiatus
3205 1823 3309 1904 est.
3335 1823 3445 1903 'Ac

174 1913 338 1987 ἦλθον
389 1919 483 1970 ἐπ’
537 1917 702 1971 αὑτὸν
757 1918 807 1970 οἱ
851 1915 945 1969 τοῦ
1004 1916 1267 1986 δυστήνου
1305 1915 1456 1969 τοῦδε
1501 1915 1618 1987 βίου
1671 1915 1765 1968 καὶ

177 2011 393 2082 ῥέοντος
437 2009 825 2071 κελευσθέντες
861 2009 1166 2076 ἀπαγαγεῖν
1200 2007 1362 2062 αὐτὸν
1391 2006 1633 2078 ἄκριτον,
1666 2008 1763 2061 ἀν-

175 2099 540 2170 απολόγητον.
567 2100 679 2152 Καὶ
705 2097 817 2167 γὰρ
831 2093 897 2168 ἦν
917 2097 977 2150 τὸ
1004 2097 1254 2168 ἔγκλημα
1286 2097 1549 2165 τοιοῦτον,
1570 2098 1598 2152 ὃ
1624 2097 1765 2168 λαμ-

175 2191 290 2260 πρᾷ
316 2192 384 2259 τῇ
415 2191 568 2260 φωνῇ
616 2191 646 2242 6
672 2189 936 2257 γεννάδας
965 2189 1339 2260 καθωμολόγει
1358 2204 1372 2218 ⁸
1406 2189 1502 2243 καὶ
1537 2189 1763 2261 μηδενὸς

172 2282 516 2352 ἐρωτῶντος.
548 2281 730 2354 ἔργοις
760 2284 806 2316 ¹⁹
837 2283 1096 2336 ἐδείκνυε
1129 2281 1530 2354 πυνθανομένου
1557 2283 1635 2350 δὲ,
1666 2299 1763 2336 πε-

177 2372 424 2443 ριχαρῶς
459 2371 670 2436 ἐξεϐόα.

252 2551 538 2615 Ἐλθόντες
579 2550 713 2620 γοῦν
758 2551 809 2604 οἱ
844 2553 945 2623 τῆς
986 2551 1197 2605 ἐκείνου
1237 2550 1509 2623 τιμωρίας
1549 2551 1758 2623 δήμιοι,

171 2644 266 2698 καὶ⁵
301 2645 402 2714 τῆς
425 2644 706 2715 ἡμετέρας
753 2643 946 2715 ἑορτῆς
977 2643 1174 2710 αῐτιοι,
1218 2643 1349 2714 παρ’
1379 2642 1526 2715 αὐτῷ
1550 2641 1628 2713 τῷ
1660 2643 1760 2714 ζη-

170 2734 421 2804 τουμένῳ
449 2733 761 2788 κατέλυσαν
780 2774 794 2799 ,
825 2733 949 2788 οὔτε
979 2734 1360 2804 γινώσκοντες,
1392 2733 1514 2788 οὗτε
1551 2735 1656 2806 μὴν
1684 2752 1761 2805 γι-

171 2826 533 2896 νωσκόμενοι.
571 2827 665 2880 Ἐν
688 2828 988 2898 ἀπορρήτῳ
1017 2827 1074 2880 δέ
1098 2827 1235 2892 τέως
1266 2822 1411 2898 εἶχον
1441 2826 1542 2898 τῆς
1573 2827 1762 2899 ἐπιδη-

174 2917 305 2987 μίας
329 2917 432 2988 τὴν
456 2919 755 2990 πρόφασιν,
784 2919 870 2972 ἵνα
890 2919 1154 2991 πρότερον
1177 2921 1583 2993 ἐκδιδαχθέντες
1609 2921 1760 2992 παρὰ

172 3011 282 3065 τῶν
314 3011 424 3080 ἔξω
456 3012 559 3082 τῆς
591 3012 820 3076 πόλεως,
855 3013 941 3077 τίς
962 3015 990 3067 6
1015 3015 1232 3078 Φωκᾶς,
1263 3015 1355 3067 καὶ
1384 3015 1505 3068 ὅποι
1532 3013 1756 3084 διάγων,

1864 1950 1996 1991 sane
2022 1938 2089 1992 ad
2113 1951 2238 1993 eum
2265 1949 2552 2004 venerunt,
2585 1941 2675 2009 qui
2707 1940 3054 2011 nullajudicii
3078 1941 3273 2007 forma,
3297 1939 3443 1994 nulla

1863 2026 2196 2096 defensione,
2227 2045 2257 2084 a
2284 2031 2478 2085 misera
2511 2031 2614 2086 hac
2650 2031 2903 2101 ﬂuxaque
2955 2032 3060 2086 vita
3107 2032 3245 2101 jussi
3291 2040 3444 2087 erant

1864 2118 2154 2176 abducere.
2191 2119 2324 2175 Nam
2355 2131 2474 2175 erat
2497 2124 2600 2176 tale
2625 2123 2832 2177 crimen
2861 2121 2993 2194 (44),
3025 2123 3166 2192 quod
3195 2122 3278 2177 vir
3304 2131 3444 2178 stre-

1863 2226 2002 2265 nuus
2024 2210 2171 2267 clara
2199 2226 2334 2268 voce
2359 2213 2711 2268 conﬁteretur
2735 2231 2750 2280 ;
2779 2213 3035 2284 nulloque
3053 2215 3442 2286 interrogante,

1861 2303 2114 2372 cperibus
2167 2304 2451 2372 proderet;
2485 2304 2855 2375 interrogante
2887 2315 3067 2362 autem
3102 2305 3305 2376 aliquo,
3336 2305 3441 2361 im-

1862 2395 2084 2461 peusius
2107 2395 2349 2466 gaudens
2385 2395 2625 2454 clamore
2649 2395 2866 2452 efferret

1931 2554 2222 2613 Venientes
2247 2570 2377 2629 ergo
2403 2556 2548 2612 illius
2601 2555 2818 2614 lictores
2860 2557 3134 2628 supplicii.
3162 2558 3452 2628 nostrique

1861 2647 1982 2704 festi
2019 2659 2292 2716 auctores,
2348 2650 2488 2720 apud
2515 2663 2639 2705 eum
2689 2650 2894 2720 ipsum,
2941 2651 3034 2720 qui
3075 2652 3442 2721 quaerebatur,

1861 2740 2113 2796 diversati
2141 2748 2290 2808 sunt,
2309 2750 2369 2796 ut
2391 2756 2563 2810 neque
2622 2741 2660 2796 ii
2684 2750 3113 2811 cognoscerent,
3167 2757 3340 2812 neque
3376 2744 3450 2798 ab

1861 2832 1950 2888 illo
1973 2841 2450 2902 cognoscerentur.
2490 2831 2712 2888 Interim
2743 2848 2868 2889 vero
2925 2834 3191 2890 adventus
3225 2849 3443 2889 causam

1859 2924 2125 2991 celabant,
2159 2932 2218 2979 ut
2243 2939 2366 2980 cum
2400 2925 2552 2994 prius
2581 2922 2942 2992 accepissent,
2965 2939 3032 2979 ex
3061 2925 3127 2979 iis
3162 2924 3255 2993 qui
3290 2924 3446 2979 habi-

1865 3018 2048 3072 tabant
2081 3026 2234 3073 extra
2267 3016 2570 3080 civitatem,
2628 3015 2880 3086 quisnam
2923 3026 3069 3072 esset
3112 3015 3344 3080 Phocas,
3391 3025 3448 3070 et

171 3103 368 3174 ἀθρόον
392 3102 716 3166 ἐπιστάντες
737 3102 1097 3172 συλλάϐωσιν,
1119 3105 1194 3170 ὡς
1218 3106 1267 3159 οἱ
1301 3105 1539 3177 Ἐϐραῖοί
1562 3106 1605 3137 ³⁸
1626 3123 1756 3159 ποτε

1875 3108 1950 3162 ubi
1979 3108 2219 3179 degeret,
2257 3117 2480 3177 repente
2520 3107 2856 3172 invadentes,
2892 3116 2951 3162 ut
2974 3109 3244 3176 quondam
3274 3105 3445 3162 Judaei

174 3170 336 3265 the
358 3197 529 3266 κήπῳ
555 3195 696 3267 μετὰ
733 3195 903 3250 Ἰούδα
929 3196 1020 3251 τὸν
1048 3170 1274 3268 Κύριον.
1317 3170 1674 3270 Ἐλελήθεσαν
1697 3198 1754 3251 δέ

1875 3198 1996 3254 Iuda
2047 3170 2527 3256 duce’Do'minum
2579 3198 2635 3253 in
2695 3170 2877 3260 horto,
2905 3170 3445 3269 comprehenderent.

176 3285 302 3337 εῖσω
314 3285 554 3338 δικτύων
579 3287 679 3356 τὴν
702 3286 874 3358 θήραν
899 3285 1136 3357 ἔχοντες,
1157 3289 1205 3342 οἱ
1230 3287 1389 3353 κύνες
1409 3287 1500 3344 τὸν
1522 3288 1758 3361 ἀρνειὸν,

174 3378 221 3428 οἱ
242 3376 399 3432 λύκοι
425 3377 522 3431 τὸν
545 3376 737 3449 ἀμνὸν,
759 3379 859 3448 τὴν
885 3377 1212 3450 περιστεράν
1239 3380 1286 3432 οἱ
1309 3379 1642 3451 άρπακτικοῖ⁹
1665 3379 1762 3433 καὶ

175 3470 573 3541 γαμψώνυχες·
624 3471 809 3535 καθὼς
842 3471 899 3526 δὲ
930 3473 959 3526 6
997 3473 1282 3544 προφήτης
1321 3472 1548 3537 Ἡσαΐας
1591 3472 1756 3543 φησί·

177 3561 588 3618 Συνανεπαύετο
609 3566 730 3628 ταῖς
758 3564 1089 3637 παρδάλεσιν
1119 3566 1148 3618 6
1175 3564 1384 3636 ἔριφος,
1413 3565 1508 3620 καὶ
1534 3569 1647 3629 τοῖς
1669 3564 1762 3618 λύ-

176 3672 290 3718 κοις
319 3658 350 3710 6
382 3655 604 3727 ἀρνειὸς
631 3657 672 3688 ³¹
706 3657 1082 3724 συνεϐόσκετο,
1104 3659 1199 3710 καὶ
1225 3658 1274 3710 οί
1305 3657 1517 3720 λέοντες
1544 3657 1660 3728 ἅμα
1683 3657 1763 3729 τῷ

177 3749 365 3820 μόσχῳ
396 3750 588 3820 κοινὴν
621 3745 766 3820 εἶχον
791 3749 890 3821 τὴν
921 3749 1150 3804 δίαιταν.
1197 3749 1417 3821 Ἐπειδὴ
1443 3750 1522 3816 δὲ,
1552 3745 1642 3805 οἷα
1672 3768 1762 3820 φι-

174 3839 255 3893 λεῖ
281 3839 574 3910 γίνεσθαι,
603 3841 854 3912 τράπεζα
883 3841 978 3895 καὶ
1016 3841 1278 3914 συνήθεια
1309 3841 1370 3894 τὸ
1415 3841 1638 3914 θαρρεῖν
1670 3841 1764 3896 άλ-

173 3935 356 4006 ληλοις
380 3933 684 4004 παρέσχον,
704 3933 1089 3988 διεπυνθάνετο
1109 3936 1238 4006 παρ’
1265 3934 1444 3988 αὐτῶν
1472 3936 1500 3988 6
1531 3935 1760 4010 μάρτυς,

172 4028 315 4091 τίνες
347 4021 462 4079 εἷεν
482 4066 497 4090 ,
527 4025 623 4080 καὶ
649 4026 792 4090 τίνος
816 4025 976 4098 χάριν
1005 4026 1105 4097 τὴν
1144 4025 1309 4080 αὑτοῦ
1344 4026 1498 4079 πόλιν
1536 4027 1764 4081 κατέλα-

172 4115 284 4170 ϐον.
318 4119 387 4170 υί
418 4115 477 4170 δὲ
510 4115 610 4186 τὴν
633 4115 914 4188 πρόθυμον
939 4117 1184 4184 δεξίωσιν
1209 4119 1306 4172 καὶ
1335 4117 1637 4188 φιλοξενίαν
1668 4118 1762 4172 τοῦ

172 4209 367 4282 ἀνδρὸς
422 4207 790 4275 αἰδεσθέντες,
833 4209 1019 4280 μηδενί
1063 4227 1123 4262 τε
1145 4209 1207 4263 τὸ
1239 4208 1634 4282 λεχθησόμενον
1678 4211 1765 4277 ἐξ·-

174 4305 348 4355 ειπείν
385 4300 880 4371 παραγγείλαντες,
913 4300 1216 4371 ἐγνώρισαν
1243 4300 1497 4356 αὐτῶντὸ
1514 4301 1763 4375 ἀπόρρη-

173 4413 285 4458 τον,
318 4394 420 4448 καὶ
454 4393 515 4445 τὸ
560 4393 663 4463 τῆς
694 4391 984 4463 ἐπιϐουλῆς
1011 4391 1398 4462 ἐξαγορεύουσι
1422 4393 1627 4465 δρᾶμα,
1679 4396 1763 4448 ὅτι

172 4486 366 4538 Φιυκᾶν
421 4484 517 4536 ἐπὶ¹
554 4482 796 4554 τιμωρίᾳ
828 4481 1049 4554 ζητοῦσι
1089 4482 1309 4537 λαϐεῖν’
1342 4482 1465 4537 ὅθεν
1508 4483 1648 4556 πρὸς
1689 4487 1757 4557 τῇ

174 4576 473 4648 φιλοξενίᾳ,
501 4576 596 4628 καὶ
627 4573 831 4645 ταύτην
848 4571 1030 4643 ἠξίουν
1053 4575 1152 4644 τὴν
1163 4574 1481 4645 εὐεργεσίαν
1506 4574 1763 4646 προσθεῖ-

174 4689 280 4733 ναι,
309 4668 622 4738 συγκαμεῖν
645 4666 830 4729 αὐτοῖς
853 4667 932 4730 εἰς
963 4667 1060 4737 τὴν
1087 4667 1257 4738 θήραν
1286 4666 1381 4719 τοῦ
1406 4666 1761 4738 ζητουμένου.

247 4765 524 4816 Ἤκουσεν
560 4762 589 4814 6
613 4759 704 4813 τοῦ
731 4759 936 4832 Κυρίου
965 4759 1240 4830 θεράπων,
1276 4760 1371 4813 καὶ
1405 4761 1666 4832 ἀτρέπτῳ
1692 4764 1761 4832 τῇ

177 4860 319 4928 ψυχῇ
365 4858 460 4912 τὸν
491 4855 650 4924 λόγον
676 4854 988 4924 δεξάμενος,
1016 4855 1079 4906 ού
1111 4853 1362 4906 ταπεινόν
1390 4872 1441 4906 τι
1477 4855 1571 4907 καὶ
1600 4856 1763 4922 ἀγεν-

181 4949 264 5011 νές
316 4946 553 5012 ἔπαθεν,
612 4946 647 5015 ἦ
702 4943 1003 5014 ἐφθέγξατο
1028 4960 1043 4976 ο
1073 4943 1196 4998 οὐδὲ
1241 4943 1626 5007 ἀποδειλιάσας
1675 4945 1765 4999 τὸν

181 5040 445 5102 κίνδυνον,
489 5040 683 5108 φυγεῖν
729 5035 1118 5089 ἐϐουλεύσατο·
1164 5035 1260 5089 καὶ
1305 5035 1503 5100 ταῦτα,
1559 5036 1764 5107 πολλὴν

183 5135 312 5205 ἔχων
358 5135 458 5188 καὶ
505 5133 697 5186 ἄνετον
745 5129 1161 5202 ἀποδιδράσκειν
1199 5129 1300 5201 τὴν
1344 5128 1630 5196 ἐξουσίαν’
1681 5129 1765 5182 ὃτι

1861 3287 2371 3362 Ignorabantautem
2389 3305 2449 3346 se
2469 3292 2705 3359 praedam
2720 3289 2917 3344 habere
2933 3291 3240 3359 interretia;
3257 3306 3448 3360 canes,

1860 3383 2250 3452 ovem;lupos,
2282 3397 2508 3453 agnum;
2540 3397 2764 3454 rapaces
2819 3397 2951 3438 aves
2998 3397 3064 3438 ac
3107 3398 3448 3454 uncungues,

1860 3472 2187 3529 columbam.
2218 3470 2289 3528 Ut
2315 3483 2494 3528 autem
2529 3471 2700 3529 Isaias
2729 3472 2992 3543 propheta
3018 3474 3097 3528 ait
3129 3473 3218 3529 ³⁸ι
3250 3473 3450 3528 Haedus

1860 3578 1980 3618 cum
2017 3563 2184 3633 pardo
2217 3563 2532 3631 accubabat,
2567 3578 2845 3635 agnusque
2867 3579 2988 3619 cum
3020 3564 3157 3634 lupis
3183 3566 3448 3636 pasceba-

1862 3665 1972 3721 tur,
2000 3671 2066 3712 ac
2097 3655 2282 3712 leones
2321 3656 2482 3711 simul
2528 3672 2651 3712 cum
2690 3655 2860 3712 vitulo
2923 3670 3212 3712 commune
3260 3660 3450 3713 convi-

1862 3749 2008 3802 vium
2036 3748 2263 3803 inibant.
2299 3747 2436 3803 Cum
2469 3757 2674 3814 autem,
2701 3749 2778 3802 uti
2809 3748 2978 3803 moris
3010 3756 3114 3814 est,
3144 3762 3346 3804 mensae
3364 3762 3452 3804 so-

1863 3838 2032 3892 cietas
2086 3851 2151 3892 ac
2179 3837 2514 3892 consuetudo
2545 3838 2793 3892 ﬁduciam
2826 3838 3055 3893 invicem
3074 3849 3448 3908 generassent,

1863 3931 2073 4001 rogavit
2111 3945 2179 3985 ex
2211 3931 2294 3987 eis
2347 3938 2584 4002 martyr,
2615 3929 2838 4000 quinam
2892 3939 3099 3996 essent,
3131 3945 3197 3987 ac
3231 3946 3337 4001 qua
3378 3931 3454 3987 "de

1864 4039 2026 4079 causa
2043 4025 2112 4078 ad
2135 4022 2253 4094 ejus
2285 4023 2565 4080 venissent
2589 4025 2886 4080 civitatem.
2939 4022 3022 4078 illi
3057 4037 3188 4080 vero
3217 4023 3452 4080 alacrem

1864 4115 1966 4169 viri
1991 4115 2390 4185 susceptionem
2430 4130 2495 4171 ac
2547 4116 2971 4186 hospitalitatem
3025 4116 3286 4180 reveriti,
3329 4131 3454 4172 cum

1865 4208 2274 4278 praecepissent,
2295 4223 2362 4265 ne
2391 4209 2534 4279 quod
2558 4209 2843 4265 auditurus
2866 4217 2986 4264 erat
3005 4210 3261 4279 cuiquam
3283 4224 3456 4265 enun-

1867 4299 2046 4367 tiaret,
2069 4300 2117 4354 ei
2149 4315 2413 4355 arcanum
2445 4299 2722 4370 aperiunt,
2750 4314 2816 4355 ac
2836 4300 3155 4355 insidiarum
3177 4311 3456 4370 exponunt

1869 4390 2103 4445 labulam
2130 4430 2146 4456 ,
2177 4399 2237 4444 ut
2289 4389 2542 4445 nimirum
2589 4400 2838 4460 quaerant
2890 4403 3087 4460 capere
3121 4391 3454 4460 puniendum

1872 4481 2129 4536 Phocam.
2153 4480 2419 4548 Quocirca
2439 4482 2826 4552 h05pitalitatis
2846 4483 3090 4549 cumulo,
3116 4483 3219 4538 hoc
3241 4498 3457 4554 quoque

1876 4570 2136 4626 beneﬁcio
2166 4571 2234 4625 ab
2278 4585 2345 4626 eo
2377 4570 2516 4626 allici
2548 4572 2833 4642 rogabant,
2885 4580 2946 4627 ut.
2977 4573 3246 4642 captando
3294 4589 3454 4643 quem

1872 4663 2206 4732 quaerebant,
2235 4679 2344 4719 una
2366 4663 2481 4733 ipse
2517 4677 2738 4733 operam
2765 4663 3042 4719 conferret
3066 4677 3243 4718 suam.

1939 4771 2158 4828 Audivit
2208 4772 2302 4828 Dei
2357 4788 2566 4839 servus,
2625 4773 2960 4844 immatoque
2995 4773 3181 4830 animo
3211 4773 3456 4828 auditum

1868 4877 2171 4918 sermonem
2200 4865 2527 4936 suscipiens,
2561 4864 2697 4919 nihil
2723 4866 3021 4935 abjectum,
3058 4879 3124 4920 ac
3162 4865 3307 4936 quod
3359 4879 3429 4933 pu
3457 4896 3461 4900 -

1869 4953 2048 5008 silium
2084 4954 2322 5010 animum
2359 4956 2646 5024 indicaret,
2701 4941 2898 5026 ’[hssus
2950 4965 3042 5011 aut
3091 4956 3303 5011 locutus
3329 4967 3457 5020 est;

1873 5061 2046 5115 neque
2080 5048 2318 5119 periculo
2347 5050 2638 5116 exterritus
2689 5051 2956 5119 spectavit
3013 5049 3240 5122 fugam;
3273 5049 3455 5118 idque,

1870 5137 1988 5208 ejus
2023 5140 2267 5197 ineunda:
2309 5158 2558 5212 magnam
2594 5157 2659 5198 ac
2703 5143 2929 5198 liberam
2971 5143 3180 5198 habens
3225 5142 3456 5198 faculta-

240 5322 500 5420 ’ξείναιςΙ
519 5318 993 5420 θερσέϐειαιξκὲλη
1004 5335 1118 5420 μάλ
1187 5318 1509 5420 Etangs-ﬁ
1530 5322 1749 5420 1στρωνῇιό
1768 5320 2240 5420 δρασαςικρθωμη
2260 5321 2355 5420 xta).
2388 5321 2615 5420 pq6ax§1§
2641 5320 2742 5393 μὲν
2762 5321 3098 5394 ἐρωτῶντος,
3119 5322 3232 5386 τοῖς
3247 5319 3452 5394 ἔργοις.

186 5393 225 5426 ³³
251 5394 417 5448 Sirln.
461 5392 728 5446 Ἰουδαῖοι.
806 5388 849 5419 ³⁸
891 5388 1054 5445 smn.
1085 5389 1276 5460 ἁμνός.

251 5539 364 5609 (Η)
409 5537 552 5592 Nam
587 5547 702 5609 erat
732 5536 836 5609 tale
861 5537 1082 5609 crimen,
1109 5535 1220 5589 Kal
1244 5533 1354 5605 γὰρ
1374 5529 1455 5606 ἦν
1475 5533 1542 5588 τὸ
1563 5534 1775 5609 ἔγκλη-

188 5606 586 5682 ματοιοῦ-ζον.
621 5606 990 5682 Pauloalitet:
1023 5607 1300 5682 Romanus
1345 5609 1514 5682 colle;
1553 5621 1616 5660 ac
1656 5607 1778 5682 §ir:

189 5673 365 5734 iuundi
395 5700 409 5734 :
443 5678 552 5732 Ka‘t
576 5678 686 5749 γάρ
710 5673 1080 5750 ἦνᾼθεοσέϐεια
1109 5674 1378 5750 ἔγκλημα,
1406 5674 1435 5728 ὃ
1455 5675 1683 5750 λαμπρᾷ
1709 5679 1776 5750 τῇ

189 5754 333 5822 φωνῇ
365 5754 396 5805 6
439 5745 668 5822 δράσας’
693 5745 1108 5822 καθωμολόγειη·
1139 5745 1352 5822 Religio
1397 5745 1596 5802 crimen
1616 5745 1775 5822 erat,

1421 5387 1570 5444 Psal.
1602 5387 1713 5458 11,"!
1762 5387 1882 5464 sqq.
1957 5392 2004 5424 ⁸³
2025 5387 2258 5458 Ιειιὶίκι,
2291 5394 2360 5458 6;
2389 5387 2514 5456 Lx'v,
2538 5392 2628 5446 25.

1881 5535 2186 5598 sententia;
2232 5533 2374 5588 haud
2412 5533 2538 5587 item
2587 5547 2749 5603 quam
2784 5531 2934 5588 Surii
2967 5531 3241 5603 interpres
3284 5528 3468 5600 expri-

1883 5608 2003 5678 mit,
2031 5620 2150 5676 ηυδε
2179 5619 2276 5678 nec
2303 5604 2418 5678 ipsa
2453 5601 2914 5678 satis'commoda
2944 5612 3028 5657 est
3057 5620 3071 5657 :
3105 5601 3318 5678 Crimen
3353 5607 3467 5678 erat

1880 5672 2247 5748 pietas—Lquod
2283 5673 2427 5728 clara
2456 5689 2582 5748 ivoce
2624 5674 2992 5748 conﬁtebatur,
3025 5689 3141 5726 cum
3173 5672 3262 5742 qui
3289 5672 3466 5748 onmia

1885 5744 2026 5815 fecit.
2058 5744 2150 5802 Sic
2181 5745 2286 5800 alia
2326 5747 2524 5815 passim
2555 5753 2858 5815 occurrunt
2880 5744 3059 5799 minus
3092 5749 3373 5804 accurata,
3405 5744 3479 5799 in

190 5813 538 5892 quad'auct'or
559 5819 708 5875 clara.
731 5813 1234 5882 voce‘conlitebatur,
1255 5813 1443 5874 eadem
1460 5817 1780 5876 estomnino
1885 5813 2082 5889 quibus
2113 5826 2289 5874 tamen
2320 5813 2482 5873 nolim
2510 5830 2628 5871 esse
2659 5813 2950 5869 morosior.
