3820 6322
351 357 456 415 307
1620 356 1678 414 δ.
1720 352 1994 412 ASTERH
2035 353 2173 408 AMA
2183 353 2332 410 SENI
3487 350 3604 408 308

349 485 477 537 tem.
511 488 632 528 cum
660 471 698 528 ii
727 473 953 528 necdum
1003 474 1226 539 scirent,
1261 487 1384 528 eum
1423 485 1544 533 esse
1579 487 1742 540 quem
1774 485 1920 541 quae-

2046 471 2161 542 ιήτε
2189 470 2348 542 δῆλος
2372 463 2440 540 ἦν
2479 467 2558 522 ἔτι
2592 467 2754 529 αὐτὸς
2796 465 2892 529 ὢν,
2921 467 2950 518 ό
2989 466 3118 536 παρ’
3153 463 3372 518 ἐκείνων
3401 463 3600 528 ἐπιζη-

349 575 530 620 rerent
561 583 576 620 :
604 574 791 620 contra
831 582 961 621 vero
1007 567 1227 620 omnino
1267 565 1434 630 fecit;
1485 579 1544 620 se
1569 564 1782 620 fortiter
1827 577 1918 632 ge-

2046 559 2279 630 ὀύμενος
2299 576 2315 591 ·
2355 557 2490 612 ἀλλὰ
2530 559 2639 611 πᾶν
2667 555 2977 610 τούναντίον
3011 555 3222 616 ἐποίει,
3249 554 3600 624 ἀνδρίζεσθαι

347 670 488 718 rere,
526 670 628 710 non
657 656 840 725 fugere
889 666 1152 711 statuens.
1187 654 1392 710 Eorum‘
1445 656 1632 727 itaque
1670 654 1919 724 precibus

2046 653 2242 715 ιᾶλλον,
2264 653 2359 706 καὶ
2388 652 2508 722 οὐχὶ
2533 649 2754 720 φεύγειν
2782 647 3182 720 προῃρημένος.
3218 645 3432 715 ’Δμέλει
3459 646 3600 715 πρὸς

345 749 556 812 annuit,
601 757 674 808 et,
731 749 864 817 Ego,
915 749 1106 816 inquit,
1140 749 1190 802 in
1223 750 1474 818 praesenti
1525 747 1736 818 negotio
1764 747 1920 802 vobis

347 835 564 901 :nljutor
600 852 729 902 ero;
768 837 890 890 novi
917 837 1060 890 enim
1105 838 1298 904 virum,
1330 847 1384 892 et
1436 838 1594 893 facile
1634 839 1916 907 qumsitum

348 927 634 981 inveniam.
663 927 772 982 Nec
816 937 975 982 erunt
1006 928 1273 999 longiores
1326 944 1510 996 morae,
1553 930 1646 984 sed
1681 930 1767 984 die
1795 944 1917 984 cra-

345 1019 484 1071 stina
513 1019 662 1074 vobis
683 1034 805 1074 eum
837 1021 1139 1074 ostendam.
1186 1019 1290 1076 Vos
1338 1029 1544 1075 tantum
1583 1021 1636 1075 in
1661 1020 1761 1077 hoc
1797 1035 1920 1075 meo

348 1122 582 1177 paupere
632 1108 932 1165 diversorio
971 1110 1317 1180 requiescite.
1375 1109 1474 1166 Ubi
1520 1111 1600 1165 sic
1637 1111 1718 1164 eis
1769 1121 1923 1165 certo

348 1199 706 1264 promisisset,
738 1199 946 1256 duabus
971 1215 1029 1255 se
1054 1201 1216 1255 rebus
1236 1200 1514 1269 dispertit;
1549 1215 1740 1269 nempe
1773 1201 1918 1257 exci-

349 1290 558 1354 piendis
623 1300 732 1345 tota
772 1293 1107 1348 humanitate
1158 1293 1528 1357 occisoribus,
1572 1308 1635 1347 ac
1679 1293 1921 1363 parando

349 1383 616 1450 sepulcro.
667 1381 802 1438 Cum
835 1393 1011 1438 autem
1056 1394 1294 1453 parasset
1353 1385 1573 1450 fossam,
1603 1395 1657 1441 et
1691 1401 1810 1456 quae
1856 1390 1922 1442 ad

350 1473 680 1542 sepulturam
713 1484 867 1528 erant
892 1478 1218 1541 necessaria,
1239 1477 1305 1530 ad
1349 1492 1442 1532 eos
1483 1479 1736 1546 postridie
1767 1493 1923 1534 acce-

351 1566 515 1620 dens:
561 1565 873 1634 Diligenter,
926 1567 1132 1636 inquit.
1191 1569 1344 1623 vobis
1389 1570 1613 1637 quaesivi
1666 1569 1919 1633 Phooam,

352 1664 539 1723 estque
556 1654 668 1720 jam
699 1665 887 1723 parata
919 1657 1099 1723 praeda
1122 1699 1136 1720 ,
1163 1673 1226 1712 ac
1253 1659 1297 1712 si
1343 1660 1490 1714 lubet
1511 1701 1527 1726 ,
1565 1662 1922 1730 comprehen-

353 1747 531 1800 datur.
559 1745 670 1799 Illis
705 1757 883 1802 autem
917 1762 1028 1816 pra:
1055 1749 1248 1816 gaudio
1282 1752 1667 1817 quarentibus,
1705 1749 1923 1808 ubinam

2019 745 2116 816 τὴν
2147 745 2368 811 ἀξίωσιν
2391 740 2662 795 ἐπινεύει·
2690 739 2884 804 Κάγὼ,
2913 738 3096 810 φησὶν,
3122 739 3249 807 ὑμῖν
3271 740 3351 799 εἰς
3375 737 3436 789 τὸ
3461 754 3599 806 προ-

2022 835 2268 905 κείμενον
2311 834 2670 904 συλλήψομαι.
2707 831 2965 885 Γινώσκω
3001 829 3111 900 γὰρ
3141 829 3230 881 τὸν
3269 827 3470 898 ἄνδρα,
3506 827 3601 878 καὶ

2024 927 2224 999 ῥᾳδίως
2256 925 2605 997 ἀναζητήσας
2642 924 2877 996 εὑρήσω·
2918 921 3019 975 οὐκ
3048 923 3129 983 είς
3156 918 3371 989 μακρὰν
3395 918 3451 970 δὲ
3479 917 3600 970 τοῦ-

2022 1034 2132 1079 τον,
2164 1016 2298 1071 ἀλλά
2323 1019 2404 1081 εἰς
2431 1017 2531 1088 τὴν
2560 1015 2818 1070 ἐπιοῦσαν
2845 1015 2941 1068 καὶ
2969 1014 3150 1075 αὐτοῖς
3175 1013 3298 1080 ὑμῖν
3323 1008 3598 1074 ἐπιδείξω-

2027 1109 2186 1178 μόνον
2232 1109 2392 1179 ὑμεῖς
2431 1110 2524 1162 ἐπὶ
2563 1109 2664 1179 τῆς
2703 1107 2966 1177 πενιχρᾶς
3006 1103 3213 1172 ταύτης
3263 1100 3602 1169 καταγωγῆς

2024 1200 2433 1254 ἀναπαύσασθε.
2485 1200 2642 1253 Οὕτω
2681 1197 2905 1268 βεϐαίαν
2957 1197 3140 1257 αὐτοῖς
3187 1193 3601 1261 ἐγγυησάμενος

2022 1291 2120 1362 τὴν
2147 1292 2457 1362 ὑπόσχεσιν,
2497 1291 2817 1362 πράγμασιν
2851 1288 3042 1342 ἐαυτὸν
3080 1283 3431 1355 καταμερίζει
3453 1284 3600 1346 δυσὶ,

2023 1387 2089 1454 τῇ
2116 1400 2175 1436 τε
2203 1382 2445 1448 δεξιώσει
2471 1382 2581 1436 τῶν
2610 1381 2801 1436 ἑαυτοῦ
2834 1380 3057 1450 φονέων,
3089 1377 3182 1430 καὶ
3213 1379 3277 1447 τῇ
3310 1374 3606 1446 ἑτοιμασίᾳ

2023 1477 2118 1530 τοῦ
2141 1478 2335 1546 τάφου.
2361 1477 2702 1549 Εὐτρεπίσας
2733 1475 2787 1528 δὲ
2810 1474 2876 1526 τό
2894 1491 2953 1526 τε
2987 1473 3201 1546 ὄρυγμα
3229 1470 3325 1523 καὶ
3367 1470 3437 1522 τὰ
3469 1468 3606 1538 περὶ

2024 1571 2198 1642 ταφὴν
2249 1572 2520 1639 ἀναγκαῖα
2542 1609 2557 1633 ,
2612 1564 2924 1638 προσελθὼν
2975 1566 3157 1626 αὐτοῖς
3193 1565 3258 1633 τῇ
3312 1559 3604 1630 ὑστεραίᾳ,

2037 1661 2342 1733 Ἐπιμελῶς
2389 1664 2538 1733 ὑμῖν,
2593 1660 2729 1732 ἔφη,
2769 1659 2860 1712 τὸν
2901 1657 3091 1710 Φωκᾶν
3125 1653 3462 1725 ἀνεζήτησα,
3505 1651 3607 1705 καὶ

2025 1753 2240 1823 ἕτοιμον
2279 1752 2380 1822 ἥδη
2411 1751 2470 1804 τὸ
2497 1750 2720 1821 θήραμα
2745 1767 2758 1780 ·
2795 1749 2888 1802 καὶ
2914 1749 2962 1800 εί
3005 1747 3182 1811 δοκεῖ,
3220 1742 3603 1814 συλληφθήτω.

355 1838 437 1891 vir
467 1837 554 1892 ille
570 1847 714 1894 esset
741 1855 755 1891 :
787 1839 899 1894 Non
928 1842 1136 1910 procul,
1165 1843 1358 1912 inquit,
1389 1845 1484 1900 sed
1512 1845 1786 1900 vobiscum
1809 1858 1920 1910 eat;

2046 1821 2153 1901 Γῶν
2182 1847 2238 1900 δὲ
2269 1821 2528 1900 είπόντων
2564 1849 2626 1899 ἐκ
2666 1843 3021 1916 περιχαρείας
3040 1858 3054 1873 ο
3083 1841 3194 1895 Καὶ
3239 1837 3341 1891 ποῦ
3367 1839 3396 1890 ὁ
3424 1837 3605 1906 ἀνήρ;

355 1945 479 1983 nam
511 1939 564 1984 et
590 1946 694 2000 ego.
721 1931 810 1986 ille
837 1933 952 2000 ipse
981 1949 1124 1988 sum.
1157 1934 1288 1988 Rem
1332 1936 1516 2005 itaque
1542 1938 1922 2006 exsequimini,

357 2024 603 2093 longique
625 2024 837 2080 itineris
863 2039 927 2079 ac
953 2025 1158 2081 laboris
1199 2042 1418 2096 scopum
1459 2028 1695 2098 implete.
1728 2029 1926 2086 Obstu—

358 2115 798 2183 ttueruntanimis
832 2117 1100 2183 homines,
1143 2132 1318 2188 eoque
1337 2121 1540 2189 audito,
1567 2120 1924 2192 diriguerunl,

357 2202 522 2259 salem
553 2220 617 2260 ac
646 2219 884 2260 mensam
912 2208 1150 2274 reveriti,
1172 2209 1591 2282 muniﬁcumque
1614 2212 1668 2266 in
1698 2227 1926 2282 pauper-

361 2306 472 2352 tate
503 2297 809 2361 convivam.
837 2297 916 2359 Ad
962 2299 1076 2354 haec
1105 2314 1251 2366 vero,
1286 2301 1498 2361 animos
1530 2313 1589 2358 ut
1611 2320 1670 2360 se
1725 2305 1931 2360 interli-

360 2397 543 2442 cerent
576 2391 955 2446 exhortatione
987 2393 1251 2458 addebat;
1289 2393 1620 2465 jubebatque
1653 2413 1720 2452 ne
1773 2399 1930 2466 quid-

356 2495 520 2547 quam
552 2481 896 2548 dubitarent;
925 2483 1134 2548 dicens,
1194 2499 1260 2540 ne
1294 2485 1408 2541 l‘ore
1448 2488 1661 2556 quidem
1713 2489 1929 2544 illorum

361 2589 554 2628 manus
583 2575 804 2638 caedem,
849 2576 948 2629 sed
974 2591 1158 2630 eorum
1215 2578 1446 2645 facinus,
1507 2581 1598 2650 qui
1649 2584 1932 2652 praecepis-

361 2677 501 2719 seut.
547 2666 708 2731 Dixit,
733 2669 1022 2736 persuasit,
1051 2684 1244 2740 passus
1276 2680 1380 2738 est,
1409 2687 1474 2727 ac
1511 2673 1685 2743 capite
1723 2684 1934 2730 trunca-

363 2771 469 2825 tus,
500 2771 650 2828 grata
676 2758 787 2816 Deo
820 2760 995 2816 hostia
1026 2762 1242 2818 oblatus
1272 2775 1374 2819 est.

433 3022 520 3082 Ab
560 3037 628 3078 eo
673 3032 913 3094 tempore
947 3024 1339 3099 hactenusque,
1380 3029 1690 3087 columnam
1717 3048 1842 3090 eum
1873 3050 1937 3090 ac

367 3115 791 3173 sustentaculum
823 3117 936 3189 (45)
990 3118 1296 3175 divinarum
1327 3136 1423 3191 per
1451 3125 1637 3180 orbem
1669 3126 1935 3184 Ecclesia-

370 3226 510 3274 rum,
533 3225 568 3264 ο
589 3209 713 3274 viri,
742 3211 1031 3278 habemus;
1062 3223 1254 3283 estque
1293 3215 1385 3270 ille
1417 3227 1714 3289 martyrum
1746 3219 1938 3276 claris-
1961 3186 2005 3243 ο

368 3303 558 3368 simus,
601 3302 808 3358 habens
840 3305 955 3373 ipse
985 3303 1187 3374 primas
1220 3315 1404 3376 partes
1429 3309 1572 3364 inter
1594 3311 1851 3379 optimos.
1892 3313 1940 3368 Is

368 3409 556 3460 omnes
582 3393 826 3450 conferto
851 3397 1069 3466 agmine
1087 3396 1154 3451 ad
1185 3413 1340 3453 suum
1375 3401 1544 3455 trahit
1569 3401 1901 3458 domicilium
1923 3443 1938 3466 ,

369 3493 601 3554 suntque
635 3486 804 3555 plenae
836 3485 935 3540 via:
967 3487 1194 3555 publicae
1233 3489 1299 3544 iis
1348 3490 1442 3559 qui
1495 3505 1564 3546 ex
1617 3507 1944 3564 unaquaque

373 3577 591 3646 regione
632 3577 700 3630 ad
755 3577 932 3632 locum
966 3579 1232 3634 orationis
1273 3583 1625 3637 contendunt.
1660 3586 1836 3654 Atque
1859 3596 1945 3640 est

369 3670 584 3738 quidem
621 3670 970 3738 magniﬁcum
1017 3671 1150 3726 illud
1199 3673 1480 3744 templum,
1521 3676 1608 3731 cui
1640 3677 1854 3745 obtigit,
1887 3686 1944 3731 ut

370 3771 774 3838 sacrosanctum
804 3764 1029 3818 haberet
1058 3767 1314 3837 martyris
1367 3782 1584 3838 corpus,
1635 3784 1822 3823 eorum
1851 3770 1944 3840 qui

379 3852 712 3922 atﬁiguntur,
744 3854 1039 3921 relaxatio;
1073 3872 1260 3912 eorum
1290 3859 1382 3927 qui
1419 3859 1623 3914 morbis
1672 3859 1944 3929 laborant,

371 3944 584 4000 ofﬁcina
617 3945 820 4001 medica
850 3963 865 4001 :
895 3961 1081 4002 eorum
1109 3950 1199 4018 qui
1233 3951 1501 4016 esuriunt,
1536 3966 1746 4021 mensa;
1776 3952 1945 4007 abun-

372 4037 594 4092 dantius
625 4037 768 4091 enim
805 4053 953 4092 nunc
994 4038 1092 4093 alit
1159 4038 1369 4095 Phocas
1426 4041 1734 4109 defunctus,
1783 4059 1944 4114 quam

374 4129 524 4199 prius
549 4127 747 4199 Joseph
777 4130 830 4184 in
853 4129 1090 4202 Egypto
1107 4132 1280 4186 vivus.
1312 4130 1446 4186 Nam
1467 4132 1556 4187 ille
1585 4133 1799 4203 quidem
1831 4135 1946 4190 fru-

377 4234 617 4276 mentum
645 4224 989 4290 permutabat
1016 4224 1278 4293 pecunia;
1305 4223 1394 4278 hic
1415 4234 1616 4290 autem,
1655 4227 1822 4296 gratis
1849 4227 1950 4282 lar-

375 4315 520 4385 gitur
555 4314 856 4383 egentibus.
887 4315 980 4371 Sic
1003 4316 1374 4370 mendicorum
1405 4331 1468 4370 ac
1494 4330 1749 4372 erronum
1781 4323 1950 4375 turba:

377 4407 446 4460 ad
476 4406 710 4478 Sinopes
741 4408 1024 4473 isthmum,
1055 4422 1154 4464 ceu
1187 4409 1253 4462 ad
1298 4422 1586 4462 commune
1612 4410 1828 4478 aliquod
1852 4427 1948 4482 pe-

2032 1941 2107 1993 Οὐ
2150 1940 2359 2011 πόρρω,
2400 1939 2584 2009 φησὶν,
2630 1937 2766 1991 ἀλλά
2804 1936 2923 2007 μεθ’
2965 1933 3156 2004 ὑμῶν’
3185 1931 3348 1992 αὐτὸς
3379 1929 3437 1983 δὲ
3470 1929 3608 1998 ὑμῖν

2031 2027 2188 2104 οὗτος
2215 2030 2326 2101 ἐγώ
2350 2048 2364 2062 ο
2397 2031 2489 2084 καὶ
2519 2029 2793 2101 χρήσασθε
2826 2027 2904 2098 τῷ
2972 2025 3280 2098 πράγματι,
3337 2021 3431 2074 καὶ
3475 2018 3616 2086 πλη-

2037 2125 2244 2197 ρώσατε
2268 2124 2357 2176 τὸν
2424 2123 2524 2193 τῆς
2574 2120 2876 2192 ὁδοιπορίας
2925 2115 3128 2172 καὶτοῦ
3160 2115 3323 2168 πόνου
3380 2110 3609 2165 σκοπόν.

2046 2218 2394 2288 Ἐπλάγησαν
2425 2216 2523 2279 τὰς
2562 2213 2740 2284 ψυχὰς
2785 2213 2833 2265 οἱ
2865 2211 3137 2281 ἄνθρωποι
3159 2251 3173 2275 ,
3206 2206 3300 2261 καὶ
3333 2204 3468 2275 πρὸς
3505 2201 3614 2272 τὴν

2035 2311 2204 2382 ἀκοὴν
2225 2309 2610 2379 ἀπεπάγησαν,
2635 2308 2760 2370 τοὺς
2789 2305 2921 2368 ἃλας
2951 2304 3046 2358 καὶ
3078 2303 3179 2373 τὴν
3217 2298 3498 2372 τράπεζαν
3529 2296 3613 2349 αἱ·

2034 2404 2329 2465 δεσθέντες,
2354 2400 2450 2454 καὶ
2479 2399 2570 2453 τὸν
2604 2400 2661 2451 ἐν
2701 2397 2859 2467 πενία
2887 2396 3164 2465 φιλότιμον
3203 2391 3510 2460 ἑστιάτορα.
3547 2387 3620 2438 '0

2035 2499 2091 2551 δὲ
2143 2496 2235 2549 καὶ
2279 2494 2357 2547 ἔτι
2391 2491 2690 2565 παρεκάλει
2727 2490 2864 2560 πρὸς
2897 2489 2996 2560 τὴν
3023 2487 3228 2557 τόλμαν
3262 2485 3360 2554 τῆς
3397 2481 3613 2552 ἀναιρέ-

2038 2607 2196 2656 σεως,
2233 2587 2326 2640 καὶ
2356 2585 2490 2657 μηδέ
2527 2582 2664 2655 πρὸς
2701 2581 2872 2650 ὀλίγον
2896 2580 3184 2644 διστάζειν
3232 2575 3613 2636 ἐπεκελεύετο,

2037 2682 2239 2750 λέγων,
2278 2679 2351 2742 ὡς
2383 2674 2493 2731 οὔτ’
2542 2674 2766 2728 ἐκείνων
2801 2672 2983 2744 χειρὸς
3025 2673 3054 2724 ό
3082 2671 3276 2740 φόνος,
3317 2666 3454 2722 ἀλλὰ
3498 2664 3614 2718 τῶν

2039 2770 2453 2844 προσταξάντων
2482 2769 2516 2840 ἡ
2553 2765 2911 2840 ἐπιχείρησις.
2939 2759 3125 2828 Εἶπεν,
3157 2762 3395 2825 ἔπεισεν,
3417 2757 3614 2822 ἔπαθε,

2040 2864 2132 2918 καὶ
2167 2860 2263 2932 τὴν
2293 2859 2534 2931 κεφαλὴν
2562 2856 2901 2929 ἀποτμηθεὶς
2919 2897 2934 2922 ,
2962 2855 3154 2926 ἱερεῖον
3180 2853 3268 2922 τῶ
3289 2850 3408 2905 Θεῶ
3449 2867 3612 2919 κεχα-

2045 2954 2293 3024 ρισμένον
2324 2954 2628 3026 προσήχθη.

2114 3043 2312 3109 Στύλος
2344 3043 2390 3076 ³⁸
2436 3045 2530 3097 καὶ
2559 3043 2792 3114 ἔρεισμα
2828 3041 2935 3093 τῶν
2962 3038 3123 3092 θείων
3167 3037 3267 3108 τῆς
3290 3034 3626 3106 οἰκουμένης

2055 3137 2407 3208 Ἐκκλησιῶν,
2439 3134 2497 3201 ἐξ
2517 3135 2726 3190 ἐκείνου
2766 3132 2926 3206 μέχρι
2949 3131 3043 3185 τοῦ
3071 3129 3164 3183 νῦν
3183 3126 3617 3197 τοῦτονηέχομεν,

2043 3227 2320 3301 ἄνθρωποι
2343 3245 2357 3259 ·
2387 3229 2480 3281 καὶ
2515 3225 2808 3299 μαρτύρων
2855 3223 3001 3279 ἐστὶν
3034 3215 3185 3286 οὗτος
3222 3217 3623 3290 περιφανέστα-

2043 3338 2154 3385 τος,
2187 3321 2244 3373 ἐν
2264 3321 2378 3382 τοῖς
2404 3317 2650 3389 ἀρίστοις
2680 3315 2816 3387 ἔχων
2847 3314 3007 3377 αὐτὸς
3038 3313 3099 3365 τὸ
3129 3313 3414 3382 πρωτεῖον.
3447 3305 3623 3369 Οὗτος

2043 3411 2329 3482 ἐφέλκεται
2352 3409 2626 3480 πανδημεὶ
2651 3408 2858 3470 πάντας
2887 3404 3023 3478 πρὸς
3052 3403 3114 3457 τὸ
3135 3401 3326 3456 ἐαυτοῦ
3363 3398 3623 3466 καταγώ-

2043 3521 2198 3573 γιον,
2241 3503 2338 3556 καὶ
2394 3501 2622 3572 πλήρεις
2679 3501 2735 3553 αἱ
2779 3497 3042 3568 λεωφόροι
3089 3493 3196 3548 τῶν
3244 3493 3336 3563 ἀφ’
3382 3491 3624 3560 ἑκάστης

2044 3594 2227 3667 χώρας
2256 3593 2394 3665 πρὸς
2422 3592 2512 3646 τὸν
2543 3592 2704 3645 τόπον
2745 3587 3115 3659 ἐπειγομένων
3156 3585 3254 3655 τῆς
3288 3582 3622 3655 προσευχῆς.

2049 3685 2204 3738 Ἔστι
2247 3683 2346 3753 μὲν
2386 3678 2480 3736 οὖν
2507 3684 2536 3736 ό
2565 3679 2988 3753 μεγαλοπρεπὴς
3018 3678 3223 3739 ἐκεῖνος
3261 3674 3411 3737 ναὸς,
3437 3675 3496 3736 ὃς
3527 3674 3625 3725 καὶ

2043 3779 2105 3833 τὸ
2135 3775 2279 3848 ἱερὸν
2311 3775 2456 3846 ἔχειν
2482 3773 2574 3829 τοῦ
2605 3774 2880 3845 μάρτυρος
2910 3767 3196 3839 ἐκληρώθη
3237 3765 3417 3836 σῶμα,
3440 3764 3626 3817 θλιϐο-

2050 3868 2230 3939 μένων
2279 3866 2482 3927 ἄνεσις,
2530 3861 2886 3932 κακουμένων
2921 3859 3190 3930 ἰατρεῖον,
3244 3855 3629 3926 λιμωττόντων

2045 3960 2314 4032 τράπεζα.
2357 3955 2754 4026 Δαψιλέστερον
2783 3951 2892 4023 γὰρ
2924 3949 3114 4020 τρέφει
3159 3948 3352 4010 Φωκᾶς
3403 3944 3500 3999 νῦν
3537 3963 3630 3998 τε-

2049 4049 2338 4121 λευτήσας,
2369 4048 2512 4118 ἥπερ
2554 4049 2611 4100 ἐν
2651 4043 2913 4114 Αἰγύπτῳ
2945 4044 2973 4094 ὁ
3013 4039 3212 4112 Ἰωσὴφ
3247 4039 3306 4092 τὸ
3336 4037 3625 4110 πρότερον.

2061 4144 2300 4205 Ἐκεῖνος
2336 4140 2434 4211 μὲν
2467 4139 2578 4209 γὰρ
2607 4135 2870 4209 ἀργυρίου
2900 4134 2992 4188 τὸν
3016 4135 3159 4186 σῖτον
3182 4131 3436 4201 διένειμεο
3473 4125 3633 4193 οὗτος

2049 4236 2106 4289 δέ
2159 4236 2362 4307 προῖκα
2399 4234 2513 4296 τοῖς
2548 4228 2826 4300 δεομένοις
2868 4226 3172 4297 χαρίζεται.
3209 4221 3365 4277 Οὕτω
3396 4220 3632 4290 πτωχῶν

2052 4330 2147 4384 καὶ
2179 4326 2550 4400 ἀλητευόντων
2583 4321 2726 4393 φῦλα
2765 4319 3090 4393 προστρέχει
3131 4317 3210 4388 τῷ
3241 4317 3340 4386 τῆς
3379 4314 3632 4384 Σινώπης

2056 4419 2262 4492 ἰσθμῷ,
2297 4419 2548 4488 καθάπερ
2591 4415 2699 4469 τινὶ
2728 4412 2892 4484 κοινῷ
2918 4412 3170 4483 ταμιείῳ.
3215 4407 3352 4462 Ἀλλ’
3386 4409 3502 4462 ἐκεῖ
3530 4407 3635 4477 μὲν

378 4501 596 4554 narium
633 4511 947 4556 accurrunt.
985 4499 1092 4556 Sed
1124 4499 1234 4555 illic
1270 4499 1486 4569 quidem
1535 4501 1637 4555 sic.
1671 4500 1727 4556 Si
1771 4516 1940 4560 autem

2057 4508 2251 4574 οὕτως.
2284 4509 2347 4563 Ei
2381 4507 2445 4561 δέ
2467 4524 2568 4561 που
2605 4503 2702 4560 καὶ
2727 4503 2960 4574 ἀλλαχοῦ
2991 4501 3078 4555 διὰ
3106 4499 3314 4573 μικρῶν
3338 4497 3631 4589 λειψάνων.

375 4589 542 4650 etiam
567 4589 698 4646 alibi
725 4606 1018 4662 paucarum
1049 4589 1398 4659 reliquiarum
1433 4588 1796 4658 impertitione
1817 4595 1950 4668 (46),

480 4722 529 4767 ³⁵
563 4723 691 4797 Leg.
717 4722 926 4778 στύλον.

456 4866 568 4938 (45)
609 4865 935 4938 autumnum
953 4883 1016 4921 ac
1046 4867 1480 4931 sustentaculum,
1512 4877 1616 4925 etc.
1649 4870 1741 4925 Sic
1786 4875 1951 4928 etiam

383 4936 732 5010 Sirnmndus
772 4936 998 5010 margini
1055 4938 1402 5010 ascripserat.
1453 4940 1556 5010 leg.
1615 4942 1843 4997 στύλον·
1899 4953 1959 4999 ut

385 5024 493 5063 non
525 5007 881 5080 praecedentia
914 5005 1140 5074 referat,
1169 5005 1312 5080 quod
1354 5005 1530 5068 reddi]
1558 5010 1837 5080 Lipomani
1872 5014 1957 5067 iu-

382 5077 612 5153 terpr’es,
646 5077 884 5153 retinens
909 5091 1096 5153 vocem
1120 5079 1328 5143 στύλος,
1359 5083 1452 5136 sed
1485 5077 1782 5151 sequentia,
1815 5083 1958 5153 quod

383 5150 544 5218 plane
573 5158 682 5218 tota
709 5148 872 5216 exigit
893 5148 1034 5204 ratio
1064 5159 1370 5204 contextus.

453 5218 569 5293 (d6)
596 5215 1308 5293 Paucarumureliquiarum
1332 5220 1704 5293 impertitioue,
1739 5223 1837 5277 διὰ
1861 5241 1959 5293 μι-

385 5287 900 5359 κρῶν-λειψάνων.
923 5287 1062 5343 Sunt
1082 5292 1196 5344 hinc
1224 5290 1608 5358 pulcherrima,
1635 5309 1698 5347 ac
1719 5287 1959 5347 veterum

387 5357 438 5414 in
483 5373 672 5436 sacras
719 5357 974 5436 reliquias
1018 5357 1296 5430 religionis
1325 5362 1580 5430 praeclara
1625 5373 1963 5436 argumenta,

387 5444 512 5483 cum
542 5429 622 5483 sic
653 5427 1012 5502 celebriorum
1055 5427 1349 5502 martyrum
1391 5448 1454 5486 ac
1490 5427 1799 5486 sanctorum
1834 5449 1969 5487 exn-

385 5502 518 5571 viis,
544 5499 1018 5573 exunaEcclesia
1066 5499 1299 5556 (litarent
1330 5502 1610 5573 plurimas,
1655 5517 1763 5573 nec
1807 5503 1968 5573 quid-

387 5567 550 5637 quam
598 5567 796 5636 prioris
846 5569 1124 5626 auferreut
1162 5567 1674 5627 autve'miuuerent
1717 5567 1966 5638 divitias;

389 5653 552 5710 quam
591 5638 855 5692 hactenus
887 5643 937 5694 in
974 5643 1173 5697 nostris
1201 5644 1468 5710 vigentem
1499 5643 1646 5695 subit
1683 5641 1965 5710 gratulari,

389 5707 554 5776 idque
608 5711 843 5776 maxime
886 5713 1086 5766 recenti
1137 5707 1427 5767 adnmdum
1475 5726 1538 5764 ac
1587 5707 1840 5765 hesterno
1891 5711 1968 5764 rei

393 5775 679 5844 ejusmodi,
739 5793 908 5848 eoque
959 5783 1288 5853 domestico,
1345 5791 1465 5848 post
1523 5779 1628 5848 alia
1681 5783 1824 5837 haud
1893 5781 1965 5852 ita

2063 4599 2175 4656 οἷον
2227 4599 2486 4668 ἀποικίαν
2527 4597 2650 4652 τινὰ
2693 4595 3076 4669 μητροπόλεως
3126 4594 3155 4645 ὁ
3206 4591 3415 4664 μάρτυς
3451 4588 3642 4660 ἑαυτῷ.

2061 4888 2266 4938 vetera,
2319 4881 2635 4927 occurrente
2687 4867 2976 4938 exemplo;
3010 4865 3260 4938 nimirum
3285 4903 3301 4928 ,
3376 4863 3636 4938 illatiouis

2061 4934 2407 5013 reliquiarum
2439 4944 2495 4996 S.
2533 4934 2928 5013 liaymundiide
2954 4934 3265 5013 Penuial'ort
3297 4934 3636 5013 confessoris

2060 5005 2226 5069 nostri
2274 5013 2490 5068 Ordinis
2560 5005 3018 5068 Praedicatorum,
3078 5005 3133 5058 in
3196 5013 3436 5059 nostram
3493 5005 3638 5061 hanc

2059 5085 2117 5138 S.
2144 5084 2326 5138 Maria:
2352 5081 2693 5136 Annuntiata:
2716 5077 3038 5131 Parisiensis
3069 5089 3276 5128 sacram
3307 5073 3502 5138 aedem,
3535 5079 3636 5128 sub

2058 5155 2370 5224 praesentia,
2401 5167 2466 5206 ac
2497 5157 2927 5224 recognoscente
2960 5146 3328 5224 illustrissimo
3375 5158 3440 5224 ac
3485 5159 3637 5224 reve-

2061 5214 2382 5278 reudissimo
2425 5214 2679 5290 episcopo
2725 5214 3484 5294 Massiliensi,commi.ttente_
3511 5215 3634 5294 illn-

2066 5294 2333 5350 strissimo
2382 5282 2946 5345 ac'rcve'rendissimo
3016 5283 3304 5340 Parisieusi
3373 5282 3636 5348 archiepi-

2067 5379 2250 5432 scopo,
2297 5361 2866 5432 turbaque_innumera
2902 5356 3181 5432 utriusque
3209 5367 3372 5432 sexus
3400 5352 3637 5432 ﬁdelium

2066 5421 2284 5496 ova'nte,
2317 5448 2402 5496 ac,
2441 5421 2582 5498 quod
2619 5430 2693 5482 ait
2726 5421 3212 5507 uoster-Asterius,
3240 5421 3638 5507 ΐοοιυηιξοοιιιιι

2065 5492 2308 5574 nostrth
2341 5492 2557 5574 a'uovo
2593 5508 2742 5574 tanto
2781 5497 3022 5574 hospite,
3068 5492 3413 5574 καταγώγιον
3449 5492 3639 5574 ἐορτα-

2067 5572 2288 5636 ζόντων,
2321 5571 2643 5642 epulantium
2669 5567 3033 5627 diversorium,
3057 5571 3390 5642 agnoscente
3419 5579 3433 5615 :
3463 5567 3638 5642 iisque

2065 5632 2185 5696 cum
2221 5632 2426 5714 primis,
2465 5639 2561 5714 qui
2584 5646 2797 5706 ereptas
2837 5652 2875 5714 θ’
2912 5632 3641 5714 tiiortis’laucibnsproles,

2065 5703 2496 5780 prmséutissimo'
2517 5707 2632 5780 ejus
2675 5703 2977 5780 patrocinii,
3000 5705 3304 5780 haustique
3332 5703 3640 5780 pulviscu'li,

2067 5774 2290 5858 perenni
2333 5779 2590 5846 miracqu
2611 5793 2641 5832 e
2665 5774 2837 5832 Sancti
2865 5775 3110 5848 sepulcro
3139 5774 3441 5844 nascentis,
3466 5774 3641 5837 remes
