3820 6296
145 347 249 403 315

1222 356 1509 417 uouth
1545 364 1612 419 x.
1656 365 1721 420 IN
1763 366 1864 425 ss.
1903 347 2304 432 manus.

3289 388 3394 446 514

144 455 299 524 οὗτος
333 461 365 513 ὁ
397 461 599 532 κἏηρος
630 479 728 533 της
751 465 1053 535 άγορασίας
1085 471 1313 540 περιϊὼν
1351 476 1619 543 ἅπαντας,
1651 480 1724 534 δί-

1832 488 2112 554 emptionis
2145 486 2426 546 universos
2453 492 2663 558 obiens,
2683 494 2852 562 partis
2889 503 3186 564 emptorem
3211 499 3393 566 quoti-

145 553 272 606 δωσι
309 554 642 627 καθημέραν
679 555 777 627 τῆς
819 559 1036 630 μερίδος
1079 563 1170 615 τὸν
1205 565 1440 638 ὠνητήν.
1482 571 1724 626 Ἐπειδὰν

142 646 196 698 δὲ
222 647 398 716 ὅρμος
427 647 626 710 αὐτοὺς
654 648 1003 721 ὑποδέξηται,
1033 655 1128 706 καὶ
1151 657 1230 719 είς
1265 658 1369 727 γῆν
1398 661 1722 730 ἀφίκωνται,

145 735 433 808 μερίζεται
462 738 522 791 τὸ
560 740 825 811 ἀργύριον
861 745 972 805 τοῖς
1005 747 1261 800 πεινῶσι*
1311 749 1525 824 τοῦτοή
1568 755 1724 826 μερὶς

143 828 230 879 τοῦ
253 831 446 894 Φωκᾶ,
476 834 725 902 πενήτων
751 835 1064 905 εὐεργεσία.

209 919 502 990 Τεθήπασι
534 924 724 978 τοῦτον
749 927 842 979 καὶ
871 927 1110 997 βασιλεῖς
1133 931 1224 984 τὸν
1253 935 1724 1005 καρτερικώτατον

143 1013 230 1064 καὶ
262 1015 540 1082 φιλόθεον,
559 1019 652 1070 καὶ
678 1019 981 1090 φιλοτίμοις
997 1025 1298 1094 κειμηλίοις
1319 1030 1722 1100 κατακοσμοῦσι

139 1105 230 1157 τοῦ
264 1108 638 1177 περιϐλέπτου
682 1112 914 1183 πένητος
942 1114 1032 1166 τὸν
1069 1117 1216 1170 ναόν.
1260 1120 1626 1174 Φιλονεικοῦσι
1664 1123 1722 1176 δὲ

137 1199 184 1249 οἱ
240 1200 621 1271 ἐπιγινόμενοι
655 1205 783 1266 τοὺς
841 1207 1243 1279 πρεσϐυτέρους
1298 1211 1718 1284 ὑπερϐαλέσθαι.

139 1293 246 1344 Καὶ
299 1292 462 1345 οὔπω
510 1295 847 1367 θαυμαστὸν,
893 1301 942 1354 εί
983 1301 1085 1371 τῆς
1120 1301 1406 1374 Ῥωμαίων
1429 1309 1723 1378 ἡγεμονίας

137 1384 332 1456 ἄνδρες
371 1387 742 1455 φιλευσεϐεἰς,
781 1391 1004 1463 θεσμοῖς
1042 1397 1138 1449 καὶ
1181 1397 1368 1468 νόμοις
1411 1399 1716 1470 σύντροφοι,

137 1477 310 1541 οὕτως
340 1478 593 1544 εὐλαϐῶς
617 1483 798 1553 έχουσι
831 1486 959 1556 περ)¹
988 1488 1079 1541 τὸν
1108 1488 1414 1560 θεράποντα
1458 1489 1552 1544 τοῦ
1583 1493 1718 1562 Χρι-

139 1570 284 1637 στοῦ,
317 1574 488 1625 ὁπότε
530 1576 628 1626 καὶ
668 1577 750 1640 εἰς
786 1577 1098 1650 βαρϐάρους
1124 1581 1263 1652 ἔφθη
1292 1583 1354 1634 τὸ
1385 1583 1599 1653 θαῦμα·
1626 1584 1720 1636 καὶ

138 1666 340 1728 πάντες
366 1668 418 1718 οἱ
447 1667 776 1738 ἀγριώτατοι
804 1671 1028 1738 Σκύθαι,
1067 1674 1181 1726 ὅσοι
1203 1673 1267 1744 δὴ
1294 1675 1394 1745 τὴν
1422 1675 1720 1745 ἀντιπέρας

135 1756 224 1808 τοῦ
272 1757 536 1820 Εὐξείνου
572 1761 774 1814 Πόντου
816 1763 1044 1834 ἦπειρον
1078 1765 1368 1836 νέμονται,
1417 1764 1720 1826 Μαιώτιδος

1827 577 1914 631 die
1943 583 2203 651 suggerit.
2238 581 2529 654 Postquam
2554 594 2732 640 autem
2765 601 2858 641 eos
2883 597 3070 656 portus
3092 590 3388 658 exceperit,

1825 670 2167 728 disuibuitur
2205 674 2466 732 famelicis
2497 678 2721 732 collecta
2763 683 2984 748 pecunia
3024 699 3038 734 :
3072 682 3233 751 idque
3269 697 3396 752 pars

1823 763 2019 822 Phoce
2067 778 2169 833 est,
2208 785 2502 840 pauperum
2528 772 2906 828 beneﬁcentia.

1899 942 2032 996 Eum
2067 959 2280 1014 quoque
2329 963 2482 1016 reges
2529 951 2885 1013 admirantur,
2927 953 3017 1018 qui
3069 951 3392 1006 fortissimus

1825 1031 2213 1102 religiosusque
2271 1038 2580 1102 exstiterit,
2676 1042 3110 1110 suspicicudique
3145 1043 3390 1111 pauperis

1823 1125 1990 1178 aedem
2012 1141 2244 1194 sacram,
2282 1129 2550 1197 prwclaris
2576 1146 2639 1184 ac
2669 1133 2969 1200 magniﬁcis
2998 1145 3263 1186 exornant
3293 1134 3390 1188 do-

1823 1215 2011 1268 nariis.
2047 1215 2411 1282 Contendunt,
2438 1220 2786 1288 quijuniores
2809 1223 3091 1287 accedunt,
3124 1240 3383 1290 superare

1823 1316 2050 1361 veteres.
2091 1307 2198 1362 Nec
2221 1309 2332 1376 jam
2357 1312 2572 1377 mirum,
2602 1321 2662 1366 ut
2692 1313 2913 1367 Romani
2973 1315 3180 1383 imperii
3217 1316 3390 1369 homi-

1823 1412 1921 1474 nes
1957 1400 2051 1469 pii,
2081 1415 2310 1469 quorum
2365 1404 2476 1457 vita
2535 1405 2742 1473 regitur
2773 1406 3012 1461 moribus
3052 1418 3214 1477 atque
3262 1408 3392 1477 legi-

1821 1490 1942 1554 bus,
1969 1507 2140 1560 usque
2165 1492 2299 1548 adeo
2326 1492 2530 1550 Christi
2578 1495 2834 1549 famulum
2882 1509 3231 1563 venerentur,
3267 1515 3388 1552 cum

1822 1584 1889 1637 ad
1929 1599 2099 1654 usque
2131 1584 2390 1641 barbaros
2411 1589 2719 1657 pervenerit
2751 1588 3074 1654 admiratio;
3103 1589 3385 1643 ferissimi-

1822 1689 1926 1743 que
1953 1689 2144 1730 omnes
2198 1675 2434 1748 Scythae,
2493 1689 2776 1747 quotquot,
2845 1679 3098 1748 inquam,
3149 1682 3393 1736 habitant

1823 1765 2183 1820 c0nlinentem
2213 1781 2276 1821 ex
2301 1767 2528 1822 adverso
2557 1767 2743 1822 Pontis
2762 1769 2955 1823 Euxini
2979 1787 2994 1835 ;
3023 1772 3220 1825 accolae
3246 1772 3396 1826 lacus

136 1850 354 1918 λίμνης,
384 1850 483 1902 καὶ
513 1853 762 1922 ποταμοῦ
787 1854 1047 1917 Τανάϊδος
1073 1857 1376 1927 πρόσοικοι,
1410 1857 1524 1910 ὅσοι
1551 1873 1610 1908 τε
1631 1855 1722 1908 τὸν

1832 1853 2108 1922 Maeotidis,
2137 1872 2201 1912 ac
2228 1855 2372 1911 ﬁuvii
2403 1858 2681 1922 Tanaidis,
2721 1875 2784 1914 ac
2825 1862 3131 1930 quicunque
3156 1861 3396 1916 incolunt

136 1944 416 2014 Βόσπορον
447 1944 681 2009 οἰκοῦσι,
716 1948 974 2020 καὶιᾶχρι
1005 1950 1230 2012 Φάσιδος
1264 1949 1510 2021 ποταμοῦ
1542 1967 1722 2020 παρα-

135 2034 429 2100 τείνονται,
456 2037 660 2101 πάντες
707 2033 852 2092 οὗτοι
898 2040 1254 2112 δορυφοροῦσι
1302 2042 1378 2112 τῷ
1423 2041 1719 2111 κηπουρῷ⁹

134 2129 245 2188 erit;
310 2126 368 2178 δὲ
424 2129 592 2180 πᾶσιν
646 2128 796 2183 ἔθεσι
845 2131 940 2184 καὶ
988 2130 1384 2202 ἐπιτηδεύμασι
1437 2131 1724 2194 διεστῶτες

135 2218 312 2288 ἡμῶν,
363 2221 448 2281 εἰς
491 2219 653 2272 τοῦτο
691 2221 852 2290 μόνον
893 2222 1276 2292 ὁμογνώμονες
1313 2225 1574 2291 γίνονται,
1623 2223 1722 2294 τὴν

133 2311 443 2381 ἀγριότητα
468 2312 579 2364 τῶν
604 2313 825 2384 τρόπων
848 2315 952 2368 ὑπὸ
981 2315 1082 2385 τῆς
1121 2315 1379 2386 ἀληθείας
1426 2314 1725 2386 ὲξημερού-

137 2420 305 2470 μενοι.
363 2398 462 2467 Εἷς
530 2404 660 2472 γοῦν
691 2405 877 2476 ἄρχων
928 2405 1023 2460 καὶ
1085 2407 1338 2477 βασιλεὺς
1387 2407 1594 2460 ἐκεῖθεν
1631 2407 1723 2460 τὸν

138 2495 402 2562 στέφανον
435 2496 539 2565 τῆς
593 2497 838 2568 κεφαλῆς
867 2499 1222 2569 ἀποθέμενος,
1259 2500 1445 2570 χρυσῷ
1483 2501 1576 2554 καὶ
1628 2502 1722 2554 ἇν-

137 2586 250 2638 θεσι
279 2587 451 2640 λίθων
485 2589 991 2661 περιλαμπόμενον,
1015 2592 1110 2646 καὶ
1137 2593 1230 2646 τὸν
1259 2591 1483 2664 θώρακα
1510 2593 1603 2647 τὸν
1627 2611 1724 2647 πο-

135 2676 358 2745 λεμικὸν
393 2679 622 2743 ἀποδὺς,
698 2680 830 2744 ὔλας
877 2681 1070 2752 ἔχοντα
1126 2683 1356 2736 πλούτου
1409 2683 1722 2754 (ἀλαζονικὴ

134 2772 239 2841 γὰρ
281 2773 380 2825 καὶ
432 2771 783 2844 θρυπτομένη
831 2774 941 2827 τῶν
1000 2774 1291 2845 βαρϐάρων
1338 2777 1373 2845 ὴ
1401 2777 1719 2846 πανοπλία)⁶

134 2865 378 2933 ἔπεμψεν
422 2865 713 2936 ἀμφότερα
755 2865 1112 2936 ἀναθήματα,
1159 2865 1250 2920 διὰ
1296 2867 1392 2920 τοῦ
1447 2868 1724 2940 μάρτυρος

135 2956 208 3026 τῷ
390 2958 486 3010 καὶ
511 2957 796 3027 δυνάμεως
812 2957 907 3010 καὶ
925 2957 1232 3028 ἀξιώματος
1251 2957 1596 3031 καθιερώσας
1623 2960 1724 3024 τὰς

135 3053 408 3120 ἀφορμάς.
449 3049 724 3121 Πρόδηλον
761 3049 892 3121 γάρ,
936 3048 1012 3113 ὡς
1047 3053 1075 3104 ὁ
1129 3051 1226 3121 μὲν
1295 3052 1562 3121 στέφανος
1613 3054 1716 3124 τῆς

139 3142 415 3210 βασιλείας
445 3137 516 3213 ἦν
571 3143 960 3215 χαριστήριον·
1001 3143 1032 3195 ὁ
1076 3142 1132 3196 δὲ
1167 3141 1370 3213 θώραξ,
1425 3144 1528 3214 τῆς
1580 3144 1721 3198 κατὰ

141 3235 409 3306 πολέμους
439 3235 645 3304 ἰσχύος.
1489 3291 1492 3294 .

204 3330 314 3392 Τὰς
364 3329 424 3382 δὲ
479 3328 725 3398 συνεχῶς
758 3327 852 3383 ιπι
887 3327 1102 3392 τούτοις
1132 3328 1535 3400 συμϐαινούσας
1567 3327 1722 3400 εὐερ-

140 3420 320 3486 γεσίας
348 3419 443 3472 διὰ
469 3418 580 3471 τῶν
608 3420 666 3472 ὲν
699 3420 975 3491 ὀνείρασιν
1001 3419 1200 3490 ὄψεων,
1243 3423 1338 3474 καὶ
1376 3420 1465 3474 διά
1492 3420 1600 3473 τῶν
1636 3421 1723 3473 θε-

141 3511 401 3581 ραπειῶν,
437 3505 517 3564 ὧν
545 3511 597 3563 oi
633 3511 934 3582 κάμνοντες
985 3511 1341 3576 ἀπολαύουσι,
1370 3513 1488 3576 πῶς
1530 3513 1596 3567 ἄν
1639 3530 1723 3577 τις

141 3605 226 3656 καὶ
252 3604 606 3676 διηγήσαιτο,
635 3604 901 3658 ἀδυνάτου
932 3604 1280 3669 καθεστῶτος
1315 3610 1437 3670 ταῖς
1481 3607 1723 3662 καθέκα⁴

144 3713 259 3749 στον
285 3697 604 3767 ἐνεργείαις
638 3699 930 3766 ἐπαφεῖναι
967 3696 1060 3750 τὸν
1087 3698 1278 3767 λόγον;
1326 3699 1518 3770 Ἡμεῖς
1544 3699 1723 3752 τοίνυν

143 3790 369 3843 ἐνταῦθα
403 3789 694 3860 λήξαντες,
729 3790 885 3854 δόξαν
911 3789 990 3862 τῷ
1032 3790 1272 3862 Σωτῆρι,
1307 3789 1722 3862 προσοίσωμεν,

159 3877 196 3934 έῦ
223 3882 404 3937 δοῦλοι
428 3883 617 3935 πιστοὶ
645 3883 915 3955 τοσαύτης
941 3882 1254 3955 ἠξιώθησαν
1282 3884 1504 3954 χάριτος
1526 3925 1541 3948 ,
1583 3883 1725 3937 ὥστε

144 3979 272 4046 πρὸς
302 3979 492 4030 πᾶσαν
522 3976 712 4047 χρείαν
741 3978 837 4030 καὶ
867 3977 1191 4050 περίστασιν
1211 4016 1226 4039 ,
1266 3977 1410 4031 κατὰ
1441 3977 1541 4048 τὴν
1559 3976 1727 4030 δοθεῖ-

148 4084 234 4121 σιν
263 4070 459 4130 αὐτοῖς
483 4067 716 4139 δωρεὰν,
753 4070 880 4134 τοὺς
902 4070 1229 4141 ὁμοδούλους
1263 4070 1570 4140 εὐεργετεῖν
1593 4087 1606 4099 ο
1633 4070 1728 4122 καὶ

145 4163 311 4217 ταῦτα
352 4163 495 4234 μετὰ
518 4162 618 4233 τὴν
644 4163 855 4216 ἐνθένδε
882 4162 1089 4232 ἄφιξιν,
1123 4162 1327 4218 καὶτὸν
1350 4163 1443 4216 τοῦ
1477 4162 1729 4233 σώματος

148 4255 455 4328 χωρισμόν·
493 4247 572 4308 ὧν
597 4257 634 4326 ὴ
667 4255 855 4326 μνήμη
892 4255 1030 4326 μετὰ
1056 4255 1151 4308 τοῦ
1185 4254 1348 4326 ἔργου
1371 4253 1490 4307 καθ’
1515 4253 1728 4326 ἡμέραν

145 4348 411 4421 διατρέχει
444 4347 629 4410 πόλεις
655 4347 750 4400 καὶ
775 4345 989 4416 κώμας,
1019 4345 1295 4416 πανταχοῦ
1315 4346 1407 4399 τὸν
1437 4346 1728 4417 εὐεργέτην

149 4442 497 4512 κηρύσσουσα
534 4438 766 4510 Κύριον·
823 4430 867 4505 ᾧ
915 4438 1116 4510 πρέπει
1147 4440 1300 4492 πᾶσα
1337 4436 1532 4510 [δόξα,
1587 4435 1726 4507 καὶ]

1826 1944 2186 2013 Bosphorum,
2219 1956 2275 2000 et
2322 1947 2387 2000 ad
2418 1946 2702 2002 Phasidcm
2735 1964 2907 2018 usque
2942 1948 3162 2005 ﬂuvium
3207 1961 3395 2007 exten-

1826 2038 2068 2103 duntur;
2128 2054 2336 2105 omnes,
2392 2040 2632 2108 inquam,
2693 2040 2772 2106 hi,
2824 2043 3144 2113 obsequium
3214 2045 3392 2099 olitori
3453 2063 3457 2067 '

1823 2140 2082 2199 prmstent
2113 2147 2128 2185 :
2163 2147 2395 2202 cumque
2449 2133 2692 2188 moribus
2738 2135 2992 2189 omnibus
3029 2151 3092 2190 ac
3138 2138 3334 2192 studiis
3365 2157 3392 2191 a

1825 2223 1978 2276 nobis
2007 2222 2282 2287 diﬁerant,
2310 2223 2411 2277 hac
2452 2239 2557 2277 una
2598 2239 2658 2278 re
2689 2225 2803 2279 sola
2848 2225 3002 2281 nobis
3027 2230 3393 2293 consentiunt,

1825 2323 1881 2368 ut
1909 2329 2096 2369 eorum
2154 2315 2340 2369 feritas
2394 2330 2606 2370 morum
2660 2330 2690 2369 a
2742 2317 2970 2371 veritate
3021 2330 3380 2374 mansuescat.

1826 2406 1978 2461 Unus
2003 2415 2150 2462 certe
2183 2407 2329 2460 illinc
2355 2409 2603 2476 princeps
2656 2423 2879 2477 rexque.
2905 2424 3158 2465 coronam
3206 2413 3395 2482 capitis

1824 2499 2120 2566 deponens,
2179 2513 2312 2552 auro
2359 2513 2422 2552 ac
2467 2514 2800 2568 gemmarum
2836 2498 3057 2556 ﬁoribus
3109 2503 3396 2571 magniﬁce

1823 2587 2209 2657 Splendentem,
2235 2603 2549 2658 exuensque
2575 2591 2828 2658 pretiosa;
2853 2593 3093 2646 materia:
3150 2593 3394 2648 bellicam

1822 2675 2044 2732 loricam
2067 2678 2286 2748 (quippe
2301 2679 2529 2748 superba
2562 2690 2644 2733 est
2665 2695 2726 2733 ac
2745 2681 3019 2735 luxuriosa
3043 2681 3396 2738 barbarorum

1823 2772 2146 2841 armatura),
2179 2781 2403 2840 utraque
2429 2773 2831 2836 misitdonaria,
2858 2775 2966 2828 Deo
2987 2788 3083 2840 per
3106 2785 3396 2846 martyrem

1824 2863 2076 2932 potentia:
2105 2879 2170 2917 ac
2198 2864 2478 2932 dignitatis
2513 2878 2840 2919 consecratis
2873 2878 3211 2935 argumenta.
3271 2868 3397 2923 Cla-

1824 2970 1943 3009 rum
1967 2957 2110 3010 enim
2134 2968 2238 3020 est,
2272 2957 2481 3012 misisse
2513 2974 2794 3022 coronam,
2850 2968 2908 3012 ut
2958 2973 3055 3028 pro
3083 2973 3246 3029 regno
3275 2975 3401 3030 gra-

1825 3046 1930 3100 tias
1950 3057 2137 3117 ageret
2163 3063 2177 3099 :
2217 3047 2437 3102 loricam
2471 3063 2620 3110 vero,
2652 3056 2710 3102 ut
2733 3063 2828 3118 pro
2855 3048 3053 3103 virtute
3079 3049 3291 3105 bellica.

1896 3336 2026 3403 Qua:
2053 3345 2231 3389 autem
2259 3342 2474 3404 propter
2494 3333 2607 3388 lucc
2641 3332 2896 3390 continue
2927 3331 3180 3388 eveniunt
3230 3333 3393 3388 bene-

1826 3428 1948 3483 ﬁcia
1980 3443 2076 3498 per
2113 3425 2350 3481 visiones
2399 3426 2451 3478 in
2507 3425 2735 3489 somnis,
2790 3440 2856 3479 ac
2905 3425 3234 3488 curationes,
3267 3439 3400 3493 quas

1825 3519 2014 3589 aegroti
2045 3525 2470 3587 consequuntur,
2503 3530 2611 3586 quo
2667 3516 2789 3584 quis
2849 3515 3010 3570 modo
3063 3515 3400 3582 narraverit',

1825 3627 1948 3668 cum
1979 3625 2158 3666 sermo
2187 3609 2254 3663 ad
2307 3609 2512 3680 singula
2569 3610 2830 3664 accedere
2875 3624 2980 3663 non
3035 3607 3246 3677 possit?
3296 3606 3404 3664 Nos

1826 3719 1954 3774 ergo
2003 3703 2090 3759 hic
2121 3701 2428 3757 desinentes
2449 3740 2463 3763 ,
2497 3700 2763 3757 Salvatori
2819 3701 3041 3770 gloriam
3077 3697 3402 3766 oﬁeremus,

1827 3797 1979 3865 cujus
2001 3796 2142 3852 servi
2175 3795 2358 3850 ﬁdeles
2383 3804 2590 3850 tantam
2615 3794 2842 3866 gratiam
2869 3801 2995 3847 sunt
3017 3792 3315 3856 consecuti,
3346 3802 3404 3844 ut

1831 3889 1882 3942 in
1909 3887 2054 3942 omni
2089 3887 2412 3941 necessitate
2442 3900 2504 3940 ac
2531 3899 2679 3946 casu,
2707 3898 2807 3950 pro
2856 3898 3117 3938 concesso
3159 3883 3238 3936 eis
3264 3882 3404 3936 dono

1828 3981 2104 4037 conservis
2139 3981 2251 4036 suis
2267 3977 2607 4033 benefaciant
2640 3991 2654 4028 :
2696 3977 2856 4045 idque
2874 3983 3156 4044 postquam
3188 3974 3255 4028 ab
3306 3973 3405 4027 hu-

1829 4075 2003 4129 manis
2046 4073 2406 4136 excesserint,
2444 4070 2758 4138 fuerintque
2812 4067 3044 4138 separati
3081 4083 3109 4122 a
3153 4081 3402 4137 corpore.

1829 4169 2068 4236 Quorum
2104 4165 2364 4221 memoria
2390 4163 2604 4229 eﬂicax,
2658 4163 2900 4232 quotidie
2949 4162 3250 4230 pervadens
3274 4161 3404 4214 civi-

1832 4270 1969 4315 tates
2020 4273 2085 4314 ac
2138 4259 2328 4320 vicos,
2394 4257 2595 4326 ubique
2654 4253 3058 4309 benefactorem
3117 4252 3403 4306 Dominum

1831 4353 2124 4423 praedicat:
2156 4366 2312 4420 quem
2340 4350 2495 4404 decet
2526 4348 2705 4402 omnis
2745 4347 2937 4416 gloria,
2977 4345 3169 4409 honor,
3212 4352 3266 4397 et
3307 4359 3408 4412 po-

1834 4454 2025 4507 testas,
2057 4457 2120 4497 ac
2151 4440 2567 4511 magniﬁcentia,
2595 4452 2740 4492 nunc
2767 4449 2823 4492 et
2876 4438 2928 4491 in
2959 4435 3151 4492 saecula
3183 4436 3406 4490 sacculo-

148 4535 293 4605 τιμὴ,
331 4533 432 4587 καὶ
460 4532 684 4603 κράτος,
724 4532 819 4584 καὶ
862 4531 1325 4602 μεγαλοπρέπεια.
1371 4527 1468 4586 νῦν
1519 4530 1614 4583 καὶ
1647 4530 1728 4592 είς
1760 4548 1803 4604 ι)
1834 4553 1972 4592 mm,
2005 4536 2197 4590 Αιηρη,

149 4626 265 4691 τοὺς
295 4628 506 4690 αἰῶνας
529 4625 637 4678 τῶν
669 4624 904 4681 αἰώνων.
949 4625 1144 4696 Ἀμήν.

915 4737 970 4791 l'.

345 4851 678 4924 Ἐγκὼμιον
708 4853 796 4918 εἰς
822 4851 963 4918 τοὺς
987 4852 1195 4922 ἁγίους
1210 4850 1539 4919 μάρτυρας.

219 4945 428 5011 Ἔστιν,
459 4946 537 5008 ὡς
560 4944 760 5009 ἔοικεν,
784 4945 878 4998 καὶ
910 4943 1062 5016 παρὰ
1095 4944 1203 4996 τῶν
1223 4943 1427 5015 σφόδρα
1453 4940 1737 5014 δυσμενῶν

217 5180 326 5249 (49)
367 5179 449 5233 Ex
509 5175 758 5232 biblioth.
819 5174 1115 5249 cardinal.__
1147 5174 1487 5249 CAnIutnnmL,’
1532 5191 1585 5229 n.
1637 5173 1725 5249 12,

157 5244 494 5306 exscribente
523 5264 589 5300 ac
623 5248 1058 5302 communicante
1084 5247 1148 5300 Β.
1174 5247 1238 5298 Ρ.
1267 5244 1381 5298 Jac.
1411 5244 1720 5299 Sirmnndo.

158 5351 216 5362 -
236 5321 555 5394 Opportune
588 5319 800 5394 tandem
839 5316 1132 5394 detectam,
1155 5331 1246 5394 _ac_
1287 5316 1726 5394 humanissime}

161 5385 468 5447 doctissimo
527 5387 771 5457 perinde,
828 5403 892 5441 ac
949 5386 1342 5442 humanissimo
1389 5385 1503 5439 viro
1554 5387 1617 5439 Ιὶ.
1665 5385 1724 5440 Ρ.

159 5462 351 5518 Iacobo
384 5458 684 5516 Sirmundo
715 5473 1054 5512 communem
1095 5457 1309 5518 factam,
1355 5470 1474 5509 cum
1505 5458 1590 5510 vix
1619 5471 1724 5510 non

161 5535 374 5604 praelum
410 5531 620 5604 Asterii
644 5529 847 5604 reliqua
871 5529 1202 5604 excudissgt.
1229 5540 1337 5597 quo
1369 5525 1580 5604 tandem
1611 5527 1729 5580 loco

166 5597 392 5658 maxime
423 5601 824 5662 desiderabam,
869 5614 935 5668 ac
965 5609 1086 5665 post
1123 5597 1317 5652 Phocae
1351 5597 1600 5668 martyris
1639 5612 1733 5668 en-

165 5677 416 5737 comium,
449 5686 653 5738 ponere
697 5669 866 5722 licuit.
923 5667 1135 5722 Titulus
1177 5668 1392 5738 quidem
1437 5667 1738 5721 cemmunis

167 5755 272 5819 est;
302 5736 627 5819 velut‘dicta
668 5739 741 5794 sit
783 5739 838 5793 in
881 5748 1151 5819 martyres
1175 5736 1736 5819 _absolute,_quorum

174 5807 336 5876 cmi
365 5822 486 5888 post
520 5809 894 5869 Pentecostcm
934 5807 1076 5866 diem
1107 5808 1380 5865 celebrem
1413 5807 1634 5869 habent.
1661 5807 1737 5863 uti

2594 4732 2652 4788 X.

2097 4849 2404 4905 Encomium
2439 4849 2491 4900 in
2526 4857 2732 4901 sanctos
2755 4854 3010 4916 martyres
3042 4843 3176 4914 (49).

1906 4944 2080 5009 Licet,
2109 4955 2166 4998 ut
2197 4945 2432 5008 videtur,
2463 4945 2626 4998 etlam
2664 4956 2693 4994 a
2734 4941 3081 4995 vehementer
3108 4937 3332 4994 infensis
3355 4947 3410 4992 et

2449 5021 2463 5044 ί

1837 5175 1948 5250 fere
1976 5190 2073 5250 nos
2096 5173 2354 5250 mAcapite
2378 5171 2740 5228 Kalendarum
2775 5167 3176 5250 Novembrium,
3214 5168 3408 5250 festum

1835 5245 2086 5302 Omnium
2143 5238 2464 5298 Sanctorum
2503 5263 2517 5297 :
2552 5259 2610 5296 re
2651 5251 2826 5296 tamen
2876 5255 3001 5294 vera
3045 5238 3186 5292 dicta
3217 5249 3320 5302 est,
3355 5238 3409 5292 in

1837 5326 2014 5372 certos
2047 5316 2308 5384 quosdam
2351 5323 2642 5381 martyres,
2677 5328 2741 5368 ac
2780 5312 2925 5366 velut
2951 5309 3100 5384 urbis
3132 5307 3409 5384 tutelares,

1839 5387 1890 5464 in
1932 5402 2035 5455 qua
2067 5379 2209 5439 'tunc
2242 5379 2509 5464 Asterius
2533 5395 2711 5453 egeret
2742 5401 2756 5436 :
2790 5397 2925 5452 quos
2972 5379 3060 5434 ille
3110 5380 3412 5464 prfecipttos

1836 5449 1980 5510 inter
2014 5466 2276 5524 martyres
2311 5454 2534 5517 imlicat,
2569 5449 2924 5524 'cumeoi'um
2953 5449 3422 5524 xtyucpat'ougatab

1837 5519 2169 5600 προστάτας,
2197 5525 2313 5592 ipso
2334 5523 2770 5600 Statim‘exordio
2800 5531 2977 5576 vocat.
3003 5519 3165 5600 Forte
3193 5519 3411 5572 excide-

1836 5591 1962 5651 runt
1995 5591 2229 5650 nomina,
2253 5595 2468 5663 propria
2507 5595 2715 5648 illorum
2747 5603 3068 5663 martyrum,
3101 5591 3152 5663 i_n
3182 5602 3413 5658 quorum

1836 5668 1951 5723 haec
1998 5660 2268 5721 Natalitiis
2330 5660 2576 5719 Asterius
2605 5673 2850 5718 oraverat
2871 5660 2904 5727 ς’
2935 5661 3017 5713 vel
3060 5660 3220 5714 etiam
3268 5665 3425 5727 mota.

1838 5747 1964 5792 sunt
1988 5737 2058 5792 ab
2085 5753 2172 5803 eo,
2201 5735 2292 5804 qui
2330 5745 2619 5790 tractatqu
2659 5736 2760 5788 sibi
2796 5726 3036 5802 reposuit
3065 5742 3277 5804 ac_su:e
3305 5726 3410 5780 Ec-

1838 5809 2039 5875 clesiae,
2073 5799 2168 5878 pro
2202 5799 2290 5863 die
2318 5804 2455 5863 festo
2479 5806 2720 5861 omnium
2767 5799 3092 5872 martyrum.
3123 5799 3427 5855 Comperta»
