3820 6312
385 368 494 431 315

1661 371 1721 425 S.
1762 367 2037 426 ASTERII
2077 366 2387 424 AMASENI

3534 360 3657 418 516

385 486 819 557 implacabilibus
869 489 1127 555 inimicis,
1161 488 1374 544 lucrum
1408 487 1626 558 aliquod
1673 488 1756 541 vel
1789 489 1960 540 maxi-

2092 488 2160 540 ιαὶ
2189 484 2558 540 άδιαλλοίκτων
2588 482 2795 555 ἐχθρῶν
2823 481 3169 554 ὠφεληθῆναι
3186 482 3254 535 τὰ
3279 455 3527 550 μέγιστα·
3551 482 3655 532 καὶ

390 594 540 632 mum
571 596 809 651 capere:
838 597 902 637 ac
924 596 1044 635 cum
1077 580 1281 649 reliqua
1317 580 1439 633 vita:
1475 577 1812 647 experientia
1841 593 1969 646 pro-

393 669 505 734 bat,
537 680 649 724 tum
676 687 795 741 qua:
821 674 980 726 modo
1006 684 1130 727 sunt
1153 673 1443 728 celebrata.
1473 669 1584 725 Nisi
1613 670 1755 727 enim
1789 668 1973 723 diabo-

393 753 479 808 lus
503 756 840 812 Christianos
865 769 1182 828 persecutus
1209 770 1377 824 esset,
1405 776 1469 813 ac
1494 760 1755 813 adversus
1785 758 1973 813 Eccleo

395 845 530 897 siam
584 847 780 900 bellum
816 850 1166 917 suscepisset,
1205 849 1378 904 nullos
1406 848 1729 903 haberemus
1763 856 1975 916 marty-

400 949 486 986 res
515 952 530 986 :
560 935 625 989 iis
674 947 1001 1003 autemnon
1061 939 1421 1006 exstantibus,
1480 950 1671 994 mmsta
1726 952 1792 992 ac
1843 936 1974 991 nihil

399 1021 586 1077 lularis
655 1024 898 1094 festaque
948 1028 1058 1082 vita
1107 1029 1261 1082 nobis
1308 1038 1577 1098 ageretur.
1636 1026 1777 1102 Quid
1828 1025 1972 1080 enim

398 1112 730 1171 solemnibus
771 1119 921 1173 hisce
978 1120 1334 1176 conventibus
1391 1118 1698 1188 comparari
1760 1116 1975 1188 queat?

399 1205 605 1273 Quidve
657 1210 792 1263 adeo
839 1211 1146 1265 venerabile
1194 1226 1257 1265 ac
1315 1211 1658 1279 praeclarum,
1696 1225 1859 1279 quam
1914 1221 1978 1265 ut

398 1298 587 1352 urbem
609 1309 775 1354 totam
808 1302 1077 1356 moenibus
1110 1303 1310 1357 ell’undi
1342 1303 1549 1366 videas,
1586 1312 1752 1372 atque
1788 1301 1854 1355 ad
1876 1315 1971 1355 sa-

401 1405 556 1442 crum
621 1391 795 1445 locum
862 1393 1192 1460 procedere,
1247 1409 1379 1463 pura
1436 1394 1547 1449 illic
1600 1392 1977 1449 sincerissimre

398 1480 613 1547 pietatis
642 1484 895 1550 mysteria
930 1485 1362 1540 celebraturam?
1420 1486 1590 1540 Porro
1643 1501 1766 1540 vcra
1803 1486 1976 1554 pietas

398 1582 506 1637 nt,
536 1584 594 1626 ut
626 1590 719 1628 eos
749 1578 1101 1633 veneratione
1127 1593 1192 1632 ac
1221 1579 1519 1633 honoribus
1550 1591 1967 1647 prosequamur,

399 1666 490 1730 qui
553 1665 678 1720 forti
717 1683 812 1736 pro
846 1669 1071 1723 Domino
1125 1669 1305 1725 animo
1343 1679 1613 1724 tormenta
1644 1668 1785 1736 passi
1829 1675 1976 1730 sunt,

400 1770 465 1807 ac
509 1758 794 1813 adversum
829 1761 1020 1816 mortis
1071 1777 1381 1831 supremum
1419 1761 1708 1815 discrimen
1737 1759 1980 1814 decerta-

2072 578 2230 630 τοῦτο
2275 574 2562 639 δείκνυσιν,
2590 575 2624 645 ἥ
2656 591 2715 627 τε
2741 574 2873 645 άλλη
2906 573 3000 627 τοῦ
3035 574 3149 644 βίου
3197 575 3391 643 πεῖρα,
3434 568 3530 622 καὶ
3583 569 3664 621 τὰ

2074 670 2278 741 ἀρτίως
2304 666 2622 739 τελούμενα.
2650 667 2713 719 Ei
2738 664 2811 737 μὴ
2846 665 2955 737 γὰρ
2984 665 3201 731 ἐδίωξεν
3233 660 3598 733 Χριστιανοὺς
3624 659 3657 711 ὁ

2072 759 2342 823 διάϐολος,
2378 758 2473 812 καὶ
2501 758 2592 809 τὸν
2618 755 2762 811 κατὰ
2783 756 2881 827 τῆς
2923 753 3245 826 Ἐκκλησίας
3267 753 3436 823 ἤρατο
3489 749 3660 803 πόλε-

2078 870 2197 922 μον,
2255 853 2355 905 οὐκ
2401 852 2467 905 ἂν
2501 852 2719 921 εἴχομεν
2777 849 3059 920 μάρτυρας
3084 863 3098 879 ⁸
3151 845 3444 918 μαρτύρων
3478 843 3541 896 δὲ
3575 841 3656 912 μὴ

2074 946 2262 1008 ὄντων,
2299 944 2620 1016 σκυθρωπὸς
2644 942 2804 1013 ἡμῶν
2829 944 2857 996 ὁ
2879 941 2992 1011 βίος
3022 940 3232 1008 ἐγίνετο
3245 938 3341 992 καὶ
3374 937 3654 1007 ἀνέορτος.

2075 1037 2139 1090 Τί
2162 1037 2271 1107 γάρ
2304 1036 2556 1100 ἀντάξιον
2582 1034 2786 1088 τούτων
2817 1032 2924 1087 τῶν
2954 1029 3349 1103 πανηγύρεων;
3396 1030 3450 1081 τί
3479 1029 3536 1082 δὲ
3558 1027 3657 1081 οῦ-

2073 1140 2187 1190 τως
2220 1125 2421 1197 σεμνὸν
2461 1126 2553 1179 καὶ
2584 1125 2862 1195 πάγκαλον
2883 1164 2898 1187 ,
2940 1124 3017 1187 ὡς
3051 1122 3113 1176 τὸ
3146 1121 3300 1175 πόλιν
3327 1121 3455 1192 ὃλην
3496 1119 3655 1183 ἰδεῖν,

2080 1217 2331 1286 παγγενῆ
2368 1215 2705 1286 ἐκφοιτῶσαν
2726 1214 2819 1269 τοῦ
2848 1216 3058 1277 ἄστεος,
3091 1211 3236 1283 ἱερὸν
3260 1211 3317 1265 δὲ
3353 1211 3515 1264 τόπον
3545 1228 3659 1263 κα-

2076 1306 2548 1378 ταλαμϐάνουσαν,
2578 1307 2864 1369 εὐσεϐείας
2910 1304 3286 1377 ἀληθεστάτης
3327 1303 3500 1357 τελεῖν
3555 1320 3661 1355 κα-

2077 1397 2220 1470 θαρὰ
2244 1399 2521 1469 μυστήρια
2547 1415 2561 1461 ;
2595 1397 2862 1451 Εὑσέϐεια
2886 1396 2942 1450 δὲ
2976 1394 3200 1467 ἀληθὴς,
3229 1394 3291 1446 τὸ
3317 1395 3659 1466 προσκυνεῖν

2076 1506 2137 1542 τε
2160 1490 2257 1543 καὶ
2279 1491 2445 1561 τιμᾷν
2466 1490 2593 1552 τοὺς
2608 1488 2676 1543 δι’
2703 1490 2913 1543 ἐκεῖνον
2927 1488 3073 1559 πάθη
3101 1486 3385 1558 καρτερῶς
3409 1485 3661 1554 ἐνεγκόν-

2075 1596 2196 1643 τας,
2244 1580 2341 1633 καὶ
2386 1580 2900 1652 παρατεταγμένους
2949 1579 3087 1651 πρὸς
3118 1579 3211 1632 τὸν
3266 1578 3494 1647 ἔσχατον
3556 1574 3658 1628 τοῦ

2080 1669 2320 1724 θανάτου
2346 1670 2588 1725 κίνδυνον
2604 1689 2618 1702 ο
2643 1665 2719 1726 ὧν
2742 1674 3027 1743 κορυφαῖοι
3067 1671 3157 1725 καὶ
3196 1670 3497 1742 προστάται
3522 1685 3653 1736 τυγο

2080 1762 2332 1832 χάνουσιν
2383 1763 2434 1815 οἱ
2471 1764 2709 1835 σήμερον
2730 1765 2877 1835 ἡμᾶς
2906 1764 3425 1836 δημαγωγήσαντες·
3459 1761 3661 1833 ἄνδρες

401 1857 629 1913 verunt;
685 1866 914 1917 quorum
956 1851 1228 1921 principes
1255 1861 1400 1915 sunt,
1444 1866 1507 1906 ac
1535 1852 1720 1916 duces,
1754 1850 1845 1918 qui
1876 1864 1974 1904 nos

2092 1854 2168 1908 Ξιὰ
2197 1853 2362 1909 καλὸν
2408 1854 2656 1919 θάνατον,
2707 1855 2963 1910 ἀθάνατοι
2982 1870 2997 1886 °
3029 1854 3117 1909 διὰ
3155 1852 3218 1907 τὸ
3244 1851 3661 1923 καταφρονῆσαι

400 1934 561 1989 hodie
592 1937 642 1989 in
676 1940 990 1993 concionem
1021 1948 1322 2003 vocarunt;
1375 1940 1477 1993 viri
1512 1938 1784 2004 nimirum,
1837 1953 1975 2008 pra:-

400 2027 561 2081 claraa
619 2032 806 2084 mortis
862 2031 1017 2085 titulo
1066 2032 1433 2095 immortales;
1482 2032 1605 2085 vita:
1639 2040 1972 2099 contemptu.

400 2129 664 2187 perpetuo
693 2122 967 2189 viventes;
1004 2123 1207 2193 quique
1255 2138 1479 2193 regnum
1532 2123 1795 2193 sanguine
1820 2137 1974 2178 com-

405 2212 683 2277 mutarint,
746 2228 812 2267 ac
862 2216 1044 2270 carnis
1098 2216 1324 2271 insidias
1357 2216 1409 2269 in
1441 2214 1759 2269 beneﬁcium
1793 2225 1975 2270 verte-

404 2302 534 2355 rint.
568 2302 661 2358 Sic
713 2304 890 2374 plane,
926 2322 1048 2361 cum
1073 2308 1214 2364 bona
1254 2308 1506 2362 voluntas
1559 2306 1761 2377 auriga?
1810 2307 1981 2361 instar

402 2395 715 2458 praesederit
737 2395 980 2465 homini;
1011 2399 1222 2469 sibique
1250 2397 1370 2468 ejus
1398 2398 1666 2466 appetitus
1701 2411 1889 2451 omnes
1915 2411 1980 2451 ac

402 2483 727 2550 agitationes
774 2487 1160 2558 subjugaverit,
1199 2504 1264 2544 ac
1313 2490 1460 2544 velut
1512 2477 1777 2549 babe'nas,
1812 2487 1977 2541 animi

403 2574 674 2643 cogitatus
735 2587 945 2634 attente
1011 2580 1302 2650 sohrieque
1340 2578 1984 2649 pertenderit,exstimu-

2076 1946 2240 2019 ζωῆς,
2268 1947 2468 2013 ζῶντες
2485 1949 2601 2001 ἀεί·
2630 1948 2725 2002 τοῦ
2744 1948 2975 2019 αἵματος
3004 1948 3099 2019 τὴν
3121 1946 3398 2017 βασιλείαν
3424 1942 3665 2008 ἀλλαξά-

2079 2053 2252 2107 μενοι,
2276 2038 2373 2091 καὶ
2388 2038 2488 2109 τὴν
2510 2038 2791 2091 ἐπίϐουλον
2815 2039 2992 2111 σάρκα
3022 2037 3319 2108 εὐεργέτην
3344 2036 3446 2105 τῆς
3479 2034 3666 2105 ψυχῆς

2077 2128 2471 2199 ἀποφήναντες.
2502 2128 2690 2193 υῦτως
2719 2132 3035 2202 προαίρεσις
3063 2129 3261 2200 ἀγαθὴ,
3280 2131 3408 2183 ὃταν
3439 2126 3664 2198 ἡνιόχου

2078 2218 2235 2290 δίκην
2262 2218 2546 2288 ἐφεστῶσα
2621 2220 2700 2292 τῷ
2713 2221 2982 2293 ἀνθρώπῳ
3000 2238 3014 2253 ο
3046 2220 3316 2292 ὑποζεύξῃ
3335 2220 3391 2274 δὲ
3407 2220 3542 2290 αὐτῇ
3560 2218 3668 2282 τὰς

2079 2307 2257 2378 ὁρμὰς
2275 2309 2453 2374 πάσας
2476 2311 2570 2364 καὶ
2590 2310 2658 2364 τὰ
2691 2313 3001 2383 κινήματα,
3040 2313 3135 2366 καὶ
3180 2310 3555 2383 προσεχόντως
3583 2308 3668 2372 ὡς

2082 2399 2238 2470 ἡνίας
2269 2401 2508 2474 διατείνῃ
2538 2404 2662 2467 τοὺς
2692 2404 3005 2476 λογισμοὺς,
3033 2405 3231 2476 ἀργίαν
3254 2401 3537 2465 νύττουσα,
3566 2400 3671 2455 καὶ

2083 2490 2319 2563 ὀξύτητα
2343 2493 2578 2567 ἄμετρον
2591 2496 3012 2551 ἀναστέλλουσα⁹
3041 2496 3140 2568 οὐχ
3170 2490 3282 2549 οἷόν
3305 2512 3362 2548 τε
3379 2491 3666 2563 ἄτακτονῆ

2093 2585 2430 2641 ἐπικίνδυνον
2456 2588 2713 2657 γενέσθαι
2736 2589 2831 2643 τοῦ
2861 2589 2974 2660 βίου
3008 2588 3099 2643 τὸν
3123 2588 3342 2661 δρόμον.

404 2663 568 2718 laudo
603 2666 893 2735 ignaviam,
923 2684 986 2725 ac
1008 2670 1230 2725 nimiam
1259 2670 1630 2726 incitationem
1657 2668 1982 2737 cohibendo,
2021 2676 2209 2746 nequit
2236 2678 2353 2734 ﬁeri
2383 2692 2442 2735 ut
2492 2684 2618 2736 vitae
2669 2696 2862 2737 cursus
2911 2680 3320 2751 incompositus,
3344 2693 3406 2734 ac
3428 2677 3673 2749 pericu-0

402 2756 722 2825 conjunctus
741 2762 987 2817 exsistat.

478 2850 665 2919 Itaque
697 2849 957 2905 habemus
996 2861 1286 2924 martyres,
1316 2854 1406 2923 qui
1441 2854 1637 2910 nedum
1669 2855 1792 2910 vita
1821 2856 1988 2925 probe

409 2942 749 2997 instituendae
808 2943 1053 3013 magistri
1108 2945 1239 3013 sint,
1290 2946 1385 3001 sed
1437 2947 1529 3016 qui
1568 2947 1733 3002 etiam
1781 2946 1985 3017 peccati

2172 2856 2409 2927 Ἐχομεν
2455 2855 2636 2909 τοίνυν
2681 2857 2809 2920 τοὺς
2855 2856 3161 2928 μάρτυρας,
3206 2856 3269 2908 οὐ
3311 2854 3677 2909 διδασκάλους

2097 2944 2255 3016 μόνον
2301 2945 2512 3015 ἀγαθῆς
2545 2944 2839 3010 πολιτείας,
2886 2942 3023 2998 ἀλλὰ
3061 2943 3157 2997 καὶ
3196 2942 3538 3013 κατηγόρους
3565 2941 3673 3012 τῆς

407 3041 774 3088 accusatores.
835 3033 948 3101 Qua
997 3045 1173 3091 autem
1222 3043 1431 3108 martyr
1468 3038 1676 3093 ratione
1735 3047 1982 3105 accuset,

2094 3038 2387 3110 ἁμαρτίας.
2442 3037 2567 3102 Πῶς
2614 3036 2661 3091 δ’
2713 3035 2779 3090 ἂν
2831 3035 3043 3106 γένοιτο
3086 3034 3295 3106 μάρτυς
3341 3034 3675 3104 κατήγορος,

406 3138 474 3176 ac
502 3132 655 3177 vocet
678 3124 729 3177 in
752 3125 977 3192 crimen,
1006 3125 1080 3180 ita
1102 3126 1315 3198 accipe:
1338 3126 1474 3182 Cum
1497 3128 1587 3185 ille
1609 3145 1705 3197 per
1729 3140 1987 3187 constan-

412 3213 542 3266 tiam
571 3210 801 3268 ﬂamma:
827 3214 967 3284 ignis
998 3217 1170 3271 victor
1198 3219 1491 3286 exstiterit,
1512 3222 1705 3291 quidni
1746 3232 1799 3278 tu
1834 3223 1989 3277 luxu-

413 3305 550 3359 riam
581 3306 832 3361 castitate
874 3306 1093 3365 domas?
1117 3308 1253 3363 Cum
1293 3321 1504 3383 martyr
1554 3313 1757 3368 nullam
1784 3313 1989 3369 divitia-

411 3414 531 3453 rum
558 3413 622 3453 ac
648 3398 1025 3468 pecuniarum,
1076 3415 1211 3470 quas
1237 3401 1568 3470 dimittebat,
1599 3405 1863 3460 rationem
1892 3406 1989 3459 ha-

411 3488 620 3556 buerit,
669 3488 858 3560 quidni
909 3500 965 3544 tu
1007 3489 1232 3558 iustitiae
1289 3508 1456 3549 causa
1510 3510 1712 3564 paucos
1742 3510 1991 3550 nummos

411 3580 751 3636 contemnis?
770 3580 905 3636 Cum
936 3590 1137 3654 martyr
1167 3582 1587 3655 nolueritgeuus
1616 3601 1682 3641 ac
1730 3585 1990 3639 familiam

413 3673 696 3742 praelatum
740 3675 875 3740 Deo,
911 3674 1005 3729 sed
1034 3675 1101 3729 ab
1147 3690 1338 3745 uxore,
1386 3677 1596 3744 liberis,
1636 3678 1992 3733 charissimus

413 3766 700 3834 abiunctus
734 3766 843 3831 sit;
884 3765 1067 3835 quidni
1102 3776 1157 3820 tu
1186 3766 1567 3837 impensiorem
1604 3770 1835 3841 castigas
1863 3768 1993 3825 alle-

414 3869 562 3912 ctum
594 3876 608 3912 :
639 3859 905 3927 quinimo,
937 3873 1157 3929 propter
1193 3861 1369 3932 aliqua
1397 3862 1489 3918 tibi
1522 3861 1661 3918 forte
1690 3862 1994 3918 necessitu-

414 3952 542 4009 (hne
570 3952 890 4022 coniunctas
937 3968 1215 4023 personas,
1249 3952 1513 4023 justitiam
1556 3954 1867 4019 conculcas,
1897 3969 1997 4009 nec

418 4046 510 4098 Dei
553 4045 799 4099 timorem
843 4046 1101 4115 reputas?
1151 4045 1285 4103 Cum
1319 4056 1528 4117 martyr
1553 4045 1798 4101 Numinis
1824 4061 1994 4104 causa

419 4138 592 4205 ipsum
624 4136 834 4191 exuerit
865 4152 1095 4205 corpus,
1129 4138 1315 4207 quidni
1352 4147 1405 4193 tu
1435 4139 1518 4193 vel
1560 4138 1821 4194 modicam
1858 4138 1996 4191 tuni~

419 4245 561 4294 eam,
591 4244 698 4297 qua
756 4229 957 4283 nudum
1020 4239 1191 4300 tegas,
1249 4232 1589 4286 contemnis?
1619 4230 1743 4286 Haec
1774 4231 1874 4284 sibi
1928 4245 1996 4285 ex

421 4319 651 4375 adverso
674 4322 993 4390 composita,
1035 4330 1277 4376 nostram
1309 4331 1545 4392 arguunt
1571 4336 1783 4379 morum
1818 4321 1998 4391 pravi-

2093 3131 2326 3187 ἄκουσον
2345 3145 2358 3159 ’
2389 3131 2454 3184 Ei
2490 3131 2697 3193 ἐκεῖνος
2728 3127 2949 3200 ἐνίκησε
2977 3127 3153 3199 φλόγα
3173 3126 3344 3198 πυρὸς
3374 3129 3441 3199 τῇ
3472 3143 3681 3198 καρτε-

2100 3223 2211 3294 ρίᾳ,
2244 3223 2309 3276 σὺ
2354 3221 2472 3286 πῶς
2512 3221 2770 3293 πορνείαν
2800 3219 2861 3272 οὐ
2900 3217 3166 3291 δαμάζεις
3210 3219 3275 3287 τῇ
3311 3216 3674 3287 σωφροσύνης

2095 3315 2207 3367 Είὸ
2234 3312 2446 3385 μάρτυς
2468 3312 2568 3367 οὐκ
2595 3311 2785 3383 ἐλέησε
2834 3310 3065 3365 πλοῦτον
3096 3309 3156 3363 ὃν
3199 3308 3347 3380 ἠφίει
3387 3308 3481 3361 καὶ
3527 3309 3678 3379 χρή-

2099 3422 2265 3475 ματα,
2289 3406 2377 3459 διὰ
2394 3406 2447 3460 τί
2473 3407 2538 3460 σὺ
2560 3405 2743 3476 ὀλίγου
2766 3405 2825 3459 οὐ
2848 3406 3210 3476 καταφρονεῖς
3233 3404 3494 3474 ἀργυρίου
3528 3403 3681 3475 ὑπὲρ

2096 3495 2472 3566 δικαιοσύνηςς
2497 3497 2560 3550 El
2583 3498 2612 3550 ὁ
2639 3496 2848 3568 μάρτυς
2867 3495 3023 3565 γένος
3046 3493 3183 3548 Θεοῦ
3200 3495 3259 3548 οὐ
3287 3494 3687 3566 προετίμησεν,

2098 3588 2212 3644 ἀλλ’
2253 3587 2561 3660 ἀπεξεύχθη
2601 3588 2881 3657 γυναικὸς,
2921 3588 3155 3651 παίδων,
3196 3585 3500 3657 φιλτάτων
3556 3585 3683 3650 πῶς

2102 3680 2165 3735 σὺ
2195 3680 2255 3733 οὐ
2282 3678 2533 3745 κολάζεις
2568 3680 2668 3753 τὴν
2693 3678 3068 3752 προσπάθειαν
3091 3721 3108 3744 ,
3140 3680 3229 3733 διὰ
3274 3679 3331 3733 δὲ
3380 3677 3681 3750 πρόσωπα,

2100 3767 2262 3844 τυχὸν
2292 3768 2475 3839 σχέσιν
2504 3770 2641 3842 πρὸς
2668 3770 2727 3824 σὲ
2756 3769 3085 3842 οἰκειότητος
3106 3769 3318 3841 ἔχοντα,
3352 3769 3681 3841 ὑπερπηδᾷς

2101 3860 2161 3913 τὸ
2199 3859 2425 3925 δίκαιον,
2460 3861 2672 3916 καὶτοῦ
2718 3861 2854 3915 Θεοῦ
2882 3861 2973 3916 τὸν
2998 3860 3164 3931 φόϐον
3204 3861 3583 3935 παραλογίζῃ
3616 3862 3685 3916 El

2101 3951 2130 4002 ὁ
2164 3951 2376 4023 μάρτυς
2404 3952 2466 4005 τὸ
2496 3952 2655 4023 σῶμα
2699 3952 2786 4007 διὰ
2831 3952 2965 4005 Θεὸν
2995 3952 3303 4020 ἐξεδύσατο,
3354 3951 3472 4015 πῶς
3515 3950 3686 4014 αὐτὸς

2102 4044 2218 4107 ἐνὸς
2249 4043 2310 4098 οὐ
2342 4047 2710 4116 καταφρονεῖς
2737 4044 3062 4114 χιτωνίσκου
3086 4045 3167 4109 είς
3200 4044 3408 4112 σκέπην
3425 4040 3636 4112 γυμνοῦ
3661 4057 3681 4104 ;

2103 4134 2289 4189 Ταῦτα
2311 4136 2562 4207 ἀλλήλοις
2591 4134 3061 4208 ἀντεξεταζόμενα
3098 4135 3196 4207 τὴν
3239 4133 3516 4206 ἡμετέραν
3548 4132 3686 4185 δυσ-

2100 4227 2330 4298 τροπίαν
2379 4228 2610 4298 ἐλέγχει.
2654 4228 2726 4280 Ἢ
2768 4227 2946 4282 τοίνυν
2997 4229 3075 4291 ib;
3130 4225 3486 4288 διδασκάλους
3553 4222 3687 4285 τοὺς

2105 4320 2297 4388 ἁγίους
2328 4319 2688 4392 αἰδεσθῶμεν,
2737 4321 2771 4392 ἢ
2815 4321 2890 4385 ὡς
2924 4320 3263 4391 κατηγόρους
3308 4314 3637 4388 φοϐηθῶμεν
3667 4331 3683 4345 ·

423 4423 614 4469 tatem.
655 4413 745 4466 Vel
775 4429 902 4484 ergo
922 4424 1164 4481 sanctos,
1190 4424 1249 4470 ut
1276 4414 1568 4484 magistros
1598 4427 1945 4469 revereanmr
1974 4428 1982 4477 ς

2104 4411 2368 4484 δείξωμεν
2395 4413 2453 4466 δὲ
2476 4412 2569 4466 τὸν
2610 4413 2817 4467 ἑαυτῶν
2864 4412 2977 4483 βίον
3024 4414 3135 4475 τοῖς
3184 4408 3512 4480 τιμωμένοις
3549 4405 3686 4459 ἀκό-

422 4504 508 4558 vel
546 4515 603 4559 ut
633 4517 979 4561 accusatores
1013 4509 1330 4572 timeamus;
1369 4506 1545 4575 iisque
1576 4505 1678 4577 ipsi
1713 4515 1982 4563 consenta'

2106 4498 2295 4553 λουθον
2317 4518 2332 4531 ·
2369 4500 2684 4572 πεισθῶμεν
2727 4501 2784 4556 δὲ
2831 4502 2927 4557 καὶ
2968 4502 3131 4572 ἡμεῖς
3157 4499 3331 4564 οὕτως
3360 4497 3499 4569 Θεῷ,
3526 4496 3606 4559 ὡς
3634 4498 3693 4550 οἱ

424 4612 583 4653 neam
639 4598 991 4653 exhibeamus
1022 4597 1233 4653 vivendi
1278 4598 1569 4661 rationem,
1620 4612 1758 4667 quos
1800 4597 1982 4652 honon

2104 4592 2249 4661 ἅγιοι
2268 4595 2389 4657 ταῖς
2409 4593 2649 4660 ἐντολαῖς
2664 4595 3093 4668 ἐπειθάρχησαν,
3117 4594 3212 4649 καὶ
3235 4593 3336 4657 τὰς
3352 4590 3687 4662 ἐπαγγελίας

424 4673 803 4757 prosequimur
829 4704 844 4740 :
878 4699 1039 4757 atque
1070 4689 1122 4743 in
1158 4701 1282 4743 eum
1306 4687 1468 4741 etiam
1492 4686 1709 4741 modum
1740 4687 1848 4741 Deo
1871 4686 1982 4741 obet

2106 4684 2337 4756 βεϐαίως
2368 4687 2623 4759 ἤλπισαν.

425 4780 657 4845 diamus,
684 4779 736 4832 in
761 4795 920 4849 quem
954 4780 1030 4835 illi
1064 4780 1583 4849 obtemperaverunt
1618 4777 1913 4843 mandatis,
1940 4792 2003 4833 ac

425 4873 689 4942 promissa
718 4871 949 4927 ﬁrmiter
987 4880 1364 4937 speraverunt.

498 4964 635 5032 Spes
682 4977 918 5033 namque
968 4962 1295 5032 spiritalium
1322 4961 1611 5028 bonorum,
1630 4976 1801 5032 prona
1826 4963 1982 5018 adma

2190 4950 2391 5022 Ἀγαθὴ
2423 4951 2532 5023 γὰρ
2560 4950 2765 5021 σφόδρα
2797 4948 3118 5012 διδασκαλος
3150 4945 3399 5018 ανδρείας
3430 4944 3524 4996 καὶ
3555 4960 3692 5013 καρ·

426 5055 554 5109 dum
583 5053 917 5109 fortitudinis
947 5069 1010 5107 ac
1047 5053 1349 5109 tolerantia:
1375 5055 1586 5110 exsistit
1612 5055 1858 5121 doctrix;
1892 5070 1982 5125 qua

2105 5045 2292 5119 τερίας
2319 5048 2352 5117 ὴ
2382 5043 2490 5098 τῶν
2540 5042 2761 5113 ἀγαθῶν
2815 5041 2925 5094 τῶν
2976 5038 3183 5111 νοητῶν
3215 5038 3401 5099 ἐλπίς·
3456 5036 3578 5105 ἥτις
3620 5034 3693 5097 ὡς

427 5148 707 5215 nimirum,
743 5145 891 5202 velut
922 5146 1172 5201 idonemu
1225 5146 1443 5215 pignus,
1482 5157 1741 5218 certaque
1766 5147 1982 5202 arrhabt

2109 5139 2363 5210 ἐνέχυρον
2386 5136 2694 5203 ἀξιόπιστον
2715 5134 2809 5187 καὶ
2833 5129 3091 5204 ἀρραϐὼν
3121 5128 3366 5200 ἀσφαλὴς
3397 5127 3695 5197 ἐγκειμένη

430 5238 626 5297 animis
684 5239 961 5305 insidens,
1033 5239 1334 5308 periculum
1394 5252 1558 5294 omne
1655 5238 1981 5307 imperculso

2113 5235 2228 5297 τοῖς
2259 5232 2557 5300 λογισμοῖς,
2599 5227 2777 5281 πάντα
2803 5226 3085 5281 κελεύεται
3124 5223 3366 5277 κίνδυνον
3400 5221 3532 5292 ὁρᾷν
3555 5220 3694 5308 άκαέ

427 5332 582 5399 jubet
607 5331 875 5398 aspicere,
905 5344 968 5385 ac
997 5307 1175 5398 reipsa
1225 5329 1371 5383 ferre
1421 5338 1661 5384 strenue.
1711 5331 1892 5395 Atque
1927 5329 1977 5383 id

2114 5326 2458 5397 ταπλήκτως,
2498 5323 2593 5375 καὶ
2642 5320 2827 5390 φέρειν
2859 5321 2917 5372 ἐν
2945 5321 3012 5389 τῇ
3061 5317 3228 5387 πείρᾳ
3274 5312 3537 5383 γενναίως
3560 5324 3574 5337 ο
3602 5307 3695 5360 καὶ

432 5433 795 5477 ctutseutauea
837 5422 1068 5475 maxime
1096 5421 1324 5477 ratione.
1387 5418 1480 5476 Sic
1512 5422 1655 5476 enim
1691 5419 1803 5475 fere
1830 5422 1974 5474 honti

2116 5418 2275 5472 τοῦτο
2300 5416 2610 5481 ἀκολούθως
2642 5413 2949 5484 συμϐαίνει.
2988 5411 3152 5463 Φύσει
3185 5407 3293 5479 γάρ
3345 5422 3462 5467 πως
3501 5402 3692 5471 ἐλάχο-

433 5514 591 5567 uibus
616 5524 806 5568 natura
831 5523 1213 5585 comparatum
1248 5522 1351 5582 est,
1381 5522 1436 5568 ut
1460 5512 1524 5567 iis
1563 5512 1862 5577 laboribus,
1897 5511 1982 5583 qui

2122 5526 2221 5582 μεν
2300 5508 2576 5579 ἄνθρωποι
2649 5503 3042 5576 μαλακίζεσθαι
3091 5501 3157 5555 ἂν
3206 5498 3301 5553 καὶ
3368 5491 3693 5568 χαυνοῦσθαι

434 5737 466 5786 d
489 5743 528 5783 ιι
565 5733 785 5789 Vossius
818 5736 960 5790 hanc
1002 5738 1149 5791 hom.
1185 5736 1238 5791 in
1267 5744 1381 5790 not.
1419 5736 1547 5789 adn
1585 5733 1645 5789 S.
1683 5733 1931 5803 Ephrem
1959 5734 2015 5789 in
2124 5747 2188 5786 ex
2216 5746 2322 5801 qua
2358 5730 2481 5803 sibi,
2505 5728 2664 5803 Pater
2694 5723 3022 5803 Sirmu‘ndns
3060 5721 3452 5792 exscripserat,
3502 5715 3707 5787 quibus

441 5804 724 5875 Martyres,
746 5804 805 5860 in
837 5805 955 5876 ipsa
980 5816 1249 5883 repertam
1285 5806 1610 5864 bibliotheca
1646 5796 2018 5872 Columneusi,
2127 5796 2333 5875 primus
2361 5802 2519 5857 annis
2560 5802 2741 5855 Roma:
2771 5796 2985 5871 agebat.
