3820 6294
59 377 150 430 317

1133 367 1418 426 llOMlLIA
1457 367 1524 425 Χ.
1568 367 1636 424 IN
1668 369 1768 426 SS.
1806 366 2197 424 MARTYRES.

3200 365 3302 421 3i8

63 495 190 562 ιρις
215 493 352 555 τοὺς
383 488 728 561 ἀγεράστους
777 488 886 540 τῶν
939 486 1152 541 πόνωνο
1216 489 1542 560 ἐρρωμένως
1587 488 1634 541 δὲ

1755 486 1855 541 bus
1888 486 2022 540 nihil
2044 486 2251 556 przemii
2281 484 2612 554 propositum
2642 484 2733 548 sil,
2773 483 2962 539 molles
2985 498 3045 538 ac
3082 487 3304 538 resoluti

60 584 366 636 τσῦναντίον
407 582 635 635 ἐκείνων
685 578 1204 650 ἀπιλαμὸάνεσοαι,
1251 574 1326 634 ὧν
1375 577 1512 634 ἆθλα
1550 580 1642 634 καὶ

65 678 212 746 τιμαὶ
240 677 398 737 τέλος
439 674 598 728 εἰσίν.
639 672 730 725 Διὸ
757 671 956 734 πάντες
994 671 1267 741 μάρτυρες
1302 671 1380 742 τῷ
1411 672 1641 739 εὐαγγε-

65 769 190 836 λικῷ
222 768 520 837 γράμματι
567 764 928 836 προσέχοντες
951 763 1043 815 τὸν
1074 763 1220 826 νοῦν,
1259 765 1316 817 ὲν
1338 756 1383 830 ᾧ
1408 761 1640 834 προτρέ-

62 878 169 912 mw
219 864 350 922 τοὺς
403 858 586 930 ἱεροὺς
629 855 868 926 ἀθλητάς
902 855 998 907 καὶ
1052 854 1331 924 φιλοθέους
1377 856 1406 906 ὁ
1438 853 1640 925 Κύριος

61 953 218 1018 λέγει·
256 951 398 1003 Ἐάν
419 968 508 1016 τις
532 948 892 1018 ὁμολογήσει
916 964 992 1016 με
1016 946 1358 1015 ἔμπροσθεν
1383 945 1501 998 τῶν
1533 946 1641 999 ἀν-

61 1042 322 1110 ιιριξιπων,
345 1041 706 1110 ὁμολογήσω
728 1040 914 1093 αὑτὸν
931 1039 1269 1108 ἔμπροσθεν
1286 1037 1392 1092 τοῦ
1412 1037 1640 1105 Πατρός

57 1152 184 1202 μων.
213 1134 396 1204 ’Υπὲρ
437 1132 647 1202 ταύτης
671 1133 770 1200 τῆς
799 1129 1084 1200 ὁμολογίας
1098 1131 1334 1201 ἢνεγκαν
1352 1130 1640 1200 ἀτρέπτοις

59 1229 162 1288 τοῖς
194 1227 486 1294 λογισμοῖς
533 1223 752 1294 σίδηρον
800 1222 1153 1292 τεθηγμένον,
1219 1223 1313 1274 καὶ
1359 1221 1636 1292 πυρκαϊᾶς

61 1318 351 1388 ἐπέδησαν,
409 1316 505 1369 καὶ
554 1315 759 1386 θηρίων
807 1315 1067 1383 στόμασιν
1113 1313 1329 1366 ἔκδοτον
1370 1313 1432 1366 τὸ
1479 1312 1638 1382 σῶμα.

61 1410 356 1478 παρέσχον,
386 1406 628 1468 καὶτοὺς
647 1405 823 1467 νῶτας
841 1405 1068 1466 ἕκαστος
1094 1403 1376 1472 ὑπέθηκαν
1397 1402 1633 1473 μάστιξι,

61 1503 141 1552 καί
171 1492 294 1562 ταῖς
325 1500 538 1568 ἀκμαῖς
564 1497 670 1550 τῶν
703 1496 912 1567 ὀνύχων
939 1496 1036 1558 τάς
1063 1495 1302 1566 πλευράς
1324 1493 1635 1565 ἐταράχθη-

63 1610 145 1644 σαν
175 1592 242 1654 ⁸⁷,
281 1590 505 1659 δεσμῶν
553 1588 662 1642 τῶν
715 1587 806 1640 διά
849 1587 1068 1657 σιδήρου
1091 1587 1396 1656 ἠνέσχοντο,
1429 1586 1523 1638 καὶ
1553 1586 1636 1638 δε-

63 1682 386 1750 6:41:13}?in
417 1681 656 1749 ἤνεγκαν
679 1678 926 1732 σκοτεινά
944 1676 1280 1746 καταγώγιαο
1308 1676 1635 1746 ἐπιέσθησαν

127 1773 297 1844 λιμῷ.
345 1774 444 1826 καὶ
475 1774 620 1842 δίψει
674 1771 1160 1843 κατεξηράνθησαν
1185 1788 1199 1801 °
1223 1771 1540 1843 παρέθηκαν
1577 1771 1633 1824 δὲ

61 1861 86 1937 ᾗ
112 1866 150 1896 ³³
175 1865 370 1929 λίθους
427 1865 495 1918 τά
550 1864 820 1935 πρόσωπα
847 1866 959 1926 τοῖς
1003 1862 1322 1934 ῥαπίζουσιν
1346 1879 1360 1894 ο
1395 1864 1634 1935 ἥκουσαν

59 1959 148 2010 τῶν
170 1959 395 2028 ὕϐρεων
435 1957 511 2020 ὼς
532 1957 743 2025 κωφοί·
777 1955 1091 2026 ἐσιώπησαν
1123 1955 1260 2025 πρὸς
1289 1956 1415 2018 τοὺς
1445 1955 1634 2008 ὀνειδί-

61 2051 236 2113 ζοντας
273 2051 373 2102 καὶ
422 2047 869 2119 λοιδορουμένους
922 2047 996 2110 ὼς
1021 2046 1240 2101 ἀλαλοι·
1300 2045 1490 2117 δήμοις
1543 2047 1636 2099 καὶ

61 2143 299 2211 θεάτροις
329 2139 827 2210 ὲνεπομπεύθησαν
850 2152 866 2168 '
914 2138 1289 2210 περιήχθησαν
1319 2139 1494 2210 ἀγορᾷ
1542 2139 1635 2191 καὶ

61 2234 312 2302 ἀμφόδοις
357 2234 422 2284 ὲν
457 2231 781 2302 ὀλογύμνοις
819 2234 932 2294 τοῖς
977 2229 1260 2302 σώμασινο
1297 2231 1396 2284 ούκ
1445 2231 1636 2302 ἄνδρες

64 2329 228 2393 μόνον,
258 2325 403 2378 ἀλλά
433 2325 530 2377 καὶ
573 2327 836 2393 γυναῖκες
855 2364 871 2388 ,
907 2324 968 2378 τὸ
1004 2322 1409 2394 σχετλιώτατον.
1454 2325 1635 2377 ¹Ἀλλοι

63 2421 180 2488 ττδρὶ
209 2417 672 2487 κατεφλέχθησαν
694 2433 707 2455 ε
737 2419 912 2489 ἕτεροι
931 2417 1018 2470 διὰ
1042 2417 1309 2488 χειμῶνος
1328 2417 1632 2488 ὲπάγησανο

64 2511 316 2572 πηικίλοις
347 2511 578 2581 τρόποις
607 2509 1154 2581 τάςάριστείαςήμῖν
1186 2507 1633 2580 κατεμερίσαντο,

65 2601 139 2650 ἵνα.
175 2601 438 2663 πεσόντες
471 2600 788 2670 νικήσωσιν.
1386 2598 1395 2609 ’

125 2691 218 2741 Διά
273 2689 436 2742 τοῦτο
475 2688 547 2742 τά
589 2687 789 2759 εὐσεὸἦ
839 2687 1066 2760 σώματα
1099 2687 1311 2760 σεμνῶς
1362 2689 1638 2760 περιστεί-

65 2781 267 2844 ὶαντες,
301 2781 376 2834 τά
424 2779 597 2852 σκεύη
646 2780 746 2851 τῆς
780 2780 1040 2852 ἐκλογῆς,
1075 2781 1146 2835 τὰ
1193 2781 1300 2835 τῶν
1349 2782 1636 2854 μακαρίων

65 2874 233 2941 ψυχῶν
266 2874 512 2945 ὄργανα,
558 2872 660 2936 τάς
693 2873 870 2936 οἰκίας
899 2871 1010 2925 τῶν
1053 2873 1358 2942 φιλοσόφων
1389 2873 1633 2938 ἐνοίκων,

66 2968 138 3026 ὼς
163 2966 420 3036 κειμήλια
452 2965 796 3035 πολυτίμητα
826 2963 905 3036 τῷ
936 2965 1095 3017 παντὶ
1140 2963 1242 3034 βίῳ
1269 2963 1632 3036 φυλάσσομεν,

68 3058 403 3128 φρουροῦμεν
423 3057 482 3110 δὲ
508 3058 694 3120 αὐτοῖς
719 3056 794 3120 ὡς
824 3056 1112 3128 ἡμετέροις
1143 3055 1631 3128 πλεονεκτήμασιν,

1742 578 2056 645 clliciamur;
2072 593 2271 648 eosque
2289 577 2520 630 vicissim
2538 576 2702 645 vegeti
2721 590 2786 630 ac
2812 575 3015 630 alacres
3031 576 3304 640 adeamus,

1743 672 1834 742 qui
1866 671 2084 740 prtemia
2114 685 2176 724 ac
2209 670 2439 724 honores
2463 669 2620 723 linem
2675 668 2894 722 habent.
2945 668 3306 734 Quamobrem

1743 762 1974 816 universi
2003 773 2292 830 martyres,
2308 761 2628 830 evangelicae
2667 759 2739 813 illi
2762 759 3052 827 Scripturae
3066 760 3304 812 animum

1741 852 2077 914 adhibentes,
2116 865 2220 918 qua
2275 849 2531 904 Dominus
2593 865 2776 903 sacros
2833 850 3035 919 pugiles
3089 865 3151 903 ac
3213 851 3304 902 Dei

1740 956 1981 998 amantes
2015 945 2281 1007 hortatur,
2312 943 2531 998 dicens:
2577 943 2636 996 Si
2665 944 2781 1012 quis
2834 943 3169 1008 conﬁtebitur
3225 960 3307 995 me

1742 1053 1914 1092 coram
1941 1037 2253 1101 hominibus,
2279 1036 2566 1112 conﬁtebor
2592 1053 2704 1089 eum
2724 1053 2898 1088 coram
2922 1036 3084 1089 Patre
3100 1051 3211 1088 meo
3237 1035 3303 1101 ³³,

1738 1146 1837 1201 pro
1859 1146 1919 1183 ea
1947 1128 2304 1194 confessione,
2347 1130 2586 1183 immotis
2610 1130 2805 1182 animis
2857 1139 3070 1182 acutum
3103 1131 3301 1182 ferrum

1739 1222 2054 1287 tolerarunt,
2085 1236 2148 1275 ac
2179 1236 2333 1290 rogos
2360 1221 2809 1284 conscenderunt,
2841 1237 3142 1290 corpusque
3167 1221 3306 1275 fera-

1739 1333 1855 1372 rum
1911 1316 2158 1371 faucibus
2217 1318 2520 1370 vorandum
2573 1317 2942 1385 przcbuerunt,
2979 1331 3042 1369 ac
3101 1316 3303 1384 quique

1737 1409 1893 1464 dorsa
1919 1409 2085 1478 virgis
2115 1408 2480 1477 subiecerunt,
2509 1409 2784 1477 lateraque
2823 1411 3141 1478 ungularum
3171 1425 3302 1462 acu-

1736 1501 1834 1555 leis
1883 1501 2063 1554 laniati
2115 1501 2372 1569 fuerunt;
2442 1501 2618 1556 ferrea
2671 1501 2882 1555 vincula
2946 1501 3302 1570 pertulerunt,

1735 1594 2208 1663 tenebricososque
2279 1609 2526 1648 carceres
2572 1593 2894 1648 domicilium
2950 1593 3302 1657 habuerunt;

1747 1685 1903 1740 famis
1959 1687 2286 1742 necessitate
2349 1685 2594 1755 oppressi
2667 1695 2826 1748 sunt,
2889 1699 2952 1738 ac
3008 1683 3096 1737 siti
3153 1694 3304 1737 exta-

1739 1779 2008 1844 buerunt;
2051 1778 2220 1832 instar
2263 1777 2518 1847 lapidum,
2579 1776 2744 1830 facies
2776 1775 3106 1830 caedentibus
3137 1789 3306 1843 expo-

1738 1879 1996 1933 suerunt;
2030 1867 2276 1936 injurias,
2319 1878 2375 1921 ut
2409 1867 2556 1922 surdi
2591 1867 2896 1931 audierunt;
2947 1866 3094 1920 velut
3147 1866 3302 1928 muti,

1736 1959 1802 2012 ad
1839 1973 1932 2013 eos
1964 1959 2052 2028 qui
2083 1957 2293 2027 probris
2318 1973 2380 2012 ac
2399 1958 2584 2011 sannis
2615 1955 2946 2024 exciperent,
2993 1955 3258 2009 siluerunt
3285 1971 3301 2018 ;

1735 2051 1926 2106 mediis
1950 2050 2158 2121 populis
2186 2066 2249 2105 ac
2275 2049 2499 2104 theatris
2534 2050 2822 2118 ignominia
2849 2050 3091 2116 producti
3133 2059 3259 2103 sunt
3285 2067 3302 2115 ;

1740 2149 1850 2201 toto
1879 2142 2079 2197 nudato
2122 2157 2354 2211 corpore
2405 2156 2499 2210 per
2543 2141 2720 2194 forum
2761 2155 2823 2195 ac
2863 2140 3064 2210 plateas
3090 2140 3307 2194 fuerunt

1737 2234 2127 2300 circumducti;
2186 2248 2287 2288 nec
2329 2233 2431 2286 viri
2458 2243 2686 2298 tantum,
2719 2233 2812 2286 sed
2869 2233 3032 2284 etiam
3069 2229 3304 2296 feminae,

1737 2327 1878 2395 quod
1921 2325 2199 2380 miseriam
2235 2337 2449 2377 omnem
2479 2323 2697 2376 vincere
2733 2321 2998 2374 videatur.
3031 2321 3130 2375 Alii
3183 2322 3305 2390 igne

1738 2421 1953 2472 fuerunt
1982 2415 2270 2478 combusti,
2298 2414 2385 2468 alii
2413 2414 2608 2468 hiemis
2654 2413 2771 2483 gelu
2797 2413 3170 2482 ohriguerunt,
3205 2429 3302 2465 va-

1737 2511 1833 2566 riis
1864 2509 2037 2564 modis
2062 2507 2320 2579 praaclara
2350 2507 2503 2562 nobis
2527 2505 2761 2559 facinora
2804 2505 2987 2574 partiti
3021 2516 3163 2569 sunt,
3198 2521 3306 2574 quo

1739 2603 2014 2667 cadentes,
2049 2616 2111 2654 ac
2137 2609 2332 2664 morte,
2363 2599 2594 2653 victores
2618 2597 2982 2652 ellicerentur.

1807 2694 2013 2748 idcirco
2038 2694 2124 2762 pia
2168 2706 2394 2760 corpora
2441 2689 2649 2744 decenti
2678 2701 2867 2744 ornatu
2890 2700 3305 2758 componentes,

1736 2785 2126 2842 benedictionis
2148 2799 2275 2838 vasa
2305 2782 2414 2848 illa,
2435 2783 2711 2836 beatorum
2733 2782 3034 2855 animorum
3061 2794 3262 2847 organa
3286 2818 3303 2843 ,

1736 2878 2174 2949 philosophorum
2217 2875 2484 2944 hospitum
2519 2874 2735 2940 domos,
2778 2887 2874 2926 ceu
2910 2873 3303 2941 pretiosissima

1739 2970 1960 3038 pignora
2012 2968 2064 3020 in
2118 2981 2278 3021 omne
2325 2965 2580 3020 saeculum
2622 2979 3043 3029 conservamus,
3095 2963 3304 3032 iisque,

1739 3071 1992 3131 tanquam
2027 3059 2311 3129 pracipuis
2343 3058 2496 3112 donis
2534 3056 2735 3111 nostris
2763 3056 3036 3109 munimu-r
3057 3096 3073 3121 ,
3109 3071 3172 3110 ac
3205 3056 3308 3110 Ec-

70 3148 156 3199 καὶ
186 3150 293 3210 τοῖς
324 3147 598 3218 μάρτυσιν
621 3149 655 3217 ἡ
692 3147 986 3218 Ἐκκλησία
1015 3147 1342 3220 τετείχισται
1371 3151 1446 3212 ὼς
1483 3150 1634 3214 πόλις

1739 3153 1921 3217 clesia,
1953 3160 2252 3223 martyrum
2298 3149 2570 3213 satellitio,
2610 3149 2753 3203 haud
2786 3163 2942 3202 secus
2977 3158 3137 3218 atque
3171 3148 3307 3202 civi-

71 3238 295 3302 έτλξταις
319 3239 617 3306 γενναίοις,
645 3238 740 3291 καὶ
769 3238 1038 3310 πάνδημοι
1073 3241 1410 3312 πανηγύρεις
1453 3242 1636 3313 ἀθροί-

71 3328 258 3391 ζονται,
289 3330 388 3382 καὶ
427 3330 530 3399 τῆς
559 3329 855 3400 θυμηδείας
884 3329 992 3383 τῶν
1024 3331 1227 3402 ἑορτῶν
1266 3332 1631 3404 ἀπολαύομεν.

71 3421 201 3474 υίδὲ
231 3423 354 3484 ταῖς
397 3421 775 3492 ἀνθρωπικαῖς
813 3423 1197 3494 περιστάσεσιν
1243 3424 1277 3496 ἦ
1329 3430 1635 3498 συμφοραῖς

73 3515 390 3586 πιεζόμενοι,
423 3516 504 3579 ὡς
535 3517 630 3569 ἐπί
666 3533 721 3568 τι
757 3517 1137 3588 κρησφύγετον
1165 3518 1267 3581 τὰς
1299 3517 1636 3581 ἀναπαύσεις

71 3605 164 3656 τῶν
222 3606 646 3677 τρισμακαρίων
719 3606 1061 3668 σπεύδουσιν.
1133 3605 1484 3679 Πρεσόευτάς
1533 3604 1633 3656 αύ-

70 3697 178 3760 τοϋς
226 3698 338 3750 τῶν
383 3695 562 3767 εὐχῶν
586 3709 680 3751 και
704 3698 1043 3768 αἰτημάτων,
1079 3695 1170 3751 διά
1210 3696 1270 3749 τὸ
1300 3694 1636 3768 ὑπερϐάλλον

71 3785 168 3853 τῆς
187 3785 520 3858 παρρησίας,
547 3785 829 3857 ποιοῦμεν.
871 3787 1150 3840 Ἐντεῦθεν
1181 3785 1361 3846 πενίαι
1389 3782 1631 3850 λύονται,

72 3879 154 3929 καὶ
187 3877 528 3950 ίατρεύονται
559 3876 729 3942 νόσοι,
764 3879 859 3932 καὶ
890 3879 1166 3951 ἀρχόντων
1203 3876 1426 3931 ἀπειλαὶ
1456 3876 1636 3947 κοιμί-

74 3970 233 4030 ζονται
257 3987 271 4000 ο
303 3971 493 4024 πασῶν
533 3970 592 4024 δὲ
637 3970 748 4026 τῶν
788 3970 1043 4041 ταραχῶν
1087 3971 1182 4024 καὶ
1228 3968 1510 4041 χειμώνων
1538 3969 1634 4023 τοῦ

76 4061 176 4128 βίου
213 4063 428 4133 λιμένες
478 4063 616 4117 εἰσὶν
667 4062 872 4126 εῧδιοι,
917 4064 968 4116 οἱ
1009 4063 1144 4134 ἱεροί⁹
1185 4061 1298 4116 τῶν
1344 4061 1634 4134 μαρτύρων

77 4157 232 4224 σηκοί.

133 4337 306 4401 υῦτως
339 4339 564 4409 πατὴρ,
617 4338 650 4408 ἢ
708 4339 891 4409 μήτηρ
935 4337 1188 4410 ἀραμένη
1233 4337 1323 4392 τὸν
1351 4337 1636 4410 ἄρρωστον

78 4429 235 4494 παῖδα,
275 4430 371 4482 καὶ
400 4429 795 4499 περιστείλασα
822 4432 946 4494 ταῖς
971 4430 1260 4499 ἀγκάλαις,
1293 4429 1626 4502 παρατρέχει

1737 3257 1818 3301 tas
1846 3253 2173 3299 armatorum
2205 3259 2362 3296 manu
2384 3283 2398 3309 ,
2432 3242 2766 3312 protegitur,
2813 3253 3184 3309 cogunturque
3217 3255 3307 3295 ce-

1735 3339 1913 3394 lebres
1964 3337 2144 3406 pepuli
2197 3335 2360 3389 totius
2409 3344 2736 3396 conventus,
2790 3348 2853 3386 ac
2904 3332 3305 3386 solemnitatutn

1729 3428 2113 3500 jucunditatem
2163 3425 2526 3496 percipimus,
2577 3439 2639 3478 ac
2707 3424 2772 3477 iis
2822 3438 3150 3478 recreamur.
3203 3423 3304 3490 Qui

1736 3521 1982 3574 humanae
2041 3518 2165 3572 vitae
2231 3516 2470 3572 adversis
2541 3515 2754 3570 casibus
2801 3529 2862 3569 ac
2909 3513 3304 3568 calamitatibus

1735 3622 2016 3677 vexantur,
2054 3611 2197 3666 velut
2235 3610 2302 3664 ad
2337 3608 2542 3681 asylum
2575 3607 2844 3677 quoddam
2881 3606 2951 3662 ac
2974 3605 3297 3677 perfugium,

1735 3707 1802 3761 ad
1834 3714 1918 3760 ter
1952 3706 2229 3760 beatorum
2271 3705 2508 3774 requiem
2551 3717 2615 3757 ac
2653 3701 2875 3765 solatia,
2912 3700 3105 3756 festiue
3143 3714 3299 3756 acce-

1734 3798 1889 3852 dunt.
1928 3795 2154 3850 Precum
2189 3794 2308 3849 illos
2349 3809 2412 3850 ac
2441 3794 2744 3848 orationum
2788 3793 3172 3848 intercessores
3201 3792 3299 3845 ad-

1736 3892 2015 3953 hibemus,
2055 3898 2273 3957 propter
2314 3885 2686 3952 excellentem,
2739 3900 2844 3956 qua
2891 3885 3127 3954 pollent,
3161 3883 3301 3938 fidu-

1733 3982 1892 4037 ciam.
1922 3981 1990 4036 lis
2021 3980 2287 4050 prtesidiis
2311 3979 2562 4034 levantur
2585 3977 2917 4048 paupertatis
2941 3977 3301 4042 incommoda,

1733 4082 1992 4130 curantur
2043 4071 2248 4136 morbi,
2303 4086 2366 4126 ac
2432 4071 2735 4140 principum
2795 4069 2956 4124 minae
3011 4069 3303 4132 sedantur,

1734 4167 2088 4234 omniumque
2115 4163 2291 4218 saeculi
2331 4163 2600 4218 turbinum
2641 4177 2704 4217 ac
2754 4170 3132 4230 tempestatum
3165 4169 3304 4214 tran-

1733 4256 1885 4328 quilli
1926 4267 2132 4325 portus,
2159 4269 2314 4309 sacra
2355 4263 2653 4324 martyrum
2689 4252 2908 4308 delubra
2938 4253 3227 4307 exsistunt.

1809 4347 1866 4401 ln
1899 4349 2042 4402 hunc
2073 4346 2287 4400 modum
2319 4355 2492 4413 pater,
2524 4360 2618 4399 seu
2654 4359 2849 4414 parens
2889 4345 3057 4398 altera
3078 4385 3094 4412 ,
3148 4344 3304 4398 infir—

1743 4455 1886 4494 mam
1923 4438 2122 4507 prolcm
2157 4437 2373 4504 tollens,
2397 4447 2559 4507 atque
2582 4437 2634 4489 in
2659 4435 2812 4490 ulnas
2840 4436 3138 4504 suscipiens
3161 4451 3303 4489 com-

78 4519 160 4586 μὲν
182 4523 384 4592 ἰατρεῖα
416 4524 512 4575 καὶ
553 4523 792 4592 ἰατροὺς,
829 4522 923 4574 ἐπὶ
952 4522 1008 4575 δὲ
1045 4522 1268 4593 ἄτεχνον
1295 4522 1631 4592 καταφεύγει

1739 4531 2117 4600 plectensque,
2158 4530 2394 4582 medicas
2427 4529 2642 4598 quidem
2674 4527 2935 4595 ofﬁcinas,
2974 4542 3038 4582 ac
3067 4528 3304 4582 medicos

78 4611 302 4683 βηήθειαν
322 4631 337 4644 ·
368 4616 466 4668 καὶ
514 4614 654 4682 πρὸς
682 4614 779 4667 ενα
806 4613 914 4667 τῶν
945 4613 1237 4686 μαρτύρων
1268 4613 1532 4681 ἐλθοῦσα,
1564 4615 1632 4668 δι’

79 4706 257 4757 ἐκείνου
281 4705 360 4775 τῷ
385 4705 637 4778 Δεσπότῃ
667 4705 934 4776 προσάγει
959 4705 1058 4777 τὴν
1087 4707 1326 4778 αἴτησιν,
1356 4706 1633 4773 τοιαύταις

80 4797 364 4867 γεχρημένη
405 4796 547 4867 πρὸς
581 4796 673 4848 τὸν
706 4797 937 4868 μεσίτην
989 4800 1226 4866 φωναῖςο
1265 4816 1284 4850 t
1323 4797 1519 4853 Παθὼν
1544 4799 1632 4853 διὰ

79 4888 299 4956 Χριστὸν,
331 4889 669 4960 πρέσϐευσον
704 4889 844 4960 ὑπὲρ
877 4889 1084 4954 πάθους
1113 4892 1206 4944 καὶ
1238 4891 1418 4948 νόσου.
1453 4893 1632 4962 Ἔχων

80 4981 381 5049 ταρᾕίαν,
414 4981 620 5052 χρῆσον
653 4980 811 5049 λόγον
834 4983 946 5044 τοῖς
971 4981 1300 5053 ὁμοδούλοις.
1332 4985 1394 5036 El
1425 4984 1520 5038 καὶ
1539 4984 1632 5038 τὸν

80 5069 312 5141 ἡμέτερον
345 5070 460 5140 βίον
493 5071 797 5135 ἀπέλιπες,
844 5072 981 5126 ἀλλά
1023 5071 1155 5141 γοῦν
1198 5069 1344 5137 οἶδας
1373 5073 1442 5126 τά
1481 5075 1628 5148 πάθη

79 5159 160 5227 τῆς
182 5163 595 5233 ἀνθρωπύτητος
617 5179 632 5194 ο
685 5165 1067 5235 παρεκάλεσας
1097 5167 1190 5219 καὶ
1215 5165 1281 5219 σύ
1325 5183 1455 5219 ποτε
1486 5168 1629 5239 μάρ-

78 5265 233 5321 τυρας,
261 5258 388 5327 πρὶν
410 5256 667 5325 γενέσθαι
693 5259 922 5330 μάρτυς.
951 5259 1084 5313 Τότε
1108 5259 1286 5332 ζητῶν
1305 5261 1626 5332 ἐλάμϐανες,

81 5338 160 5391 νῦν
183 5343 310 5414 ἔχων
336 5347 582 5418 χάρισαι.
621 5347 714 5410 Εἰς
756 5348 819 5400 τὸ
850 5351 1019 5421 γέρας
1049 5351 1110 5403 τὸ
1155 5350 1268 5416 σὸν,
1313 5351 1537 5424 αἴτησον
1566 5356 1629 5406 τὸ

87 5431 244 5503 κέρδος
270 5440 421 5509 ἡμῖν.
468 5439 773 5513 ἰαθείημεν
798 5442 875 5512 τῷ
920 5441 997 5513 σῷ
1040 5441 1267 5514 μώλωπι
1285 5485 1299 5508 ,
1327 5444 1404 5508 ὡς
1431 5445 1510 5516 τῷ
1533 5446 1628 5499 τοῦ

84 5522 288 5594 Χριστοῦ
329 5533 357 5584 ὁ
403 5532 628 5603 κόσμος.
682 5552 701 5586 ι
767 5534 961 5598 Ἀλλος
1009 5536 1102 5588 ἐπὶ
1141 5535 1319 5607 γάμον
1363 5535 1627 5601 σπεύδων,

88 5619 337 5692 προοίμιον
363 5627 605 5678 ποιεῖται
638 5624 747 5679 τῶν
783 5625 1042 5698 θαλάμων
1079 5627 1178 5699 τὴν
1207 5631 1265 5682 ὲν
1311 5629 1631 5701 μαρτυρίοις

151 5813 189 5848 ⁸
383 5823 686 5908 ὲσπαράχθ.
764 5824 807 5857 ⁸⁵
845 5826 919 5882 ίσ.
975 5826 1070 5892 ὡς.
1153 5828 1194 5861 ³⁹
1236 5827 1422 5891 Matth.
1463 5846 1517 5898 ι,
1547 5829 1633 5885 52.

1737 4623 2077 4686 transcurrit,
2109 4621 2174 4676 ad
2200 4622 2457 4676 auxilium
2488 4638 2619 4676 vero
2654 4622 2788 4675 artis
2818 4637 3012 4689 expers
3040 4619 3302 4690 confugit,

1735 4727 1894 4785 atque
1923 4715 1990 4769 ad
2028 4731 2190 4768 unum
2229 4713 2460 4782 aliquem
2503 4723 2798 4783 martyrum
2830 4715 3033 4778 adiens,
3063 4725 3157 4779 per
3179 4727 3300 4764 eum

1734 4808 1961 4862 Domino
2003 4807 2301 4861 orationem
2347 4804 2523 4871 otii-rt,
2577 4805 2754 4859 verbis
2788 4803 3113 4872 ejuscemodi
3157 4816 3313 4856 coma

1733 4901 1937 4970 pellans
1964 4914 2107 4965 eum,
2130 4914 2288 4968 quem
2322 4899 2676 4954 mediatorem
2707 4896 2920 4951 asciscit
2950 4914 2962 4949 :
2996 4915 3012 4946 ι
3050 4895 3150 4962 Qui
3182 4911 3306 4966 pro-

1736 5002 1856 5063 pter
1907 4991 2181 5047 Christum
2213 5006 2273 5046 es
2318 5006 2544 5060 passus,
2592 4989 2865 5044 intercede
2909 5001 3007 5056 pro
3054 4989 3306 5058 passione

1738 5084 2052 5153 morboque.
2088 5083 2187 5149 Qui
2221 5084 2418 5138 ﬁducia
2464 5083 2633 5154 polles
2661 5121 2677 5146 ,
2713 5080 2986 5137 conservis
3023 5083 3304 5136 commoda

1734 5189 2058 5231 sermonem.
2100 5175 2336 5230 Tametsi
2392 5175 2596 5230 desiisti
2650 5175 2700 5229 in
2746 5173 2993 5228 humanis
3043 5189 3193 5242 esse,
3250 5186 3314 5229 at

1736 5268 1873 5321 nosti
1907 5282 2026 5336 qua:
2069 5267 2180 5320 sint
2205 5267 2486 5337 passiones
2528 5279 2592 5320 ac
2625 5264 2794 5318 morbi
2825 5264 3040 5318 humani
3068 5265 3304 5335 generis.

1737 5357 1815 5413 Tu
1842 5374 2053 5429 quoque
2073 5359 2343 5428 quondam
2364 5367 2627 5428 martyres
2643 5356 2959 5422 obsecrasti,
2992 5359 3314 5428 priusquam

1733 5451 1847 5522 ipse
1867 5461 2071 5521 martyr
2090 5451 2395 5505 exsisteres.
2412 5449 2675 5520 Accepisti
2700 5459 2826 5505 tunc
2846 5464 3121 5520 quterens;
3149 5451 3315 5507 modo

1736 5560 1856 5600 cum
1896 5544 2097 5600 habeas
2122 5584 2136 5609 ,
2177 5544 2392 5614 largire.
2429 5542 2529 5598 Tui
2575 5542 2779 5614 prmmii
2814 5542 3029 5597 cumulo
3059 5543 3315 5613 postula,

1737 5635 1879 5704 quod
1913 5647 2100 5692 nostro
2129 5636 2289 5692 cedat
2337 5636 2642 5693 commodo.
2681 5629 2796 5690 Tuo
2827 5649 3083 5692 sanemur
3114 5634 3317 5711 littora,
