3820 6318
484 354 590 411 319

1767 357 1829 415 S.
1868 356 2142 414 ASTERII
2183 357 2488 416 AMASENI

3657 360 3788 419 320

490 475 565 527 uti
603 471 831 526 mundus
857 471 1028 526 livore
1067 471 1292 526 Christi.
1324 453 1350 524 ἰ
1375 473 1545 530 'Alius
1587 473 1653 529 ad
1689 474 1906 544 nuptias
1943 489 2062 544 per-

2200 478 2362 548 ύχήν·
2403 477 2496 530 καί
2531 492 2614 539 τις
2643 473 2723 538 είς
2763 474 2929 528 πλοῦν
2960 474 3342 545 ἐπειγόμενος,
3371 474 3432 529 ού
3481 475 3785 549 πρότερον

489 579 641 634 gens,
665 563 887 618 thalami
911 562 1188 619 exordium
1214 562 1362 624 facil.
1381 580 1514 636 quas
1529 567 1579 621 in
1601 567 1872 637 martyriis
1886 580 2070 635 preces

492 657 685 711 fundit.
706 655 837 724 Quis
863 655 988 709 item
1011 656 1063 709 in
1081 655 1360 724 procinctu
1387 658 1765 728 navigationis,
1799 673 1904 712 non
1922 658 2070 726 prius

491 751 646 804 navis
684 751 939 804 rudentes
967 749 1167 810 solvit,
1212 763 1371 816 quam
1430 751 1596 803 maris
1638 751 1921 804 Dominum
1975 765 2071 820 per

491 851 760 911 martyres
787 839 1137 905 invocaveril;
1165 839 1534 893 mendicorum
1579 856 1739 908 porro
1764 842 1977 910 populi,
2007 857 2071 896 ac

491 947 787 1002 pauperum
813 943 1024 995 turmze,
1047 941 1347 1003 martyrum
1368 932 1609 999 requiem
1637 947 1700 986 ac
1725 932 2069 987 refectionem

497 1028 638 1079 lares
661 1040 973 1080 communes
998 1026 1218 1080 habent.
1250 1022 1460 1090 Ubique
1489 1036 1666 1078 autem
1705 1035 1970 1078 terrarum
2001 1040 2066 1078 ac

498 1117 662 1169 utaris
684 1117 1038 1170 dccantantur
1066 1125 1352 1186 martyres.
1379 1113 1434 1168 ld
1467 1115 1625 1184 plane
1649 1128 1886 1184 congrue
1911 1124 2072 1182 atque

495 1209 692 1262 merito
755 1226 769 1262 :
826 1223 931 1262 non
983 1209 1124 1261 enim
1185 1207 1460 1262 communi
1524 1207 1732 1261 ratione
1789 1216 2073 1276 gesserunt

491 1302 784 1370 justitiam,
817 1303 911 1357 sed
947 1303 1064 1371 ipso
1094 1317 1322 1370 corpore
1352 1299 1653 1368 hajularunt
1679 1316 1932 1364 crucem;
1966 1316 2073 1356 non

498 1395 876 1464 disperserunt
928 1395 1209 1464 pecunias,
1243 1395 1337 1448 sed
1376 1395 1690 1462 sanguinem
1730 1392 2071 1460 effuderunt;

501 1505 607 1542 non
638 1489 876 1542 miserati
914 1497 1042 1543 sunt
1073 1503 1363 1558 pauperem
1392 1529 1406 1554 ,
1441 1489 1536 1542 sed
1582 1503 1681 1542 nec
1713 1488 1797 1542 sui
1833 1488 2072 1557 ipsorum

499 1593 626 1636 sunt
661 1583 898 1648 miserti;
942 1598 1049 1638 non
1101 1583 1404 1638 inviserunt
1443 1581 1696 1636 afﬂictum
1731 1582 1783 1635 in
1814 1597 2033 1637 carcere
2056 1623 2071 1646 ,

499 1675 594 1728 sed
655 1675 757 1743 ipsi
810 1684 1030 1730 catenas
1095 1681 1465 1744 portaverunt.
1528 1673 1890 1740 Quamobrem
1953 1688 2070 1726 eam

501 1771 728 1839 gloriam
760 1786 824 1825 ac
847 1771 1107 1826 honorem
1138 1769 1414 1825 consecuti
1443 1778 1588 1834 sunt,
1616 1783 1736 1838 qnze
1755 1770 1924 1838 mquis
1955 1782 2070 1822 mo-

500 1863 586 1917 dis
620 1861 892 1930 patieutiae
922 1861 1187 1932 ejusmodi
1218 1876 1281 1915 ac
1306 1861 1461 1915 malis
1492 1861 1864 1929 responderet.

573 1951 630 2006 1n
666 1953 810 2008 hunc
841 1953 1021 2021 itaque
1063 1953 1278 2008 modum
1319 1959 1631 2023 martyres:
1674 1951 1845 2018 at,ubi
1888 1965 2077 2007 eorum

503 2044 714 2115 tyranni
763 2060 827 2099 ac
865 2047 1172 2111 occisores,
1229 2043 1319 2114 qui
1365 2043 1472 2098 alta
1512 2042 1828 2112 sapiehant,
1882 2058 1945 2096 ac
1989 2059 2079 2097 su-

505 2137 670 2202 perba
706 2137 1202 2201 comminahantur;
1237 2136 1328 2204 qui
1373 2151 1537 2206 super
1571 2134 1814 2189 excelsos
1854 2137 2078 2189 thronos

505 2230 780 2293 sederunt,
812 2244 911 2284 nec
940 2243 1093 2284 suum
1125 2228 1423 2298 principem
1461 2226 1846 2298 agnoverunt?
1877 2225 2078 2297 Rugie-

509 2332 634 2378 runt
669 2322 878 2377 leonum
921 2321 1132 2377 instar:
1177 2321 1360 2391 pardis
1411 2319 1649 2374 velocius
1683 2329 2078 2386 cucurrerunt,

507 2414 648 2466 ursis
676 2413 906 2467 ferocius
941 2412 1392 2480 discerpserunt,
1437 2410 1584 2465 velut
1616 2409 1723 2479 lupi
1769 2411 2080 2480 sanguinem

503 2502 830 2570 effuderunt,
863 2513 1120 2572 tanquam
1154 2503 1343 2572 vulpes
1372 2501 1554 2557 dolum
1589 2501 1856 2557 fecerunt.
1890 2503 1926 2556 li
1955 2517 2083 2556 vero

507 2594 641 2648 tales
687 2594 872 2663 jacent
920 2595 1052 2663 ipsis
1097 2594 1326 2649 mortuis
1371 2594 1865 2649 abominabiliores.
1906 2593 2080 2648 Vitam

507 2700 658 2740 suam
686 2685 957 2740 oblivione
985 2685 1340 2750 obtexeruut,
1373 2685 1644 2740 infernum
1679 2685 1877 2740 habent
1896 2686 2082 2756 sepul-

501 2795 657 2834 crum
682 2819 697 2844 ,
731 2780 1050 2848 titulumque
1087 2781 1459 2848 impietatem,
1519 2795 1582 2833 ac
1643 2779 1956 2832 memoriam
1997 2781 2080 2832 in-

509 2871 763 2936 famiam;
801 2873 1070 2926 incassum
1127 2887 1221 2926 eos
1268 2873 1536 2940 panitet,
1582 2870 1781 2925 frustra
1831 2881 2074 2940 gemunt.

510 2963 615 3018 Eos
659 2974 875 3028 autem,
927 2978 1063 3032 quos
1110 2963 1181 3016 illi
1231 2963 1698 3026 deltouestarunt,
1751 2963 2081 3032 sempiterna

507 3057 721 3126 excepit
773 3057 1033 3111 memoria
1061 3097 1076 3120 ,
1135 3071 1199 3111 ac
1245 3055 1362 3110 laus
1400 3055 1534 3110 senii
1582 3069 1798 3124 expers.
1835 3053 2081 3121 Quandiu

507 3149 653 3202 enim
691 3164 871 3203 rerum
910 3158 1188 3218 gestarum
1231 3147 1601 3201 narrationem
1633 3157 1795 3218 atque
1828 3147 2081 3212 honores,
2111 3189 2154 3246 Ο

507 3249 667 3294 :etate
686 3239 929 3307 iuniores
953 3256 982 3294 a
1017 3239 1322 3295 senioribus
1349 3239 1670 3308 suscipiunt,
1720 3253 1962 3308 avusque
1991 3253 2087 3292 ue-

509 3333 644 3400 poti,
683 3333 797 3386 sive
829 3334 992 3386 etiam
1030 3342 1185 3398 pater
1211 3333 1341 3397 lilio,
1376 3348 1564 3387 eorum
1607 3333 1826 3385 tradunt
1852 3331 2082 3398 cultum,

510 3421 867 3476 immortalem
909 3422 1118 3476 laudem
1146 3420 1427 3476 efﬁciunt:
1466 3436 1530 3476 ac
1571 3435 1668 3475 ceu
1708 3419 2076 3475 inviolabilem

509 3511 800 3581 quamdam
856 3512 1224 3567 hereditatem
1245 3554 1261 3579 ,
1294 3511 1460 3565 hasce
1508 3510 1706 3565 saeculo
1739 3509 2089 3565 celebritates

511 3619 608 3674 per
657 3604 1028 3658 successiones
1075 3612 1421 3658 conservatas
1468 3601 1843 3656 transmittunt
1891 3617 1908 3656 :
1959 3601 2089 3670 quin

511 3713 626 3753 rem
655 3712 870 3768 quoque
896 3696 1082 3752 multis
1115 3696 1431 3750 hazreditate
1457 3695 1787 3750 cbariorem.
1813 3691 1950 3747 Nam
1985 3694 2090 3748 bte-

517 3789 762 3845 reditatis
785 3787 946 3854 bona,
976 3787 1056 3842 vel
1090 3788 1175 3842 fur
1216 3787 1516 3852 abstulerit,
1550 3786 1630 3842 vel
1653 3785 1829 3840 frustis
1865 3800 2094 3853 accepe-

514 3883 585 3936 rit
609 3881 762 3951 spolii
790 3882 941 3947 loco,
971 3879 1053 3934 vel
1095 3895 1275 3934 rerum
1305 3881 1570 3934 adversus
1597 3892 1761 3933 casus
1785 3891 2091 3931 evacuave»

516 3975 619 4028 rit:
666 3972 904 4027 virorum
955 3982 1136 4027 autem
1187 3984 1498 4027 sanctoruru
1551 3971 1830 4026 memoria:
1884 3969 2080 4024 festam

513 4066 711 4132 lucem,
739 4064 913 4120 nullus
942 4065 1204 4120 exciderit
1226 4081 1421 4128 annus,
1479 4064 1722 4133 quandiu
1751 4063 1879 4117 anni
1906 4074 2091 4132 erunt,

515 4173 580 4211 ac
601 4165 784 4211 curret
805 4164 1014 4226 tempus
1029 4193 1044 4219 ,
1079 4155 1386 4225 cmlumque
1413 4153 1630 4208 habebit
1648 4152 1840 4216 solem,
1861 4167 1926 4207 ac
1949 4161 2093 4208 terra

514 4256 700 4318 pascet
743 4262 872 4304 suas
916 4247 1258 4312 animantes,
1308 4259 1567 4315 mareque
1619 4245 1745 4298 item
1795 4243 2090 4314 proprias:

515 4339 758 4410 quinimo
778 4380 796 4406 ,
825 4349 883 4395 ut
913 4340 1097 4394 verius
1134 4340 1335 4403 dicam,
1379 4339 1464 4392 his
1498 4352 1714 4407 quoque
1745 4338 2088 4393 cessantibus

515 4432 826 4497 elementis,
855 4432 1072 4487 tametsi
1123 4439 1315 4502 putent
1350 4429 1556 4498 aliqui,
1597 4445 1872 4501 nunquam
1913 4440 2094 4486 tamen

2170 570 2269 641 τῆς
2299 569 2435 633 νεὼς
2462 569 2576 622 λύει
2607 567 2676 621 τὰ
2706 567 3002 637 πείσματα,
3037 567 3165 638 πρὶν
3195 566 3261 621 ἂν
3301 567 3392 621 τὸν
3419 568 3521 637 τῆς
3545 566 3783 622 θαλάσ-

2175 678 2274 730 σης
2329 659 2604 729 Δεσπότην
2659 657 2747 712 διὰ
2799 656 2906 710 τῶν
2970 657 3262 728 μαρτύρων
3311 657 3768 729 ἐπικαλέσηται·

2175 751 2404 822 πτωχῶν
2431 751 2487 804 δὲ
2527 750 2690 820 φυλαὶ
2716 749 2810 803 καὶ
2842 751 3088 819 πενήτων
3117 750 3277 821 ἐσμοὶ
3332 751 3522 821 κοινὴν
3562 751 3779 804 ἑστίαν

2173 844 2462 914 κέκτηνται
2508 844 2606 913 τὴν
2649 841 2759 894 τῶν
2806 840 3096 912 μαρτύρων
3134 841 3441 895 ἀνάπαυσιν
3467 859 3483 872 ι
3531 843 3778 913 ᾅδονται

2171 932 2228 986 δὲ
2257 931 2531 1002 πανταχοῦ
2557 932 2660 1003 γῆς
2681 932 2776 986 καὶ
2797 931 3066 1002 θαλάττης
3087 933 3135 984 οἱ
3161 931 3455 1004 μάρτυρες.
3483 933 3773 996 Εἰκότως,

2175 1025 2269 1078 καὶ
2296 1025 2433 1097 πρὸς
2460 1025 2638 1091 ἀξίαν.
2675 1025 2750 1077 Οὐ
2782 1025 2911 1096 γὰρ,
2940 1023 3016 1088 ὡς
3036 1023 3240 1090 πολλοὶ,
3271 1024 3370 1094 τὴν
3401 1024 3776 1096 δικαιοσύνην

2177 1115 2574 1186 κατώρθωσαν⁹
2611 1115 2760 1186 αύτῷ
2791 1115 2846 1168 δὲ
2877 1114 2954 1185 τῷ
2989 1115 3204 1186 σώματι
3232 1114 3324 1168 τὸν
3355 1115 3593 1186 σταυρὸν
3626 1116 3772 1170 ἐϐά-

2178 1225 2418 1262 στασανο
2463 1209 2524 1261 ού
2560 1210 2818 1280 χρήματα
2868 1207 3246 1280 ἐσκόρπισαν,
3307 1208 3421 1262 ἀλλ’
3472 1205 3625 1280 αἷμα
3675 1211 3775 1276 ἐξ-

2183 1302 2369 1372 έχεον·
2401 1303 2462 1356 ού
2501 1302 2708 1373 πένητα
2729 1301 3020 1373 οἴκτειραν,
3053 1301 3170 1355 ἀλλ’
3201 1301 3428 1364 ἐαυτοὺς
3455 1303 3560 1356 οὑκ
3593 1302 3774 1372 ἠλέη-

2177 1404 2307 1444 σαν·
2348 1391 2448 1444 οὐκ
2475 1392 2534 1444 ἐν
2565 1391 2921 1463 δεσμωτηρίῳ
2959 1390 3052 1446 τὸν
3119 1391 3508 1462 κεκακωμένον
3551 1393 3776 1444 ἐπεσκ-

2176 1483 2395 1552 suam,
2430 1483 2544 1538 ἀλλ’
2567 1484 2720 1537 αὐτοὶ
2758 1483 2856 1547 τὰς
2885 1483 3102 1548 ἁλύσεις
3131 1481 3417 1554 ἐφόρεσαν.
3453 1483 3552 1537 Διὰ
3599 1483 3772 1536 τοῦτο

2173 1579 2272 1647 τῆς
2303 1577 2581 1648 ὑπομονῆς
2614 1578 2710 1630 καὶ
2741 1577 2840 1646 τῆς
2861 1576 3156 1641 κακώσεως
3188 1578 3515 1648 ἀντίρροπον
3543 1577 3650 1648 τὴν
3678 1576 3773 1629 δὸ-

2175 1667 2275 1733 ξαν
2308 1670 2401 1722 καὶ
2423 1669 2520 1740 τὴν
2547 1668 2710 1740 τιμὴν
2736 1669 3150 1740 ἐκαρπώσαντο.

2249 1947 2314 2001 Ui
2344 1946 2442 2018 μὲν
2467 1939 2560 2000 οῦν
2592 1945 2867 2019 μάρτυρες
2891 1945 3034 2000 οὕτω
3057 1965 3070 1978 ·
3105 1947 3154 2000 οἱ
3182 1947 3238 2001 δέ
3263 1948 3468 2002 τούτων
3493 1949 3763 2022 τύραννοι

2178 2041 2274 2094 καὶ
2313 2042 2492 2109 φονεῖς
2539 2038 2665 2103 ποῦ,
2701 2041 2750 2093 οἱ
2797 2039 2864 2094 τὰ
2898 2040 3076 2112 ὑψηλά
3129 2043 3529 2113 φρονήσαντες,
3561 2045 3664 2096 καὶ⁵
3694 2045 3772 2096 τὰ

2181 2133 2505 2206 ὑπερήφανα
2530 2131 2955 2204 ἀπειλήσαντες,
3003 2135 3052 2186 οἱ
3089 2135 3181 2186 ἐπὶ
3229 2134 3433 2205 θρόνων
3465 2136 3770 2208 μετεώρων

2180 2221 2498 2292 καθήμενοι,
2529 2222 2623 2274 καὶ
2642 2221 2734 2274 τὸν
2762 2222 2969 2276 ἑαυτῶν
2991 2223 3226 2293 ἄρχοντα
3253 2224 3328 2294 μὴ
3352 2225 3730 2296 γνωρίσαντες
3751 2244 3766 2290 ;

2193 2313 2592 2386 Ἐϐρυχήσαντο
2631 2314 2770 2383 ὑπὲρ
2795 2315 2922 2378 τοὺς
2957 2313 3196 2380 λέοντας,
3230 2315 3463 2388 ἔδραμον
3491 2318 3637 2389 ὑπὲρ
3664 2319 3769 2382 τὰς

2183 2405 2508 2477 παρδάλεις,
2552 2405 2867 2477 ἐσπάραξαν
2909 2406 3050 2476 ὑπὲρ
3097 2407 3195 2470 τὰς
3236 2409 3508 2480 ἄρκτους,
3537 2409 3768 2479 ἐξέχεαν

2182 2497 2388 2566 αἵματα
2417 2497 2557 2552 κατὰ
2580 2499 2708 2561 τοὺς
2735 2497 2954 2564 λύκους,
2984 2498 3403 2570 ἐκακούργησαν
3433 2500 3510 2564 ώς
3535 2503 3591 2554 αί
3621 2501 3769 2554 ἀλώ-

2183 2606 2370 2653 πεκες.
2427 2591 2648 2642 Κεῖνται
2705 2589 2815 2644 τῶν
2866 2589 3036 2644 ὄντων
3085 2591 3292 2663 νεκρῶν
3348 2592 3768 2663 μυσαρώτεροι,

2183 2681 2322 2755 λήθῃ
2351 2681 2626 2752 ἐκάλυψαν
2652 2681 2752 2752 τὴν
2770 2681 2915 2752 ζωὴν
2941 2681 3122 2735 αὐτῶν
3141 2700 3156 2714 ·
3180 2683 3361 2753 ἔχουσι
3392 2683 3448 2737 δὲ
3474 2685 3646 2754 τάφον
3671 2685 3769 2737 τὸν

2184 2775 2340 2846 ᾅδην,
2373 2776 2468 2829 καὶ
2491 2774 2692 2846 στήλην
2715 2775 2816 2847 τὴν
2841 2775 3118 2843 ἀσέϐειαν,
3144 2777 3239 2830 καὶ
3269 2779 3490 2848 μνήμην
3515 2777 3615 2847 τὴν
3645 2780 3768 2830 ἀτι-

2188 2868 2344 2939 μίαν*
2402 2867 2752 2939 μετανοοῦσιν
2805 2868 3039 2940 ἀνόνητα
3067 2909 3082 2930 ,
3141 2868 3418 2922 στένουσιν
3477 2869 3763 2938 ἄπρακτα.

2184 2961 2322 3024 Τοὺς
2353 2959 2410 3013 δὲ
2439 2959 2590 3032 παρά
2627 2958 2832 3012 τούτων
2861 2960 3208 3023 αἰκισθέντας
3250 2959 3520 3026 διεδέξατο
3570 2963 3766 3032 μνήμη

2184 3052 2450 3124 ἇληκτος,
2494 3053 2723 3123 ἀγήρως
2760 3052 3001 3116 ἔπαινος.
3034 3053 3114 3107 Τὰ
3143 3053 3254 3125 γὰρ
3301 3053 3613 3126 διηγήματα
3663 3056 3766 3107 καὶ

2185 3145 2284 3208 τὰς
2313 3144 2476 3216 τιμὰς
2497 3146 2546 3198 οἱ
2579 3144 3024 3217 μεθηλικέστεροι
3053 3147 3204 3217 παρά
3228 3146 3337 3200 τῶν
3374 3147 3768 3219 πρεσῦυτέρων

2189 3239 2594 3310 ὑποδεχόμενοι,
2629 3241 2724 3296 καὶ
2766 3241 2990 3306 πάππος
3037 3241 3281 3312 ἐγγόνῳ,
3313 3242 3346 3314 ἥ
3395 3243 3576 3314 πατὴρ
3608 3244 3767 3298 παιδὶ

2189 3331 2576 3404 παραδιδόντες
2618 3333 2719 3404 τὴν
2763 3334 2844 3396 είς
2886 3333 3085 3397 αὐτοὺς
3133 3332 3453 3405 θεραπείαν,
3496 3335 3767 3388 ἀθάνατον

2189 3423 2402 3477 ποιοῦσι
2453 3423 2544 3476 τὸν
2587 3422 2825 3477 ἔπαινον·
2875 3424 2973 3478 καὶ
3011 3424 3202 3496 ὥσπερ
3245 3424 3370 3479 τινὰ
3400 3424 3766 3496 κληρονομίαν

2190 3515 2386 3572 ἄσυλον
2430 3515 2528 3580 τὰς
2554 3515 2747 3588 ἑορτὰς
2764 3515 2968 3580 ταύτας
2991 3517 3050 3570 ἐν
3082 3516 3356 3587 διαδοχαῖς
3385 3516 3546 3582 σώζει
3574 3517 3604 3569 ὀ
3631 3516 3763 3586 βίω,

2190 3610 2224 3680 ή
2284 3609 2483 3680 μᾶλλον
2533 3609 2628 3662 καὶ
2679 3609 3049 3680 κληρονομίας
3094 3609 3424 3681 τιμιώτατον
3454 3608 3502 3641 ⁸⁸
3553 3608 3762 3680 χρῆμα.

2191 3701 2578 3773 κληρονομίας
2609 3701 2710 3773 μὲν
2732 3700 2845 3772 γὰρ
2874 3701 2945 3754 τά
2999 3700 3159 3763 καλὰ,
3194 3700 3226 3771 ἢ
3256 3700 3461 3772 λῃστὴς
3495 3700 3762 3768 ἀφείλετο,

2191 3793 2226 3864 ἢ
2259 3793 2512 3864 πολέμιος
2548 3793 2792 3865 λάφυρον
2819 3793 3012 3847 ἐλαϐεν
3033 3832 3048 3856 ,
3081 3793 3114 3864 ἢ
3152 3792 3481 3863 περίστασις
3513 3792 3766 3862 πραγμά-

2192 3899 2299 3936 των
2337 3883 2603 3937 ἐκένωσεν
2623 3901 2636 3916 ·
2673 3885 2844 3954 ἁγίων
2868 3885 2925 3938 δέ
2951 3883 3160 3954 ἀνδρῶν
3185 3883 3385 3955 ἑορτὴν
3413 3882 3588 3946 οὐδεὶς
3612 3884 3765 3936 ἐκκὸο

2192 3973 2282 4044 ψει
2308 3973 2588 4037 ἐνιαυτὸς,
2635 3974 2827 4046 μέχρις
2868 3974 2933 4028 ἂν
2965 3970 3097 4027 ὦσιν
3149 3971 3420 4035 ἐνιαυτοὶ,
3455 3972 3546 4026 καὶ
3581 3973 3765 4042 χρόνος

2193 4065 2376 4137 τρέχει
2396 4067 2666 4137 ,οὐρανὸς
2697 4067 2798 4139 ἔχῃ
2825 4067 2915 4121 τὸν
2933 4066 3103 4138 ἥλιον,
3136 4066 3232 4118 καὶ
3258 4065 3331 4136 γῆ
3358 4064 3539 4135 βόσκει
3563 4065 3630 4117 τά
3654 4064 3757 4116 [δια

2196 4156 2330 4222 ζῶα,
2368 4159 2462 4212 καὶ
2489 4158 2733 4212 θάλασσα
2761 4157 2832 4211 τὰ
2859 4157 3132 4229 ἐξαίρετα.
3169 4157 3244 4210 Τὸ
3271 4156 3327 4209 δὲ
3353 4155 3547 4228 ἀληθὲς
3577 4157 3759 4219 εἰπεῖν,

2196 4251 2289 4303 καὶ
2332 4250 2442 4304 τῶν
2486 4249 2765 4320 στοιχείων
2814 4249 3187 4320 παυσαμένων
3239 4249 3466 4313 τούτων,
3517 4249 3617 4302 κᾶν
3661 4267 3759 4301 τισι

2196 4342 2362 4406 δοκεῖ,
2394 4342 2690 4414 μαρτύρων
2742 4341 2839 4396 καὶ
2883 4339 3107 4394 δικαίων
3139 4340 3200 4394 ού
3235 4339 3591 4412 σϐεσθήσεται
3620 4340 3756 4404 δόξα,

2200 4433 2320 4486 οὐδὲ
2347 4433 2739 4504 συναποθνήξει
2770 4434 2836 4502 τῇ
2870 4430 3202 4502 δημιουργίᾳ
3241 4430 3310 4483 τὰ
3346 4431 3466 4483 κατ’
3495 4430 3755 4491 ἐκείνους·

519 4535 814 4596 martyrum
865 4539 930 4579 ac
970 4524 1243 4594 iustorum
1298 4521 1470 4603 gloria
1534 4523 1932 4591 exstinguetur,
1997 4537 2083 4578 net

2200 4525 2336 4578 ἀλλὰ
2359 4525 2479 4578 τότε
2518 4527 2612 4578 καὶ
2649 4523 2850 4594 μᾶλλον
2880 4523 3229 4594 ἀνθήσουσιν,
3263 4522 3399 4593 πρὸς
3435 4521 3530 4592 τὴν
3565 4520 3761 4591 ἀφθαρ-

517 4635 641 4674 cum
686 4627 870 4675 creato
905 4619 1108 4673 mundo
1147 4617 1346 4672 visibili
1377 4619 1698 4684 morientur,
1741 4633 1862 4689 qua:
1902 4631 2091 4672 eorum

2199 4634 2290 4669 τον
2322 4616 2467 4687 ζωὴν
2502 4613 3010 4686 μετακοσμηθείσης
3037 4615 3135 4684 τῆς
3162 4612 3599 4683 ἀνθρωπότητος.

517 4716 749 4771 celebris
782 4716 1057 4770 memoria:
1078 4721 1242 4778 sunt;
1279 4713 1408 4784 quin
1435 4725 1490 4769 et
1516 4713 1705 4784 majori
1748 4725 1878 4769 tunc
1934 4715 2127 4768 decore
2178 4712 2479 4776 florebunt,
2535 4721 2890 4766 transmutata
2936 4711 2991 4766 in
3048 4711 3212 4764 vitam
3267 4711 3626 4777 incorruptam
3676 4711 3761 4763 liu-

520 4827 681 4867 mana
711 4820 925 4866 natura.

592 4906 744 4960 Licet
777 4913 956 4959 autem
988 4903 1284 4959 incredulis
1305 4943 1322 4968 ,
1361 4918 1425 4958 ac
1472 4903 1536 4957 iis
1563 4903 1653 4973 qui
1685 4905 1752 4959 de
1779 4907 1961 4959 futura
2000 4920 2097 4973 spe

520 5007 708 5054 nostra
736 4995 1037 5065 ambigunt,
1063 5010 1130 5049 ex
1161 4996 1228 5051 iis
1253 5012 1372 5064 qua:
1393 5010 1506 5050 αξνο
1537 4995 1638 5051 hoc
1666 5008 1922 5068 aguntur,
1949 5008 2096 5052 certa

521 5092 676 5144 bona
715 5096 912 5142 nostra:
951 5087 1368 5157 exspectationis
1401 5087 1647 5157 accipere
1671 5091 1918 5160 pignora.
1955 5089 2094 5142 Ecce

519 5181 667 5234 enim
717 5193 812 5248 per
854 5179 1170 5234 universum
1227 5180 1412 5234 orbem
1467 5180 1721 5250 impletus
1762 5191 1847 5236 est
1897 5180 2100 5235 Christi

522 5272 849 5327 athletarum
881 5272 1154 5340 circulus,
1206 5287 1305 5327 nec
1349 5282 1434 5327 est
1475 5272 1626 5327 locus
1661 5275 1822 5341 ullus,
1859 5289 1966 5344 quo
1997 5289 2107 5326 non

521 5380 710 5420 eorum
741 5366 997 5420 memoria
1023 5367 1322 5431 habeatur;
1350 5365 1587 5436 annique
1616 5379 1858 5437 tempora
1889 5364 2104 5431 omnia,

526 5470 687 5513 terra:
712 5456 870 5511 donis
898 5472 962 5512 ac
1010 5456 1254 5528 frugibus
1300 5462 1509 5530 potiora
1546 5459 1784 5531 pugilum
1816 5467 1989 5528 gesta,
2019 5470 2108 5510 ce-

530 5549 818 5606 lebraturis
853 5563 918 5604 ac
969 5548 1104 5605 festa
1153 5553 1444 5622 agentibus
1475 5551 1783 5609 conferunt.
1838 5551 2104 5618 Quocirca

531 5652 591 5697 ut
637 5642 835 5712 aliquis
873 5641 1095 5699 sedulus
1144 5654 1292 5701 esset
1339 5656 1636 5719 martyrum
1667 5661 1896 5712 amans,
1949 5653 2110 5714 atque

602 5823 649 5862 ⁸⁸
683 5824 756 5878 ῐσ.
788 5823 1135 5897 τιμιώτερον.

2285 4901 2533 4966 Ἔξεστιν
2554 4897 2610 4950 δὲ
2635 4899 2746 4960 τοῖς
2776 4893 3043 4958 ἀπίστοις,
3077 4890 3172 4942 καὶ
3202 4889 3331 4962 περὶ
3358 4889 3459 4960 τῆς
3481 4888 3758 4959 μελλούσης

2207 4992 2417 5054 ἐλπίδος
2459 4989 2616 5062 ἡμῶν
2645 4985 3099 5058 ἁμφιὸἀλλουσιν,
3146 4983 3256 5036 ἀπὸ
3288 4981 3397 5034 τῶν
3431 4982 3488 5032 ἐν
3521 4980 3650 5052 τῷδε
3694 4979 3760 5047 τῷ

2210 5087 2308 5156 βίῳ
2355 5082 2767 5156 πραττομένων,
2810 5077 2912 5148 τῆς
2968 5075 3181 5146 ἀγαθῆς
3240 5073 3567 5146 προσδοκίας
3619 5073 3758 5143 ἡμῶν

2208 5178 2399 5231 λαϐεῖν
2445 5175 2636 5245 βέὸαια
2680 5172 2748 5224 τὰ
2777 5170 3030 5240 ἐνέχυρα.
3093 5169 3224 5222 Ἰδοὺ
3272 5167 3381 5238 γὰρ
3427 5165 3757 5238 πεπλήρωται

2205 5269 2358 5341 παρά
2385 5269 2486 5337 τῆς
2517 5263 2841 5334 οἰκουμένης
2867 5262 3064 5324 κύκλος
3089 5261 3197 5313 τῶν
3242 5257 3490 5328 ἀθλητῶν
3514 5257 3603 5311 τοῦ
3638 5259 3755 5326 Χρι-

2207 5361 2359 5427 στοῦ,
2395 5361 2491 5414 καὶ
2519 5359 2628 5422 πᾶς
2663 5357 2831 5419 τόπος
2871 5354 2982 5425 ἔχει
3026 5353 3136 5406 τῶν
3176 5351 3345 5421 ἀγίων
3373 5351 3472 5422 τὴν
3525 5351 3754 5421 μνήμην·

2209 5456 2411 5517 πάντες
2439 5451 2496 5505 δὲ
2530 5448 2710 5518 καιροῖ¹
2741 5446 3025 5519 κρείττονα
3049 5444 3156 5498 τῶν
3187 5443 3296 5497 ἀπὸ
3330 5442 3434 5512 γῆς
3463 5441 3639 5512 δώρων
3678 5449 3756 5492 καὶ

2209 5544 2624 5618 βλαστημάτων,
2675 5540 2747 5592 τὰ
2781 5539 2889 5592 τῶν
2935 5535 3254 5607 ἀγωνιστῶν
3298 5538 3412 5599 τοῖς
3465 5532 3751 5606 ἑορτάζουσι

2208 5641 2523 5715 χαρίζονται
2562 5635 2898 5708 διηγήματα.
2941 5631 3029 5695 Ὠς
3064 5631 3115 5685 εί
3143 5646 3230 5692 τις
3257 5623 3325 5699 ἧν
3356 5627 3629 5688 σπουδαῖος
3654 5624 3750 5676 τῶν
