  <div class='ocr_page' id='page_1' title='image "/cluster/home/n/w/nwhite01/storage/ocr_20150623/40/hvd.32044019207786/168.png"; bbox 0 0 3820 6294; ppageno 0'>
   <div class='ocr_carea' id='block_1_1' title="bbox 67 265 2192 330">
    <p class='ocr_par' dir='ltr' id='par_1_1' title="bbox 67 265 2192 330">
     <span class='ocr_line' id='line_1_1' title="bbox 67 265 2192 330; baseline -0.002 -1"><span class='ocrx_word' id='word_1_1' title='bbox 67 275 143 330; x_wconf 62' lang='lat' dir='ltr'><strong>Sil</strong></span> <span class='ocrx_word' id='word_1_2' title='bbox 1130 267 1415 326; x_wconf 77' lang='lat' dir='ltr'><strong>HOMILIA</strong></span> <span class='ocrx_word' id='word_1_3' title='bbox 1445 266 1514 323; x_wconf 79' lang='grc' dir='ltr'>Χ.</span> <span class='ocrx_word' id='word_1_4' title='bbox 1539 265 1606 321; x_wconf 85' lang='lat' dir='ltr'><strong>lN</strong></span> <span class='ocrx_word' id='word_1_5' title='bbox 1643 265 1746 324; x_wconf 72' lang='grc' dir='ltr'>εδ.</span> <span class='ocrx_word' id='word_1_6' title='bbox 1783 265 2192 324; x_wconf 77' lang='lat' dir='ltr'><strong>MARTYRES.</strong></span> 
     </span>
    </p>
   </div>
   <div class='ocr_carea' id='block_1_2' title="bbox 3222 267 3328 324">
    <p class='ocr_par' dir='ltr' id='par_1_2' title="bbox 3222 267 3328 324">
     <span class='ocr_line' id='line_1_2' title="bbox 3222 267 3328 324; baseline 0 -1"><span class='ocrx_word' id='word_1_7' title='bbox 3222 267 3328 324; x_wconf 68' lang='grc'><strong>323</strong></span> 
     </span>
    </p>
   </div>
   <div class='ocr_carea' id='block_1_3' title="bbox 67 373 1654 458">
    <p class='ocr_par' dir='ltr' id='par_1_3' title="bbox 67 378 1642 458">
     <span class='ocr_line' id='line_1_3' title="bbox 67 378 1642 458; baseline -0.004 -20"><span class='ocrx_word' id='word_1_8' title='bbox 67 384 351 458; x_wconf 76' lang='grc' dir='ltr'>μαρτύρων</span> <span class='ocrx_word' id='word_1_9' title='bbox 390 382 583 452; x_wconf 76' lang='grc' dir='ltr'>φίλος,</span> <span class='ocrx_word' id='word_1_10' title='bbox 634 381 790 434; x_wconf 75' lang='grc' dir='ltr'>ἔθετο</span> <span class='ocrx_word' id='word_1_11' title='bbox 811 381 870 435; x_wconf 84' lang='grc' dir='ltr'><strong>δέ</strong></span> <span class='ocrx_word' id='word_1_12' title='bbox 907 381 1167 454; x_wconf 75' lang='grc' dir='ltr'><strong>φροντίδα</strong></span> <span class='ocrx_word' id='word_1_13' title='bbox 1203 383 1316 444; x_wconf 84' lang='grc' dir='ltr'>τοῖς</span> <span class='ocrx_word' id='word_1_14' title='bbox 1355 378 1465 432; x_wconf 91' lang='grc' dir='ltr'><strong>τῶν</strong></span> <span class='ocrx_word' id='word_1_15' title='bbox 1503 378 1642 433; x_wconf 82' lang='grc' dir='ltr'>ὅλων</span> 
     </span>
    </p>
   </div>
   <div class='ocr_carea' id='block_1_4' title="bbox 1764 373 3327 458">
    <p class='ocr_par' dir='ltr' id='par_1_4' title="bbox 1764 373 3327 448">
     <span class='ocr_line' id='line_1_4' title="bbox 1764 373 3327 448; baseline 0.002 -16"><span class='ocrx_word' id='word_1_16' title='bbox 1764 379 1985 433; x_wconf 73' lang='lat' dir='ltr'><strong>imnium</strong></span> <span class='ocrx_word' id='word_1_17' title='bbox 2018 376 2380 448; x_wconf 74' lang='lat' dir='ltr'><strong>passionibus,</strong></span> <span class='ocrx_word' id='word_1_18' title='bbox 2424 373 2546 429; x_wconf 78' lang='lat' dir='ltr'><strong>festi</strong></span> <span class='ocrx_word' id='word_1_19' title='bbox 2576 374 2738 431; x_wconf 80' lang='lat' dir='ltr'><strong>vellet</strong></span> <span class='ocrx_word' id='word_1_20' title='bbox 2775 375 3096 433; x_wconf 91' lang='lat' dir='ltr'><strong>celebritate</strong></span> <span class='ocrx_word' id='word_1_21' title='bbox 3127 378 3284 435; x_wconf 89' lang='lat' dir='ltr'><strong>litare</strong></span> <span class='ocrx_word' id='word_1_22' title='bbox 3304 421 3327 447; x_wconf 87' lang='lat'><strong>,</strong></span> 
     </span>
    </p>
   </div>
   <div class='ocr_carea' id='block_1_5' title="bbox 68 467 1641 547">
    <p class='ocr_par' dir='ltr' id='par_1_5' title="bbox 68 467 1641 547">
     <span class='ocr_line' id='line_1_5' title="bbox 68 467 1641 547; baseline -0.006 -16"><span class='ocrx_word' id='word_1_23' title='bbox 68 475 458 547; x_wconf 67' lang='grc' dir='ltr'>πανηγυρίζειν</span> <span class='ocrx_word' id='word_1_24' title='bbox 493 473 744 530; x_wconf 79' lang='grc' dir='ltr'><strong>πάθεσιν.</strong></span> <span class='ocrx_word' id='word_1_25' title='bbox 781 472 884 525; x_wconf 87' lang='grc' dir='ltr'><strong>οὐκ</strong></span> <span class='ocrx_word' id='word_1_26' title='bbox 911 471 979 525; x_wconf 84' lang='grc' dir='ltr'><strong>ἂν</strong></span> <span class='ocrx_word' id='word_1_27' title='bbox 1006 471 1220 542; x_wconf 77' lang='grc' dir='ltr'><strong>ἡμέραν</strong></span> <span class='ocrx_word' id='word_1_28' title='bbox 1242 469 1517 542; x_wconf 81' lang='grc' dir='ltr'><strong>παρῆλθεν</strong></span> <span class='ocrx_word' id='word_1_29' title='bbox 1547 467 1641 523; x_wconf 80' lang='grc' dir='ltr'><strong>τοῦ</strong></span> 
     </span>
    </p>
   </div>
   <div class='ocr_carea' id='block_1_6' title="bbox 68 560 1641 638">
    <p class='ocr_par' dir='ltr' id='par_1_6' title="bbox 68 560 1641 638">
     <span class='ocr_line' id='line_1_6' title="bbox 68 560 1641 638; baseline -0.005 -14"><span class='ocrx_word' id='word_1_30' title='bbox 68 569 299 624; x_wconf 64' lang='grc' dir='ltr'>ἐνιαυτοῦ</span> <span class='ocrx_word' id='word_1_31' title='bbox 328 568 614 638; x_wconf 83' lang='grc' dir='ltr'>ἀνέορτον.</span> <span class='ocrx_word' id='word_1_32' title='bbox 661 565 842 619; x_wconf 76' lang='grc' dir='ltr'>Πᾶσαι</span> <span class='ocrx_word' id='word_1_33' title='bbox 867 565 975 636; x_wconf 84' lang='grc' dir='ltr'>γὰρ</span> <span class='ocrx_word' id='word_1_34' title='bbox 1021 564 1203 635; x_wconf 80' lang='grc' dir='ltr'>ἔχουσι</span> <span class='ocrx_word' id='word_1_35' title='bbox 1236 564 1522 635; x_wconf 86' lang='grc' dir='ltr'>κρείττονα</span> <span class='ocrx_word' id='word_1_36' title='bbox 1546 560 1641 616; x_wconf 86' lang='grc' dir='ltr'><strong>τοῦ</strong></span> 
     </span>
    </p>
   </div>
   <div class='ocr_carea' id='block_1_7' title="bbox 68 655 1644 733">
    <p class='ocr_par' dir='ltr' id='par_1_7' title="bbox 68 655 1644 733">
     <span class='ocr_line' id='line_1_7' title="bbox 68 655 1644 733; baseline -0.003 -18"><span class='ocrx_word' id='word_1_37' title='bbox 68 661 280 733; x_wconf 66' lang='grc' dir='ltr'>ἡλιακοῦ</span> <span class='ocrx_word' id='word_1_38' title='bbox 319 660 530 713; x_wconf 81' lang='grc' dir='ltr'>κύκλου</span> <span class='ocrx_word' id='word_1_39' title='bbox 571 659 796 730; x_wconf 73' lang='grc' dir='ltr'>κόσμον,</span> <span class='ocrx_word' id='word_1_40' title='bbox 827 659 896 712; x_wconf 83' lang='grc' dir='ltr'>τὰ</span> <span class='ocrx_word' id='word_1_41' title='bbox 932 657 1042 712; x_wconf 85' lang='grc' dir='ltr'><strong>τῶν</strong></span> <span class='ocrx_word' id='word_1_42' title='bbox 1076 657 1339 726; x_wconf 79' lang='grc' dir='ltr'>γενναίων</span> <span class='ocrx_word' id='word_1_43' title='bbox 1368 655 1644 728; x_wconf 88' lang='grc' dir='ltr'>ἀνδραγα-</span> 
     </span>
    </p>
   </div>
   <div class='ocr_carea' id='block_1_8' title="bbox 71 748 1640 824">
    <p class='ocr_par' dir='ltr' id='par_1_8' title="bbox 71 748 1640 824">
     <span class='ocr_line' id='line_1_8' title="bbox 71 748 1640 824; baseline -0.004 -17"><span class='ocrx_word' id='word_1_44' title='bbox 71 755 296 824; x_wconf 76' lang='grc' dir='ltr'>Θήματα.</span> <span class='ocrx_word' id='word_1_45' title='bbox 345 751 571 820; x_wconf 79' lang='grc' dir='ltr'>Ἐπειδὴ</span> <span class='ocrx_word' id='word_1_46' title='bbox 601 751 710 821; x_wconf 79' lang='grc' dir='ltr'>γὰρ</span> <span class='ocrx_word' id='word_1_47' title='bbox 733 753 762 804; x_wconf 83' lang='grc' dir='ltr'>ὁ</span> <span class='ocrx_word' id='word_1_48' title='bbox 793 752 904 813; x_wconf 84' lang='grc' dir='ltr'>τοῖς</span> <span class='ocrx_word' id='word_1_49' title='bbox 930 750 1114 813; x_wconf 78' lang='grc' dir='ltr'>καλοῖς</span> <span class='ocrx_word' id='word_1_50' title='bbox 1165 748 1640 818; x_wconf 82' lang='grc' dir='ltr'><strong>ἀντιτεταγμένος,</strong></span> 
     </span>
    </p>
   </div>
   <div class='ocr_carea' id='block_1_9' title="bbox 72 837 1641 912">
    <p class='ocr_par' dir='ltr' id='par_1_9' title="bbox 72 837 1641 912">
     <span class='ocr_line' id='line_1_9' title="bbox 72 837 1641 912; baseline -0.004 -18"><span class='ocrx_word' id='word_1_51' title='bbox 72 841 287 912; x_wconf 64' lang='grc' dir='ltr'>σφοδρὸν</span> <span class='ocrx_word' id='word_1_52' title='bbox 330 840 473 911; x_wconf 83' lang='grc' dir='ltr'>πρὸς</span> <span class='ocrx_word' id='word_1_53' title='bbox 503 840 565 892; x_wconf 84' lang='grc' dir='ltr'><strong>τὸ</strong></span> <span class='ocrx_word' id='word_1_54' title='bbox 603 840 900 910; x_wconf 87' lang='grc' dir='ltr'>μυστήριον</span> <span class='ocrx_word' id='word_1_55' title='bbox 935 837 1274 910; x_wconf 74' lang='grc' dir='ltr'>Χριστιανῶν</span> <span class='ocrx_word' id='word_1_56' title='bbox 1317 837 1641 908; x_wconf 82' lang='grc' dir='ltr'>ὲπηρίσατο,</span> 
     </span>
    </p>
   </div>
   <div class='ocr_carea' id='block_1_10' title="bbox 72 929 1645 1002">
    <p class='ocr_par' dir='ltr' id='par_1_10' title="bbox 72 929 1645 1002">
     <span class='ocr_line' id='line_1_10' title="bbox 72 929 1645 1002; baseline -0.004 -13"><span class='ocrx_word' id='word_1_57' title='bbox 72 939 264 998; x_wconf 73' lang='grc' dir='ltr'>πάντας</span> <span class='ocrx_word' id='word_1_58' title='bbox 311 934 373 986; x_wconf 86' lang='grc' dir='ltr'>δὲ</span> <span class='ocrx_word' id='word_1_59' title='bbox 421 933 652 986; x_wconf 79' lang='grc' dir='ltr'>πάσσων</span> <span class='ocrx_word' id='word_1_60' title='bbox 695 934 761 1002; x_wconf 80' lang='grc' dir='ltr'>τῇ</span> <span class='ocrx_word' id='word_1_61' title='bbox 798 931 965 995; x_wconf 85' lang='grc' dir='ltr'>κόνει,</span> <span class='ocrx_word' id='word_1_62' title='bbox 1000 934 1111 994; x_wconf 85' lang='grc' dir='ltr'>τοῖς</span> <span class='ocrx_word' id='word_1_63' title='bbox 1159 929 1307 993; x_wconf 77' lang='grc' dir='ltr'><strong>ἰδίοις</strong></span> <span class='ocrx_word' id='word_1_64' title='bbox 1335 930 1645 1000; x_wconf 85' lang='grc' dir='ltr'>φρονήμασι</span> 
     </span>
    </p>
   </div>
   <div class='ocr_carea' id='block_1_11' title="bbox 73 1021 1647 1098">
    <p class='ocr_par' dir='ltr' id='par_1_11' title="bbox 73 1021 1647 1098">
     <span class='ocr_line' id='line_1_11' title="bbox 73 1021 1647 1098; baseline -0.004 -18"><span class='ocrx_word' id='word_1_65' title='bbox 73 1026 319 1098; x_wconf 76' lang='grc' dir='ltr'>γωννύειν</span> <span class='ocrx_word' id='word_1_66' title='bbox 378 1023 740 1087; x_wconf 77' lang='grc' dir='ltr'>ἐσπούδαζεν.</span> <span class='ocrx_word' id='word_1_67' title='bbox 801 1023 896 1078; x_wconf 75' lang='grc' dir='ltr'>καὶ</span> <span class='ocrx_word' id='word_1_68' title='bbox 950 1023 1126 1095; x_wconf 84' lang='grc' dir='ltr'>μάτην</span> <span class='ocrx_word' id='word_1_69' title='bbox 1178 1021 1487 1091; x_wconf 77' lang='grc' dir='ltr'>ἐνασχολείν</span> <span class='ocrx_word' id='word_1_70' title='bbox 1532 1024 1647 1086; x_wconf 88' lang='grc' dir='ltr'>τοῖς</span> 
     </span>
    </p>
   </div>
   <div class='ocr_carea' id='block_1_12' title="bbox 71 1111 1647 1189">
    <p class='ocr_par' dir='ltr' id='par_1_12' title="bbox 71 1111 1647 1189">
     <span class='ocr_line' id='line_1_12' title="bbox 71 1111 1647 1189; baseline -0.003 -18"><span class='ocrx_word' id='word_1_71' title='bbox 71 1117 461 1189; x_wconf 69' lang='grc' dir='ltr'>ἐπιτηδεύμασι</span> <span class='ocrx_word' id='word_1_72' title='bbox 495 1116 592 1168; x_wconf 88' lang='grc' dir='ltr'><strong>τοῦ</strong></span> <span class='ocrx_word' id='word_1_73' title='bbox 635 1114 809 1186; x_wconf 84' lang='grc' dir='ltr'>πηλοῦ</span> <span class='ocrx_word' id='word_1_74' title='bbox 830 1131 846 1145; x_wconf 76' lang='grc' dir='ltr'><strong><em>ο</em></strong></span> <span class='ocrx_word' id='word_1_75' title='bbox 882 1114 1123 1186; x_wconf 84' lang='grc' dir='ltr'>ἀρίστων</span> <span class='ocrx_word' id='word_1_76' title='bbox 1145 1112 1355 1183; x_wconf 86' lang='grc' dir='ltr'>ἀνδρῶν</span> <span class='ocrx_word' id='word_1_77' title='bbox 1388 1111 1591 1184; x_wconf 81' lang='grc' dir='ltr'>πλῆθος</span> <span class='ocrx_word' id='word_1_78' title='bbox 1618 1115 1647 1166; x_wconf 86' lang='grc' dir='ltr'>ὁ</span> 
     </span>
    </p>
   </div>
   <div class='ocr_carea' id='block_1_13' title="bbox 72 1205 1645 1280">
    <p class='ocr_par' dir='ltr' id='par_1_13' title="bbox 72 1205 1645 1280">
     <span class='ocr_line' id='line_1_13' title="bbox 72 1205 1645 1280; baseline -0.003 -17"><span class='ocrx_word' id='word_1_79' title='bbox 72 1212 185 1276; x_wconf 61' lang='grc' dir='ltr'>θεὸς</span> <span class='ocrx_word' id='word_1_80' title='bbox 211 1209 452 1280; x_wconf 76' lang='grc' dir='ltr'><strong>ἀλείψας</strong></span> <span class='ocrx_word' id='word_1_81' title='bbox 483 1211 597 1271; x_wconf 87' lang='grc' dir='ltr'>τοῖς</span> <span class='ocrx_word' id='word_1_82' title='bbox 624 1207 1072 1280; x_wconf 78' lang='grc' dir='ltr'>παραγγέλμασι,</span> <span class='ocrx_word' id='word_1_83' title='bbox 1100 1205 1196 1259; x_wconf 80' lang='grc' dir='ltr'>καὶ</span> <span class='ocrx_word' id='word_1_84' title='bbox 1221 1205 1645 1278; x_wconf 88' lang='grc' dir='ltr'>παιδοτριϐήσας</span> 
     </span>
    </p>
   </div>
   <div class='ocr_carea' id='block_1_14' title="bbox 73 1297 1648 1373">
    <p class='ocr_par' dir='ltr' id='par_1_14' title="bbox 73 1297 1648 1373">
     <span class='ocr_line' id='line_1_14' title="bbox 73 1297 1648 1373; baseline -0.004 -17"><span class='ocrx_word' id='word_1_85' title='bbox 73 1305 191 1372; x_wconf 67' lang='grc' dir='ltr'>πρὸς</span> <span class='ocrx_word' id='word_1_86' title='bbox 221 1302 534 1373; x_wconf 76' lang='grc' dir='ltr'>καρτερίαν</span> <span class='ocrx_word' id='word_1_87' title='bbox 576 1302 672 1355; x_wconf 75' lang='grc' dir='ltr'>καὶ</span> <span class='ocrx_word' id='word_1_88' title='bbox 702 1300 952 1371; x_wconf 87' lang='grc' dir='ltr'>δύναμιν,</span> <span class='ocrx_word' id='word_1_89' title='bbox 983 1299 1310 1368; x_wconf 87' lang='grc' dir='ltr'>ἀντέστησεν</span> <span class='ocrx_word' id='word_1_90' title='bbox 1336 1297 1414 1369; x_wconf 81' lang='grc' dir='ltr'>τῷ</span> <span class='ocrx_word' id='word_1_91' title='bbox 1441 1299 1648 1352; x_wconf 81' lang='grc' dir='ltr'>ἀναιδεῖ</span> 
     </span>
    </p>
   </div>
   <div class='ocr_carea' id='block_1_15' title="bbox 72 1385 1644 1466">
    <p class='ocr_par' dir='ltr' id='par_1_15' title="bbox 72 1385 1644 1466">
     <span class='ocr_line' id='line_1_15' title="bbox 72 1385 1644 1466; baseline -0.004 -17"><span class='ocrx_word' id='word_1_92' title='bbox 72 1397 152 1449; x_wconf 71' lang='grc' dir='ltr'><strong>καὶ</strong></span> <span class='ocrx_word' id='word_1_93' title='bbox 195 1395 481 1466; x_wconf 77' lang='grc' dir='ltr'>ἐπιϐούλῳ</span> <span class='ocrx_word' id='word_1_94' title='bbox 531 1393 632 1464; x_wconf 80' lang='grc' dir='ltr'>τῆς</span> <span class='ocrx_word' id='word_1_95' title='bbox 675 1393 1110 1465; x_wconf 85' lang='grc' dir='ltr'>ἀνθρωπότητος.</span> <span class='ocrx_word' id='word_1_96' title='bbox 1164 1385 1323 1444; x_wconf 75' lang='grc' dir='ltr'>Οὗτοι</span> <span class='ocrx_word' id='word_1_97' title='bbox 1363 1389 1418 1443; x_wconf 88' lang='grc' dir='ltr'>δὲ</span> <span class='ocrx_word' id='word_1_98' title='bbox 1461 1391 1644 1446; x_wconf 74' lang='grc' dir='ltr'>καινὸν</span> 
     </span>
    </p>
   </div>
   <div class='ocr_carea' id='block_1_16' title="bbox 73 1480 1644 1555">
    <p class='ocr_par' dir='ltr' id='par_1_16' title="bbox 73 1480 1644 1555">
     <span class='ocr_line' id='line_1_16' title="bbox 73 1480 1644 1555; baseline 0.001 -21"><span class='ocrx_word' id='word_1_99' title='bbox 73 1485 424 1553; x_wconf 62' lang='grc' dir='ltr'>ἠγωνίσαντο,</span> <span class='ocrx_word' id='word_1_100' title='bbox 458 1483 553 1536; x_wconf 78' lang='grc' dir='ltr'><strong>καὶ</strong></span> <span class='ocrx_word' id='word_1_101' title='bbox 589 1484 652 1536; x_wconf 84' lang='grc' dir='ltr'><strong>οὐ</strong></span> <span class='ocrx_word' id='word_1_102' title='bbox 695 1483 787 1536; x_wconf 83' lang='grc' dir='ltr'><strong>τὸν</strong></span> <span class='ocrx_word' id='word_1_103' title='bbox 817 1482 1019 1555; x_wconf 86' lang='grc' dir='ltr'>συνήθη</span> <span class='ocrx_word' id='word_1_104' title='bbox 1053 1481 1258 1551; x_wconf 87' lang='grc' dir='ltr'>ἀγῶνα.</span> <span class='ocrx_word' id='word_1_105' title='bbox 1301 1482 1375 1535; x_wconf 92' lang='grc' dir='ltr'>Οὐ</span> <span class='ocrx_word' id='word_1_106' title='bbox 1414 1480 1520 1554; x_wconf 83' lang='grc' dir='ltr'>γὰρ</span> <span class='ocrx_word' id='word_1_107' title='bbox 1553 1483 1644 1536; x_wconf 74' lang='grc' dir='ltr'>τύο</span> 
     </span>
    </p>
   </div>
   <div class='ocr_carea' id='block_1_17' title="bbox 74 1573 1648 1648">
    <p class='ocr_par' dir='ltr' id='par_1_17' title="bbox 74 1573 1648 1648">
     <span class='ocr_line' id='line_1_17' title="bbox 74 1573 1648 1648; baseline -0.002 -17"><span class='ocrx_word' id='word_1_108' title='bbox 74 1593 284 1640; x_wconf 73' lang='grc' dir='ltr'>πτοντες</span> <span class='ocrx_word' id='word_1_109' title='bbox 332 1577 366 1646; x_wconf 83' lang='grc' dir='ltr'>ἢ</span> <span class='ocrx_word' id='word_1_110' title='bbox 411 1575 716 1648; x_wconf 81' lang='grc' dir='ltr'>ρηγνύντες</span> <span class='ocrx_word' id='word_1_111' title='bbox 759 1576 1070 1648; x_wconf 80' lang='grc' dir='ltr'>ἐκράτησαν</span> <span class='ocrx_word' id='word_1_112' title='bbox 1093 1589 1111 1605; x_wconf 83' lang='grc'>⁶</span> <span class='ocrx_word' id='word_1_113' title='bbox 1163 1573 1301 1630; x_wconf 84' lang='grc' dir='ltr'><strong>ἀλλά</strong></span> <span class='ocrx_word' id='word_1_114' title='bbox 1345 1574 1648 1645; x_wconf 85' lang='grc' dir='ltr'>πάσχοντες</span> 
     </span>
    </p>
   </div>
   <div class='ocr_carea' id='block_1_18' title="bbox 72 1668 920 1741">
    <p class='ocr_par' dir='ltr' id='par_1_18' title="bbox 72 1668 920 1741">
     <span class='ocr_line' id='line_1_18' title="bbox 72 1668 920 1741; baseline 0.002 -21"><span class='ocrx_word' id='word_1_115' title='bbox 72 1671 397 1739; x_wconf 62' lang='grc' dir='ltr'>ἠρίστευσαν</span> <span class='ocrx_word' id='word_1_116' title='bbox 433 1669 534 1722; x_wconf 80' lang='grc' dir='ltr'><strong>καὶ</strong></span> <span class='ocrx_word' id='word_1_117' title='bbox 569 1668 920 1741; x_wconf 80' lang='grc' dir='ltr'>σφαζόμενοι.</span> 
     </span>
    </p>
   </div>
   <div class='ocr_carea' id='block_1_19' title="bbox 131 1843 1650 1916">
    <p class='ocr_par' dir='ltr' id='par_1_19' title="bbox 131 1843 1650 1916">
     <span class='ocr_line' id='line_1_19' title="bbox 131 1843 1650 1916; baseline -0.002 -17"><span class='ocrx_word' id='word_1_118' title='bbox 131 1845 240 1899; x_wconf 72' lang='grc' dir='ltr'>Καὶ</span> <span class='ocrx_word' id='word_1_119' title='bbox 275 1845 462 1906; x_wconf 77' lang='grc' dir='ltr'>ποῖον,</span> <span class='ocrx_word' id='word_1_120' title='bbox 497 1845 680 1914; x_wconf 80' lang='grc' dir='ltr'>ἐρεῖς,</span> <span class='ocrx_word' id='word_1_121' title='bbox 724 1844 755 1896; x_wconf 86' lang='grc' dir='ltr'><strong>ὁ</strong></span> <span class='ocrx_word' id='word_1_122' title='bbox 788 1843 1094 1916; x_wconf 80' lang='grc' dir='ltr'>ἀκροατὴς,</span> <span class='ocrx_word' id='word_1_123' title='bbox 1133 1845 1333 1916; x_wconf 88' lang='grc' dir='ltr'>κράτος</span> <span class='ocrx_word' id='word_1_124' title='bbox 1374 1844 1650 1914; x_wconf 86' lang='grc' dir='ltr'>πολέμου;</span> 
     </span>
    </p>
   </div>
   <div class='ocr_carea' id='block_1_20' title="bbox 73 1935 1652 2008">
    <p class='ocr_par' dir='ltr' id='par_1_20' title="bbox 73 1935 1652 2008">
     <span class='ocr_line' id='line_1_20' title="bbox 73 1935 1652 2008; baseline 0 -18"><span class='ocrx_word' id='word_1_125' title='bbox 73 1937 140 2001; x_wconf 78' lang='grc' dir='ltr'><strong>τίς</strong></span> <span class='ocrx_word' id='word_1_126' title='bbox 175 1938 233 1990; x_wconf 74' lang='grc' dir='ltr'>δὲ</span> <span class='ocrx_word' id='word_1_127' title='bbox 268 1935 630 2007; x_wconf 83' lang='grc' dir='ltr'>εὐδοκίμησις</span> <span class='ocrx_word' id='word_1_128' title='bbox 657 1935 796 2007; x_wconf 84' lang='grc' dir='ltr'>αῦτη</span> <span class='ocrx_word' id='word_1_129' title='bbox 822 1975 836 1998; x_wconf 85' lang='grc'><strong>,</strong></span> <span class='ocrx_word' id='word_1_130' title='bbox 886 1936 945 1989; x_wconf 82' lang='grc' dir='ltr'>τὸ</span> <span class='ocrx_word' id='word_1_131' title='bbox 990 1937 1393 2008; x_wconf 79' lang='grc' dir='ltr'>στρεϐλωθῆναι</span> <span class='ocrx_word' id='word_1_132' title='bbox 1421 1938 1517 1990; x_wconf 74' lang='grc' dir='ltr'><strong>καὶ</strong></span> <span class='ocrx_word' id='word_1_133' title='bbox 1547 1954 1652 2007; x_wconf 87' lang='grc' dir='ltr'>μα-</span> 
     </span>
    </p>
   </div>
   <div class='ocr_carea' id='block_1_21' title="bbox 75 2027 1654 2101">
    <p class='ocr_par' dir='ltr' id='par_1_21' title="bbox 75 2027 1654 2101">
     <span class='ocr_line' id='line_1_21' title="bbox 75 2027 1654 2101; baseline 0.001 -19"><span class='ocrx_word' id='word_1_134' title='bbox 75 2030 374 2101; x_wconf 73' lang='grc' dir='ltr'>ετιχθῆναι,</span> <span class='ocrx_word' id='word_1_135' title='bbox 406 2030 503 2082; x_wconf 75' lang='grc' dir='ltr'><strong>καὶ</strong></span> <span class='ocrx_word' id='word_1_136' title='bbox 537 2028 674 2100; x_wconf 73' lang='grc' dir='ltr'>πρός</span> <span class='ocrx_word' id='word_1_137' title='bbox 704 2045 770 2096; x_wconf 90' lang='grc' dir='ltr'><strong>γε</strong></span> <span class='ocrx_word' id='word_1_138' title='bbox 803 2027 892 2081; x_wconf 88' lang='grc' dir='ltr'><strong>διά</strong></span> <span class='ocrx_word' id='word_1_139' title='bbox 941 2028 1145 2100; x_wconf 79' lang='grc' dir='ltr'>πυρὸς,</span> <span class='ocrx_word' id='word_1_140' title='bbox 1181 2029 1213 2100; x_wconf 83' lang='grc' dir='ltr'>ἢ</span> <span class='ocrx_word' id='word_1_141' title='bbox 1251 2029 1457 2099; x_wconf 78' lang='grc' dir='ltr'>ξίφους,</span> <span class='ocrx_word' id='word_1_142' title='bbox 1491 2029 1524 2100; x_wconf 83' lang='grc' dir='ltr'><strong>ἢ</strong></span> <span class='ocrx_word' id='word_1_143' title='bbox 1551 2047 1654 2083; x_wconf 64' lang='grc' dir='ltr'>και</span> 
     </span>
    </p>
   </div>
   <div class='ocr_carea' id='block_1_22' title="bbox 76 2118 1655 2190">
    <p class='ocr_par' dir='ltr' id='par_1_22' title="bbox 76 2118 1655 2190">
     <span class='ocr_line' id='line_1_22' title="bbox 76 2118 1655 2190; baseline 0 -17"><span class='ocrx_word' id='word_1_144' title='bbox 76 2121 283 2184; x_wconf 75' lang='grc' dir='ltr'>χώσεως</span> <span class='ocrx_word' id='word_1_145' title='bbox 327 2118 730 2190; x_wconf 78' lang='grc' dir='ltr'>δεσμωτηρίων</span> <span class='ocrx_word' id='word_1_146' title='bbox 774 2118 1084 2172; x_wconf 85' lang='grc' dir='ltr'>καταλῦσαι</span> <span class='ocrx_word' id='word_1_147' title='bbox 1133 2118 1224 2172; x_wconf 81' lang='grc' dir='ltr'><strong>τὸν</strong></span> <span class='ocrx_word' id='word_1_148' title='bbox 1279 2118 1433 2189; x_wconf 88' lang='grc' dir='ltr'>βίον;</span> <span class='ocrx_word' id='word_1_149' title='bbox 1494 2119 1655 2174; x_wconf 82' lang='grc' dir='ltr'>Ἀλλά</span> 
     </span>
    </p>
   </div>
   <div class='ocr_carea' id='block_1_23' title="bbox 77 2210 1654 2286">
    <p class='ocr_par' dir='ltr' id='par_1_23' title="bbox 77 2210 1654 2286">
     <span class='ocr_line' id='line_1_23' title="bbox 77 2210 1654 2286; baseline -0.003 -20"><span class='ocrx_word' id='word_1_150' title='bbox 77 2215 240 2286; x_wconf 71' lang='grc' dir='ltr'>μάθε,</span> <span class='ocrx_word' id='word_1_151' title='bbox 291 2213 374 2276; x_wconf 88' lang='grc' dir='ltr'>ὡς</span> <span class='ocrx_word' id='word_1_152' title='bbox 425 2213 476 2265; x_wconf 85' lang='grc' dir='ltr'><strong>οί</strong></span> <span class='ocrx_word' id='word_1_153' title='bbox 522 2212 663 2282; x_wconf 84' lang='grc' dir='ltr'>ὑπὲρ</span> <span class='ocrx_word' id='word_1_154' title='bbox 708 2210 986 2275; x_wconf 87' lang='grc' dir='ltr'>εὐσεϐείας</span> <span class='ocrx_word' id='word_1_155' title='bbox 1037 2211 1286 2281; x_wconf 88' lang='grc' dir='ltr'>πόλεμοι,</span> <span class='ocrx_word' id='word_1_156' title='bbox 1327 2210 1654 2265; x_wconf 75' lang='grc' dir='ltr'>ἀπεναντίον</span> 
     </span>
    </p>
   </div>
   <div class='ocr_carea' id='block_1_24' title="bbox 75 2299 1656 2376">
    <p class='ocr_par' dir='ltr' id='par_1_24' title="bbox 75 2299 1656 2376">
     <span class='ocr_line' id='line_1_24' title="bbox 75 2299 1656 2376; baseline -0.001 -20"><span class='ocrx_word' id='word_1_157' title='bbox 75 2302 462 2376; x_wconf 70' lang='grc' dir='ltr'>κατορθοῦνται</span> <span class='ocrx_word' id='word_1_158' title='bbox 494 2301 606 2354; x_wconf 87' lang='grc' dir='ltr'><strong>τῶν</strong></span> <span class='ocrx_word' id='word_1_159' title='bbox 635 2300 832 2354; x_wconf 74' lang='grc' dir='ltr'>ἄλλων.</span> <span class='ocrx_word' id='word_1_160' title='bbox 863 2303 924 2354; x_wconf 82' lang='grc' dir='ltr'><strong>υἱ</strong></span> <span class='ocrx_word' id='word_1_161' title='bbox 955 2301 1051 2372; x_wconf 88' lang='grc' dir='ltr'><strong>μὲν</strong></span> <span class='ocrx_word' id='word_1_162' title='bbox 1077 2301 1187 2371; x_wconf 85' lang='grc' dir='ltr'>γὰρ</span> <span class='ocrx_word' id='word_1_163' title='bbox 1213 2303 1270 2353; x_wconf 83' lang='grc' dir='ltr'><strong>ἐν</strong></span> <span class='ocrx_word' id='word_1_164' title='bbox 1299 2299 1378 2370; x_wconf 82' lang='grc' dir='ltr'>τῷ</span> <span class='ocrx_word' id='word_1_165' title='bbox 1399 2300 1656 2369; x_wconf 85' lang='grc' dir='ltr'>φονεῦσαι</span> 
     </span>
    </p>
   </div>
   <div class='ocr_carea' id='block_1_25' title="bbox 74 2387 1658 2461">
    <p class='ocr_par' dir='ltr' id='par_1_25' title="bbox 74 2387 1658 2461">
     <span class='ocr_line' id='line_1_25' title="bbox 74 2387 1658 2461; baseline 0.003 -21"><span class='ocrx_word' id='word_1_166' title='bbox 74 2392 158 2458; x_wconf 66' lang='grc' dir='ltr'><strong>τήν</strong></span> <span class='ocrx_word' id='word_1_167' title='bbox 184 2390 479 2461; x_wconf 82' lang='grc' dir='ltr'>ἀριστείαν</span> <span class='ocrx_word' id='word_1_168' title='bbox 515 2387 700 2459; x_wconf 81' lang='grc' dir='ltr'>έχουσι</span> <span class='ocrx_word' id='word_1_169' title='bbox 725 2405 738 2418; x_wconf 93' lang='grc'><strong>·</strong></span> <span class='ocrx_word' id='word_1_170' title='bbox 773 2390 824 2442; x_wconf 82' lang='grc' dir='ltr'>οἱ</span> <span class='ocrx_word' id='word_1_171' title='bbox 853 2388 929 2452; x_wconf 85' lang='grc' dir='ltr'>δὲ,</span> <span class='ocrx_word' id='word_1_172' title='bbox 965 2389 1055 2442; x_wconf 85' lang='grc' dir='ltr'>διὰ</span> <span class='ocrx_word' id='word_1_173' title='bbox 1088 2389 1182 2443; x_wconf 89' lang='grc' dir='ltr'><strong>τοῦ</strong></span> <span class='ocrx_word' id='word_1_174' title='bbox 1217 2389 1409 2444; x_wconf 78' lang='grc' dir='ltr'>παθεῖν</span> <span class='ocrx_word' id='word_1_175' title='bbox 1434 2391 1528 2444; x_wconf 81' lang='grc' dir='ltr'>καὶ</span> <span class='ocrx_word' id='word_1_176' title='bbox 1560 2409 1658 2445; x_wconf 89' lang='grc' dir='ltr'>πε-</span> 
     </span>
    </p>
   </div>
   <div class='ocr_carea' id='block_1_26' title="bbox 78 2479 1657 2552">
    <p class='ocr_par' dir='ltr' id='par_1_26' title="bbox 78 2479 1657 2552">
     <span class='ocr_line' id='line_1_26' title="bbox 78 2479 1657 2552; baseline 0.003 -20"><span class='ocrx_word' id='word_1_177' title='bbox 78 2483 175 2533; x_wconf 74' lang='grc' dir='ltr'>σεῖν</span> <span class='ocrx_word' id='word_1_178' title='bbox 204 2480 568 2549; x_wconf 85' lang='grc' dir='ltr'>ἐνεργοῦνται</span> <span class='ocrx_word' id='word_1_179' title='bbox 617 2479 724 2551; x_wconf 85' lang='grc' dir='ltr'><strong>τὴν</strong></span> <span class='ocrx_word' id='word_1_180' title='bbox 770 2479 948 2551; x_wconf 87' lang='grc' dir='ltr'>νίκην.</span> <span class='ocrx_word' id='word_1_181' title='bbox 1001 2480 1291 2552; x_wconf 74' lang='grc' dir='ltr'>Παρρησία</span> <span class='ocrx_word' id='word_1_182' title='bbox 1336 2480 1394 2534; x_wconf 83' lang='grc' dir='ltr'>δὲ</span> <span class='ocrx_word' id='word_1_183' title='bbox 1433 2481 1657 2536; x_wconf 88' lang='grc' dir='ltr'>δικαίων</span> 
     </span>
    </p>
   </div>
   <div class='ocr_carea' id='block_1_27' title="bbox 78 2571 1657 2644">
    <p class='ocr_par' dir='ltr' id='par_1_27' title="bbox 78 2571 1657 2644">
     <span class='ocr_line' id='line_1_27' title="bbox 78 2571 1657 2644; baseline 0.003 -20"><span class='ocrx_word' id='word_1_184' title='bbox 78 2573 272 2626; x_wconf 78' lang='grc' dir='ltr'>ἐκτελεῖ</span> <span class='ocrx_word' id='word_1_185' title='bbox 303 2575 409 2637; x_wconf 76' lang='grc' dir='ltr'><strong>τάς</strong></span> <span class='ocrx_word' id='word_1_186' title='bbox 434 2573 578 2644; x_wconf 83' lang='grc' dir='ltr'>ὑπὲρ</span> <span class='ocrx_word' id='word_1_187' title='bbox 606 2571 701 2625; x_wconf 81' lang='grc' dir='ltr'><strong>τοῦ</strong></span> <span class='ocrx_word' id='word_1_188' title='bbox 735 2571 939 2642; x_wconf 85' lang='grc' dir='ltr'>κόσμου</span> <span class='ocrx_word' id='word_1_189' title='bbox 975 2572 1273 2643; x_wconf 81' lang='grc' dir='ltr'>πρεσϐείας</span> <span class='ocrx_word' id='word_1_190' title='bbox 1295 2590 1309 2606; x_wconf 77' lang='grc' dir='ltr'><strong>ο</strong></span> <span class='ocrx_word' id='word_1_191' title='bbox 1338 2573 1434 2628; x_wconf 74' lang='grc' dir='ltr'><strong>καὶ</strong></span> <span class='ocrx_word' id='word_1_192' title='bbox 1468 2574 1657 2629; x_wconf 76' lang='grc' dir='ltr'>ἔλαθεν</span> 
     </span>
    </p>
   </div>
   <div class='ocr_carea' id='block_1_28' title="bbox 77 2661 1654 2734">
    <p class='ocr_par' dir='ltr' id='par_1_28' title="bbox 77 2661 1654 2734">
     <span class='ocr_line' id='line_1_28' title="bbox 77 2661 1654 2734; baseline 0.004 -21"><span class='ocrx_word' id='word_1_193' title='bbox 77 2665 100 2713; x_wconf 75' lang='grc' dir='ltr'>ὁ</span> <span class='ocrx_word' id='word_1_194' title='bbox 146 2664 341 2734; x_wconf 75' lang='grc' dir='ltr'>ἐχθρὸς</span> <span class='ocrx_word' id='word_1_195' title='bbox 403 2664 523 2726; x_wconf 84' lang='grc' dir='ltr'>τοῖς</span> <span class='ocrx_word' id='word_1_196' title='bbox 581 2661 847 2726; x_wconf 83' lang='grc' dir='ltr'>ἐναντίοις</span> <span class='ocrx_word' id='word_1_197' title='bbox 910 2661 1242 2733; x_wconf 83' lang='grc' dir='ltr'>περιπεσὼν,</span> <span class='ocrx_word' id='word_1_198' title='bbox 1293 2662 1328 2733; x_wconf 81' lang='grc' dir='ltr'><strong>ἢ</strong></span> <span class='ocrx_word' id='word_1_199' title='bbox 1383 2663 1654 2720; x_wconf 87' lang='grc' dir='ltr'>ἐϐούλετο.</span> 
     </span>
    </p>
   </div>
   <div class='ocr_carea' id='block_1_29' title="bbox 82 2753 1659 2828">
    <p class='ocr_par' dir='ltr' id='par_1_29' title="bbox 82 2753 1659 2828">
     <span class='ocr_line' id='line_1_29' title="bbox 82 2753 1659 2828; baseline 0 -20"><span class='ocrx_word' id='word_1_200' title='bbox 82 2759 264 2819; x_wconf 82' lang='grc' dir='ltr'>Ὀσους</span> <span class='ocrx_word' id='word_1_201' title='bbox 294 2754 410 2825; x_wconf 75' lang='grc' dir='ltr'><strong>γάρ</strong></span> <span class='ocrx_word' id='word_1_202' title='bbox 442 2754 678 2824; x_wconf 76' lang='grc' dir='ltr'>ἔσφαξεν</span> <span class='ocrx_word' id='word_1_203' title='bbox 715 2755 1172 2828; x_wconf 80' lang='grc' dir='ltr'>μαρτυρήσαντας</span> <span class='ocrx_word' id='word_1_204' title='bbox 1193 2795 1208 2815; x_wconf 85' lang='grc'><strong>,</strong></span> <span class='ocrx_word' id='word_1_205' title='bbox 1239 2753 1530 2819; x_wconf 85' lang='grc' dir='ltr'>τοσούτους</span> <span class='ocrx_word' id='word_1_206' title='bbox 1563 2755 1659 2809; x_wconf 82' lang='grc' dir='ltr'>ἀν-</span> 
     </span>
    </p>
   </div>
   <div class='ocr_carea' id='block_1_30' title="bbox 80 2845 1658 2920">
    <p class='ocr_par' dir='ltr' id='par_1_30' title="bbox 80 2845 1658 2920">
     <span class='ocr_line' id='line_1_30' title="bbox 80 2845 1658 2920; baseline 0 -20"><span class='ocrx_word' id='word_1_207' title='bbox 80 2848 302 2918; x_wconf 74' lang='grc' dir='ltr'>θρώπων</span> <span class='ocrx_word' id='word_1_208' title='bbox 345 2847 583 2920; x_wconf 78' lang='grc' dir='ltr'>βοηθοὺς</span> <span class='ocrx_word' id='word_1_209' title='bbox 630 2846 1064 2917; x_wconf 82' lang='grc' dir='ltr'>παρεσκεύασεν.</span> <span class='ocrx_word' id='word_1_210' title='bbox 1116 2845 1226 2900; x_wconf 77' lang='grc' dir='ltr'><strong>Καὶ</strong></span> <span class='ocrx_word' id='word_1_211' title='bbox 1266 2846 1360 2899; x_wconf 60' lang='grc' dir='ltr'><strong>ἐπὶ⁸</strong></span> <span class='ocrx_word' id='word_1_212' title='bbox 1393 2847 1576 2918; x_wconf 83' lang='grc' dir='ltr'>πάσης</span> <span class='ocrx_word' id='word_1_213' title='bbox 1601 2846 1658 2900; x_wconf 81' lang='grc' dir='ltr'>δὲ</span> 
     </span>
    </p>
   </div>
   <div class='ocr_carea' id='block_1_31' title="bbox 81 2938 1660 3012">
    <p class='ocr_par' dir='ltr' id='par_1_31' title="bbox 81 2938 1660 3012">
     <span class='ocr_line' id='line_1_31' title="bbox 81 2938 1660 3012; baseline 0.003 -22"><span class='ocrx_word' id='word_1_214' title='bbox 81 2939 318 3009; x_wconf 76' lang='grc' dir='ltr'>πράξεως</span> <span class='ocrx_word' id='word_1_215' title='bbox 345 2939 512 2992; x_wconf 86' lang='grc' dir='ltr'>τοῦτο</span> <span class='ocrx_word' id='word_1_216' title='bbox 539 2938 768 3009; x_wconf 81' lang='grc' dir='ltr'>πάσχων</span> <span class='ocrx_word' id='word_1_217' title='bbox 806 2939 1118 3011; x_wconf 85' lang='grc' dir='ltr'>εὑρίσκεται</span> <span class='ocrx_word' id='word_1_218' title='bbox 1141 2957 1154 2970; x_wconf 75' lang='grc' dir='ltr'><strong>ο</strong></span> <span class='ocrx_word' id='word_1_219' title='bbox 1188 2939 1312 2993; x_wconf 82' lang='grc' dir='ltr'>ὅθεν</span> <span class='ocrx_word' id='word_1_220' title='bbox 1347 2941 1660 3012; x_wconf 77' lang='grc' dir='ltr'>ἐμποδίζειν</span> 
     </span>
    </p>
   </div>
   <div class='ocr_carea' id='block_1_32' title="bbox 81 3027 1657 3101">
    <p class='ocr_par' dir='ltr' id='par_1_32' title="bbox 81 3027 1657 3101">
     <span class='ocr_line' id='line_1_32' title="bbox 81 3027 1657 3101; baseline 0.002 -20"><span class='ocrx_word' id='word_1_221' title='bbox 81 3031 237 3083; x_wconf 66' lang='lat' dir='ltr'><strong>sistat</strong></span> <span class='ocrx_word' id='word_1_222' title='bbox 281 3031 387 3101; x_wconf 70' lang='grc' dir='ltr'>τὴν</span> <span class='ocrx_word' id='word_1_223' title='bbox 439 3028 748 3094; x_wconf 88' lang='grc' dir='ltr'>εὐσέϐειαν,</span> <span class='ocrx_word' id='word_1_224' title='bbox 797 3027 1198 3094; x_wconf 81' lang='grc' dir='ltr'>κατασκευάζει</span> <span class='ocrx_word' id='word_1_225' title='bbox 1241 3030 1339 3101; x_wconf 80' lang='grc' dir='ltr'>τῆς</span> <span class='ocrx_word' id='word_1_226' title='bbox 1375 3030 1657 3095; x_wconf 86' lang='grc' dir='ltr'>εὐσεϐείας</span> 
     </span>
    </p>
   </div>
   <div class='ocr_carea' id='block_1_33' title="bbox 1755 467 3328 539">
    <p class='ocr_par' dir='ltr' id='par_1_33' title="bbox 1755 467 3328 539">
     <span class='ocr_line' id='line_1_33' title="bbox 1755 467 3328 539; baseline 0.001 -14"><span class='ocrx_word' id='word_1_227' title='bbox 1755 487 1824 526; x_wconf 91' lang='lat' dir='ltr'><strong>ne</strong></span> <span class='ocrx_word' id='word_1_228' title='bbox 1856 471 1999 524; x_wconf 91' lang='lat' dir='ltr'><strong>diem</strong></span> <span class='ocrx_word' id='word_1_229' title='bbox 2049 471 2266 538; x_wconf 86' lang='lat' dir='ltr'><strong>quidem</strong></span> <span class='ocrx_word' id='word_1_230' title='bbox 2314 468 2368 522; x_wconf 90' lang='lat' dir='ltr'><strong>in</strong></span> <span class='ocrx_word' id='word_1_231' title='bbox 2417 481 2560 522; x_wconf 88' lang='lat' dir='ltr'><strong>anno</strong></span> <span class='ocrx_word' id='word_1_232' title='bbox 2603 483 2710 521; x_wconf 86' lang='lat' dir='ltr'><strong>non</strong></span> <span class='ocrx_word' id='word_1_233' title='bbox 2763 467 2960 523; x_wconf 85' lang='lat' dir='ltr'><strong>festum</strong></span> <span class='ocrx_word' id='word_1_234' title='bbox 3003 471 3328 539; x_wconf 68' lang='lat' dir='ltr'><strong>praeteriret.</strong></span> 
     </span>
    </p>
   </div>
   <div class='ocr_carea' id='block_1_34' title="bbox 1758 560 3329 631">
    <p class='ocr_par' dir='ltr' id='par_1_34' title="bbox 1758 560 3329 631">
     <span class='ocr_line' id='line_1_34' title="bbox 1758 560 3329 631; baseline -0.001 -11"><span class='ocrx_word' id='word_1_235' title='bbox 1758 562 2008 620; x_wconf 85' lang='lat' dir='ltr'><strong>Universi</strong></span> <span class='ocrx_word' id='word_1_236' title='bbox 2039 561 2240 618; x_wconf 89' lang='lat' dir='ltr'><strong>etenim</strong></span> <span class='ocrx_word' id='word_1_237' title='bbox 2269 561 2429 616; x_wconf 86' lang='lat' dir='ltr'><strong>solari</strong></span> <span class='ocrx_word' id='word_1_238' title='bbox 2463 561 2580 631; x_wconf 92' lang='lat' dir='ltr'><strong>ipso</strong></span> <span class='ocrx_word' id='word_1_239' title='bbox 2601 560 2759 630; x_wconf 93' lang='lat' dir='ltr'><strong>globo</strong></span> <span class='ocrx_word' id='word_1_240' title='bbox 2787 561 3139 618; x_wconf 84' lang='lat' dir='ltr'><strong>illustriorem</strong></span> <span class='ocrx_word' id='word_1_241' title='bbox 3168 581 3329 620; x_wconf 56' lang='lat' dir='ltr'><strong>mun.</strong></span> 
     </span>
    </p>
   </div>
   <div class='ocr_carea' id='block_1_35' title="bbox 1756 652 3336 723">
    <p class='ocr_par' dir='ltr' id='par_1_35' title="bbox 1756 652 3336 723">
     <span class='ocr_line' id='line_1_35' title="bbox 1756 652 3336 723; baseline -0.002 -15"><span class='ocrx_word' id='word_1_242' title='bbox 1756 655 1886 708; x_wconf 87' lang='lat' dir='ltr'><strong>dum</strong></span> <span class='ocrx_word' id='word_1_243' title='bbox 1911 693 1926 718; x_wconf 90' lang='lat'><strong>,</strong></span> <span class='ocrx_word' id='word_1_244' title='bbox 1956 653 2216 723; x_wconf 59' lang='lat' dir='ltr'><strong>praeclara</strong></span> <span class='ocrx_word' id='word_1_245' title='bbox 2263 663 2612 707; x_wconf 81' lang='lat' dir='ltr'><strong>strenuorum</strong></span> <span class='ocrx_word' id='word_1_246' title='bbox 2666 652 2904 707; x_wconf 84' lang='lat' dir='ltr'><strong>virorum</strong></span> <span class='ocrx_word' id='word_1_247' title='bbox 2944 653 3184 710; x_wconf 81' lang='lat' dir='ltr'><strong>facinora</strong></span> <span class='ocrx_word' id='word_1_248' title='bbox 3233 657 3336 712; x_wconf 80' lang='lat' dir='ltr'><strong>ba.</strong></span> 
     </span>
    </p>
   </div>
   <div class='ocr_carea' id='block_1_36' title="bbox 1751 743 3332 814">
    <p class='ocr_par' dir='ltr' id='par_1_36' title="bbox 1751 743 3332 814">
     <span class='ocr_line' id='line_1_36' title="bbox 1751 743 3332 814; baseline 0.003 -15"><span class='ocrx_word' id='word_1_249' title='bbox 1751 745 1900 800; x_wconf 84' lang='lat' dir='ltr'><strong>bent.</strong></span> <span class='ocrx_word' id='word_1_250' title='bbox 1926 744 2062 812; x_wconf 84' lang='lat' dir='ltr'><strong>Quia</strong></span> <span class='ocrx_word' id='word_1_251' title='bbox 2082 747 2224 798; x_wconf 89' lang='lat' dir='ltr'><strong>enim</strong></span> <span class='ocrx_word' id='word_1_252' title='bbox 2258 743 2325 806; x_wconf 90' lang='lat' dir='ltr'><strong>is,</strong></span> <span class='ocrx_word' id='word_1_253' title='bbox 2352 745 2443 814; x_wconf 90' lang='lat' dir='ltr'><strong>qui</strong></span> <span class='ocrx_word' id='word_1_254' title='bbox 2472 745 2627 799; x_wconf 87' lang='lat' dir='ltr'><strong>bonis</strong></span> <span class='ocrx_word' id='word_1_255' title='bbox 2649 747 2990 813; x_wconf 82' lang='lat' dir='ltr'><strong>adversatur,</strong></span> <span class='ocrx_word' id='word_1_256' title='bbox 3014 749 3065 802; x_wconf 87' lang='lat' dir='ltr'><strong>vi</strong></span> <span class='ocrx_word' id='word_1_257' title='bbox 3096 751 3332 804; x_wconf 83' lang='lat' dir='ltr'><strong>maxima</strong></span> 
     </span>
    </p>
   </div>
   <div class='ocr_carea' id='block_1_37' title="bbox 1755 837 3335 910">
    <p class='ocr_par' dir='ltr' id='par_1_37' title="bbox 1755 837 3335 910">
     <span class='ocr_line' id='line_1_37' title="bbox 1755 837 3335 910; baseline 0.003 -18"><span class='ocrx_word' id='word_1_258' title='bbox 1755 837 2184 892; x_wconf 87' lang='lat' dir='ltr'><strong>Christianorum</strong></span> <span class='ocrx_word' id='word_1_259' title='bbox 2236 837 2561 891; x_wconf 85' lang='lat' dir='ltr'><strong>moliebatur</strong></span> <span class='ocrx_word' id='word_1_260' title='bbox 2602 839 2938 906; x_wconf 85' lang='lat' dir='ltr'><strong>pessundare</strong></span> <span class='ocrx_word' id='word_1_261' title='bbox 2987 841 3335 910; x_wconf 88' lang='lat' dir='ltr'><strong>mysterium,</strong></span> 
     </span>
    </p>
   </div>
   <div class='ocr_carea' id='block_1_38' title="bbox 1753 927 3337 1000">
    <p class='ocr_par' dir='ltr' id='par_1_38' title="bbox 1753 927 3337 1000">
     <span class='ocr_line' id='line_1_38' title="bbox 1753 927 3337 1000; baseline 0.005 -20"><span class='ocrx_word' id='word_1_262' title='bbox 1753 928 2145 997; x_wconf 87' lang='lat' dir='ltr'><strong>universosque</strong></span> <span class='ocrx_word' id='word_1_263' title='bbox 2192 927 2490 982; x_wconf 79' lang='lat' dir='ltr'><strong>furfuribus</strong></span> <span class='ocrx_word' id='word_1_264' title='bbox 2537 943 2873 1000; x_wconf 83' lang='lat' dir='ltr'><strong>aspergens,</strong></span> <span class='ocrx_word' id='word_1_265' title='bbox 2905 933 3078 986; x_wconf 86' lang='lat' dir='ltr'><strong>sensis</strong></span> <span class='ocrx_word' id='word_1_266' title='bbox 3111 933 3226 988; x_wconf 86' lang='lat' dir='ltr'><strong>suis</strong></span> <span class='ocrx_word' id='word_1_267' title='bbox 3271 949 3337 988; x_wconf 87' lang='lat' dir='ltr'><strong>ae</strong></span> 
     </span>
    </p>
   </div>
   <div class='ocr_carea' id='block_1_39' title="bbox 1755 1020 3330 1094">
    <p class='ocr_par' dir='ltr' id='par_1_39' title="bbox 1755 1020 3330 1094">
     <span class='ocr_line' id='line_1_39' title="bbox 1755 1020 3330 1094; baseline 0.001 -21"><span class='ocrx_word' id='word_1_268' title='bbox 1755 1020 2039 1076; x_wconf 72' lang='lat' dir='ltr'><strong>affectibus</strong></span> <span class='ocrx_word' id='word_1_269' title='bbox 2089 1022 2320 1076; x_wconf 85' lang='lat' dir='ltr'><strong>obruere</strong></span> <span class='ocrx_word' id='word_1_270' title='bbox 2349 1021 2640 1086; x_wconf 81' lang='lat' dir='ltr'><strong>nitebatur,</strong></span> <span class='ocrx_word' id='word_1_271' title='bbox 2695 1037 2759 1077; x_wconf 90' lang='lat' dir='ltr'><strong>ac</strong></span> <span class='ocrx_word' id='word_1_272' title='bbox 2801 1038 2957 1078; x_wconf 87' lang='lat' dir='ltr'><strong>casso</strong></span> <span class='ocrx_word' id='word_1_273' title='bbox 2995 1025 3196 1094; x_wconf 84' lang='lat' dir='ltr'><strong>labore,</strong></span> <span class='ocrx_word' id='word_1_274' title='bbox 3233 1027 3330 1081; x_wconf 76' lang='lat' dir='ltr'><strong>luti</strong></span> 
     </span>
    </p>
   </div>
   <div class='ocr_carea' id='block_1_40' title="bbox 1753 1111 3336 1183">
    <p class='ocr_par' dir='ltr' id='par_1_40' title="bbox 1753 1111 3336 1183">
     <span class='ocr_line' id='line_1_40' title="bbox 1753 1111 3336 1183; baseline 0.004 -18"><span class='ocrx_word' id='word_1_275' title='bbox 1753 1111 2009 1180; x_wconf 88' lang='lat' dir='ltr'><strong>operibus</strong></span> <span class='ocrx_word' id='word_1_276' title='bbox 2037 1127 2341 1183; x_wconf 90' lang='lat' dir='ltr'><strong>occupare;</strong></span> <span class='ocrx_word' id='word_1_277' title='bbox 2383 1121 2730 1168; x_wconf 86' lang='lat' dir='ltr'><strong>strenuorum</strong></span> <span class='ocrx_word' id='word_1_278' title='bbox 2778 1114 2923 1170; x_wconf 88' lang='lat' dir='ltr'><strong>Deus</strong></span> <span class='ocrx_word' id='word_1_279' title='bbox 2956 1117 3197 1173; x_wconf 89' lang='lat' dir='ltr'><strong>virorum</strong></span> <span class='ocrx_word' id='word_1_280' title='bbox 3242 1135 3336 1174; x_wconf 90' lang='lat' dir='ltr'><strong>co-</strong></span> 
     </span>
    </p>
   </div>
   <div class='ocr_carea' id='block_1_41' title="bbox 1753 1199 3340 1272">
    <p class='ocr_par' dir='ltr' id='par_1_41' title="bbox 1753 1199 3340 1272">
     <span class='ocr_line' id='line_1_41' title="bbox 1753 1199 3340 1272; baseline 0.007 -20"><span class='ocrx_word' id='word_1_281' title='bbox 1753 1199 1898 1268; x_wconf 86' lang='lat' dir='ltr'><strong>piam</strong></span> <span class='ocrx_word' id='word_1_282' title='bbox 1951 1201 2171 1255; x_wconf 90' lang='lat' dir='ltr'><strong>monitis</strong></span> <span class='ocrx_word' id='word_1_283' title='bbox 2222 1203 2536 1269; x_wconf 87' lang='lat' dir='ltr'><strong>instruens,</strong></span> <span class='ocrx_word' id='word_1_284' title='bbox 2570 1211 2734 1272; x_wconf 88' lang='lat' dir='ltr'><strong>atque</strong></span> <span class='ocrx_word' id='word_1_285' title='bbox 2766 1205 2833 1258; x_wconf 91' lang='lat' dir='ltr'><strong>ad</strong></span> <span class='ocrx_word' id='word_1_286' title='bbox 2881 1206 3216 1262; x_wconf 89' lang='lat' dir='ltr'><strong>tolerandum</strong></span> <span class='ocrx_word' id='word_1_287' title='bbox 3271 1226 3340 1263; x_wconf 85' lang='lat' dir='ltr'><strong>ac</strong></span> 
     </span>
    </p>
   </div>
   <div class='ocr_carea' id='block_1_42' title="bbox 1755 1291 3332 1369">
    <p class='ocr_par' dir='ltr' id='par_1_42' title="bbox 1755 1291 3332 1369">
     <span class='ocr_line' id='line_1_42' title="bbox 1755 1291 3332 1369; baseline 0.006 -26"><span class='ocrx_word' id='word_1_288' title='bbox 1755 1291 1979 1346; x_wconf 80' lang='lat' dir='ltr'><strong>virtutis</strong></span> <span class='ocrx_word' id='word_1_289' title='bbox 2000 1291 2267 1347; x_wconf 89' lang='lat' dir='ltr'><strong>edendum</strong></span> <span class='ocrx_word' id='word_1_290' title='bbox 2285 1294 2558 1362; x_wconf 88' lang='lat' dir='ltr'><strong>specimen</strong></span> <span class='ocrx_word' id='word_1_291' title='bbox 2577 1332 2593 1358; x_wconf 93' lang='lat'><strong>,</strong></span> <span class='ocrx_word' id='word_1_292' title='bbox 2624 1294 2878 1350; x_wconf 87' lang='lat' dir='ltr'><strong>erudiens</strong></span> <span class='ocrx_word' id='word_1_293' title='bbox 2904 1297 3332 1369; x_wconf 88' lang='lat' dir='ltr'><strong>informansque,</strong></span> 
     </span>
    </p>
   </div>
   <div class='ocr_carea' id='block_1_43' title="bbox 1756 1380 3334 1459">
    <p class='ocr_par' dir='ltr' id='par_1_43' title="bbox 1756 1380 3334 1459">
     <span class='ocr_line' id='line_1_43' title="bbox 1756 1380 3334 1459; baseline 0.006 -22"><span class='ocrx_word' id='word_1_294' title='bbox 1756 1381 2050 1453; x_wconf 89' lang='lat' dir='ltr'><strong>impudenti</strong></span> <span class='ocrx_word' id='word_1_295' title='bbox 2071 1385 2168 1448; x_wconf 86' lang='lat' dir='ltr'><strong>illi,</strong></span> <span class='ocrx_word' id='word_1_296' title='bbox 2195 1400 2259 1440; x_wconf 89' lang='lat' dir='ltr'><strong>ac</strong></span> <span class='ocrx_word' id='word_1_297' title='bbox 2287 1386 2497 1441; x_wconf 90' lang='lat' dir='ltr'><strong>insidiis</strong></span> <span class='ocrx_word' id='word_1_298' title='bbox 2521 1387 2812 1442; x_wconf 89' lang='lat' dir='ltr'><strong>humanum</strong></span> <span class='ocrx_word' id='word_1_299' title='bbox 2836 1380 3116 1458; x_wconf 65' lang='lat' dir='ltr'><strong>appetenti</strong></span> <span class='ocrx_word' id='word_1_300' title='bbox 3144 1405 3334 1459; x_wconf 81' lang='lat' dir='ltr'><strong>genus,</strong></span> 
     </span>
    </p>
   </div>
   <div class='ocr_carea' id='block_1_44' title="bbox 1756 1475 3339 1545">
    <p class='ocr_par' dir='ltr' id='par_1_44' title="bbox 1756 1475 3339 1545">
     <span class='ocr_line' id='line_1_44' title="bbox 1756 1475 3339 1545; baseline 0.006 -16"><span class='ocrx_word' id='word_1_301' title='bbox 1756 1475 1976 1545; x_wconf 88' lang='lat' dir='ltr'><strong>objecit.</strong></span> <span class='ocrx_word' id='word_1_302' title='bbox 2039 1475 2105 1530; x_wconf 86' lang='lat' dir='ltr'><strong>Hi</strong></span> <span class='ocrx_word' id='word_1_303' title='bbox 2138 1492 2267 1533; x_wconf 88' lang='lat' dir='ltr'><strong>vero</strong></span> <span class='ocrx_word' id='word_1_304' title='bbox 2318 1493 2516 1532; x_wconf 91' lang='lat' dir='ltr'><strong>novum</strong></span> <span class='ocrx_word' id='word_1_305' title='bbox 2551 1479 2918 1545; x_wconf 89' lang='lat' dir='ltr'><strong>desudarunt,</strong></span> <span class='ocrx_word' id='word_1_306' title='bbox 2954 1496 3018 1536; x_wconf 88' lang='lat' dir='ltr'><strong>ac</strong></span> <span class='ocrx_word' id='word_1_307' title='bbox 3048 1483 3182 1538; x_wconf 85' lang='lat' dir='ltr'><strong>nihil</strong></span> <span class='ocrx_word' id='word_1_308' title='bbox 3211 1499 3339 1539; x_wconf 90' lang='lat' dir='ltr'><strong>con-</strong></span> 
     </span>
    </p>
   </div>
   <div class='ocr_carea' id='block_1_45' title="bbox 1759 1567 3342 1644">
    <p class='ocr_par' dir='ltr' id='par_1_45' title="bbox 1759 1567 3342 1644">
     <span class='ocr_line' id='line_1_45' title="bbox 1759 1567 3342 1644; baseline 0.006 -22"><span class='ocrx_word' id='word_1_309' title='bbox 1759 1577 1973 1622; x_wconf 87' lang='lat' dir='ltr'><strong>suetum</strong></span> <span class='ocrx_word' id='word_1_310' title='bbox 2039 1579 2337 1624; x_wconf 87' lang='lat' dir='ltr'><strong>certamen.</strong></span> <span class='ocrx_word' id='word_1_311' title='bbox 2369 1567 2481 1624; x_wconf 87' lang='lat' dir='ltr'><strong>Nec</strong></span> <span class='ocrx_word' id='word_1_312' title='bbox 2509 1571 2654 1625; x_wconf 88' lang='lat' dir='ltr'><strong>enim</strong></span> <span class='ocrx_word' id='word_1_313' title='bbox 2678 1571 2936 1626; x_wconf 71' lang='lat' dir='ltr'><strong>caedendo</strong></span> <span class='ocrx_word' id='word_1_314' title='bbox 2960 1587 3025 1628; x_wconf 89' lang='lat' dir='ltr'><strong>ac</strong></span> <span class='ocrx_word' id='word_1_315' title='bbox 3050 1574 3195 1630; x_wconf 86' lang='lat' dir='ltr'><strong>acies</strong></span> <span class='ocrx_word' id='word_1_316' title='bbox 3225 1591 3342 1644; x_wconf 59' lang='lat' dir='ltr'><strong>per</strong></span> 
     </span>
    </p>
   </div>
   <div class='ocr_carea' id='block_1_46' title="bbox 1757 1655 3340 1737">
    <p class='ocr_par' dir='ltr' id='par_1_46' title="bbox 1757 1655 3340 1737">
     <span class='ocr_line' id='line_1_46' title="bbox 1757 1655 3340 1737; baseline 0.006 -27"><span class='ocrx_word' id='word_1_317' title='bbox 1757 1655 2044 1728; x_wconf 81' lang='lat' dir='ltr'><strong>fringendo</strong></span> <span class='ocrx_word' id='word_1_318' title='bbox 2074 1660 2307 1714; x_wconf 84' lang='lat' dir='ltr'><strong>victores</strong></span> <span class='ocrx_word' id='word_1_319' title='bbox 2349 1661 2682 1717; x_wconf 79' lang='lat' dir='ltr'><strong>exstiterunt</strong></span> <span class='ocrx_word' id='word_1_320' title='bbox 2705 1703 2721 1730; x_wconf 89' lang='lat'><strong>,</strong></span> <span class='ocrx_word' id='word_1_321' title='bbox 2758 1663 2854 1718; x_wconf 85' lang='lat' dir='ltr'><strong>sed</strong></span> <span class='ocrx_word' id='word_1_322' title='bbox 2887 1667 3140 1733; x_wconf 88' lang='lat' dir='ltr'><strong>patiendo</strong></span> <span class='ocrx_word' id='word_1_323' title='bbox 3177 1674 3340 1737; x_wconf 86' lang='lat' dir='ltr'><strong>atque</strong></span> 
     </span>
    </p>
   </div>
   <div class='ocr_carea' id='block_1_47' title="bbox 1681 1750 2535 1812">
    <p class='ocr_par' dir='ltr' id='par_1_47' title="bbox 1681 1750 2535 1812">
     <span class='ocr_line' id='line_1_47' title="bbox 1681 1750 2535 1812; baseline 0.005 -10"><span class='ocrx_word' id='word_1_324' title='bbox 1681 1757 1725 1812; x_wconf 82' lang='grc' dir='ltr'>Β</span> <span class='ocrx_word' id='word_1_325' title='bbox 1754 1750 1919 1804; x_wconf 86' lang='lat' dir='ltr'><strong>occisi</strong></span> <span class='ocrx_word' id='word_1_326' title='bbox 1955 1759 2176 1806; x_wconf 88' lang='lat' dir='ltr'><strong>strenue</strong></span> <span class='ocrx_word' id='word_1_327' title='bbox 2209 1752 2535 1806; x_wconf 86' lang='lat' dir='ltr'><strong>habuerunt.</strong></span> 
     </span>
    </p>
   </div>
   <div class='ocr_carea' id='block_1_48' title="bbox 1827 1840 3344 1916">
    <p class='ocr_par' dir='ltr' id='par_1_48' title="bbox 1827 1840 3344 1916">
     <span class='ocr_line' id='line_1_48' title="bbox 1827 1840 3344 1916; baseline 0.005 -21"><span class='ocrx_word' id='word_1_328' title='bbox 1827 1840 2010 1908; x_wconf 61' lang='lat' dir='ltr'><strong>Dialis</strong></span> <span class='ocrx_word' id='word_1_329' title='bbox 2033 1857 2182 1907; x_wconf 79' lang='lat' dir='ltr'><strong>vero,</strong></span> <span class='ocrx_word' id='word_1_330' title='bbox 2214 1844 2447 1913; x_wconf 89' lang='lat' dir='ltr'><strong>inquies,</strong></span> <span class='ocrx_word' id='word_1_331' title='bbox 2480 1844 2712 1909; x_wconf 88' lang='lat' dir='ltr'><strong>auditor,</strong></span> <span class='ocrx_word' id='word_1_332' title='bbox 2743 1845 3146 1902; x_wconf 87' lang='lat' dir='ltr'><strong>bellivictoria?</strong></span> <span class='ocrx_word' id='word_1_333' title='bbox 3171 1848 3344 1916; x_wconf 42' lang='lat' dir='ltr'><strong>Quod;</strong></span> 
     </span>
    </p>
   </div>
   <div class='ocr_carea' id='block_1_49' title="bbox 1756 1936 3343 2010">
    <p class='ocr_par' dir='ltr' id='par_1_49' title="bbox 1756 1936 3343 2010">
     <span class='ocr_line' id='line_1_49' title="bbox 1756 1936 3343 2010; baseline 0.005 -24"><span class='ocrx_word' id='word_1_334' title='bbox 1756 1947 1883 1986; x_wconf 78' lang='lat' dir='ltr'><strong>nam</strong></span> <span class='ocrx_word' id='word_1_335' title='bbox 1914 1943 2088 1989; x_wconf 89' lang='lat' dir='ltr'><strong>autem</strong></span> <span class='ocrx_word' id='word_1_336' title='bbox 2141 1950 2312 2005; x_wconf 79' lang='lat' dir='ltr'><strong>genus</strong></span> <span class='ocrx_word' id='word_1_337' title='bbox 2341 1936 2469 1992; x_wconf 90' lang='lat' dir='ltr'><strong>illud</strong></span> <span class='ocrx_word' id='word_1_338' title='bbox 2520 1938 2796 2003; x_wconf 79' lang='lat' dir='ltr'><strong>facinoris,</strong></span> <span class='ocrx_word' id='word_1_339' title='bbox 2825 1951 2879 1992; x_wconf 89' lang='lat' dir='ltr'><strong>ut</strong></span> <span class='ocrx_word' id='word_1_340' title='bbox 2913 1942 3194 1995; x_wconf 86' lang='lat' dir='ltr'><strong>tormentis</strong></span> <span class='ocrx_word' id='word_1_341' title='bbox 3221 1942 3343 2010; x_wconf 91' lang='lat' dir='ltr'><strong>quis</strong></span> 
     </span>
    </p>
   </div>
   <div class='ocr_carea' id='block_1_50' title="bbox 1757 2024 3338 2098">
    <p class='ocr_par' dir='ltr' id='par_1_50' title="bbox 1757 2024 3338 2098">
     <span class='ocr_line' id='line_1_50' title="bbox 1757 2024 3338 2098; baseline 0.005 -23"><span class='ocrx_word' id='word_1_342' title='bbox 1757 2037 1822 2076; x_wconf 89' lang='lat' dir='ltr'><strong>ac</strong></span> <span class='ocrx_word' id='word_1_343' title='bbox 1849 2024 2164 2078; x_wconf 84' lang='lat' dir='ltr'><strong>verberibus</strong></span> <span class='ocrx_word' id='word_1_344' title='bbox 2209 2024 2562 2093; x_wconf 81' lang='lat' dir='ltr'><strong>subjiciatur;</strong></span> <span class='ocrx_word' id='word_1_345' title='bbox 2602 2028 2668 2081; x_wconf 88' lang='lat' dir='ltr'><strong>ad</strong></span> <span class='ocrx_word' id='word_1_346' title='bbox 2717 2028 2830 2082; x_wconf 66' lang='lat' dir='ltr'><strong>haec</strong></span> <span class='ocrx_word' id='word_1_347' title='bbox 2864 2036 3070 2092; x_wconf 91' lang='lat' dir='ltr'><strong>autem,</strong></span> <span class='ocrx_word' id='word_1_348' title='bbox 3103 2037 3161 2082; x_wconf 91' lang='lat' dir='ltr'><strong>ut</strong></span> <span class='ocrx_word' id='word_1_349' title='bbox 3192 2029 3338 2098; x_wconf 83' lang='lat' dir='ltr'><strong>igni,</strong></span> 
     </span>
    </p>
   </div>
   <div class='ocr_carea' id='block_1_51' title="bbox 1756 2112 3334 2183">
    <p class='ocr_par' dir='ltr' id='par_1_51' title="bbox 1756 2112 3334 2183">
     <span class='ocr_line' id='line_1_51' title="bbox 1756 2112 3334 2183; baseline 0.008 -19"><span class='ocrx_word' id='word_1_350' title='bbox 1756 2112 1839 2168; x_wconf 86' lang='lat' dir='ltr'><strong>vel</strong></span> <span class='ocrx_word' id='word_1_351' title='bbox 1865 2112 2065 2183; x_wconf 86' lang='lat' dir='ltr'><strong>gladio,</strong></span> <span class='ocrx_word' id='word_1_352' title='bbox 2100 2125 2193 2168; x_wconf 88' lang='lat' dir='ltr'><strong>aut</strong></span> <span class='ocrx_word' id='word_1_353' title='bbox 2257 2117 2494 2171; x_wconf 87' lang='lat' dir='ltr'><strong>carceris</strong></span> <span class='ocrx_word' id='word_1_354' title='bbox 2534 2120 2898 2174; x_wconf 84' lang='lat' dir='ltr'><strong>maceratione</strong></span> <span class='ocrx_word' id='word_1_355' title='bbox 2939 2120 3091 2173; x_wconf 86' lang='lat' dir='ltr'><strong>finiat</strong></span> <span class='ocrx_word' id='word_1_356' title='bbox 3122 2123 3334 2177; x_wconf 76' lang='lat' dir='ltr'><strong>vitam?</strong></span> 
     </span>
    </p>
   </div>
   <div class='ocr_carea' id='block_1_52' title="bbox 1757 2201 3327 2284">
    <p class='ocr_par' dir='ltr' id='par_1_52' title="bbox 1757 2201 3327 2284">
     <span class='ocr_line' id='line_1_52' title="bbox 1757 2201 3327 2284; baseline 0.008 -27"><span class='ocrx_word' id='word_1_357' title='bbox 1757 2201 1954 2259; x_wconf 84' lang='lat' dir='ltr'><strong>Verum</strong></span> <span class='ocrx_word' id='word_1_358' title='bbox 1984 2206 2220 2268; x_wconf 89' lang='lat' dir='ltr'><strong>noveris,</strong></span> <span class='ocrx_word' id='word_1_359' title='bbox 2258 2221 2379 2276; x_wconf 62' lang='lat' dir='ltr'><strong>quas</strong></span> <span class='ocrx_word' id='word_1_360' title='bbox 2409 2207 2549 2263; x_wconf 88' lang='lat' dir='ltr'><strong>bella</strong></span> <span class='ocrx_word' id='word_1_361' title='bbox 2585 2210 2912 2280; x_wconf 82' lang='lat' dir='ltr'><strong>suscipimus</strong></span> <span class='ocrx_word' id='word_1_362' title='bbox 2933 2211 3152 2281; x_wconf 88' lang='lat' dir='ltr'><strong>pietatis</strong></span> <span class='ocrx_word' id='word_1_363' title='bbox 3175 2229 3327 2284; x_wconf 80' lang='lat' dir='ltr'><strong>ergo,</strong></span> 
     </span>
    </p>
   </div>
   <div class='ocr_carea' id='block_1_53' title="bbox 1757 2297 3333 2369">
    <p class='ocr_par' dir='ltr' id='par_1_53' title="bbox 1757 2297 3333 2369">
     <span class='ocr_line' id='line_1_53' title="bbox 1757 2297 3333 2369; baseline 0.005 -17"><span class='ocrx_word' id='word_1_364' title='bbox 1757 2312 1917 2352; x_wconf 81' lang='lat' dir='ltr'><strong>secus</strong></span> <span class='ocrx_word' id='word_1_365' title='bbox 1953 2297 2067 2367; x_wconf 86' lang='lat' dir='ltr'><strong>geri</strong></span> <span class='ocrx_word' id='word_1_366' title='bbox 2099 2307 2263 2366; x_wconf 87' lang='lat' dir='ltr'><strong>atque</strong></span> <span class='ocrx_word' id='word_1_367' title='bbox 2315 2297 2440 2354; x_wconf 89' lang='lat' dir='ltr'><strong>alia.</strong></span> <span class='ocrx_word' id='word_1_368' title='bbox 2473 2298 2607 2354; x_wconf 82' lang='lat' dir='ltr'><strong>Nam</strong></span> <span class='ocrx_word' id='word_1_369' title='bbox 2660 2299 2763 2354; x_wconf 89' lang='lat' dir='ltr'><strong>alia</strong></span> <span class='ocrx_word' id='word_1_370' title='bbox 2799 2301 3015 2369; x_wconf 90' lang='lat' dir='ltr'><strong>quidem</strong></span> <span class='ocrx_word' id='word_1_371' title='bbox 3060 2303 3247 2369; x_wconf 74' lang='lat' dir='ltr'><strong>bella.</strong></span> <span class='ocrx_word' id='word_1_372' title='bbox 3278 2307 3333 2360; x_wconf 91' lang='lat' dir='ltr'><strong>in</strong></span> 
     </span>
    </p>
   </div>
   <div class='ocr_carea' id='block_1_54' title="bbox 1757 2391 3338 2465">
    <p class='ocr_par' dir='ltr' id='par_1_54' title="bbox 1757 2391 3338 2465">
     <span class='ocr_line' id='line_1_54' title="bbox 1757 2391 3338 2465; baseline 0.002 -20"><span class='ocrx_word' id='word_1_373' title='bbox 1757 2391 1996 2446; x_wconf 68' lang='lat' dir='ltr'><strong>caedibus</strong></span> <span class='ocrx_word' id='word_1_374' title='bbox 2042 2405 2105 2444; x_wconf 89' lang='lat' dir='ltr'><strong>ac</strong></span> <span class='ocrx_word' id='word_1_375' title='bbox 2154 2401 2336 2460; x_wconf 89' lang='lat' dir='ltr'><strong>strage</strong></span> <span class='ocrx_word' id='word_1_376' title='bbox 2371 2392 2641 2456; x_wconf 86' lang='lat' dir='ltr'><strong>hostium,</strong></span> <span class='ocrx_word' id='word_1_377' title='bbox 2687 2393 3016 2449; x_wconf 84' lang='lat' dir='ltr'><strong>fortitudinis</strong></span> <span class='ocrx_word' id='word_1_378' title='bbox 3057 2397 3338 2465; x_wconf 87' lang='lat' dir='ltr'><strong>specimen</strong></span> 
     </span>
    </p>
   </div>
   <div class='ocr_carea' id='block_1_55' title="bbox 1759 2482 3346 2555">
    <p class='ocr_par' dir='ltr' id='par_1_55' title="bbox 1759 2482 3346 2555">
     <span class='ocr_line' id='line_1_55' title="bbox 1759 2482 3346 2555; baseline 0.003 -18"><span class='ocrx_word' id='word_1_379' title='bbox 1759 2483 1999 2548; x_wconf 86' lang='lat' dir='ltr'><strong>habent;</strong></span> <span class='ocrx_word' id='word_1_380' title='bbox 2035 2482 2152 2537; x_wconf 71' lang='lat' dir='ltr'><strong>haec</strong></span> <span class='ocrx_word' id='word_1_381' title='bbox 2182 2493 2362 2538; x_wconf 89' lang='lat' dir='ltr'><strong>autem</strong></span> <span class='ocrx_word' id='word_1_382' title='bbox 2433 2485 2761 2540; x_wconf 88' lang='lat' dir='ltr'><strong>certantium</strong></span> <span class='ocrx_word' id='word_1_383' title='bbox 2793 2487 3045 2555; x_wconf 85' lang='lat' dir='ltr'><strong>passione</strong></span> <span class='ocrx_word' id='word_1_384' title='bbox 3076 2503 3141 2542; x_wconf 89' lang='lat' dir='ltr'><strong>ac</strong></span> <span class='ocrx_word' id='word_1_385' title='bbox 3173 2499 3346 2544; x_wconf 81' lang='lat' dir='ltr'><strong>morte</strong></span> 
     </span>
    </p>
   </div>
   <div class='ocr_carea' id='block_1_56' title="bbox 1757 2573 3340 2647">
    <p class='ocr_par' dir='ltr' id='par_1_56' title="bbox 1757 2573 3340 2647">
     <span class='ocr_line' id='line_1_56' title="bbox 1757 2573 3340 2647; baseline 0.004 -22"><span class='ocrx_word' id='word_1_386' title='bbox 1757 2573 2038 2629; x_wconf 85' lang='lat' dir='ltr'><strong>victoriam</strong></span> <span class='ocrx_word' id='word_1_387' title='bbox 2070 2575 2308 2643; x_wconf 87' lang='lat' dir='ltr'><strong>pariunt.</strong></span> <span class='ocrx_word' id='word_1_388' title='bbox 2339 2574 2510 2630; x_wconf 90' lang='lat' dir='ltr'><strong>Porro</strong></span> <span class='ocrx_word' id='word_1_389' title='bbox 2539 2575 2713 2630; x_wconf 86' lang='lat' dir='ltr'><strong>sancti</strong></span> <span class='ocrx_word' id='word_1_390' title='bbox 2737 2616 2752 2638; x_wconf 88' lang='lat'><strong>,</strong></span> <span class='ocrx_word' id='word_1_391' title='bbox 2781 2591 2881 2644; x_wconf 84' lang='lat' dir='ltr'><strong>pro</strong></span> <span class='ocrx_word' id='word_1_392' title='bbox 2910 2592 2973 2632; x_wconf 88' lang='lat' dir='ltr'><strong>ea</strong></span> <span class='ocrx_word' id='word_1_393' title='bbox 3000 2593 3105 2647; x_wconf 90' lang='lat' dir='ltr'><strong>qua</strong></span> <span class='ocrx_word' id='word_1_394' title='bbox 3136 2579 3340 2647; x_wconf 85' lang='lat' dir='ltr'><strong>pollent</strong></span> 
     </span>
    </p>
   </div>
   <div class='ocr_carea' id='block_1_57' title="bbox 1764 2667 3346 2742">
    <p class='ocr_par' dir='ltr' id='par_1_57' title="bbox 1764 2667 3346 2742">
     <span class='ocr_line' id='line_1_57' title="bbox 1764 2667 3346 2742; baseline 0.001 -21"><span class='ocrx_word' id='word_1_395' title='bbox 1764 2667 1986 2735; x_wconf 86' lang='lat' dir='ltr'><strong>fiducia,</strong></span> <span class='ocrx_word' id='word_1_396' title='bbox 2022 2669 2206 2723; x_wconf 89' lang='lat' dir='ltr'><strong>nnmdi</strong></span> <span class='ocrx_word' id='word_1_397' title='bbox 2243 2669 2632 2725; x_wconf 88' lang='lat' dir='ltr'><strong>intercessores</strong></span> <span class='ocrx_word' id='word_1_398' title='bbox 2661 2669 2954 2738; x_wconf 82' lang='lat' dir='ltr'><strong>exsistunt,</strong></span> <span class='ocrx_word' id='word_1_399' title='bbox 2988 2673 3346 2742; x_wconf 63' lang='lat' dir='ltr'><strong>nesciensqne</strong></span> 
     </span>
    </p>
   </div>
   <div class='ocr_carea' id='block_1_58' title="bbox 1761 2760 3340 2832">
    <p class='ocr_par' dir='ltr' id='par_1_58' title="bbox 1761 2760 3340 2832">
     <span class='ocr_line' id='line_1_58' title="bbox 1761 2760 3340 2832; baseline 0.003 -18"><span class='ocrx_word' id='word_1_400' title='bbox 1761 2760 1935 2816; x_wconf 88' lang='lat' dir='ltr'><strong>hostis</strong></span> <span class='ocrx_word' id='word_1_401' title='bbox 1960 2801 1976 2826; x_wconf 93' lang='lat'><strong>,</strong></span> <span class='ocrx_word' id='word_1_402' title='bbox 2010 2761 2062 2814; x_wconf 92' lang='lat' dir='ltr'><strong>in</strong></span> <span class='ocrx_word' id='word_1_403' title='bbox 2093 2775 2282 2816; x_wconf 88' lang='lat' dir='ltr'><strong>eorum</strong></span> <span class='ocrx_word' id='word_1_404' title='bbox 2309 2776 2430 2830; x_wconf 68' lang='lat' dir='ltr'><strong>qua:</strong></span> <span class='ocrx_word' id='word_1_405' title='bbox 2471 2761 2706 2817; x_wconf 88' lang='lat' dir='ltr'><strong>habebat</strong></span> <span class='ocrx_word' id='word_1_406' title='bbox 2732 2764 3027 2832; x_wconf 89' lang='lat' dir='ltr'><strong>proposita,</strong></span> <span class='ocrx_word' id='word_1_407' title='bbox 3061 2767 3340 2819; x_wconf 80' lang='lat' dir='ltr'><strong>contraria</strong></span> 
     </span>
    </p>
   </div>
   <div class='ocr_carea' id='block_1_59' title="bbox 1761 2849 3346 2923">
    <p class='ocr_par' dir='ltr' id='par_1_59' title="bbox 1761 2849 3346 2923">
     <span class='ocr_line' id='line_1_59' title="bbox 1761 2849 3346 2923; baseline 0.003 -20"><span class='ocrx_word' id='word_1_408' title='bbox 1761 2849 1968 2906; x_wconf 91' lang='lat' dir='ltr'><strong>incidit.</strong></span> <span class='ocrx_word' id='word_1_409' title='bbox 2001 2850 2144 2918; x_wconf 82' lang='lat' dir='ltr'><strong>Quot</strong></span> <span class='ocrx_word' id='word_1_410' title='bbox 2176 2852 2319 2907; x_wconf 90' lang='lat' dir='ltr'><strong>enim</strong></span> <span class='ocrx_word' id='word_1_411' title='bbox 2353 2851 2618 2923; x_wconf 88' lang='lat' dir='ltr'><strong>martyrio</strong></span> <span class='ocrx_word' id='word_1_412' title='bbox 2645 2853 2961 2915; x_wconf 79' lang='lat' dir='ltr'><strong>perfunctos</strong></span> <span class='ocrx_word' id='word_1_413' title='bbox 2997 2855 3236 2921; x_wconf 91' lang='lat' dir='ltr'><strong>occidit,</strong></span> <span class='ocrx_word' id='word_1_414' title='bbox 3268 2865 3346 2909; x_wconf 75' lang='lat' dir='ltr'><strong>to:</strong></span> 
     </span>
    </p>
   </div>
   <div class='ocr_carea' id='block_1_60' title="bbox 1761 2941 3345 3014">
    <p class='ocr_par' dir='ltr' id='par_1_60' title="bbox 1761 2941 3345 3014">
     <span class='ocr_line' id='line_1_60' title="bbox 1761 2941 3345 3014; baseline 0.001 -17"><span class='ocrx_word' id='word_1_415' title='bbox 1761 2943 2040 2998; x_wconf 86' lang='lat' dir='ltr'><strong>hominum</strong></span> <span class='ocrx_word' id='word_1_416' title='bbox 2095 2944 2372 3012; x_wconf 85' lang='lat' dir='ltr'><strong>adjutores</strong></span> <span class='ocrx_word' id='word_1_417' title='bbox 2417 2943 2565 2999; x_wconf 87' lang='lat' dir='ltr'><strong>fecit.</strong></span> <span class='ocrx_word' id='word_1_418' title='bbox 2621 2941 2944 3014; x_wconf 83' lang='lat' dir='ltr'><strong>Videasque,</strong></span> <span class='ocrx_word' id='word_1_419' title='bbox 2987 2945 3040 2998; x_wconf 91' lang='lat' dir='ltr'><strong>in</strong></span> <span class='ocrx_word' id='word_1_420' title='bbox 3089 2946 3345 3000; x_wconf 79' lang='lat' dir='ltr'><strong>omnibus</strong></span> 
     </span>
    </p>
   </div>
   <div class='ocr_carea' id='block_1_61' title="bbox 1761 3035 3346 3106">
    <p class='ocr_par' dir='ltr' id='par_1_61' title="bbox 1761 3035 3346 3106">
     <span class='ocr_line' id='line_1_61' title="bbox 1761 3035 3346 3106; baseline 0.001 -16"><span class='ocrx_word' id='word_1_421' title='bbox 1761 3051 1880 3106; x_wconf 71' lang='lat' dir='ltr'><strong>qua:</strong></span> <span class='ocrx_word' id='word_1_422' title='bbox 1909 3036 2246 3106; x_wconf 81' lang='lat' dir='ltr'><strong>designavit,</strong></span> <span class='ocrx_word' id='word_1_423' title='bbox 2280 3035 2381 3090; x_wconf 88' lang='lat' dir='ltr'><strong>hoc</strong></span> <span class='ocrx_word' id='word_1_424' title='bbox 2414 3036 2589 3105; x_wconf 92' lang='lat' dir='ltr'><strong>ipsum</strong></span> <span class='ocrx_word' id='word_1_425' title='bbox 2626 3051 2844 3106; x_wconf 84' lang='lat' dir='ltr'><strong>passum</strong></span> <span class='ocrx_word' id='word_1_426' title='bbox 2887 3052 3025 3092; x_wconf 90' lang='lat' dir='ltr'><strong>esse.</strong></span> <span class='ocrx_word' id='word_1_427' title='bbox 3064 3037 3219 3094; x_wconf 88' lang='lat' dir='ltr'><strong>Unde</strong></span> <span class='ocrx_word' id='word_1_428' title='bbox 3245 3052 3346 3106; x_wconf 79' lang='lat' dir='ltr'><strong>pu-</strong></span> 
     </span>
    </p>
   </div>
   <div class='ocr_carea' id='block_1_62' title="bbox 82 3110 1654 3196">
    <p class='ocr_par' dir='ltr' id='par_1_62' title="bbox 82 3119 1654 3192">
     <span class='ocr_line' id='line_1_62' title="bbox 82 3119 1654 3192; baseline 0.002 -21"><span class='ocrx_word' id='word_1_429' title='bbox 82 3122 169 3191; x_wconf 73' lang='grc' dir='ltr'>τὴν</span> <span class='ocrx_word' id='word_1_430' title='bbox 198 3121 451 3192; x_wconf 73' lang='grc' dir='ltr'>αὔξησιν.</span> <span class='ocrx_word' id='word_1_431' title='bbox 491 3119 583 3191; x_wconf 82' lang='grc' dir='ltr'><strong>Τῷ</strong></span> <span class='ocrx_word' id='word_1_432' title='bbox 618 3120 728 3192; x_wconf 88' lang='grc' dir='ltr'><strong>γάρ</strong></span> <span class='ocrx_word' id='word_1_433' title='bbox 764 3119 933 3192; x_wconf 84' lang='grc' dir='ltr'>μωρῷ</span> <span class='ocrx_word' id='word_1_434' title='bbox 961 3121 1057 3175; x_wconf 80' lang='grc' dir='ltr'><strong>καὶ</strong></span> <span class='ocrx_word' id='word_1_435' title='bbox 1086 3121 1300 3192; x_wconf 82' lang='grc' dir='ltr'>ἄφρονι,</span> <span class='ocrx_word' id='word_1_436' title='bbox 1331 3123 1410 3185; x_wconf 85' lang='grc' dir='ltr'><strong>είς</strong></span> <span class='ocrx_word' id='word_1_437' title='bbox 1435 3123 1654 3175; x_wconf 90' lang='grc' dir='ltr'>τούναν-</span> 
     </span>
    </p>
   </div>
   <div class='ocr_carea' id='block_1_63' title="bbox 1764 3110 3351 3196">
    <p class='ocr_par' dir='ltr' id='par_1_63' title="bbox 1764 3125 3351 3196">
     <span class='ocr_line' id='line_1_63' title="bbox 1764 3125 3351 3196; baseline 0.001 -16"><span class='ocrx_word' id='word_1_438' title='bbox 1764 3136 1840 3181; x_wconf 89' lang='lat' dir='ltr'><strong>tat</strong></span> <span class='ocrx_word' id='word_1_439' title='bbox 1888 3126 2075 3196; x_wconf 87' lang='lat' dir='ltr'><strong>pietati</strong></span> <span class='ocrx_word' id='word_1_440' title='bbox 2115 3141 2175 3181; x_wconf 89' lang='lat' dir='ltr'><strong>se</strong></span> <span class='ocrx_word' id='word_1_441' title='bbox 2214 3125 2655 3195; x_wconf 88' lang='lat' dir='ltr'><strong>impedimentum</strong></span> <span class='ocrx_word' id='word_1_442' title='bbox 2681 3127 3011 3189; x_wconf 82' lang='lat' dir='ltr'><strong>allaturum;</strong></span> <span class='ocrx_word' id='word_1_443' title='bbox 3083 3129 3207 3183; x_wconf 90' lang='lat' dir='ltr'><strong>inde</strong></span> <span class='ocrx_word' id='word_1_444' title='bbox 3255 3144 3351 3182; x_wconf 86' lang='lat' dir='ltr'><strong>au-</strong></span> 
     </span>
    </p>
   </div>
   <div class='ocr_carea' id='block_1_64' title="bbox 81 3213 1659 3287">
    <p class='ocr_par' dir='ltr' id='par_1_64' title="bbox 81 3213 1659 3287">
     <span class='ocr_line' id='line_1_64' title="bbox 81 3213 1659 3287; baseline 0.003 -21"><span class='ocrx_word' id='word_1_445' title='bbox 81 3215 181 3267; x_wconf 61' lang='grc' dir='ltr'>τέον</span> <span class='ocrx_word' id='word_1_446' title='bbox 223 3217 252 3267; x_wconf 77' lang='grc' dir='ltr'>ὁ</span> <span class='ocrx_word' id='word_1_447' title='bbox 298 3214 471 3283; x_wconf 77' lang='grc' dir='ltr'>σοφὸς</span> <span class='ocrx_word' id='word_1_448' title='bbox 517 3214 651 3278; x_wconf 85' lang='grc' dir='ltr'>Θεὸς</span> <span class='ocrx_word' id='word_1_449' title='bbox 695 3213 1006 3286; x_wconf 82' lang='grc' dir='ltr'>περιίστησι</span> <span class='ocrx_word' id='word_1_450' title='bbox 1051 3215 1120 3269; x_wconf 87' lang='grc' dir='ltr'><strong>τά</strong></span> <span class='ocrx_word' id='word_1_451' title='bbox 1152 3215 1514 3287; x_wconf 84' lang='grc' dir='ltr'>βουλεύματα.</span> <span class='ocrx_word' id='word_1_452' title='bbox 1548 3218 1659 3270; x_wconf 80' lang='grc' dir='ltr'><strong>Καὶ</strong></span> 
     </span>
    </p>
   </div>
   <div class='ocr_carea' id='block_1_65' title="bbox 89 3303 1654 3378">
    <p class='ocr_par' dir='ltr' id='par_1_65' title="bbox 89 3303 1654 3378">
     <span class='ocr_line' id='line_1_65' title="bbox 89 3303 1654 3378; baseline 0.003 -23"><span class='ocrx_word' id='word_1_453' title='bbox 89 3303 222 3358; x_wconf 64' lang='grc' dir='ltr'>εοὲτο</span> <span class='ocrx_word' id='word_1_454' title='bbox 265 3308 384 3368; x_wconf 85' lang='grc' dir='ltr'>τοίς</span> <span class='ocrx_word' id='word_1_455' title='bbox 437 3304 762 3376; x_wconf 84' lang='grc' dir='ltr'>πράγμασιν</span> <span class='ocrx_word' id='word_1_456' title='bbox 791 3304 1023 3358; x_wconf 79' lang='grc' dir='ltr'>ἑκάστου</span> <span class='ocrx_word' id='word_1_457' title='bbox 1071 3306 1266 3377; x_wconf 77' lang='grc' dir='ltr'>καιροῦ</span> <span class='ocrx_word' id='word_1_458' title='bbox 1308 3307 1654 3378; x_wconf 88' lang='grc' dir='ltr'>παρακολου-</span> 
     </span>
    </p>
   </div>
   <div class='ocr_carea' id='block_1_66' title="bbox 85 3396 1659 3472">
    <p class='ocr_par' dir='ltr' id='par_1_66' title="bbox 85 3396 1659 3472">
     <span class='ocr_line' id='line_1_66' title="bbox 85 3396 1659 3472; baseline 0.006 -25"><span class='ocrx_word' id='word_1_459' title='bbox 85 3396 286 3462; x_wconf 64' lang='grc' dir='ltr'>θοῦντες</span> <span class='ocrx_word' id='word_1_460' title='bbox 317 3399 677 3470; x_wconf 78' lang='grc' dir='ltr'>εὑρίσκομεν,</span> <span class='ocrx_word' id='word_1_461' title='bbox 716 3399 816 3469; x_wconf 79' lang='grc' dir='ltr'>τὴν</span> <span class='ocrx_word' id='word_1_462' title='bbox 845 3397 1059 3452; x_wconf 68' lang='grc' dir='ltr'>ἔκθεσιν</span> <span class='ocrx_word' id='word_1_463' title='bbox 1086 3398 1180 3452; x_wconf 86' lang='grc' dir='ltr'><strong>τοῦ</strong></span> <span class='ocrx_word' id='word_1_464' title='bbox 1220 3399 1520 3465; x_wconf 85' lang='grc' dir='ltr'>Μωῦσέως,</span> <span class='ocrx_word' id='word_1_465' title='bbox 1557 3401 1659 3472; x_wconf 81' lang='grc' dir='ltr'><strong>τήν</strong></span> 
     </span>
    </p>
   </div>
   <div class='ocr_carea' id='block_1_67' title="bbox 86 3490 1657 3564">
    <p class='ocr_par' dir='ltr' id='par_1_67' title="bbox 86 3490 1657 3564">
     <span class='ocr_line' id='line_1_67' title="bbox 86 3490 1657 3564; baseline 0.004 -24"><span class='ocrx_word' id='word_1_466' title='bbox 86 3490 270 3557; x_wconf 78' lang='grc' dir='ltr'>πρᾶσιν</span> <span class='ocrx_word' id='word_1_467' title='bbox 293 3491 394 3545; x_wconf 80' lang='grc' dir='ltr'><strong>τοῦ</strong></span> <span class='ocrx_word' id='word_1_468' title='bbox 434 3492 658 3562; x_wconf 84' lang='grc' dir='ltr'>Ἰωσήφ.</span> <span class='ocrx_word' id='word_1_469' title='bbox 704 3491 882 3555; x_wconf 81' lang='grc' dir='ltr'>Εὐθὺς</span> <span class='ocrx_word' id='word_1_470' title='bbox 904 3492 962 3545; x_wconf 86' lang='grc' dir='ltr'><strong>ἐν</strong></span> <span class='ocrx_word' id='word_1_471' title='bbox 993 3491 1134 3564; x_wconf 85' lang='grc' dir='ltr'>ἀρχῇ</span> <span class='ocrx_word' id='word_1_472' title='bbox 1163 3492 1254 3545; x_wconf 85' lang='grc' dir='ltr'><strong>τὸν</strong></span> <span class='ocrx_word' id='word_1_473' title='bbox 1283 3491 1536 3564; x_wconf 89' lang='grc' dir='ltr'>δεύτερον</span> <span class='ocrx_word' id='word_1_474' title='bbox 1561 3493 1657 3547; x_wconf 82' lang='grc' dir='ltr'><strong>ἄν·</strong></span> 
     </span>
    </p>
   </div>
   <div class='ocr_carea' id='block_1_68' title="bbox 87 3581 1658 3653">
    <p class='ocr_par' dir='ltr' id='par_1_68' title="bbox 87 3581 1658 3653">
     <span class='ocr_line' id='line_1_68' title="bbox 87 3581 1658 3653; baseline 0.004 -21"><span class='ocrx_word' id='word_1_475' title='bbox 87 3581 285 3652; x_wconf 78' lang='grc' dir='ltr'>θρωπον</span> <span class='ocrx_word' id='word_1_476' title='bbox 342 3582 440 3637; x_wconf 82' lang='grc' dir='ltr'><strong>τὸν</strong></span> <span class='ocrx_word' id='word_1_477' title='bbox 519 3582 688 3635; x_wconf 81' lang='grc' dir='ltr'>Ἀϐελ</span> <span class='ocrx_word' id='word_1_478' title='bbox 738 3583 1052 3653; x_wconf 82' lang='grc' dir='ltr'>ἐφόνευσεν,</span> <span class='ocrx_word' id='word_1_479' title='bbox 1111 3585 1200 3638; x_wconf 86' lang='grc' dir='ltr'><strong>ἵνα</strong></span> <span class='ocrx_word' id='word_1_480' title='bbox 1254 3584 1364 3638; x_wconf 85' lang='grc' dir='ltr'><strong>τῶν</strong></span> <span class='ocrx_word' id='word_1_481' title='bbox 1420 3584 1658 3638; x_wconf 86' lang='grc' dir='ltr'>εὐσεϐῶν</span> 
     </span>
    </p>
   </div>
   <div class='ocr_carea' id='block_1_69' title="bbox 87 3668 1660 3745">
    <p class='ocr_par' dir='ltr' id='par_1_69' title="bbox 87 3668 1660 3745">
     <span class='ocr_line' id='line_1_69' title="bbox 87 3668 1660 3745; baseline 0.005 -24"><span class='ocrx_word' id='word_1_482' title='bbox 87 3670 275 3742; x_wconf 70' lang='grc' dir='ltr'>ἐκκόψῃ</span> <span class='ocrx_word' id='word_1_483' title='bbox 308 3670 376 3723; x_wconf 82' lang='grc' dir='ltr'><strong>τὸ</strong></span> <span class='ocrx_word' id='word_1_484' title='bbox 398 3671 645 3743; x_wconf 88' lang='grc' dir='ltr'>σπέρμα,</span> <span class='ocrx_word' id='word_1_485' title='bbox 682 3673 778 3725; x_wconf 61' lang='grc' dir='ltr'><strong>κιαι)⁵</strong></span> <span class='ocrx_word' id='word_1_486' title='bbox 801 3671 1112 3745; x_wconf 76' lang='grc' dir='ltr'>τοῦμπαλιν</span> <span class='ocrx_word' id='word_1_487' title='bbox 1150 3673 1389 3744; x_wconf 80' lang='grc' dir='ltr'>ἐγένετο.</span> <span class='ocrx_word' id='word_1_488' title='bbox 1432 3668 1660 3729; x_wconf 85' lang='grc' dir='ltr'>Ἔκτοτε</span> 
     </span>
    </p>
   </div>
   <div class='ocr_carea' id='block_1_70' title="bbox 86 3759 1661 3841">
    <p class='ocr_par' dir='ltr' id='par_1_70' title="bbox 86 3759 1661 3841">
     <span class='ocr_line' id='line_1_70' title="bbox 86 3759 1661 3841; baseline 0.005 -27"><span class='ocrx_word' id='word_1_489' title='bbox 86 3762 180 3832; x_wconf 71' lang='grc' dir='ltr'><strong>γὰρ</strong></span> <span class='ocrx_word' id='word_1_490' title='bbox 201 3763 832 3834; x_wconf 56' lang='grc' dir='ltr'>ἀνδροφόνοιντλισοῦνται</span> <span class='ocrx_word' id='word_1_491' title='bbox 867 3765 1134 3838; x_wconf 86' lang='grc' dir='ltr'>σφοδρῶς,</span> <span class='ocrx_word' id='word_1_492' title='bbox 1165 3765 1223 3830; x_wconf 79' lang='grc' dir='ltr'>ἐξ</span> <span class='ocrx_word' id='word_1_493' title='bbox 1252 3759 1314 3820; x_wconf 77' lang='grc' dir='ltr'>οὗ</span> <span class='ocrx_word' id='word_1_494' title='bbox 1338 3768 1479 3821; x_wconf 82' lang='grc' dir='ltr'>Κάῖν</span> <span class='ocrx_word' id='word_1_495' title='bbox 1509 3769 1661 3841; x_wconf 90' lang='grc' dir='ltr'><strong>παρά</strong></span> 
     </span>
    </p>
   </div>
   <div class='ocr_carea' id='block_1_71' title="bbox 86 3853 1660 3927">
    <p class='ocr_par' dir='ltr' id='par_1_71' title="bbox 86 3853 1660 3927">
     <span class='ocr_line' id='line_1_71' title="bbox 86 3853 1660 3927; baseline 0.004 -25"><span class='ocrx_word' id='word_1_496' title='bbox 86 3853 166 3905; x_wconf 80' lang='grc' dir='ltr'><strong>τοῦ</strong></span> <span class='ocrx_word' id='word_1_497' title='bbox 194 3853 330 3906; x_wconf 87' lang='grc' dir='ltr'>Θεοῦ</span> <span class='ocrx_word' id='word_1_498' title='bbox 360 3854 673 3926; x_wconf 78' lang='grc' dir='ltr'>κατηράθη.</span> <span class='ocrx_word' id='word_1_499' title='bbox 706 3854 783 3908; x_wconf 86' lang='grc' dir='ltr'><strong>Τὸ</strong></span> <span class='ocrx_word' id='word_1_500' title='bbox 813 3854 909 3908; x_wconf 88' lang='grc' dir='ltr'><strong>τοῦ</strong></span> <span class='ocrx_word' id='word_1_501' title='bbox 943 3853 1205 3926; x_wconf 83' lang='grc' dir='ltr'>Χριστοῦ,</span> <span class='ocrx_word' id='word_1_502' title='bbox 1233 3856 1316 3909; x_wconf 87' lang='grc' dir='ltr'><strong>ὃτι</strong></span> <span class='ocrx_word' id='word_1_503' title='bbox 1353 3856 1660 3927; x_wconf 77' lang='grc' dir='ltr'>ἐνήργησεν</span> 
     </span>
    </p>
   </div>
   <div class='ocr_carea' id='block_1_72' title="bbox 93 3946 1658 4019">
    <p class='ocr_par' dir='ltr' id='par_1_72' title="bbox 93 3946 1658 4019">
     <span class='ocr_line' id='line_1_72' title="bbox 93 3946 1658 4019; baseline 0.004 -23"><span class='ocrx_word' id='word_1_504' title='bbox 93 3947 160 4007; x_wconf 79' lang='grc' dir='ltr'>εἰς</span> <span class='ocrx_word' id='word_1_505' title='bbox 198 3946 492 4010; x_wconf 80' lang='grc' dir='ltr'>Ἰουδαίους</span> <span class='ocrx_word' id='word_1_506' title='bbox 541 3949 569 4000; x_wconf 78' lang='grc' dir='ltr'><strong>ὁ</strong></span> <span class='ocrx_word' id='word_1_507' title='bbox 607 3947 886 4012; x_wconf 80' lang='grc' dir='ltr'>Σατανᾶς,</span> <span class='ocrx_word' id='word_1_508' title='bbox 923 3947 1010 4000; x_wconf 82' lang='grc' dir='ltr'>ἵνα</span> <span class='ocrx_word' id='word_1_509' title='bbox 1042 3946 1430 4019; x_wconf 87' lang='grc' dir='ltr'>σταυρώσωσιν</span> <span class='ocrx_word' id='word_1_510' title='bbox 1474 3948 1658 4004; x_wconf 82' lang='grc' dir='ltr'>αὐτόν.</span> 
     </span>
    </p>
   </div>
   <div class='ocr_carea' id='block_1_73' title="bbox 89 4033 1662 4111">
    <p class='ocr_par' dir='ltr' id='par_1_73' title="bbox 89 4033 1662 4111">
     <span class='ocr_line' id='line_1_73' title="bbox 89 4033 1662 4111; baseline 0.003 -21"><span class='ocrx_word' id='word_1_511' title='bbox 89 4038 151 4090; x_wconf 83' lang='grc' dir='ltr'><strong>Τὸ</strong></span> <span class='ocrx_word' id='word_1_512' title='bbox 174 4039 304 4092; x_wconf 84' lang='grc' dir='ltr'>αὐτὸ</span> <span class='ocrx_word' id='word_1_513' title='bbox 345 4039 412 4111; x_wconf 80' lang='grc' dir='ltr'>δὴ</span> <span class='ocrx_word' id='word_1_514' title='bbox 441 4039 539 4093; x_wconf 76' lang='grc' dir='ltr'><strong>καὶ</strong></span> <span class='ocrx_word' id='word_1_515' title='bbox 579 4038 674 4092; x_wconf 71' lang='grc' dir='ltr'><strong>ἐπὶ</strong></span> <span class='ocrx_word' id='word_1_516' title='bbox 711 4043 826 4103; x_wconf 85' lang='grc' dir='ltr'>τοῖς</span> <span class='ocrx_word' id='word_1_517' title='bbox 856 4040 1092 4110; x_wconf 86' lang='grc' dir='ltr'>μάρτυσι</span> <span class='ocrx_word' id='word_1_518' title='bbox 1128 4040 1420 4106; x_wconf 83' lang='grc' dir='ltr'>πέπονθεν,</span> <span class='ocrx_word' id='word_1_519' title='bbox 1452 4033 1528 4095; x_wconf 82' lang='grc' dir='ltr'>ὧν</span> <span class='ocrx_word' id='word_1_520' title='bbox 1560 4058 1662 4095; x_wconf 84' lang='grc' dir='ltr'>κα-</span> 
     </span>
    </p>
   </div>
   <div class='ocr_carea' id='block_1_74' title="bbox 93 4131 1658 4202">
    <p class='ocr_par' dir='ltr' id='par_1_74' title="bbox 93 4131 1658 4202">
     <span class='ocr_line' id='line_1_74' title="bbox 93 4131 1658 4202; baseline 0.005 -21"><span class='ocrx_word' id='word_1_521' title='bbox 93 4131 405 4202; x_wconf 67' lang='grc' dir='ltr'>ταφρονοῦσι</span> <span class='ocrx_word' id='word_1_522' title='bbox 432 4132 620 4185; x_wconf 81' lang='grc' dir='ltr'>πολλοὶ</span> <span class='ocrx_word' id='word_1_523' title='bbox 642 4132 903 4196; x_wconf 87' lang='grc' dir='ltr'>ὐπουδίας</span> <span class='ocrx_word' id='word_1_524' title='bbox 925 4133 1110 4198; x_wconf 87' lang='grc' dir='ltr'>ἀνείας</span> <span class='ocrx_word' id='word_1_525' title='bbox 1133 4135 1200 4198; x_wconf 61' lang='grc' dir='ltr'><strong>δι,</strong></span> <span class='ocrx_word' id='word_1_526' title='bbox 1232 4133 1658 4199; x_wconf 78' lang='grc' dir='ltr'>ἐξευτελίζοντες</span> 
     </span>
    </p>
   </div>
   <div class='ocr_carea' id='block_1_75' title="bbox 91 4221 1661 4295">
    <p class='ocr_par' dir='ltr' id='par_1_75' title="bbox 91 4221 1661 4295">
     <span class='ocr_line' id='line_1_75' title="bbox 91 4221 1661 4295; baseline 0.004 -23"><span class='ocrx_word' id='word_1_527' title='bbox 91 4222 251 4275; x_wconf 71' lang='grc' dir='ltr'>αὐτῶν</span> <span class='ocrx_word' id='word_1_528' title='bbox 286 4222 353 4276; x_wconf 82' lang='grc' dir='ltr'><strong>τὸ</strong></span> <span class='ocrx_word' id='word_1_529' title='bbox 389 4221 634 4294; x_wconf 82' lang='grc' dir='ltr'>ἀξίωμα.</span> <span class='ocrx_word' id='word_1_530' title='bbox 688 4223 804 4277; x_wconf 90' lang='grc' dir='ltr'>Οὐκ</span> <span class='ocrx_word' id='word_1_531' title='bbox 850 4223 1139 4295; x_wconf 78' lang='grc' dir='ltr'>ἄνθρωπός</span> <span class='ocrx_word' id='word_1_532' title='bbox 1179 4227 1357 4291; x_wconf 87' lang='grc' dir='ltr'>ἐστιν;</span> <span class='ocrx_word' id='word_1_533' title='bbox 1388 4227 1490 4280; x_wconf 88' lang='grc' dir='ltr'><strong>οὐκ</strong></span> <span class='ocrx_word' id='word_1_534' title='bbox 1537 4225 1661 4279; x_wconf 68' lang='grc' dir='ltr'>ἐδαυ</span> 
     </span>
    </p>
   </div>
   <div class='ocr_carea' id='block_1_76' title="bbox 93 4315 1662 4390">
    <p class='ocr_par' dir='ltr' id='par_1_76' title="bbox 93 4315 1662 4390">
     <span class='ocr_line' id='line_1_76' title="bbox 93 4315 1662 4390; baseline 0.003 -22"><span class='ocrx_word' id='word_1_535' title='bbox 93 4316 286 4387; x_wconf 74' lang='grc' dir='ltr'>πανήθη</span> <span class='ocrx_word' id='word_1_536' title='bbox 315 4316 378 4369; x_wconf 74' lang='grc' dir='ltr'>τὸ</span> <span class='ocrx_word' id='word_1_537' title='bbox 405 4315 607 4387; x_wconf 87' lang='grc' dir='ltr'>σῶμα;</span> <span class='ocrx_word' id='word_1_538' title='bbox 637 4317 741 4370; x_wconf 88' lang='grc' dir='ltr'><strong>οὐκ</strong></span> <span class='ocrx_word' id='word_1_539' title='bbox 767 4318 828 4370; x_wconf 81' lang='grc' dir='ltr'><strong>ἐν</strong></span> <span class='ocrx_word' id='word_1_540' title='bbox 854 4317 1060 4387; x_wconf 85' lang='grc' dir='ltr'>ὀλίγοις</span> <span class='ocrx_word' id='word_1_541' title='bbox 1088 4319 1383 4390; x_wconf 73' lang='grc' dir='ltr'>λειψάνοις,</span> <span class='ocrx_word' id='word_1_542' title='bbox 1412 4319 1506 4374; x_wconf 75' lang='grc' dir='ltr'><strong>καὶ</strong></span> <span class='ocrx_word' id='word_1_543' title='bbox 1537 4319 1662 4373; x_wconf 86' lang='grc' dir='ltr'>τού-</span> 
     </span>
    </p>
   </div>
   <div class='ocr_carea' id='block_1_77' title="bbox 1762 3221 3352 3291">
    <p class='ocr_par' dir='ltr' id='par_1_77' title="bbox 1762 3221 3352 3291">
     <span class='ocr_line' id='line_1_77' title="bbox 1762 3221 3352 3291; baseline 0.002 -17"><span class='ocrx_word' id='word_1_544' title='bbox 1762 3231 2037 3291; x_wconf 79' lang='lat' dir='ltr'><strong>gmentum</strong></span> <span class='ocrx_word' id='word_1_545' title='bbox 2090 3221 2280 3289; x_wconf 91' lang='lat' dir='ltr'><strong>pietati</strong></span> <span class='ocrx_word' id='word_1_546' title='bbox 2356 3221 2596 3276; x_wconf 83' lang='lat' dir='ltr'><strong>asciscit.</strong></span> <span class='ocrx_word' id='word_1_547' title='bbox 2645 3222 2737 3277; x_wconf 88' lang='lat' dir='ltr'><strong>Dei</strong></span> <span class='ocrx_word' id='word_1_548' title='bbox 2795 3237 3026 3291; x_wconf 88' lang='lat' dir='ltr'><strong>namque</strong></span> <span class='ocrx_word' id='word_1_549' title='bbox 3053 3223 3352 3291; x_wconf 86' lang='lat' dir='ltr'><strong>sapientia,</strong></span> 
     </span>
    </p>
   </div>
   <div class='ocr_carea' id='block_1_78' title="bbox 1761 3312 3348 3379">
    <p class='ocr_par' dir='ltr' id='par_1_78' title="bbox 1761 3312 3348 3379">
     <span class='ocr_line' id='line_1_78' title="bbox 1761 3312 3348 3379; baseline 0.001 -11"><span class='ocrx_word' id='word_1_550' title='bbox 1761 3312 1926 3368; x_wconf 89' lang='lat' dir='ltr'><strong>stulto</strong></span> <span class='ocrx_word' id='word_1_551' title='bbox 1958 3313 2032 3367; x_wconf 91' lang='lat' dir='ltr'><strong>illi</strong></span> <span class='ocrx_word' id='word_1_552' title='bbox 2073 3329 2138 3368; x_wconf 88' lang='lat' dir='ltr'><strong>ac</strong></span> <span class='ocrx_word' id='word_1_553' title='bbox 2181 3314 2373 3369; x_wconf 90' lang='lat' dir='ltr'><strong>insano</strong></span> <span class='ocrx_word' id='word_1_554' title='bbox 2415 3314 2640 3369; x_wconf 90' lang='lat' dir='ltr'><strong>consilia</strong></span> <span class='ocrx_word' id='word_1_555' title='bbox 2684 3316 2737 3368; x_wconf 91' lang='lat' dir='ltr'><strong>in</strong></span> <span class='ocrx_word' id='word_1_556' title='bbox 2772 3315 3106 3369; x_wconf 89' lang='lat' dir='ltr'><strong>contrarium</strong></span> <span class='ocrx_word' id='word_1_557' title='bbox 3139 3316 3305 3369; x_wconf 89' lang='lat' dir='ltr'><strong>vertit</strong></span> <span class='ocrx_word' id='word_1_558' title='bbox 3331 3354 3348 3379; x_wconf 86' lang='lat'><strong>,</strong></span> 
     </span>
    </p>
   </div>
   <div class='ocr_carea' id='block_1_79' title="bbox 1763 3405 3339 3477">
    <p class='ocr_par' dir='ltr' id='par_1_79' title="bbox 1763 3405 3339 3477">
     <span class='ocr_line' id='line_1_79' title="bbox 1763 3405 3339 3477; baseline -0.001 -15"><span class='ocrx_word' id='word_1_559' title='bbox 1763 3407 1924 3477; x_wconf 90' lang='lat' dir='ltr'><strong>idque</strong></span> <span class='ocrx_word' id='word_1_560' title='bbox 1950 3406 2045 3470; x_wconf 85' lang='lat' dir='ltr'><strong>ita,</strong></span> <span class='ocrx_word' id='word_1_561' title='bbox 2084 3406 2348 3476; x_wconf 80' lang='lat' dir='ltr'><strong>cuiusque</strong></span> <span class='ocrx_word' id='word_1_562' title='bbox 2383 3407 2639 3474; x_wconf 85' lang='lat' dir='ltr'><strong>temporis</strong></span> <span class='ocrx_word' id='word_1_563' title='bbox 2680 3423 2766 3461; x_wconf 89' lang='lat' dir='ltr'><strong>res</strong></span> <span class='ocrx_word' id='word_1_564' title='bbox 2805 3417 2986 3476; x_wconf 81' lang='lat' dir='ltr'><strong>gestas</strong></span> <span class='ocrx_word' id='word_1_565' title='bbox 3009 3405 3339 3471; x_wconf 84' lang='lat' dir='ltr'><strong>recolentes,</strong></span> 
     </span>
    </p>
   </div>
   <div class='ocr_carea' id='block_1_80' title="bbox 1761 3497 3351 3569">
    <p class='ocr_par' dir='ltr' id='par_1_80' title="bbox 1761 3497 3351 3569">
     <span class='ocr_line' id='line_1_80' title="bbox 1761 3497 3351 3569; baseline -0.001 -17"><span class='ocrx_word' id='word_1_566' title='bbox 1761 3498 1959 3552; x_wconf 89' lang='lat' dir='ltr'><strong>habere</strong></span> <span class='ocrx_word' id='word_1_567' title='bbox 2014 3498 2360 3565; x_wconf 85' lang='lat' dir='ltr'><strong>invenimus;</strong></span> <span class='ocrx_word' id='word_1_568' title='bbox 2424 3508 2598 3568; x_wconf 82' lang='lat' dir='ltr'><strong>puta,</strong></span> <span class='ocrx_word' id='word_1_569' title='bbox 2658 3498 2865 3569; x_wconf 83' lang='lat' dir='ltr'><strong>Moysis</strong></span> <span class='ocrx_word' id='word_1_570' title='bbox 2922 3497 3351 3567; x_wconf 79' lang='lat' dir='ltr'><strong>expositionem.</strong></span> 
     </span>
    </p>
   </div>
   <div class='ocr_carea' id='block_1_81' title="bbox 1763 3588 3346 3659">
    <p class='ocr_par' dir='ltr' id='par_1_81' title="bbox 1763 3588 3346 3659">
     <span class='ocr_line' id='line_1_81' title="bbox 1763 3588 3346 3659; baseline 0 -16"><span class='ocrx_word' id='word_1_571' title='bbox 1763 3590 2124 3644; x_wconf 89' lang='lat' dir='ltr'><strong>venditionem</strong></span> <span class='ocrx_word' id='word_1_572' title='bbox 2153 3588 2396 3659; x_wconf 86' lang='lat' dir='ltr'><strong>Josephi.</strong></span> <span class='ocrx_word' id='word_1_573' title='bbox 2432 3590 2630 3644; x_wconf 86' lang='lat' dir='ltr'><strong>Statim</strong></span> <span class='ocrx_word' id='word_1_574' title='bbox 2661 3590 2716 3644; x_wconf 91' lang='lat' dir='ltr'><strong>in</strong></span> <span class='ocrx_word' id='word_1_575' title='bbox 2748 3589 3014 3658; x_wconf 89' lang='lat' dir='ltr'><strong>principio</strong></span> <span class='ocrx_word' id='word_1_576' title='bbox 3046 3589 3346 3644; x_wconf 89' lang='lat' dir='ltr'><strong>secundum</strong></span> 
     </span>
    </p>
   </div>
   <div class='ocr_carea' id='block_1_82' title="bbox 1763 3679 3352 3750">
    <p class='ocr_par' dir='ltr' id='par_1_82' title="bbox 1763 3679 3352 3750">
     <span class='ocr_line' id='line_1_82' title="bbox 1763 3679 3352 3750; baseline -0.002 -15"><span class='ocrx_word' id='word_1_577' title='bbox 1763 3680 2036 3735; x_wconf 90' lang='lat' dir='ltr'><strong>hominem</strong></span> <span class='ocrx_word' id='word_1_578' title='bbox 2084 3679 2307 3735; x_wconf 78' lang='lat' dir='ltr'><strong>Abelem</strong></span> <span class='ocrx_word' id='word_1_579' title='bbox 2340 3681 2575 3745; x_wconf 86' lang='lat' dir='ltr'><strong>occidit,</strong></span> <span class='ocrx_word' id='word_1_580' title='bbox 2604 3695 2711 3750; x_wconf 89' lang='lat' dir='ltr'><strong>quo</strong></span> <span class='ocrx_word' id='word_1_581' title='bbox 2742 3682 2956 3750; x_wconf 90' lang='lat' dir='ltr'><strong>piorum</strong></span> <span class='ocrx_word' id='word_1_582' title='bbox 3001 3679 3352 3734; x_wconf 84' lang='lat' dir='ltr'><strong>exscinderet</strong></span> 
     </span>
    </p>
   </div>
   <div class='ocr_carea' id='block_1_83' title="bbox 1763 3771 3345 3842">
    <p class='ocr_par' dir='ltr' id='par_1_83' title="bbox 1763 3771 3345 3842">
     <span class='ocr_line' id='line_1_83' title="bbox 1763 3771 3345 3842; baseline 0 -15"><span class='ocrx_word' id='word_1_583' title='bbox 1763 3787 1984 3837; x_wconf 89' lang='lat' dir='ltr'><strong>semen;</strong></span> <span class='ocrx_word' id='word_1_584' title='bbox 2015 3786 2172 3827; x_wconf 87' lang='lat' dir='ltr'><strong>secus</strong></span> <span class='ocrx_word' id='word_1_585' title='bbox 2203 3781 2383 3826; x_wconf 88' lang='lat' dir='ltr'><strong>autem</strong></span> <span class='ocrx_word' id='word_1_586' title='bbox 2431 3772 2630 3827; x_wconf 87' lang='lat' dir='ltr'><strong>evenit.</strong></span> <span class='ocrx_word' id='word_1_587' title='bbox 2663 3771 2744 3827; x_wconf 79' lang='lat' dir='ltr'><strong>Ab</strong></span> <span class='ocrx_word' id='word_1_588' title='bbox 2782 3787 2847 3826; x_wconf 88' lang='lat' dir='ltr'><strong>eo</strong></span> <span class='ocrx_word' id='word_1_589' title='bbox 2891 3771 3034 3827; x_wconf 91' lang='lat' dir='ltr'><strong>enim</strong></span> <span class='ocrx_word' id='word_1_590' title='bbox 3077 3779 3345 3842; x_wconf 70' lang='lat' dir='ltr'><strong>tempore,</strong></span> 
     </span>
    </p>
   </div>
   <div class='ocr_carea' id='block_1_84' title="bbox 1761 3858 3354 3932">
    <p class='ocr_par' dir='ltr' id='par_1_84' title="bbox 1761 3858 3354 3932">
     <span class='ocr_line' id='line_1_84' title="bbox 1761 3858 3354 3932; baseline 0.001 -18"><span class='ocrx_word' id='word_1_591' title='bbox 1761 3876 1870 3931; x_wconf 91' lang='lat' dir='ltr'><strong>quo</strong></span> <span class='ocrx_word' id='word_1_592' title='bbox 1919 3860 2060 3916; x_wconf 88' lang='lat' dir='ltr'><strong>Deus</strong></span> <span class='ocrx_word' id='word_1_593' title='bbox 2129 3860 2410 3915; x_wconf 80' lang='lat' dir='ltr'><strong>maledixit</strong></span> <span class='ocrx_word' id='word_1_594' title='bbox 2466 3858 2638 3929; x_wconf 85' lang='lat' dir='ltr'><strong>Cain,</strong></span> <span class='ocrx_word' id='word_1_595' title='bbox 2688 3861 2836 3932; x_wconf 81' lang='lat' dir='ltr'><strong>gravi</strong></span> <span class='ocrx_word' id='word_1_596' title='bbox 2894 3860 3178 3915; x_wconf 66' lang='lat' dir='ltr'><strong>homicida:</strong></span> <span class='ocrx_word' id='word_1_597' title='bbox 3227 3863 3354 3915; x_wconf 82' lang='lat' dir='ltr'><strong>OtIIO</strong></span> 
     </span>
    </p>
   </div>
   <div class='ocr_carea' id='block_1_85' title="bbox 1763 3953 3354 4024">
    <p class='ocr_par' dir='ltr' id='par_1_85' title="bbox 1763 3953 3354 4024">
     <span class='ocr_line' id='line_1_85' title="bbox 1763 3953 3354 4024; baseline 0.001 -16"><span class='ocrx_word' id='word_1_598' title='bbox 1763 3954 2051 4009; x_wconf 89' lang='lat' dir='ltr'><strong>habentur.</strong></span> <span class='ocrx_word' id='word_1_599' title='bbox 2083 3953 2172 4008; x_wconf 92' lang='lat' dir='ltr'><strong>Sic</strong></span> <span class='ocrx_word' id='word_1_600' title='bbox 2206 3955 2258 4008; x_wconf 93' lang='lat' dir='ltr'><strong>in</strong></span> <span class='ocrx_word' id='word_1_601' title='bbox 2311 3953 2552 4019; x_wconf 88' lang='lat' dir='ltr'><strong>Christo,</strong></span> <span class='ocrx_word' id='word_1_602' title='bbox 2593 3969 2754 4024; x_wconf 89' lang='lat' dir='ltr'><strong>quem</strong></span> <span class='ocrx_word' id='word_1_603' title='bbox 2795 3953 3026 4008; x_wconf 86' lang='lat' dir='ltr'><strong>Satanas</strong></span> <span class='ocrx_word' id='word_1_604' title='bbox 3055 3954 3200 4008; x_wconf 90' lang='lat' dir='ltr'><strong>cruci</strong></span> <span class='ocrx_word' id='word_1_605' title='bbox 3234 3954 3354 4009; x_wconf 81' lang='lat' dir='ltr'><strong>alli-</strong></span> 
     </span>
    </p>
   </div>
   <div class='ocr_carea' id='block_1_86' title="bbox 1764 4044 3354 4118">
    <p class='ocr_par' dir='ltr' id='par_1_86' title="bbox 1764 4044 3354 4118">
     <span class='ocr_line' id='line_1_86' title="bbox 1764 4044 3354 4118; baseline 0.001 -16"><span class='ocrx_word' id='word_1_606' title='bbox 1764 4048 1992 4118; x_wconf 84' lang='lat' dir='ltr'><strong>gendum</strong></span> <span class='ocrx_word' id='word_1_607' title='bbox 2029 4047 2080 4100; x_wconf 92' lang='lat' dir='ltr'><strong>in</strong></span> <span class='ocrx_word' id='word_1_608' title='bbox 2122 4044 2431 4100; x_wconf 69' lang='lat' dir='ltr'><strong>Judaeorum</strong></span> <span class='ocrx_word' id='word_1_609' title='bbox 2459 4049 2672 4102; x_wconf 90' lang='lat' dir='ltr'><strong>animos</strong></span> <span class='ocrx_word' id='word_1_610' title='bbox 2721 4047 2966 4102; x_wconf 84' lang='lat' dir='ltr'><strong>immisit.</strong></span> <span class='ocrx_word' id='word_1_611' title='bbox 3010 4048 3124 4102; x_wconf 83' lang='lat' dir='ltr'><strong>Hoc</strong></span> <span class='ocrx_word' id='word_1_612' title='bbox 3168 4048 3354 4118; x_wconf 88' lang='lat' dir='ltr'><strong>utique</strong></span> 
     </span>
    </p>
   </div>
   <div class='ocr_carea' id='block_1_87' title="bbox 1765 4136 3351 4208">
    <p class='ocr_par' dir='ltr' id='par_1_87' title="bbox 1765 4136 3351 4208">
     <span class='ocr_line' id='line_1_87' title="bbox 1765 4136 3351 4208; baseline 0.002 -17"><span class='ocrx_word' id='word_1_613' title='bbox 1765 4137 1938 4208; x_wconf 88' lang='lat' dir='ltr'><strong>ipsum</strong></span> <span class='ocrx_word' id='word_1_614' title='bbox 1988 4136 2062 4192; x_wconf 87' lang='lat' dir='ltr'><strong>illi</strong></span> <span class='ocrx_word' id='word_1_615' title='bbox 2113 4137 2168 4191; x_wconf 92' lang='lat' dir='ltr'><strong>in</strong></span> <span class='ocrx_word' id='word_1_616' title='bbox 2218 4138 2547 4208; x_wconf 89' lang='lat' dir='ltr'><strong>martyribus</strong></span> <span class='ocrx_word' id='word_1_617' title='bbox 2599 4138 2815 4203; x_wconf 87' lang='lat' dir='ltr'><strong>accidit,</strong></span> <span class='ocrx_word' id='word_1_618' title='bbox 2871 4153 3101 4207; x_wconf 89' lang='lat' dir='ltr'><strong>quorum</strong></span> <span class='ocrx_word' id='word_1_619' title='bbox 3166 4139 3351 4208; x_wconf 84' lang='lat' dir='ltr'><strong>plures</strong></span> 
     </span>
    </p>
   </div>
   <div class='ocr_carea' id='block_1_88' title="bbox 1763 4231 3355 4300">
    <p class='ocr_par' dir='ltr' id='par_1_88' title="bbox 1763 4231 3355 4300">
     <span class='ocr_line' id='line_1_88' title="bbox 1763 4231 3355 4300; baseline 0.001 -15"><span class='ocrx_word' id='word_1_620' title='bbox 1763 4231 2150 4285; x_wconf 88' lang='lat' dir='ltr'><strong>subterraneas</strong></span> <span class='ocrx_word' id='word_1_621' title='bbox 2186 4231 2479 4286; x_wconf 88' lang='lat' dir='ltr'><strong>memorias</strong></span> <span class='ocrx_word' id='word_1_622' title='bbox 2531 4240 2828 4300; x_wconf 85' lang='lat' dir='ltr'><strong>spernunt,</strong></span> <span class='ocrx_word' id='word_1_623' title='bbox 2861 4246 3046 4286; x_wconf 86' lang='lat' dir='ltr'><strong>eorum</strong></span> <span class='ocrx_word' id='word_1_624' title='bbox 3078 4233 3355 4288; x_wconf 76' lang='lat' dir='ltr'><strong>elevantes</strong></span> 
     </span>
    </p>
   </div>
   <div class='ocr_carea' id='block_1_89' title="bbox 1765 4323 3356 4394">
    <p class='ocr_par' dir='ltr' id='par_1_89' title="bbox 1765 4323 3356 4394">
     <span class='ocr_line' id='line_1_89' title="bbox 1765 4323 3356 4394; baseline 0.001 -17"><span class='ocrx_word' id='word_1_625' title='bbox 1765 4339 1831 4378; x_wconf 91' lang='lat' dir='ltr'><strong>ac</strong></span> <span class='ocrx_word' id='word_1_626' title='bbox 1868 4325 1957 4378; x_wconf 91' lang='lat' dir='ltr'><strong>vili</strong></span> <span class='ocrx_word' id='word_1_627' title='bbox 1988 4325 2282 4394; x_wconf 89' lang='lat' dir='ltr'><strong>pendentes</strong></span> <span class='ocrx_word' id='word_1_628' title='bbox 2314 4324 2652 4394; x_wconf 87' lang='lat' dir='ltr'><strong>dignitatem.</strong></span> <span class='ocrx_word' id='word_1_629' title='bbox 2701 4323 2894 4378; x_wconf 88' lang='lat' dir='ltr'><strong>Nonne</strong></span> <span class='ocrx_word' id='word_1_630' title='bbox 2917 4364 2934 4389; x_wconf 85' lang='lat'><strong>,</strong></span> <span class='ocrx_word' id='word_1_631' title='bbox 2967 4325 3236 4393; x_wconf 90' lang='lat' dir='ltr'><strong>inquiunt,</strong></span> <span class='ocrx_word' id='word_1_632' title='bbox 3266 4326 3356 4379; x_wconf 89' lang='lat' dir='ltr'><strong>ille</strong></span> 
     </span>
    </p>
   </div>
   <div class='ocr_carea' id='block_1_90' title="bbox 93 4409 1654 4517">
    <p class='ocr_par' dir='ltr' id='par_1_90' title="bbox 93 4409 1654 4482">
     <span class='ocr_line' id='line_1_90' title="bbox 93 4409 1654 4482; baseline 0.004 -25"><span class='ocrx_word' id='word_1_633' title='bbox 93 4424 186 4470; x_wconf 79' lang='grc' dir='ltr'>τοις</span> <span class='ocrx_word' id='word_1_634' title='bbox 224 4409 686 4480; x_wconf 81' lang='grc' dir='ltr'>ἐγκεχωσμένοις,</span> <span class='ocrx_word' id='word_1_635' title='bbox 735 4409 972 4482; x_wconf 89' lang='grc' dir='ltr'>αὐτῶνή</span> <span class='ocrx_word' id='word_1_636' title='bbox 1029 4412 1254 4482; x_wconf 73' lang='grc' dir='ltr'>μνήμης</span> <span class='ocrx_word' id='word_1_637' title='bbox 1312 4412 1564 4466; x_wconf 86' lang='grc' dir='ltr'>Μάλιστα</span> <span class='ocrx_word' id='word_1_638' title='bbox 1597 4412 1654 4482; x_wconf 80' lang='grc' dir='ltr'>δὴ</span> 
     </span>
    </p>
   </div>
   <div class='ocr_carea' id='block_1_91' title="bbox 1764 4409 3355 4517">
    <p class='ocr_par' dir='ltr' id='par_1_91' title="bbox 1768 4414 3355 4486">
     <span class='ocr_line' id='line_1_91' title="bbox 1768 4414 3355 4486; baseline -0.001 -16"><span class='ocrx_word' id='word_1_639' title='bbox 1768 4417 1931 4472; x_wconf 92' lang='lat' dir='ltr'><strong>homo</strong></span> <span class='ocrx_word' id='word_1_640' title='bbox 1978 4417 2102 4471; x_wconf 87' lang='lat' dir='ltr'><strong>est?</strong></span> <span class='ocrx_word' id='word_1_641' title='bbox 2157 4431 2340 4471; x_wconf 89' lang='lat' dir='ltr'><strong>nonne</strong></span> <span class='ocrx_word' id='word_1_642' title='bbox 2379 4431 2578 4486; x_wconf 88' lang='lat' dir='ltr'><strong>corpus</strong></span> <span class='ocrx_word' id='word_1_643' title='bbox 2621 4414 2964 4485; x_wconf 89' lang='lat' dir='ltr'><strong>absumptum</strong></span> <span class='ocrx_word' id='word_1_644' title='bbox 3004 4416 3131 4470; x_wconf 87' lang='lat' dir='ltr'><strong>est?</strong></span> <span class='ocrx_word' id='word_1_645' title='bbox 3175 4431 3355 4470; x_wconf 89' lang='lat' dir='ltr'><strong>nonne</strong></span> 
     </span>
    </p>
   </div>
   <div class='ocr_carea' id='block_1_92' title="bbox 94 4498 1660 4577">
    <p class='ocr_par' dir='ltr' id='par_1_92' title="bbox 94 4498 1660 4577">
     <span class='ocr_line' id='line_1_92' title="bbox 94 4498 1660 4577; baseline 0.005 -28"><span class='ocrx_word' id='word_1_646' title='bbox 94 4498 243 4551; x_wconf 72' lang='grc' dir='ltr'>ταῦτα</span> <span class='ocrx_word' id='word_1_647' title='bbox 273 4499 544 4572; x_wconf 77' lang='grc' dir='ltr'>Ἕλληνες</span> <span class='ocrx_word' id='word_1_648' title='bbox 591 4501 690 4555; x_wconf 73' lang='grc' dir='ltr'>καὶ</span> <span class='ocrx_word' id='word_1_649' title='bbox 719 4501 1044 4572; x_wconf 87' lang='grc' dir='ltr'>Εὐνομιανοί</span> <span class='ocrx_word' id='word_1_650' title='bbox 1090 4522 1253 4576; x_wconf 87' lang='grc' dir='ltr'>φασιν</span> <span class='ocrx_word' id='word_1_651' title='bbox 1273 4522 1288 4536; x_wconf 70' lang='grc'><strong>⁸</strong></span> <span class='ocrx_word' id='word_1_652' title='bbox 1331 4505 1575 4577; x_wconf 81' lang='grc' dir='ltr'>εἴπωμεν</span> <span class='ocrx_word' id='word_1_653' title='bbox 1604 4504 1660 4557; x_wconf 81' lang='grc' dir='ltr'>δὲ</span> 
     </span>
    </p>
   </div>
   <div class='ocr_carea' id='block_1_93' title="bbox 96 4594 610 4664">
    <p class='ocr_par' dir='ltr' id='par_1_93' title="bbox 96 4594 610 4664">
     <span class='ocr_line' id='line_1_93' title="bbox 96 4594 610 4664; baseline 0.004 -18"><span class='ocrx_word' id='word_1_654' title='bbox 96 4594 207 4662; x_wconf 60' lang='grc' dir='ltr'>πρὸς</span> <span class='ocrx_word' id='word_1_655' title='bbox 237 4594 610 4664; x_wconf 78' lang='grc' dir='ltr'>ἀμφοτέρους.</span> 
     </span>
    </p>
   </div>
   <div class='ocr_carea' id='block_1_94' title="bbox 161 4757 1661 4846">
    <p class='ocr_par' dir='ltr' id='par_1_94' title="bbox 161 4772 1661 4846">
     <span class='ocr_line' id='line_1_94' title="bbox 161 4772 1661 4846; baseline 0.001 -20"><span class='ocrx_word' id='word_1_656' title='bbox 161 4772 348 4842; x_wconf 85' lang='grc' dir='ltr'>Ἡμεῖς</span> <span class='ocrx_word' id='word_1_657' title='bbox 382 4772 672 4844; x_wconf 85' lang='grc' dir='ltr'>μάρτυρας</span> <span class='ocrx_word' id='word_1_658' title='bbox 715 4773 777 4826; x_wconf 92' lang='grc' dir='ltr'><strong>οὐ</strong></span> <span class='ocrx_word' id='word_1_659' title='bbox 827 4774 1263 4846; x_wconf 84' lang='grc' dir='ltr'>προσκυνοῦμεν,</span> <span class='ocrx_word' id='word_1_660' title='bbox 1302 4775 1439 4829; x_wconf 87' lang='grc' dir='ltr'><strong>ἀλλά</strong></span> <span class='ocrx_word' id='word_1_661' title='bbox 1483 4774 1661 4845; x_wconf 88' lang='grc' dir='ltr'>τιμῶ-</span> 
     </span>
    </p>
   </div>
   <div class='ocr_carea' id='block_1_95' title="bbox 101 4863 1662 4939">
    <p class='ocr_par' dir='ltr' id='par_1_95' title="bbox 101 4863 1662 4939">
     <span class='ocr_line' id='line_1_95' title="bbox 101 4863 1662 4939; baseline 0.004 -25"><span class='ocrx_word' id='word_1_662' title='bbox 101 4878 199 4930; x_wconf 81' lang='grc' dir='ltr'>μεν,</span> <span class='ocrx_word' id='word_1_663' title='bbox 239 4863 315 4926; x_wconf 82' lang='grc' dir='ltr'><strong>ὡς</strong></span> <span class='ocrx_word' id='word_1_664' title='bbox 355 4864 620 4935; x_wconf 83' lang='grc' dir='ltr'>γνησίους</span> <span class='ocrx_word' id='word_1_665' title='bbox 673 4868 1062 4939; x_wconf 77' lang='grc' dir='ltr'>προσκυνητάς</span> <span class='ocrx_word' id='word_1_666' title='bbox 1094 4865 1263 4920; x_wconf 77' lang='grc' dir='ltr'>Θεοῦο</span> <span class='ocrx_word' id='word_1_667' title='bbox 1314 4868 1376 4921; x_wconf 90' lang='grc' dir='ltr'><strong>οὐ</strong></span> <span class='ocrx_word' id='word_1_668' title='bbox 1428 4867 1662 4937; x_wconf 83' lang='grc' dir='ltr'>σέϐομεν</span> 
     </span>
    </p>
   </div>
   <div class='ocr_carea' id='block_1_96' title="bbox 99 4953 1664 5030">
    <p class='ocr_par' dir='ltr' id='par_1_96' title="bbox 99 4953 1664 5030">
     <span class='ocr_line' id='line_1_96' title="bbox 99 4953 1664 5030; baseline 0.006 -26"><span class='ocrx_word' id='word_1_669' title='bbox 99 4953 396 5025; x_wconf 70' lang='grc' dir='ltr'>ἀνθρώπους</span> <span class='ocrx_word' id='word_1_670' title='bbox 422 4995 438 5020; x_wconf 84' lang='grc'><strong>,</strong></span> <span class='ocrx_word' id='word_1_671' title='bbox 477 4955 832 5028; x_wconf 74' lang='grc' dir='ltr'>θαυμάζομεν</span> <span class='ocrx_word' id='word_1_672' title='bbox 877 4958 935 5012; x_wconf 84' lang='grc' dir='ltr'><strong>δέ</strong></span> <span class='ocrx_word' id='word_1_673' title='bbox 990 4961 1116 5022; x_wconf 78' lang='grc' dir='ltr'>τοὺς</span> <span class='ocrx_word' id='word_1_674' title='bbox 1149 4961 1208 5012; x_wconf 84' lang='grc' dir='ltr'><strong>ἐν</strong></span> <span class='ocrx_word' id='word_1_675' title='bbox 1250 4959 1426 5030; x_wconf 80' lang='grc' dir='ltr'>καιρῷ</span> <span class='ocrx_word' id='word_1_676' title='bbox 1459 4977 1664 5029; x_wconf 86' lang='grc' dir='ltr'>πειρα-</span> 
     </span>
    </p>
   </div>
   <div class='ocr_carea' id='block_1_97' title="bbox 102 5046 1665 5123">
    <p class='ocr_par' dir='ltr' id='par_1_97' title="bbox 102 5046 1665 5123">
     <span class='ocr_line' id='line_1_97' title="bbox 102 5046 1665 5123; baseline 0.004 -25"><span class='ocrx_word' id='word_1_677' title='bbox 102 5046 231 5115; x_wconf 76' lang='grc' dir='ltr'>σμῶν</span> <span class='ocrx_word' id='word_1_678' title='bbox 245 5046 429 5110; x_wconf 80' lang='grc' dir='ltr'>καλῶς</span> <span class='ocrx_word' id='word_1_679' title='bbox 452 5047 818 5112; x_wconf 82' lang='grc' dir='ltr'>σεϐασθέντας</span> <span class='ocrx_word' id='word_1_680' title='bbox 849 5048 985 5120; x_wconf 79' lang='grc' dir='ltr'>Θεῷ.</span> <span class='ocrx_word' id='word_1_681' title='bbox 1014 5050 1104 5104; x_wconf 88' lang='grc' dir='ltr'>Ἐν</span> <span class='ocrx_word' id='word_1_682' title='bbox 1133 5049 1331 5123; x_wconf 89' lang='grc' dir='ltr'>θήκαις</span> <span class='ocrx_word' id='word_1_683' title='bbox 1354 5052 1665 5122; x_wconf 79' lang='grc' dir='ltr'>φιλοκάλοις</span> 
     </span>
    </p>
   </div>
   <div class='ocr_carea' id='block_1_98' title="bbox 102 5136 1662 5216">
    <p class='ocr_par' dir='ltr' id='par_1_98' title="bbox 102 5136 1662 5216">
     <span class='ocr_line' id='line_1_98' title="bbox 102 5136 1662 5216; baseline 0.008 -29"><span class='ocrx_word' id='word_1_684' title='bbox 102 5136 470 5208; x_wconf 73' lang='grc' dir='ltr'>ἁποτιθέμεθα,</span> <span class='ocrx_word' id='word_1_685' title='bbox 500 5139 596 5192; x_wconf 77' lang='grc' dir='ltr'>καὶ</span> <span class='ocrx_word' id='word_1_686' title='bbox 618 5139 804 5203; x_wconf 73' lang='grc' dir='ltr'>οἴκους</span> <span class='ocrx_word' id='word_1_687' title='bbox 837 5142 935 5212; x_wconf 84' lang='grc' dir='ltr'><strong>τῆς</strong></span> <span class='ocrx_word' id='word_1_688' title='bbox 960 5143 1319 5210; x_wconf 81' lang='grc' dir='ltr'>ἀναπαύσεως</span> <span class='ocrx_word' id='word_1_689' title='bbox 1353 5144 1662 5216; x_wconf 85' lang='grc' dir='ltr'>ἐγείρομεν,</span> 
     </span>
    </p>
   </div>
   <div class='ocr_carea' id='block_1_99' title="bbox 104 5231 1668 5307">
    <p class='ocr_par' dir='ltr' id='par_1_99' title="bbox 104 5231 1668 5307">
     <span class='ocr_line' id='line_1_99' title="bbox 104 5231 1668 5307; baseline 0.009 -29"><span class='ocrx_word' id='word_1_690' title='bbox 104 5231 205 5291; x_wconf 63' lang='lat' dir='ltr'><strong>cui;</strong></span> <span class='ocrx_word' id='word_1_691' title='bbox 247 5235 620 5296; x_wconf 81' lang='grc' dir='ltr'>κατασκευαῖς</span> <span class='ocrx_word' id='word_1_692' title='bbox 663 5233 1139 5306; x_wconf 83' lang='grc' dir='ltr'>μεγαλοπρεπεῖς,</span> <span class='ocrx_word' id='word_1_693' title='bbox 1199 5236 1287 5291; x_wconf 84' lang='grc' dir='ltr'><strong>ἴνα</strong></span> <span class='ocrx_word' id='word_1_694' title='bbox 1329 5237 1668 5307; x_wconf 80' lang='grc' dir='ltr'>ζηλώσωμεν</span> 
     </span>
    </p>
   </div>
   <div class='ocr_carea' id='block_1_100' title="bbox 105 5320 1666 5401">
    <p class='ocr_par' dir='ltr' id='par_1_100' title="bbox 105 5320 1666 5401">
     <span class='ocr_line' id='line_1_100' title="bbox 105 5320 1666 5401; baseline 0.025 -32"><span class='ocrx_word' id='word_1_695' title='bbox 105 5320 188 5383; x_wconf 66' lang='grc' dir='ltr'>τὶς</span> <span class='ocrx_word' id='word_1_696' title='bbox 224 5324 324 5375; x_wconf 83' lang='grc' dir='ltr'><strong>τῶν</strong></span> <span class='ocrx_word' id='word_1_697' title='bbox 356 5323 540 5387; x_wconf 87' lang='grc' dir='ltr'>καλῶς</span> <span class='ocrx_word' id='word_1_698' title='bbox 577 5324 1023 5396; x_wconf 83' lang='grc' dir='ltr'>τελευτησάντων</span> <span class='ocrx_word' id='word_1_699' title='bbox 1063 5328 1230 5398; x_wconf 82' lang='grc' dir='ltr'>τιμάς</span> <span class='ocrx_word' id='word_1_700' title='bbox 1253 5346 1270 5362; x_wconf 89' lang='grc'><strong>⁹</strong></span> <span class='ocrx_word' id='word_1_701' title='bbox 1297 5329 1398 5383; x_wconf 63' lang='grc' dir='ltr'><strong>οὒκ</strong></span> <span class='ocrx_word' id='word_1_702' title='bbox 1431 5329 1666 5401; x_wconf 67' lang='grc' dir='ltr'><strong>ἄμισθον</strong></span> 
     </span>
    </p>
   </div>
   <div class='ocr_carea' id='block_1_101' title="bbox 106 5409 1667 5495">
    <p class='ocr_par' dir='ltr' id='par_1_101' title="bbox 106 5409 1667 5495">
     <span class='ocr_line' id='line_1_101' title="bbox 106 5409 1667 5495; baseline 0.012 -34"><span class='ocrx_word' id='word_1_703' title='bbox 106 5409 156 5461; x_wconf 67' lang='grc' dir='ltr'><strong>δὲ</strong></span> <span class='ocrx_word' id='word_1_704' title='bbox 182 5412 269 5483; x_wconf 72' lang='grc' dir='ltr'><strong>τήν</strong></span> <span class='ocrx_word' id='word_1_705' title='bbox 298 5417 376 5480; x_wconf 82' lang='grc' dir='ltr'><strong>εἰς</strong></span> <span class='ocrx_word' id='word_1_706' title='bbox 403 5418 607 5481; x_wconf 80' lang='grc' dir='ltr'>αὐτοὺς</span> <span class='ocrx_word' id='word_1_707' title='bbox 655 5419 892 5490; x_wconf 73' lang='grc' dir='ltr'>σπουδὴν</span> <span class='ocrx_word' id='word_1_708' title='bbox 919 5420 1337 5492; x_wconf 79' lang='grc' dir='ltr'>ἐπιδεικνύμεθα</span> <span class='ocrx_word' id='word_1_709' title='bbox 1361 5461 1374 5484; x_wconf 85' lang='grc'><strong>,</strong></span> <span class='ocrx_word' id='word_1_710' title='bbox 1411 5422 1546 5478; x_wconf 86' lang='grc' dir='ltr'><strong>ἀλλά</strong></span> <span class='ocrx_word' id='word_1_711' title='bbox 1567 5427 1667 5495; x_wconf 86' lang='grc' dir='ltr'><strong>τῆς</strong></span> 
     </span>
    </p>
   </div>
   <div class='ocr_carea' id='block_1_102' title="bbox 116 5509 1641 5588">
    <p class='ocr_par' dir='ltr' id='par_1_102' title="bbox 116 5509 1641 5588">
     <span class='ocr_line' id='line_1_102' title="bbox 116 5509 1641 5588; baseline 0.01 -34"><span class='ocrx_word' id='word_1_712' title='bbox 116 5510 413 5573; x_wconf 71' lang='grc' dir='ltr'>προστασίας</span> <span class='ocrx_word' id='word_1_713' title='bbox 487 5509 672 5564; x_wconf 86' lang='grc' dir='ltr'>αὐτῶν</span> <span class='ocrx_word' id='word_1_714' title='bbox 721 5511 820 5581; x_wconf 76' lang='grc' dir='ltr'>τῆς</span> <span class='ocrx_word' id='word_1_715' title='bbox 894 5513 1032 5584; x_wconf 75' lang='grc' dir='ltr'>πρὸς</span> <span class='ocrx_word' id='word_1_716' title='bbox 1101 5514 1232 5567; x_wconf 76' lang='grc' dir='ltr'>Θεὸν</span> <span class='ocrx_word' id='word_1_717' title='bbox 1292 5515 1641 5588; x_wconf 78' lang='grc' dir='ltr'>ἀπολαύομεν</span> 
     </span>
    </p>
   </div>
   <div class='ocr_carea' id='block_1_103' title="bbox 177 5724 788 5799">
    <p class='ocr_par' dir='ltr' id='par_1_103' title="bbox 177 5724 788 5799">
     <span class='ocr_line' id='line_1_103' title="bbox 177 5724 788 5799; baseline 0.007 -14"><span class='ocrx_word' id='word_1_718' title='bbox 177 5724 212 5759; x_wconf 75' lang='lat'>&quot;</span> <span class='ocrx_word' id='word_1_719' title='bbox 243 5733 537 5798; x_wconf 78' lang='grc' dir='ltr'>ὑπουδαίας</span> <span class='ocrx_word' id='word_1_720' title='bbox 577 5735 788 5799; x_wconf 69' lang='grc' dir='ltr'>μνείας.</span> 
     </span>
    </p>
   </div>
   <div class='ocr_carea' id='block_1_104' title="bbox 1771 4507 3356 4578">
    <p class='ocr_par' dir='ltr' id='par_1_104' title="bbox 1771 4507 3356 4578">
     <span class='ocr_line' id='line_1_104' title="bbox 1771 4507 3356 4578; baseline -0.001 -14"><span class='ocrx_word' id='word_1_721' title='bbox 1771 4524 1962 4564; x_wconf 86' lang='lat' dir='ltr'><strong>eorum</strong></span> <span class='ocrx_word' id='word_1_722' title='bbox 1993 4509 2255 4564; x_wconf 89' lang='lat' dir='ltr'><strong>memoria</strong></span> <span class='ocrx_word' id='word_1_723' title='bbox 2278 4509 2331 4564; x_wconf 92' lang='lat' dir='ltr'><strong>in</strong></span> <span class='ocrx_word' id='word_1_724' title='bbox 2361 4508 2607 4578; x_wconf 89' lang='lat' dir='ltr'><strong>pauculis</strong></span> <span class='ocrx_word' id='word_1_725' title='bbox 2634 4508 2899 4576; x_wconf 90' lang='lat' dir='ltr'><strong>reliquiis,</strong></span> <span class='ocrx_word' id='word_1_726' title='bbox 2928 4507 3104 4576; x_wconf 88' lang='lat' dir='ltr'><strong>iisque</strong></span> <span class='ocrx_word' id='word_1_727' title='bbox 3130 4507 3356 4576; x_wconf 83' lang='lat' dir='ltr'><strong>sepultis</strong></span> 
     </span>
    </p>
   </div>
   <div class='ocr_carea' id='block_1_105' title="bbox 1773 4597 3355 4671">
    <p class='ocr_par' dir='ltr' id='par_1_105' title="bbox 1773 4597 3355 4671">
     <span class='ocr_line' id='line_1_105' title="bbox 1773 4597 3355 4671; baseline -0.003 -15"><span class='ocrx_word' id='word_1_728' title='bbox 1773 4601 1944 4671; x_wconf 83' lang='lat' dir='ltr'><strong>posita</strong></span> <span class='ocrx_word' id='word_1_729' title='bbox 1971 4602 2096 4656; x_wconf 84' lang='lat' dir='ltr'><strong>est?</strong></span> <span class='ocrx_word' id='word_1_730' title='bbox 2141 4599 2268 4656; x_wconf 68' lang='lat' dir='ltr'><strong>llarc</strong></span> <span class='ocrx_word' id='word_1_731' title='bbox 2295 4601 2451 4671; x_wconf 85' lang='lat' dir='ltr'><strong>plane</strong></span> <span class='ocrx_word' id='word_1_732' title='bbox 2480 4597 2709 4668; x_wconf 82' lang='lat' dir='ltr'><strong>gentiles</strong></span> <span class='ocrx_word' id='word_1_733' title='bbox 2742 4598 3036 4666; x_wconf 78' lang='lat' dir='ltr'><strong>objiciunt,</strong></span> <span class='ocrx_word' id='word_1_734' title='bbox 3067 4613 3131 4652; x_wconf 88' lang='lat' dir='ltr'><strong>ac</strong></span> <span class='ocrx_word' id='word_1_735' title='bbox 3175 4599 3355 4652; x_wconf 85' lang='lat' dir='ltr'><strong>Euno-</strong></span> 
     </span>
    </p>
   </div>
   <div class='ocr_carea' id='block_1_106' title="bbox 1774 4688 2954 4757">
    <p class='ocr_par' dir='ltr' id='par_1_106' title="bbox 1774 4688 2954 4757">
     <span class='ocr_line' id='line_1_106' title="bbox 1774 4688 2954 4757; baseline -0.003 -13"><span class='ocrx_word' id='word_1_736' title='bbox 1774 4690 1938 4744; x_wconf 90' lang='lat' dir='ltr'><strong>miani</strong></span> <span class='ocrx_word' id='word_1_737' title='bbox 1967 4707 1983 4756; x_wconf 85' lang='lat'><strong>;</strong></span> <span class='ocrx_word' id='word_1_738' title='bbox 2026 4704 2122 4744; x_wconf 87' lang='lat' dir='ltr'><strong>nos</strong></span> <span class='ocrx_word' id='word_1_739' title='bbox 2153 4703 2282 4744; x_wconf 84' lang='lat' dir='ltr'><strong>vero</strong></span> <span class='ocrx_word' id='word_1_740' title='bbox 2311 4689 2378 4743; x_wconf 88' lang='lat' dir='ltr'><strong>ad</strong></span> <span class='ocrx_word' id='word_1_741' title='bbox 2405 4695 2668 4757; x_wconf 88' lang='lat' dir='ltr'><strong>utrosque‘</strong></span> <span class='ocrx_word' id='word_1_742' title='bbox 2690 4688 2954 4742; x_wconf 86' lang='lat' dir='ltr'><strong>dicamus.</strong></span> 
     </span>
    </p>
   </div>
   <div class='ocr_carea' id='block_1_107' title="bbox 1812 4780 3353 4853">
    <p class='ocr_par' dir='ltr' id='par_1_107' title="bbox 1812 4780 3353 4853">
     <span class='ocr_line' id='line_1_107' title="bbox 1812 4780 3353 4853; baseline -0.001 -17"><span class='ocrx_word' id='word_1_743' title='bbox 1812 4781 1954 4836; x_wconf 86' lang='lat' dir='ltr'><strong>&#39;Nos</strong></span> <span class='ocrx_word' id='word_1_744' title='bbox 2007 4782 2229 4837; x_wconf 89' lang='lat' dir='ltr'><strong>minime</strong></span> <span class='ocrx_word' id='word_1_745' title='bbox 2275 4780 2517 4853; x_wconf 86' lang='lat' dir='ltr'><strong>gentium</strong></span> <span class='ocrx_word' id='word_1_746' title='bbox 2572 4781 2860 4835; x_wconf 89' lang='lat' dir='ltr'><strong>adoramus</strong></span> <span class='ocrx_word' id='word_1_747' title='bbox 2907 4788 3203 4850; x_wconf 87' lang='lat' dir='ltr'><strong>martyres,</strong></span> <span class='ocrx_word' id='word_1_748' title='bbox 3259 4781 3353 4835; x_wconf 79' lang='lat' dir='ltr'><strong>sed</strong></span> 
     </span>
    </p>
   </div>
   <div class='ocr_carea' id='block_1_108' title="bbox 1775 4873 3352 4944">
    <p class='ocr_par' dir='ltr' id='par_1_108' title="bbox 1775 4873 3352 4944">
     <span class='ocr_line' id='line_1_108' title="bbox 1775 4873 3352 4944; baseline 0 -16"><span class='ocrx_word' id='word_1_749' title='bbox 1775 4883 2029 4944; x_wconf 90' lang='lat' dir='ltr'><strong>tanquam</strong></span> <span class='ocrx_word' id='word_1_750' title='bbox 2064 4877 2208 4930; x_wconf 87' lang='lat' dir='ltr'><strong>veris</strong></span> <span class='ocrx_word' id='word_1_751' title='bbox 2237 4875 2330 4931; x_wconf 89' lang='lat' dir='ltr'><strong>Dei</strong></span> <span class='ocrx_word' id='word_1_752' title='bbox 2358 4875 2738 4930; x_wconf 88' lang='lat' dir='ltr'><strong>adoratoribus</strong></span> <span class='ocrx_word' id='word_1_753' title='bbox 2783 4873 3041 4928; x_wconf 89' lang='lat' dir='ltr'><strong>habemus</strong></span> <span class='ocrx_word' id='word_1_754' title='bbox 3067 4873 3352 4928; x_wconf 89' lang='lat' dir='ltr'><strong>honorem.</strong></span> 
     </span>
    </p>
   </div>
   <div class='ocr_carea' id='block_1_109' title="bbox 1774 4964 3354 5034">
    <p class='ocr_par' dir='ltr' id='par_1_109' title="bbox 1774 4964 3354 5034">
     <span class='ocr_line' id='line_1_109' title="bbox 1774 4964 3354 5034; baseline -0.001 -14"><span class='ocrx_word' id='word_1_755' title='bbox 1774 4965 1889 5020; x_wconf 83' lang='lat' dir='ltr'><strong>Non</strong></span> <span class='ocrx_word' id='word_1_756' title='bbox 1940 4967 2168 5023; x_wconf 86' lang='lat' dir='ltr'><strong>colimus</strong></span> <span class='ocrx_word' id='word_1_757' title='bbox 2215 4967 2498 5032; x_wconf 85' lang='lat' dir='ltr'><strong>homines;</strong></span> <span class='ocrx_word' id='word_1_758' title='bbox 2559 4967 2652 5022; x_wconf 85' lang='lat' dir='ltr'><strong>sed</strong></span> <span class='ocrx_word' id='word_1_759' title='bbox 2724 4979 2818 5021; x_wconf 91' lang='lat' dir='ltr'><strong>eos</strong></span> <span class='ocrx_word' id='word_1_760' title='bbox 2863 4964 3218 5028; x_wconf 85' lang='lat' dir='ltr'><strong>admiramur,</strong></span> <span class='ocrx_word' id='word_1_761' title='bbox 3261 4967 3354 5034; x_wconf 90' lang='lat' dir='ltr'><strong>qui</strong></span> 
     </span>
    </p>
   </div>
   <div class='ocr_carea' id='block_1_110' title="bbox 1777 5042 3352 5130">
    <p class='ocr_par' dir='ltr' id='par_1_110' title="bbox 1777 5042 3352 5130">
     <span class='ocr_line' id='line_1_110' title="bbox 1777 5042 3352 5130; baseline -0.001 -15"><span class='ocrx_word' id='word_1_762' title='bbox 1777 5071 2016 5128; x_wconf 86' lang='lat' dir='ltr'><strong>tempore</strong></span> <span class='ocrx_word' id='word_1_763' title='bbox 2064 5042 2500 5130; x_wconf 87' lang='lat' dir='ltr'><strong>persecutionum</strong></span> <span class='ocrx_word' id='word_1_764' title='bbox 2572 5059 2627 5112; x_wconf 91' lang='lat' dir='ltr'><strong>in</strong></span> <span class='ocrx_word' id='word_1_765' title='bbox 2683 5057 2780 5112; x_wconf 91' lang='lat' dir='ltr'><strong>Dei</strong></span> <span class='ocrx_word' id='word_1_766' title='bbox 2839 5056 3097 5126; x_wconf 67' lang='lat' dir='ltr'><strong>praeclare</strong></span> <span class='ocrx_word' id='word_1_767' title='bbox 3147 5057 3352 5112; x_wconf 86' lang='lat' dir='ltr'><strong>cultum</strong></span> 
     </span>
    </p>
   </div>
   <div class='ocr_carea' id='block_1_111' title="bbox 1774 5146 3354 5219">
    <p class='ocr_par' dir='ltr' id='par_1_111' title="bbox 1774 5146 3354 5219">
     <span class='ocr_line' id='line_1_111' title="bbox 1774 5146 3354 5219; baseline -0.001 -15"><span class='ocrx_word' id='word_1_768' title='bbox 1774 5150 2043 5219; x_wconf 86' lang='lat' dir='ltr'><strong>absumpti</strong></span> <span class='ocrx_word' id='word_1_769' title='bbox 2073 5158 2219 5205; x_wconf 87' lang='lat' dir='ltr'><strong>sunt.</strong></span> <span class='ocrx_word' id='word_1_770' title='bbox 2251 5149 2308 5204; x_wconf 95' lang='lat' dir='ltr'><strong>In</strong></span> <span class='ocrx_word' id='word_1_771' title='bbox 2340 5149 2534 5204; x_wconf 90' lang='lat' dir='ltr'><strong>loculis</strong></span> <span class='ocrx_word' id='word_1_772' title='bbox 2562 5163 2628 5203; x_wconf 89' lang='lat' dir='ltr'><strong>ac</strong></span> <span class='ocrx_word' id='word_1_773' title='bbox 2668 5146 2930 5217; x_wconf 90' lang='lat' dir='ltr'><strong>sepulcris</strong></span> <span class='ocrx_word' id='word_1_774' title='bbox 2964 5147 3193 5214; x_wconf 88' lang='lat' dir='ltr'><strong>pulchre</strong></span> <span class='ocrx_word' id='word_1_775' title='bbox 3241 5149 3354 5204; x_wconf 85' lang='lat' dir='ltr'><strong>ela-</strong></span> 
     </span>
    </p>
   </div>
   <div class='ocr_carea' id='block_1_112' title="bbox 1777 5239 3353 5313">
    <p class='ocr_par' dir='ltr' id='par_1_112' title="bbox 1777 5239 3353 5313">
     <span class='ocr_line' id='line_1_112' title="bbox 1777 5239 3353 5313; baseline -0.001 -15"><span class='ocrx_word' id='word_1_776' title='bbox 1777 5244 1984 5300; x_wconf 88' lang='lat' dir='ltr'><strong>borat-is</strong></span> <span class='ocrx_word' id='word_1_777' title='bbox 2011 5244 2353 5313; x_wconf 87' lang='lat' dir='ltr'><strong>deponimus,</strong></span> <span class='ocrx_word' id='word_1_778' title='bbox 2377 5239 2776 5311; x_wconf 87' lang='lat' dir='ltr'><strong>structurisque</strong></span> <span class='ocrx_word' id='word_1_779' title='bbox 2821 5240 3135 5310; x_wconf 80' lang='lat' dir='ltr'><strong>magniﬁcas</strong></span> <span class='ocrx_word' id='word_1_780' title='bbox 3164 5256 3353 5298; x_wconf 88' lang='lat' dir='ltr'><strong>eorum</strong></span> 
     </span>
    </p>
   </div>
   <div class='ocr_carea' id='block_1_113' title="bbox 1772 5334 3357 5406">
    <p class='ocr_par' dir='ltr' id='par_1_113' title="bbox 1772 5334 3357 5406">
     <span class='ocr_line' id='line_1_113' title="bbox 1772 5334 3357 5406; baseline 0.003 -19"><span class='ocrx_word' id='word_1_781' title='bbox 1772 5334 2124 5404; x_wconf 86' lang='lat' dir='ltr'><strong>requietionis</strong></span> <span class='ocrx_word' id='word_1_782' title='bbox 2155 5334 2463 5392; x_wconf 80' lang='lat' dir='ltr'><strong>excitamus</strong></span> <span class='ocrx_word' id='word_1_783' title='bbox 2498 5334 2683 5390; x_wconf 90' lang='lat' dir='ltr'><strong>domos</strong></span> <span class='ocrx_word' id='word_1_784' title='bbox 2709 5373 2726 5395; x_wconf 82' lang='lat'><strong>.</strong></span> <span class='ocrx_word' id='word_1_785' title='bbox 2759 5342 2816 5389; x_wconf 90' lang='lat' dir='ltr'><strong>ut</strong></span> <span class='ocrx_word' id='word_1_786' title='bbox 2848 5347 3041 5389; x_wconf 84' lang='lat' dir='ltr'><strong>eorum</strong></span> <span class='ocrx_word' id='word_1_787' title='bbox 3080 5335 3173 5404; x_wconf 91' lang='lat' dir='ltr'><strong>qui</strong></span> <span class='ocrx_word' id='word_1_788' title='bbox 3218 5351 3357 5406; x_wconf 71' lang='lat' dir='ltr'><strong>pra:-</strong></span> 
     </span>
    </p>
   </div>
   <div class='ocr_carea' id='block_1_114' title="bbox 1769 5426 3355 5492">
    <p class='ocr_par' dir='ltr' id='par_1_114' title="bbox 1769 5426 3355 5492">
     <span class='ocr_line' id='line_1_114' title="bbox 1769 5426 3355 5492; baseline 0.003 -13"><span class='ocrx_word' id='word_1_789' title='bbox 1769 5426 1915 5482; x_wconf 86' lang='lat' dir='ltr'><strong>clare</strong></span> <span class='ocrx_word' id='word_1_790' title='bbox 1939 5427 2046 5481; x_wconf 84' lang='lat' dir='ltr'><strong>vita</strong></span> <span class='ocrx_word' id='word_1_791' title='bbox 2078 5426 2244 5482; x_wconf 89' lang='lat' dir='ltr'><strong>functi</strong></span> <span class='ocrx_word' id='word_1_792' title='bbox 2273 5437 2422 5492; x_wconf 89' lang='lat' dir='ltr'><strong>sunt,</strong></span> <span class='ocrx_word' id='word_1_793' title='bbox 2458 5427 2695 5483; x_wconf 89' lang='lat' dir='ltr'><strong>honores</strong></span> <span class='ocrx_word' id='word_1_794' title='bbox 2719 5427 3056 5484; x_wconf 68' lang='lat' dir='ltr'><strong>aemulemur.</strong></span> <span class='ocrx_word' id='word_1_795' title='bbox 3092 5427 3203 5484; x_wconf 85' lang='lat' dir='ltr'><strong>Nec</strong></span> <span class='ocrx_word' id='word_1_796' title='bbox 3225 5442 3355 5484; x_wconf 78' lang='lat' dir='ltr'><strong>vero</strong></span> 
     </span>
    </p>
   </div>
   <div class='ocr_carea' id='block_1_115' title="bbox 1769 5520 3354 5590">
    <p class='ocr_par' dir='ltr' id='par_1_115' title="bbox 1769 5520 3354 5590">
     <span class='ocr_line' id='line_1_115' title="bbox 1769 5520 3354 5590; baseline 0.004 -18"><span class='ocrx_word' id='word_1_797' title='bbox 1769 5521 2016 5577; x_wconf 88' lang='lat' dir='ltr'><strong>mercede</strong></span> <span class='ocrx_word' id='word_1_798' title='bbox 2059 5535 2287 5575; x_wconf 85' lang='lat' dir='ltr'><strong>vacuum</strong></span> <span class='ocrx_word' id='word_1_799' title='bbox 2339 5521 2390 5575; x_wconf 91' lang='lat' dir='ltr'><strong>in</strong></span> <span class='ocrx_word' id='word_1_800' title='bbox 2445 5535 2539 5576; x_wconf 90' lang='lat' dir='ltr'><strong>eos</strong></span> <span class='ocrx_word' id='word_1_801' title='bbox 2584 5520 2907 5577; x_wconf 77' lang='lat' dir='ltr'><strong>exhibemus</strong></span> <span class='ocrx_word' id='word_1_802' title='bbox 2955 5521 3213 5590; x_wconf 85' lang='lat' dir='ltr'><strong>studium,</strong></span> <span class='ocrx_word' id='word_1_803' title='bbox 3259 5521 3354 5578; x_wconf 87' lang='lat' dir='ltr'><strong>sed</strong></span> 
     </span>
    </p>
   </div>
  </div>
