3820 6300
458 250 566 306 323

1727 244 1786 302 Β.
1827 244 2101 302 ASTERII
2139 244 2443 302 AHASENI

3605 251 3731 307 σει

457 381 645 438 eorum
690 364 831 434 apud
884 365 1053 419 Deum
1091 362 1394 434 patrocinio
1426 360 1674 418 fruimur.
1710 363 1845 431 Quia
1879 372 2026 419 enim

2144 364 2362 436 Ἐπειδὴ
2387 364 2496 437 γὰρ
2539 366 2640 418 οὐκ
2669 366 2832 437 ἀρκεῖ
2874 366 2909 436 ἡ
2944 365 3191 436 ἡμετέρα
3216 363 3350 435 εὐχὴ
3376 363 3730 434 δυσωπῆσαι

458 472 571 512 non
599 456 778 512 valent
810 465 1008 511 nostrae
1037 469 1226 524 preces
1270 453 1436 510 Deum
1482 454 1793 521 inﬂectere,
1828 470 1893 510 ac
1926 455 2030 509 im-

458 562 676 618 petrare
716 549 1058 604 necessitatis
1095 556 1367 617 tempore,
1406 561 1472 601 ac
1527 546 1753 603 molesta
1803 546 2029 602 calami-

458 654 568 697 tate
594 660 610 696 :
642 641 841 711 quippe
864 656 987 696 cum
1013 650 1194 695 nostra
1223 638 1400 694 oratio
1428 655 1535 695 non
1586 640 1890 694 obsecratio
1935 640 2023 702 sit,

458 736 551 789 sed
576 733 889 788 delictorum
915 733 1357 787 commemoratio
1374 771 1392 797 ,
1419 731 1622 787 idcirco
1646 732 1713 785 ad
1738 745 2032 786 conservos

457 824 797 895 confugimus
853 825 1079 879 Domino
1139 824 1525 890 charissimos,
1572 833 1631 877 ut
1682 838 1779 894 pro
1831 822 2033 892 quibus

457 917 674 986 egregie
712 932 778 971 ac
820 931 885 972 ex
934 917 1137 971 virtute
1163 924 1420 987 egerunt,
1466 916 1668 971 nostris
1713 915 1789 969 illi
1822 914 2031 971 delictis

460 1006 797 1061 medeantur.
844 1006 1127 1072 Quodnam
1164 1021 1295 1075 ergo
1339 1006 1482 1061 istud
1523 1006 1746 1069 crimen,
1783 1014 1843 1059 nt
1883 1020 2030 1059 mar-

461 1098 666 1166 tyribus
689 1097 949 1152 honorem
983 1098 1263 1160 habentes,
1297 1097 1396 1166 ipsi
1424 1112 1640 1167 quoque
1671 1096 1886 1165 placere
1919 1096 2030 1150 Deo

457 1189 810 1244 studeamus?
833 1189 978 1259 quod
999 1226 1016 1251 ,
1064 1190 1305 1258 inquam,
1335 1189 1564 1249 crimen.
1599 1196 1656 1242 ut
1684 1188 1750 1242 ad
1775 1198 2033 1257 patronos

457 1279 875 1351 confugiamus?
905 1280 1010 1334 Sed
1031 1289 1086 1335 et
1118 1288 1207 1334 tua
1230 1279 1483 1350 deinceps
1502 1280 1871 1350 exquiramus,
1902 1295 2030 1333 num

456 1373 550 1441 qui
574 1386 819 1436 accusas,
854 1372 968 1440 ipse
994 1371 1071 1426 sis
1107 1373 1177 1426 ab
1200 1371 1345 1426 omni
1379 1373 1607 1427 mundus
1632 1371 1884 1426 crimine.
1912 1371 2029 1438 Qua

457 1464 512 1519 id
541 1479 667 1520 vero
694 1464 902 1519 ratione
921 1503 938 1528 ,
970 1479 1094 1519 eum
1128 1474 1416 1520 sexcentos
1452 1474 1693 1519 mortuos
1741 1464 1989 1519 homines
2013 1505 2029 1524 .

457 1572 565 1611 non
590 1556 795 1611 honore
821 1555 1193 1626 prosequaris,
1223 1556 1318 1610 sed
1348 1564 1400 1608 ut
1433 1556 1563 1609 deos
1590 1555 1821 1612 adores?

533 1640 728 1700 Nonne
782 1654 839 1700 tu
893 1645 1146 1701 Cererem
1195 1660 1261 1700 ac
1314 1644 1736 1715 Proserpinam,
1789 1661 1890 1717 pro
1942 1656 2029 1700 tua

463 1739 726 1804 amentia,
761 1738 988 1792 deorum
1024 1739 1230 1793 honore
1253 1739 1475 1802 auxisti,
1505 1738 1719 1808 duoque
1751 1739 2030 1795 muliebria
2064 1717 2106 1773 Β

458 1827 658 1898 templa
711 1829 1054 1891 exstruxisti.
1106 1843 1173 1884 ac
1223 1829 1458 1885 honoras
1502 1829 1737 1886 victimis
1783 1831 2032 1893 feminas,

457 1920 719 1988 varioque
761 1918 913 1973 omni
965 1919 1143 1975 cultus
1187 1934 1391 1988 genere
1438 1920 1681 1976 adoras?
1717 1919 1905 1975 Nonne
1932 1932 2033 1975 tua:

456 2008 734 2076 religionis
761 2009 907 2066 velut
936 2019 1097 2080 caput
1124 2025 1188 2064 ac
1218 2027 1453 2073 smnma,
1486 2012 1743 2082 mysteria
1787 2022 1917 2068 sunt
1944 2014 2032 2068 ila

456 2100 753 2166 Eleusinia,
803 2116 870 2156 ac
900 2101 1131 2172 populus
1170 2101 1383 2168 Atticae,
1429 2102 1718 2173 llellasque
1756 2105 2029 2170 universa,

454 2191 797 2247 celebrandae
824 2206 989 2247 causa
1018 2192 1273 2248 vanitatis
1303 2193 1507 2263 pariter
1534 2195 1851 2250 concurrit?
1881 2196 2031 2253 Non-

456 2300 525 2340 ne
559 2285 666 2351 illic
690 2285 957 2341 obscurus
985 2284 1074 2339 ille
1104 2284 1416 2351 descensus,
1453 2300 1520 2341 ac
1546 2286 1768 2342 honesta
1811 2287 1899 2343 illa
1945 2304 2033 2345 sa-

455 2378 693 2434 cerdotis
738 2392 804 2433 ac
830 2377 992 2441 vatis,
1039 2392 1162 2433 cum
1208 2377 1409 2434 femina
1436 2380 1714 2435 sacerdote
1740 2380 2029 2452 colloquia,

452 2471 623 2525 solius
661 2484 785 2525 cum
806 2469 919 2525 sola
943 2470 966 2524 ἵ
994 2468 1181 2525 Nonne
1209 2470 1632 2542 exstinguuntur
1658 2471 1828 2538 faces,
1858 2475 2030 2545 pluri-

455 2577 688 2632 musque
736 2577 804 2618 ac
852 2562 1266 2617 innumerabilis
1318 2563 1568 2632 populus,
1600 2579 1755 2620 suam
1790 2566 2029 2637 ipsorum

454 2655 692 2710 salutem
722 2654 1084 2719 arbitrantur,
1114 2669 1234 2723 qua:
1276 2654 1357 2709 sic
1392 2654 1449 2710 in
1491 2656 1729 2712 tenebris
1752 2658 1823 2712 ab
1847 2658 2032 2713 ambo-

452 2747 555 2801 hus
583 2743 759 2800 ﬁunt?
792 2742 984 2800 Nonne
1015 2753 1069 2798 tu
1098 2742 1415 2815 Dionysium
1440 2745 1752 2802 Thebanum
1779 2758 1839 2805 ut
1870 2749 2031 2805 deum

453 2835 651 2892 adoras
691 2835 915 2907 (etenim
949 2836 1180 2907 patriam
1210 2837 1353 2902 dico,
1411 2851 1520 2907 quo
1551 2839 1821 2895 hominem
1861 2855 2031 2897 nove~

2128 456 2260 509 Θεὸν
2291 457 2353 511 ὲν
2382 455 2559 528 καιρῷ
2586 457 2830 527 ἀνάγκης
2855 458 2951 509 καὶ
2979 459 3267 528 συμφορᾶς
3320 459 3390 528 (ἡ
3436 454 3555 527 γὰρ
3584 457 3730 525 δέη-

2132 566 2217 612 σις
2236 549 2393 620 ἡμῶν
2460 551 2521 603 οὐ
2557 550 2902 622 παράκλησίς
2940 552 3108 612 ἐστιν,
3129 550 3265 605 ἀλλά
3289 551 3726 621 ἁμαρτημάτων

2131 641 2508 711 ὑπόμνησις),
2545 641 2635 694 διὰ
2666 641 2825 694 τοῦτο
2848 644 2960 704 τοῖς
2992 641 3377 713 ἀγαπωμένοις
3410 641 3569 713 παρά
3610 640 3721 696 τοῦ

2130 730 2400 784 Δεσπότου
2420 730 2729 802 ὁμοδούλοις
2748 732 3184 802 προσφεύγομεν,
3203 732 3291 784 ἵνα
3305 732 3500 784 ἐκεῖνοι
3512 732 3578 784 ὲν
3595 734 3725 794 τοῖς

2133 822 2284 885 ἰδίοις
2328 822 2717 894 κατορθώμασι
2741 824 2813 876 τὰ
2837 823 3082 894 ἡμέτερα
3109 822 3489 893 θεραπεύσωσι
3520 821 3729 892 πλημο

2135 913 2269 985 μελή
2278 932 2439 984 ματα.
2458 916 2616 968 Ποῖον
2636 912 2730 968 οὖν
2751 914 3024 985 ἔγκλημα,
3037 915 3120 967 ὅτι
3134 914 3401 984 τιμῶντες
3421 913 3727 985 μάρτυρας

2131 1005 2225 1057 καὶ
2251 1005 2406 1058 αὐτοὶ
2428 1006 2799 1077 σπουδάζομεν
2823 1006 3081 1077 ἀρέσκειν
3103 1003 3223 1075 Θεῷ
3244 1022 3259 1069 ;
3281 1004 3366 1068 τίς
3390 1021 3649 1076 κατηγορ
3659 1004 3724 1057 fa.

2131 1096 2463 1166 προστάταις
2492 1096 2886 1169 προσφεύγειη
2921 1096 3293 1167 Ἐξετὰσωμεν
3319 1096 3503 1150 λοιπὸν
3519 1097 3625 1150 καὶ
3641 1099 3722 1151 τὰ

2134 1186 2225 1249 σὰ,
2257 1189 2308 1241 εί
2334 1187 2430 1242 τοῦ
2453 1189 2801 1260 ἐγκλήματος
2834 1191 2864 1242 ὁ
2886 1190 3194 1261 κατήγορος
3218 1186 3570 1259 καθαρεύεις.
3596 1190 3723 1242 Καὶ

2131 1279 2269 1344 πῶς,
2300 1281 2361 1344 ὃς
2381 1298 2445 1350 γε
2479 1282 2708 1353 μυρίους
2729 1282 2841 1335 τῶν
2862 1279 3169 1335 τεθνεώτων
3193 1278 3497 1350 ἀνθρώπων
3532 1280 3603 1333 οὐ
3624 1298 3722 1334 τι-

2134 1370 2262 1441 μᾷς,
2292 1370 2408 1423 ἀλλ’
2430 1372 2506 1435 ὡς
2528 1371 2684 1436 θεοὺς
2711 1373 3065 1442 προσκυνεῖςς

2202 1630 2278 1693 Od
2312 1639 2376 1693 σὺ
2408 1639 2701 1710 Δήμητραν
2740 1636 2833 1691 καὶ
2865 1624 3049 1707 Κόρην
3080 1636 3186 1691 ὑπὸ
3212 1636 3313 1708 τῆς
3350 1635 3538 1699 ἀνοίας
3574 1651 3717 1690 σαυ-

2132 1732 2227 1787 τοῦ
2270 1731 2536 1795 ὲθέωσαςο
2584 1730 2784 1801 ὲδείμω
2830 1729 2887 1783 δὲ
2939 1729 3033 1783 δύο
3079 1728 3331 1797 γυναίους
3374 1729 3557 1793 ναοὺς,
3613 1726 3721 1779 καὶ

2132 1822 2343 1887 θυσίαις
2397 1821 2598 1884 ταύτας
2647 1822 2846 1892 τιμᾷς,
2903 1819 2996 1877 καὶ
3047 1819 3327 1882 παντοίαις
3380 1817 3719 1889 προσκυνεξ

2132 1913 2492 1985 θεραπείαις;
2529 1911 2604 1964 Οὐ
2643 1909 2938 1980 κεφάλαιον
2974 1909 3072 1980 τῆς
3103 1907 3205 1978 σῆς
3233 1905 3528 1980 θρησκείας
3552 1904 3625 1956 τὰ
3655 1905 3720 1955 ἐν

2145 2002 2405 2056 Ἐλευσῖνι
2431 2001 2725 2072 μυστήρια,
2748 1999 2840 2052 καὶ
2861 1997 3029 2069 δῆμος
3056 1995 3319 2060 Ἀττικὸς,
3337 1994 3431 2047 καὶ
3450 1995 3483 2063 ἡ
3515 1990 3719 2054 Ἑλλὰς

2131 2098 2282 2151 πᾶσα
2312 2094 2582 2165 συναίρει,
2618 2093 2705 2147 ἴνα
2737 2091 2932 2163 τελέσῃ
2961 2088 3331 2160 patares-qm;
3363 2087 3478 2139 Οὐκ
3507 2086 3628 2139 ἐκεῖ
3652 2083 3719 2136 τὸ

2131 2188 2459 2243 καταϐάσιον
2490 2185 2553 2239 τὸ
2588 2184 2878 2246 σκοτεινὸν,
2908 2182 3004 2236 καὶ
3026 2181 3082 2234 αἱ
3114 2179 3309 2249 σεμναὶ
3337 2177 3432 2231 τοῦ
3459 2175 3717 2248 ἱεροφάν-

2129 2299 2224 2335 του
2258 2279 2396 2353 πρὸς
2419 2278 2518 2350 τὴν
2549 2276 2753 2348 ἱέρειαν
2797 2274 3099 2343 συντυχίαι,
3138 2272 3302 2343 μόνου
3332 2269 3468 2342 πρὸς
3504 2269 3715 2339 μόνην;

2130 2374 2243 2443 Οὐχ
2274 2373 2332 2426 αἱ
2374 2370 2655 2444 λαμπάδες
2689 2368 3029 2432 σϐέννυνται,
3061 2365 3156 2419 καὶ
3189 2367 3218 2418 ὁ
3247 2363 3412 2426 πολὺς
3441 2363 3538 2415 καὶ
3612 2363 3717 2414 ἁν-

2130 2464 2427 2537 αρίθμητος
2441 2462 2611 2534 δῆμος
2653 2462 2755 2533 τὴν
2772 2459 3043 2530 σωτηρίαν
3069 2456 3248 2511 αὐτῶν
3274 2452 3410 2509 εἶναι
3432 2452 3718 2525 νομίζουσι

2130 2558 2200 2611 τὰ
2223 2560 2281 2610 ὲν
2306 2554 2386 2626 τῷ
2413 2556 2593 2625 σκότῳ
2626 2552 2776 2625 παρά
2815 2551 2921 2605 τῶν
2946 2549 3040 2604 δύο
3063 2548 3444 2622 πραττόμενας
3474 2547 3549 2599 Οὐ
3585 2545 3650 2597 σὺ
3685 2546 3717 2596 ὁ

2129 2650 2221 2703 τὸν
2272 2646 2505 2720 Θηϐαῖον
2550 2644 2805 2698 Διόνυσον
2863 2642 2940 2707 ὡς
2988 2641 3109 2696 θεὸν
3162 2637 3484 2709 προσκυνῶν
3534 2636 3718 2708 (λέγω

2129 2741 2239 2814 γὰρ
2266 2740 2365 2812 τὴν
2391 2739 2644 2811 πατρίδα,
2663 2738 2750 2792 ἴνα
2768 2736 3039 2809 γνωρίσης
3068 2733 3160 2788 τὸν
3191 2731 3518 2805 ἄνθρωπον),
3543 2730 3720 2800 ἄνδρα

2130 2834 2374 2906 γεωργὸν
2418 2831 2678 2903 ἀμπέλων
2722 2829 2818 2883 καὶ
2861 2829 3098 2896 φίλοινον
3118 2867 3133 2890 ,
3168 2824 3466 2897 κωμαστὴν
3512 2823 3715 2894 πάροι.-

456 2928 530 2982 ri:
564 2950 577 2982 ;
608 2943 804 2998 nempe
851 2928 1136 2984 vinitorem
1184 2929 1400 2994 virum,
1464 2944 1528 2984 ac
1584 2930 1708 2986 vino
1756 2932 2029 3000 deditum,

2144 2941 2243 2987 νον,
2302 2922 2470 2993 δῆμον
2518 2918 2913 2991 ἐπισυρόμενον
2961 2914 3373 2989 ἀσχημονοῦντα
3418 2916 3486 2984 τῇ
3537 2912 3715 2983 μέθη,

454 3017 728 3072 ebriosum
796 3028 1221 3074 comessatorem
1254 3054 1271 3086 ,
1331 3019 1424 3087 qui
1479 3021 1732 3090 populum
1804 3025 2032 3092 turpiter

464 3111 835 3165 lascivientem
887 3110 1101 3180 agmine
1145 3110 1406 3175 traheret,
1460 3125 1522 3165 ea
1576 3112 1859 3169 facientem
1912 3131 2032 3184 qua:

463 3202 772 3257 luxuriosos
797 3215 1067 3272 ganeones
1090 3210 1298 3267 notent,
1322 3202 1514 3271 pocula
1549 3219 1677 3259 vero
1711 3207 2029 3261 miscentem

466 3310 590 3348 cum
636 3294 823 3350 Sileno
868 3310 1017 3361 sene,
1051 3310 1116 3351 ac
1138 3310 1262 3351 cum
1297 3294 1511 3368 Satyris
1550 3297 1601 3350 in
1636 3298 1864 3368 tripudia
1899 3298 2032 3354 effu-

455 3382 575 3454 sis),
604 3384 778 3453 epulis
819 3400 887 3440 ac
930 3400 1082 3440 mero
1130 3385 1490 3455 indulgentem
1519 3408 1531 3442 :
1561 3388 1734 3442 virum
1778 3389 2029 3461 denique,

455 3474 564 3529 viui
593 3491 659 3531 ac
685 3475 918 3546 crapulae
959 3477 1158 3531 mundo
1199 3476 1469 3531 fabulam?
1503 3477 1687 3533 Nonne
1716 3489 1770 3533 tu
1802 3478 2016 3536 Herculi

451 3568 733 3623 exsistenti
779 3569 915 3634 viro,
960 3578 1213 3639 tanquam
1275 3568 1407 3624 deus
1445 3581 1611 3637 esset,
1658 3571 1904 3627 victimas
1946 3574 2030 3627 of-

453 3660 589 3728 fers,
635 3663 860 3718 rnbusto
902 3662 1128 3727 homini,
1187 3671 1486 3734 potensque
1531 3678 1596 3718 ac
1645 3663 1783 3719 forte
1833 3666 2030 3736 adepto

454 3768 696 3824 corpus;
739 3754 1044 3823 adorasque
1077 3754 1221 3823 quod
1259 3755 1456 3825 saepius
1484 3763 1704 3810 strenue
1737 3757 1930 3827 egerit,
1963 3773 2028 3813 ac

455 3845 694 3901 ferarum
728 3846 994 3901 edomitor
1024 3845 1218 3901 fuerit?
1245 3844 1387 3913 Quid
1423 3861 1553 3902 vero
1602 3863 1790 3905 rursus
1828 3849 2029 3904 discu-

454 3935 656 4004 lapium
708 3936 881 4000 illum,
932 3951 1181 4005 magnam
1238 3938 1387 3993 orbis
1432 3940 1725 4008 partemin
1761 3940 1927 3994 ferula
1961 3957 2026 3997 ac

461 4028 637 4081 ferrea
673 4026 855 4096 pixide
894 4037 1168 4096 vagatum,
1224 4042 1405 4082 nonne
1449 4029 1583 4084 colis
1612 4044 1677 4084 ac
1703 4031 2030 4086 admiraris?

460 4120 572 4177 Nec
598 4137 748 4184 sane,
785 4122 887 4177 hoc
914 4131 966 4176 te
999 4121 1197 4187 facere,
1233 4122 1449 4177 inficias
1481 4125 1629 4179 ieris.
1663 4126 1871 4195 Quippe
1896 4129 2028 4183 orhe

457 4222 571 4267 toto
600 4212 873 4267 exstantia
906 4213 1124 4281 templa,
1181 4211 1511 4285 Esculapio,
1543 4216 1783 4285 inquam,
1811 4216 2026 4275 Herculi

458 4318 524 4358 ac
572 4302 825 4375 Dionysio
871 4318 1051 4367 sacra,
1087 4313 1190 4359 tua;
1234 4306 1373 4361 illius
1419 4308 1673 4364 vanitatis
1711 4324 2025 4381 argumenta

2136 3018 2319 3069 ἐκεῖνα
2358 3012 2635 3075 ποιοῦντα,
2680 3010 2717 3064 ἃ
2758 3011 2884 3074 τοὺς
2923 3008 3169 3072 ἀσώτους
3213 3004 3519 3078 στηλιτεύει
3581 3005 3720 3058 ἀκο-

2139 3106 2543 3167 λασταίνοντας,
2598 3101 2865 3173 μεθύοντα
2902 3101 2962 3154 δὲ
3015 3099 3155 3172 μετά
3181 3097 3277 3152 τοῦ
3319 3098 3574 3170 γέροντος
3617 3096 3718 3148 τοῦ

2141 3197 2387 3268 Σιληνοῦ,
2426 3196 2520 3249 καὶ
2556 3196 2668 3256 τοῖς
2709 3191 3153 3262 φιλοσκιρτηταῖς
3190 3187 3451 3258 Σατύροις
3481 3187 3719 3240 συνδιαι-

2138 3290 2401 3362 τώμενον,
2437 3289 2531 3342 καὶ
2568 3286 2809 3358 ἱστορίαν
2848 3284 3016 3356 μέθης
3047 3284 3177 3337 ὄντα
3205 3282 3291 3351 τῷ
3307 3282 3440 3352 βίῳ;
3476 3279 3552 3331 Οὐ
3584 3281 3649 3332 σὺ
3687 3282 3718 3332 ὁ

2137 3384 2217 3455 τῷ
2250 3382 2405 3453 ἀνδρὶ
2445 3379 2727 3451 Ἠρακλεῖ,
2758 3378 2833 3442 ὼς
2879 3375 3015 3447 θεῷ,
3045 3375 3145 3440 τὰς
3177 3374 3367 3437 θυσίας
3400 3373 3716 3443 προσάγων,

2138 3472 2413 3547 ἀνθρώπῳ
2447 3470 2763 3544 ρωμαλαίῳ,
2802 3469 2962 3540 σῶμα
2987 3467 3202 3538 λαχόντι
3235 3466 3459 3519 δυνατὸν
3489 3465 3584 3518 καὶ
3616 3465 3715 3518 ἀν-

2138 3567 2334 3639 δρεῖον,
2359 3565 2451 3618 καὶ
2474 3563 2652 3627 σέϐεις
2675 3565 2904 3626 ἐκεῖνον,
2932 3561 3117 3632 ἐπειδὴ
3147 3562 3204 3613 ἐν
3226 3559 3442 3622 πολλοῖς
3468 3558 3695 3630 ὴρίστευ

2140 3674 2251 3721 σεν,
2274 3658 2366 3711 καὶ
2387 3656 2590 3729 θηρίων
2608 3656 2981 3728 περιεγένετο;
3005 3654 3071 3706 Τί
3093 3654 3151 3708 δὲ
3175 3653 3338 3706 πάλιν
3360 3653 3449 3706 τὸν
3488 3652 3717 3720 Ἀσκλη-

2139 3754 2261 3807 πιὸν
2298 3752 2391 3806 τὸν
2425 3754 2484 3805 ἐν
2514 3750 2592 3822 τῷ
2639 3748 2870 3820 νάρθηκι
2912 3745 3083 3801 πολλὰ
3125 3746 3222 3799 καὶ
3263 3748 3331 3816 τῇ
3386 3745 3716 3817 σιδηροθήκῃ

2138 3844 2620 3914 περινοστήσαντα,
2658 3838 2719 3892 οὐ
2751 3838 2929 3898 σέϐεις
2954 3836 3049 3889 καὶ
3076 3833 3351 3905 τέθηπας;
3382 3833 3493 3885 Καὶ
3521 3830 3621 3883 οὐκ
3646 3829 3713 3882 ἂν

2138 3935 2450 4007 ἀρνηθείης,
2476 3933 2552 3997 ὡς
2581 3933 2643 3985 οὐ
2672 3930 2831 3984 τοῦτο
2855 3930 3049 3993 ποιεῖς.
3080 3929 3144 3982 Ol
3175 3926 3285 3997 γὰρ
3313 3922 3588 3995 πανταχοῦ
3616 3923 3712 3993 τῆς

2138 4027 2461 4101 οἰκουμένης
2484 4025 2625 4091 ναοὶ,
2655 4022 2725 4078 τὰ
2751 4022 3105 4094 ’Δσκληπιεῖα
3133 4019 3297 4087 λέγω,
3328 4017 3423 4072 καὶ
3448 4017 3518 4069 τὰ
3548 4016 3713 4084 Ἡρα-

2138 4123 2312 4189 κλεια,
2355 4121 2451 4175 καὶ
2477 4119 2546 4173 τὰ
2579 4115 2833 4171 Διονύσια
2859 4114 3069 4184 ἔλεγχοι
3097 4113 3316 4165 ἑστᾶσιν
3341 4109 3441 4177 τῆς
3474 4106 3573 4176 σῆς
3607 4121 3710 4175 μα-

2136 4216 2417 4287 ταιότητος
2436 4230 2451 4245 ’
2486 4212 2581 4267 καὶ
2625 4210 2799 4273 οὕτως
2845 4207 2957 4277 ἐγὼ
3006 4206 3104 4277 μὲν
3131 4202 3307 4267 ἀθῶος
3345 4197 3709 4267 ἀπελεύσομαι

2135 4311 2230 4366 τοῦ
2273 4310 2615 4381 ἐγκλήματος
2639 4307 2724 4377 (οὐ
2764 4305 2874 4377 γὰρ
2923 4300 3213 4374 προσκυνῶ
3254 4296 3555 4370 μάρτυρας,
3593 4291 3709 4347 οὐδὲ

458 4396 753 4460 exsistunt,
809 4397 992 4467 sicque
1038 4412 1139 4467 ego
1175 4398 1387 4466 quidem
1431 4414 1461 4453 a
1510 4400 1737 4457 crimine
1790 4405 1926 4458 liber
1961 4422 2028 4461 ac

2144 4403 2341 4474 νομίζω
2361 4400 2557 4470 θεούς)’
2583 4400 2648 4454 σὺ
2671 4397 2729 4452 δὲ
2760 4397 3011 4465 πέφηνας
3033 4394 3360 4485 ἐνεχόμενοςΔ
3376 4390 3487 4452 τοῖς
3516 4384 3709 4485 eratsi):

456 4488 735 4544 ahsolntus
777 4490 936 4543 ahiho
986 4493 1116 4559 (non
1166 4493 1311 4545 enim
1364 4491 1531 4547 adoro
1581 4503 1877 4565 martyres,
1934 4513 2029 4552 nec

2144 4512 2330 4565 μασιν,
2374 4494 2468 4548 καὶ
2503 4491 2679 4546 ταῦτα
2711 4487 3031 4560 κατηγορῶν
3060 4486 3293 4559 ἐτέρων·
3327 4482 3516 4550 ὥσπερ
3545 4480 3596 4530 οί
3624 4477 3708 4529 διὰ

456 4582 588 4635 deos
624 4582 874 4650 reputo);
920 4588 973 4636 te
1010 4594 1138 4634 vero
1172 4580 1340 4649 liquet
1376 4581 1546 4636 teneri
1577 4583 1917 4651 criminibus,
1945 4587 2030 4641 id-

456 4689 561 4741 que
601 4687 725 4726 cum
769 4686 956 4726 eorum
991 4670 1129 4726 alios
1162 4686 1282 4725 reos
1310 4686 1457 4740 agas,
1497 4671 1549 4723 iu
1578 4686 1765 4725 eorum
1800 4689 2028 4740 morem,

455 4766 571 4835 qui,
597 4764 735 4819 mala
764 4775 955 4834 agente
978 4764 1330 4828 conscientia,
1357 4765 1564 4834 priores
1588 4765 1685 4834 ipsi
1707 4767 1952 4822 innoxios
1975 4769 2029 4823 in

2137 4588 2306 4642 κακὸν
2351 4584 2589 4649 συνειδὸς
2628 4578 3171 4656 προκατηγοροῦντες
3223 4575 3331 4629 τῶν
3384 4570 3701 4626 ἀνευθύνων.

2149 4678 2494 4751 Ἀνθρὼπους
2523 4677 2654 4748 γὰρ,
2699 4675 2758 4729 οὐ
2794 4675 2951 4737 θεοὺς
2998 4666 3319 4743 προσκυνῶν
3356 4660 3701 4725 ἀποδέδειξιι.

2136 4770 2321 4824 Ταῦτα
2352 4769 2488 4842 πρὸς
2514 4768 2607 4822 τὸν
2639 4766 2852 4822 senm
2881 4768 2946 4819 ἐκ
2979 4761 3189 4817 πολλῶν
3219 4760 3395 4828 ὀλίγα.

453 4856 657 4913 crimen
698 4861 915 4909 vocant.
961 4852 1168 4923 Quippe
1200 4854 1486 4922 probatum
1533 4865 1636 4920 cst,
1689 4856 1937 4911 homines
2007 4867 2060 4912 te
2094 4860 2343 4926 adorare,
2416 4853 2710 4914 non'deos.
2760 4858 2937 4910 Pauca
2988 4856 3101 4909 lucc
3144 4870 3176 4907 e
3221 4852 3402 4906 multis
3450 4850 3706 4901 adversus

457 4951 730 5023 gentilem.

527 5042 688 5097 Nova:
733 5051 913 5098 autem
968 5042 1219 5099 factionis
1268 5041 1467 5109 Judaei,
1524 5045 1652 5113 quid
1705 5045 1907 5101 mirum
1963 5057 2027 5104 ut

457 5146 724 5206 martyres
766 5136 1123 5200 inliouoretis,
1174 5140 1266 5207 qui
1310 5139 1585 5193 Christum
1631 5143 1889 5211 spernitis
1929 5158 2027 5198 ve-

2206 5047 2269 5103 Ui
2295 5044 2353 5103 δὲ
2380 5048 2640 5119 τῆςνὲας
2674 5047 2915 5111 στάσεως
2953 5045 3216 5110 Ἰουδαῖοι,
3246 5041 3300 5097 τί
3326 5038 3635 5112 θαυμαστὸν
3659 5055 3704 5089 ει

2136 5140 2419 5213 μάρτυρας
2457 5138 2778 5211 ἀτιμάζετε,
2807 5137 3043 5210 Χριστὸν
3089 5134 3432 5199 ἀθετοῦντες,
3476 5132 3571 5187 καὶ
3610 5132 3703 5202 τῆς

453 5228 689 5295 strisqne
723 5227 964 5295 ipsorum
993 5232 1337 5285 sermonibus
1367 5233 1436 5286 ab
1461 5233 1774 5302 aequalitate
1802 5245 2027 5304 paterna

2144 5232 2451 5304 δμοιὸτητος
2473 5235 2574 5304 τῆς
2601 5232 2738 5303 πρὸς
2767 5231 2859 5285 τὸν
2889 5230 3111 5303 Πατέρα
3137 5229 3196 5282 ὲν
3217 5230 3329 5292 τοῖς
3362 5228 3513 5290 ἰδίοις
3533 5225 3703 5293 λόγοις

392 5346 409 5385 ς
454 5320 740 5388 separatis,
795 5321 992 5390 quique
1037 5321 1177 5387 loca,
1225 5324 1425 5393 quibus
1469 5326 1837 5394 requieverint
1870 5342 2026 5382 sacra

2144 5322 2480 5395 χωρίζοντες,
2507 5321 2899 5393 φυλαττόμενοι
2951 5321 3007 5374 δὲ
3032 5321 3162 5383 τοὺς
3188 5318 3409 5381 τόπους,
3436 5315 3513 5380 ὡς
3546 5314 3700 5385 βεϐή-

456 5424 727 5478 corpora,
796 5412 940 5464 velut
993 5411 1219 5481 profana
1283 5428 1349 5468 ac
1418 5413 1691 5468 immunda
1746 5416 2028 5470 caveatis?

2144 5416 2278 5480 λους,
2313 5416 2370 5468 ὲν
2393 5407 2476 5478 οἷς
2503 5411 2730 5485 σώματα
2762 5412 2896 5482 ἅγια
2928 5410 3344 5474 avertendus-at;
3381 5408 3523 5460 Ἀλλ’
3554 5407 3602 5461 οἳ
3630 5405 3701 5477 μὴ

456 5501 771 5566 Enimvero,
818 5504 908 5572 qui
954 5520 1058 5558 non
1105 5504 1356 5573 cogitatis
1396 5507 1548 5575 quod
1582 5521 1760 5576 operae
1792 5507 2023 5577 pretium

2144 5507 2216 5570 είς
2247 5507 2454 5560 ἔννοιαν
2477 5504 2660 5567 Ἀθετε
2687 5505 2782 5560 τοῦ
2816 5504 3124 5576 γινομένου,
3152 5501 3426 5574 φοόήθητε
3455 5501 3703 5573 Χριστια-

455 5603 540 5648 est
598 5594 781 5652 timete
804 5594 1096 5652 Christiani
1143 5597 1586 5666 appellationem,
1617 5600 1706 5668 qui
1737 5613 1859 5653 cum
1895 5615 2022 5667 gen-

2144 5598 2209 5651 θοὶ
2241 5598 2543 5670 λεγόμενοι,
2594 5599 2731 5668 μετᾶ
2770 5599 2827 5653 δὲ
2874 5598 3141 5669 Ἑλλήνων
3180 5594 3466 5668 μισοῦντες
3509 5594 3699 5666 μάρτυ-

459 5687 642 5743 tilibus
682 5700 945 5749 martvres
986 5688 1109 5744 odio
1155 5687 1418 5743 habeatis.
1469 5690 1546 5742 Au
1603 5690 1824 5745 nescitis
1869 5692 2025 5746 Chri-

2144 5709 2251 5757 σας.
2310 5694 2422 5747 Ούκ
2476 5693 2611 5758 ἴστε,
2666 5694 2741 5759 ὡς
2794 5695 3139 5765 ἁρχιμάρτυς
3197 5691 3453 5765 Χριστὸς,
3500 5687 3698 5762 πρῶτα-ἶ
