  <div class='ocr_page' id='page_1' title='image "/cluster/home/n/w/nwhite01/storage/ocr_20150623/40/hvd.32044019207786/170.png"; bbox 0 0 3820 6300; ppageno 0'>
   <div class='ocr_carea' id='block_1_1' title="bbox 122 251 213 305">
    <p class='ocr_par' dir='ltr' id='par_1_1' title="bbox 122 251 213 305">
     <span class='ocr_line' id='line_1_1' title="bbox 122 251 213 305; baseline 0 0"><span class='ocrx_word' id='word_1_1' title='bbox 122 251 213 305; x_wconf 77' lang='lat'><strong>5&#39;35</strong></span> 
     </span>
    </p>
   </div>
   <div class='ocr_carea' id='block_1_2' title="bbox 1200 248 2271 308">
    <p class='ocr_par' dir='ltr' id='par_1_2' title="bbox 1200 248 2271 308">
     <span class='ocr_line' id='line_1_2' title="bbox 1200 248 2271 308; baseline 0.002 -3"><span class='ocrx_word' id='word_1_2' title='bbox 1200 248 1482 307; x_wconf 73' lang='lat' dir='ltr'><strong>IIOMILIA</strong></span> <span class='ocrx_word' id='word_1_3' title='bbox 1517 249 1587 305; x_wconf 83' lang='lat' dir='ltr'><strong>X.</strong></span> <span class='ocrx_word' id='word_1_4' title='bbox 1620 250 1687 306; x_wconf 85' lang='lat' dir='ltr'><strong>IN</strong></span> <span class='ocrx_word' id='word_1_5' title='bbox 1727 249 1827 307; x_wconf 86' lang='lat' dir='ltr'><strong>SS.</strong></span> <span class='ocrx_word' id='word_1_6' title='bbox 1871 250 2271 308; x_wconf 80' lang='lat' dir='ltr'><strong>MARTYRES.</strong></span> 
     </span>
    </p>
   </div>
   <div class='ocr_carea' id='block_1_3' title="bbox 3263 255 3376 315">
    <p class='ocr_par' dir='ltr' id='par_1_3' title="bbox 3263 255 3376 315">
     <span class='ocr_line' id='line_1_3' title="bbox 3263 255 3376 315; baseline 0.018 -3"><span class='ocrx_word' id='word_1_7' title='bbox 3263 255 3376 315; x_wconf 70' lang='lat'><strong>326</strong></span> 
     </span>
    </p>
   </div>
   <div class='ocr_carea' id='block_1_4' title="bbox 123 365 1674 442">
    <p class='ocr_par' dir='ltr' id='par_1_4' title="bbox 123 365 1671 442">
     <span class='ocr_line' id='line_1_4' title="bbox 123 365 1671 442; baseline -0.001 -18"><span class='ocrx_word' id='word_1_8' title='bbox 123 370 306 433; x_wconf 70' lang='grc' dir='ltr'>κιθὼν,</span> <span class='ocrx_word' id='word_1_9' title='bbox 350 371 451 425; x_wconf 77' lang='grc' dir='ltr'><strong>καὶ</strong></span> <span class='ocrx_word' id='word_1_10' title='bbox 475 371 587 434; x_wconf 82' lang='grc' dir='ltr'>τοῖς</span> <span class='ocrx_word' id='word_1_11' title='bbox 621 369 834 434; x_wconf 86' lang='grc' dir='ltr'>δούλοις</span> <span class='ocrx_word' id='word_1_12' title='bbox 859 369 952 424; x_wconf 83' lang='grc' dir='ltr'>τὸν</span> <span class='ocrx_word' id='word_1_13' title='bbox 985 365 1145 440; x_wconf 77' lang='grc' dir='ltr'>ζῆλον</span> <span class='ocrx_word' id='word_1_14' title='bbox 1179 373 1374 441; x_wconf 83' lang='grc' dir='ltr'>ἀφείς;</span> <span class='ocrx_word' id='word_1_15' title='bbox 1406 367 1539 424; x_wconf 81' lang='grc' dir='ltr'>Εἶτα</span> <span class='ocrx_word' id='word_1_16' title='bbox 1572 388 1671 442; x_wconf 90' lang='grc' dir='ltr'><strong>μετ</strong></span> 
     </span>
    </p>
   </div>
   <div class='ocr_carea' id='block_1_5' title="bbox 1782 365 3374 442">
    <p class='ocr_par' dir='ltr' id='par_1_5' title="bbox 1797 371 3374 442">
     <span class='ocr_line' id='line_1_5' title="bbox 1797 371 3374 442; baseline 0.004 -20"><span class='ocrx_word' id='word_1_17' title='bbox 1797 380 1938 423; x_wconf 90' lang='lat' dir='ltr'><strong>stum</strong></span> <span class='ocrx_word' id='word_1_18' title='bbox 1968 371 2268 438; x_wconf 90' lang='lat' dir='ltr'><strong>principem</strong></span> <span class='ocrx_word' id='word_1_19' title='bbox 2307 382 2429 423; x_wconf 90' lang='lat' dir='ltr'><strong>esse</strong></span> <span class='ocrx_word' id='word_1_20' title='bbox 2460 379 2782 439; x_wconf 86' lang='lat' dir='ltr'><strong>martyrum,</strong></span> <span class='ocrx_word' id='word_1_21' title='bbox 2816 373 2906 440; x_wconf 86' lang='lat' dir='ltr'><strong>qui</strong></span> <span class='ocrx_word' id='word_1_22' title='bbox 2943 373 3150 441; x_wconf 83' lang='lat' dir='ltr'><strong>primus</strong></span> <span class='ocrx_word' id='word_1_23' title='bbox 3177 387 3374 442; x_wconf 83' lang='lat' dir='ltr'><strong>passus</strong></span> 
     </span>
    </p>
   </div>
   <div class='ocr_carea' id='block_1_6' title="bbox 122 461 1687 533">
    <p class='ocr_par' dir='ltr' id='par_1_6' title="bbox 122 461 1687 533">
     <span class='ocr_line' id='line_1_6' title="bbox 122 461 1687 533; baseline 0.001 -19"><span class='ocrx_word' id='word_1_24' title='bbox 122 464 300 514; x_wconf 68' lang='grc' dir='ltr'>ἐκεῖνον</span> <span class='ocrx_word' id='word_1_25' title='bbox 328 462 620 530; x_wconf 80' lang='grc' dir='ltr'>Στέφανος,</span> <span class='ocrx_word' id='word_1_26' title='bbox 661 463 690 514; x_wconf 89' lang='lat'><strong>6</strong></span> <span class='ocrx_word' id='word_1_27' title='bbox 730 461 1069 532; x_wconf 80' lang='grc' dir='ltr'>φερωνύμως</span> <span class='ocrx_word' id='word_1_28' title='bbox 1111 462 1214 533; x_wconf 88' lang='grc' dir='ltr'><strong>τῆς</strong></span> <span class='ocrx_word' id='word_1_29' title='bbox 1242 463 1384 517; x_wconf 89' lang='grc' dir='ltr'><strong>κατά</strong></span> <span class='ocrx_word' id='word_1_30' title='bbox 1429 463 1563 517; x_wconf 79' lang='grc' dir='ltr'>Θεὸν</span> <span class='ocrx_word' id='word_1_31' title='bbox 1594 463 1687 516; x_wconf 86' lang='grc' dir='ltr'>εύ-</span> 
     </span>
    </p>
   </div>
   <div class='ocr_carea' id='block_1_7' title="bbox 120 554 1685 626">
    <p class='ocr_par' dir='ltr' id='par_1_7' title="bbox 120 554 1685 626">
     <span class='ocr_line' id='line_1_7' title="bbox 120 554 1685 626; baseline -0.001 -16"><span class='ocrx_word' id='word_1_32' title='bbox 298 557 641 626; x_wconf 68' lang='grc' dir='ltr'>άγωνιστήςυ</span> <span class='ocrx_word' id='word_1_33' title='bbox 673 555 876 617; x_wconf 87' lang='grc' dir='ltr'>πάντες</span> <span class='ocrx_word' id='word_1_34' title='bbox 901 556 952 606; x_wconf 88' lang='grc' dir='ltr'>οἱ</span> <span class='ocrx_word' id='word_1_35' title='bbox 985 554 1111 624; x_wconf 81' lang='grc' dir='ltr'>ἑξῆς</span> <span class='ocrx_word' id='word_1_36' title='bbox 1144 556 1384 626; x_wconf 78' lang='grc' dir='ltr'>μαθηταὶ</span> <span class='ocrx_word' id='word_1_37' title='bbox 1417 555 1512 608; x_wconf 79' lang='grc' dir='ltr'>καὶ</span> <span class='ocrx_word' id='word_1_38' title='bbox 1547 555 1685 609; x_wconf 87' lang='grc' dir='ltr'>ἀπό-</span> 
     </span>
    </p>
   </div>
   <div class='ocr_carea' id='block_1_8' title="bbox 123 645 1686 719">
    <p class='ocr_par' dir='ltr' id='par_1_8' title="bbox 123 645 1686 719">
     <span class='ocr_line' id='line_1_8' title="bbox 123 645 1686 719; baseline 0 -19"><span class='ocrx_word' id='word_1_39' title='bbox 123 649 292 702; x_wconf 80' lang='grc' dir='ltr'>στολοι.</span> <span class='ocrx_word' id='word_1_40' title='bbox 322 649 436 702; x_wconf 74' lang='grc' dir='ltr'><strong>Καὶ</strong></span> <span class='ocrx_word' id='word_1_41' title='bbox 479 646 799 716; x_wconf 77' lang='grc' dir='ltr'><strong>ἐπίσκεψαι,</strong></span> <span class='ocrx_word' id='word_1_42' title='bbox 833 645 922 699; x_wconf 79' lang='grc' dir='ltr'><strong>διὰ</strong></span> <span class='ocrx_word' id='word_1_43' title='bbox 958 648 1086 717; x_wconf 77' lang='grc' dir='ltr'>μιᾶς</span> <span class='ocrx_word' id='word_1_44' title='bbox 1121 645 1334 719; x_wconf 80' lang='grc' dir='ltr'>ὕϐρεως</span> <span class='ocrx_word' id='word_1_45' title='bbox 1369 649 1527 712; x_wconf 83' lang='grc' dir='ltr'>ὅσους</span> <span class='ocrx_word' id='word_1_46' title='bbox 1567 649 1686 701; x_wconf 86' lang='grc' dir='ltr'>ἀτι-</span> 
     </span>
    </p>
   </div>
   <div class='ocr_carea' id='block_1_9' title="bbox 124 739 1688 811">
    <p class='ocr_par' dir='ltr' id='par_1_9' title="bbox 124 739 1688 811">
     <span class='ocr_line' id='line_1_9' title="bbox 124 739 1688 811; baseline 0 -17"><span class='ocrx_word' id='word_1_47' title='bbox 124 741 321 810; x_wconf 73' lang='grc' dir='ltr'>μάζεις·</span> <span class='ocrx_word' id='word_1_48' title='bbox 373 741 632 811; x_wconf 76' lang='grc' dir='ltr'><strong>Ἰωάννην</strong></span> <span class='ocrx_word' id='word_1_49' title='bbox 663 739 756 792; x_wconf 81' lang='grc' dir='ltr'>τὸν</span> <span class='ocrx_word' id='word_1_50' title='bbox 799 739 1129 810; x_wconf 80' lang='grc' dir='ltr'>Βαπτιστὴν,</span> <span class='ocrx_word' id='word_1_51' title='bbox 1189 741 1444 794; x_wconf 86' lang='grc' dir='ltr'>Ἰάκωϐον</span> <span class='ocrx_word' id='word_1_52' title='bbox 1471 740 1564 794; x_wconf 84' lang='grc' dir='ltr'>τὸν</span> <span class='ocrx_word' id='word_1_53' title='bbox 1601 741 1688 794; x_wconf 77' lang='grc' dir='ltr'>λε-</span> 
     </span>
    </p>
   </div>
   <div class='ocr_carea' id='block_1_10' title="bbox 119 831 1685 904">
    <p class='ocr_par' dir='ltr' id='par_1_10' title="bbox 119 831 1685 904">
     <span class='ocr_line' id='line_1_10' title="bbox 119 831 1685 904; baseline 0.001 -20"><span class='ocrx_word' id='word_1_54' title='bbox 119 833 320 902; x_wconf 79' lang='grc' dir='ltr'>γόμενον</span> <span class='ocrx_word' id='word_1_55' title='bbox 358 832 590 899; x_wconf 74' lang='grc' dir='ltr'>ἀδελφὺν</span> <span class='ocrx_word' id='word_1_56' title='bbox 629 831 724 885; x_wconf 89' lang='grc' dir='ltr'><strong>τοῦ</strong></span> <span class='ocrx_word' id='word_1_57' title='bbox 768 832 998 904; x_wconf 80' lang='grc' dir='ltr'><strong>Κυρίου,</strong></span> <span class='ocrx_word' id='word_1_58' title='bbox 1039 832 1266 904; x_wconf 81' lang='grc' dir='ltr'><strong>Πέτρον,</strong></span> <span class='ocrx_word' id='word_1_59' title='bbox 1297 833 1530 897; x_wconf 81' lang='grc' dir='ltr'>Παῦλον,</span> <span class='ocrx_word' id='word_1_60' title='bbox 1565 833 1685 886; x_wconf 84' lang='grc' dir='ltr'><strong>Θω-</strong></span> 
     </span>
    </p>
   </div>
   <div class='ocr_carea' id='block_1_11' title="bbox 119 922 1681 998">
    <p class='ocr_par' dir='ltr' id='par_1_11' title="bbox 119 922 1681 998">
     <span class='ocr_line' id='line_1_11' title="bbox 119 922 1681 998; baseline 0.002 -22"><span class='ocrx_word' id='word_1_61' title='bbox 119 930 208 995; x_wconf 75' lang='grc' dir='ltr'>μᾶν</span> <span class='ocrx_word' id='word_1_62' title='bbox 226 925 466 995; x_wconf 78' lang='grc' dir='ltr'><strong>(τούτους</strong></span> <span class='ocrx_word' id='word_1_63' title='bbox 487 925 564 989; x_wconf 87' lang='grc' dir='ltr'>ὼς</span> <span class='ocrx_word' id='word_1_64' title='bbox 586 924 901 996; x_wconf 76' lang='grc' dir='ltr'><strong>προστάτας</strong></span> <span class='ocrx_word' id='word_1_65' title='bbox 921 922 1172 996; x_wconf 76' lang='grc' dir='ltr'><strong>ὀνομάζω</strong></span> <span class='ocrx_word' id='word_1_66' title='bbox 1200 925 1308 978; x_wconf 83' lang='grc' dir='ltr'><strong>τῶν</strong></span> <span class='ocrx_word' id='word_1_67' title='bbox 1342 925 1681 998; x_wconf 80' lang='grc' dir='ltr'>μαρτύρων)’</span> 
     </span>
    </p>
   </div>
   <div class='ocr_carea' id='block_1_12' title="bbox 118 1017 1684 1091">
    <p class='ocr_par' dir='ltr' id='par_1_12' title="bbox 118 1017 1684 1091">
     <span class='ocr_line' id='line_1_12' title="bbox 118 1017 1684 1091; baseline -0.001 -20"><span class='ocrx_word' id='word_1_68' title='bbox 118 1021 280 1072; x_wconf 76' lang='grc' dir='ltr'>ἔπειτα</span> <span class='ocrx_word' id='word_1_69' title='bbox 321 1020 382 1072; x_wconf 76' lang='grc' dir='ltr'>τὸ</span> <span class='ocrx_word' id='word_1_70' title='bbox 421 1019 652 1091; x_wconf 82' lang='grc' dir='ltr'>ἄπειρον</span> <span class='ocrx_word' id='word_1_71' title='bbox 699 1017 902 1089; x_wconf 87' lang='grc' dir='ltr'>πλῆθος</span> <span class='ocrx_word' id='word_1_72' title='bbox 947 1017 1057 1070; x_wconf 82' lang='grc' dir='ltr'>τῶν</span> <span class='ocrx_word' id='word_1_73' title='bbox 1110 1017 1492 1072; x_wconf 85' lang='grc' dir='ltr'>ἀποθανόντων</span> <span class='ocrx_word' id='word_1_74' title='bbox 1540 1018 1684 1090; x_wconf 82' lang='grc' dir='ltr'>ὑπὲρ</span> 
     </span>
    </p>
   </div>
   <div class='ocr_carea' id='block_1_13' title="bbox 116 1109 1679 1183">
    <p class='ocr_par' dir='ltr' id='par_1_13' title="bbox 116 1109 1679 1183">
     <span class='ocr_line' id='line_1_13' title="bbox 116 1109 1679 1183; baseline -0.001 -19"><span class='ocrx_word' id='word_1_75' title='bbox 116 1115 196 1183; x_wconf 77' lang='grc' dir='ltr'><strong>τῆς</strong></span> <span class='ocrx_word' id='word_1_76' title='bbox 224 1113 382 1182; x_wconf 75' lang='grc' dir='ltr'>ζωῆς.</span> <span class='ocrx_word' id='word_1_77' title='bbox 423 1111 517 1182; x_wconf 79' lang='grc' dir='ltr'><strong>Μὴ</strong></span> <span class='ocrx_word' id='word_1_78' title='bbox 566 1111 762 1182; x_wconf 88' lang='grc' dir='ltr'>μικρόν</span> <span class='ocrx_word' id='word_1_79' title='bbox 797 1129 878 1164; x_wconf 91' lang='grc' dir='ltr'><strong>σοι</strong></span> <span class='ocrx_word' id='word_1_80' title='bbox 908 1109 1122 1175; x_wconf 79' lang='grc' dir='ltr'>τούτοις</span> <span class='ocrx_word' id='word_1_81' title='bbox 1171 1111 1565 1183; x_wconf 89' lang='grc' dir='ltr'>προσκρούειν;</span> <span class='ocrx_word' id='word_1_82' title='bbox 1605 1113 1679 1182; x_wconf 84' lang='grc' dir='ltr'>μὴ</span> 
     </span>
    </p>
   </div>
   <div class='ocr_carea' id='block_1_14' title="bbox 114 1199 1684 1272">
    <p class='ocr_par' dir='ltr' id='par_1_14' title="bbox 114 1199 1684 1272">
     <span class='ocr_line' id='line_1_14' title="bbox 114 1199 1684 1272; baseline 0 -20"><span class='ocrx_word' id='word_1_83' title='bbox 114 1203 267 1269; x_wconf 72' lang='grc' dir='ltr'>ὀλίγος</span> <span class='ocrx_word' id='word_1_84' title='bbox 309 1203 412 1272; x_wconf 82' lang='grc' dir='ltr'><strong>τῆς</strong></span> <span class='ocrx_word' id='word_1_85' title='bbox 452 1201 657 1272; x_wconf 69' lang='grc' dir='ltr'>ἔχθρας</span> <span class='ocrx_word' id='word_1_86' title='bbox 693 1203 722 1254; x_wconf 95' lang='lat'><strong>6</strong></span> <span class='ocrx_word' id='word_1_87' title='bbox 747 1200 1025 1266; x_wconf 88' lang='grc' dir='ltr'>κίνδυνος;</span> <span class='ocrx_word' id='word_1_88' title='bbox 1068 1199 1284 1252; x_wconf 82' lang='grc' dir='ltr'>Τούτων</span> <span class='ocrx_word' id='word_1_89' title='bbox 1317 1199 1547 1263; x_wconf 74' lang='grc' dir='ltr'>ἕκαστος</span> <span class='ocrx_word' id='word_1_90' title='bbox 1590 1199 1684 1253; x_wconf 85' lang='grc' dir='ltr'>τὸν</span> 
     </span>
    </p>
   </div>
   <div class='ocr_carea' id='block_1_15' title="bbox 113 1291 1682 1364">
    <p class='ocr_par' dir='ltr' id='par_1_15' title="bbox 113 1291 1682 1364">
     <span class='ocr_line' id='line_1_15' title="bbox 113 1291 1682 1364; baseline -0.001 -18"><span class='ocrx_word' id='word_1_91' title='bbox 113 1294 328 1347; x_wconf 77' lang='grc' dir='ltr'>διάϐολον</span> <span class='ocrx_word' id='word_1_92' title='bbox 365 1294 511 1364; x_wconf 84' lang='grc' dir='ltr'><strong>μετά</strong></span> <span class='ocrx_word' id='word_1_93' title='bbox 540 1294 642 1363; x_wconf 86' lang='grc' dir='ltr'><strong>τῆς</strong></span> <span class='ocrx_word' id='word_1_94' title='bbox 677 1291 948 1364; x_wconf 80' lang='grc' dir='ltr'>φρατρίας</span> <span class='ocrx_word' id='word_1_95' title='bbox 979 1291 1086 1344; x_wconf 84' lang='grc' dir='ltr'>τῶν</span> <span class='ocrx_word' id='word_1_96' title='bbox 1113 1291 1385 1362; x_wconf 79' lang='grc' dir='ltr'>δαιμόνων</span> <span class='ocrx_word' id='word_1_97' title='bbox 1410 1291 1682 1362; x_wconf 86' lang='grc' dir='ltr'>ἐνίκησεν,</span> 
     </span>
    </p>
   </div>
   <div class='ocr_carea' id='block_1_16' title="bbox 114 1385 1684 1458">
    <p class='ocr_par' dir='ltr' id='par_1_16' title="bbox 114 1385 1684 1458">
     <span class='ocr_line' id='line_1_16' title="bbox 114 1385 1684 1458; baseline -0.001 -18"><span class='ocrx_word' id='word_1_98' title='bbox 114 1388 340 1455; x_wconf 80' lang='grc' dir='ltr'>ἀγγέλοις</span> <span class='ocrx_word' id='word_1_99' title='bbox 369 1388 432 1440; x_wconf 85' lang='grc' dir='ltr'>δὲ</span> <span class='ocrx_word' id='word_1_100' title='bbox 467 1387 768 1458; x_wconf 78' lang='grc' dir='ltr'>ἐνεγράφη,</span> <span class='ocrx_word' id='word_1_101' title='bbox 822 1387 917 1440; x_wconf 70' lang='grc' dir='ltr'>καὶ</span> <span class='ocrx_word' id='word_1_102' title='bbox 969 1387 1216 1458; x_wconf 85' lang='grc' dir='ltr'>τηρεῖται</span> <span class='ocrx_word' id='word_1_103' title='bbox 1274 1386 1351 1449; x_wconf 85' lang='grc' dir='ltr'>ὡς</span> <span class='ocrx_word' id='word_1_104' title='bbox 1402 1385 1684 1456; x_wconf 87' lang='grc' dir='ltr'>εὐδόκιμος</span> 
     </span>
    </p>
   </div>
   <div class='ocr_carea' id='block_1_17' title="bbox 114 1477 1682 1551">
    <p class='ocr_par' dir='ltr' id='par_1_17' title="bbox 114 1477 1682 1551">
     <span class='ocr_line' id='line_1_17' title="bbox 114 1477 1682 1551; baseline -0.001 -19"><span class='ocrx_word' id='word_1_105' title='bbox 114 1481 321 1551; x_wconf 73' lang='grc' dir='ltr'>ἀθλητὴς</span> <span class='ocrx_word' id='word_1_106' title='bbox 345 1482 414 1551; x_wconf 86' lang='grc' dir='ltr'>τῇ</span> <span class='ocrx_word' id='word_1_107' title='bbox 444 1479 750 1550; x_wconf 80' lang='grc' dir='ltr'>άναρῤήσει</span> <span class='ocrx_word' id='word_1_108' title='bbox 777 1478 876 1548; x_wconf 88' lang='grc' dir='ltr'><strong>τῆς</strong></span> <span class='ocrx_word' id='word_1_109' title='bbox 908 1477 1259 1541; x_wconf 83' lang='grc' dir='ltr'>ἀναστάσεως</span> <span class='ocrx_word' id='word_1_110' title='bbox 1281 1494 1294 1508; x_wconf 72' lang='grc' dir='ltr'><strong>ο</strong></span> <span class='ocrx_word' id='word_1_111' title='bbox 1332 1479 1682 1550; x_wconf 74' lang='grc' dir='ltr'>παραστήσεο</span> 
     </span>
    </p>
   </div>
   <div class='ocr_carea' id='block_1_18' title="bbox 112 1569 1681 1643">
    <p class='ocr_par' dir='ltr' id='par_1_18' title="bbox 112 1569 1681 1643">
     <span class='ocr_line' id='line_1_18' title="bbox 112 1569 1681 1643; baseline 0 -19"><span class='ocrx_word' id='word_1_112' title='bbox 112 1590 184 1625; x_wconf 76' lang='grc' dir='ltr'><strong>ται</strong></span> <span class='ocrx_word' id='word_1_113' title='bbox 214 1573 266 1625; x_wconf 87' lang='grc' dir='ltr'>δὲ</span> <span class='ocrx_word' id='word_1_114' title='bbox 306 1575 375 1643; x_wconf 84' lang='grc' dir='ltr'><strong>τῇ</strong></span> <span class='ocrx_word' id='word_1_115' title='bbox 426 1571 724 1642; x_wconf 74' lang='grc' dir='ltr'>ἐπιφανείᾳ</span> <span class='ocrx_word' id='word_1_116' title='bbox 755 1569 848 1624; x_wconf 81' lang='grc' dir='ltr'><strong>τοῦ</strong></span> <span class='ocrx_word' id='word_1_117' title='bbox 889 1569 1024 1624; x_wconf 87' lang='grc' dir='ltr'>Θεοῦ</span> <span class='ocrx_word' id='word_1_118' title='bbox 1063 1570 1159 1624; x_wconf 74' lang='grc' dir='ltr'>καὶ</span> <span class='ocrx_word' id='word_1_119' title='bbox 1210 1571 1462 1642; x_wconf 83' lang='grc' dir='ltr'>Σωτῆρος</span> <span class='ocrx_word' id='word_1_120' title='bbox 1499 1571 1681 1642; x_wconf 78' lang='grc' dir='ltr'>ἡμῶν,</span> 
     </span>
    </p>
   </div>
   <div class='ocr_carea' id='block_1_19' title="bbox 112 1662 1679 1736">
    <p class='ocr_par' dir='ltr' id='par_1_19' title="bbox 112 1662 1679 1736">
     <span class='ocr_line' id='line_1_19' title="bbox 112 1662 1679 1736; baseline 0 -20"><span class='ocrx_word' id='word_1_121' title='bbox 112 1666 316 1733; x_wconf 74' lang='grc' dir='ltr'>ἀνοίγων</span> <span class='ocrx_word' id='word_1_122' title='bbox 348 1666 409 1717; x_wconf 83' lang='grc' dir='ltr'><strong>ἐν</strong></span> <span class='ocrx_word' id='word_1_123' title='bbox 443 1664 733 1735; x_wconf 74' lang='grc' dir='ltr'>παρρησίᾳ</span> <span class='ocrx_word' id='word_1_124' title='bbox 765 1662 826 1716; x_wconf 86' lang='grc' dir='ltr'>τὸ</span> <span class='ocrx_word' id='word_1_125' title='bbox 857 1663 1050 1734; x_wconf 86' lang='grc' dir='ltr'>στόμα,</span> <span class='ocrx_word' id='word_1_126' title='bbox 1088 1664 1587 1735; x_wconf 76' lang='grc' dir='ltr'>ἐπευφραινόμενος</span> <span class='ocrx_word' id='word_1_127' title='bbox 1615 1666 1679 1736; x_wconf 83' lang='grc' dir='ltr'>τῇ</span> 
     </span>
    </p>
   </div>
   <div class='ocr_carea' id='block_1_20' title="bbox 1789 459 3370 526">
    <p class='ocr_par' dir='ltr' id='par_1_20' title="bbox 1789 459 3370 526">
     <span class='ocr_line' id='line_1_20' title="bbox 1789 459 3370 526; baseline 0.001 -12"><span class='ocrx_word' id='word_1_128' title='bbox 1789 462 1880 526; x_wconf 89' lang='lat' dir='ltr'><strong>sit,</strong></span> <span class='ocrx_word' id='word_1_129' title='bbox 1925 475 1990 516; x_wconf 87' lang='lat' dir='ltr'><strong>ac</strong></span> <span class='ocrx_word' id='word_1_130' title='bbox 2042 461 2214 516; x_wconf 81' lang='lat' dir='ltr'><strong>servis</strong></span> <span class='ocrx_word' id='word_1_131' title='bbox 2264 459 2665 515; x_wconf 75' lang='lat' dir='ltr'><strong>aemulationem</strong></span> <span class='ocrx_word' id='word_1_132' title='bbox 2714 463 3020 517; x_wconf 82' lang='lat' dir='ltr'><strong>dimiserit?</strong></span> <span class='ocrx_word' id='word_1_133' title='bbox 3076 464 3204 518; x_wconf 81' lang='lat' dir='ltr'><strong>Post</strong></span> <span class='ocrx_word' id='word_1_134' title='bbox 3246 480 3370 519; x_wconf 92' lang='lat' dir='ltr'><strong>eum</strong></span> 
     </span>
    </p>
   </div>
   <div class='ocr_carea' id='block_1_21' title="bbox 1789 553 3374 624">
    <p class='ocr_par' dir='ltr' id='par_1_21' title="bbox 1789 553 3374 624">
     <span class='ocr_line' id='line_1_21' title="bbox 1789 553 3374 624; baseline 0.001 -16"><span class='ocrx_word' id='word_1_135' title='bbox 1789 553 2097 623; x_wconf 83' lang='lat' dir='ltr'><strong>Stephanus</strong></span> <span class='ocrx_word' id='word_1_136' title='bbox 2130 570 2227 624; x_wconf 84' lang='lat' dir='ltr'><strong>pro</strong></span> <span class='ocrx_word' id='word_1_137' title='bbox 2256 555 2492 608; x_wconf 88' lang='lat' dir='ltr'><strong>nominis</strong></span> <span class='ocrx_word' id='word_1_138' title='bbox 2525 555 2614 610; x_wconf 91' lang='lat' dir='ltr'><strong>ille</strong></span> <span class='ocrx_word' id='word_1_139' title='bbox 2659 556 2892 622; x_wconf 75' lang='lat' dir='ltr'><strong>ratione,</strong></span> <span class='ocrx_word' id='word_1_140' title='bbox 2939 558 3046 611; x_wconf 68' lang='lat' dir='ltr'><strong>Deo</strong></span> <span class='ocrx_word' id='word_1_141' title='bbox 3087 568 3374 611; x_wconf 84' lang='lat' dir='ltr'><strong>consenta-</strong></span> 
     </span>
    </p>
   </div>
   <div class='ocr_carea' id='block_1_22' title="bbox 1789 646 3369 718">
    <p class='ocr_par' dir='ltr' id='par_1_22' title="bbox 1789 646 3369 718">
     <span class='ocr_line' id='line_1_22' title="bbox 1789 646 3369 718; baseline 0.003 -20"><span class='ocrx_word' id='word_1_142' title='bbox 1789 660 1904 699; x_wconf 80' lang='lat' dir='ltr'><strong>nea:</strong></span> <span class='ocrx_word' id='word_1_143' title='bbox 1947 660 2012 700; x_wconf 89' lang='lat' dir='ltr'><strong>ac</strong></span> <span class='ocrx_word' id='word_1_144' title='bbox 2064 646 2328 715; x_wconf 67' lang='lat' dir='ltr'><strong>religiosae</strong></span> <span class='ocrx_word' id='word_1_145' title='bbox 2385 646 2652 702; x_wconf 80' lang='lat' dir='ltr'><strong>claritatis</strong></span> <span class='ocrx_word' id='word_1_146' title='bbox 2708 649 2873 718; x_wconf 80' lang='lat' dir='ltr'><strong>pugil.</strong></span> <span class='ocrx_word' id='word_1_147' title='bbox 2929 648 3067 703; x_wconf 88' lang='lat' dir='ltr'><strong>Tum</strong></span> <span class='ocrx_word' id='word_1_148' title='bbox 3115 650 3369 718; x_wconf 81' lang='lat' dir='ltr'><strong>discipuli</strong></span> 
     </span>
    </p>
   </div>
   <div class='ocr_carea' id='block_1_23' title="bbox 1787 738 3369 814">
    <p class='ocr_par' dir='ltr' id='par_1_23' title="bbox 1787 738 3369 814">
     <span class='ocr_line' id='line_1_23' title="bbox 1787 738 3369 814; baseline 0.004 -24"><span class='ocrx_word' id='word_1_149' title='bbox 1787 752 1978 792; x_wconf 91' lang='lat' dir='ltr'><strong>omnes</strong></span> <span class='ocrx_word' id='word_1_150' title='bbox 2029 752 2093 792; x_wconf 90' lang='lat' dir='ltr'><strong>ac</strong></span> <span class='ocrx_word' id='word_1_151' title='bbox 2139 739 2389 807; x_wconf 85' lang='lat' dir='ltr'><strong>apostoli.</strong></span> <span class='ocrx_word' id='word_1_152' title='bbox 2446 738 2576 793; x_wconf 90' lang='lat' dir='ltr'><strong>Vide</strong></span> <span class='ocrx_word' id='word_1_153' title='bbox 2609 752 2789 795; x_wconf 89' lang='lat' dir='ltr'><strong>autem</strong></span> <span class='ocrx_word' id='word_1_154' title='bbox 2838 757 2941 794; x_wconf 91' lang='lat' dir='ltr'><strong>uua</strong></span> <span class='ocrx_word' id='word_1_155' title='bbox 2982 743 3178 812; x_wconf 89' lang='lat' dir='ltr'><strong>injuria</strong></span> <span class='ocrx_word' id='word_1_156' title='bbox 3207 761 3369 814; x_wconf 87' lang='lat' dir='ltr'><strong>quam</strong></span> 
     </span>
    </p>
   </div>
   <div class='ocr_carea' id='block_1_24' title="bbox 1789 831 3372 906">
    <p class='ocr_par' dir='ltr' id='par_1_24' title="bbox 1789 831 3372 906">
     <span class='ocr_line' id='line_1_24' title="bbox 1789 831 3372 906; baseline 0.004 -22"><span class='ocrx_word' id='word_1_157' title='bbox 1789 831 1986 885; x_wconf 91' lang='lat' dir='ltr'><strong>multos</strong></span> <span class='ocrx_word' id='word_1_158' title='bbox 2029 831 2232 898; x_wconf 89' lang='lat' dir='ltr'><strong>probro</strong></span> <span class='ocrx_word' id='word_1_159' title='bbox 2285 831 2511 897; x_wconf 72' lang='lat' dir='ltr'><strong>adicias,</strong></span> <span class='ocrx_word' id='word_1_160' title='bbox 2555 833 2819 889; x_wconf 74' lang='lat' dir='ltr'><strong>Joannem</strong></span> <span class='ocrx_word' id='word_1_161' title='bbox 2853 835 3180 906; x_wconf 85' lang='lat' dir='ltr'><strong>Baptistam,</strong></span> <span class='ocrx_word' id='word_1_162' title='bbox 3215 836 3372 892; x_wconf 81' lang='lat' dir='ltr'><strong>Jaco-</strong></span> 
     </span>
    </p>
   </div>
   <div class='ocr_carea' id='block_1_25' title="bbox 1789 920 3370 995">
    <p class='ocr_par' dir='ltr' id='par_1_25' title="bbox 1789 920 3370 995">
     <span class='ocr_line' id='line_1_25' title="bbox 1789 920 3370 995; baseline 0.003 -22"><span class='ocrx_word' id='word_1_163' title='bbox 1789 923 1913 974; x_wconf 91' lang='lat' dir='ltr'><strong>bum</strong></span> <span class='ocrx_word' id='word_1_164' title='bbox 1969 920 2119 974; x_wconf 90' lang='lat' dir='ltr'><strong>illum</strong></span> <span class='ocrx_word' id='word_1_165' title='bbox 2178 922 2389 976; x_wconf 89' lang='lat' dir='ltr'><strong>Domini</strong></span> <span class='ocrx_word' id='word_1_166' title='bbox 2449 923 2672 979; x_wconf 81' lang='lat' dir='ltr'><strong>fratrem</strong></span> <span class='ocrx_word' id='word_1_167' title='bbox 2729 925 3080 995; x_wconf 82' lang='lat' dir='ltr'><strong>appellatum,</strong></span> <span class='ocrx_word' id='word_1_168' title='bbox 3123 929 3370 993; x_wconf 82' lang='lat' dir='ltr'><strong>Petrum,</strong></span> 
     </span>
    </p>
   </div>
   <div class='ocr_carea' id='block_1_26' title="bbox 1788 1010 3390 1090">
    <p class='ocr_par' dir='ltr' id='par_1_26' title="bbox 1788 1010 3390 1090">
     <span class='ocr_line' id='line_1_26' title="bbox 1788 1010 3390 1090; baseline 0.004 -26"><span class='ocrx_word' id='word_1_169' title='bbox 1788 1010 2034 1078; x_wconf 70' lang='lat' dir='ltr'><strong>Paulum,</strong></span> <span class='ocrx_word' id='word_1_170' title='bbox 2067 1011 2327 1069; x_wconf 87' lang='lat' dir='ltr'><strong>Thomam</strong></span> <span class='ocrx_word' id='word_1_171' title='bbox 2358 1014 2482 1084; x_wconf 86' lang='lat' dir='ltr'><strong>(hos</strong></span> <span class='ocrx_word' id='word_1_172' title='bbox 2513 1017 2738 1073; x_wconf 88' lang='lat' dir='ltr'><strong>nomino</strong></span> <span class='ocrx_word' id='word_1_173' title='bbox 2771 1027 3026 1087; x_wconf 87' lang='lat' dir='ltr'><strong>tauquam</strong></span> <span class='ocrx_word' id='word_1_174' title='bbox 3064 1029 3390 1090; x_wconf 74' lang='lat' dir='ltr'><strong>martyrmu</strong></span> 
     </span>
    </p>
   </div>
   <div class='ocr_carea' id='block_1_27' title="bbox 1785 1104 3367 1175">
    <p class='ocr_par' dir='ltr' id='par_1_27' title="bbox 1785 1104 3367 1175">
     <span class='ocr_line' id='line_1_27' title="bbox 1785 1104 3367 1175; baseline 0.004 -17"><span class='ocrx_word' id='word_1_175' title='bbox 1785 1104 2002 1174; x_wconf 88' lang='lat' dir='ltr'><strong>duces);</strong></span> <span class='ocrx_word' id='word_1_176' title='bbox 2055 1107 2121 1160; x_wconf 90' lang='lat' dir='ltr'><strong>ad</strong></span> <span class='ocrx_word' id='word_1_177' title='bbox 2173 1107 2306 1171; x_wconf 59' lang='lat' dir='ltr'><strong>hac,</strong></span> <span class='ocrx_word' id='word_1_178' title='bbox 2361 1108 2678 1163; x_wconf 81' lang='lat' dir='ltr'><strong>immensam</strong></span> <span class='ocrx_word' id='word_1_179' title='bbox 2711 1125 2901 1165; x_wconf 90' lang='lat' dir='ltr'><strong>eorum</strong></span> <span class='ocrx_word' id='word_1_180' title='bbox 2937 1111 3367 1175; x_wconf 87' lang='lat' dir='ltr'><strong>multitudinem,</strong></span> 
     </span>
    </p>
   </div>
   <div class='ocr_carea' id='block_1_28' title="bbox 1785 1197 3368 1264">
    <p class='ocr_par' dir='ltr' id='par_1_28' title="bbox 1785 1197 3368 1264">
     <span class='ocr_line' id='line_1_28' title="bbox 1785 1197 3368 1264; baseline 0.004 -15"><span class='ocrx_word' id='word_1_181' title='bbox 1785 1197 1875 1264; x_wconf 93' lang='lat' dir='ltr'><strong>qui</strong></span> <span class='ocrx_word' id='word_1_182' title='bbox 1908 1197 2030 1250; x_wconf 68' lang='lat' dir='ltr'><strong>vitae</strong></span> <span class='ocrx_word' id='word_1_183' title='bbox 2057 1212 2220 1253; x_wconf 90' lang='lat' dir='ltr'><strong>causa</strong></span> <span class='ocrx_word' id='word_1_184' title='bbox 2256 1209 2430 1253; x_wconf 90' lang='lat' dir='ltr'><strong>morte</strong></span> <span class='ocrx_word' id='word_1_185' title='bbox 2475 1199 2712 1254; x_wconf 90' lang='lat' dir='ltr'><strong>defuncti</strong></span> <span class='ocrx_word' id='word_1_186' title='bbox 2757 1211 2898 1256; x_wconf 86' lang='lat' dir='ltr'><strong>sunt.</strong></span> <span class='ocrx_word' id='word_1_187' title='bbox 2951 1203 3217 1257; x_wconf 79' lang='lat' dir='ltr'><strong>Parumne</strong></span> <span class='ocrx_word' id='word_1_188' title='bbox 3271 1203 3368 1256; x_wconf 85' lang='lat' dir='ltr'><strong>tibi</strong></span> 
     </span>
    </p>
   </div>
   <div class='ocr_carea' id='block_1_29' title="bbox 1785 1288 3369 1360">
    <p class='ocr_par' dir='ltr' id='par_1_29' title="bbox 1785 1288 3369 1360">
     <span class='ocr_line' id='line_1_29' title="bbox 1785 1288 3369 1360; baseline 0.006 -20"><span class='ocrx_word' id='word_1_189' title='bbox 1785 1299 1844 1341; x_wconf 86' lang='lat' dir='ltr'><strong>ut</strong></span> <span class='ocrx_word' id='word_1_190' title='bbox 1871 1289 1970 1343; x_wconf 93' lang='lat' dir='ltr'><strong>hos</strong></span> <span class='ocrx_word' id='word_1_191' title='bbox 2003 1288 2282 1345; x_wconf 82' lang='lat' dir='ltr'><strong>offendas?</strong></span> <span class='ocrx_word' id='word_1_192' title='bbox 2306 1289 2520 1346; x_wconf 86' lang='lat' dir='ltr'><strong>Levene</strong></span> <span class='ocrx_word' id='word_1_193' title='bbox 2550 1292 2849 1360; x_wconf 89' lang='lat' dir='ltr'><strong>periculum</strong></span> <span class='ocrx_word' id='word_1_194' title='bbox 2892 1303 2949 1348; x_wconf 92' lang='lat' dir='ltr'><strong>ut</strong></span> <span class='ocrx_word' id='word_1_195' title='bbox 2986 1311 3170 1349; x_wconf 78' lang='lat' dir='ltr'><strong>eorum</strong></span> <span class='ocrx_word' id='word_1_196' title='bbox 3197 1295 3369 1349; x_wconf 89' lang='lat' dir='ltr'><strong>hostis</strong></span> 
     </span>
    </p>
   </div>
   <div class='ocr_carea' id='block_1_30' title="bbox 1787 1380 3367 1452">
    <p class='ocr_par' dir='ltr' id='par_1_30' title="bbox 1787 1380 3367 1452">
     <span class='ocr_line' id='line_1_30' title="bbox 1787 1380 3367 1452; baseline 0.004 -18"><span class='ocrx_word' id='word_1_197' title='bbox 1787 1381 2082 1436; x_wconf 84' lang='lat' dir='ltr'><strong>habearis?</strong></span> <span class='ocrx_word' id='word_1_198' title='bbox 2144 1380 2344 1437; x_wconf 85' lang='lat' dir='ltr'><strong>Horum</strong></span> <span class='ocrx_word' id='word_1_199' title='bbox 2401 1384 2630 1452; x_wconf 86' lang='lat' dir='ltr'><strong>quilibet</strong></span> <span class='ocrx_word' id='word_1_200' title='bbox 2697 1385 2970 1440; x_wconf 83' lang='lat' dir='ltr'><strong>diabolum</strong></span> <span class='ocrx_word' id='word_1_201' title='bbox 3031 1388 3185 1451; x_wconf 80' lang='lat' dir='ltr'><strong>vicit,</strong></span> <span class='ocrx_word' id='word_1_202' title='bbox 3257 1402 3367 1441; x_wconf 90' lang='lat' dir='ltr'><strong>una</strong></span> 
     </span>
    </p>
   </div>
   <div class='ocr_carea' id='block_1_31' title="bbox 1785 1466 3367 1543">
    <p class='ocr_par' dir='ltr' id='par_1_31' title="bbox 1785 1466 3367 1543">
     <span class='ocr_line' id='line_1_31' title="bbox 1785 1466 3367 1543; baseline 0.001 -19"><span class='ocrx_word' id='word_1_203' title='bbox 1785 1484 1905 1524; x_wconf 93' lang='lat' dir='ltr'><strong>cum</strong></span> <span class='ocrx_word' id='word_1_204' title='bbox 1955 1470 2258 1524; x_wconf 68' lang='lat' dir='ltr'><strong>daemonum</strong></span> <span class='ocrx_word' id='word_1_205' title='bbox 2318 1470 2463 1526; x_wconf 89' lang='lat' dir='ltr'><strong>malo</strong></span> <span class='ocrx_word' id='word_1_206' title='bbox 2514 1466 2786 1539; x_wconf 85' lang='lat' dir='ltr'><strong>sodalitio,</strong></span> <span class='ocrx_word' id='word_1_207' title='bbox 2838 1473 3045 1541; x_wconf 80' lang='lat' dir='ltr'><strong>fuitque</strong></span> <span class='ocrx_word' id='word_1_208' title='bbox 3101 1474 3367 1543; x_wconf 76' lang='lat' dir='ltr'><strong>ascriptus</strong></span> 
     </span>
    </p>
   </div>
   <div class='ocr_carea' id='block_1_32' title="bbox 1786 1560 3366 1636">
    <p class='ocr_par' dir='ltr' id='par_1_32' title="bbox 1786 1560 3366 1636">
     <span class='ocr_line' id='line_1_32' title="bbox 1786 1560 3366 1636; baseline 0.002 -22"><span class='ocrx_word' id='word_1_209' title='bbox 1786 1560 2101 1627; x_wconf 82' lang='lat' dir='ltr'><strong>angelorum</strong></span> <span class='ocrx_word' id='word_1_210' title='bbox 2147 1561 2421 1633; x_wconf 83' lang='lat' dir='ltr'><strong>collegio,</strong></span> <span class='ocrx_word' id='word_1_211' title='bbox 2470 1577 2535 1618; x_wconf 88' lang='lat' dir='ltr'><strong>ac</strong></span> <span class='ocrx_word' id='word_1_212' title='bbox 2590 1572 2849 1634; x_wconf 89' lang='lat' dir='ltr'><strong>tanquam</strong></span> <span class='ocrx_word' id='word_1_213' title='bbox 2908 1565 3169 1634; x_wconf 89' lang='lat' dir='ltr'><strong>probatus</strong></span> <span class='ocrx_word' id='word_1_214' title='bbox 3215 1567 3366 1636; x_wconf 83' lang='lat' dir='ltr'><strong>pugil</strong></span> 
     </span>
    </p>
   </div>
   <div class='ocr_carea' id='block_1_33' title="bbox 1787 1655 3371 1725">
    <p class='ocr_par' dir='ltr' id='par_1_33' title="bbox 1787 1655 3371 1725">
     <span class='ocr_line' id='line_1_33' title="bbox 1787 1655 3371 1725; baseline 0.003 -17"><span class='ocrx_word' id='word_1_215' title='bbox 1787 1655 2004 1723; x_wconf 90' lang='lat' dir='ltr'><strong>publico</strong></span> <span class='ocrx_word' id='word_1_216' title='bbox 2045 1657 2319 1725; x_wconf 66' lang='lat' dir='ltr'><strong>praeconio</strong></span> <span class='ocrx_word' id='word_1_217' title='bbox 2349 1657 2706 1714; x_wconf 88' lang='lat' dir='ltr'><strong>celebrandus</strong></span> <span class='ocrx_word' id='word_1_218' title='bbox 2743 1659 2793 1714; x_wconf 92' lang='lat' dir='ltr'><strong>in</strong></span> <span class='ocrx_word' id='word_1_219' title='bbox 2823 1661 3222 1715; x_wconf 82' lang='lat' dir='ltr'><strong>resurrectione</strong></span> <span class='ocrx_word' id='word_1_220' title='bbox 3250 1675 3371 1714; x_wconf 85' lang='lat' dir='ltr'><strong>ser-</strong></span> 
     </span>
    </p>
   </div>
   <div class='ocr_carea' id='block_1_34' title="bbox 112 1747 1674 1830">
    <p class='ocr_par' dir='ltr' id='par_1_34' title="bbox 112 1755 1674 1830">
     <span class='ocr_line' id='line_1_34' title="bbox 112 1755 1674 1830; baseline 0.003 -22"><span class='ocrx_word' id='word_1_221' title='bbox 112 1758 189 1828; x_wconf 67' lang='grc' dir='ltr'>ῦέᾳ</span> <span class='ocrx_word' id='word_1_222' title='bbox 221 1757 326 1810; x_wconf 79' lang='grc' dir='ltr'>τῶν</span> <span class='ocrx_word' id='word_1_223' title='bbox 354 1757 629 1825; x_wconf 84' lang='grc' dir='ltr'>ἀγγέλων,</span> <span class='ocrx_word' id='word_1_224' title='bbox 664 1759 732 1828; x_wconf 80' lang='grc' dir='ltr'><strong>τῇ</strong></span> <span class='ocrx_word' id='word_1_225' title='bbox 765 1756 891 1827; x_wconf 78' lang='grc' dir='ltr'>δόξῃ</span> <span class='ocrx_word' id='word_1_226' title='bbox 915 1755 1008 1810; x_wconf 89' lang='grc' dir='ltr'><strong>τοῦ</strong></span> <span class='ocrx_word' id='word_1_227' title='bbox 1037 1756 1172 1810; x_wconf 87' lang='grc' dir='ltr'><strong>Θεοῦ</strong></span> <span class='ocrx_word' id='word_1_228' title='bbox 1215 1758 1534 1830; x_wconf 78' lang='grc' dir='ltr'>μακαρίζων</span> <span class='ocrx_word' id='word_1_229' title='bbox 1557 1759 1674 1812; x_wconf 83' lang='grc' dir='ltr'>ἐαυ-</span> 
     </span>
    </p>
   </div>
   <div class='ocr_carea' id='block_1_35' title="bbox 1782 1747 3372 1830">
    <p class='ocr_par' dir='ltr' id='par_1_35' title="bbox 1789 1747 3372 1821">
     <span class='ocr_line' id='line_1_35' title="bbox 1789 1747 3372 1821; baseline 0.004 -21"><span class='ocrx_word' id='word_1_230' title='bbox 1789 1756 1967 1802; x_wconf 84' lang='lat' dir='ltr'><strong>vatur.</strong></span> <span class='ocrx_word' id='word_1_231' title='bbox 1997 1747 2210 1803; x_wconf 80' lang='lat' dir='ltr'><strong>Astabit</strong></span> <span class='ocrx_word' id='word_1_232' title='bbox 2257 1750 2400 1804; x_wconf 91' lang='lat' dir='ltr'><strong>enim</strong></span> <span class='ocrx_word' id='word_1_233' title='bbox 2449 1759 2505 1804; x_wconf 89' lang='lat' dir='ltr'><strong>et</strong></span> <span class='ocrx_word' id='word_1_234' title='bbox 2552 1751 2687 1821; x_wconf 90' lang='lat' dir='ltr'><strong>ipse,</strong></span> <span class='ocrx_word' id='word_1_235' title='bbox 2732 1751 2841 1806; x_wconf 83' lang='lat' dir='ltr'><strong>Deo</strong></span> <span class='ocrx_word' id='word_1_236' title='bbox 2869 1766 2934 1806; x_wconf 92' lang='lat' dir='ltr'><strong>ac</strong></span> <span class='ocrx_word' id='word_1_237' title='bbox 2965 1752 3372 1806; x_wconf 80' lang='lat' dir='ltr'><strong>Salvatoreno-</strong></span> 
     </span>
    </p>
   </div>
   <div class='ocr_carea' id='block_1_36' title="bbox 109 1848 1680 1922">
    <p class='ocr_par' dir='ltr' id='par_1_36' title="bbox 109 1848 1680 1922">
     <span class='ocr_line' id='line_1_36' title="bbox 109 1848 1680 1922; baseline 0.002 -21"><span class='ocrx_word' id='word_1_238' title='bbox 109 1850 199 1911; x_wconf 66' lang='grc' dir='ltr'>τὸν,</span> <span class='ocrx_word' id='word_1_239' title='bbox 229 1851 335 1902; x_wconf 85' lang='grc' dir='ltr'><strong>τῶν</strong></span> <span class='ocrx_word' id='word_1_240' title='bbox 374 1849 686 1920; x_wconf 77' lang='grc' dir='ltr'>μαστίγων,</span> <span class='ocrx_word' id='word_1_241' title='bbox 725 1849 834 1902; x_wconf 86' lang='grc' dir='ltr'><strong>τῶν</strong></span> <span class='ocrx_word' id='word_1_242' title='bbox 863 1848 1099 1920; x_wconf 84' lang='grc' dir='ltr'>δεσμῶν,</span> <span class='ocrx_word' id='word_1_243' title='bbox 1136 1849 1244 1903; x_wconf 85' lang='grc' dir='ltr'><strong>τῶν</strong></span> <span class='ocrx_word' id='word_1_244' title='bbox 1273 1849 1680 1922; x_wconf 84' lang='grc' dir='ltr'>στρεϐλώσεων,</span> 
     </span>
    </p>
   </div>
   <div class='ocr_carea' id='block_1_37' title="bbox 110 1943 1680 2017">
    <p class='ocr_par' dir='ltr' id='par_1_37' title="bbox 110 1943 1680 2017">
     <span class='ocr_line' id='line_1_37' title="bbox 110 1943 1680 2017; baseline 0.004 -22"><span class='ocrx_word' id='word_1_245' title='bbox 110 1945 186 2012; x_wconf 78' lang='grc' dir='ltr'><strong>τῆς</strong></span> <span class='ocrx_word' id='word_1_246' title='bbox 207 1943 528 2017; x_wconf 74' lang='grc' dir='ltr'>ἐπικερδοῦς</span> <span class='ocrx_word' id='word_1_247' title='bbox 567 1943 823 2014; x_wconf 84' lang='grc' dir='ltr'>τελευτῆς</span> <span class='ocrx_word' id='word_1_248' title='bbox 845 1959 861 1974; x_wconf 83' lang='grc'><strong>·</strong></span> <span class='ocrx_word' id='word_1_249' title='bbox 897 1944 979 1998; x_wconf 87' lang='grc' dir='ltr'>ὅτι</span> <span class='ocrx_word' id='word_1_250' title='bbox 1012 1944 1112 2015; x_wconf 90' lang='grc' dir='ltr'><strong>τῆς</strong></span> <span class='ocrx_word' id='word_1_251' title='bbox 1129 1943 1498 2015; x_wconf 83' lang='grc' dir='ltr'>’ἀτελευτήτου</span> <span class='ocrx_word' id='word_1_252' title='bbox 1535 1944 1680 2015; x_wconf 81' lang='grc' dir='ltr'>ζωῆς</span> 
     </span>
    </p>
   </div>
   <div class='ocr_carea' id='block_1_38' title="bbox 107 2035 884 2108">
    <p class='ocr_par' dir='ltr' id='par_1_38' title="bbox 107 2035 884 2108">
     <span class='ocr_line' id='line_1_38' title="bbox 107 2035 884 2108; baseline 0.003 -20"><span class='ocrx_word' id='word_1_253' title='bbox 107 2037 231 2108; x_wconf 76' lang='grc' dir='ltr'>αὐτῷ</span> <span class='ocrx_word' id='word_1_254' title='bbox 256 2037 535 2106; x_wconf 86' lang='grc' dir='ltr'>γεγένητα</span> <span class='ocrx_word' id='word_1_255' title='bbox 547 2055 564 2090; x_wconf 94' lang='grc' dir='ltr'><strong>ι</strong></span> <span class='ocrx_word' id='word_1_256' title='bbox 601 2035 884 2108; x_wconf 81' lang='grc' dir='ltr'>πρόξενος.</span> 
     </span>
    </p>
   </div>
   <div class='ocr_carea' id='block_1_39' title="bbox 173 2210 1683 2288">
    <p class='ocr_par' dir='ltr' id='par_1_39' title="bbox 173 2210 1683 2288">
     <span class='ocr_line' id='line_1_39' title="bbox 173 2210 1683 2288; baseline -0.002 -19"><span class='ocrx_word' id='word_1_257' title='bbox 173 2215 300 2269; x_wconf 81' lang='grc' dir='ltr'>Ἀλλ’</span> <span class='ocrx_word' id='word_1_258' title='bbox 332 2217 464 2270; x_wconf 77' lang='grc' dir='ltr'>ὅταν</span> <span class='ocrx_word' id='word_1_259' title='bbox 501 2216 705 2270; x_wconf 83' lang='grc' dir='ltr'>τούτων</span> <span class='ocrx_word' id='word_1_260' title='bbox 739 2214 1000 2288; x_wconf 73' lang='grc' dir='ltr'>ἀκούσῃς,</span> <span class='ocrx_word' id='word_1_261' title='bbox 1043 2210 1160 2268; x_wconf 76' lang='grc' dir='ltr'>οἶδα</span> <span class='ocrx_word' id='word_1_262' title='bbox 1212 2213 1248 2267; x_wconf 79' lang='lat' dir='ltr'><strong>a</strong></span> <span class='ocrx_word' id='word_1_263' title='bbox 1291 2217 1529 2286; x_wconf 79' lang='grc' dir='ltr'>φρονεῖς,</span> <span class='ocrx_word' id='word_1_264' title='bbox 1589 2213 1683 2266; x_wconf 79' lang='grc' dir='ltr'>καὶ</span> 
     </span>
    </p>
   </div>
   <div class='ocr_carea' id='block_1_40' title="bbox 109 2305 1680 2377">
    <p class='ocr_par' dir='ltr' id='par_1_40' title="bbox 109 2305 1680 2377">
     <span class='ocr_line' id='line_1_40' title="bbox 109 2305 1680 2377; baseline -0.002 -17"><span class='ocrx_word' id='word_1_265' title='bbox 109 2306 289 2374; x_wconf 75' lang='grc' dir='ltr'>λέγεις’</span> <span class='ocrx_word' id='word_1_266' title='bbox 343 2307 609 2371; x_wconf 77' lang='grc' dir='ltr'>Δεκτικὸς</span> <span class='ocrx_word' id='word_1_267' title='bbox 652 2307 808 2375; x_wconf 85' lang='grc' dir='ltr'>κάγὼ</span> <span class='ocrx_word' id='word_1_268' title='bbox 839 2305 946 2359; x_wconf 85' lang='grc' dir='ltr'><strong>τῶν</strong></span> <span class='ocrx_word' id='word_1_269' title='bbox 993 2305 1214 2376; x_wconf 80' lang='grc' dir='ltr'>ὁμοίων.</span> <span class='ocrx_word' id='word_1_270' title='bbox 1255 2305 1350 2358; x_wconf 79' lang='grc' dir='ltr'>Ἂν</span> <span class='ocrx_word' id='word_1_271' title='bbox 1382 2306 1533 2377; x_wconf 76' lang='grc' dir='ltr'>ζήσω</span> <span class='ocrx_word' id='word_1_272' title='bbox 1560 2306 1680 2358; x_wconf 83' lang='grc' dir='ltr'>κατ’</span> 
     </span>
    </p>
   </div>
   <div class='ocr_carea' id='block_1_41' title="bbox 107 2397 1683 2472">
    <p class='ocr_par' dir='ltr' id='par_1_41' title="bbox 107 2397 1683 2472">
     <span class='ocr_line' id='line_1_41' title="bbox 107 2397 1683 2472; baseline 0.003 -24"><span class='ocrx_word' id='word_1_273' title='bbox 107 2400 299 2470; x_wconf 70' lang='grc' dir='ltr'>ἀρετὴν,</span> <span class='ocrx_word' id='word_1_274' title='bbox 333 2402 395 2454; x_wconf 86' lang='grc' dir='ltr'><strong>οὐ</strong></span> <span class='ocrx_word' id='word_1_275' title='bbox 427 2400 652 2472; x_wconf 86' lang='grc' dir='ltr'>χείρων,</span> <span class='ocrx_word' id='word_1_276' title='bbox 678 2399 786 2453; x_wconf 84' lang='grc' dir='ltr'>οὐδ’</span> <span class='ocrx_word' id='word_1_277' title='bbox 807 2399 1128 2470; x_wconf 85' lang='grc' dir='ltr'>ἀτιμότερος</span> <span class='ocrx_word' id='word_1_278' title='bbox 1150 2398 1257 2452; x_wconf 83' lang='grc' dir='ltr'>τῶν</span> <span class='ocrx_word' id='word_1_279' title='bbox 1283 2398 1379 2452; x_wconf 89' lang='grc' dir='ltr'><strong>νῦν</strong></span> <span class='ocrx_word' id='word_1_280' title='bbox 1407 2397 1683 2470; x_wconf 79' lang='grc' dir='ltr'>θαυμαζο-</span> 
     </span>
    </p>
   </div>
   <div class='ocr_carea' id='block_1_42' title="bbox 113 2484 1681 2570">
    <p class='ocr_par' dir='ltr' id='par_1_42' title="bbox 113 2484 1681 2570">
     <span class='ocr_line' id='line_1_42' title="bbox 113 2484 1681 2570; baseline 0 -27"><span class='ocrx_word' id='word_1_281' title='bbox 113 2491 259 2557; x_wconf 66' lang='grc' dir='ltr'>μένων</span> <span class='ocrx_word' id='word_1_282' title='bbox 305 2491 544 2563; x_wconf 70' lang='grc' dir='ltr'>ἔσομαι.</span> <span class='ocrx_word' id='word_1_283' title='bbox 575 2489 830 2545; x_wconf 79' lang='grc' dir='ltr'>Μάλιστα</span> <span class='ocrx_word' id='word_1_284' title='bbox 873 2489 974 2560; x_wconf 87' lang='grc' dir='ltr'>μὲν</span> <span class='ocrx_word' id='word_1_285' title='bbox 1024 2484 1140 2552; x_wconf 87' lang='grc' dir='ltr'>οῦν,</span> <span class='ocrx_word' id='word_1_286' title='bbox 1194 2485 1452 2570; x_wconf 70' lang='grc' dir='ltr'>ἀλαζόνος</span> <span class='ocrx_word' id='word_1_287' title='bbox 1507 2488 1681 2543; x_wconf 89' lang='grc' dir='ltr'>ταῦτα</span> 
     </span>
    </p>
   </div>
   <div class='ocr_carea' id='block_1_43' title="bbox 110 2580 1680 2655">
    <p class='ocr_par' dir='ltr' id='par_1_43' title="bbox 110 2580 1680 2655">
     <span class='ocr_line' id='line_1_43' title="bbox 110 2580 1680 2655; baseline 0.001 -22"><span class='ocrx_word' id='word_1_288' title='bbox 110 2584 163 2634; x_wconf 78' lang='lat'><strong>:‘1</strong></span> <span class='ocrx_word' id='word_1_289' title='bbox 192 2587 428 2655; x_wconf 77' lang='grc' dir='ltr'>ῥήματα,</span> <span class='ocrx_word' id='word_1_290' title='bbox 464 2581 805 2646; x_wconf 80' lang='grc' dir='ltr'>δικαιοῦντος</span> <span class='ocrx_word' id='word_1_291' title='bbox 837 2581 1030 2635; x_wconf 82' lang='grc' dir='ltr'>ἐαυτὸν</span> <span class='ocrx_word' id='word_1_292' title='bbox 1061 2580 1202 2635; x_wconf 88' lang='grc' dir='ltr'><strong>κατά</strong></span> <span class='ocrx_word' id='word_1_293' title='bbox 1222 2582 1312 2634; x_wconf 83' lang='grc' dir='ltr'>τὸν</span> <span class='ocrx_word' id='word_1_294' title='bbox 1338 2581 1680 2654; x_wconf 84' lang='grc' dir='ltr'>μεγάλαυχον</span> 
     </span>
    </p>
   </div>
   <div class='ocr_carea' id='block_1_44' title="bbox 111 2671 1680 2747">
    <p class='ocr_par' dir='ltr' id='par_1_44' title="bbox 111 2671 1680 2747">
     <span class='ocr_line' id='line_1_44' title="bbox 111 2671 1680 2747; baseline 0.001 -20"><span class='ocrx_word' id='word_1_295' title='bbox 111 2677 392 2746; x_wconf 69' lang='grc' dir='ltr'>Φαρισαῖον,</span> <span class='ocrx_word' id='word_1_296' title='bbox 429 2677 528 2730; x_wconf 78' lang='grc' dir='ltr'>καὶ</span> <span class='ocrx_word' id='word_1_297' title='bbox 575 2675 758 2746; x_wconf 82' lang='grc' dir='ltr'>πάσης</span> <span class='ocrx_word' id='word_1_298' title='bbox 788 2673 1179 2744; x_wconf 84' lang='grc' dir='ltr'>ταπεινότητος</span> <span class='ocrx_word' id='word_1_299' title='bbox 1214 2671 1358 2738; x_wconf 79' lang='grc' dir='ltr'>ξένα.</span> <span class='ocrx_word' id='word_1_300' title='bbox 1408 2675 1680 2747; x_wconf 82' lang='grc' dir='ltr'>Πρόδηλον</span> 
     </span>
    </p>
   </div>
   <div class='ocr_carea' id='block_1_45' title="bbox 111 2764 1681 2839">
    <p class='ocr_par' dir='ltr' id='par_1_45' title="bbox 111 2764 1681 2839">
     <span class='ocr_line' id='line_1_45' title="bbox 111 2764 1681 2839; baseline 0.002 -20"><span class='ocrx_word' id='word_1_301' title='bbox 111 2767 168 2828; x_wconf 68' lang='grc' dir='ltr'>δὲ,</span> <span class='ocrx_word' id='word_1_302' title='bbox 194 2768 260 2832; x_wconf 85' lang='grc' dir='ltr'>ὼς</span> <span class='ocrx_word' id='word_1_303' title='bbox 284 2771 312 2821; x_wconf 95' lang='lat'><strong>6</strong></span> <span class='ocrx_word' id='word_1_304' title='bbox 341 2769 418 2839; x_wconf 80' lang='grc' dir='ltr'>μὴ</span> <span class='ocrx_word' id='word_1_305' title='bbox 447 2766 716 2839; x_wconf 86' lang='grc' dir='ltr'>πρότερον</span> <span class='ocrx_word' id='word_1_306' title='bbox 740 2764 1118 2830; x_wconf 79' lang='grc' dir='ltr'>ταπεινωθεὶς,</span> <span class='ocrx_word' id='word_1_307' title='bbox 1152 2767 1234 2830; x_wconf 86' lang='grc' dir='ltr'><strong>εἰς</strong></span> <span class='ocrx_word' id='word_1_308' title='bbox 1268 2765 1400 2836; x_wconf 76' lang='grc' dir='ltr'>ὕψος</span> <span class='ocrx_word' id='word_1_309' title='bbox 1432 2767 1532 2820; x_wconf 87' lang='grc' dir='ltr'><strong>οὐκ</strong></span> <span class='ocrx_word' id='word_1_310' title='bbox 1555 2769 1681 2822; x_wconf 86' lang='grc' dir='ltr'>ἀνα-</span> 
     </span>
    </p>
   </div>
   <div class='ocr_carea' id='block_1_46' title="bbox 111 2858 1680 2931">
    <p class='ocr_par' dir='ltr' id='par_1_46' title="bbox 111 2858 1680 2931">
     <span class='ocr_line' id='line_1_46' title="bbox 111 2858 1680 2931; baseline 0.003 -22"><span class='ocrx_word' id='word_1_311' title='bbox 111 2858 282 2912; x_wconf 68' lang='grc' dir='ltr'>ὕιίνει·</span> <span class='ocrx_word' id='word_1_312' title='bbox 323 2861 610 2930; x_wconf 85' lang='grc' dir='ltr'>ἀπόφασις</span> <span class='ocrx_word' id='word_1_313' title='bbox 661 2859 770 2931; x_wconf 86' lang='grc' dir='ltr'><strong>γάρ</strong></span> <span class='ocrx_word' id='word_1_314' title='bbox 809 2861 931 2911; x_wconf 86' lang='grc' dir='ltr'>ἐστι</span> <span class='ocrx_word' id='word_1_315' title='bbox 976 2859 1303 2928; x_wconf 80' lang='grc' dir='ltr'>Δεσποτική.</span> <span class='ocrx_word' id='word_1_316' title='bbox 1355 2859 1472 2912; x_wconf 83' lang='grc' dir='ltr'>Ἵνα</span> <span class='ocrx_word' id='word_1_317' title='bbox 1504 2859 1563 2912; x_wconf 88' lang='grc' dir='ltr'><strong>δέ</strong></span> <span class='ocrx_word' id='word_1_318' title='bbox 1593 2860 1680 2924; x_wconf 89' lang='grc' dir='ltr'><strong>τίς</strong></span> 
     </span>
    </p>
   </div>
   <div class='ocr_carea' id='block_1_47' title="bbox 114 2949 1679 3025">
    <p class='ocr_par' dir='ltr' id='par_1_47' title="bbox 114 2949 1679 3025">
     <span class='ocr_line' id='line_1_47' title="bbox 114 2949 1679 3025; baseline 0.002 -23"><span class='ocrx_word' id='word_1_319' title='bbox 114 2967 176 3003; x_wconf 69' lang='grc' dir='ltr'><strong>τοι</strong></span> <span class='ocrx_word' id='word_1_320' title='bbox 207 2953 518 3025; x_wconf 75' lang='grc' dir='ltr'>ἐνεχυρίζῃ,</span> <span class='ocrx_word' id='word_1_321' title='bbox 563 2951 646 3004; x_wconf 81' lang='grc' dir='ltr'>ὅτι</span> <span class='ocrx_word' id='word_1_322' title='bbox 680 2953 888 3024; x_wconf 85' lang='grc' dir='ltr'>γενήσῃ</span> <span class='ocrx_word' id='word_1_323' title='bbox 919 2949 1185 3014; x_wconf 85' lang='grc' dir='ltr'>τοιοῦτος,</span> <span class='ocrx_word' id='word_1_324' title='bbox 1233 2951 1295 3004; x_wconf 89' lang='grc' dir='ltr'><strong>οὐ</strong></span> <span class='ocrx_word' id='word_1_325' title='bbox 1327 2949 1523 3016; x_wconf 81' lang='grc' dir='ltr'>Θέλεις,</span> <span class='ocrx_word' id='word_1_326' title='bbox 1557 2953 1679 3006; x_wconf 85' lang='grc' dir='ltr'>εἰπέ</span> 
     </span>
    </p>
   </div>
   <div class='ocr_carea' id='block_1_48' title="bbox 114 3043 1676 3116">
    <p class='ocr_par' dir='ltr' id='par_1_48' title="bbox 114 3043 1676 3116">
     <span class='ocr_line' id='line_1_48' title="bbox 114 3043 1676 3116; baseline 0.003 -23"><span class='ocrx_word' id='word_1_327' title='bbox 114 3060 200 3110; x_wconf 73' lang='grc' dir='ltr'>μοι,</span> <span class='ocrx_word' id='word_1_328' title='bbox 227 3045 542 3114; x_wconf 73' lang='grc' dir='ltr'>αἰδεσθῆναι</span> <span class='ocrx_word' id='word_1_329' title='bbox 572 3044 696 3107; x_wconf 74' lang='grc' dir='ltr'>τοὺς</span> <span class='ocrx_word' id='word_1_330' title='bbox 727 3043 824 3115; x_wconf 81' lang='grc' dir='ltr'>τὴν</span> <span class='ocrx_word' id='word_1_331' title='bbox 845 3043 965 3096; x_wconf 83' lang='grc' dir='ltr'>ὁδόν</span> <span class='ocrx_word' id='word_1_332' title='bbox 996 3058 1079 3095; x_wconf 88' lang='grc' dir='ltr'>σοι.</span> <span class='ocrx_word' id='word_1_333' title='bbox 1112 3043 1212 3114; x_wconf 89' lang='grc' dir='ltr'><strong>τῆς</strong></span> <span class='ocrx_word' id='word_1_334' title='bbox 1238 3043 1518 3108; x_wconf 88' lang='grc' dir='ltr'>εὐσεϐείας</span> <span class='ocrx_word' id='word_1_335' title='bbox 1541 3044 1676 3116; x_wconf 88' lang='grc' dir='ltr'>τέμ-</span> 
     </span>
    </p>
   </div>
   <div class='ocr_carea' id='block_1_49' title="bbox 114 3136 1677 3207">
    <p class='ocr_par' dir='ltr' id='par_1_49' title="bbox 114 3136 1677 3207">
     <span class='ocr_line' id='line_1_49' title="bbox 114 3136 1677 3207; baseline 0.004 -21"><span class='ocrx_word' id='word_1_336' title='bbox 114 3152 288 3199; x_wconf 72' lang='grc' dir='ltr'>νοντας,</span> <span class='ocrx_word' id='word_1_337' title='bbox 319 3139 452 3202; x_wconf 75' lang='grc' dir='ltr'>τοὺς</span> <span class='ocrx_word' id='word_1_338' title='bbox 500 3137 731 3207; x_wconf 79' lang='grc' dir='ltr'>ὁδηγοὺς</span> <span class='ocrx_word' id='word_1_339' title='bbox 767 3136 876 3190; x_wconf 85' lang='grc' dir='ltr'>τῶν</span> <span class='ocrx_word' id='word_1_340' title='bbox 924 3137 1128 3202; x_wconf 85' lang='grc' dir='ltr'>καλῶν,</span> <span class='ocrx_word' id='word_1_341' title='bbox 1160 3137 1287 3201; x_wconf 83' lang='grc' dir='ltr'>τοὺς</span> <span class='ocrx_word' id='word_1_342' title='bbox 1321 3137 1677 3203; x_wconf 81' lang='grc' dir='ltr'>διδασκάλους</span> 
     </span>
    </p>
   </div>
   <div class='ocr_carea' id='block_1_50' title="bbox 113 3225 1678 3300">
    <p class='ocr_par' dir='ltr' id='par_1_50' title="bbox 113 3225 1678 3300">
     <span class='ocr_line' id='line_1_50' title="bbox 113 3225 1678 3300; baseline 0.001 -19"><span class='ocrx_word' id='word_1_343' title='bbox 113 3225 189 3293; x_wconf 71' lang='grc' dir='ltr'><strong>τῆς</strong></span> <span class='ocrx_word' id='word_1_344' title='bbox 232 3228 461 3300; x_wconf 83' lang='grc' dir='ltr'>ἀρετῆς.</span> <span class='ocrx_word' id='word_1_345' title='bbox 505 3228 635 3292; x_wconf 75' lang='grc' dir='ltr'>τοὺς</span> <span class='ocrx_word' id='word_1_346' title='bbox 693 3227 1096 3294; x_wconf 80' lang='grc' dir='ltr'>παιδεύσαντας</span> <span class='ocrx_word' id='word_1_347' title='bbox 1139 3246 1198 3282; x_wconf 89' lang='grc' dir='ltr'><strong>σε</strong></span> <span class='ocrx_word' id='word_1_348' title='bbox 1241 3230 1539 3300; x_wconf 84' lang='grc' dir='ltr'>καρτερίαν</span> <span class='ocrx_word' id='word_1_349' title='bbox 1581 3231 1678 3284; x_wconf 74' lang='grc' dir='ltr'>καὶ</span> 
     </span>
    </p>
   </div>
   <div class='ocr_carea' id='block_1_51' title="bbox 113 3315 1676 3394">
    <p class='ocr_par' dir='ltr' id='par_1_51' title="bbox 113 3315 1676 3394">
     <span class='ocr_line' id='line_1_51' title="bbox 113 3315 1676 3394; baseline 0.006 -27"><span class='ocrx_word' id='word_1_350' title='bbox 113 3315 306 3372; x_wconf 69' lang='grc' dir='ltr'>θανάτου</span> <span class='ocrx_word' id='word_1_351' title='bbox 335 3320 786 3390; x_wconf 71' lang='grc' dir='ltr'>καταερρόνησινς</span> <span class='ocrx_word' id='word_1_352' title='bbox 825 3321 984 3392; x_wconf 86' lang='grc' dir='ltr'><strong>Παρά</strong></span> <span class='ocrx_word' id='word_1_353' title='bbox 1012 3322 1118 3374; x_wconf 83' lang='grc' dir='ltr'>τῶν</span> <span class='ocrx_word' id='word_1_354' title='bbox 1145 3321 1404 3392; x_wconf 78' lang='grc' dir='ltr'>μαθητῶν</span> <span class='ocrx_word' id='word_1_355' title='bbox 1431 3321 1528 3376; x_wconf 88' lang='grc' dir='ltr'><strong>τοῦ</strong></span> <span class='ocrx_word' id='word_1_356' title='bbox 1560 3322 1676 3394; x_wconf 89' lang='grc' dir='ltr'>βίου</span> 
     </span>
    </p>
   </div>
   <div class='ocr_carea' id='block_1_52' title="bbox 110 3410 1676 3487">
    <p class='ocr_par' dir='ltr' id='par_1_52' title="bbox 110 3410 1676 3487">
     <span class='ocr_line' id='line_1_52' title="bbox 110 3410 1676 3487; baseline 0.006 -27"><span class='ocrx_word' id='word_1_357' title='bbox 110 3410 267 3464; x_wconf 74' lang='grc' dir='ltr'>τούτου</span> <span class='ocrx_word' id='word_1_358' title='bbox 296 3411 730 3484; x_wconf 79' lang='grc' dir='ltr'>εὐγνωμοσύνην</span> <span class='ocrx_word' id='word_1_359' title='bbox 760 3411 1057 3481; x_wconf 84' lang='grc' dir='ltr'>διδάχθητι,</span> <span class='ocrx_word' id='word_1_360' title='bbox 1085 3413 1167 3465; x_wconf 85' lang='grc' dir='ltr'>ὅτι</span> <span class='ocrx_word' id='word_1_361' title='bbox 1196 3413 1372 3482; x_wconf 82' lang='grc' dir='ltr'>ὅμοιοι</span> <span class='ocrx_word' id='word_1_362' title='bbox 1399 3415 1676 3487; x_wconf 86' lang='grc' dir='ltr'>γινόμενοι</span> 
     </span>
    </p>
   </div>
   <div class='ocr_carea' id='block_1_53' title="bbox 111 3500 1672 3574">
    <p class='ocr_par' dir='ltr' id='par_1_53' title="bbox 111 3500 1672 3574">
     <span class='ocr_line' id='line_1_53' title="bbox 111 3500 1672 3574; baseline 0.007 -24"><span class='ocrx_word' id='word_1_363' title='bbox 111 3500 193 3553; x_wconf 79' lang='grc' dir='ltr'>τῶν</span> <span class='ocrx_word' id='word_1_364' title='bbox 218 3503 565 3571; x_wconf 79' lang='grc' dir='ltr'>διδαξάντων,</span> <span class='ocrx_word' id='word_1_365' title='bbox 607 3503 704 3557; x_wconf 79' lang='grc' dir='ltr'>καὶ</span> <span class='ocrx_word' id='word_1_366' title='bbox 741 3503 890 3556; x_wconf 86' lang='grc' dir='ltr'>οὐδὲν</span> <span class='ocrx_word' id='word_1_367' title='bbox 931 3503 1034 3573; x_wconf 87' lang='grc' dir='ltr'><strong>τῆς</strong></span> <span class='ocrx_word' id='word_1_368' title='bbox 1077 3503 1276 3574; x_wconf 86' lang='grc' dir='ltr'>τέχνης</span> <span class='ocrx_word' id='word_1_369' title='bbox 1313 3504 1672 3571; x_wconf 83' lang='grc' dir='ltr'>ἐλλείποντες,</span> 
     </span>
    </p>
   </div>
   <div class='ocr_carea' id='block_1_54' title="bbox 109 3591 1672 3668">
    <p class='ocr_par' dir='ltr' id='par_1_54' title="bbox 109 3591 1672 3668">
     <span class='ocr_line' id='line_1_54' title="bbox 109 3591 1672 3668; baseline 0.004 -22"><span class='ocrx_word' id='word_1_370' title='bbox 109 3591 228 3661; x_wconf 76' lang='grc' dir='ltr'>ὅμως</span> <span class='ocrx_word' id='word_1_371' title='bbox 258 3595 364 3648; x_wconf 84' lang='grc' dir='ltr'>τῶν</span> <span class='ocrx_word' id='word_1_372' title='bbox 395 3596 762 3650; x_wconf 86' lang='grc' dir='ltr'>διδασκόντων</span> <span class='ocrx_word' id='word_1_373' title='bbox 789 3593 1006 3664; x_wconf 82' lang='grc' dir='ltr'>φιλοῦσι</span> <span class='ocrx_word' id='word_1_374' title='bbox 1041 3595 1109 3649; x_wconf 89' lang='grc' dir='ltr'><strong>τά</strong></span> <span class='ocrx_word' id='word_1_375' title='bbox 1150 3597 1344 3668; x_wconf 88' lang='grc' dir='ltr'>στήθη,</span> <span class='ocrx_word' id='word_1_376' title='bbox 1379 3597 1672 3663; x_wconf 89' lang='grc' dir='ltr'>αἰδοῦνται,</span> 
     </span>
    </p>
   </div>
   <div class='ocr_carea' id='block_1_55' title="bbox 112 3682 1678 3762">
    <p class='ocr_par' dir='ltr' id='par_1_55' title="bbox 112 3682 1678 3762">
     <span class='ocr_line' id='line_1_55' title="bbox 112 3682 1678 3762; baseline 0.003 -22"><span class='ocrx_word' id='word_1_377' title='bbox 112 3682 403 3756; x_wconf 69' lang='grc' dir='ltr'>εὐφημοῦσι,</span> <span class='ocrx_word' id='word_1_378' title='bbox 445 3687 554 3741; x_wconf 83' lang='grc' dir='ltr'>τῶν</span> <span class='ocrx_word' id='word_1_379' title='bbox 585 3687 872 3760; x_wconf 84' lang='grc' dir='ltr'>πρωτείων</span> <span class='ocrx_word' id='word_1_380' title='bbox 897 3689 1316 3760; x_wconf 89' lang='grc' dir='ltr'>παραχωροῦσι,</span> <span class='ocrx_word' id='word_1_381' title='bbox 1348 3689 1678 3762; x_wconf 77' lang='grc' dir='ltr'>θεραπεύου-</span> 
     </span>
    </p>
   </div>
   <div class='ocr_carea' id='block_1_56' title="bbox 111 3776 1676 3850">
    <p class='ocr_par' dir='ltr' id='par_1_56' title="bbox 111 3776 1676 3850">
     <span class='ocr_line' id='line_1_56' title="bbox 111 3776 1676 3850; baseline 0.006 -25"><span class='ocrx_word' id='word_1_382' title='bbox 111 3789 178 3825; x_wconf 78' lang='grc' dir='ltr'><strong>σιν</strong></span> <span class='ocrx_word' id='word_1_383' title='bbox 197 3776 263 3840; x_wconf 87' lang='grc' dir='ltr'>ὠς</span> <span class='ocrx_word' id='word_1_384' title='bbox 275 3779 543 3850; x_wconf 76' lang='grc' dir='ltr'>πατέρας.</span> <span class='ocrx_word' id='word_1_385' title='bbox 561 3777 739 3831; x_wconf 88' lang='grc' dir='ltr'>Πολλά</span> <span class='ocrx_word' id='word_1_386' title='bbox 755 3778 847 3832; x_wconf 83' lang='grc' dir='ltr'><strong>καί</strong></span> <span class='ocrx_word' id='word_1_387' title='bbox 869 3778 1290 3850; x_wconf 84' lang='grc' dir='ltr'>τελευτήσαντες</span> <span class='ocrx_word' id='word_1_388' title='bbox 1321 3779 1465 3849; x_wconf 80' lang='grc' dir='ltr'>ἆγιοι</span> <span class='ocrx_word' id='word_1_389' title='bbox 1489 3781 1676 3836; x_wconf 89' lang='grc' dir='ltr'>δύναν-</span> 
     </span>
    </p>
   </div>
   <div class='ocr_carea' id='block_1_57' title="bbox 111 3870 1673 3946">
    <p class='ocr_par' dir='ltr' id='par_1_57' title="bbox 111 3870 1673 3946">
     <span class='ocr_line' id='line_1_57' title="bbox 111 3870 1673 3946; baseline 0.006 -29"><span class='ocrx_word' id='word_1_390' title='bbox 111 3881 200 3931; x_wconf 74' lang='grc' dir='ltr'>ται,</span> <span class='ocrx_word' id='word_1_391' title='bbox 231 3873 317 3922; x_wconf 77' lang='grc' dir='ltr'>καὶ</span> <span class='ocrx_word' id='word_1_392' title='bbox 356 3871 695 3934; x_wconf 81' lang='grc' dir='ltr'>ἀπελθόντες</span> <span class='ocrx_word' id='word_1_393' title='bbox 740 3870 835 3924; x_wconf 89' lang='grc' dir='ltr'><strong>τοῦ</strong></span> <span class='ocrx_word' id='word_1_394' title='bbox 884 3871 1000 3942; x_wconf 83' lang='grc' dir='ltr'>βίου</span> <span class='ocrx_word' id='word_1_395' title='bbox 1044 3872 1421 3942; x_wconf 83' lang='grc' dir='ltr'>εὐεργετοῦσιν</span> <span class='ocrx_word' id='word_1_396' title='bbox 1461 3873 1673 3946; x_wconf 87' lang='grc' dir='ltr'>ἀνθρώ-</span> 
     </span>
    </p>
   </div>
   <div class='ocr_carea' id='block_1_58' title="bbox 111 3963 1676 4035">
    <p class='ocr_par' dir='ltr' id='par_1_58' title="bbox 111 3963 1676 4035">
     <span class='ocr_line' id='line_1_58' title="bbox 111 3963 1676 4035; baseline 0.006 -23"><span class='ocrx_word' id='word_1_397' title='bbox 111 3973 242 4022; x_wconf 68' lang='grc' dir='ltr'>πους·</span> <span class='ocrx_word' id='word_1_398' title='bbox 275 3964 364 4016; x_wconf 73' lang='grc' dir='ltr'>καὶ</span> <span class='ocrx_word' id='word_1_399' title='bbox 414 3964 630 4034; x_wconf 81' lang='grc' dir='ltr'>μάρτυς</span> <span class='ocrx_word' id='word_1_400' title='bbox 662 3963 769 4016; x_wconf 83' lang='grc' dir='ltr'><strong>τῶν</strong></span> <span class='ocrx_word' id='word_1_401' title='bbox 802 3964 1113 4035; x_wconf 85' lang='grc' dir='ltr'>λεγομένων</span> <span class='ocrx_word' id='word_1_402' title='bbox 1143 3968 1172 4018; x_wconf 97' lang='lat'><strong>6</strong></span> <span class='ocrx_word' id='word_1_403' title='bbox 1212 3965 1531 4032; x_wconf 85' lang='grc' dir='ltr'>Ἐλισσαῖος,</span> <span class='ocrx_word' id='word_1_404' title='bbox 1571 3969 1676 4022; x_wconf 88' lang='grc' dir='ltr'>πά-</span> 
     </span>
    </p>
   </div>
   <div class='ocr_carea' id='block_1_59' title="bbox 111 4045 1674 4130">
    <p class='ocr_par' dir='ltr' id='par_1_59' title="bbox 111 4045 1674 4130">
     <span class='ocr_line' id='line_1_59' title="bbox 111 4045 1674 4130; baseline 0.009 -30"><span class='ocrx_word' id='word_1_405' title='bbox 111 4045 178 4101; x_wconf 75' lang='grc' dir='ltr'><strong>λαι</strong></span> <span class='ocrx_word' id='word_1_406' title='bbox 205 4052 292 4122; x_wconf 79' lang='grc' dir='ltr'>μὲν</span> <span class='ocrx_word' id='word_1_407' title='bbox 332 4054 590 4108; x_wconf 80' lang='grc' dir='ltr'>ἀπελθὼν</span> <span class='ocrx_word' id='word_1_408' title='bbox 632 4055 726 4109; x_wconf 93' lang='grc' dir='ltr'><strong>τοῦ</strong></span> <span class='ocrx_word' id='word_1_409' title='bbox 770 4055 887 4126; x_wconf 87' lang='grc' dir='ltr'>βίου</span> <span class='ocrx_word' id='word_1_410' title='bbox 925 4056 1021 4109; x_wconf 74' lang='grc' dir='ltr'>καὶ</span> <span class='ocrx_word' id='word_1_411' title='bbox 1055 4057 1363 4130; x_wconf 74' lang='grc' dir='ltr'>κοιμηθεὶς,</span> <span class='ocrx_word' id='word_1_412' title='bbox 1407 4059 1674 4114; x_wconf 86' lang='grc' dir='ltr'>ἀθάνατον</span> 
     </span>
    </p>
   </div>
   <div class='ocr_carea' id='block_1_60' title="bbox 110 4138 1675 4224">
    <p class='ocr_par' dir='ltr' id='par_1_60' title="bbox 110 4138 1675 4224">
     <span class='ocr_line' id='line_1_60' title="bbox 110 4138 1675 4224; baseline 0.01 -33"><span class='ocrx_word' id='word_1_413' title='bbox 110 4138 252 4197; x_wconf 75' lang='grc' dir='ltr'>δὲκαὶ</span> <span class='ocrx_word' id='word_1_414' title='bbox 275 4148 582 4219; x_wconf 80' lang='grc' dir='ltr'>ἀχώριστον</span> <span class='ocrx_word' id='word_1_415' title='bbox 609 4147 709 4220; x_wconf 82' lang='grc' dir='ltr'>τὴν</span> <span class='ocrx_word' id='word_1_416' title='bbox 741 4147 836 4201; x_wconf 90' lang='grc' dir='ltr'><strong>τοῦ</strong></span> <span class='ocrx_word' id='word_1_417' title='bbox 869 4148 1006 4202; x_wconf 87' lang='grc' dir='ltr'>Θεοῦ</span> <span class='ocrx_word' id='word_1_418' title='bbox 1039 4149 1200 4221; x_wconf 85' lang='grc' dir='ltr'>χάριν</span> <span class='ocrx_word' id='word_1_419' title='bbox 1230 4150 1433 4216; x_wconf 84' lang='grc' dir='ltr'>λαϐὼν,</span> <span class='ocrx_word' id='word_1_420' title='bbox 1461 4151 1539 4224; x_wconf 84' lang='grc' dir='ltr'><strong>τῷ</strong></span> <span class='ocrx_word' id='word_1_421' title='bbox 1567 4152 1675 4224; x_wconf 88' lang='grc' dir='ltr'><strong>χώ-</strong></span> 
     </span>
    </p>
   </div>
   <div class='ocr_carea' id='block_1_61' title="bbox 114 4239 1672 4313">
    <p class='ocr_par' dir='ltr' id='par_1_61' title="bbox 114 4239 1672 4313">
     <span class='ocr_line' id='line_1_61' title="bbox 114 4239 1672 4313; baseline 0.009 -28"><span class='ocrx_word' id='word_1_422' title='bbox 114 4249 216 4300; x_wconf 72' lang='grc' dir='ltr'>ματι</span> <span class='ocrx_word' id='word_1_423' title='bbox 236 4240 677 4312; x_wconf 78' lang='grc' dir='ltr'>παρεδρεύουσαν</span> <span class='ocrx_word' id='word_1_424' title='bbox 709 4239 804 4294; x_wconf 71' lang='grc' dir='ltr'>καὶ</span> <span class='ocrx_word' id='word_1_425' title='bbox 841 4243 956 4304; x_wconf 86' lang='grc' dir='ltr'>τοῖς</span> <span class='ocrx_word' id='word_1_426' title='bbox 985 4240 1216 4313; x_wconf 77' lang='grc' dir='ltr'>ἀψύχοις</span> <span class='ocrx_word' id='word_1_427' title='bbox 1243 4243 1474 4307; x_wconf 83' lang='grc' dir='ltr'>ὀστέοις.</span> <span class='ocrx_word' id='word_1_428' title='bbox 1511 4239 1672 4310; x_wconf 82' lang='grc' dir='ltr'>Οἶδας</span> 
     </span>
    </p>
   </div>
   <div class='ocr_carea' id='block_1_62' title="bbox 111 4327 1672 4408">
    <p class='ocr_par' dir='ltr' id='par_1_62' title="bbox 111 4327 1672 4408">
     <span class='ocr_line' id='line_1_62' title="bbox 111 4327 1672 4408; baseline 0.005 -27"><span class='ocrx_word' id='word_1_429' title='bbox 111 4327 212 4395; x_wconf 69' lang='grc' dir='ltr'>γὰρ.</span> <span class='ocrx_word' id='word_1_430' title='bbox 239 4333 266 4382; x_wconf 89' lang='lat'><strong>6</strong></span> <span class='ocrx_word' id='word_1_431' title='bbox 292 4333 583 4400; x_wconf 72' lang='grc' dir='ltr'>φιλόπονος</span> <span class='ocrx_word' id='word_1_432' title='bbox 629 4333 738 4385; x_wconf 84' lang='grc' dir='ltr'>τῶν</span> <span class='ocrx_word' id='word_1_433' title='bbox 787 4333 825 4384; x_wconf 88' lang='grc' dir='ltr'><strong>Γ</strong></span> <span class='ocrx_word' id='word_1_434' title='bbox 833 4333 1020 4404; x_wconf 82' lang='grc' dir='ltr'>ραφῶν</span> <span class='ocrx_word' id='word_1_435' title='bbox 1057 4331 1324 4404; x_wconf 81' lang='grc' dir='ltr'>μαθητὴς,</span> <span class='ocrx_word' id='word_1_436' title='bbox 1363 4335 1446 4388; x_wconf 83' lang='grc' dir='ltr'>ὅτι</span> <span class='ocrx_word' id='word_1_437' title='bbox 1479 4337 1672 4408; x_wconf 86' lang='grc' dir='ltr'>νεκρός</span> 
     </span>
    </p>
   </div>
   <div class='ocr_carea' id='block_1_63' title="bbox 111 4425 1742 4518">
    <p class='ocr_par' dir='ltr' id='par_1_63' title="bbox 111 4425 1742 4518">
     <span class='ocr_line' id='line_1_63' title="bbox 111 4425 1742 4518; baseline 0.001 -39"><span class='ocrx_word' id='word_1_438' title='bbox 111 4431 173 4479; x_wconf 72' lang='grc' dir='ltr'><strong>τις</strong></span> <span class='ocrx_word' id='word_1_439' title='bbox 206 4426 341 4495; x_wconf 80' lang='grc' dir='ltr'>παρὰ</span> <span class='ocrx_word' id='word_1_440' title='bbox 370 4426 486 4478; x_wconf 85' lang='grc' dir='ltr'>τῶν</span> <span class='ocrx_word' id='word_1_441' title='bbox 515 4425 732 4478; x_wconf 77' lang='grc' dir='ltr'>οἰκείων</span> <span class='ocrx_word' id='word_1_442' title='bbox 761 4427 843 4488; x_wconf 90' lang='grc' dir='ltr'><strong>εἰς</strong></span> <span class='ocrx_word' id='word_1_443' title='bbox 871 4426 970 4496; x_wconf 82' lang='grc' dir='ltr'>τὴν</span> <span class='ocrx_word' id='word_1_444' title='bbox 1011 4425 1254 4497; x_wconf 80' lang='grc' dir='ltr'>ἐκφοράν</span> <span class='ocrx_word' id='word_1_445' title='bbox 1283 4427 1664 4498; x_wconf 77' lang='grc' dir='ltr'>κομιζόμενος,</span> <span class='ocrx_word' id='word_1_446' title='bbox 1701 4464 1742 4518; x_wconf 72' lang='lat' dir='ltr'><strong>D</strong></span> 
     </span>
    </p>
   </div>
   <div class='ocr_carea' id='block_1_64' title="bbox 112 4507 1666 4590">
    <p class='ocr_par' dir='ltr' id='par_1_64' title="bbox 112 4507 1666 4590">
     <span class='ocr_line' id='line_1_64' title="bbox 112 4507 1666 4590; baseline 0.006 -26"><span class='ocrx_word' id='word_1_447' title='bbox 112 4507 281 4579; x_wconf 71' lang='grc' dir='ltr'>λῃστῶν</span> <span class='ocrx_word' id='word_1_448' title='bbox 308 4519 509 4589; x_wconf 84' lang='grc' dir='ltr'>ἀθρόον</span> <span class='ocrx_word' id='word_1_449' title='bbox 541 4519 575 4589; x_wconf 86' lang='grc' dir='ltr'>ἦ</span> <span class='ocrx_word' id='word_1_450' title='bbox 613 4517 886 4588; x_wconf 90' lang='grc' dir='ltr'>πολεμίων</span> <span class='ocrx_word' id='word_1_451' title='bbox 938 4518 1376 4583; x_wconf 87' lang='grc' dir='ltr'>καταλαϐόντων,</span> <span class='ocrx_word' id='word_1_452' title='bbox 1407 4515 1496 4573; x_wconf 75' lang='grc' dir='ltr'>οἷα</span> <span class='ocrx_word' id='word_1_453' title='bbox 1523 4520 1666 4590; x_wconf 85' lang='grc' dir='ltr'>φιλεῖ</span> 
     </span>
    </p>
   </div>
   <div class='ocr_carea' id='block_1_65' title="bbox 113 4606 1663 4684">
    <p class='ocr_par' dir='ltr' id='par_1_65' title="bbox 113 4606 1663 4684">
     <span class='ocr_line' id='line_1_65' title="bbox 113 4606 1663 4684; baseline 0.006 -28"><span class='ocrx_word' id='word_1_454' title='bbox 113 4606 392 4672; x_wconf 65' lang='grc' dir='ltr'>πμϐαίνειν</span> <span class='ocrx_word' id='word_1_455' title='bbox 431 4613 490 4664; x_wconf 88' lang='grc' dir='ltr'><strong>ἐν</strong></span> <span class='ocrx_word' id='word_1_456' title='bbox 525 4613 726 4681; x_wconf 76' lang='grc' dir='ltr'>συνοχῇ</span> <span class='ocrx_word' id='word_1_457' title='bbox 774 4610 870 4664; x_wconf 78' lang='grc' dir='ltr'><strong>καί⁹</strong></span> <span class='ocrx_word' id='word_1_458' title='bbox 904 4609 1137 4682; x_wconf 85' lang='grc' dir='ltr'>θορύϐῳ,</span> <span class='ocrx_word' id='word_1_459' title='bbox 1191 4611 1538 4684; x_wconf 76' lang='grc' dir='ltr'>ἐπιρῤιφθείς</span> <span class='ocrx_word' id='word_1_460' title='bbox 1586 4613 1663 4684; x_wconf 84' lang='grc' dir='ltr'>τῷ</span> 
     </span>
    </p>
   </div>
   <div class='ocr_carea' id='block_1_66' title="bbox 110 4696 1660 4778">
    <p class='ocr_par' dir='ltr' id='par_1_66' title="bbox 110 4696 1660 4778">
     <span class='ocr_line' id='line_1_66' title="bbox 110 4696 1660 4778; baseline 0.035 -34"><span class='ocrx_word' id='word_1_461' title='bbox 110 4696 232 4769; x_wconf 51' lang='grc' dir='ltr'><strong>τάοῳ</strong></span> <span class='ocrx_word' id='word_1_462' title='bbox 272 4703 364 4757; x_wconf 73' lang='grc' dir='ltr'><strong>τοῦ</strong></span> <span class='ocrx_word' id='word_1_463' title='bbox 395 4703 800 4775; x_wconf 64' lang='grc' dir='ltr'><strong>τρισμακαρίου</strong></span> <span class='ocrx_word' id='word_1_464' title='bbox 833 4705 1137 4775; x_wconf 71' lang='grc' dir='ltr'>προφήτουν</span> <span class='ocrx_word' id='word_1_465' title='bbox 1165 4704 1362 4776; x_wconf 71' lang='grc' dir='ltr'>ἀθρόον</span> <span class='ocrx_word' id='word_1_466' title='bbox 1383 4705 1660 4778; x_wconf 57' lang='grc' dir='ltr'><strong>ὲψδχώοη’</strong></span> 
     </span>
    </p>
   </div>
   <div class='ocr_carea' id='block_1_67' title="bbox 110 4789 1660 4870">
    <p class='ocr_par' dir='ltr' id='par_1_67' title="bbox 110 4789 1660 4870">
     <span class='ocr_line' id='line_1_67' title="bbox 110 4789 1660 4870; baseline 0.006 -27"><span class='ocrx_word' id='word_1_467' title='bbox 110 4789 181 4840; x_wconf 70' lang='grc' dir='ltr'>καὶ</span> <span class='ocrx_word' id='word_1_468' title='bbox 219 4796 344 4864; x_wconf 58' lang='grc' dir='ltr'>πρὶς</span> <span class='ocrx_word' id='word_1_469' title='bbox 393 4798 524 4860; x_wconf 77' lang='grc' dir='ltr'>τοὺς</span> <span class='ocrx_word' id='word_1_470' title='bbox 576 4796 789 4861; x_wconf 80' lang='grc' dir='ltr'>ζῶντας</span> <span class='ocrx_word' id='word_1_471' title='bbox 839 4797 1117 4852; x_wconf 85' lang='grc' dir='ltr'>ἀνέλυσεν.</span> <span class='ocrx_word' id='word_1_472' title='bbox 1172 4797 1236 4850; x_wconf 86' lang='grc' dir='ltr'>Τί</span> <span class='ocrx_word' id='word_1_473' title='bbox 1293 4794 1389 4852; x_wconf 74' lang='grc' dir='ltr'>οὖν</span> <span class='ocrx_word' id='word_1_474' title='bbox 1431 4798 1660 4870; x_wconf 79' lang='grc' dir='ltr'>ἐροῦμεν</span> 
     </span>
    </p>
   </div>
   <div class='ocr_carea' id='block_1_68' title="bbox 110 4882 1656 4964">
    <p class='ocr_par' dir='ltr' id='par_1_68' title="bbox 110 4882 1656 4964">
     <span class='ocr_line' id='line_1_68' title="bbox 110 4882 1656 4964; baseline -0.003 -14"><span class='ocrx_word' id='word_1_475' title='bbox 110 4882 214 4949; x_wconf 49' lang='lat' dir='ltr'><strong>“PX</strong></span> <span class='ocrx_word' id='word_1_476' title='bbox 238 4888 294 4940; x_wconf 78' lang='grc' dir='ltr'><strong>τὸ</strong></span> <span class='ocrx_word' id='word_1_477' title='bbox 318 4889 648 4958; x_wconf 88' lang='grc' dir='ltr'>γενόμενον;</span> <span class='ocrx_word' id='word_1_478' title='bbox 697 4888 790 4960; x_wconf 84' lang='grc' dir='ltr'><strong>Μὴ</strong></span> <span class='ocrx_word' id='word_1_479' title='bbox 825 4888 1078 4962; x_wconf 76' lang='grc' dir='ltr'>αἴσθησιν</span> <span class='ocrx_word' id='word_1_480' title='bbox 1113 4885 1228 4962; x_wconf 76' lang='grc' dir='ltr'>εἶχε</span> <span class='ocrx_word' id='word_1_481' title='bbox 1271 4892 1380 4945; x_wconf 84' lang='grc' dir='ltr'>τῶν</span> <span class='ocrx_word' id='word_1_482' title='bbox 1423 4909 1656 4964; x_wconf 80' lang='grc' dir='ltr'>πραττο-</span> 
     </span>
    </p>
   </div>
   <div class='ocr_carea' id='block_1_69' title="bbox 110 4982 1658 5061">
    <p class='ocr_par' dir='ltr' id='par_1_69' title="bbox 110 4982 1658 5061">
     <span class='ocr_line' id='line_1_69' title="bbox 110 4982 1658 5061; baseline -0.005 -17"><span class='ocrx_word' id='word_1_483' title='bbox 110 4982 247 5044; x_wconf 72' lang='grc' dir='ltr'>μένων</span> <span class='ocrx_word' id='word_1_484' title='bbox 270 4989 295 5039; x_wconf 82' lang='lat'><strong>6</strong></span> <span class='ocrx_word' id='word_1_485' title='bbox 321 4991 563 5054; x_wconf 84' lang='grc' dir='ltr'>δίκαιος;</span> <span class='ocrx_word' id='word_1_486' title='bbox 615 4990 690 5061; x_wconf 81' lang='grc' dir='ltr'>μὴ</span> <span class='ocrx_word' id='word_1_487' title='bbox 720 4991 886 5061; x_wconf 80' lang='grc' dir='ltr'>εὐχὴν</span> <span class='ocrx_word' id='word_1_488' title='bbox 927 4987 1264 5060; x_wconf 73' lang='grc' dir='ltr'>ἀνέπεμψεν,</span> <span class='ocrx_word' id='word_1_489' title='bbox 1293 4987 1368 5048; x_wconf 85' lang='grc' dir='ltr'>ὡς</span> <span class='ocrx_word' id='word_1_490' title='bbox 1403 4985 1542 5056; x_wconf 84' lang='grc' dir='ltr'>ὑπὲρ</span> <span class='ocrx_word' id='word_1_491' title='bbox 1565 4984 1658 5038; x_wconf 88' lang='grc' dir='ltr'><strong>τοῦ</strong></span> 
     </span>
    </p>
   </div>
   <div class='ocr_carea' id='block_1_70' title="bbox 108 5077 1660 5155">
    <p class='ocr_par' dir='ltr' id='par_1_70' title="bbox 108 5077 1660 5155">
     <span class='ocr_line' id='line_1_70' title="bbox 108 5077 1660 5155; baseline 0.005 -31"><span class='ocrx_word' id='word_1_492' title='bbox 108 5077 350 5150; x_wconf 70' lang='grc' dir='ltr'>παιδαρίου</span> <span class='ocrx_word' id='word_1_493' title='bbox 399 5083 500 5153; x_wconf 86' lang='grc' dir='ltr'><strong>τῆς</strong></span> <span class='ocrx_word' id='word_1_494' title='bbox 549 5083 909 5155; x_wconf 84' lang='grc' dir='ltr'>Σαμαρίτιδος</span> <span class='ocrx_word' id='word_1_495' title='bbox 925 5084 1006 5150; x_wconf 66' lang='grc' dir='ltr'><strong>δίς</strong></span> <span class='ocrx_word' id='word_1_496' title='bbox 1068 5082 1209 5136; x_wconf 81' lang='grc' dir='ltr'>Ἀλλ’</span> <span class='ocrx_word' id='word_1_497' title='bbox 1242 5081 1395 5135; x_wconf 85' lang='grc' dir='ltr'>οὐδὲν</span> <span class='ocrx_word' id='word_1_498' title='bbox 1419 5079 1660 5133; x_wconf 86' lang='grc' dir='ltr'>τοιοῦτον</span> 
     </span>
    </p>
   </div>
   <div class='ocr_carea' id='block_1_71' title="bbox 103 5163 1655 5247">
    <p class='ocr_par' dir='ltr' id='par_1_71' title="bbox 103 5163 1655 5247">
     <span class='ocr_line' id='line_1_71' title="bbox 103 5163 1655 5247; baseline 0.003 -28"><span class='ocrx_word' id='word_1_499' title='bbox 103 5163 275 5224; x_wconf 51' lang='grc' dir='ltr'>’ἴδωσιν</span> <span class='ocrx_word' id='word_1_500' title='bbox 321 5177 457 5245; x_wconf 83' lang='grc' dir='ltr'>ἡμῖν</span> <span class='ocrx_word' id='word_1_501' title='bbox 519 5178 724 5230; x_wconf 83' lang='grc' dir='ltr'>ἐννοεῖν</span> <span class='ocrx_word' id='word_1_502' title='bbox 772 5178 806 5247; x_wconf 81' lang='grc' dir='ltr'>ἡ</span> <span class='ocrx_word' id='word_1_503' title='bbox 858 5176 968 5230; x_wconf 86' lang='grc' dir='ltr'><strong>τῶν</strong></span> <span class='ocrx_word' id='word_1_504' title='bbox 1018 5174 1358 5247; x_wconf 85' lang='grc' dir='ltr'>πραγμάτων</span> <span class='ocrx_word' id='word_1_505' title='bbox 1401 5171 1655 5242; x_wconf 83' lang='grc' dir='ltr'>ἀλήθεια.</span> 
     </span>
    </p>
   </div>
   <div class='ocr_carea' id='block_1_72' title="bbox 111 5256 1653 5338">
    <p class='ocr_par' dir='ltr' id='par_1_72' title="bbox 111 5256 1653 5338">
     <span class='ocr_line' id='line_1_72' title="bbox 111 5256 1653 5338; baseline 0.005 -27"><span class='ocrx_word' id='word_1_506' title='bbox 111 5256 281 5318; x_wconf 76' lang='grc' dir='ltr'>Ἕκειτο</span> <span class='ocrx_word' id='word_1_507' title='bbox 305 5265 416 5336; x_wconf 81' lang='grc' dir='ltr'><strong>γὰρ</strong></span> <span class='ocrx_word' id='word_1_508' title='bbox 445 5267 553 5337; x_wconf 79' lang='grc' dir='ltr'><strong>πρὸ</strong></span> <span class='ocrx_word' id='word_1_509' title='bbox 583 5267 795 5321; x_wconf 80' lang='grc' dir='ltr'>πολλῶν</span> <span class='ocrx_word' id='word_1_510' title='bbox 826 5267 934 5320; x_wconf 83' lang='grc' dir='ltr'>τῶν</span> <span class='ocrx_word' id='word_1_511' title='bbox 961 5267 1170 5338; x_wconf 88' lang='grc' dir='ltr'>χρόνων</span> <span class='ocrx_word' id='word_1_512' title='bbox 1202 5268 1231 5319; x_wconf 93' lang='lat'><strong>6</strong></span> <span class='ocrx_word' id='word_1_513' title='bbox 1259 5266 1484 5329; x_wconf 89' lang='grc' dir='ltr'>δίκαιος,</span> <span class='ocrx_word' id='word_1_514' title='bbox 1524 5265 1653 5317; x_wconf 81' lang='grc' dir='ltr'>ἀνα-</span> 
     </span>
    </p>
   </div>
   <div class='ocr_carea' id='block_1_73' title="bbox 107 5345 1654 5432">
    <p class='ocr_par' dir='ltr' id='par_1_73' title="bbox 107 5345 1654 5432">
     <span class='ocr_line' id='line_1_73' title="bbox 107 5345 1654 5432; baseline 0.004 -29"><span class='ocrx_word' id='word_1_515' title='bbox 107 5345 306 5421; x_wconf 56' lang='grc' dir='ltr'>λιθέντος</span> <span class='ocrx_word' id='word_1_516' title='bbox 334 5359 430 5412; x_wconf 89' lang='grc' dir='ltr'><strong>τοῦ</strong></span> <span class='ocrx_word' id='word_1_517' title='bbox 461 5358 713 5430; x_wconf 82' lang='grc' dir='ltr'>σώματος</span> <span class='ocrx_word' id='word_1_518' title='bbox 737 5360 875 5432; x_wconf 75' lang='grc' dir='ltr'>πρὸς</span> <span class='ocrx_word' id='word_1_519' title='bbox 899 5362 988 5414; x_wconf 83' lang='grc' dir='ltr'>τὸν</span> <span class='ocrx_word' id='word_1_520' title='bbox 1011 5360 1246 5430; x_wconf 89' lang='grc' dir='ltr'>συγγενῆ</span> <span class='ocrx_word' id='word_1_521' title='bbox 1273 5358 1402 5430; x_wconf 84' lang='grc' dir='ltr'>χοῦν</span> <span class='ocrx_word' id='word_1_522' title='bbox 1429 5357 1524 5410; x_wconf 73' lang='grc' dir='ltr'>καὶ</span> <span class='ocrx_word' id='word_1_523' title='bbox 1551 5355 1654 5427; x_wconf 82' lang='grc' dir='ltr'>τὴν</span> 
     </span>
    </p>
   </div>
   <div class='ocr_carea' id='block_1_74' title="bbox 1785 1843 3366 1915">
    <p class='ocr_par' dir='ltr' id='par_1_74' title="bbox 1785 1843 3366 1915">
     <span class='ocr_line' id='line_1_74' title="bbox 1785 1843 3366 1915; baseline 0.004 -22"><span class='ocrx_word' id='word_1_524' title='bbox 1785 1850 1900 1894; x_wconf 90' lang='lat' dir='ltr'><strong>stro</strong></span> <span class='ocrx_word' id='word_1_525' title='bbox 1930 1848 2246 1910; x_wconf 88' lang='lat' dir='ltr'><strong>apparente,</strong></span> <span class='ocrx_word' id='word_1_526' title='bbox 2283 1857 2451 1912; x_wconf 93' lang='lat' dir='ltr'><strong>osque</strong></span> <span class='ocrx_word' id='word_1_527' title='bbox 2493 1844 2702 1914; x_wconf 85' lang='lat' dir='ltr'><strong>aperiet</strong></span> <span class='ocrx_word' id='word_1_528' title='bbox 2723 1843 2774 1897; x_wconf 92' lang='lat' dir='ltr'><strong>in</strong></span> <span class='ocrx_word' id='word_1_529' title='bbox 2805 1843 3022 1907; x_wconf 90' lang='lat' dir='ltr'><strong>fiducia,</strong></span> <span class='ocrx_word' id='word_1_530' title='bbox 3055 1845 3366 1915; x_wconf 80' lang='lat' dir='ltr'><strong>angelorum</strong></span> 
     </span>
    </p>
   </div>
   <div class='ocr_carea' id='block_1_75' title="bbox 1785 1933 3374 2007">
    <p class='ocr_par' dir='ltr' id='par_1_75' title="bbox 1785 1933 3374 2007">
     <span class='ocr_line' id='line_1_75' title="bbox 1785 1933 3374 2007; baseline 0.004 -21"><span class='ocrx_word' id='word_1_531' title='bbox 1785 1933 1938 1988; x_wconf 71' lang='lat' dir='ltr'><strong>laatus</strong></span> <span class='ocrx_word' id='word_1_532' title='bbox 1979 1933 2310 2002; x_wconf 88' lang='lat' dir='ltr'><strong>spectaculo,</strong></span> <span class='ocrx_word' id='word_1_533' title='bbox 2366 1935 2459 1990; x_wconf 88' lang='lat' dir='ltr'><strong>Dei</strong></span> <span class='ocrx_word' id='word_1_534' title='bbox 2498 1948 2558 1990; x_wconf 89' lang='lat' dir='ltr'><strong>se</strong></span> <span class='ocrx_word' id='word_1_535' title='bbox 2603 1935 2771 2005; x_wconf 80' lang='lat' dir='ltr'><strong>gloria</strong></span> <span class='ocrx_word' id='word_1_536' title='bbox 2807 1936 3018 1990; x_wconf 90' lang='lat' dir='ltr'><strong>beatum</strong></span> <span class='ocrx_word' id='word_1_537' title='bbox 3069 1938 3374 2007; x_wconf 78' lang='lat' dir='ltr'><strong>praedicans</strong></span> 
     </span>
    </p>
   </div>
   <div class='ocr_carea' id='block_1_76' title="bbox 1789 2025 3367 2102">
    <p class='ocr_par' dir='ltr' id='par_1_76' title="bbox 1789 2025 3367 2102">
     <span class='ocr_line' id='line_1_76' title="bbox 1789 2025 3367 2102; baseline 0.005 -24"><span class='ocrx_word' id='word_1_538' title='bbox 1789 2040 1818 2078; x_wconf 88' lang='lat' dir='ltr'><strong>a</strong></span> <span class='ocrx_word' id='word_1_539' title='bbox 1851 2025 2188 2092; x_wconf 82' lang='lat' dir='ltr'><strong>verberibus,</strong></span> <span class='ocrx_word' id='word_1_540' title='bbox 2215 2026 2467 2090; x_wconf 86' lang='lat' dir='ltr'><strong>vinculis,</strong></span> <span class='ocrx_word' id='word_1_541' title='bbox 2493 2029 2802 2096; x_wconf 90' lang='lat' dir='ltr'><strong>tormentis,</strong></span> <span class='ocrx_word' id='word_1_542' title='bbox 2835 2040 3008 2084; x_wconf 90' lang='lat' dir='ltr'><strong>morte</strong></span> <span class='ocrx_word' id='word_1_543' title='bbox 3034 2029 3148 2084; x_wconf 83' lang='lat' dir='ltr'><strong>utili</strong></span> <span class='ocrx_word' id='word_1_544' title='bbox 3177 2049 3190 2084; x_wconf 86' lang='lat'><strong>:</strong></span> <span class='ocrx_word' id='word_1_545' title='bbox 3221 2033 3367 2102; x_wconf 91' lang='lat' dir='ltr'><strong>quod</strong></span> 
     </span>
    </p>
   </div>
   <div class='ocr_carea' id='block_1_77' title="bbox 1785 2117 2768 2175">
    <p class='ocr_par' dir='ltr' id='par_1_77' title="bbox 1785 2117 2768 2175">
     <span class='ocr_line' id='line_1_77' title="bbox 1785 2117 2768 2175; baseline 0.004 -4"><span class='ocrx_word' id='word_1_546' title='bbox 1785 2132 1844 2171; x_wconf 91' lang='lat' dir='ltr'><strong>ea</strong></span> <span class='ocrx_word' id='word_1_547' title='bbox 1871 2117 2196 2172; x_wconf 87' lang='lat' dir='ltr'><strong>immortalis</strong></span> <span class='ocrx_word' id='word_1_548' title='bbox 2231 2119 2279 2172; x_wconf 88' lang='lat' dir='ltr'><strong>ei</strong></span> <span class='ocrx_word' id='word_1_549' title='bbox 2311 2119 2421 2173; x_wconf 86' lang='lat' dir='ltr'><strong>vita</strong></span> <span class='ocrx_word' id='word_1_550' title='bbox 2454 2121 2768 2175; x_wconf 87' lang='lat' dir='ltr'><strong>accesserit.</strong></span> 
     </span>
    </p>
   </div>
   <div class='ocr_carea' id='block_1_78' title="bbox 1859 2208 3364 2282">
    <p class='ocr_par' dir='ltr' id='par_1_78' title="bbox 1859 2208 3364 2282">
     <span class='ocr_line' id='line_1_78' title="bbox 1859 2208 3364 2282; baseline 0.003 -17"><span class='ocrx_word' id='word_1_551' title='bbox 1859 2208 2060 2266; x_wconf 89' lang='lat' dir='ltr'><strong>Verum</strong></span> <span class='ocrx_word' id='word_1_552' title='bbox 2091 2213 2206 2268; x_wconf 88' lang='lat' dir='ltr'><strong>scio</strong></span> <span class='ocrx_word' id='word_1_553' title='bbox 2237 2213 2362 2282; x_wconf 91' lang='lat' dir='ltr'><strong>quid</strong></span> <span class='ocrx_word' id='word_1_554' title='bbox 2394 2213 2507 2268; x_wconf 63' lang='lat' dir='ltr'><strong>hanc</strong></span> <span class='ocrx_word' id='word_1_555' title='bbox 2541 2213 2766 2268; x_wconf 89' lang='lat' dir='ltr'><strong>audiens</strong></span> <span class='ocrx_word' id='word_1_556' title='bbox 2809 2214 3032 2282; x_wconf 86' lang='lat' dir='ltr'><strong>sentias,</strong></span> <span class='ocrx_word' id='word_1_557' title='bbox 3065 2230 3130 2271; x_wconf 88' lang='lat' dir='ltr'><strong>ac</strong></span> <span class='ocrx_word' id='word_1_558' title='bbox 3172 2216 3320 2270; x_wconf 85' lang='lat' dir='ltr'><strong>dicas</strong></span> <span class='ocrx_word' id='word_1_559' title='bbox 3349 2235 3364 2269; x_wconf 91' lang='lat'><strong>:</strong></span> 
     </span>
    </p>
   </div>
   <div class='ocr_carea' id='block_1_79' title="bbox 1786 2301 3370 2385">
    <p class='ocr_par' dir='ltr' id='par_1_79' title="bbox 1786 2301 3370 2385">
     <span class='ocr_line' id='line_1_79' title="bbox 1786 2301 3370 2385; baseline 0.001 -27"><span class='ocrx_word' id='word_1_560' title='bbox 1786 2301 1915 2358; x_wconf 94' lang='lat' dir='ltr'><strong>Sum</strong></span> <span class='ocrx_word' id='word_1_561' title='bbox 1945 2312 1998 2357; x_wconf 92' lang='lat' dir='ltr'><strong>et</strong></span> <span class='ocrx_word' id='word_1_562' title='bbox 2039 2302 2153 2374; x_wconf 90' lang='lat' dir='ltr'><strong>ipse</strong></span> <span class='ocrx_word' id='word_1_563' title='bbox 2201 2305 2386 2359; x_wconf 90' lang='lat' dir='ltr'><strong>talium</strong></span> <span class='ocrx_word' id='word_1_564' title='bbox 2437 2319 2630 2375; x_wconf 79' lang='lat' dir='ltr'><strong>capax.</strong></span> <span class='ocrx_word' id='word_1_565' title='bbox 2681 2305 2838 2385; x_wconf 81' lang='lat' dir='ltr'><strong>Modo</strong></span> <span class='ocrx_word' id='word_1_566' title='bbox 2880 2305 3056 2360; x_wconf 88' lang='lat' dir='ltr'><strong>vivam</strong></span> <span class='ocrx_word' id='word_1_567' title='bbox 3090 2321 3122 2361; x_wconf 87' lang='lat' dir='ltr'><strong>e</strong></span> <span class='ocrx_word' id='word_1_568' title='bbox 3151 2306 3370 2360; x_wconf 89' lang='lat' dir='ltr'><strong>virtutis</strong></span> 
     </span>
    </p>
   </div>
   <div class='ocr_carea' id='block_1_80' title="bbox 1786 2395 3370 2462">
    <p class='ocr_par' dir='ltr' id='par_1_80' title="bbox 1786 2395 3370 2462">
     <span class='ocr_line' id='line_1_80' title="bbox 1786 2395 3370 2462; baseline 0.003 -14"><span class='ocrx_word' id='word_1_569' title='bbox 1786 2395 2014 2462; x_wconf 90' lang='lat' dir='ltr'><strong>ratione,</strong></span> <span class='ocrx_word' id='word_1_570' title='bbox 2067 2395 2205 2450; x_wconf 88' lang='lat' dir='ltr'><strong>nihil</strong></span> <span class='ocrx_word' id='word_1_571' title='bbox 2255 2397 2495 2453; x_wconf 86' lang='lat' dir='ltr'><strong>deterior</strong></span> <span class='ocrx_word' id='word_1_572' title='bbox 2544 2406 2635 2452; x_wconf 88' lang='lat' dir='ltr'><strong>aut</strong></span> <span class='ocrx_word' id='word_1_573' title='bbox 2677 2397 2873 2452; x_wconf 89' lang='lat' dir='ltr'><strong>minori</strong></span> <span class='ocrx_word' id='word_1_574' title='bbox 2907 2399 3112 2452; x_wconf 90' lang='lat' dir='ltr'><strong>honore</strong></span> <span class='ocrx_word' id='word_1_575' title='bbox 3154 2399 3370 2452; x_wconf 86' lang='lat' dir='ltr'><strong>futurus</strong></span> 
     </span>
    </p>
   </div>
   <div class='ocr_carea' id='block_1_81' title="bbox 1783 2489 3365 2559">
    <p class='ocr_par' dir='ltr' id='par_1_81' title="bbox 1783 2489 3365 2559">
     <span class='ocr_line' id='line_1_81' title="bbox 1783 2489 3365 2559; baseline 0.003 -18"><span class='ocrx_word' id='word_1_576' title='bbox 1783 2502 1923 2552; x_wconf 88' lang='lat' dir='ltr'><strong>sum,</strong></span> <span class='ocrx_word' id='word_1_577' title='bbox 1971 2489 2040 2544; x_wconf 86' lang='lat' dir='ltr'><strong>ab</strong></span> <span class='ocrx_word' id='word_1_578' title='bbox 2092 2490 2160 2545; x_wconf 89' lang='lat' dir='ltr'><strong>iis</strong></span> <span class='ocrx_word' id='word_1_579' title='bbox 2207 2504 2344 2559; x_wconf 91' lang='lat' dir='ltr'><strong>quos</strong></span> <span class='ocrx_word' id='word_1_580' title='bbox 2398 2506 2541 2546; x_wconf 89' lang='lat' dir='ltr'><strong>nunc</strong></span> <span class='ocrx_word' id='word_1_581' title='bbox 2595 2490 2956 2544; x_wconf 81' lang='lat' dir='ltr'><strong>admiramur.</strong></span> <span class='ocrx_word' id='word_1_582' title='bbox 2994 2490 3158 2544; x_wconf 85' lang='lat' dir='ltr'><strong>Plane</strong></span> <span class='ocrx_word' id='word_1_583' title='bbox 3197 2504 3365 2545; x_wconf 90' lang='lat' dir='ltr'><strong>vero:</strong></span> 
     </span>
    </p>
   </div>
   <div class='ocr_carea' id='block_1_82' title="bbox 1781 2581 3368 2652">
    <p class='ocr_par' dir='ltr' id='par_1_82' title="bbox 1781 2581 3368 2652">
     <span class='ocr_line' id='line_1_82' title="bbox 1781 2581 3368 2652; baseline 0 -18"><span class='ocrx_word' id='word_1_584' title='bbox 1781 2590 1908 2635; x_wconf 88' lang='lat' dir='ltr'><strong>sunt</strong></span> <span class='ocrx_word' id='word_1_585' title='bbox 1939 2582 2053 2638; x_wconf 70' lang='lat' dir='ltr'><strong>haae</strong></span> <span class='ocrx_word' id='word_1_586' title='bbox 2079 2582 2244 2637; x_wconf 91' lang='lat' dir='ltr'><strong>animi</strong></span> <span class='ocrx_word' id='word_1_587' title='bbox 2279 2583 2584 2652; x_wconf 85' lang='lat' dir='ltr'><strong>arrogantis</strong></span> <span class='ocrx_word' id='word_1_588' title='bbox 2614 2581 2805 2650; x_wconf 83' lang='lat' dir='ltr'><strong>verba,</strong></span> <span class='ocrx_word' id='word_1_589' title='bbox 2851 2582 2965 2648; x_wconf 85' lang='lat' dir='ltr'><strong>ejus</strong></span> <span class='ocrx_word' id='word_1_590' title='bbox 3002 2584 3090 2651; x_wconf 90' lang='lat' dir='ltr'><strong>qui</strong></span> <span class='ocrx_word' id='word_1_591' title='bbox 3127 2583 3368 2652; x_wconf 82' lang='lat' dir='ltr'><strong>seipsum</strong></span> 
     </span>
    </p>
   </div>
   <div class='ocr_carea' id='block_1_83' title="bbox 1777 2672 3367 2745">
    <p class='ocr_par' dir='ltr' id='par_1_83' title="bbox 1777 2672 3367 2745">
     <span class='ocr_line' id='line_1_83' title="bbox 1777 2672 3367 2745; baseline 0 -20"><span class='ocrx_word' id='word_1_592' title='bbox 1777 2672 2041 2744; x_wconf 84' lang='lat' dir='ltr'><strong>jnstiﬁcat</strong></span> <span class='ocrx_word' id='word_1_593' title='bbox 2087 2689 2238 2730; x_wconf 90' lang='lat' dir='ltr'><strong>more</strong></span> <span class='ocrx_word' id='word_1_594' title='bbox 2261 2675 2578 2745; x_wconf 90' lang='lat' dir='ltr'><strong>jactabundi</strong></span> <span class='ocrx_word' id='word_1_595' title='bbox 2623 2675 2766 2730; x_wconf 91' lang='lat' dir='ltr'><strong>illius</strong></span> <span class='ocrx_word' id='word_1_596' title='bbox 2827 2675 3078 2730; x_wconf 69' lang='lat' dir='ltr'><strong>Pharisaei</strong></span> <span class='ocrx_word' id='word_1_597' title='bbox 3104 2676 3170 2736; x_wconf 69' lang='lat'><strong>”.</strong></span> <span class='ocrx_word' id='word_1_598' title='bbox 3205 2685 3367 2745; x_wconf 77' lang='lat' dir='ltr'><strong>atque</strong></span> 
     </span>
    </p>
   </div>
   <div class='ocr_carea' id='block_1_84' title="bbox 1784 2766 3352 2836">
    <p class='ocr_par' dir='ltr' id='par_1_84' title="bbox 1784 2766 3352 2836">
     <span class='ocr_line' id='line_1_84' title="bbox 1784 2766 3352 2836; baseline 0.002 -17"><span class='ocrx_word' id='word_1_599' title='bbox 1784 2767 1851 2820; x_wconf 91' lang='lat' dir='ltr'><strong>ab</strong></span> <span class='ocrx_word' id='word_1_600' title='bbox 1876 2767 2019 2820; x_wconf 92' lang='lat' dir='ltr'><strong>omni</strong></span> <span class='ocrx_word' id='word_1_601' title='bbox 2045 2766 2364 2824; x_wconf 88' lang='lat' dir='ltr'><strong>humilitatis</strong></span> <span class='ocrx_word' id='word_1_602' title='bbox 2387 2781 2546 2823; x_wconf 89' lang='lat' dir='ltr'><strong>sensu</strong></span> <span class='ocrx_word' id='word_1_603' title='bbox 2573 2767 2768 2822; x_wconf 89' lang='lat' dir='ltr'><strong>aliena.</strong></span> <span class='ocrx_word' id='word_1_604' title='bbox 2798 2767 2983 2821; x_wconf 84' lang='lat' dir='ltr'><strong>Palam</strong></span> <span class='ocrx_word' id='word_1_605' title='bbox 3014 2782 3142 2822; x_wconf 84' lang='lat' dir='ltr'><strong>vero</strong></span> <span class='ocrx_word' id='word_1_606' title='bbox 3165 2767 3352 2836; x_wconf 85' lang='lat' dir='ltr'><strong>liquet.</strong></span> 
     </span>
    </p>
   </div>
   <div class='ocr_carea' id='block_1_85' title="bbox 1784 2858 3367 2930">
    <p class='ocr_par' dir='ltr' id='par_1_85' title="bbox 1784 2858 3367 2930">
     <span class='ocr_line' id='line_1_85' title="bbox 1784 2858 3367 2930; baseline -0.001 -17"><span class='ocrx_word' id='word_1_607' title='bbox 1784 2858 1888 2914; x_wconf 92' lang='lat' dir='ltr'><strong>nisi</strong></span> <span class='ocrx_word' id='word_1_608' title='bbox 1927 2859 2049 2930; x_wconf 90' lang='lat' dir='ltr'><strong>quis</strong></span> <span class='ocrx_word' id='word_1_609' title='bbox 2084 2861 2234 2930; x_wconf 87' lang='lat' dir='ltr'><strong>prius</strong></span> <span class='ocrx_word' id='word_1_610' title='bbox 2265 2875 2327 2915; x_wconf 89' lang='lat' dir='ltr'><strong>se</strong></span> <span class='ocrx_word' id='word_1_611' title='bbox 2353 2861 2467 2930; x_wconf 92' lang='lat' dir='ltr'><strong>ipse</strong></span> <span class='ocrx_word' id='word_1_612' title='bbox 2497 2861 2886 2923; x_wconf 87' lang='lat' dir='ltr'><strong>humiliaverit,</strong></span> <span class='ocrx_word' id='word_1_613' title='bbox 2919 2875 3024 2914; x_wconf 92' lang='lat' dir='ltr'><strong>nou</strong></span> <span class='ocrx_word' id='word_1_614' title='bbox 3059 2861 3367 2930; x_wconf 75' lang='lat' dir='ltr'><strong>provehen-</strong></span> 
     </span>
    </p>
   </div>
   <div class='ocr_carea' id='block_1_86' title="bbox 1781 2933 3364 3022">
    <p class='ocr_par' dir='ltr' id='par_1_86' title="bbox 1781 2933 3364 3022">
     <span class='ocr_line' id='line_1_86' title="bbox 1781 2933 3364 3022; baseline 0.002 -19"><span class='ocrx_word' id='word_1_615' title='bbox 1781 2933 2026 3005; x_wconf 55' lang='lat' dir='ltr'><strong>dum&#39;ad</strong></span> <span class='ocrx_word' id='word_1_616' title='bbox 2077 2952 2128 3005; x_wconf 92' lang='lat' dir='ltr'><strong>id</strong></span> <span class='ocrx_word' id='word_1_617' title='bbox 2169 2952 2313 3022; x_wconf 90' lang='lat' dir='ltr'><strong>quod</strong></span> <span class='ocrx_word' id='word_1_618' title='bbox 2362 2963 2447 3008; x_wconf 84' lang='lat' dir='ltr'><strong>est</strong></span> <span class='ocrx_word' id='word_1_619' title='bbox 2487 2951 2654 3007; x_wconf 89' lang='lat' dir='ltr'><strong>altum</strong></span> <span class='ocrx_word' id='word_1_620' title='bbox 2689 2967 2754 3007; x_wconf 88' lang='lat' dir='ltr'><strong>ac</strong></span> <span class='ocrx_word' id='word_1_621' title='bbox 2783 2951 3053 3008; x_wconf 85' lang='lat' dir='ltr'><strong>sublime:</strong></span> <span class='ocrx_word' id='word_1_622' title='bbox 3089 2953 3364 3008; x_wconf 82' lang='lat' dir='ltr'><strong>Dominica</strong></span> 
     </span>
    </p>
   </div>
   <div class='ocr_carea' id='block_1_87' title="bbox 1783 3045 3366 3116">
    <p class='ocr_par' dir='ltr' id='par_1_87' title="bbox 1783 3045 3366 3116">
     <span class='ocr_line' id='line_1_87' title="bbox 1783 3045 3366 3116; baseline -0.002 -15"><span class='ocrx_word' id='word_1_623' title='bbox 1783 3061 2023 3116; x_wconf 88' lang='lat' dir='ltr'><strong>namque</strong></span> <span class='ocrx_word' id='word_1_624' title='bbox 2062 3048 2328 3101; x_wconf 88' lang='lat' dir='ltr'><strong>sententia</strong></span> <span class='ocrx_word' id='word_1_625' title='bbox 2360 3055 2461 3101; x_wconf 83' lang='lat' dir='ltr'><strong>est.</strong></span> <span class='ocrx_word' id='word_1_626' title='bbox 2499 3045 2636 3112; x_wconf 87' lang='lat' dir='ltr'><strong>Quin</strong></span> <span class='ocrx_word' id='word_1_627' title='bbox 2673 3055 2730 3099; x_wconf 89' lang='lat' dir='ltr'><strong>ut</strong></span> <span class='ocrx_word' id='word_1_628' title='bbox 2773 3046 2967 3114; x_wconf 84' lang='lat' dir='ltr'><strong>aliquis</strong></span> <span class='ocrx_word' id='word_1_629' title='bbox 3009 3046 3167 3099; x_wconf 88' lang='lat' dir='ltr'><strong>talem</strong></span> <span class='ocrx_word' id='word_1_630' title='bbox 3207 3055 3256 3100; x_wconf 90' lang='lat' dir='ltr'><strong>te</strong></span> <span class='ocrx_word' id='word_1_631' title='bbox 3283 3046 3366 3099; x_wconf 85' lang='lat' dir='ltr'><strong>fu-</strong></span> 
     </span>
    </p>
   </div>
   <div class='ocr_carea' id='block_1_88' title="bbox 1781 3140 3359 3210">
    <p class='ocr_par' dir='ltr' id='par_1_88' title="bbox 1781 3140 3359 3210">
     <span class='ocr_line' id='line_1_88' title="bbox 1781 3140 3359 3210; baseline 0.001 -16"><span class='ocrx_word' id='word_1_632' title='bbox 1781 3147 1960 3194; x_wconf 89' lang='lat' dir='ltr'><strong>turum</strong></span> <span class='ocrx_word' id='word_1_633' title='bbox 2018 3151 2167 3196; x_wconf 89' lang='lat' dir='ltr'><strong>certo</strong></span> <span class='ocrx_word' id='word_1_634' title='bbox 2215 3140 2499 3210; x_wconf 87' lang='lat' dir='ltr'><strong>spondeat,</strong></span> <span class='ocrx_word' id='word_1_635' title='bbox 2543 3155 2745 3210; x_wconf 82' lang='lat' dir='ltr'><strong>ergone</strong></span> <span class='ocrx_word' id='word_1_636' title='bbox 2795 3141 2954 3206; x_wconf 89' lang='lat' dir='ltr'><strong>nolis,</strong></span> <span class='ocrx_word' id='word_1_637' title='bbox 3008 3143 3234 3195; x_wconf 91' lang='lat' dir='ltr'><strong>obsecro</strong></span> <span class='ocrx_word' id='word_1_638' title='bbox 3279 3151 3359 3205; x_wconf 77' lang='lat' dir='ltr'><strong>te,</strong></span> 
     </span>
    </p>
   </div>
   <div class='ocr_carea' id='block_1_89' title="bbox 1781 3232 3364 3301">
    <p class='ocr_par' dir='ltr' id='par_1_89' title="bbox 1781 3232 3364 3301">
     <span class='ocr_line' id='line_1_89' title="bbox 1781 3232 3364 3301; baseline -0.003 -13"><span class='ocrx_word' id='word_1_639' title='bbox 1781 3234 1848 3289; x_wconf 92' lang='lat' dir='ltr'><strong>iis</strong></span> <span class='ocrx_word' id='word_1_640' title='bbox 1875 3233 2076 3289; x_wconf 89' lang='lat' dir='ltr'><strong>habere</strong></span> <span class='ocrx_word' id='word_1_641' title='bbox 2107 3234 2487 3299; x_wconf 86' lang='lat' dir='ltr'><strong>reverentiam,</strong></span> <span class='ocrx_word' id='word_1_642' title='bbox 2524 3233 2612 3301; x_wconf 89' lang='lat' dir='ltr'><strong>qui</strong></span> <span class='ocrx_word' id='word_1_643' title='bbox 2650 3232 2742 3286; x_wconf 83' lang='lat' dir='ltr'><strong>tibi</strong></span> <span class='ocrx_word' id='word_1_644' title='bbox 2769 3232 2983 3301; x_wconf 83' lang='lat' dir='ltr'><strong>pietatis</strong></span> <span class='ocrx_word' id='word_1_645' title='bbox 3009 3232 3149 3285; x_wconf 86' lang='lat' dir='ltr'><strong>viam</strong></span> <span class='ocrx_word' id='word_1_646' title='bbox 3181 3233 3364 3286; x_wconf 83' lang='lat' dir='ltr'><strong>initia-</strong></span> 
     </span>
    </p>
   </div>
   <div class='ocr_carea' id='block_1_90' title="bbox 1779 3325 3366 3395">
    <p class='ocr_par' dir='ltr' id='par_1_90' title="bbox 1779 3325 3366 3395">
     <span class='ocr_line' id='line_1_90' title="bbox 1779 3325 3366 3395; baseline -0.003 -13"><span class='ocrx_word' id='word_1_647' title='bbox 1779 3328 2012 3382; x_wconf 88' lang='lat' dir='ltr'><strong>verunt?</strong></span> <span class='ocrx_word' id='word_1_648' title='bbox 2045 3328 2135 3395; x_wconf 90' lang='lat' dir='ltr'><strong>qui</strong></span> <span class='ocrx_word' id='word_1_649' title='bbox 2188 3327 2460 3381; x_wconf 90' lang='lat' dir='ltr'><strong>bonorum</strong></span> <span class='ocrx_word' id='word_1_650' title='bbox 2507 3325 2726 3380; x_wconf 89' lang='lat' dir='ltr'><strong>ftterttnt</strong></span> <span class='ocrx_word' id='word_1_651' title='bbox 2757 3326 2969 3382; x_wconf 78' lang='lat' dir='ltr'><strong>duces?</strong></span> <span class='ocrx_word' id='word_1_652' title='bbox 3006 3325 3096 3395; x_wconf 91' lang='lat' dir='ltr'><strong>qui</strong></span> <span class='ocrx_word' id='word_1_653' title='bbox 3151 3326 3366 3379; x_wconf 82' lang='lat' dir='ltr'><strong>virtutis</strong></span> 
     </span>
    </p>
   </div>
   <div class='ocr_carea' id='block_1_91' title="bbox 1779 3417 3365 3487">
    <p class='ocr_par' dir='ltr' id='par_1_91' title="bbox 1779 3417 3365 3487">
     <span class='ocr_line' id='line_1_91' title="bbox 1779 3417 3365 3487; baseline -0.004 -13"><span class='ocrx_word' id='word_1_654' title='bbox 1779 3419 2074 3474; x_wconf 87' lang='lat' dir='ltr'><strong>doctores?</strong></span> <span class='ocrx_word' id='word_1_655' title='bbox 2135 3418 2225 3487; x_wconf 89' lang='lat' dir='ltr'><strong>qui</strong></span> <span class='ocrx_word' id='word_1_656' title='bbox 2283 3420 2351 3474; x_wconf 91' lang='lat' dir='ltr'><strong>ad</strong></span> <span class='ocrx_word' id='word_1_657' title='bbox 2413 3417 2803 3481; x_wconf 87' lang='lat' dir='ltr'><strong>tolerantiam,</strong></span> <span class='ocrx_word' id='word_1_658' title='bbox 2866 3432 2936 3468; x_wconf 91' lang='lat' dir='ltr'><strong>ac</strong></span> <span class='ocrx_word' id='word_1_659' title='bbox 2993 3417 3185 3470; x_wconf 90' lang='lat' dir='ltr'><strong>mortis</strong></span> <span class='ocrx_word' id='word_1_660' title='bbox 3235 3431 3365 3470; x_wconf 59' lang='lat' dir='ltr'><strong>con-</strong></span> 
     </span>
    </p>
   </div>
   <div class='ocr_carea' id='block_1_92' title="bbox 1783 3506 3368 3582">
    <p class='ocr_par' dir='ltr' id='par_1_92' title="bbox 1783 3506 3368 3582">
     <span class='ocr_line' id='line_1_92' title="bbox 1783 3506 3368 3582; baseline -0.003 -16"><span class='ocrx_word' id='word_1_661' title='bbox 1783 3522 2044 3582; x_wconf 83' lang='lat' dir='ltr'><strong>temptum</strong></span> <span class='ocrx_word' id='word_1_662' title='bbox 2104 3510 2466 3565; x_wconf 86' lang='lat' dir='ltr'><strong>erudierunt?</strong></span> <span class='ocrx_word' id='word_1_663' title='bbox 2535 3509 2691 3564; x_wconf 87' lang='lat' dir='ltr'><strong>Disce</strong></span> <span class='ocrx_word' id='word_1_664' title='bbox 2755 3524 2782 3561; x_wconf 92' lang='lat' dir='ltr'><strong>a</strong></span> <span class='ocrx_word' id='word_1_665' title='bbox 2842 3506 3023 3562; x_wconf 58' lang='lat' dir='ltr'><strong>saeculi</strong></span> <span class='ocrx_word' id='word_1_666' title='bbox 3090 3507 3245 3576; x_wconf 90' lang='lat' dir='ltr'><strong>lmjus</strong></span> <span class='ocrx_word' id='word_1_667' title='bbox 3299 3522 3368 3562; x_wconf 87' lang='lat' dir='ltr'><strong>ac</strong></span> 
     </span>
    </p>
   </div>
   <div class='ocr_carea' id='block_1_93' title="bbox 1778 3601 3362 3674">
    <p class='ocr_par' dir='ltr' id='par_1_93' title="bbox 1778 3601 3362 3674">
     <span class='ocr_line' id='line_1_93' title="bbox 1778 3601 3362 3674; baseline -0.006 -16"><span class='ocrx_word' id='word_1_668' title='bbox 1778 3605 1966 3660; x_wconf 90' lang='lat' dir='ltr'><strong>mundi</strong></span> <span class='ocrx_word' id='word_1_669' title='bbox 2009 3601 2308 3674; x_wconf 86' lang='lat' dir='ltr'><strong>discipulis,</strong></span> <span class='ocrx_word' id='word_1_670' title='bbox 2360 3603 2561 3672; x_wconf 90' lang='lat' dir='ltr'><strong>probos</strong></span> <span class='ocrx_word' id='word_1_671' title='bbox 2593 3617 2658 3656; x_wconf 91' lang='lat' dir='ltr'><strong>ac</strong></span> <span class='ocrx_word' id='word_1_672' title='bbox 2691 3609 2876 3672; x_wconf 88' lang='lat' dir='ltr'><strong>gratos</strong></span> <span class='ocrx_word' id='word_1_673' title='bbox 2909 3613 3110 3665; x_wconf 79' lang='lat' dir='ltr'><strong>mores,</strong></span> <span class='ocrx_word' id='word_1_674' title='bbox 3155 3608 3214 3658; x_wconf 83' lang='lat' dir='ltr'><strong>ut</strong></span> <span class='ocrx_word' id='word_1_675' title='bbox 3239 3614 3362 3652; x_wconf 85' lang='lat' dir='ltr'><strong>cum</strong></span> 
     </span>
    </p>
   </div>
   <div class='ocr_carea' id='block_1_94' title="bbox 1778 3693 3366 3768">
    <p class='ocr_par' dir='ltr' id='par_1_94' title="bbox 1778 3693 3366 3768">
     <span class='ocr_line' id='line_1_94' title="bbox 1778 3693 3366 3768; baseline -0.008 -14"><span class='ocrx_word' id='word_1_676' title='bbox 1778 3698 2055 3768; x_wconf 72' lang='lat' dir='ltr'><strong>magistris</strong></span> <span class='ocrx_word' id='word_1_677' title='bbox 2101 3696 2308 3752; x_wconf 89' lang='lat' dir='ltr'><strong>similes</strong></span> <span class='ocrx_word' id='word_1_678' title='bbox 2347 3698 2616 3760; x_wconf 86' lang='lat' dir='ltr'><strong>evadant,</strong></span> <span class='ocrx_word' id='word_1_679' title='bbox 2670 3709 2769 3748; x_wconf 92' lang='lat' dir='ltr'><strong>nec</strong></span> <span class='ocrx_word' id='word_1_680' title='bbox 2819 3694 2902 3748; x_wconf 91' lang='lat' dir='ltr'><strong>eis</strong></span> <span class='ocrx_word' id='word_1_681' title='bbox 2953 3693 3246 3763; x_wconf 87' lang='lat' dir='ltr'><strong>quidquam</strong></span> <span class='ocrx_word' id='word_1_682' title='bbox 3295 3693 3366 3750; x_wconf 79' lang='lat' dir='ltr'><strong>de</strong></span> 
     </span>
    </p>
   </div>
   <div class='ocr_carea' id='block_1_95' title="bbox 1777 3785 3375 3862">
    <p class='ocr_par' dir='ltr' id='par_1_95' title="bbox 1777 3785 3375 3862">
     <span class='ocr_line' id='line_1_95' title="bbox 1777 3785 3375 3862; baseline -0.004 -16"><span class='ocrx_word' id='word_1_683' title='bbox 1777 3795 1910 3847; x_wconf 90' lang='lat' dir='ltr'><strong>artis</strong></span> <span class='ocrx_word' id='word_1_684' title='bbox 1950 3793 2142 3862; x_wconf 87' lang='lat' dir='ltr'><strong>peritia</strong></span> <span class='ocrx_word' id='word_1_685' title='bbox 2172 3791 2333 3857; x_wconf 91' lang='lat' dir='ltr'><strong>desit,</strong></span> <span class='ocrx_word' id='word_1_686' title='bbox 2389 3790 2768 3860; x_wconf 87' lang='lat' dir='ltr'><strong>magistrorum</strong></span> <span class='ocrx_word' id='word_1_687' title='bbox 2820 3796 2998 3842; x_wconf 84' lang='lat' dir='ltr'><strong>tamen</strong></span> <span class='ocrx_word' id='word_1_688' title='bbox 3050 3785 3375 3840; x_wconf 81' lang='lat' dir='ltr'><strong>osculentnr&#39;</strong></span> 
     </span>
    </p>
   </div>
   <div class='ocr_carea' id='block_1_96' title="bbox 1784 3879 3363 3954">
    <p class='ocr_par' dir='ltr' id='par_1_96' title="bbox 1784 3879 3363 3954">
     <span class='ocr_line' id='line_1_96' title="bbox 1784 3879 3363 3954; baseline -0.007 -16"><span class='ocrx_word' id='word_1_689' title='bbox 1784 3896 2026 3954; x_wconf 83' lang='lat' dir='ltr'><strong>pectora,</strong></span> <span class='ocrx_word' id='word_1_690' title='bbox 2053 3894 2426 3948; x_wconf 82' lang='lat' dir='ltr'><strong>revereautur,</strong></span> <span class='ocrx_word' id='word_1_691' title='bbox 2462 3881 2710 3936; x_wconf 90' lang='lat' dir='ltr'><strong>laudibus</strong></span> <span class='ocrx_word' id='word_1_692' title='bbox 2739 3879 3038 3945; x_wconf 87' lang='lat' dir='ltr'><strong>celebrent,</strong></span> <span class='ocrx_word' id='word_1_693' title='bbox 3069 3879 3147 3933; x_wconf 88' lang='lat' dir='ltr'><strong>eis</strong></span> <span class='ocrx_word' id='word_1_694' title='bbox 3173 3892 3363 3933; x_wconf 71' lang='lat' dir='ltr'><strong>CODCI‘-</strong></span> 
     </span>
    </p>
   </div>
   <div class='ocr_carea' id='block_1_97' title="bbox 1777 3971 3348 4047">
    <p class='ocr_par' dir='ltr' id='par_1_97' title="bbox 1777 3971 3348 4047">
     <span class='ocr_line' id='line_1_97' title="bbox 1777 3971 3348 4047; baseline -0.007 -15"><span class='ocrx_word' id='word_1_695' title='bbox 1777 3977 1906 4032; x_wconf 90' lang='lat' dir='ltr'><strong>dant</strong></span> <span class='ocrx_word' id='word_1_696' title='bbox 1944 3977 2170 4047; x_wconf 85' lang='lat' dir='ltr'><strong>primas,</strong></span> <span class='ocrx_word' id='word_1_697' title='bbox 2200 3976 2381 4032; x_wconf 89' lang='lat' dir='ltr'><strong>colant</strong></span> <span class='ocrx_word' id='word_1_698' title='bbox 2412 3986 2469 4028; x_wconf 89' lang='lat' dir='ltr'><strong>ut</strong></span> <span class='ocrx_word' id='word_1_699' title='bbox 2501 3985 2702 4043; x_wconf 90' lang='lat' dir='ltr'><strong>patres.</strong></span> <span class='ocrx_word' id='word_1_700' title='bbox 2737 3973 2904 4026; x_wconf 82' lang='lat' dir='ltr'><strong>Multa</strong></span> <span class='ocrx_word' id='word_1_701' title='bbox 2936 3973 3108 4027; x_wconf 87' lang='lat' dir='ltr'><strong>sancti</strong></span> <span class='ocrx_word' id='word_1_702' title='bbox 3147 3971 3348 4033; x_wconf 85' lang='lat' dir='ltr'><strong>valent,</strong></span> 
     </span>
    </p>
   </div>
   <div class='ocr_carea' id='block_1_98' title="bbox 1778 4066 3364 4136">
    <p class='ocr_par' dir='ltr' id='par_1_98' title="bbox 1778 4066 3364 4136">
     <span class='ocr_line' id='line_1_98' title="bbox 1778 4066 3364 4136; baseline -0.004 -12"><span class='ocrx_word' id='word_1_703' title='bbox 1778 4071 1995 4124; x_wconf 86' lang='lat' dir='ltr'><strong>tametsi</strong></span> <span class='ocrx_word' id='word_1_704' title='bbox 2062 4071 2170 4125; x_wconf 87' lang='lat' dir='ltr'><strong>vita</strong></span> <span class='ocrx_word' id='word_1_705' title='bbox 2242 4069 2458 4132; x_wconf 88' lang='lat' dir='ltr'><strong>functi,</strong></span> <span class='ocrx_word' id='word_1_706' title='bbox 2531 4082 2761 4134; x_wconf 89' lang='lat' dir='ltr'><strong>cumque</strong></span> <span class='ocrx_word' id='word_1_707' title='bbox 2829 4066 3107 4136; x_wconf 87' lang='lat' dir='ltr'><strong>migrarint</strong></span> <span class='ocrx_word' id='word_1_708' title='bbox 3166 4081 3195 4117; x_wconf 89' lang='lat' dir='ltr'><strong>a</strong></span> <span class='ocrx_word' id='word_1_709' title='bbox 3259 4080 3364 4117; x_wconf 76' lang='lat' dir='ltr'><strong>sa:-</strong></span> 
     </span>
    </p>
   </div>
   <div class='ocr_carea' id='block_1_99' title="bbox 1775 4157 3362 4230">
    <p class='ocr_par' dir='ltr' id='par_1_99' title="bbox 1775 4157 3362 4230">
     <span class='ocr_line' id='line_1_99' title="bbox 1775 4157 3362 4230; baseline -0.007 -12"><span class='ocrx_word' id='word_1_710' title='bbox 1775 4163 1917 4229; x_wconf 90' lang='lat' dir='ltr'><strong>culo,</strong></span> <span class='ocrx_word' id='word_1_711' title='bbox 1949 4162 2228 4217; x_wconf 88' lang='lat' dir='ltr'><strong>beneficiis</strong></span> <span class='ocrx_word' id='word_1_712' title='bbox 2260 4173 2438 4215; x_wconf 90' lang='lat' dir='ltr'><strong>tamen</strong></span> <span class='ocrx_word' id='word_1_713' title='bbox 2478 4159 2794 4230; x_wconf 90' lang='lat' dir='ltr'><strong>impertiunt</strong></span> <span class='ocrx_word' id='word_1_714' title='bbox 2824 4158 3073 4212; x_wconf 86' lang='lat' dir='ltr'><strong>homines</strong></span> <span class='ocrx_word' id='word_1_715' title='bbox 3101 4174 3113 4210; x_wconf 93' lang='lat'><strong>:</strong></span> <span class='ocrx_word' id='word_1_716' title='bbox 3144 4172 3207 4210; x_wconf 89' lang='lat' dir='ltr'><strong>ac</strong></span> <span class='ocrx_word' id='word_1_717' title='bbox 3240 4157 3362 4225; x_wconf 83' lang='lat' dir='ltr'><strong>qui-</strong></span> 
     </span>
    </p>
   </div>
   <div class='ocr_carea' id='block_1_100' title="bbox 1778 4251 3361 4320">
    <p class='ocr_par' dir='ltr' id='par_1_100' title="bbox 1778 4251 3361 4320">
     <span class='ocr_line' id='line_1_100' title="bbox 1778 4251 3361 4320; baseline -0.006 -9"><span class='ocrx_word' id='word_1_718' title='bbox 1778 4257 1898 4311; x_wconf 90' lang='lat' dir='ltr'><strong>dem</strong></span> <span class='ocrx_word' id='word_1_719' title='bbox 1931 4255 2142 4311; x_wconf 86' lang='lat' dir='ltr'><strong>Eliseus</strong></span> <span class='ocrx_word' id='word_1_720' title='bbox 2176 4255 2335 4309; x_wconf 88' lang='lat' dir='ltr'><strong>fidem</strong></span> <span class='ocrx_word' id='word_1_721' title='bbox 2369 4255 2581 4308; x_wconf 91' lang='lat' dir='ltr'><strong>abunde</strong></span> <span class='ocrx_word' id='word_1_722' title='bbox 2611 4253 2770 4308; x_wconf 86' lang='lat' dir='ltr'><strong>dictis</strong></span> <span class='ocrx_word' id='word_1_723' title='bbox 2801 4251 3003 4305; x_wconf 87' lang='lat' dir='ltr'><strong>astruit</strong></span> <span class='ocrx_word' id='word_1_724' title='bbox 3033 4269 3045 4304; x_wconf 91' lang='lat'>:</span> <span class='ocrx_word' id='word_1_725' title='bbox 3076 4251 3166 4320; x_wconf 89' lang='lat' dir='ltr'><strong>qui</strong></span> <span class='ocrx_word' id='word_1_726' title='bbox 3205 4251 3361 4303; x_wconf 87' lang='lat' dir='ltr'><strong>uimi-</strong></span> 
     </span>
    </p>
   </div>
   <div class='ocr_carea' id='block_1_101' title="bbox 1774 4345 3363 4417">
    <p class='ocr_par' dir='ltr' id='par_1_101' title="bbox 1774 4345 3363 4417">
     <span class='ocr_line' id='line_1_101' title="bbox 1774 4345 3363 4417; baseline -0.006 -14"><span class='ocrx_word' id='word_1_727' title='bbox 1774 4365 1916 4413; x_wconf 89' lang='lat' dir='ltr'><strong>rum,</strong></span> <span class='ocrx_word' id='word_1_728' title='bbox 1963 4363 2086 4403; x_wconf 90' lang='lat' dir='ltr'><strong>cum</strong></span> <span class='ocrx_word' id='word_1_729' title='bbox 2131 4348 2219 4402; x_wconf 89' lang='lat' dir='ltr'><strong>diu</strong></span> <span class='ocrx_word' id='word_1_730' title='bbox 2263 4355 2389 4400; x_wconf 91' lang='lat' dir='ltr'><strong>ante</strong></span> <span class='ocrx_word' id='word_1_731' title='bbox 2418 4361 2446 4398; x_wconf 89' lang='lat' dir='ltr'><strong>a</strong></span> <span class='ocrx_word' id='word_1_732' title='bbox 2481 4345 2679 4399; x_wconf 58' lang='lat' dir='ltr'><strong>saeculo</strong></span> <span class='ocrx_word' id='word_1_733' title='bbox 2721 4348 3026 4417; x_wconf 87' lang='lat' dir='ltr'><strong>migrasset,</strong></span> <span class='ocrx_word' id='word_1_734' title='bbox 3067 4360 3132 4397; x_wconf 88' lang='lat' dir='ltr'><strong>ac</strong></span> <span class='ocrx_word' id='word_1_735' title='bbox 3171 4345 3363 4396; x_wconf 77' lang='lat' dir='ltr'><strong>mortis</strong></span> 
     </span>
    </p>
   </div>
   <div class='ocr_carea' id='block_1_102' title="bbox 1773 4433 3353 4504">
    <p class='ocr_par' dir='ltr' id='par_1_102' title="bbox 1773 4433 3353 4504">
     <span class='ocr_line' id='line_1_102' title="bbox 1773 4433 3353 4504; baseline -0.004 -15"><span class='ocrx_word' id='word_1_736' title='bbox 1773 4451 2023 4489; x_wconf 89' lang='lat' dir='ltr'><strong>somnum</strong></span> <span class='ocrx_word' id='word_1_737' title='bbox 2075 4434 2394 4504; x_wconf 86' lang='lat' dir='ltr'><strong>accepisset,</strong></span> <span class='ocrx_word' id='word_1_738' title='bbox 2430 4434 2789 4490; x_wconf 89' lang='lat' dir='ltr'><strong>immortalem</strong></span> <span class='ocrx_word' id='word_1_739' title='bbox 2821 4447 2998 4490; x_wconf 88' lang='lat' dir='ltr'><strong>tamen</strong></span> <span class='ocrx_word' id='word_1_740' title='bbox 3028 4451 3092 4489; x_wconf 88' lang='lat' dir='ltr'><strong>ac</strong></span> <span class='ocrx_word' id='word_1_741' title='bbox 3122 4433 3353 4486; x_wconf 82' lang='lat' dir='ltr'><strong>individ—</strong></span> 
     </span>
    </p>
   </div>
   <div class='ocr_carea' id='block_1_103' title="bbox 1772 4527 3352 4597">
    <p class='ocr_par' dir='ltr' id='par_1_103' title="bbox 1772 4527 3352 4597">
     <span class='ocr_line' id='line_1_103' title="bbox 1772 4527 3352 4597; baseline -0.005 -14"><span class='ocrx_word' id='word_1_742' title='bbox 1772 4543 1888 4583; x_wconf 85' lang='lat' dir='ltr'><strong>sam</strong></span> <span class='ocrx_word' id='word_1_743' title='bbox 1923 4527 2015 4582; x_wconf 87' lang='lat' dir='ltr'><strong>Dei</strong></span> <span class='ocrx_word' id='word_1_744' title='bbox 2045 4528 2274 4597; x_wconf 82' lang='lat' dir='ltr'><strong>gratiam</strong></span> <span class='ocrx_word' id='word_1_745' title='bbox 2320 4527 2611 4595; x_wconf 89' lang='lat' dir='ltr'><strong>acceperit,</strong></span> <span class='ocrx_word' id='word_1_746' title='bbox 2647 4529 2856 4582; x_wconf 90' lang='lat' dir='ltr'><strong>tumulo</strong></span> <span class='ocrx_word' id='word_1_747' title='bbox 2895 4527 3250 4587; x_wconf 88' lang='lat' dir='ltr'><strong>assidentem,</strong></span> <span class='ocrx_word' id='word_1_748' title='bbox 3287 4541 3352 4577; x_wconf 83' lang='lat' dir='ltr'><strong>ac</strong></span> 
     </span>
    </p>
   </div>
   <div class='ocr_carea' id='block_1_104' title="bbox 1773 4617 3354 4689">
    <p class='ocr_par' dir='ltr' id='par_1_104' title="bbox 1773 4617 3354 4689">
     <span class='ocr_line' id='line_1_104' title="bbox 1773 4617 3354 4689; baseline -0.004 -15"><span class='ocrx_word' id='word_1_749' title='bbox 1773 4620 2003 4675; x_wconf 86' lang='lat' dir='ltr'><strong>mortuis</strong></span> <span class='ocrx_word' id='word_1_750' title='bbox 2034 4619 2250 4674; x_wconf 89' lang='lat' dir='ltr'><strong>ossibus</strong></span> <span class='ocrx_word' id='word_1_751' title='bbox 2279 4618 2599 4673; x_wconf 63' lang='lat' dir='ltr'><strong>hmrentem.</strong></span> <span class='ocrx_word' id='word_1_752' title='bbox 2641 4619 2816 4683; x_wconf 87' lang='lat' dir='ltr'><strong>Nosti,</strong></span> <span class='ocrx_word' id='word_1_753' title='bbox 2862 4620 3112 4689; x_wconf 89' lang='lat' dir='ltr'><strong>quisquis</strong></span> <span class='ocrx_word' id='word_1_754' title='bbox 3133 4617 3354 4673; x_wconf 73' lang='lat' dir='ltr'><strong>exsistts</strong></span> 
     </span>
    </p>
   </div>
   <div class='ocr_carea' id='block_1_105' title="bbox 1768 4711 3352 4782">
    <p class='ocr_par' dir='ltr' id='par_1_105' title="bbox 1768 4711 3352 4782">
     <span class='ocr_line' id='line_1_105' title="bbox 1768 4711 3352 4782; baseline -0.004 -14"><span class='ocrx_word' id='word_1_755' title='bbox 1768 4713 2042 4768; x_wconf 80' lang='lat' dir='ltr'><strong>studiosus</strong></span> <span class='ocrx_word' id='word_1_756' title='bbox 2088 4711 2492 4782; x_wconf 84' lang='lat' dir='ltr'><strong>Scripturarum</strong></span> <span class='ocrx_word' id='word_1_757' title='bbox 2539 4713 2860 4780; x_wconf 89' lang='lat' dir='ltr'><strong>discipulus,</strong></span> <span class='ocrx_word' id='word_1_758' title='bbox 2914 4722 2972 4768; x_wconf 91' lang='lat' dir='ltr'><strong>ut</strong></span> <span class='ocrx_word' id='word_1_759' title='bbox 3019 4727 3142 4765; x_wconf 86' lang='lat' dir='ltr'><strong>cum</strong></span> <span class='ocrx_word' id='word_1_760' title='bbox 3206 4725 3352 4764; x_wconf 89' lang='lat' dir='ltr'><strong>mor-</strong></span> 
     </span>
    </p>
   </div>
   <div class='ocr_carea' id='block_1_106' title="bbox 1770 4802 3351 4874">
    <p class='ocr_par' dir='ltr' id='par_1_106' title="bbox 1770 4802 3351 4874">
     <span class='ocr_line' id='line_1_106' title="bbox 1770 4802 3351 4874; baseline -0.004 -15"><span class='ocrx_word' id='word_1_761' title='bbox 1770 4816 1895 4859; x_wconf 88' lang='lat' dir='ltr'><strong>tuus</strong></span> <span class='ocrx_word' id='word_1_762' title='bbox 1942 4803 2136 4874; x_wconf 82' lang='lat' dir='ltr'><strong>aliquis</strong></span> <span class='ocrx_word' id='word_1_763' title='bbox 2178 4804 2611 4859; x_wconf 87' lang='lat' dir='ltr'><strong>necessariorum</strong></span> <span class='ocrx_word' id='word_1_764' title='bbox 2654 4819 2782 4858; x_wconf 89' lang='lat' dir='ltr'><strong>cura</strong></span> <span class='ocrx_word' id='word_1_765' title='bbox 2821 4804 3012 4858; x_wconf 83' lang='lat' dir='ltr'><strong>funere</strong></span> <span class='ocrx_word' id='word_1_766' title='bbox 3039 4802 3351 4862; x_wconf 70' lang='lat' dir='ltr'><strong>efferretur,</strong></span> 
     </span>
    </p>
   </div>
   <div class='ocr_carea' id='block_1_107' title="bbox 1767 4895 3348 4970">
    <p class='ocr_par' dir='ltr' id='par_1_107' title="bbox 1767 4895 3348 4970">
     <span class='ocr_line' id='line_1_107' title="bbox 1767 4895 3348 4970; baseline -0.004 -19"><span class='ocrx_word' id='word_1_767' title='bbox 1767 4898 2280 4966; x_wconf 87' lang='lat' dir='ltr'><strong>supervenientibus</strong></span> <span class='ocrx_word' id='word_1_768' title='bbox 2333 4909 2554 4970; x_wconf 90' lang='lat' dir='ltr'><strong>repente</strong></span> <span class='ocrx_word' id='word_1_769' title='bbox 2593 4897 2914 4952; x_wconf 91' lang='lat' dir='ltr'><strong>latrunculis</strong></span> <span class='ocrx_word' id='word_1_770' title='bbox 2935 4898 3050 4952; x_wconf 90' lang='lat' dir='ltr'><strong>sive</strong></span> <span class='ocrx_word' id='word_1_771' title='bbox 3085 4895 3348 4954; x_wconf 83' lang='lat' dir='ltr'><strong>hostibus,</strong></span> 
     </span>
    </p>
   </div>
   <div class='ocr_carea' id='block_1_108' title="bbox 1767 4988 3352 5060">
    <p class='ocr_par' dir='ltr' id='par_1_108' title="bbox 1767 4988 3352 5060">
     <span class='ocr_line' id='line_1_108' title="bbox 1767 4988 3352 5060; baseline -0.001 -19"><span class='ocrx_word' id='word_1_772' title='bbox 1767 4991 1842 5043; x_wconf 85' lang='lat' dir='ltr'><strong>uti</strong></span> <span class='ocrx_word' id='word_1_773' title='bbox 1878 4989 2036 5046; x_wconf 87' lang='lat' dir='ltr'><strong>facile</strong></span> <span class='ocrx_word' id='word_1_774' title='bbox 2075 4990 2129 5044; x_wconf 93' lang='lat' dir='ltr'><strong>in</strong></span> <span class='ocrx_word' id='word_1_775' title='bbox 2165 4991 2432 5059; x_wconf 80' lang='lat' dir='ltr'><strong>angustiis</strong></span> <span class='ocrx_word' id='word_1_776' title='bbox 2462 4990 2728 5060; x_wconf 86' lang='lat' dir='ltr'><strong>ejusmodi</strong></span> <span class='ocrx_word' id='word_1_777' title='bbox 2761 5004 2824 5043; x_wconf 93' lang='lat' dir='ltr'><strong>ac</strong></span> <span class='ocrx_word' id='word_1_778' title='bbox 2857 4988 3165 5043; x_wconf 88' lang='lat' dir='ltr'><strong>turbatione</strong></span> <span class='ocrx_word' id='word_1_779' title='bbox 3207 4989 3352 5040; x_wconf 85' lang='lat' dir='ltr'><strong>acci-</strong></span> 
     </span>
    </p>
   </div>
   <div class='ocr_carea' id='block_1_109' title="bbox 1765 5078 3347 5151">
    <p class='ocr_par' dir='ltr' id='par_1_109' title="bbox 1765 5078 3347 5151">
     <span class='ocr_line' id='line_1_109' title="bbox 1765 5078 3347 5151; baseline -0.003 -17"><span class='ocrx_word' id='word_1_780' title='bbox 1765 5082 1842 5134; x_wconf 89' lang='lat' dir='ltr'><strong>dit</strong></span> <span class='ocrx_word' id='word_1_781' title='bbox 1895 5081 2038 5135; x_wconf 91' lang='lat' dir='ltr'><strong>inter</strong></span> <span class='ocrx_word' id='word_1_782' title='bbox 2108 5080 2252 5136; x_wconf 91' lang='lat' dir='ltr'><strong>beati</strong></span> <span class='ocrx_word' id='word_1_783' title='bbox 2304 5081 2579 5151; x_wconf 71' lang='lat' dir='ltr'><strong>propheta:</strong></span> <span class='ocrx_word' id='word_1_784' title='bbox 2648 5080 2954 5149; x_wconf 88' lang='lat' dir='ltr'><strong>sepulcrum</strong></span> <span class='ocrx_word' id='word_1_785' title='bbox 3027 5078 3347 5148; x_wconf 74' lang='lat' dir='ltr'><strong>proiectus,</strong></span> 
     </span>
    </p>
   </div>
   <div class='ocr_carea' id='block_1_110' title="bbox 1765 5172 3349 5244">
    <p class='ocr_par' dir='ltr' id='par_1_110' title="bbox 1765 5172 3349 5244">
     <span class='ocr_line' id='line_1_110' title="bbox 1765 5172 3349 5244; baseline -0.004 -16"><span class='ocrx_word' id='word_1_786' title='bbox 1765 5172 2058 5228; x_wconf 87' lang='lat' dir='ltr'><strong>confestim</strong></span> <span class='ocrx_word' id='word_1_787' title='bbox 2146 5173 2414 5244; x_wconf 88' lang='lat' dir='ltr'><strong>receperit</strong></span> <span class='ocrx_word' id='word_1_788' title='bbox 2473 5173 2734 5237; x_wconf 90' lang='lat' dir='ltr'><strong>animam,</strong></span> <span class='ocrx_word' id='word_1_789' title='bbox 2810 5181 2974 5241; x_wconf 85' lang='lat' dir='ltr'><strong>atque</strong></span> <span class='ocrx_word' id='word_1_790' title='bbox 3046 5172 3112 5226; x_wconf 91' lang='lat' dir='ltr'><strong>ad</strong></span> <span class='ocrx_word' id='word_1_791' title='bbox 3185 5172 3349 5224; x_wconf 78' lang='lat' dir='ltr'><strong>vitam</strong></span> 
     </span>
    </p>
   </div>
   <div class='ocr_carea' id='block_1_111' title="bbox 1765 5262 3351 5334">
    <p class='ocr_par' dir='ltr' id='par_1_111' title="bbox 1765 5262 3351 5334">
     <span class='ocr_line' id='line_1_111' title="bbox 1765 5262 3351 5334; baseline -0.001 -16"><span class='ocrx_word' id='word_1_792' title='bbox 1765 5265 2072 5319; x_wconf 77' lang='lat' dir='ltr'><strong>redierit“.</strong></span> <span class='ocrx_word' id='word_1_793' title='bbox 2103 5265 2240 5331; x_wconf 88' lang='lat' dir='ltr'><strong>Quid</strong></span> <span class='ocrx_word' id='word_1_794' title='bbox 2271 5280 2402 5334; x_wconf 85' lang='lat' dir='ltr'><strong>ergo</strong></span> <span class='ocrx_word' id='word_1_795' title='bbox 2427 5265 2622 5318; x_wconf 90' lang='lat' dir='ltr'><strong>dicturi</strong></span> <span class='ocrx_word' id='word_1_796' title='bbox 2655 5279 2841 5318; x_wconf 87' lang='lat' dir='ltr'><strong>sumus</strong></span> <span class='ocrx_word' id='word_1_797' title='bbox 2865 5280 2961 5332; x_wconf 91' lang='lat' dir='ltr'><strong>pro</strong></span> <span class='ocrx_word' id='word_1_798' title='bbox 2991 5278 3056 5317; x_wconf 89' lang='lat' dir='ltr'><strong>eo</strong></span> <span class='ocrx_word' id='word_1_799' title='bbox 3083 5265 3224 5334; x_wconf 88' lang='lat' dir='ltr'><strong>quod</strong></span> <span class='ocrx_word' id='word_1_800' title='bbox 3251 5262 3351 5316; x_wconf 88' lang='lat' dir='ltr'><strong>fuit</strong></span> 
     </span>
    </p>
   </div>
   <div class='ocr_carea' id='block_1_112' title="bbox 1763 5356 3346 5427">
    <p class='ocr_par' dir='ltr' id='par_1_112' title="bbox 1763 5356 3346 5427">
     <span class='ocr_line' id='line_1_112' title="bbox 1763 5356 3346 5427; baseline -0.003 -15"><span class='ocrx_word' id='word_1_801' title='bbox 1763 5357 2013 5427; x_wconf 80' lang='lat' dir='ltr'><strong>gestum?</strong></span> <span class='ocrx_word' id='word_1_802' title='bbox 2061 5372 2260 5426; x_wconf 81' lang='lat' dir='ltr'><strong>ergone</strong></span> <span class='ocrx_word' id='word_1_803' title='bbox 2307 5373 2527 5413; x_wconf 90' lang='lat' dir='ltr'><strong>sensum</strong></span> <span class='ocrx_word' id='word_1_804' title='bbox 2586 5357 2774 5411; x_wconf 88' lang='lat' dir='ltr'><strong>habuit</strong></span> <span class='ocrx_word' id='word_1_805' title='bbox 2811 5359 2896 5410; x_wconf 85' lang='lat' dir='ltr'><strong>vir</strong></span> <span class='ocrx_word' id='word_1_806' title='bbox 2942 5356 3124 5425; x_wconf 86' lang='lat' dir='ltr'><strong>justus</strong></span> <span class='ocrx_word' id='word_1_807' title='bbox 3155 5373 3346 5411; x_wconf 91' lang='lat' dir='ltr'><strong>eorum</strong></span> 
     </span>
    </p>
   </div>
   <div class='ocr_carea' id='block_1_113' title="bbox 1755 5450 3348 5522">
    <p class='ocr_par' dir='ltr' id='par_1_113' title="bbox 1755 5450 3348 5522">
     <span class='ocr_line' id='line_1_113' title="bbox 1755 5450 3348 5522; baseline -0.001 -17"><span class='ocrx_word' id='word_1_808' title='bbox 1755 5467 1879 5522; x_wconf 65' lang='lat' dir='ltr'><strong>quae</strong></span> <span class='ocrx_word' id='word_1_809' title='bbox 1921 5451 2280 5522; x_wconf 86' lang='lat' dir='ltr'><strong>gererentur?</strong></span> <span class='ocrx_word' id='word_1_810' title='bbox 2322 5466 2592 5521; x_wconf 88' lang='lat' dir='ltr'><strong>precesne</strong></span> <span class='ocrx_word' id='word_1_811' title='bbox 2635 5453 2840 5516; x_wconf 87' lang='lat' dir='ltr'><strong>emisit,</strong></span> <span class='ocrx_word' id='word_1_812' title='bbox 2898 5452 3044 5505; x_wconf 84' lang='lat' dir='ltr'><strong>velut</strong></span> <span class='ocrx_word' id='word_1_813' title='bbox 3092 5466 3188 5521; x_wconf 89' lang='lat' dir='ltr'><strong>pro</strong></span> <span class='ocrx_word' id='word_1_814' title='bbox 3240 5450 3348 5503; x_wconf 88' lang='lat' dir='ltr'><strong>lilio</strong></span> 
     </span>
    </p>
   </div>
   <div class='ocr_carea' id='block_1_114' title="bbox 1758 5542 3346 5614">
    <p class='ocr_par' dir='ltr' id='par_1_114' title="bbox 1758 5542 3346 5614">
     <span class='ocr_line' id='line_1_114' title="bbox 1758 5542 3346 5614; baseline -0.003 -14"><span class='ocrx_word' id='word_1_815' title='bbox 1758 5543 2114 5600; x_wconf 89' lang='lat' dir='ltr'><strong>Sunamitidis</strong></span> <span class='ocrx_word' id='word_1_816' title='bbox 2141 5543 2231 5596; x_wconf 65' lang='grc' dir='ltr'><strong>δεῖ</strong></span> <span class='ocrx_word' id='word_1_817' title='bbox 2265 5542 2462 5598; x_wconf 85' lang='lat' dir='ltr'><strong>Verum</strong></span> <span class='ocrx_word' id='word_1_818' title='bbox 2489 5542 2622 5599; x_wconf 89' lang='lat' dir='ltr'><strong>nihil</strong></span> <span class='ocrx_word' id='word_1_819' title='bbox 2653 5543 2942 5614; x_wconf 90' lang='lat' dir='ltr'><strong>ejusmodi,</strong></span> <span class='ocrx_word' id='word_1_820' title='bbox 2975 5558 3155 5598; x_wconf 91' lang='lat' dir='ltr'><strong>rerum</strong></span> <span class='ocrx_word' id='word_1_821' title='bbox 3190 5543 3346 5596; x_wconf 86' lang='lat' dir='ltr'><strong>nobis</strong></span> 
     </span>
    </p>
   </div>
   <div class='ocr_carea' id='block_1_115' title="bbox 108 5438 1648 5524">
    <p class='ocr_par' dir='ltr' id='par_1_115' title="bbox 108 5438 1648 5524">
     <span class='ocr_line' id='line_1_115' title="bbox 108 5438 1648 5524; baseline 0.003 -25"><span class='ocrx_word' id='word_1_822' title='bbox 108 5438 322 5513; x_wconf 63' lang='grc' dir='ltr'>ὖζιὸφνλον</span> <span class='ocrx_word' id='word_1_823' title='bbox 353 5452 523 5504; x_wconf 84' lang='grc' dir='ltr'>κόνιν.</span> <span class='ocrx_word' id='word_1_824' title='bbox 555 5452 828 5522; x_wconf 88' lang='grc' dir='ltr'>Πρόδηλον</span> <span class='ocrx_word' id='word_1_825' title='bbox 849 5453 904 5506; x_wconf 84' lang='grc' dir='ltr'><strong>δέ</strong></span> <span class='ocrx_word' id='word_1_826' title='bbox 925 5453 1286 5524; x_wconf 79' lang='grc' dir='ltr'>καθέστηκεν,</span> <span class='ocrx_word' id='word_1_827' title='bbox 1311 5452 1388 5516; x_wconf 85' lang='grc' dir='ltr'>ὡς</span> <span class='ocrx_word' id='word_1_828' title='bbox 1407 5450 1648 5516; x_wconf 78' lang='grc' dir='ltr'>δοξάζων</span> 
     </span>
    </p>
   </div>
   <div class='ocr_carea' id='block_1_116' title="bbox 107 5530 1646 5617">
    <p class='ocr_par' dir='ltr' id='par_1_116' title="bbox 107 5530 1646 5617">
     <span class='ocr_line' id='line_1_116' title="bbox 107 5530 1646 5617; baseline 0.011 -35"><span class='ocrx_word' id='word_1_829' title='bbox 107 5530 255 5602; x_wconf 69' lang='grc' dir='ltr'>ὁθεὸς</span> <span class='ocrx_word' id='word_1_830' title='bbox 285 5544 370 5596; x_wconf 76' lang='grc' dir='ltr'>ἀεὶ</span> <span class='ocrx_word' id='word_1_831' title='bbox 413 5545 510 5598; x_wconf 79' lang='grc' dir='ltr'><strong>καὶ</strong></span> <span class='ocrx_word' id='word_1_832' title='bbox 542 5545 684 5616; x_wconf 82' lang='grc' dir='ltr'>μετά</span> <span class='ocrx_word' id='word_1_833' title='bbox 726 5545 882 5609; x_wconf 89' lang='grc' dir='ltr'>τέλος</span> <span class='ocrx_word' id='word_1_834' title='bbox 924 5548 1050 5610; x_wconf 74' lang='grc' dir='ltr'>τοὺς</span> <span class='ocrx_word' id='word_1_835' title='bbox 1097 5547 1260 5610; x_wconf 79' lang='grc' dir='ltr'>ἰδίους</span> <span class='ocrx_word' id='word_1_836' title='bbox 1301 5544 1646 5617; x_wconf 86' lang='grc' dir='ltr'>ἀνθρώπους,</span> 
     </span>
    </p>
   </div>
   <div class='ocr_carea' id='block_1_117' title="bbox 1846 5731 2448 5806">
    <p class='ocr_par' dir='ltr' id='par_1_117' title="bbox 1846 5731 2448 5806">
     <span class='ocr_line' id='line_1_117' title="bbox 1846 5731 2448 5806; baseline 0.003 -19"><span class='ocrx_word' id='word_1_837' title='bbox 1846 5735 1890 5766; x_wconf 62' lang='grc'><strong>⁵³</strong></span> <span class='ocrx_word' id='word_1_838' title='bbox 1921 5733 1989 5790; x_wconf 89' lang='lat' dir='ltr'><strong>IV</strong></span> <span class='ocrx_word' id='word_1_839' title='bbox 2027 5731 2158 5806; x_wconf 84' lang='lat' dir='ltr'><strong>Reg.</strong></span> <span class='ocrx_word' id='word_1_840' title='bbox 2210 5732 2448 5801; x_wconf 58' lang='lat'><strong>“11,21.</strong></span> 
     </span>
    </p>
   </div>
   <div class='ocr_carea' id='block_1_118' title="bbox 163 5719 1674 5810">
    <p class='ocr_par' dir='ltr' id='par_1_118' title="bbox 163 5719 1674 5810">
     <span class='ocr_line' id='line_1_118' title="bbox 163 5719 1674 5810; baseline 0.005 -28"><span class='ocrx_word' id='word_1_841' title='bbox 163 5719 361 5788; x_wconf 67' lang='lat' dir='ltr'><strong>“Vocat</strong></span> <span class='ocrx_word' id='word_1_842' title='bbox 395 5734 674 5805; x_wconf 82' lang='lat' dir='ltr'><strong>Scriptura</strong></span> <span class='ocrx_word' id='word_1_843' title='bbox 712 5736 1039 5810; x_wconf 69' lang='grc' dir='ltr'>Σωμανῖτιν,</span> <span class='ocrx_word' id='word_1_844' title='bbox 1127 5737 1169 5770; x_wconf 69' lang='grc'><strong>⁵³</strong></span> <span class='ocrx_word' id='word_1_845' title='bbox 1199 5736 1329 5792; x_wconf 85' lang='lat' dir='ltr'><strong>Luc.</strong></span> <span class='ocrx_word' id='word_1_846' title='bbox 1366 5752 1517 5802; x_wconf 77' lang='lat' dir='ltr'><strong>xvm,</strong></span> <span class='ocrx_word' id='word_1_847' title='bbox 1550 5736 1602 5791; x_wconf 87' lang='lat' dir='ltr'><strong>ll</strong></span> <span class='ocrx_word' id='word_1_848' title='bbox 1636 5752 1674 5790; x_wconf 77' lang='lat' dir='ltr'><strong>St</strong></span> 
     </span>
    </p>
   </div>
   <div class='ocr_carea' id='block_1_119' title="bbox 1782 5719 3090 5810">
    <p class='ocr_par' dir='ltr' id='par_1_119' title="bbox 1846 5728 3090 5806">
     <span class='ocr_line' id='line_1_119' title="bbox 1846 5728 3090 5806; baseline -0.004 -19"><span class='ocrx_word' id='word_1_849' title='bbox 1846 5735 1890 5766; x_wconf 72' lang='lat'><strong>“</strong></span> <span class='ocrx_word' id='word_1_850' title='bbox 1921 5733 1989 5790; x_wconf 89' lang='lat' dir='ltr'><strong>IV</strong></span> <span class='ocrx_word' id='word_1_851' title='bbox 2027 5731 2158 5806; x_wconf 84' lang='lat' dir='ltr'><strong>Reg.</strong></span> <span class='ocrx_word' id='word_1_852' title='bbox 2210 5732 2448 5801; x_wconf 58' lang='lat'><strong>“11,21.</strong></span> <span class='ocrx_word' id='word_1_853' title='bbox 2533 5732 2578 5765; x_wconf 78' lang='grc'><strong>’⁸⁸</strong></span> <span class='ocrx_word' id='word_1_854' title='bbox 2613 5731 2678 5787; x_wconf 90' lang='lat' dir='ltr'><strong>IV</strong></span> <span class='ocrx_word' id='word_1_855' title='bbox 2723 5730 2859 5802; x_wconf 88' lang='lat' dir='ltr'><strong>Reg.</strong></span> <span class='ocrx_word' id='word_1_856' title='bbox 2895 5745 2970 5796; x_wconf 86' lang='lat' dir='ltr'><strong>tv,</strong></span> <span class='ocrx_word' id='word_1_857' title='bbox 3000 5728 3090 5784; x_wconf 76' lang='lat'><strong>35.</strong></span> 
     </span>
    </p>
   </div>
  </div>
