3820 6310
382 273 487 331 527

1654 259 1716 316 S.
1753 253 2039 314 ASTERH
2068 249 2373 311 AMASENI

3542 223 3657 281 393

383 390 591 447 veritas
630 385 983 456 cogitandum
1018 379 1238 451 ingerit.
1278 376 1415 433 Nam
1441 375 1529 431 vir
1554 374 1733 444 justus
1765 389 1797 428 a
1826 374 1969 429 mul-
1994 384 2026 441 Α

2131 369 2199 442 ερὶ
2235 368 2334 431 τὰς
2368 365 2544 438 θήκας
2585 359 2768 417 αὐτῶν
2813 357 2908 413 καὶ
2945 354 3044 419 τάς
3073 350 3412 456 ἀναπαύσεις
3438 346 3663 456 (largia-

391 484 468 539 tis
488 481 600 552 jam
633 433 793 532 anilis
839 473 1049 529 tumulo
1073 433 1309 541 iacebat,
1351 482 1658 538 corpusque
1690 467 1745 521 in
1776 480 1977 535 cogna-

2131 433 2293 533 ιυργεῖ
2316 458 2388 513 τὰ
2415 433 2722 528 παράδοξαο
2753 452 2841 505 ἴνα
2875 450 2928 504 οἱ
2962 446 3162 512 ζῶντες
3188 443 3277 496 ἀεὶ
3304 438 3402 494 καὶ¹
3434 433 3667 552 μεθηλι-

390 584 506 626 tum
542 568 847 638 pulverem,
897 579 965 619 ac
994 562 1080 618 sui
1109 561 1324 631 generis
1348 560 1581 623 cineres,
1614 558 1791 613 fuerat
1817 570 1976 612 reso-

388 664 584 719 lutum.
634 659 833 730 Liquet
871 666 1077 722 autem,
1114 654 1303 718 Deum,
1336 651 1428 722 qui
1470 650 1714 705 addictos
1745 649 1844 719 ipsi
1880 648 1979 704 ho-

316 802 325 810 .
394 754 597 819 mines,
631 760 754 822 post
785 751 950 805 etiam
980 756 1209 802 mortem
1237 757 1453 813 semper
1482 741 1765 808 clariﬂcet,
1815 739 1982 795 mira-

396 847 524 902 bilia
553 847 670 901 haec
699 843 768 899 ad
793 841 1040 911 sepulcra
1068 852 1280 903 eorum,
1320 850 1388 890 ac
1440 834 1564 890 loca
1606 833 1800 903 quibus
1831 831 1983 901 quie-

400 946 585 1004 scunt,
620 935 833 1008 operari
861 931 1143 997 miracula,
1169 943 1277 1002 quo
1305 927 1511 999 posteri
1539 936 1803 997 perpetua
1840 925 1984 980 serie

396 1031 595 1104 pignus
623 1030 887 1086 habentes
919 1024 1191 1097 prmelaras
1219 1020 1667 1082 conversationis,
1708 1018 1836 1073 vita:
1867 1032 1987 1072 cur-

399 1140 521 1180 sum
580 1133 982 1179 consumment.
1047 1117 1254 1174 Eodem
1323 1114 1484 1170 modo
1553 1110 1703 1167 Elias
1758 1109 1988 1180 hujusce

398 1226 698 1287 pmceptor
759 1213 1070 1285 prophetae,
1139 1216 1263 1280 post
1324 1222 1494 1277 equos
1557 1204 1863 1260 ﬂammeos
1923 1218 1989 1258 ac

401 1308 616 1377 igneum
642 1320 885 1368 currum,
935 1303 989 1356 in
1025 1300 1128 1355 alia
1164 1313 1333 1369 agens
1359 1297 1512 1361 vita;
1549 1311 1613 1350 ac
1648 1294 1716 1348 ab
1739 1293 1991 1349 humanis

400 1397 472 1452 ad
499 1397 677 1452 locum
724 1395 988 1463 migrans,
1025 1405 1185 1462 quem
1212 1397 1299 1445 est
1322 1395 1675 1450 consecutus,
1711 1383 1988 1456 amplissi-

402 1490 600 1544 simnm
654 1503 767 1543 sure
821 1486 1035 1539 virtutis
1084 1482 1336 1539 melotem
1387 1479 1605 1550 reliquit
1666 1478 1992 1550 symbolum.

406 1581 650 1636 Tametsi
681 1578 872 1649 quanti
934 1576 1023 1629 illa
1064 1574 1219 1645 pretii
1257 1569 1578 1628 videbatur?
1617 1567 1763 1623 Nihil
1799 1568 1996 1638 quippe

405 1674 552 1728 aliud
593 1682 715 1727 erat
758 1685 922 1741 quam
969 1667 1125 1739 pellis
1174 1675 1411 1730 mortua,
1464 1678 1566 1719 usu
1604 1660 1717 1730 jam
1746 1676 1812 1717 ae
1841 1670 1996 1716 vetu-

2076 529 2345 625 κέστεροι,
2393 549 2648 623 ἐνέχυρον
2694 545 2908 617 ἔχοντες
2945 541 3045 609 τῆς
3091 536 3321 609 ἀρίστης
3355 529 3663 625 πολιτείας,

2079 622 2345 714 ἐξανύουσι
2375 622 2513 715 βίον.
2551 638 2825 701 Ὡσαύτως
2855 634 2952 690 καὶ
2978 631 3164 695 Ἠλίας
3193 630 3223 682 6
3254 624 3348 680 τοῦ
3377 622 3668 715 προφήτου

2079 709 2271 793 τούτου
2299 709 2654 805 καθηγεμὼν,
2694 726 2836 801 μετὰ
2860 726 2989 788 τοὺς
3017 719 3315 792 φλογώδεις
3339 716 3539 805 ἵππους
3571 709 3674 805 καὶ

2082 830 2143 884 τὸ
2187 827 2412 900 πύρινον
2431 798 2599 895 ’άρ-μα
2642 798 2707 875 ἐν.
2731 817 2868 889 άλλη
2901 811 3175 886 βιωτεύων
3201 808 3335 900 ζωῇ,
3375 798 3673 900 καὶ-ἀπελ-

2084 921 2196 975 θὼν
2235 890 2297 985 ἐξ
2323 890 2625 990 ἀνθρώπων
2667 913 2747 976 εἱς
2773 910 2873 967 ,τὸν
2908 905 3086 979 χῶρον
3131 902 3191 955 ὃν
3233 899 3449 990 ἔλαχεν,
3483 890 3675 990 ἱκανὸν

2084 1014 2187 1085 τῆς
2243 983 2439 1066 ἐαυτοῦ
2470 1008 2752 1078 δυνάμεως
2784 999 3051 1074 σύμϐολον
3099 987 3450 1085 ἁφῆκεντὴν
3495 983 3676 1085 pnite).-

2249 1104 2440 1160 Καίτοι
2486 1073 2651 1155 πόσου
2686 1096 2832 1160 τινὸς
2875 1093 3003 1159 ἀξία
3048 1089 3294 1160 ὑπῆρχεν
3323 1080 3542 1178 ἐκείνῃ
3594 1073 3674 1127 Οὐ

2088 1175 2198 1271 γάρ
2224 1193 2292 1270 ἦν
2319 1196 2447 1252 ἄλλο
2475 1212 2552 1261 τι,
2600 1192 2634 1264 ἢ
2679 1189 2857 1263 δέρμα
2886 1185 3077 1258 νεκρὸν
3107 1182 3200 1234 καὶ
3234 1176 3439 1271 φαῦλον
3464 1175 3531 1227 ἐκ
3566 1186 3678 1271 πα-

2090 1262 2392 1362 λαίότῆτος.
2424 1262 2702 1359 Ὅμωςδέ
2729 1262 2823 1337 καὶ
2848 1282 2878 1334 6
2916 1276 3186 1350 Ἰορδάνης
3215 1268 3387 1340 αὐτὴν
3413 1262 3679 1362 ὑπεστέλ-

2091 1383 2233 1446 λετο,
2267 1355 2365 1436 καὶ
2390 1355 2514 1450 δίχα
2541 1376 2604 1430 τὸ
2635 1373 2779 1447 ὕδωρ
2829 1371 3106 1443 ἐτέμνετο,
3133 1364 3230 1419 καὶ
3254 1355 3678 1450 διακεκριμένρν

2094 1441 2358 1547 εἱστήκει,
2399 1441 2590 1542 ὥσπερ
2642 1441 2874 1524 ἐπὶ-τοῦ
2928 1441 3104 1532 Ἰησοῦ
3148 1459 3212 1511 τὸ
3246 1448 3583 1547 παλαιὸνὶδς
3610 1441 3680 1517 ἦν

2094 1542 2267 1632 τύπος
2292 1565 2386 1620 τοῦ
2419 1563 2724 1637 μέλλοντος.
2750 1558 2939 1632 Παρῆν
2959 1556 3017 1610 δέ
3040 1554 3132 1608 καὶ
3157 1549 3313 1606 ἀπὼν
3334 1549 3363 1601 6
3385 1542 3680 1637 Θεσϐίτης,

2098 1658 2278 1714 καὶτὸ
2303 1632 2506 1727 ἔνδυμα
2541 1654 2636 1710 τοῦ
2676 1651 2966 1723 φιλοσόφου
2992 1645 3258 1711 ἐδεξιοῦτο
3281 1642 3373 1695 τὸν
3407 1632 3681 1727 μαθητήν,

407 1726 552 1822 state
595 1726 824 1819 inutilis.
871 1726 1024 1815 lianc
1064 1726 1417 1814 nihilominus
1445 1755 1562 1825 ipse
1600 1726 1993 1810 reformidahat
2025 1746 2026 1751 “

2135 1752 2315 1823 σφαλῆ
2339 1726 2439 1804 τοῦ
2464 1746 2714 1820 ποταμοῦ
2738 1742 3105 1818 χαριζομένης
3133 1738 3232 1809 τὴν
3256 1733 3554 1825 περαίωσιν
3579 1726 3686 1825 τῆς

406 1859 682 1919 Jortlanis.
728 1856 1014 1923 mediaque
1059 1850 1410 1907 scindebatur
1446 1862 1611 1918 aqua,
1656 1860 1724 1902 ac
1753 1846 1992 1903 discreta

409 1955 611 2016 stabat,
643 1965 747 2019 qua
782 1950 913 2004 olim
943 1946 1153 2002 ratione
1186 1943 1289 2000 sub
1319 1941 1470 2009 Jesu,
1501 1941 1595 2012 qui
1627 1940 1793 1997 futuri
1823 1940 1995 2009 ﬁgura

410 2043 536 2099 fuit.
593 2043 798 2120 Aderat
840 2048 1044 2104 autem,
1097 2052 1220 2091 cum
1264 2034 1429 2090 etiam
1470 2035 1686 2089 abesset
1713 2031 1999 2088 Tltesbites

413 2134 521 2201 ille,
574 2149 639 2189 ac
682 2130 988 2203 philosophi
1056 2127 1476 2192 indumentum,
1526 2123 1849 2193 discipulum
1899 2123 1998 2178 de-

413 2225 705 2290 mulcebat,
737 2231 1029 2293 praestante
1063 2219 1153 2275 Dei
1191 2217 1503 2283 clementia,
1551 2227 1612 2271 ut
1654 2216 1700 2271 is
1741 2224 1858 2270 tuto
1900 2214 2000 2269 ﬂu-

316 2390 323 2405 ί
421 2332 543 2373 tuen
577 2318 866 2381 transiret,
902 2323 1332 2382 sanctorumque
1365 2309 1697 2367 indumentis
1738 2309 1997 2363 honorem

417 2411 673 2476 habente,
705 2419 962 2479 tanquam
992 2406 1231 2461 animata
1270 2413 1474 2460 essent.
1502 2403 1681 2471 Atque
1708 2411 1768 2457 ut
1792 2401 2000 2471 perspi-

415 2519 518 2560 cue
544 2502 723 2575 palam
764 2510 935 2567 esset,
977 2498 1301 2555 miraculum
1348 2496 1481 2552 illud
1514 2497 1570 2550 in
1602 2495 1844 2559 ﬂumine,
1889 2508 1998 2550 non

416 2594 773 2668 percutientis
801 2592 999 2647 merito
1028 2597 1302 2662 patratum
1332 2603 1476 2650 esse,
1505 2588 1601 2642 sed
1629 2586 1746 2655 ejus
1778 2587 2000 2641 honoris

416 2703 602 2751 causa,
632 2687 723 2758 qui
748 2685 1098 2746 excessisset,
1131 2696 1197 2737 ac
1224 2679 1419 2736 luisset
1446 2688 1782 2748 assumptus,
1825 2677 2004 2732 Eliseo

416 2794 614 2849 aquam
657 2777 1010 2847 percutiente,
1066 2773 1270 2827 ﬂuebat
1316 2771 1408 2826 illa
1458 2769 1812 2825 nihilominus
1855 2783 2004 2823 more

2099 1818 2193 1899 τοῦ
2221 1818 2355 1898 Θεοῦ
2384 1818 2818 1913 φιλανθρωπίας,
2846 1834 2939 1890 καὶ
2967 1832 3038 1887 τὰ
3065 1828 3338 1900 ἐνδύματα
3368 1822 3477 1876 τῶν
3510 1818 3686 1913 ἁγίων

2100 1937 2369 2010 τιμώσης,
2399 1911 2484 1999 ὡς
2511 1911 2749 2005 ἔμψυχα.
2782 1928 2894 1984 Καὶ
2925 1927 3013 1981 ἵνα
3053 1920 3241 1993 δειχθῇ
3287 1913 3565 2010 καθαρῶς,
3601 1911 3685 2010 οτι

2102 2000 2318 2103 τὸπερί
2360 2030 2454 2083 τὸν
2504 2000 2748 2096 ποταμὸν
2808 2015 3300 2091 θαυματούργημα,
3345 2009 3408 2063 οὐ

2103 2094 2282 2177 αἰτίαν
2330 2121 2546 2191 ἐγένετο
2592 2094 2688 2172 τοῦ
2737 2114 3068 2186 πλήττοντος
3112 2107 3175 2161 τὸ
3227 2103 3392 2172 ὓδωρ,
3427 2096 3563 2152 ἀλλὰ
3597 2094 3689 2191 διὰ

2104 2215 2203 2287 τὴν
2228 2189 2395 2287 τιμὴν
2437 2212 2533 2266 τοῦ
2577 2208 2860 2281 οἰχομένου
2898 2204 2994 2261 καὶ
3038 2196 3439 2287 ἀναληφθέντος
3458 2209 3473 2223 ·
3510 2189 3689 2244 πατά-

2107 2286 2295 2375 ξαντος
2320 2307 2381 2360 τὸ
2408 2306 2552 2378 ὕδωρ
2580 2303 2677 2357 τοῦ
2718 2298 3047 2363 Ἐλισσαίου,
3074 2294 3227 2366 ἐρῤει
3253 2290 3317 2343 τὸ
3382 2286 3527 2356 ὕδωρ
3561 2299 3691 2378 συνο

2106 2402 2273 2473 ήθως,
2313 2399 2467 2454 οὐδὲν
2503 2375 2770 2459 πεπονθὸς
2816 2390 3020 2448 καινόν.
3069 2384 3287 2473 Ἐπειδὴ
3327 2381 3384 2437 δέ
3403 2375 3692 2473 ἀποτυ-χῲν

2107 2468 2428 2563 ἐπεϐόησεν,
2462 2489 2587 2544 Ποῦ
2608 2488 2685 2555 δή
2715 2487 2886 2543 ἐστιν
2915 2486 2949 2538 ὁ
2980 2479 3126 2546 Θεὸς
3172 2468 3403 2535 Ἠδὶίου,
3438 2471 3536 2524 καὶ
3566 2468 3693 2563 βοῇ·

2111 2601 2231 2648 σας,
2260 2557 2326 2636 ἐκ
2356 2581 2609 2653 δευτέρου
2637 2577 2919 2641 καθίκετο,
2944 2573 3104 2634 εὐθὺς
3134 2564 3429 2635 ὸποταμὸς
3454 2557 3694 2629 διασχὼν

2113 2675 2170 2728 τὸ
2204 2674 2438 2748 ῥεῖθρον,
2480 2671 2694 2745 γυμνὴν
2739 2671 2909 2739 ἔδειξε
2935 2668 3035 2740 τὴν
3066 2664 3258 2739 ξηράν,
3293 2661 3391 2718 καὶ
3420 2653 3696 2721 πεζεύσας

2111 2771 2141 2823 6
2173 2769 2462 2841 προφήτης
2493 2770 2573 2832 εἱς
2597 2767 2659 2821 τὸ
2690 2767 2863 2840 πέραν
2887 2764 3135 2834 ἀφίκετο.

418 2847 601 2932 solito,
641 2884 764 2924 cum
808 2867 945 2922 nihil
974 2867 1024 2921 ei
1060 2864 1184 2920 novi
1210 2863 1520 2918 accidisset.
1552 2862 1623 2916 At
1647 2861 1739 2917 ubi
1808 2860 1896 2916 ille
1959 2861 2221 2918 frustrato
2281 2873 2475 2916 conatu
2540 2862 2871 2917 clamasset:
2909 2858 3009 2913 Ubi
3040 2869 3115 2912 est
3144 2857 3282 2914 Deus
3324 2855 3456 2909 Elia:
3476 2849 3562 2903 “‘3
3588 2847 3699 2903 cla'

421 2977 685 3033 mansque
737 2963 931 3015 iterum
971 2974 1142 3030 aquas
1174 2957 1469 3027 attigisset,
1510 2971 1638 3012 mox

419 3059 587 3125 pedes
613 3057 683 3112 ad
709 3057 882 3126 ripam
907 3054 1134 3110 alteram
1165 3054 1432 3125 pervenit.

497 3149 699 3218 .Ioseph
725 3159 929 3215 autem,
968 3165 1074 3202 nun
1126 3160 1234 3202 tam
1276 3146 1538 3217 peculiari
1568 3144 1759 3200 aﬂeCtu
1791 3154 2002 3214 patrem
2032 3154 2075 3210 (ζ

425 3244 739 3300 defunctum
788 3258 999 3308 amans,
1047 3257 1208 3312 quam
1258 3242 1436 3311 gentis
1484 3240 1895 3310 patriarcltam,
1945 3254 2010 3295 ac

426 3336 643 3407 generis
685 3344 850 3405 caput
903 3337 1202 3403 honoraris,
1230 3335 1347 3405 ejus
1376 3349 1439 3389 ex
1481 3331 1721 3404 Egypto
1755 3330 2016 3400 reliquias

428 3428 635 3485 celebri
666 3429 805 3483 adeo
833 3426 981 3482 cultu
1016 3427 1234 3481 reduxit
1266 3426 1337 3492 ⁸⁷,
1362 3436 1421 3479 ut
1445 3424 1657 3495 Moyses
1682 3439 1804 3479 cum
1829 3424 2013 3479 mundi

429 3522 603 3577 creati
635 3535 701 3575 ac
729 3519 955 3574 historia
1005 3519 1237 3589 reliqua,
1282 3519 1422 3573 hanc
1468 3531 1686 3587 quoque
1742 3515 2016 3570 narratio-

437 3627 563 3668 nem
606 3611 812 3667 mundo
844 3611 1186 3674 tradendam,
1221 3625 1285 3664 ac
1311 3610 1617 3663 litterarum
1651 3608 2019 3663 monumentis

432 3706 866 3776 consignandam
895 3703 1191 3774 putaverit.
1221 3701 1457 3755 Rursum
1488 3716 1618 3755 vero
1641 3699 1879 3764 Pharao,
1902 3700 2018 3769 ipsa

434 3798 640 3869 vigilia,
688 3807 751 3851 ut
797 3798 874 3851 ita
931 3796 1054 3866 quis
1107 3795 1276 3859 dicat,
1325 3793 1597 3849 sublatum
1647 3793 1713 3847 ab
1754 3791 1928 3846 oculis
1952 3790 2022 3846 ab

438 3890 635 3945 lsmele
684 3888 1088 3957 proliciscente,
1145 3886 1443 3956 Josephnm
1500 3884 1684 3940 amisit
1725 3884 1792 3937 “'.
1851 3882 2023 3939 Porro

441 3983 644 4053 ubique
701 3996 900 4051 corpus
957 3993 1144 4035 comes
1195 3979 1391 4050 pepqu
1446 3979 1681 4042 aderat,
1744 3976 2024 4044 multaque

445 4090 577 4131 cura
601 4089 699 4129 ceu
721 4074 852 4143 quid
880 4073 1080 4128 bonum
1115 4087 1181 4127 ac
1214 4082 1481 4141 praestans
1505 4069 1827 4133 ducebatur,
1863 4078 2027 4136 atque

448 4177 647 4223 uttuta
689 4175 1069 4222 sescentorum
1116 4166 1277 4219 trium
1322 4163 1554 4217 millium
1592 4176 1660 4217 ac
1695 4162 2023 4231 quingento-

449 4273 569 4312 rum
604 4254 971 4312 multitudinis
1015 4255 1260 4310 virorum
1291 4253 1360 4318 δ’,
1401 4268 1432 4307 a
1478 4253 1636 4308 malis
1681 4253 1927 4310 defensio
1961 4267 2029 4309 ac

444 4350 636 4413 tuitio;
669 4364 840 4419 caque
866 4347 1171 4404 reverentia
1202 4345 1289 4399 avi
1321 4360 1511 4400 urnam
1538 4346 2026 4415 prosequebantur,

448 4457 556 4514 qua
583 4458 796 4497 sacram
830 4456 1015 4496 arcam
1046 4447 1360 4509 portantem
1404 4439 1501 4494 Dei
1535 4438 1728 4508 legem.
1765 4439 2027 4506 Quocirca

1716 2956 1919 3013 ﬂumen
1959 2956 2135 3013 diviso
2205 2956 2431 3025 ﬂuento,
2506 2959 2703 3013 nudam
2754 2957 2962 3011 aridam
3002 2955 3258 3019 ostendit,
3326 2954 3700 3022 propltctaque

2193 3150 2252 3201 Ὀ
2279 3148 2335 3201 δέ
2377 3146 2578 3218 Ἰωσὴφ
2621 3146 2714 3200 τὸν
2769 3143 2965 3199 Ἰακὼϐ
3009 3157 3433 3214 τελευτήσαντα,
3483 3158 3583 3209 ουχ
3623 3136 3701 3201 ὡς

2118 3238 2332 3310 πατέρα
2357 3238 2613 3292 τοσοῦτον
2652 3237 2961 3302 ἰδιαζόντως
2989 3235 3358 3305 ἀγαπῶν,.....
3386 3233 3483 3287 τοῦ
3515 3232 3702 3294 ἔθνους

2117 3333 2465 3405 πατριάρχην
2501 3331 2695 3404 τιμῶν.
2741 3330 2882 3402 μετὰ
2918 3330 3020 3401 τῆς
3063 3326 3504 3398 πολυθρυλλήτου
3546 3324 3704 3395 θερα-

2119 3424 2279 3488 πείας
2319 3426 2537 3496 ἐκείνης
2578 3425 2867 3495 ἀπήγαγεν
2905 3421 2964 3489 ἐξ
3009 3421 3288 3490 Αἰγύπτου
3322 3418 3384 3473 τὸ
3429 3416 3703 3487 λείψανον,

2119 3517 2259 3573 ὥστε
2294 3518 2385 3571 τὸν
2417 3517 2657 3572 Μωῦσέα
2685 3517 2823 3587 μετὰ
2847 3516 2946 3587 τῆς
2966 3513 3060 3569 τοῦ
3086 3514 3291 3584 κόσμου
3315 3511 3584 3581 γενέσεως
3611 3509 3707 3563 καὶ

2120 3611 2221 3681 τῆς
2245 3610 2439 3681 λοιπῆς
2457 3610 2716 3682 ἱστορίας,
2743 3608 3096 3680 ἀνάγραπτον
3122 3606 3307 3660 δοῦναι
3332 3606 3429 3657 καὶ
3453 3603 3612 3658 τοῦτο
3627 3602 3707 3672 τῷ

2125 3706 2224 3777 βίῳ
2238 3706 2504 3777 διήγημα.
2532 3704 2730 3774 Ἰωσὴφ
2752 3703 2809 3757 δὲ
2826 3703 2989 3757 πάλιν
3010 3701 3160 3773 ῦπαρ
3180 3700 3330 3773 παρὰ
3357 3699 3455 3753 τοῦ
3492 3698 3708 3771 Ἰσραὴλ

2123 3798 2402 3861 ὁδεύοντος
2428 3800 2491 3852 ἐκ
2518 3798 2627 3851 τῶν
2653 3795 2971 3866 ὀφθαλμῶν,
3001 3794 3077 3858 ὡς
3099 3794 3165 3848 ἂν
3190 3794 3333 3847 εἴποι
3358 3810 3464 3856 τις,
3495 3792 3705 3861 ἐκλάπη

2124 3893 2153 3945 6
2180 3888 2401 3961 Φαραὼο
2433 3887 2709 3959 πανταχοῦ
2743 3887 2800 3940 δὲ
2831 3886 3131 3958 συμπαρῆν
3176 3886 3254 3957 τῷ
3277 3885 3392 3956 λαῷ
3439 3884 3502 3937 τὸ
3526 3884 3705 3953 σῶμα,

2126 3984 2222 4037 καὶ
2261 3984 2426 4054 ήγετο
2467 3983 2585 4052 μετ’
2613 3979 2953 4051 ἐπιμελείας,
2995 3980 3072 4043 ὼς
3099 3978 3304 4047 ἀγαθόν
3335 3995 3390 4030 τι
3423 3977 3516 4031 καὶ
3542 3975 3710 4042 ἀλεξί·

2128 4090 2297 4128 κακον
2326 4072 2695 4143 φυλακτήριον
2723 4071 2963 4143 ἀσφαλὲς
2988 4070 3098 4124 τῶν
3121 4070 3385 4141 ἐξήκοντα
3414 4069 3708 4143 μυριάδων.

2128 4164 2241 4218 Καὶ
2266 4163 2532 4234 τοσαύτην
2563 4157 2708 4232 εἶχον
2733 4160 2832 4232 τὴν
2875 4158 3011 4213 αίθῶ
3042 4161 3171 4231 περὶ
3203 4160 3305 4232 τὴν
3332 4159 3579 4232 λάρνακα
3620 4157 3711 4213 τοῦ

2129 4254 2496 4326 προπάτορος,
2525 4253 2658 4323 ὅσην
2689 4252 2816 4323 περὶ
2839 4250 2936 4321 τὴν
2965 4249 3128 4319 ἁγίαν
3161 4250 3413 4314 κιϐωτὸν,
3441 4251 3475 4321 ἢ
3504 4248 3599 4302 τὸν
3620 4246 3711 4301 τοῦ

2131 4344 2269 4399 Θεοῦ
2315 4346 2480 4416 νόμον
2526 4342 2846 4407 ἐϐάσταζεν.
2895 4342 2987 4397 Διὸ
3024 4343 3120 4396 καὶ
3170 4342 3338 4396 Δαϐὶδ
3379 4341 3713 4415 παρακαλῶν

2135 4453 2239 4489 που
2270 4434 2363 4489 τὸν
2401 4434 2558 4497 Θεὸν,
2598 4434 2760 4487 ἵλεων
2803 4428 2945 4486 εἶναι
2973 4434 3067 4487 καὶ
3096 4433 3300 4505 εὐμενῆ
3339 4433 3422 4504 τῷ
3450 4433 3593 4505 λαῷ,
3623 4434 3711 4487 καὶ

449 4540 615 4595 etiam
658 4537 827 4593 David
860 4536 1093 4607 quodam
1138 4536 1258 4591 loco
1302 4536 1471 4590 Deum
1513 4537 1807 4591 obsecrans
1850 4535 2026 4606 propi-

2138 4528 2358 4601 μυρίαις
2386 4527 2551 4581 αὐτὸν
2584 4529 2705 4591 ταῖς
2734 4527 2964 4592 ἱκεσίαις
2990 4526 3322 4599 ἐκλιπαρῶν,
3356 4526 3445 4581 ἵνα
3472 4525 3572 4599 τὴν
3599 4543 3714 4579 συν-

453 4633 586 4687 tium
612 4630 728 4687 fore
750 4630 950 4701 popqu
975 4644 1041 4684 ac
1064 4628 1409 4699 placabilem,
1434 4627 2033 4696 innttmerabililtusqne

452 4721 941 4791 supplicationibus
972 4720 1277 4780 obtestans,
1312 4727 1371 4773 ut
1394 4717 1552 4788 juges
1581 4727 1883 4785 mutuoque
1913 4732 2034 4772 suc-

453 4815 720 4869 cedaneas
758 4812 1129 4868 calamitatum
1182 4808 1367 4879 plagas
1410 4809 1632 4873 sistens,
1679 4807 1855 4863 fausta
1908 4824 2032 4862 rur-

454 4923 576 4963 sum
628 4906 969 4978 providentia
1033 4902 1369 4958 Hierusalem
1406 4902 1765 4971 gubernaret,
1816 4916 1878 4955 ac
1926 4916 2032 4969 qua

457 5000 586 5054 olim
629 4998 926 5069 gubernem
976 5002 1147 5059 esset,
1181 4996 1253 5048 ita
1294 4994 1412 5047 ait:
1443 4991 1546 5057 Qui
1576 4993 1712 5061 regis
1740 4990 1931 5055 Israel,
1955 4994 2040 5044 in-

459 5091 611 5144 tende
635 5105 653 5144 :
681 5090 770 5159 qui
797 5088 1014 5142 deducis
1036 5086 1169 5141 velut
1203 5101 1348 5140 orem
1376 5084 1572 5150 Ioseph
1596 5082 1666 5138 '°.
1692 5083 1863 5139 Deum
1892 5084 2036 5138 enim

462 5181 678 5235 ﬂectere
735 5180 955 5243 nititur,
999 5178 1441 5235 charissimorum
1494 5191 1559 5231 ac
1586 5177 1887 5232 amicorum
1940 5189 2047 5229 no-

462 5273 614 5327 mina
658 5274 712 5326 ln
767 5273 1003 5327 medium
1048 5272 1344 5333 adducens,
1378 5270 1716 5340 solerterque
1748 5268 2041 5324 admodum

464 5364 910 5435 suppltcatiuncnt
963 5365 1098 5430 obit,
1163 5364 1342 5432 impia:
1399 5362 1608 5418 scelera
1652 5358 2039 5425 multitudinis,

466 5464 781 5510 sanctorum
830 5454 1052 5529 Patrum
1095 5454 1546 5526 appellationibus
1580 5452 1730 5510 velut
1755 5451 1940 5509 celans
1975 5464 2040 5506 ac

467 5550 748 5618 obtegens.

544 5728 590 5763 “
614 5728 680 5785 ιν
708 5729 839 5803 Reg.
870 5747 927 5800 ιι,
965 5732 1046 5788 ιι.
1092 5733 1167 5805 ,⁸⁷
1197 5731 1335 5788 Gen.
1371 5730 1623 5800 xux,29.
1683 5731 1730 5765 “
1750 5728 1922 5787 Exod.
1957 5743 2078 5796 xm,
2105 5726 2192 5784 l9.
2268 5725 2312 5759 δ’
2344 5724 2499 5807 Nunt.
2537 5741 2574 5791 t,
2608 5722 2698 5779 46.

2137 4623 2237 4694 εχῆ
2284 4624 2376 4677 καὶ
2413 4620 2714 4692 ἐπάλληλον
2745 4621 2852 4676 τῶν
2886 4620 3182 4694 συμφορῶν
3223 4622 3431 4692 στήσας
3480 4621 3711 4691 πληγὴν.

2138 4715 2301 4769 πάλιν
2333 4716 2393 4768 ἐν
2417 4712 2596 4785 ἀγαθῇ
2628 4714 2860 4785 προνοίᾳ
2888 4713 3063 4784 διοικῇ
3094 4713 3194 4784 τὴν
3233 4710 3619 4782 Ἰερουσαλὴμ,
3646 4710 3715 4772 ὡς

2138 4809 2198 4863 τὸ
2226 4808 2510 4880 πρότερον,
2540 4807 2683 4861 οὕτω
2704 4807 2867 4878 φησί’
2892 4805 2947 4859 '0
2974 4806 3306 4875 ποιμαίνων
3324 4804 3432 4858 τὸν
3458 4803 3713 4871 Ἰσραὴλ,

2141 4905 2439 4972 πρόσχες·
2474 4905 2506 4956 ὁ
2543 4901 2777 4971 ὁδηγῶν
2805 4900 2949 4955 ὡσεὶ
2990 4900 3289 4968 πρόϐατον
3325 4898 3434 4952 τὸν
3477 4896 3711 4964 Ἰωσήφ.

2144 4998 2393 5049 Δυσωπεῖ
2417 4996 2525 5065 γὰρ
2558 4994 2649 5047 τὸν
2676 4996 2809 5048 Θεὸν
2832 4996 2944 5057 τοῖς
2972 4994 3081 5047 τῶν
3109 4992 3408 5064 ἀγαπητῶν
3434 4991 3529 5043 καὶ
3555 4990 3713 5059 φίλων

2145 5087 2424 5158 ὀνόμασιν,
2458 5087 2554 5141 καὶ
2592 5087 2716 5140 λίαν
2747 5087 3070 5156 εὐμηχάνως
3107 5084 3206 5157 τὴν
3247 5082 3530 5153 ἱκετηρίαν
3567 5096 3714 5152 μετα-

2146 5176 2465 5248 χειρίζεται,
2490 5178 2585 5233 τοῦ
2604 5177 3037 5248 δυσσεϐήσαντος
3063 5176 3299 5247 πλήθους
3324 5174 3424 5238 τὰς
3446 5172 3713 5244 ἁμαρτίας

2148 5264 2258 5323 οἷον
2281 5270 2605 5342 ἐγκρύπτων
2632 5270 2727 5326 καὶ
2757 5270 2975 5325 σκέπων
2997 5271 3118 5334 ταῖς
3137 5268 3244 5323 τῶν
3270 5267 3442 5336 ἁγίων
3465 5265 3714 5337 Πατέρων

2152 5364 2557 5437 προσηγορίαις.

2791 5722 2857 5788 ,⁸⁸
2886 5719 3029 5776 Psal.
3061 5732 3248 5781 una,
3275 5715 3331 5772 3.
