3820 6326
155 307 236 364 529
1172 305 1454 388 HQMILIA
1494 305 1562 364 Χ.
1597 308 1666 364 IN
1718 309 1819 365 SS.
1861 309 2263 368 MARTYRES.‘

3259 320 3364 375 330

210 419 394 472 Τοῦτον
446 419 579 490 ἡμῖν
624 419 956 490 ὑπαγορεύει
988 420 1080 473 τὸν
1121 421 1244 474 νοῦν
1274 423 1366 474 καὶ
1407 424 1436 475 ὁ
1465 424 1590 494 περὶ
1633 423 1702 476 τὰ

1878 425 2134 480 Eumdem
2164 430 2380 495 quoque
2429 427 2581 489 nobis
2623 441 2841 480 sensum
2889 427 3144 498 suggerit,
3184 431 3274 496 qui
3309 433 3376 486 de

156 514 331 582 Σόδομα
380 510 687 581 σωζόμενος
732 512 906 580 λόγος.
975 514 1224 584 Ἀϐραὰμ
1260 515 1369 585 γὰρ
1409 515 1702 585 Σοδομίτας

154 603 587 676 παραιτούμενος,
632 605 796 674 ἡνίκα
834 605 1204 674 δυσμεναίνων
1247 607 1430 670 αὐτοῖς
1493 608 1521 659 6
1570 607 1704 671 Θεὸς

156 699 266 770 μετὰ
308 699 670 769 προρρήσεως
708 697 990 768 ἐπήγαγεν
1019 699 1118 769 τὴν
1149 699 1391 762 κόλασιν,
1422 701 1488 768 τῇ
1534 699 1704 767 φειδοῖ

152 790 239 843 τῶν
275 789 499 841 δικαίων
546 787 698 858 ἠξίου
747 787 989 859 σωθῆναι
1034 790 1127 843 τὸν
1174 790 1461 861 σύμπαντα
1509 790 1700 861 δῆμον.

161 880 465 951 ’Δρξάμενος
492 881 602 951 γὰρ
633 880 741 934 ἀπὸ
775 880 884 934 τῶν
919 882 1272 952 πεντήκοντα,
1316 885 1395 946 είς
1420 883 1546 947 τοῦς
1570 883 1703 936 δέκα

150 973 446 1043 κατέληξεν·
496 973 593 1027 καὶ
628 973 766 1045 πρὸς
809 973 910 1044 τὴν
949 974 1156 1028 ἱκεσίαν
1194 974 1396 1038 εὐθέως
1435 973 1650 1028 ἔνευσεν
1675 977 1704 1028 ὸ

150 1064 274 1127 Θεὸς,
301 1064 496 1135 ὥσπερ
544 1064 639 1118 ἐπί
671 1083 816 1128 τινος
858 1064 1024 1132 ζυγοῦ
1074 1065 1168 1118 καὶ
1210 1065 1556 1133 πλαστίγγων
1585 1067 1705 1127 ταῖς

152 1156 350 1226 μυριάσι
383 1156 495 1210 τῶν
527 1156 892 1229 ἁμαρτωλῶν,
919 1157 981 1210 τὸ
1006 1157 1114 1210 τῶν
1147 1157 1280 1210 δέκα
1307 1157 1703 1212 δικαίων’ἀντι-

151 1249 343 1317 στήσας.
380 1250 501 1302 Ἴνα
530 1251 586 1303 δὲ
617 1251 710 1303 ἐπὶ
741 1249 902 1302 πλέον
927 1251 1228 1320 ἐνδείξηται
1255 1251 1419 1303 πᾶσιν
1446 1251 1594 1321 ἡμῖν,
1623 1251 1704 1303 ὅτι

151 1342 223 1392 καὶ
249 1337 326 1403 εἷς
351 1341 560 1406 δίκαιος
589 1342 770 1412 τίμιον
795 1346 1024 1413 πρᾶγμα
1053 1345 1147 1394 καὶ
1172 1341 1291 1412 Θεῷ
1314 1342 1486 1411 φίλον,
1519 1341 1704 1413 ἐπειδὴ

146 1431 279 1500 ὁμὲν
317 1433 546 1498 δέκατος
573 1434 820 1499 ἐξέλιπεν
855 1434 1110 1504 ἀριθμὸς.
1149 1437 1243 1488 καὶ
1271 1434 1468 1506 εὑρέθη
1502 1435 1706 1506 ταύῗης

149 1520 229 1588 τῆς
265 1523 578 1595 ὀλιγότητος
614 1525 724 1578 τῶν
765 1526 927 1580 ὁσίων
969 1525 1079 1579 τῶν
1103 1527 1440 1597 ἁμαρτωλῶν
1470 1530 1498 1581 6
1535 1528 1706 1599 δῆμος

148 1617 440 1686 πενόμενος,
480 1616 653 1688 ἐχρῆν
703 1617 762 1670 δὲ
813 1617 939 1681 τοὺς
979 1619 1479 1688 παρανομήσαντας
1523 1618 1704 1672 δοῦναι

148 1707 464 1778 Θρασύτητος
505 1709 686 1780 δίκην,
731 1708 978 1780 σφοδρῶς
1020 1708 1300 1763 ἐλαύνεται
1349 1709 1458 1762 τῶν
1495 1711 1706 1764 καταδιο

1809 515 2059 571 Sodomis
2093 527 2277 573 exstat
2319 531 2516 572 sermo.
2559 520 2832 572 Abraham
2873 535 3106 591 namque
3144 536 3241 590 pro
3276 522 3379 575 Sn-

1807 609 2024 663 domitis
2068 611 2394 679 deprecans,
2428 625 2535 680 quo
2579 610 2720 666 Deus
2772 620 3011 681 tempore
3050 611 3156 667 illis
3201 613 3381 667 infen-

1807 714 1923 766 Sus,
1975 712 2138 769 quam
2187 702 2528 771 praedixisset
2580 701 2762 756 intulit
2817 716 3051 772 poenam,
3109 703 3377 772 iustorum

1806 791 1915 846 illic
1967 794 2422 862 contemplatione
2482 796 2733 864 populum
2808 797 3114 849 universum
3171 796 3376 850 salvum

1811 882 1925 936 ﬁeri
1987 885 2230 954 rogabat.
2288 883 2559 956 Incipiens
2605 888 2749 940 enim
2792 902 2818 940 ιι
2851 888 3260 956 quinquaginta,
3323 887 3379 940 itt

1807 971 1994 1026 decem
2049 973 2245 1040 desiit,
2297 970 2408 1028 Deo
2469 978 2647 1028 statim
2707 984 2976 1030 annuente
3031 974 3374 1044 supplicanti,
3458 965 3467 974 ’

1812 1062 1957 1114 velut
1992 1071 2195 1117 statera
2243 1064 2476 1133 quadam
2516 1078 2577 1118 ac
2607 1065 2798 1120 bilanci
2838 1065 2968 1119 libra
3003 1063 3379 1118 innumerabili

1808 1166 2155 1222 peccatorum
2185 1156 2376 1219 turba,
2404 1156 2673 1226 jttstoruut
2701 1159 2978 1212 denarium
3015 1167 3204 1211 contra
3244 1169 3379 1224 peu-

1807 1245 1977 1302 dt'l'Cl.
2026 1249 2206 1318 Atque
2257 1259 2317 1304 ut
2359 1249 2591 1318 amplius
2637 1249 3029 1315 dcclararetur,
3078 1249 3160 1303 vel
3212 1261 3377 1303 unutn

1800 1334 2004 1402 justum
2053 1353 2165 1393 rem
2217 1353 2339 1394 esse
2368 1341 2657 1408 pretiosam
2708 1356 2772 1394 ac
2820 1339 2928 1396 Deo
2971 1341 3212 1403 charam,
3255 1355 3377 1394 cum

1809 1430 1944 1484 dena
1972 1431 2188 1500 quidem
2233 1432 2519 1488 multitudo
2561 1434 2862 1488 desiderata
2901 1444 3066 1496 esset,
3093 1443 3381 1500 tantusque

1810 1520 1897 1574 ille
1936 1533 2276 1589 peccatorum
2324 1523 2569 1592 pupttltts,
2623 1539 2688 1578 ne
2741 1539 2942 1592 paucos
2985 1524 3201 1593 quidem
3233 1524 3378 1592 ejus-

1812 1612 1953 1666 modi
2004 1611 2178 1679 juslos
2229 1615 2431 1670 habere
2479 1617 2847 1684 deprehensus
2896 1614 3090 1670 fuisset
3140 1632 3156 1674 :
3197 1620 3380 1670 essent

1810 1717 1938 1756 vero
1981 1704 2196 1758 scelesti
2243 1707 2479 1761 audacia:
2513 1709 2685 1761 daturi
2724 1721 2930 1775 pinnas,
2964 1706 3066 1762 Lot
3096 1721 3233 1761 unus
3269 1708 3383 1762 vio-

147 1801 435 1854 κασθέπων
471 1802 652 1855 τόπων
679 1803 708 1854 ὁ
742 1801 886 1865 Λὼτ,
916 1805 1009 1856 καὶ
1054 1801 1280 1866 σώζεται
1315 1804 1600 1871 παγγενεὶ,
1628 1805 1707 1867 είς

1813 1795 1986 1849 leuter
2024 1795 2260 1851 trahitur
2288 1811 2318 1851 a
2351 1797 2484 1853 locis
2539 1799 2824 1854 maledicto
2875 1799 3122 1863 addictis,
3162 1815 3225 1854 ac
3255 1813 3382 1854 cum

146 1893 194 1944 τὸ
219 1893 382 1963 γέρας
416 1894 516 1962 τῆς
546 1893 891 1965 δικαιοσύνης
922 1895 1016 1948 καὶ
1045 1897 1168 1958 τοὺς
1203 1895 1433 1959 οἰκείους
1465 1895 1709 1957 ἅπαντας

145 1986 273 2056 παρὰ
295 1985 392 2038 τοῦ
419 1984 555 2038 Θεοῦ
585 1984 928 2055 προσλαϐών.

204 2075 348 2146 Μέγα
399 2075 496 2131 οῦν
537 2079 725 2148 κτῆμα
753 2077 976 2141 δίκαιος
1019 2077 1236 2149 πρῶτον
1276 2075 1467 2146 ὄφελος
1509 2075 1705 2147 ἐαυτῷ,

145 2167 310 2222 ἔπειτα
335 2173 452 2232 τοῖς
473 2170 566 2223 τοῦ
583 2170 775 2238 γένους
789 2171 916 2240 ἑξῆς
937 2170 1210 2241 Θησαυρδς
1221 2170 1471 2242 διαρκής
1486 2168 1710 2238 ἀγνοού-

147 2277 283 2327 μενος
335 2264 403 2331 τῇ
447 2261 567 2332 Θέα,
615 2261 712 2315 καὶ
751 2262 839 2314 ἀεὶ
886 2261 1212 2335 συμπαρὼν,
1261 2279 1356 2316 και
1435 2261 1707 2316 παιδεύων

143 2352 248 2412 τοὺς
270 2353 466 2416 ἄλλους
489 2354 800 2424 πράγμασι·
838 2354 1003 2409 πάλαι
1034 2354 1303 2426 κείμενος,
1328 2355 1422 2410 καὶ
1451 2354 1560 2419 ζῶν
1586 2357 1708 2419 ταῖς

145 2443 560 2515 εὐδοκιμήσεων.
616 2445 820 2516 Ἀγαθὴ
853 2447 960 2500 τῶν
989 2447 1195 2500 παίδων
1231 2447 1589 2518 κληρονομία,
1615 2445 1708 2499 καὶ

144 2534 340 2598 ἄσυλος·
382 2536 452 2604 ην
481 2535 672 2605 χρόνος
700 2536 761 2589 οὐ
794 2536 1027 2608 δαπανᾷ,
1061 2537 1156 2589 καὶ
1185 2535 1386 2606 λῃστὴς
1411 2535 1511 2587 οὐκ
1541 2535 1706 2603 ἀφαι-

147 2629 316 2694 ρεῖται.
361 2627 683 2698 Ἀσῶματος
736 2628 846 2700 γάρ
884 2633 998 2683 ἐστι
1042 2631 1138 2683 καὶ
1171 2629 1352 2692 ᾶῦλος,
1394 2627 1709 2699 ἀσωμάτοις

145 2717 594 2790 ὲμπολιτευομένη
616 2719 836 2790 ψυχαῖς.
873 2720 1057 2791 Ὁρᾷς,
1084 2720 1159 2784 ὡς
1193 2721 1283 2772 καὶ
1312 2722 1361 2773 oi
1387 2719 1588 2784 ἔνδοξοι
1613 2720 1708 2773 καὶ

145 2809 356 2880 ἀοίδιμοι
399 2812 752 2882 Ἰσραηλῖται,
783 2813 1000 2867 πάντων
1020 2811 1382 2885 ἀφῃρημένοι,
1410 2812 1505 2866 καὶ
1536 2813 1707 2884 αὐτῆς

147 2901 227 2970 τῆς
246 2904 349 2974 γῆς
383 2905 710 2968 ἐκπεσόντες
738 2905 836 2975 τῆς
862 2903 1151 2974 πατρικῆς,
1183 2903 1283 2974 τῆς
1317 2902 1522 2972 σεμνῆς
1546 2919 1709 2974 προσ-

143 2996 354 3065 ηγορίας
386 2996 488 3047 οὐκ
514 2994 893 3067 ἀφῃρέθησαν,
923 2995 1042 3048 οόδέ
1073 2993 1469 3064 ἐγυμνώθησαν
1493 2993 1586 3046 τοῦ
1617 3010 1709 3046 κα-

1813 1901 1919 1946 tota
1951 1890 2150 1946 familia
2178 1892 2361 1947 salvus
2391 1890 2643 1957 emcitttr,
2680 1890 2918 1959 acceptis
2945 1906 2972 1943 a
3006 1890 3114 1945 Deo
3137 1890 3188 1944 in
3218 1888 3384 1960 justi-

1812 1979 1897 2033 tiae
1920 1981 2195 2049 praemium
2221 1981 2486 2035 universis
2513 1981 2834 2034 domesticis

1883 2073 2070 2144 Magna
2106 2088 2237 2142 ergo
2264 2089 2351 2129 res
2373 2114 2388 2138 ,
2423 2075 2506 2126 vir
2529 2074 2746 2142 justus;
2782 2074 2874 2142 qui
2909 2087 2967 2128 se
2999 2065 3379 2142 ipse‘primum

1803 2163 1994 2232 iuvet;
2025 2174 2134 2234 tum
2161 2165 2424 2220 universae
2451 2164 2701 2232 deinceps
2726 2166 2867 2234 genti
2896 2165 3122 2219 exsistat
3152 2163 3379 2232 amplis-

1808 2230 1985 2309 simus
2005 2230 2326 2318 thesaurus,
2361 2264 2583 2323 aspectu
2616 2230 2832 2322 quidem
2878 2253 3129 2322 ignotus,
3178 2230 3379 2321 quique

1811 2346 2158 2402 nihilominus
2213 2361 2426 2416 semper
2461 2346 2640 2411 adsit,
2684 2361 2747 2400 ac
2798 2345 2932 2400 alios
2987 2345 3115 2413 ipsis
3168 2345 3381 2400 erudiat

1809 2439 1971 2494 rebus
2025 2455 2040 2496 :
2073 2438 2199 2494 olim
2241 2449 2485 2495 mortuus
2511 2481 2525 2505 ,
2588 2452 2873 2508 rerumque
2915 2437 3172 2508 praeclare
3203 2445 3382 2507 gesta-

1809 2546 1930 2586 rum
1957 2531 2271 2586 celebritate
2295 2532 2469 2585 vivus.
2509 2529 2767 2585 Filiorum
2798 2531 2938 2586 bona
2969 2530 3284 2592 luereditas,
3317 2544 3384 2584 ac

1810 2621 2178 2688 inviolabilis;
2211 2636 2372 2690 quam
2406 2638 2510 2676 non
2560 2623 2810 2678 absumat
2857 2631 3100 2691 tempus,
3149 2635 3248 2676 nec
3293 2619 3381 2674 fur

1809 2715 2026 2770 auferre
2087 2715 2303 2786 possit:
2354 2715 2551 2785 quippe
2595 2729 2715 2784 qua:
2766 2714 3080 2782 incorporea
3128 2725 3193 2768 ac
3249 2710 3381 2766 nulli
3455 2711 3462 2716 ’

1807 2815 2060 2864 concreta
2092 2807 2332 2861 materiae
2361 2809 2464 2871 sit,
2506 2807 2558 2860 in
2586 2806 2917 2876 incorporeis
2944 2807 3130 2874 vigens
3171 2807 3383 2859 anima-

1808 2898 1929 2952 bus.
1955 2897 2121 2953 Vides
2150 2906 2210 2950 ut
2238 2905 2291 2948 et
2318 2895 2539 2966 gloriosi
2575 2895 2865 2966 inclytique
2889 2894 3176 2961 Israelitze,
3211 2910 3384 2964 quan-

1808 3004 1968 3060 quam
1998 2989 2248 3044 omnibus
2270 2987 2478 3056 spoliati
2505 3030 2520 3054 ,
2552 2988 2772 3056 ipsoque
2800 2988 2998 3044 amisso
3025 2989 3138 3042 solo
3167 2990 3343 3056 patrio
3363 3028 3378 3050 .

145 3085 327 3141 λείσθαι
368 3087 477 3140 ἀπὸ
499 3087 594 3140 τοῦ
626 3085 872 3155 φιλοθέου
896 3087 1260 3164 προπάτορος·
1287 3078 1541 3140 ἀλλὰκαὶ
1571 3085 1706 3156 βαρ-

1813 3081 1952 3135 haud
2013 3091 2188 3134 tamen
2245 3080 2447 3133 claram
2512 3080 2654 3133 illaut
2709 3095 2739 3132 a
2794 3079 2886 3133 Dei
2930 3092 3143 3134 amante
3173 3095 3272 3134 avo
3317 3098 3382 3134 ac

145 3176 313 3246 ϐάροις
340 3178 703 3240 δουλεύοντες,
725 3177 812 3231 διὰ
835 3177 932 3250 τὴν
956 3177 1296 3250 δικαιοσύνην
1321 3177 1429 3230 τῶν
1457 3177 1708 3247 πατέρων

145 3269 598 3342 ἠλευθερώθησαν·
656 3271 750 3324 καὶ
799 3273 857 3324 ἐν
897 3271 1088 3342 ἐρήμῳ
1127 3269 1434 3334 διαζῶντες,
1483 3268 1571 3321 διὰ
1612 3269 1710 3339 τὴν

144 3361 477 3433 saeuitum
498 3363 609 3415 τῶν
641 3363 1018 3432 γεννησάντων
1045 3364 1379 3434 ἐτράφησαν
1405 3362 1501 3415 καὶ
1527 3363 1710 3432 ἁμαρ-

145 3450 380 3514 τάνοντες
407 3449 676 3522 συνεχῶς,
709 3453 804 3505 καὶ
834 3451 1278 3522 βλασφημοῦντες
1305 3451 1586 3515 πολλάκις,
1613 3452 1709 3505 καὶ

145 3541 267 3606 ἄξιοι
311 3543 664 3614 νομισθέντες
699 3543 800 3614 τῆς
845 3542 1232 3615 ὀλοθρευούσης
1273 3544 1566 3608 κολάσεως,
1621 3543 1710 3597 διὰ

143 3635 223 3686 τον
259 3635 510 3708 Ἀϐραὰμ
537 3636 753 3706 φειδοῦς
775 3637 1104 3708 ἠξιώθησαν,
1137 3638 1230 3691 κα)⁸
1248 3638 1336 3692 διὰ
1361 3638 1453 3692 τὸν
1493 3636 1710 3709 Ἰσραὴλ

144 3722 317 3795 ἔτυχον
357 3726 708 3797 συγγνώμης,
747 3727 1128 3798 Θρασυκάρδιοι
1147 3726 1332 3792 παῖδες
1365 3729 1445 3793 είς
1471 3727 1541 3782 τὰ
1569 3726 1710 3798 γέρα

145 3815 239 3868 τῶν
259 3819 512 3888 πατέρων
546 3817 868 3889 σωζόμενοι.

208 4081 308 4134 Καὶ
331 4078 479 4146 οἶδάς
508 4099 595 4150 γε,
625 4085 654 4137 6
677 4082 1002 4157 φιλομαθὴς,
1035 4084 1112 4149 ὡς
1150 4087 1208 4139 ἐν
1233 4085 1469 4154 πρώτοις
1493 4088 1521 4142 ό
1551 4087 1710 4153 Θεὸς,

144 4172 291 4241 ἡνίκα
335 4177 400 4228 ἐκ
454 4175 559 4246 τῆς
601 4177 964 4247 ποιμαντικῆς
1009 4177 1101 4230 ἐπὶ
1134 4176 1232 4248 τὴν
1264 4179 1560 4250 ἡγεμονίαν
1602 4179 1710 4234 τῶν

145 4263 276 4316 λαῶν
300 4265 481 4318 ἐκάλει
504 4265 597 4319 τὸν
614 4266 876 4336 Μωῦσῆν,
901 4266 1064 4331 εὐθὺς
1076 4267 1250 4322 ταῦτα
1261 4268 1396 4341 πρὸς
1412 4270 1502 4323 τὸν
1526 4270 1711 4324 δοῦλόν

143 4372 312 4425 φησιν·
345 4358 496 4429 Ἐγώ
516 4361 632 4428 ειμι
659 4362 692 4412 ό
718 4358 860 4422 Θεὸς
887 4359 993 4413 τοῦ
1021 4361 1244 4429 πατρός
1297 4376 1436 4426 σου,
1489 4365 1522 4416 ό
1567 4361 1712 4427 Θεὸς

1812 3172 2110 3240 patriarcha
2169 3171 2580 3240 appellationem
2638 3171 2979 3225 amiserint?
3031 3172 3160 3241 quin
3215 3172 3377 3226 etiam

1810 3265 2062 3319 barbaris
2110 3265 2438 3333 mancipati,
2489 3262 2718 3331 justitiae
2772 3273 2983 3331 patrum
3037 3264 3265 3331 merito,
3315 3264 3371 3318 li-

1810 3357 2070 3413 bertatem
2111 3356 2286 3425 adepti
2341 3364 2508 3420 sunt;
2568 3365 2731 3423 atque
2767 3355 2819 3408 in
2865 3356 3078 3409 deserto
3121 3365 3378 3424 agentes.

1811 3449 1879 3503 ob
1909 3457 2192 3518 parentum
2225 3446 2370 3501 clara
2401 3445 2643 3502 facinora
2667 3484 2682 3509 ,
2721 3445 2857 3500 cibis
2888 3447 3066 3500 donati
3095 3465 3110 3500 :
3150 3461 3381 3515 cumque

1810 3539 2063 3594 continue
2111 3547 2432 3606 peccarent,
2469 3553 2532 3592 ac
2577 3537 2772 3606 saepius
2807 3537 2858 3590 in
2896 3536 3256 3607 blasphemias
3286 3552 3380 3591 ora

1811 3629 2116 3693 solverent,
2163 3637 2458 3697 essentque
2489 3627 2632 3696 digni
2670 3626 2895 3696 iudicati
2932 3628 3024 3697 qui
3055 3625 3382 3682 exterminio

1809 3725 2152 3794 punirentur,
2221 3722 2453 3778 Abrahae
2517 3729 2697 3775 tamen
2766 3735 2934 3775 causa
2992 3719 3379 3790 indulgentiam

1811 3826 2161 3881 meruerunt,
2220 3829 2286 3869 ac
2341 3822 2562 3884 promer
2617 3811 2866 3868 lsraelem
2919 3812 3195 3868 consecuti
3256 3821 3385 3866 sunt.

1813 3909 2055 3970 veniant,
2100 3908 2234 3961 duro
2277 3907 2440 3960 corde
2483 3905 2611 3970 lilii,
2656 3915 2938 3975 parentum
2978 3906 3170 3959 merito
3213 3903 3385 3960 salute

1810 3998 2015 4053 donati.

1885 4088 2004 4144 Scis
2032 4103 2182 4154 vero,
2213 4087 2460 4157 quisquis
2481 4087 2751 4143 studiosus
2778 4101 2840 4141 es
2868 4103 2933 4142 ac
2962 4087 3202 4143 discendi
3233 4087 3387 4156 cupi-

1813 4182 1942 4245 dus,
1995 4190 2054 4234 ut
2100 4181 2154 4235 in
2207 4181 2398 4251 primis
2449 4195 2572 4236 cum
2615 4179 2756 4236 Deus
2797 4181 3014 4253 Moysen
3061 4195 3091 4233 a
3139 4180 3390 4249 gregibus

1811 4275 1991 4329 ovium
2030 4275 2095 4328 ad
2126 4273 2445 4343 populorum
2479 4281 2692 4327 vocaret
2721 4273 3094 4341 praefecutram
3115 4311 3131 4337 ,
3165 4272 3278 4326 haec
3307 4272 3391 4326 di-

1813 4375 1902 4420 cat
1932 4366 2118 4420 statim
2151 4365 2216 4418 ad
2245 4379 2461 4420 servum
2495 4380 2650 4419 suum
2687 4382 2701 4418 :
2743 4364 2855 4435 Ego
2884 4380 3004 4420 sum
3046 4365 3183 4418 Deus
3221 4367 3389 4434 patris

155 4448 402 4521 Ἀϐραὰμ,
423 4453 523 4506 καί
545 4455 578 4506 ό
605 4451 752 4517 Θεὸς
767 4453 995 4518 Ἰσαὰκ,
1017 4452 1117 4507 καὶ
1133 4457 1165 4508 ό
1182 4453 1327 4520 Θεὸς
1353 4454 1565 4508 Ἰακώϐ.
1595 4454 1705 4508 Καὶ

1813 4458 1917 4521 tui,
1973 4457 2112 4511 Deus
2168 4456 2478 4520 Abraham,
2527 4466 2580 4510 et
2614 4455 2756 4511 Deus
2791 4456 2981 4524 Isaac,
3014 4467 3062 4511 et
3101 4457 3238 4511 Deus
3276 4456 3378 4510 Ja-

145 4542 321 4610 μικρὸν
338 4545 529 4615 πρόσω
540 4544 635 4597 τοῦ
651 4543 812 4613 λόγου
832 4546 1137 4616 γενόμενος,
1149 4547 1321 4600 ταῦτα
1333 4547 1706 4618 προστίθησιν’

144 4631 437 4703 ferriferre
464 4632 582 4702 τὴν
613 4633 942 4703 γερουσίαν
981 4632 1100 4687 τῶν
1126 4633 1273 4688 υἱῶν
1308 4635 1577 4703 Ἰσραὴλ,
1613 4635 1714 4688 καί

141 4721 284 4790 ἐρεῖς
293 4726 436 4794 πρὸς
454 4728 698 4792 αὐτούς·
716 4727 935 4794 Κύριος
952 4726 1096 4804 Θεὸς
1117 4725 1236 4779 τῶν
1253 4727 1523 4796 πατέρων
1542 4727 1711 4796 ὑμῶν

140 4809 315 4870 ὦπταί
322 4837 446 4888 μοι,
478 4822 512 4873 ό
541 4817 688 4885 Θεὸς
725 4819 991 4890 Ἀϐραὰμ,
1027 4821 1125 4874 καὶ
1149 4823 1180 4874 ό
1202 4819 1346 4886 Θεὸς
1363 4820 1589 4886 Ἰσαὰκ,
1610 4819 1712 4874 καί

142 4910 171 4957 o’
209 4909 345 4976 Θεὸς
374 4910 603 4965 Ἰακώϐ.
636 4912 748 4964 Καὶ
779 4911 951 4975 οὕτως
985 4913 1042 4964 ἐν
1073 4911 1377 4982 προοιμίοις
1401 4913 1433 4964 ὸ
1473 4911 1604 4976 Θεὸς
1633 4911 1710 4983 τῷ

141 4997 346 5067 ὀνόματι
395 5002 505 5054 τῶν
536 5001 763 5055 δικαίων
793 5002 1067 5070 πατέρων,
1106 4996 1216 5055 οἷον
1266 5004 1562 5076 σημάντρῳ
1603 5006 1710 5060 τινὶ

139 5090 260 5153 τοὺς
286 5092 578 5161 ἀπογόνους
609 5093 991 5164 σφραγίζεται’
1040 5095 1204 5149 καλὸν
1237 5093 1394 5159 εἰδὼς
1436 5096 1530 5150 καὶ⁸
1572 5113 1707 5167 συμ-

143 5183 296 5253 φέρον
321 5185 380 5236 τὺ
410 5186 504 5238 ἀπ’
542 5185 770 5239 ἐκείνων
789 5185 1168 5258 γνωρίζεσθαι,
1193 5188 1399 5258 Χρόνου
1425 5188 1481 5242 δὲ
1516 5189 1704 5260 προελ-
1747 5254 1751 5257 1

141 5274 335 5338 ὕόντος,
362 5277 548 5350 ἐπειδὴ
593 5279 675 5342 είς
723 5277 880 5349 ὓϐριν
916 5277 1009 5332 τοῦ
1056 5279 1348 5352 εὐεργέτου
1390 5279 1652 5352 ὥρμησεν
1683 5283 1712 5335 6

144 5358 283 5430 λιὸς,
321 5371 408 5422 καὶ
448 5370 861 5442 καταφρόνησιν
905 5369 999 5424 τοῦ
1039 5371 1312 5443 Σωτῆρος,
1362 5373 1706 5443 προσέκοψαν

145 5449 196 5502 δὲ
235 5456 299 5521 τῇ
335 5463 734 5535 εἰδωλοποιήσει
772 5461 868 5515 τοῦ
922 5464 1145 5535 μόσχου,
1189 5465 1283 5518 καὶ
1333 5465 1702 5536 προσεκύνουν

147 5544 353 5599 κρανίον
400 5553 618 5628 ἄψυχον,
653 5554 753 5627 τὴν
785 5555 1028 5627 ἔμψυχον
1067 5557 1162 5612 καὶ
1186 5555 1409 5629 λογικὴν
1445 5557 1706 5627 φρόνησιν

217 5723 263 5754 ⁸⁸
299 5724 455 5780 Exod.
487 5741 582 5790 ιιι,
613 5725 669 5778 6.
746 5734 790 5757 ³⁸
831 5733 963 5787 ibid.
998 5735 1084 5790 16.

445 5826 718 5885 Ρηιιοι.
766 5823 884 5885 Gtt.
935 5825 1065 5886 XL.

1813 4551 1904 4602 τοῦ
1939 4550 1986 4580 ⁸⁸
2016 4565 2031 4614 ;
2067 4564 2131 4603 ac
2181 4549 2339 4618 paulo
2387 4549 2620 4606 ulterius
2667 4549 2928 4616 producto
2983 4564 3231 4604 sermone
3286 4549 3388 4602 ista

1813 4643 2012 4696 addat:
2067 4641 2338 4710 Congrega
2378 4642 2604 4694 seniores
2653 4641 2885 4710 ﬁliorum
2916 4620 3121 4705 Issaei,
3163 4650 3214 4695 et
3251 4641 3388 4694 dices

1814 4735 1882 4788 ad
1909 4748 2031 4788 eos:
2064 4733 2323 4787 Dominus
2355 4732 2497 4788 Deus
2550 4748 2762 4803 patrum
2799 4743 3088 4788 uestrorum
3123 4734 3252 4786 mihi
3289 4747 3387 4800 ap-

1813 4826 1990 4896 paruit
2015 4842 2033 4891 ;
2061 4825 2205 4880 Deus
2235 4823 2506 4879 Abraham
2528 4865 2542 4891 ,
2569 4834 2618 4880 et
2643 4824 2784 4880 Deus
2805 4823 2972 4880 'Isaac
2991 4864 3007 4890 ,
3035 4835 3082 4879 et
3113 4823 3254 4878 Deus
3286 4823 3387 4878 Ja-

1813 4927 1907 4971 eoo
1936 4918 2005 4974 ⁸³.
2041 4917 2241 4986 Sicque
2278 4917 2442 4984 Deus,
2470 4917 2586 4987 ipso
2617 4917 2798 4973 statim
2832 4915 3018 4980 initio,
3040 4926 3253 4986 patrum
3300 4913 3386 4982 ju-

1815 5022 2019 5064 storum
2049 5011 2270 5065 nomine
2293 5009 2438 5065 velut
2467 5020 2593 5064 nota
2618 5009 2852 5079 quadam
2887 5018 3107 5077 nepotes
3134 5009 3389 5078 insignit,

1813 5102 1904 5171 qui
1937 5103 2135 5156 bonum
2167 5101 2304 5156 sciat
2339 5116 2403 5156 ac
2433 5100 2597 5164 utile,
2632 5111 2691 5154 ut
2723 5101 2791 5154 ab
2825 5099 2931 5155 illis
2959 5114 3024 5154 ac
3055 5114 3243 5155 eorum
3268 5115 3392 5169 spe-

1817 5191 2019 5246 cimine
2041 5200 2458 5262 cognoscantur.
2475 5189 2672 5246 Verum
2692 5205 2945 5260 processu
2975 5190 3250 5261 temporis,
3268 5206 3391 5245 cum

1815 5284 2041 5350 populus
2091 5282 2144 5336 in
2181 5282 2435 5353 injuriam
2479 5283 2850 5352 prorupisset,
2880 5283 2998 5353 ejus
3021 5323 3036 5348 ,
3069 5281 3162 5352 qui
3192 5282 3395 5338 beneﬁ-

1813 5371 1898 5424 cio
1931 5369 2204 5425 affecisset
2224 5409 2242 5435 ,
2275 5384 2339 5424 ac
2360 5370 2656 5424 Salvatoris
2686 5379 3050 5440 contemptum
3071 5409 3086 5435 ,
3136 5368 3396 5437 vitulique

1815 5464 2021 5518 fabrica
2047 5478 2110 5518 ac
2135 5464 2449 5519 adoratione
2475 5463 2822 5532 offendisset,
2852 5481 2916 5519 ac
2939 5466 3258 5520 adorassent
3309 5465 3394 5518 in-

1814 5556 1996 5628 anime
2023 5554 2267 5612 omnium
2351 5557 2544 5614 anima:
2581 5559 2759 5616 onmis
2802 5574 2865 5614 ac
2902 5558 3128 5616 rationis
3175 5573 3393 5615 sensum

2912 5833 2979 5890 11
