3820 6302
466 277 562 337 531

1733 278 1790 332 S.
1835 275 2106 333 ASTERII
2147 274 2445 332 AMASENI
3615 279 3728 333 332

466 407 810 467 amillentcs,
863 417 982 456 cum
1021 401 1153 456 nihil
1201 401 1286 456 hic
1333 399 1499 472 Moysi
1549 412 1897 471 suppeteret,
1931 417 2027 470 quc

2141 398 2520 461 ἀπολέσαντεςο
2553 397 2653 450 οὐκ
2702 397 2840 468 ἔχων
2887 400 2915 450 6
2961 397 3198 468 Μωῦσῆς
3226 398 3528 470 τηνικαῦτα
3570 399 3729 462 ὅπως

430 498 750 558 .Dominum
799 495 1072 565 discipulis
1119 495 1394 564 placaret,
1441 509 1777 550 aerumnosas
1825 495 2037 548 tandem

427 647 432 650 _
467 592 787 660 paedagogus
817 589 883 643 ad
917 595 1129 658 patrum
1176 586 1492 640 memoriam
1540 586 1816 657 confugit,
1865 587 2040 654 iisque

434 741 436 744 ,
468 685 567 738 sibi
595 681 882 754 adjunctis,
910 679 1350 749 supplicationem
1379 681 1593 748 promit.
1621 680 1709 735 Sic
1734 681 1877 733 enim
1914 679 1991 732 ait
2021 697 2034 732 :

466 776 596 830 Esto
646 774 918 842 placabilis
976 789 1131 843 super
1185 773 1424 841 nequitia
1481 771 1705 841 populi:
1764 772 2039 824 recordare

435 869 767 938 Abraham,
826 866 978 919 Isaac
1011 875 1058 918 et
1099 864 1266 918 Jacob
1315 879 1582 917 seruorum
1622 873 1862 926 tuorum,
1919 863 2040 930 qui-

468 957 562 1010 bus
586 957 782 1026 jurain
827 972 916 1023 per
941 956 1300 1023 temetipsum,
1351 952 1824 1022 multiplicaturnm
1870 964 1918 1007 te
1957 969 2038 1006 se-

458 1066 584 1104 men
637 1064 816 1102 eorum
857 1048 985 1100 sicut
1035 1047 1210 1100 stellas
1245 1046 1357 1100 cazli
1392 1045 1462 1099 “.
1496 1045 1624 1100 Erat
1661 1046 1880 1113 grandis
1917 1048 1993 1098 ira
2019 1085 2034 1105 .

466 1139 617 1192 furor
659 1136 1107 1206 indeprecabilis:
1136 1136 1246 1190 -ubi
1306 1123 1479 1190 tamen
1525 1135 1741 1204 sapiens
1783 1151 1845 1189 ac
1875 1136 2032 1190 indu-

465 1231 630 1287 Strius
678 1229 933 1300 supplex,
984 1239 1194 1297 patrum
1238 1243 1499 1297 personas
1546 1229 1916 1292 adhibuisset,
1967 1244 2029 1283 ac

462 1339 650 1378 senum
717 1321 913 1375 multas
973 1320 1390 1375 intercessiones
1465 1333 1531 1372 ex
1596 1321 1852 1373 memoria
1919 1319 2031 1373 Deo

461 1413 773 1482 obiecisset,
803 1413 1030 1466 ﬂamma:
1053 1411 1224 1465 instar
1251 1425 1463 1479 poenam
1496 1411 1752 1465 exstinxit
1773 1450 1788 1474 ,
1821 1419 2034 1480 patrum

450 1508 580 1562 oleo
610 1505 991 1560 insanientium
1034 1504 1266 1558 filiorum
1299 1503 1516 1557 vulnera
1551 1519 1772 1558 curans.

532 1686 743 1739 Relicto
786 1683 982 1754 Moysis
1027 1682 1199 1745 libro,
1249 1682 1313 1735 ad
1365 1681 1529 1734 libros
1564 1681 1765 1748 Regum
1827 1682 2023 1737 transi.

2145 490 2284 559 ὑπὲρ
2315 490 2420 542 τῶν
2481 488 2738 559 μαθητῶν
2789 489 3140 559 ἐξιλεώσηται
3193 490 3286 544 τὸν
3339 490 3642 561 Δεσπότην,
3699 494 3732 545 6

2147 580 2488 649 παιδαγωγὸς
2509 583 2537 634 6
2557 581 2915 652 πολύμοχθος,
2943 584 3280 652 καταφεύγει
3311 583 3447 653 πρὸς
3469 582 3567 654 τὴν
3593 584 3732 654 μνή-

2147 689 2252 742 μην
2267 671 2375 724 τῶν
2396 672 2666 743 πατέρων,
2688 673 2780 726 καὶ
2801 675 2913 744 μετ’
2933 671 3155 726 ἐκείνων
3175 674 3274 744 τὴν
3299 673 3580 745 ἱκετηρίαν
3600 690 3732 744 προ-

2144 762 2412 816 ϐάλλεται·
2446 763 2610 834 φησὶν
2652 763 2707 817 δέ
2737 763 2927 826 οὕτως·
2961 765 3157 830 ’1.2εως
3188 764 3366 834 γενοῦ
3400 765 3498 817 ἐπὶ
3526 763 3602 832 τῇ
3620 780 3730 816 κα-

2143 854 2242 917 κίςῑ
2283 853 2387 906 τοῦ
2414 854 2901 922 λαοῦ,·μνησθείς
2935 857 3199 924 Ἀϐραὰμ,
3220 855 3316 909 καὶ
3353 856 3582 918 Ἰσαὰκ,
3624 855 3726 908 καί

2155 941 2363 996 Ἰακὼϐ
2376 941 2492 994 τῶν
2506 943 2622 996 σοῦ
2647 944 2891 997 οἰκετῶν
2904 945 2970 1007 ⁵⁷,
2996 939 3086 997 οῖ(-
3103 943 3344 1013 ῶμοσας
3364 946 3515 997 κατὰ
3538 961 3654 996 σεα
3663 961 3728 995 v-

2141 1036 2266 1100 τοῦ,
2300 1036 2599 1102 πληθῦναι
2622 1037 2688 1091 τό
2713 1037 2951 1107 σπέρμα
2978 1038 3178 1092 αὐτῶν
3199 1039 3278 1104 ὠς
3300 1039 3371 1092 τὰ
3401 1039 3595 1106 ἄστρα
3617 1038 3726 1091 τοῦ

2141 1128 2419 1195 οἰῬανοῦ.
2449 1130 2674 1199 Μεγάλη
2708 1131 2740 1198 ἡ
2766 1131 2924 1201 ὀργὴ,
2953 1131 3045 1184 καὶ
3070 1132 3099 1184 6
3128 1129 3296 1201 θυμὸς
3319 1130 3722 1201 ἀπαραίτητος

2141 1219 2254 1273 ἀλλ’
2296 1223 2324 1274 ὁ
2373 1222 2533 1290 σοφὸς
2581 1224 2675 1275 καὶ
2714 1223 3019 1294 εὐμήχανος
3062 1222 3267 1292 ἱκέτης,
3297 1221 3367 1275 τὰ
3399 1224 3721 1292 προσωπεῖα

2142 1313 2494 1383 περιθέμενος
2528 1314 2636 1367 τῶν
2679 1315 2867 1382 ἁγίων,
2899 1315 2992 1367 καὶ
3027 1315 3125 1377 τὰς
3161 1313 3361 1376 πολλὰς
3387 1312 3496 1364 τῶν
3525 1313 3720 1382 γερόν-

2140 1420 2248 1456 των
2311 1403 2400 1457 διὰ
2453 1405 2554 1472 τῆς
2614 1407 2834 1477 μνήμης
2885 1406 2961 1476 τῷ
3005 1404 3124 1476 Θεῷ
3182 1404 3492 1476 ἀπορρίψας
3518 1405 3717 1458 ⁸⁸....

2138 1494 2360 1559 ἔσϐεσεν
2383 1497 2457 1559 ὡς
2483 1497 2654 1566 φλόγα
2678 1497 2775 1568 τὴν
2800 1497 3090 1570 τιμωρίαν·
3119 1498 3370 1570 πατρικῷ
3419 1498 3583 1568 ἐλαίῳ
3611 1499 3722 1551 τῶν

2143 1588 2417 1656 μανέντων
2443 1589 2574 1642 υἱῶν
2601 1589 2940 1661 θεραπεύσας
2966 1591 3034 1644 τὰ
3062 1591 3368 1662 τραύματα.

2210 1679 2541 1734 Καταλιπὼν
2569 1681 2666 1752 τὴν
2685 1682 2982 1754 Μωσαῖκὴν
3013 1683 3212 1752 βίϐλον,
3251 1683 3343 1736 ἐπὶ
3379 1683 3477 1747 τὰς
3503 1683 3720 1754 βίϐλους

453 1779 673 1834 Etenim
726 1777 837 1832 illic
889 1788 1102 1844 quoque
1156 1773 1324 1828 filium
1382 1773 1585 1827 videbis
1639 1773 2027 1843 indulgentiam

2138 1771 2244 1823 τῶν
2277 1771 2548 1826 Βασιλέων
2580 1773 2864 1846 μετάϐηθι.
2901 1774 3060 1845 Ὄψει
3086 1776 3195 1846 γάρ
3227 1777 3389 1829 κάκεῖ
3411 1777 3578 1830 παῖδα
3602 1795 3720 1846 φειο

462 1877 806 1923 consecutum
830 1908 843 1930 ,
877 1880 942 1920 eo
969 1864 1113 1934 quod
1143 1863 1322 1933 proles
1352 1873 1436 1919 est
1471 1866 1640 1933 patris
1675 1863 1766 1918 Dei
1800 1867 2036 1920 amantis

463 1976 524 2013 ac
556 1961 648 2030 pii.
685 1959 734 2012 Is
779 1972 940 2027 porro
989 1956 1443 2011 celebratissitnus
1490 1955 1576 2010 ille
1622 1955 1873 2010 Salomon
1926 1966 2030 2011 est.

461 2053 594 2106 Cum
628 2053 771 2107 enim
815 2051 903 2104 ille
936 2063 1189 2119 processu
1223 2049 1507 2118 temporis,
1544 2050 1736 2102 nedum
1770 2049 2036 2119 passioni-

461 2145 560 2201 bus
587 2144 978 2206 dominaretur,
1004 2141 1094 2196 sed
1123 2152 1177 2196 et
1201 2141 1305 2197 illis
1324 2156 1514 2196 servus
1534 2141 1787 2208 ell‘ectus,
1817 2157 1880 2195 ac
1911 2141 2036 2196 vita:

463 2237 708 2308 neglectu
736 2233 1291 2292 iucontinentissimus
1319 2234 1532 2288 luxuria
1562 2223 1819 2298 evadé'us,
1848 2243 2033 2303 pater-~

462 2343 584 2384 nam
610 2341 820 2397 quoque
849 2327 1100 2396 pietatem
1131 2341 1195 2380 ac
1225 2325 1540 2395 religionem
1569 2335 1830 2381 mutasset
1857 2365 1872 2389 ,
1902 2325 2034 2396 legis

459 2420 816 2484 offensiones,
878 2417 1018 2473 idola
1069 2417 1379 2482 fabricatis,
1433 2418 1510 2470 ait
1556 2416 1622 2469 ad
1677 2431 1798 2469 eum
1850 2418 2028 2471 Deus:

460 2510 716 2563 Scindens
746 2508 982 2562 scindam
1011 2523 1224 2577 regnum
1254 2517 1400 2560 tuum
1422 2545 1436 2570 ,
1474 2518 1520 2560 et
1549 2505 1685 2559 dabo
1720 2505 1853 2558 illud
1885 2521 2031 2559 servo

459 2612 548 2653 tuo
576 2616 593 2653 :
622 2608 971 2654 verumtamen
1028 2598 1082 2652 in
1146 2598 1326 2652 diebus
1360 2598 1465 2650 tuis
1499 2613 1602 2650 non
1643 2597 1838 2665 faciant
1876 2597 1988 2650 Ita'c
2011 2635 2026 2661 ,

456 2704 667 2762 propter
711 2692 880 2746 Dauid
915 2700 1117 2758 patrem
1146 2701 1336 2744 tuum:
1370 2691 1435 2744 de
1474 2706 1632 2743 manu
1663 2689 1766 2757 ﬁlii
1817 2690 1893 2742 tui
1940 2706 2030 2742 ac-

457 2787 650 2854 cipiam
703 2783 836 2837 illud
882 2783 952 2835 '5.
985 2781 1118 2838 Haec
1165 2797 1261 2837 nos
1312 2781 1536 2836 historia
1588 2781 1788 2845 docet;
1833 2780 1926 2835 sed
1975 2789 2030 2833 et

458 2875 800 2928 Psalmorum
831 2874 1099 2928 canticum
1133 2876 1322 2927 eodem
1350 2887 1512 2926 sensu
1543 2871 1656 2926 haec
1687 2871 1847 2927 habet
1875 2889 1888 2924 :
1920 2869 2028 2924 Ju-

458 2967 578 3019 nior
616 2965 695 3034 [ui
713 2983 735 3032 ;
781 2967 972 3020 etenim
1008 2967 1197 3029 senui;
1245 2972 1295 3018 et
1331 2981 1434 3017 non
1467 2963 1571 3017 vidi
1595 2966 1801 3032 justum
1838 2962 2028 3016 dereli-

455 3068 595 3111 ctum
621 3099 634 3122 ,
667 3073 759 3110 nec
796 3074 967 3110 semen
1002 3059 1114 3126 ejus
1144 3072 1384 3125 qurerens
1415 3070 1600 3124 panem
1639 3055 1707 3108 ⁸⁸.

530 3259 631 3322 At,
663 3266 722 3310 ut
756 3257 984 3322 videtur,
1030 3257 1118 3310 ubi
1154 3255 1321 3325 set‘nel
1367 3255 1546 3310 aninta
1598 3266 1787 3310 contra
1831 3259 2031 3312 verita-

457 3356 562 3402 tem
593 3347 791 3402 audere
821 3347 1250 3416 praesumpserit,
1287 3356 1450 3415 atque
1473 3360 1539 3401 eo
1565 3355 1712 3401 statu
1745 3347 1943 3414 habet,
1971 3357 2032 3402 ut

455 3441 580 3493 vita":
615 3439 761 3504 loco,
807 3454 1004 3494 novum
1037 3438 1237 3509 aliquid
1268 3438 1444 3493 moliri
1477 3453 1677 3493 vesane
1712 3439 2028 3506 existimet,

456 3531 591 3584 nihil
615 3538 730 3592 est,
757 3529 896 3598 quod
927 3530 992 3583 ad
1024 3539 1227 3583 rectam
1265 3543 1329 3583 ac
1358 3543 1424 3584 ex
1454 3529 1647 3583 ordine
1672 3529 2027 3600 compositam

453 3624 594 3674 viam
631 3630 912 3676 convertat
943 3641 955 3675 :
987 3620 1117 3689 quin
1154 3621 1360 3674 frenum
1395 3621 1651 3675 mordens
1673 3662 1690 3689 ,
1727 3636 1826 3677 cett
1855 3623 2032 3690 pullus

453 3711 671 3780 quidam
723 3719 953 3766 tractatu
997 3709 1260 3776 difﬁcilis,
1315 3711 1367 3764 in
1409 3711 1729 3768 barathrum
1773 3713 2026 3782 proruit;

455 3817 666 3857 sessore
689 3803 871 3856 animo
898 3816 962 3856 ac
991 3810 1170 3858 mente
1189 3841 1204 3867 ,
1233 3802 1619 3859 vehementiori
1647 3805 1700 3859 in
1733 3805 2028 3876 nequitiam

452 3895 1084 3963 agitatione.superato:
1125 3895 1267 3962 quod
1311 3895 1498 3964 utique
1541 3896 1639 3952 hos
1667 3911 1885 3966 quoque
1921 3898 2030 3953 Eu-

460 3987 746 4041 nomianos
779 3986 1027 4042 factitare
1073 3987 1297 4042 videas:
1334 3988 1414 4042 sic
1451 3989 1594 4042 enim
1627 3988 1900 4044 lubentius
1935 4004 2031 4058 ap-

451 4077 735 4146 pellantur,
768 4094 927 4148 quam
971 4079 1176 4134 Christi
1223 4079 1506 4147 homines;
1537 4080 1628 4149 qui
1672 4079 1840 4134 Deum
1879 4081 2028 4136 blas-

449 4171 704 4238 phement
726 4211 740 4232 ,
777 4171 867 4225 Dei
899 4171 1144 4226 homines
1190 4171 1389 4239 probro
1417 4171 1667 4240 ;aﬂiciant
1699 4215 1714 4238 ,
1749 4175 2028 4244 magisque

452 4260 566 4314 loca
603 4270 943 4325 aversentttr,
977 4261 1172 4328 quibus
1200 4261 1373 4315 sancti
1424 4261 1809 4329 requiescunt,
1863 4277 2026 4332 quam

450 4351 615 4406 sobrii
651 4352 895 4408 homines
939 4351 1162 4416 altaria,
1195 4351 1534 4422 profanaque
1576 4368 1642 4408 ac
1686 4355 1888 4422 polluta
1920 4355 2028 4409 du:-

2137 1863 2259 1927 δοῦς
2289 1864 2626 1936 ἀξιούμενον,
2659 1866 2791 1920 διότι
2817 1867 3063 1938 γέννημα
3097 1864 3166 1939 ἦν
3206 1869 3458 1937 φιλοθέου
3487 1871 3715 1941 πατρός.

2137 1955 2385 2027 Σολομὼν
2423 1958 2480 2011 δέ
2513 1960 2660 2012 ἐστιν
2699 1952 2854 2024 οὗτος
2883 1961 2911 2012 6
2941 1961 3394 2032 πολυθρύλλητος·
3423 1962 3482 2025 ὃς
3529 1962 3718 2031 ἐπειδὴ

2137 2049 2416 2119 προϊόντος
2470 2051 2561 2104 τοῦ
2610 2052 2802 2122 χρόνου
2850 2052 2948 2106 οὐκ
2993 2049 3060 2123 ἦν
3093 2053 3202 2106 τῶν
3233 2053 3420 2106 παθῶν
3448 2054 3721 2124 αὐτοκρά-

2135 2159 2269 2213 τωρ,
2323 2141 2507 2206 δοῦλος
2568 2142 2620 2195 δὲ
2653 2143 2872 2212 μᾶλλον,
2943 2145 3038 2197 καὶ
3099 2145 3500 2216 ἀκρατέστερος
3565 2162 3720 2214 σωμσ-

2134 2232 2370 2304 εραστὴς
2402 2233 2489 2286 διὰ
2517 2226 2616 2303 τὴν
2645 2235 2973 2306 ἀπροσεξίαν
2989 2234 3082 2288 τοῦ
3121 2236 3256 2305 βίου,
3295 2236 3589 2307 μετέϐαλεν
3624 2250 3723 2290 καί.

2133 2323 2232 2395 τὴν
2259 2325 2516 2397 πατρῴαν
2543 2327 2844 2390 εὐσέϐειαν,
2871 2327 3064 2380 εἴδωλα
3098 2327 3390 2399 μορφώσας
3421 2327 3492 2381 τά
3523 2328 3620 2380 τοῦ
3640 2331 3721 2381 νό-

2138 2433 2238 2486 μου
2273 2417 2693 2488 προσκόμματα·
2727 2421 2861 2491 φησὶ
2894 2422 3029 2491 πρὸς
3050 2423 3210 2476 αὐτὸν
3241 2425 3270 2476 6
3297 2423 3449 2486 Θεός·
3478 2425 3721 2492 Ataﬁg‘ri-

2133 2524 2262 2564 σων
2286 2508 2580 2578 διαρῤήξω
2608 2511 2722 2580 τὴν
2748 2515 3078 2578 βασιλείαν
3106 2533 3243 2581 σου,
3277 2517 3375 2570 καί
3408 2516 3582 2570 δώσω
3608 2521 3716 2570 αἰν-

2131 2600 2247 2670 τὴν
2275 2600 2357 2666 τῷ
2389 2601 2586 2670 δούλῳ
2616 2620 2752 2659 σουο
2782 2607 2950 2675 πλὴν
2983 2608 3053 2661 ἐν
3081 2609 3208 2676 ταῖς
3236 2609 3480 2679 ἡμέραις
3507 2613 3720 2663 σουοὐ

2132 2691 2367 2763 ποιήσω
2426 2693 2613 2750 ταῦτα
2664 2695 2761 2752 διὰ
2815 2699 2992 2753 Δαϐὶδ
3037 2701 3144 2754 τὸν
3194 2701 3418 2768 πατέρα
3461 2717 3601 2758 σου·
3645 2705 3717 2756 ἐκ

2136 2788 2338 2857 χειρὸς
2398 2789 2506 2842 τοῦ
2563 2790 2697 2844 υἱοῦ
2761 2807 2876 2845 σου
2937 2792 3208 2863 λήψομαι
3264 2795 3472 2860 αὐτὴν.
3530 2796 3719 2849 Ταῦτα

2132 2878 2280 2946 ἡμᾶς
2317 2878 2351 2948 ἡ
2386 2879 2596 2948 ἱστορία
2645 2880 2909 2934 παιδεύειο
2945 2881 3182 2936 διδάσκει
3218 2884 3273 2938 δὲ
3317 2886 3409 2939 καὶ
3446 2885 3558 2956 ᾠδὴ
3605 2887 3719 2939 τῶν

2134 2968 2379 3039 Ψαλμῶν
2407 2969 2474 3023 τὰ
2503 2971 2679 3040 ὅμοια·
2711 2971 3007 3041 Νεώτερος
3054 2975 3236 3044 ἤμην’
3290 2978 3387 3030 καὶ
3424 2979 3533 3047 γὰρ
3572 2979 3716 3048 ἐγή-

2059 3103 2102 3161 C
2127 3075 2310 3129 ρασα·
2343 3061 2442 3116 καὶ
2476 3065 2588 3116 οὐκ
2613 3060 2777 3118 εἶδον
2809 3064 3044 3135 δίκαιον
3075 3068 3716 3140 ἐγκαταλελειμμένον,

2135 3151 2276 3206 οὐδὲ
2301 3152 2366 3206 τὸ
2400 3154 2637 3224 σπέρμα
2665 3156 2852 3210 αὐτοῦ
2879 3156 3093 3225 ζητοῦν
3123 3159 3358 3225 ἄρτους.

2216 3246 2376 3312 Ἀλλ’,
2491 3249 2689 3314 ἔοικεν,
2723 3251 2941 3304 ἐπειδὰν
2981 3251 3127 3318 ἅπαξ
3152 3251 3297 3322 ψυχὴ
3326 3253 3424 3322 τῆς
3453 3252 3718 3323 ἀληθείας

2133 3341 2630 3413 καταθρασύνηται,
2688 3344 2784 3396 καὶ
2837 3344 2931 3398 τοῦ
3001 3349 3340 3417 καινοτομεῖν
3388 3345 3716 3417 ἐκπλήκτως

2135 3433 2258 3486 ἀντὶ
2281 3433 2376 3486 τοῦ
2413 3434 2512 3505 ζῇν
2540 3437 2597 3488 ἐν
2617 3435 2768 3502 τάξει
2803 3436 3187 3507 προϐέϐληται,
3212 3438 3367 3490 οὐδὲν
3395 3438 3562 3508 αὐτὴν
3597 3441 3717 3492 ἐπι-

2135 3525 2388 3596 στρέφειν
2413 3528 2594 3581 ἱκανὸν
2619 3530 2700 3592 εἱς
2719 3529 2818 3600 τὴν
2852 3529 3066 3582 εὐθεῖαν
3096 3530 3190 3582 καὶ
3213 3529 3554 3601 τεταγμένην
3574 3530 3713 3583 ὀδόνο

2133 3615 2428 3669 ἐνδακοῦσα
2465 3616 2522 3670 δέ
2549 3617 2640 3671 τὸν
2666 3618 2898 3688 χαλινὸν,
2927 3619 3114 3690 ὥσπερ
3145 3636 3230 3682 τις
3259 3619 3439 3682 πῶλος
3467 3619 3717 3691 δυσήνιος

2133 3701 2358 3778 φέρεται
2408 3709 2545 3782 πρὸς
2601 3710 2662 3762 τὸ
2711 3710 3004 3782 βάραθρον,
3054 3713 3263 3766 νικῶσα
3297 3712 3390 3765 τὸν
3434 3712 3714 3781 ἀναϐάτην

2132 3798 2256 3852 νοῦν
2285 3802 2352 3870 τῇ
2379 3800 2515 3871 πρὸς
2545 3801 2644 3872 τὴν
2679 3802 2878 3855 κακίαν
2907 3805 3072 3874 ὁρμῇο
3105 3802 3296 3870 ὥσπερ
3345 3801 3409 3872 δὴ
3457 3802 3552 3855 καὶ
3588 3803 3716 3864 τοὺς

2131 3890 2500 3962 Εὐνομιανούς
2538 3892 2761 3958 τούτους
2790 3893 2936 3948 ἐστιν
2971 3894 3117 3948 ἱδέῖν.
3143 3894 3328 3956 Οὐτως
3361 3893 3470 3964 γὰρ
3499 3892 3714 3962 φιλοῦσι,

2130 3984 2412 4038 καλεῖσθαι
2463 3985 2682 4056 μᾶλλον,
2736 3987 2768 4058 ἢ
2823 3985 2917 4040 τοῦ
2969 3985 3203 4057 Χριστοῦ
3245 3985 3540 4055 ἄνθρωποι,
3583 3987 3713 4036 Θεὸν

2133 4077 2600 4149 βλασφημοῦντες,
2635 4080 2761 4143 τοὺς
2793 4077 3106 4150 ἀνθρώπους
3132 4077 3224 4131 τοῦ
3251 4077 3385 4130 Θεοῦ
3416 4076 3712 4146 ἀτιμάζον-

2127 4187 2239 4238 τες,
2277 4170 2478 4241 μάλλον
2501 4171 2558 4224 δέ
2587 4173 2972 4241 ἐντρεπόμενοι
3003 4171 3100 4234 τὰς
3124 4169 3232 4223 τῶν
3265 4171 3434 4238 ἀγίων
3466 4169 3712 4221 ἀναπαύο

2132 4279 2264 4326 σεις,
2299 4262 2333 4331 ἢ
2361 4263 2408 4316 οἱ
2441 4263 2843 4334 σωφρονοῦντες
2884 4265 3010 4327 τούς
3035 4262 3380 4334 βωμοὺς,κα⁴ι
3403 4263 3528 4324 τούς
3553 4262 3709 4331 βεϐή-

2129 4353 2254 4417 λους
2283 4357 2378 4408 καὶ
2407 4348 2532 4419 τούς
2573 4356 2982 4426 μεμιασμένους
3025 4357 3134 4408 τῶν
3168 4356 3368 4408 τόπων.
3423 4355 3628 4426 Ἐχρῆν
3657 4355 3708 4406 δὲ

451 4457 666 4496 monum
719 4443 890 4498 sacris
957 4443 1097 4498 loca.
1139 4441 1307 4497 Porro
1341 4459 1438 4512 par
1477 4453 1636 4510 erat,
1666 4455 1724 4499 ut
1751 4447 1842 4515 qui
1878 4447 2025 4516 ejus-

2138 4445 2253 4508 τούς
2312 4444 2407 4516 τῆς
2447 4446 2705 4509 ἀπονοίας
2750 4446 2987 4508 ἐκείνους
3026 4445 3292 4517 ἀσκητὰς,
3344 4447 3438 4500 καὶ
3476 4445 3536 4498 τὸ
3573 4446 3708 4499 κατὰ

448 4533 590 4589 modi
648 4535 934 4589 dementize
985 4534 1238 4600 student,
1296 4535 1496 4605 quique
1551 4539 1910 4593 temeritatem
1967 4539 2019 4592 in

447 4638 636 4678 omnes
665 4625 879 4678 virtutis
913 4624 1032 4680 loco
1079 4625 1311 4692 habent,
1345 4625 1427 4680 vel
1473 4626 1664 4681 saltem
1710 4628 2018 4683 daemonum

447 4726 825 4769 revererentur
847 4730 1005 4770 voces
1023 4755 1040 4780 ,
1067 4715 1209 4770 clara
1232 4718 1407 4787 palam
1433 4735 1564 4773 voce
1583 4721 2014 4775 contestantium

445 4807 698 4860 virtutem
757 4816 1103 4878 mirtyrum;
1162 4824 1224 4862 ac
1277 4824 1546 4878 quemque
1601 4810 1816 4864 illorum
1873 4811 2019 4864 velut

444 4912 764 4968 praesentem
788 4940 805 4963 ,
843 4908 1003 4968 atque
1036 4914 1128 4954 eos
1168 4900 1236 4954 ab
1265 4902 1504 4956 obsessis
1549 4901 1858 4957 hominibus
1901 4903 2020 4957 abi-

443 4999 656 5056 gentem
687 4999 850 5058 atque
875 4989 1182 5060 fugautem,
1211 5004 1278 5044 ex
1306 4990 1522 5044 nomine
1553 4989 2016 5058 compellantiutn.

443 5083 570 5137 Sive
601 5091 782 5136 autem
827 5081 948 5149 quis
994 5096 1056 5134 ea
1091 5081 1218 5136 velit
1254 5073 1512 5135 adversus
1555 5081 1865 5136 immundos
1909 5082 2021 5149 spi-

444 5173 578 5226 titus
625 5183 881 5242 praestare
935 5173 1151 5242 pietatis
1185 5171 1504 5227 athletarum
1553 5175 1868 5243 exercitus,
1907 5177 2022 5230 sive

441 5260 700 5330 angelos,
757 5263 848 5330 qui
901 5264 968 5316 ad
1017 5262 1352 5331 eorunt,qui
1405 5267 1590 5332 requie
1620 5263 1805 5318 donati
1857 5274 2017 5328 sunt,

442 5354 702 5407 honorem
763 5354 933 5409 sacris
969 5369 1168 5409 eorum
1213 5355 1449 5409 delubris
1513 5356 1820 5421 assideant,
1879 5357 2014 5410 nihil

443 5443 686 5497 interest.
717 5440 848 5495 Nam
881 5442 1139 5512 quidquid
1177 5441 1408 5504 dicatur.
1449 5445 1517 5497 ad
1549 5458 1735 5498 eorum
1782 5445 2008 5516 gloriam

439 5543 553 5599 est,
587 5533 680 5604 qui
708 5533 913 5592 Christi
941 5543 1104 5592 causa
1147 5545 1321 5591 morte
1363 5543 1489 5591 sunt
1528 5535 1788 5593 defuncti.
1841 5535 2014 5593 Porro

511 5647 557 5678 “
587 5646 761 5727 proli.
796 5665 988 5727 xx_xrt,_
1013 5649 1102 5727 η,
1133 5650 1218 5727 ἰᾷ.
1296 5651 1340 5684 ³⁵
1383 5649 1446 5704 lll
1477 5650 1608 5723 Reg.
1645 5666 1699 5708 χι
1727 5655 1848 5721 .ll,
1887 5655 1976 5712 12.
2053 5657 2097 5690 ⁸⁸
2135 5657 2278 5714 Psal.
2318 5676 2480 5716 xxxvi
2507 5701 2522 5727 ,
2555 5662 2643 5717 ‘25.

440 5719 753 5790 πρεσϐείας,
793 5721 872 5776 vel
901 5723 1028 5793 quid
1059 5722 1254 5778 simile.

2131 4535 2348 4589 πάντων
2370 4533 2568 4605 θράσος
2593 4536 2796 4607 ἀρετὴν
2819 4536 3159 4606 νομίζοντας,
3183 4536 3280 4599 τὰς
3304 4536 3432 4606 γοῦν
3461 4536 3574 4588 τῶν
3600 4537 3707 4588 δαι-

2135 4627 2309 4696 μόνων
2354 4627 2664 4698 αἱδεσθῆναι
2711 4629 2916 4699 φωνὰς,
2975 4629 3285 4700 κραζόντων
3326 4630 3417 4682 καὶ
3464 4629 3707 4700 βοώντων

2131 4715 2398 4789 λαμπρῶς
2445 4718 2556 4772 τῶν
2601 4720 2895 4792 μαρτύρων
2927 4721 3025 4792 τὴν
3061 4721 3309 4793 δύναμιν,
3349 4724 3443 4775 καὶ
3482 4723 3704 4794 ὀνόμασι

2132 4809 2440 4862 καλούντων
2485 4810 2734 4876 ἕκαστον,
2761 4813 2838 4875 ώς
2877 4812 3226 4884 παρεστῶτα,
3265 4813 3357 4866 καὶ
3384 4814 3706 4866 ἀπελαύνον-

2130 4917 2218 4964 τα,
2256 4901 2348 4954 καὶ
2375 4903 2745 4972 φυγαδεύοντα
2775 4905 2884 4958 τῶν
2911 4906 3358 4976 τυραννουμένων
3384 4905 3702 4974 ἀνθρώπων.

2128 4993 2251 5044 Εἴτε
2293 4993 2351 5046 δέ
2385 4994 2454 5047 τὰ
2494 4997 2812 5066 συστήματα
2844 4997 2954 5049 τῶν
2997 4997 3247 5068 ἀθλητῶν
3293 4998 3393 5068 τῆς
3426 4998 3704 5057 εὐσεϐείας

2127 5083 2302 5138 ἐθέλοι
2335 5102 2419 5149 τις
2441 5087 2684 5156 ἐνεργεῖν
2706 5089 2846 5142 κατά
2872 5090 2980 5141 τῶν
3002 5089 3325 5161 ἀκαθάρτων
3361 5091 3698 5159 πνευμάτων,

2127 5175 2236 5227 είτε
2291 5176 2558 5246 ἀγγέλους
2609 5180 2689 5242 εἱς
2725 5179 2888 5251 τιμὴν
2915 5180 3024 5234 τῶν
3054 5181 3525 5250 ἀναπεπαυμένων
3570 5198 3702 5251 παρ-

2127 5265 2445 5337 εδρεύοντας
2475 5273 2587 5333 τοῖς
2619 5271 2792 5339 ἁγίοις
2818 5276 3026 5345 σηκοῖς,
3061 5275 3211 5327 οὐδὲν
3231 5273 3493 5344 διαφέρει”
3522 5273 3701 5326 ὁπότε-

2131 5374 2221 5428 ρον
2253 5357 2360 5430 γὰρ
2391 5359 2456 5413 ἀν
2479 5361 2724 5431 λέγηται,
2754 5361 2880 5426 δόξα
2909 5364 3017 5418 τῶν
3054 5365 3193 5432 ὑπὲρ
3227 5366 3326 5434 τῆς
3365 5367 3444 5426 εἰς
3473 5363 3694 5434 Χριστῑν

2125 5452 2347 5523 ἀγάπης
2388 5455 2504 5507 ἔστὶ
2534 5454 2830 5509 παθόντων.
2863 5455 3133 5526 Πρόδηλον
3168 5455 3225 5509 δὲ
3269 5457 3540 5525 φαίνονται
3569 5447 3692 5497 καθ-

2125 5544 2340 5616 ημέραν
2369 5547 2422 5599 αἱ
2456 5547 2562 5600 τῶν
2593 5549 2886 5621 μαρτύρων
2920 5548 3250 5620 εὐεργεσίαι,
3277 5549 3426 5602 ἄλλαι
3451 5556 3510 5592 τε
3543 5538 3690 5592 ἄλλαι

2749 5664 2792 5696 οἵ
2839 5661 2976 5736 Lege
3007 5661 3217 5716 ἱκετῶν.
3331 5654 3378 5686 ⁸⁸
3411 5653 3500 5708 ισ.
3535 5655 3687 5708 λείπ.
