3820 6322
156 306 259 363 833

1092 294 1404 353 .HOMIUA
1449 292 1544 351 XI.
1587 294 1654 352 IN
1694 292 1979 351 LAUDEM
2013 294 2074 352 S.
2111 292 2493 351 EUPIIEMIE

3292 354 3295 355 ν
3339 296 3448 356 554

157 422 246 477 καὶ
262 419 617 492 διαφέροντες
638 415 800 489 (49⁸),
821 416 879 469 αἳ
898 412 1008 469 τῶν
1030 414 1336 468 σατανικῶν
1362 411 1755 485 ἐνεργημάτων

1883 411 2040 466 talam
2088 411 2332 482 quotidie
2369 410 2624 474 elucent,
2676 407 2778 464 alia
2810 409 3025 481 alisque
3051 449 3067 470 .
3114 423 3180 467 ac
3222 412 3441 467 diversa

158 509 502 580 ἐλευθεροῦσι
544 509 674 572 τοὺς
718 506 1093 579 παραφόρους.
1129 505 1194 558 Oi
1226 504 1336 576 γὰρ
1369 501 1749 566 ὑλακτοῦντες,

157 601 246 655 καὶ
272 582 389 661 τοῖς
415 598 733 670 άδιηγήτοις
763 596 864 667 τῆς
898 596 1096 667 μανίας
1122 593 1254 648 ποτὲ
1280 596 1472 658 κακοῖς
1496 593 1743 663 ἐνεχόμε-

158 709 253 756 νοι,
286 691 386 745 νῦν
433 689 844 763 σωφρονοῦντες
899 688 1161 761 ὁρῶνται,
1189 687 1284 741 καὶ
1325 687 1424 757 τῆς
1453 684 1750 756 πρεσϐείας

158 783 261 838 τῶν
287 783 463 852 ἁγίων
493 783 597 854 τὴν
629 779 943 854 παρρησίαν
980 779 1110 850 παρ’
1133 777 1312 832 αὐτῶν
1337 776 1608 847 βλέπομεν
1642 774 1750 829 τῶν

158 877 501 951 πραγμάτων
539 872 1018 948 μαρτυρουμένην.
1054 870 1164 926 Καὶ
1191 871 1381 943 ὥσπερ
1407 872 1507 943 τῆς
1529 870 1622 925 τοῦ
1645 871 1754 924 Σω-

159 969 315 1040 τῆρος
344 968 510 1039 ἡμῶν
534 966 823 1038 δυνάμεως
850 963 1199 1037 ἀναμφίδολα
1221 963 1489 1033 δείγματα
1514 964 1572 1017 ἐν
1599 963 1753 1035 μέσῳ

157 1059 260 1112 τῶν
296 1058 576 1131 Ἑϐραίων
600 1056 1011 1128 περιενόστουν,
1038 1056 1171 1109 οἵτε
1192 1054 1293 1125 τῆς
1326 1054 1533 1125 λέπρας
1559 1052 1755 1119 ἀποξε-

164 1150 399 1214 σθέντες,
428 1151 525 1204 καὶ
553 1151 606 1203 οἱ
637 1149 736 1213 τὰς
768 1147 918 1218 ὄψεις
948 1146 1191 1210 ἰαθὲντες
1218 1144 1428 1213 τυφλοὶ,
1460 1143 1554 1199 καὶ
1592 1145 1646 1197 ετ
1669 1161 1754 1207 τις

164 1242 531 1313 παραλυτικὸς
581 1242 680 1305 τὰς
726 1240 837 1294 τῶν
884 1238 1062 1311 μελῶν
1105 1236 1371 1309 ἁρμονίας
1418 1235 1755 1307 δυναμωθεὶς

162 1332 456 1397 ἀκωλύτως
506 1332 776 1397 ἐϐάδιζεν·
825 1330 1000 1393 οὕτως
1033 1331 1129 1384 καὶ
1166 1329 1263 1383 νῦν
1309 1330 1358 1382 οἱ
1394 1328 1484 1383 τὸν
1519 1327 1753 1400 σταυρὸν

162 1424 297 1493 bdo
325 1421 426 1475 τοῦ
464 1420 871 1492 σταυρωθέντος
911 1420 1302 1492 βαστάσαντες,
1333 1419 1434 1489 τῆς
1481 1417 1635 1491 παρὰ
1661 1416 1766 1471 τοῦ

164 1515 435 1569 Δεσπὸτου
474 1517 701 1585 χάριτος
733 1517 985 1586 ἐναργεῖς
1016 1515 1116 1578 τὰς
1153 1512 1455 1578 ἀποδείξεις
1485 1511 1755 1583 παρέχον-

164 1626 271 1674 ται,
303 1608 572 1672 ποικίλως
597 1609 690 1661 καὶ
715 1607 985 1679 διαφόρως
1011 1607 1139 1670 τοὺς
1171 1606 1365 1670 πόνους
1395 1605 1504 1659 τῶν
1537 1602 1756 1675 ὁμοδού-

1862 511 2160 573 martyrum
2193 501 2457 557 beneﬁcia
2478 540 2495 567 ,
2524 500 2725 572 quibus
2771 502 2915 557 male
2949 515 2982 556 a
3032 502 3235 559 Satana
3262 503 3449 558 vexati

1859 593 2179 650 liberentur.
2217 594 2319 663 Qui
2347 595 2493 650 enim
2524 609 2701 665 nuper
2731 609 2881 650 more
2912 609 3108 650 canum
3135 595 3411 651 latrabant
3430 639 3447 660 ,

1861 700 1927 742 ac
1957 686 2232 755 quondam
2263 685 2741 753 inexplicabilibus
2775 687 3099 743 tenebantur
3125 686 3328 743 furoris
3357 700 3451 741 no-

1861 780 1979 846 xis,
2017 793 2161 835 nunc
2191 778 2361 834 sobrii
2396 793 2460 833 ac
2505 779 2621 833 sani
2667 778 2948 843 videntur,
2996 780 3237 850 ipsisque
3284 779 3448 836 rebus

1859 879 2159 940 martyrum
2193 869 2605 926 intercessionis
2641 870 2893 926 ﬁduciam
2931 880 3097 943 atque
3125 873 3232 926 vim
3270 879 3445 925 testa-

1861 969 1973 1018 tam
2017 960 2287 1018 universis
2329 962 2735 1032 aspectantibus
2779 961 3009 1017 faciunt.
3060 961 3213 1018 Sicut
3262 972 3446 1017 autem

1864 1061 2169 1118 Salvatoris
2199 1060 2371 1118 nostri
2397 1060 2658 1132 potentia:
2689 1060 2993 1116 indubitata
3038 1069 3361 1131 argumenta
3392 1059 3446 1114 in

1866 1155 2046 1210 medio
2073 1153 2427 1210 Hebraorum
2460 1152 2655 1222 populo
2679 1153 3101 1208 obambulabant
3121 1194 3137 1218 ,
3169 1161 3280 1207 tum
3310 1166 3450 1222 quos

1864 1249 2012 1319 lepra
2048 1248 2362 1304 mandasset
2386 1282 2402 1312 ,
2433 1256 2546 1301 tum
2574 1247 2702 1303 caeci
2728 1247 2926 1316 quibus
2949 1249 3198 1302 sanassct
3223 1245 3444 1310 oculos,

1866 1352 1977 1398 tum
2004 1341 2050 1397 si
2078 1343 2199 1411 quis
2225 1342 2558 1412 paralytieus
2582 1339 2870 1395 obﬁrmata
2903 1339 3272 1394 membrorum
3304 1352 3447 1395 com-

1866 1449 2032 1504 page,
2064 1433 2210 1489 nullo
2240 1432 2629 1503 impedimento
2664 1430 2975 1486 ambulabat
3002 1448 3017 1485 :
3052 1431 3132 1487 sic
3163 1441 3219 1485 ct
3249 1431 3446 1495 modo,

1861 1527 1954 1597 qui
1983 1540 2203 1582 crucem
2238 1524 2486 1580 crucillxi
2517 1522 2816 1579 Salvatoris
2844 1537 3007 1578 causa
3056 1532 3409 1593 portaverunt
3430 1564 3446 1589 ,

1863 1617 1988 1689 eius
2033 1632 2195 1688 quam
2240 1632 2271 1671 a
2315 1618 2542 1673 Domino
2573 1626 2894 1687 receperunt
2935 1616 3122 1686 gratiae
3161 1615 3448 1686 perspicua

165 1701 268 1755 λων
301 1703 549 1774 ἰώμενοι.
582 1703 694 1756 Καὶ
733 1700 946 1764 Παῦλος
979 1700 1100 1771 μὲν,
1152 1700 1248 1753 καὶ
1279 1699 1504 1769 Πέτρος,
1567 1699 1597 1751 ὀ
1660 1696 1757 1768 μὲν

1883 1712 2191 1768 locumenta
2227 1710 2510 1781 praebent,
2543 1708 2711 1764 variis
2746 1722 2813 1764 ac
2838 1706 3067 1763 diversis
3099 1708 3271 1763 modis
3315 1721 3450 1762 con-

166 1791 359 1858 δώξας
374 1793 438 1846 τὸ
454 1792 551 1846 τοῦ
568 1792 825 1856 Πύθωνος
860 1790 1156 1863 δαιμόνιον,
1178 1794 1207 1845 ὁ
1221 1791 1279 1845 δὲ
1306 1791 1399 1844 τὸν
1423 1789 1593 1861 χωλὸν
1622 1791 1749 1844 άναο

1883 1817 2159 1858 servorum
2194 1803 2413 1857 morbos
2444 1809 2720 1858 curantes.
2754 1801 2835 1857 Ac
2862 1800 3082 1871 quidem
3123 1798 3321 1855 Paulus
3352 1797 3453 1854 Pe-

170 1886 371 1956 στήσας
394 1885 507 1939 τῶν
540 1884 636 1938 τοῦ
665 1884 797 1939 ναοῦ
832 1883 1204 1956 προπυλαίων,
1234 1883 1299 1936 ὲκ
1322 1881 1641 1956 πρακτικῶν
1669 1882 1762 1935 δυ-

169 1978 388 2048 νάμεων
430 1977 719 2049 Ἐϐραίους
762 1977 858 2031 καὶ
887 1976 1156 2048 Ἕλληνας
1202 1975 1340 2048 πρὸς
1371 1974 1471 2046 τὴν
1511 1972 1760 2046 ὑπακοὴν

169 2070 259 2123 τοῦ
292 2070 637 2139 Εὐαγγελίου
671 2070 1035 2142 ἐπέστρεψαν·
1085 2067 1379 2141 αἱρετικῶν
1433 2068 1491 2122 δὲ
1523 2067 1762 2140 ’πονηρὸν

172 2160 481 2231 σύνταγμα,
511 2159 621 2215 τῶν
644 2160 741 2214 νῦν
772 2160 958 2225 κακῶς
986 2160 1340 2231 διοχλούντων
1362 2159 1459 2232 τὴν
1490 2159 1761 2232 ἡμετέραν

171 2252 334 2323 ζωὴν,
369 2252 496 2306 οὐδὲ
539 2254 609 2324 τῇ
652 2252 1025 2327 μεγαλουργίᾳ
1066 2252 1176 2306 τῶν
1204 2251 1498 2322 θαυμάτων
1534 2252 1762 2306 αἰδεῖται

171 2347 293 2410 coit;
356 2347 668 2419 μάρτυρας·
716 2345 1050 2417 πολυάνδρια
1089 2345 1273 2400 δὲκαὶ
1299 2345 1505 2415 τάφους
1533 2344 1631 2409 τὰς
1672 2361 1760 2399 κου

175 2441 403 2509 σμήσειε
438 2438 623 2493 αὐτῶν
664 2437 1015 2508 ὀνομάζουσι,
1049 2437 1145 2490 καὶ
1180 2437 1281 2501 τὰς
1315 2437 1555 2501 εἰσόδους
1591 2437 1763 2501 αὑτάς

176 2531 247 2596 ὡς
313 2533 592 2603 μιάσματι
651 2530 1123 2603 προστριδομένας
1194 2531 1577 2601 μυσάττονται,
1642 2530 1763 2584 οὐδὲ

178 2626 377 2678 ἐκείνου
407 2624 506 2678 τοῦ
534 2623 828 2678 Θεσπεσίου
845 2624 1024 2692 λογίου
1048 2622 1141 2678 τοῦ
1165 2623 1315 2695 παρὰ
1341 2623 1542 2688 παντὸς
1569 2624 1764 2696 ᾁδομέ-

177 2734 263 2771 νου
305 2720 577 2790 στόματος
607 2716 1059 2789 μνημονεύοντες,
1090 2717 1173 2771 ὅτι
1194 2735 1208 2748 ·
1244 2718 1440 2787 Τίμιος
1480 2718 1766 2773 ἐναντίον

178 2809 393 2877 Kvplov
439 2811 476 2862 ό
530 2808 791 2873 θάνατος
830 2806 949 2861 τῶν
979 2808 1166 2867 ὁσίων
1209 2806 1421 2862 αὐτοῦ.
1458 2807 1764 2879 Εὑξώμεθα

178 2899 351 2952 τοίνυν
380 2898 522 2970 Θεῷ,
555 2899 1033 2970 παρακαλέσωμεν
1070 2898 1127 2952 δὲ
1172 2899 1477 2970 μάρτυρας,
1511 2900 1601 2954 τὸν
1651 2918 1766 2955 κοι-

180 2989 261 3042 νὸν
288 2991 617 3061 δυσωπῆσαι
650 2992 950 3063 Δεσπότην,
995 2992 1081 3045 ἴνα
1111 2991 1237 3064 δοθῇ
1273 2991 1491 3064 πνεῦμα
1531 2994 1767 3048 κατανύο

1865 1905 2089 1966 trusque
2116 1911 2133 1961 ;
2165 1895 2257 1950 ille
2290 1895 2507 1965 quidem
2539 1908 2663 1949 cum
2694 1893 2945 1964 eiecisset
2973 1892 3220 1964 spiritum
3253 1891 3452 1962 Pytho-

1863 2001 1986 2043 nem
2017 1988 2064 2021 ⁸⁸
2091 2003 2108 2053 ;
2147 1988 2237 2042 hic
2262 1995 2441 2043 autem
2461 2025 2477 2051 ,
2508 1985 2759 2041 claudum
2793 1986 2943 2041 illum
2978 1985 3032 2039 in
3061 1982 3246 2054 templi
3281 1983 3451 2038 vesti-

1863 2080 1989 2136 bulo
2013 2079 2286 2149 iacentem
2310 2079 2572 2135 erexisset
2596 2078 2666 2146 ⁸ο,
2689 2074 3448 2151 ejuscemodimiraculorum

1867 2174 2133 2245 potentia,
2159 2173 2416 2229 Hebraeos
2441 2171 2780 2243 gentilesque
2806 2173 2873 2226 ad
2898 2169 3256 2227 obediendum
3280 2168 3453 2223 Evan-

1863 2267 2005 2338 gelio
2028 2273 2411 2322 converterunt
2442 2283 2455 2319 :
2485 2273 2542 2319 at
2568 2264 2768 2319 malum
2795 2264 3173 2319 luereticorum
3217 2276 3409 2333 agmen
3431 2301 3448 2324 ,

1863 2360 1954 2430 qui
2004 2367 2249 2414 nostrum
2305 2358 2409 2412 hoc
2467 2356 2723 2411 saeculum
2789 2356 2927 2409 uitale
2984 2357 3237 2418 turbant,
3291 2369 3359 2408 ne
3416 2368 3450 2407 a

1866 2465 2046 2505 rerum
2074 2448 2293 2519 quidem
2321 2461 2386 2503 ac
2412 2444 2799 2502 miraculorum
2834 2445 3146 2516 prrestantia
3186 2450 3453 2514 martyres

1866 2550 2150 2597 reveretur
2177 2557 2192 2595 :
2225 2549 2423 2596 vocant
2451 2552 2584 2593 vero
2612 2552 2801 2594 eorum
2830 2537 3145 2594 cmmeteria
3164 2576 3179 2602 ,
3207 2537 3348 2591 nuda
3383 2550 3451 2591 ac

1866 2632 2091 2705 profana
2128 2647 2262 2689 voce
2309 2630 2664 2704 πολυάνδρια,
2691 2645 2755 2686 ac
2810 2630 3054 2700 sepulcra
3100 2628 3451 2685 communia?

1868 2728 2095 2797 ipsaque
2123 2725 2395 2781 vestibula
2425 2734 2683 2795 tanquam
2714 2722 2927 2794 polluta
2958 2721 3267 2791 infectaque
3293 2734 3455 2776 exse-

1866 2830 2130 2887 crantur;
2163 2834 2262 2874 nec
2290 2820 2661 2874 meminerunt
2709 2818 2875 2874 divini
2923 2817 3067 2873 illius
3114 2816 3322 2871 oraculi
3359 2829 3457 2871 ore

1864 2911 2106 2964 omnium
2127 2909 2385 2965 celebrati
2412 2927 2426 2963 :
2456 2910 2694 2963 Pretiosa
2716 2909 2769 2962 in
2788 2915 3065 2977 conspectu
3082 2906 3294 2961 Domini
3314 2920 3455 2960 mors

1866 3008 2171 3057 sanctorum
2197 3001 2313 3070 ejus
2350 3000 2421 3054 ἰ.
2458 2998 2648 3071 Itaque
2692 3013 2977 3071 precemur
3017 2999 3224 3064 Deum;
3266 2997 3361 3054 sed
3402 3008 3458 3052 et

181 3080 310 3147 ξεως
373 3086 488 3147 τοῖς
544 3082 700 3155 παρὰ
755 3083 854 3154 τῆς
900 3085 1184 3156 αἰρετικῆς
1238 3083 1446 3156 πλάνης
1512 3086 1766 3165 ἐνεργου-

1883 3106 2145 3166 martyres
2183 3093 2563 3159 Obsecremus,
2596 3100 2711 3145 uta
2764 3091 3035 3147 communi
3086 3089 3316 3145 Domino
3360 3089 3458 3145 im-

186 3173 384 3243 μένοις,
436 3174 696 3247 λυθείσης
756 3176 812 3229 δὲ
865 3177 972 3247 τῆς
1019 3176 1323 3247 διχονοίας,
1384 3178 1573 3248 ὥσπερ
1605 3194 1765 3248 μεσο-

183 3267 360 3337 τοίχου
417 3269 564 3331 τινὸς
609 3270 644 3341 ἢ
692 3269 971 3340 φραγμοῦ,
1007 3272 1088 3334 εἰς
1137 3270 1433 3341 ἀδελφικὴν
1477 3272 1528 3324 οἱ
1568 3272 1768 3336 πάντες

187 3363 527 3434 συνέλθωμεν
574 3364 791 3417 ἕνωσιν·
849 3367 907 3418 ἐν
945 3364 1168 3435 Χριστῷ
1228 3364 1403 3435 Ἰησοῦ
1448 3365 1527 3436 τῷ
1574 3364 1767 3439 Κυρίῳ

186 3457 365 3529 ημῶν,
397 3449 441 3526 ᾧ
472 3458 678 3528 πρέπει
706 3459 741 3529 ἡ
768 3456 897 3522 δόξα
928 3459 1009 3521 εἰς
1035 3458 1163 3518 τοὺς
1196 3457 1420 3522 αἰῶνας.
1466 3458 1660 3530 Ἀμήν.

920 3638 1022 3691 1Δ’.

251 3731 361 3794 Εἰς
398 3729 727 3799 μαρτύριον
777 3727 888 3794 τῆς
935 3727 1336 3797 πανευφήμου
1391 3728 1697 3799 μάρτυρος

615 3801 659 3852 Ε
668 3800 930 3868 bynu/ur;
971 3799 1289 3868 ἕκφρασις.

254 3889 452 3961 Πρῶην
466 3890 592 3962 μὲν,
631 3884 678 3943 ὧ
706 3889 922 3962 ἄνδρες,
945 3874 1305 3963 ’Δημοσθένην
1336 3889 1474 3963 ἔχων
1512 3893 1571 3945 ὲν
1610 3895 1768 3965 χερσὶ

190 3981 276 4036 τὸν
297 3983 486 4049 δεινὸν,
519 3982 616 4037 καὶ
644 3981 1020 4053 Δημοσθένους
1049 3983 1254 4048 ἐκεῖνα,
1289 3983 1417 4036 ἔνθα
1453 3983 1517 4055 δὴ
1552 3983 1644 4038 τὸν
1676 3985 1772 4037 Αί-

194 4076 373 4148 σχίνην
399 4078 620 4147 πικροῖς
656 4074 841 4145 βάλλει
873 4077 986 4139 τοῖς
1012 4075 1415 4147 ἐνθυμήμασιν·
1447 4075 1768 4148 ἐγχρονίσας

193 4168 245 4221 δὲ
273 4168 350 4240 τῷ
374 4170 544 4241 λόγῳ,
587 4168 681 4223 καί⁵
717 4168 1022 4233 πυκνωθεὶς
1068 4168 1164 4240 τὴν
1209 4167 1477 4231 διάνοιαν,
1531 4168 1772 4231 ἀνέσεως

195 4262 412 4335 ἐδεόμην
453 4262 551 4318 καὶ
600 4263 929 4336 περιπάτου,
968 4259 1107 4316 ὥστε
1158 4279 1251 4332 μοι
1300 4260 1529 4334 λυθῆναι
1574 4262 1773 4333 μικρὸν

194 4358 288 4431 τῆς
318 4358 495 4431 ψυχῆς
532 4358 597 4412 τὸ
640 4357 989 4429 πονούμενον.
1021 4354 1307 4427 Προελθὼν
1346 4351 1404 4408 δὲ
1451 4353 1547 4409 τοῦ
1587 4353 1776 4426 δωμα-

195 4450 326 4517 τίου,
364 4453 458 4507 καὶ
481 4451 644 4521 ὀλίγα
674 4453 787 4515 τοῖς
814 4448 1113 4521 γνωρίμοις
1147 4446 1484 4518 συμϐαδίσας
1520 4448 1608 4501 ἐπ’
1642 4447 1779 4516 ἁγο-

264 4591 310 4623 ⁶⁹
341 4590 460 4644 Act.
497 4603 616 4654 κεί,
654 4585 722 4641 16
743 4600 864 4655 sqq.
942 4583 989 4615 '°
1026 4584 1148 4639 Act.
1184 4598 1279 4647 ut,
1308 4581 1346 4636 2
1374 4596 1495 4653 sqq.

287 4731 395 4800 ω’)
422 4725 915 4800 Masculinu_m_pro
945 4721 1225 4800 feminino.
1263 4723 1696 4800 Eutral’araom

267 4793 491 4873 (mis;
538 4796 737 4873 duplici
791 4793 925 4873 Reg.
967 4794 1163 4849 collata
1210 4794 1543 4873 cumeditis
1593 4796 1668 4873 in_
1698 4811 1769 4849 vn

203 4863 415 4946 synodo,
446 4878 551 4946 act.
606 4863 657 4946 4,
713 4863 891 4946 ξ’θιθείό
932 4880 1091 4919 nova.
1117 4891 1186 4946 -τ
1208 4863 1773 4946 Pulclterritnanplane

205 4935 263 4999 a'c
301 4945 449 5014 plana
476 4937 907 5014 descriptiorseu
938 4936 1219 5014 enarratio
1247 4936 1347 5014 :.in
1386 4950 1546 5014 quam
1585 4935 1642 4989 S.
1681 4935 1772 5014 N_i-_-

205 5006 477 5083 ecphorus,
500 5010 854 5065 Antirrhetico
876 5006 933 5070 2,
959 5007 1009 5059 iu
1037 5006 1150 5060 luet:
1173 5006 1335 5059 verba
1369 5007 1647 5073 praelatur,
1680 5008 1768 5060 ubi

208 5085 376 5130 Basilii
428 5098 492 5130 ac
545 5081 829 5130 ntriusoue
874 5077 1118 5130 Gregorii
1187 5074 1427 5129 illustres
1476 5076 1623 5129 loeos
1676 5092 1768 5130 pro

207 5085 376 5139 Basilii
428 5098 492 5137 ac
545 5085 829 5148 utriusque
874 5085 1118 5144 Gregorii
1188 5085 1427 5129 illustres
1476 5085 1623 5129 loeos
1676 5092 1772 5145 pro

209 5156 520 5224 imaginibus
546 5149 898 5220 praemisisset
931 5163 945 5199 :
983 5145 1208 5209 Τούτοις
1236 5144 1454 5199 ἑπέσθω
1495 5145 1771 5218 Ἀστέριος

208 5226 236 5271 ὸ
254 5227 346 5271 τίς
383 5223 667 5271 Ἀωισέων
694 5216 934 5271 γεγονὼς
961 5217 1241 5271 πρόεδρος.
1274 5215 1602 5271 θαυμαστῶς
1625 5219 1771 5271 ὅπως

208 5226 236 5277 ὸ
254 5217 346 5297 τῆξ
383 5217 667 5296 Ἀμασέων
694 5217 934 5288 γεγονὼς
961 5217 1241 5288 πρόεδρος,
1274 5217 1602 5287 θαυμαστῶς
1625 5219 1771 5280 ὅπως

214 5294 553 5367 μουσουργῶν
584 5289 825 5367 ’ἐκείνην
1097 5287 1386 5367 ἐκφρασιν,
1430 5286 1539 5367 iam.
1576 5288 1775 5367 λειριόε

215 5358 553 5450 πανιεὶςᾘνκ.
583 5358 1190 5450 λειριόεξσξὶνῆίείςηὶη.
1214 5358 1309 5450 η,
1340 5358 1416 5450 die
1436 5360 1608 5450 dicit;
1636 5358 1781 5450 εξποι

214 5428 529 5510 τοιῃικῶςῗ
576 5428 683 5488 καῖ
711 5429 991 5510 τεθιεάσθω
1031 5428 1196 5510 πάλιν
1229 5428 1327 5499 τὴν
1369 5428 1520 5510 ἱερὰν
1564 5429 1782 5510 ἐκείνην

252 5497 413 5581 Mign
444 5497 541 5580 τῆς
569 5503 935 5581 πανευφὴμου
977 5497 1544 5581 μάρτυρος,“καὶ’τῂν
1586 5497 1782 5581 τέχνην

252 5519 413 5581 pacem
444 5519 541 5580 τῆς
569 5519 935 5635 πανευφηὲιου
977 5519 1269 5571 μάρτυρος,
1309 5519 1403 5583 και
1446 5519 1544 5569 την
1586 5519 1782 5570 τεχνην

250 5580 523 5647 αυμαςέτω
554 5578 655 5647 τὴν
680 5573 803 5647 τῶνΔ
836 5571 1160 5647 Δωγράφων,
1190 5572 1286 5647 καί
1316 5585 1397 5633 εις
1432 5571 1574 5647 μέγα
1607 5571 1783 5647 αίρειν

219 5639 498 5716 πειράσθω,
518 5639 623 5703 καῖ
637 5647 767 5709 τοὺς
789 5639 978 5716 λόγους
1005 5639 1374 5716 παραταξάτω
1398 5639 1464 5711 τῇ
1490 5639 1681 5716 τέχνῃ,
1706 5640 1782 5705 ὡς

220 5716 277 5786 τῦ
306 5710 599 5786 ᾲαυλότερα
625 5714 976 5786 μουσοπόλων
1005 5712 1073 5766 τὰ
1091 5710 1406 5786 ’φάρμακαο
1440 5710 1544 5765 καὶ
1576 5710 1779 5786 καταρ-

224 5728 277 5768 ευ
306 5728 519 5786 causata
625 5728 976 5783 μουσοπολων
1005 5728 1073 5766 τα
1108 5728 1219 5782 φαρ
1266 5728 1406 5764 ακα·
1451 5728 1544 5765 και
1576 5728 1779 5781 καταρ-

224 5784 348 5855 [ista
365 5787 451 5843 τοῦ
476 5731 661 5850 boatu,
690 5779 794 5836 ὧδέ
820 5800 893 5839 rm
924 5784 1137 5855 ἔχοντος
1156 5799 1168 5813 ·
1212 5728 1325 5839 gos
1355 5791 1603 5852 sequatur
1630 5780 1782 5837 Aste-

1872 3195 2125 3257 petrent,
2159 3186 2274 3241 dari
2309 3185 2556 3254 spiritum
2596 3185 3028 3255 compunctionis
3057 3185 3126 3241 iis
3158 3184 3249 3255 qui
3282 3184 3456 3239 bzerc-

1876 3279 1985 3334 tico
2011 3291 2201 3334 errore
2232 3287 2488 3349 aguntur,
2524 3285 2577 3331 et
2604 3285 2664 3332 ut
2694 3276 2871 3332 soluta
2901 3276 3048 3333 ornui
3079 3276 3417 3332 dubitatione
3442 3316 3457 3339 ,

1877 3383 2134 3441 tanquam
2161 3371 2341 3425 medio
2367 3371 2574 3439 pariete
2604 3384 2668 3425 ac
2697 3368 2934 3423 maceria
2953 3410 2971 3437 ,
3002 3367 3240 3424 fraterna
3268 3383 3459 3424 omnes

1878 3463 2093 3519 unitate
2128 3461 2514 3518 conveniamus
2541 3502 2557 3527 ,
2593 3462 2646 3517 in
2682 3461 2905 3517 Christo
2932 3459 3061 3517 Jesu
3094 3460 3322 3516 Domino
3363 3476 3461 3515 no-

1874 3564 2021 3621 stro,
2065 3568 2225 3626 quem
2253 3555 2405 3610 decet
2427 3552 2599 3626 gloria
2632 3553 2686 3608 in
2716 3554 2935 3608 saecula.
2965 3552 3158 3607 Amen.

2627 3643 2719 3698 XI.

1931 3738 2220 3794 Enorrotio
2247 3740 2305 3795 in
2343 3739 2660 3810 martyrium
2696 3739 3115 3810 prteelnrissimte
3152 3738 3401 3808 martyris

2427 3807 2734 3879 Euphemite
2773 3809 2907 3879 (50).

1950 3896 2153 3967 Nuper,
2200 3914 2236 3954 ο
2274 3899 2414 3965 viri,
2468 3898 2924 3964 Demosthenem,
2979 3898 3258 3969 egregium
3311 3896 3460 3951 illum

1878 3997 2153 4045 oratorem
2178 4027 2195 4054 ,
2227 4003 2337 4058 prae
2367 3988 2619 4045 manibus
2648 3986 2955 4054 habebam,
2997 4000 3230 4057 eamque
3276 3986 3464 4042 Demo-

1881 4079 2091 4134 sthenis
2116 4076 2460 4143 orationem,
2490 4093 2599 4148 qua
2630 4078 2719 4133 ille
2758 4076 3081 4134 Aiscbinem
3107 4077 3321 4134 acerbis
3359 4092 3464 4133 en-

1887 4169 2315 4242 tbymematibus
2345 4170 2575 4241 impetit.
2609 4170 2709 4225 Diu
2754 4177 2937 4226 autem
2981 4170 3191 4242 prolata
3229 4169 3465 4225 lectione

1886 4277 2128 4333 peueque
2158 4261 2359 4333 obruta
2376 4250 2565 4329 mente
2586 4302 2601 4327 .
2628 4262 2810 4332 aliqua
2838 4263 3155 4319 remissione
3185 4276 3251 4319 ac
3275 4263 3464 4317 ambu-

1888 4357 2088 4412 latione
2112 4395 2129 4422 ,
2158 4372 2267 4425 quo
2301 4357 2480 4411 fessus
2512 4357 2729 4411 animus
2757 4356 3004 4412 nonnihil
3034 4355 3218 4411 labore
3254 4355 3465 4411 levare-

1890 4459 1997 4516 tur,
2027 4451 2274 4522 egebam.
2318 4448 2582 4519 Egressus
2625 4461 2808 4505 autem
2848 4451 3044 4515 domo,
3084 4456 3371 4517 postquam
3409 4447 3463 4501 lu

1574 4584 1616 4616 ⁶¹
1649 4583 1789 4639 Psal.
1822 4599 1947 4651 ειν,
1988 4584 2078 4641 15.

1809 4730 1850 4780 D
1881 4730 1989 4782 rius
2019 4726 2110 4782 ille
2139 4728 2383 4782 Amasene
2403 4727 2672 4797 quondam
2698 4729 2927 4782 ciuitatis
2958 4728 3229 4796 episcopus
3252 4767 3266 4788 ,
3302 4730 3466 4782 mira-

1881 4799 1971 4852 bili
2019 4804 2250 4868 quodam
2298 4799 2555 4852 lenocinio
2605 4797 2885 4862 ecphrosin
2947 4799 3095 4868 illam
3139 4798 3464 4861 modulum;

1879 4867 2086 4923 suavem
2108 4879 2319 4922 cantant
2343 4869 2603 4938 amittens,
2626 4881 2680 4921 ut
2706 4870 2824 4938 quis
2853 4871 2927 4921 ita
2954 4867 3151 4938 poetice
3179 4870 3463 4935 loquatur;

1879 4955 1942 4992 ac
2002 4955 2214 4993 rursum
2265 4956 2471 4993 sacram
2531 4937 2682 4992 illam
2720 4937 2993 5007 picturam
3046 4938 3466 4992 celebratissima

1879 5011 2127 5078 martyris
2161 5010 2556 5078 contempletur,
2597 5025 2660 5063 ac
2701 5011 2918 5063 miretur
2960 5010 3221 5075 pictorum
3270 5017 3467 5073 artem,

1879 5088 2193 5148 caueturque
2245 5084 2554 5134 immensum
2598 5079 2817 5149 e/ferre,
2878 5094 2939 5132 ac
2988 5079 3237 5133 adversus
3295 5088 3467 5132 artem

1878 5151 2029 5203 verba
2083 5154 2341 5216 instruat;
2385 5167 2506 5202 num
2547 5161 2836 5219 oratorum
2900 5150 3086 5203 cedant
3139 5149 3404 5219 pigmenta
3447 5164 3468 5201 :

1884 5230 2038 5284 atque
2090 5221 2226 5273 hunc
2275 5222 2486 5273 modum
2529 5216 2799 5274 Iiabentem
2849 5216 3149 5273 sermonem
3197 5216 3468 5274 ordiatnr.

1884 5289 2064 5359 Longe
2120 5290 2276 5358 plane
2327 5302 2452 5360 sunt
2495 5290 2712 5360 Latina,
2757 5305 2877 5360 qme
2925 5298 3139 5344 exstant
3189 5289 3359 5345 semel
3413 5299 3470 5343 et

1886 5358 2078 5414 iterum
2126 5369 2166 5413 t.
2210 5360 2250 5415 V
2304 5371 2359 5416 et
2410 5358 2472 5415 Vl
2517 5358 2906 5421 Conciliorism.
2959 5360 3028 5414 ab
3078 5374 3143 5413 ea
3196 5360 3468 5416 sermonis

1885 5439 2192 5502 venustate,
2225 5447 2385 5502 quam
2415 5437 2495 5487 sic
2530 5430 2862 5502 Ntccphorus
2891 5431 2945 5485 in
2977 5445 3040 5485 ea
3075 5431 3275 5486 Asterii
3310 5429 3465 5484 lucu—

1887 5500 2545 5570 bratiuncula'suspicit;
2612 5500 2910 5571 praesertim
2969 5515 3097 5555 vero
3156 5502 3343 5555 rudius
3398 5502 3467 5553 ab

1883 5573 2176 5626 Anastasio
2201 5569 2428 5628 reddita.
2463 5569 2701 5627 Conaius
2721 5588 2840 5627 sum
2868 5569 3116 5625 Latinius
3154 5571 3378 5626 reddere
3404 5586 3465 5623 ac

1887 5642 2232 5711 expressius,
2289 5655 2348 5697 ut
2407 5653 2586 5698 tamen
2645 5643 2845 5700 Asterii
2916 5642 3104 5698 suavis
3169 5641 3466 5698 modulatio

1887 5728 2099 5771 omnem
2128 5722 2380 5769 conatum
2410 5722 2648 5784 superet.
