3820 6314
348 298 484 357 eos

1646 291 1703 348 S.
1744 291 2021 351 ASTERII
2058 294 2360 354 AMASENI
2434 290 2441 297 ’

3525 296 3641 352 5ὖ6

379 415 497 470 foro
523 409 912 481 aliquantulum
936 422 1060 466 cum
1087 409 1231 464 notis
1260 406 1624 464 ambulassem
1646 449 1662 475 ,
1694 410 1841 467 illinc
1868 428 1941 467 mc

2058 415 2177 483 ρᾶς,
2204 415 2417 469 ἐκεῖθεν
2446 416 2526 480 είς
2555 415 2617 470 τὸ
2644 415 2738 470 τοῦ
2767 414 2902 470 Θεοῦ
2941 417 3137 487 τέμνος
3173 412 3452 485 ἀφικόμην
3478 410 3640 480 εὐξό-

376 507 431 561 iu
459 504 553 559 Dei
587 502 845 571 templum
875 502 989 557 otio
1011 507 1267 555 oraturus
1292 499 1496 569 recepi.
1523 500 1657 555 Cum
1692 517 1822 557 vero
1848 509 1951 560 hoc

333 590 341 594 “
376 611 593 667 quoque
627 603 988 660 consecutus,
1021 608 1186 649 unam
1217 595 1506 661 quamdam
1539 608 1607 649 ex
1652 595 1952 664 porticibus

379 689 667 745 transirem
686 727 701 752 ,
730 685 839 741 vidi
869 686 922 740 in
945 699 1009 739 ea
1037 684 1305 756 picturam
1334 685 1618 752 quamdam
1645 724 1661 751 ,
1687 687 1840 759 cujus
1868 705 1954 744 me

375 781 585 851 species
627 779 849 835 omnino
885 778 1046 848 cepit.
1096 776 1338 832 Dixisses
1367 776 1737 847 Euphranoris
1782 780 1952 835 artiﬁ-

376 876 520 931 cium
547 887 702 936 esse,
732 880 824 926 aut
852 884 1043 926 eorum
1072 868 1335 938 alicujus,
1368 870 1462 939 qui
1497 869 1625 926 olim
1656 871 1948 942 plurimum

376 966 661 1038 dignitatis
688 964 912 1037 pictura:
936 961 1298 1019 conciliarunt
1326 961 1476 1031 (5i),
1510 976 1618 1018 non
1647 963 1808 1020 aliter
1833 964 1953 1035 pitt-

377 1069 596 1129 gentes,
624 1070 786 1126 quam
817 1054 862 1110 si
885 1053 1040 1110 vivas
1071 1053 1126 1108 in
1156 1051 1357 1108 tabulis
1380 1051 1584 1108 formas
1602 1054 1947 1111 exhiberem.

374 1153 646 1208 Adesdum
692 1164 848 1216 vero,
888 1150 933 1205 si
982 1148 1129 1205 voles
1157 1170 1174 1205 :
1214 1149 1413 1220 quippe
1457 1149 1639 1206 etiam.
1666 1163 1810 1205 nunc
1854 1164 1952 1220 per

378 1256 590 1315 tempus
615 1258 876 1300 enarrare
907 1241 1039 1299 licet
1071 1259 1084 1297 :
1116 1257 1326 1314 egoque
1355 1241 1618 1312 picturam
1649 1257 1943 1314 exponam.

376 1336 559 1406 Neque
587 1336 733 1391 enim
763 1349 862 1400 nos
890 1348 1165 1389 musarum
1230 1334 1433 1389 alumni
1478 1332 1690 1404 pejores
1724 1336 1946 1406 pictori-

374 1430 473 1484 bus
500 1427 712 1483 celeres
738 1426 1024 1481 habemus.

446 1520 614 1574 Sacra
648 1517 893 1588 quaedam
924 1516 1125 1571 lentina
1154 1556 1169 1574 .
1205 1517 1523 1574 intemerata
1560 1519 1745 1591 virgo,
1787 1534 1944 1573 suam

376 1611 486 1673 Deo
549 1610 856 1665 castitatem
931 1608 1177 1666 dicavit:
1233 1608 1592 1678 Euphemiam
1648 1611 1943 1681 appellant.

382 1703 506 1763 dum
539 1712 721 1757 autem
762 1701 1087 1772 quandoque
1129 1711 1393 1772 tyrannus
1431 1703 1548 1773 pios
1588 1703 1836 1759 homines
1882 1718 1944 1757 ac

2057 523 2218 575 μενος
2242 506 2301 559 ἐν
2322 507 2506 579 σχολῇ.
2541 508 2628 572 Ὦς
2658 508 2716 562 δὲ
2748 510 2843 563 καὶ
2873 509 3064 563 τούτου
3093 505 3291 578 τυχὼν,
3317 505 3414 559 Eva
3434 503 3500 576 δὴ
3525 500 3641 559 τῶν

2053 597 2367 667 ὑτοοστέγων
2397 599 2613 671 δρόμων
2634 599 2901 666 ἐϐάδιζον,
2931 595 3070 654 εἶδον
3093 601 3211 653 ἐκεῖ
3237 599 3459 670 γραφήν
3487 613 3636 658 τινα,

2053 692 2145 745 καί
2178 709 2243 763 με
2276 692 2557 766 κατάκρας
2590 690 2732 748 εἷλεν
2759 694 2806 726 ⁸⁸
2836 695 2869 765 ἡ
2905 693 3021 747 θέα.
3065 691 3417 763 Εὐφράνορος
3461 690 3530 744 ἂν
3560 684 3642 744 εἴ·

2051 799 2153 848 πες
2187 779 2326 839 εῐναι
2354 784 2415 837 τὺ
2441 784 2834 857 φιλοτέχνημα,
2865 785 2901 856 ἧ
2929 801 3074 848 τινος
3111 783 3336 837 ἐκείνων
3384 781 3494 834 τῶν
3528 797 3641 835 πα-

2052 876 2238 940 λαιῶν,
2272 876 2323 930 οἱ
2369 877 2469 949 τὴν
2518 877 2795 949 γραφικὴν
2833 872 2974 948 ἦραν
3016 876 3096 940 είς
3143 875 3304 946 μέγα,
3357 872 3639 943 ἐμψύχους

2050 968 2232 1036 ὀλίγου
2279 966 2489 1031 δέοντος
2536 967 2904 1039 ἐργασάμενοι
2950 966 3205 1030 πίνακας,
3265 964 3435 1036 Δεῦρο
3477 964 3547 1029 δ’,
3584 964 3636 1016 εἰ

2053 1060 2231 1132 βούλει
2263 1061 2380 1129 (καὶ
2410 1058 2515 1132 γ’ἁρ
2547 1061 2710 1134 σχολὴ
2761 1061 2855 1116 νῦν
2897 1061 3279 1133 διηγήματος),
3316 1060 3510 1132 φράσω
3548 1074 3635 1112 σοι

2048 1154 2148 1226 τὴν
2175 1153 2413 1225 γραφήν.
2453 1154 2587 1207 οὐδὲ
2634 1154 2743 1229 γὰρ
2777 1155 3083 1228 φαυλότερα
3119 1154 3337 1217 πάντως
3382 1141 3492 1206 ’ἰῶν
3521 1152 3636 1217 ζω-

2048 1250 2275 1321 γράφων
2327 1248 2564 1324 [παῖδες]
2611 1251 2662 1303 οἱ
2724 1248 2938 1320 μουσῶν
2988 1248 3177 1313 παῖδες
3251 1247 3446 1319 ἔχομεν
3492 1246 3639 1319 φάρ-

2053 1355 2225 1412 μακα.

2118 1520 2256 1593 Γυνή
2291 1537 2375 1585 τις
2398 1518 2543 1593 ἱερὰ,
2563 1517 2832 1590 παρθένος
2857 1513 3291 1589 ἀκήρατος,Θεῷ
3316 1515 3361 1547 ⁸³
3388 1513 3489 1587 τὴν
3521 1531 3636 1567 σω-

2048 1612 2322 1685 φροσύνην
2348 1610 2752 1683 καθιερώσασασ
2808 1608 3094 1680 Εὐφημίαν
3128 1606 3381 1663 καλοῦσιν
3432 1608 3632 1678 αὐτήν.

2046 1706 2320 1778 Τυράννου
2348 1704 2405 1758 δέ
2437 1720 2567 1756 ποτε
2609 1703 2736 1766 τοὺς
2767 1700 3125 1765 εύσεϐοὖντας
3153 1699 3488 1764 ἐλαύνοντος,
3520 1700 3634 1765 μά-

395 1792 716 1872 ςξονίειὶειηος
760 1804 1199 1865 persequeretur,
1256 1795 1348 1850 illa
1401 1795 1693 1851 admodum
1750 1796 1941 1850 alacris

2056 1800 2114 1853 λα
2151 1797 2447 1870 προθύμως
2479 1796 2573 1848 τὸν
2601 1795 2695 1848 érz'l.
2722 1792 2939 1865 θανάτῳ
2962 1794 3136 1847 εἵλετο
3167 1792 3430 1847 κίνδυνον.
3461 1794 3525 1845 Οἱ
3571 1790 3634 1844 δὲ

373 1889 498 1943 vitae
522 1888 695 1944 aleam
727 1897 920 1959 sponte
951 1887 1103 1943 adiit.
1130 1886 1289 1943 Cives
1318 1896 1498 1943 autem
1518 1928 1535 1954 ,
1562 1888 1786 1958 ejusque
1811 1889 1943 1942 socii

376 1981 683 2053 religionis,
718 1996 818 2052 pro
858 1995 963 2050 qua
1009 1996 1072 2035 ea
1119 1988 1348 2035 mortem
1390 1981 1560 2046 obiit,
1593 1995 1689 2035 ceu
1728 1979 1945 2035 fortitu-

373 2075 517 2131 dinis
574 2090 637 2131 ac
694 2074 1006 2130 sanctitatis
1054 2073 1223 2142 gloria
1280 2073 1543 2141 insignem
1596 2072 1943 2129 admirationi

374 2165 667 2233 habentes,
704 2165 845 2220 haud
880 2165 1069 2234 procul
1099 2164 1296 2235 templo
1325 2164 1443 2235 (5‘2)
1474 2164 1780 2234 sepulcrum
1813 2164 1945 2219 azdi-

380 2262 601 2314 licantes
666 2273 731 2313 ae
798 2258 974 2327 posito
1035 2256 1245 2325 loculo,
1313 2257 1549 2312 honores
1599 2259 1649 2312 ei
1699 2257 1944 2328 publicos

373 2350 631 2405 adhibent
650 2386 665 2410 ,
698 2362 937 2402 annuum
980 2345 1097 2415 ejus
1143 2347 1459 2403 certaminis
1487 2348 1627 2402 diem
1650 2388 1667 2413 ,
1694 2363 1941 2403 comma-

373 2455 498 2494 nem
528 2453 592 2494 ac
623 2438 790 2494 totius
820 2437 998 2508 populi
1042 2450 1309 2494 conventu
1343 2439 1522 2491 laetam
1562 2437 1821 2494 facientes
1848 2454 1940 2493 ce-

370 2528 697 2583 lehritatem.
729 2525 880 2582 Sacri
932 2527 1149 2597 quidem
1202 2540 1667 2583 sacramentorum
1716 2528 1809 2583 Dei
1854 2529 1941 2584 in—

371 2630 665 2689 terpretes,
711 2620 825 2689 iugi
880 2633 1130 2674 sermone
1172 2619 1488 2674 memoriam
1519 2620 1812 2687 honorant,
1852 2636 1946 2692 po-

370 2712 634 2783 pulosque
662 2714 1044 2769 convenientes
1065 2749 1080 2777 ,
1114 2721 1178 2767 ut
1224 2711 1313 2767 illa
1360 2713 1636 2783 patientiae
1664 2724 1941 2770 certamen

370 2805 856 2870 consummaverit,
921 2803 1067 2860 omni
1116 2805 1296 2862 studio
1354 2805 1687 2874 informant;
1755 2809 1847 2862 sed
1890 2818 1945 2861 et

377 2899 553 2967 pictor
583 2897 772 2967 pietati
806 2907 863 2952 et
896 2898 1015 2967 ipse
1048 2898 1306 2959 studens,
1354 2899 1487 2953 artis
1527 2913 1725 2968 Opera,
1771 2899 1942 2953 histo-

373 2991 509 3043 riam
543 3000 709 3045 totam
753 2990 807 3044 in
855 2988 1110 3055 simlone,
1146 3004 1308 3060 quam
1348 2989 1496 3045 licuit
1556 2992 1675 3045 viva
1722 3005 1945 3061 expres-

2046 1890 2111 1963 δὴ
2162 1890 2377 1944 πολῖται
2438 1887 2533 1942 καὶ¹
2589 1887 2837 1940 κοινωνώ⁵
2889 1886 2987 1958 τῆς
3027 1885 3344 1957 θρησκείας,
3388 1886 3532 1957 ὑπὲρ
3562 1878 3637 1955 ἦς

2047 1981 2415 2052 ἐτελεύτησεν,
2444 1979 2520 2045 ὡς
2547 1979 2798 2050 ἀνδρείαν
2827 1978 2961 2049 ὁμοῦ
2993 1979 3087 2030 καὶ
3112 1976 3263 2049 ἱερὰν
3291 1977 3388 2049 τὴν
3418 1976 3633 2049 παρθὲ-

2047 2092 2137 2130 νον
2164 2074 2564 2145 θαυμάσαντες,
2598 2073 2827 2143 πλησίον
2870 2069 2964 2125 τοῦ
3005 2069 3151 2142 ἱεροῦ
3181 2068 3281 2141 τὴν
3313 2069 3491 2141 θήκην
3520 2069 3634 2123 62t-

2054 2165 2307 2238 μάμενοι,
2339 2162 2700 2235 καταθέμενοι
2737 2179 2796 2215 τε
2828 2161 2928 2234 τὴν
2956 2161 3224 2232 λάρνακα,
3247 2161 3413 2232 τιμὰς
3440 2160 3631 2215 τελοῦ-

2051 2274 2137 2310 σιν
2178 2257 2340 2327 αὐτῇ,
2374 2254 2473 2327 τὴν
2511 2255 2728 2326 ἐτήσιον
2754 2256 2967 2327 ἑορτὴν,
3004 2250 3198 2324 καινὴν
3227 2253 3274 2285 ⁸⁸
3300 2254 3395 2307 καὶ
3423 2252 3633 2323 πάνδη-

2051 2366 2149 2420 μον
2178 2348 2456 2411 ποιοῦντες
2492 2349 2821 2419 πανήγυριν.
2856 2346 2922 2399 0i.
2967 2345 3066 2418 μὲν
3102 2341 3194 2399 οὖν
3226 2344 3333 2399 τῶν
3366 2343 3634 2404 τοῦβεοῦ

2050 2440 2363 2511 μυστηρίων
2388 2438 2701 2510 ἱεροφάνται
2751 2437 2847 2490 καὶ
2870 2430 3018 2508 λόγῳ
3041 2436 3243 2506 τιμῶσι
3276 2433 3372 2508 τὴν
3407 2436 3634 2507 μνήμην

2048 2531 2155 2593 ἀεὶ,
2189 2530 2285 2583 καὶ
2315 2532 2463 2594 ὅπως
2494 2528 2773 2596 ἐξετέλεσε
2816 2529 2911 2583 τὸν
2948 2530 3048 2600 τῆς
3084 2529 3378 2601 καρτερίας
3416 2528 3633 2597 ἀγῶνα,

2048 2621 2323 2693 ἐπιμελῶς
2351 2622 2479 2685 τοὺς
2510 2622 2793 2683 συνιόντας
2821 2619 2986 2684 λαοὺς
3010 2619 3436 2675 ἑκδιδάσκουσιν.
3480 2618 3541 2673 Ὁ
3573 2620 3638 2674 δὲ

2045 2717 2109 2788 δὴ
2142 2716 2432 2788 ζωγράφος
2456 2715 2697 2769 εὐσεϐῶν
2728 2714 2823 2769 καὶ
2852 2714 3038 2778 αὐτὸς,
3072 2712 3160 2767 διὰ
3179 2714 3278 2784 τῆς
3302 2714 3498 2785 τέχνης
3527 2732 3639 2768 κα-

2044 2808 2115 2861 τὰ
2155 2809 2405 2880 δύναμιν,
2438 2808 2617 2861 πᾶσαν
2651 2807 2747 2880 τὴν
2771 2806 3012 2878 ἱστορίαν
3042 2808 3100 2860 ἐν
3131 2806 3325 2860 σινδόνι
3355 2806 3635 2878 χαράξας,

2046 2900 2208 2953 αὑτοῦ
2264 2918 2368 2954 που
2405 2901 2534 2972 περὶ
2578 2901 2678 2971 τὴν
2729 2900 2903 2971 θήκην
2953 2899 3095 2971 ἱερὸν
3139 2897 3373 2971 ἀνέθηκε
3423 2900 3635 2971 θέαμα.

2050 2994 2201 3065 Ἔχει
2224 2993 2279 3048 δὲ
2304 2988 2408 3049 ὦδε
2432 2994 2494 3047 τὸ
2518 2992 2802 3063 φιλοτέχνη
2812 3008 2906 3063 μα’
3364 2986 3367 2991 ’

371 3084 522 3138 sione
568 3082 894 3153 designans,
945 3080 1141 3136 ibidem
1176 3080 1332 3153 juxta
1376 3082 1685 3153 sepulcrum
1732 3100 1944 3140 sacram
1986 3089 2053 3142 ad
2105 3088 2473 3159 Spectaculum
2515 3088 2766 3157 appendit
2806 3085 3081 3141 tabellam.
3117 3084 3211 3141 Sic
3254 3094 3434 3140 autem
3463 3086 3639 3141 habet

372 3178 507 3230 artis
548 3176 652 3231 hoc
681 3177 997 3245 praeclarum
1024 3190 1159 3245 opus
1186 3190 1202 3229 :

442 3266 608 3322 Sedet
641 3265 807 3336 judex
866 3266 1058 3320 throno
1107 3263 1371 3330 sublimis,
1431 3266 1628 3322 acerbo
1677 3283 1742 3324 ac
1798 3270 1937 3325 truci
1966 3275 2009 3332 Ω

368 3358 518 3415 vultu
552 3367 818 3414 contuens
880 3358 1162 3427 virginem.
1215 3358 1321 3413 Ars
1376 3360 1574 3429 quippe
1608 3361 1659 3414 iu
1717 3362 1939 3418 inanimi

368 3465 586 3523 quoque
618 3449 839 3506 materia
871 3449 1146 3514 irascitur,
1202 3465 1325 3505 cum
1358 3451 1522 3507 lubet.
1553 3452 1722 3507 Porro
1746 3454 1942 3509 adsunt

370 3544 719 3615 magistratus
750 3541 1028 3608 satellites,
1063 3557 1127 3598 ac
1160 3542 1358 3599 milites
1390 3546 1497 3598 non
1522 3546 1712 3613 pauci:
1744 3548 1942 3615 acqui-

372 3636 494 3690 dem
573 3633 1090 3689 commentarienses
1148 3632 1357 3687 tabulas
1408 3633 1589 3689 ferunt
1632 3651 1698 3692 ac
1735 3641 1939 3708 stylos;

367 3736 602 3796 quorum
632 3725 771 3779 alter
803 3739 1020 3779 manum
1051 3739 1083 3779 e
1116 3739 1243 3780 cera
1268 3725 1530 3794 edocens,
1560 3728 1767 3784 intense
1801 3730 1946 3799 aspi-

368 3817 445 3872 cit
467 3819 519 3871 in
550 3823 814 3871 astantem
839 3813 1043 3885 judicio
1092 3815 1381 3883 virginem,
1442 3826 1606 3874 totam
1657 3817 1946 3874 deflectens

374 3908 595 3973 faciem,
636 3919 889 3976 tanquam
913 3906 1101 3978 jubeat
1129 3907 1274 3978 loqui
1302 3909 1520 3976 clarius,
1548 3918 1606 3963 ut
1629 3925 1696 3965 ne
1733 3909 1946 3966 didicie

370 4001 618 4062 audiens,
639 3998 901 4054 mendosa
936 3999 1159 4065 scribat,
1199 4015 1264 4056 ac
1297 4002 1454 4070 digna
1498 4005 1939 4072 reprehensione.

371 4091 723 4146 Astatautem
761 4091 914 4161 virgo
962 4091 1103 4161 pulla
1170 4102 1345 4158 veste,
1396 4109 1460 4150 ac
1490 4093 1649 4166 pallio
1701 4098 1941 4167 philoso-

372 4182 554 4252 phiam
590 4179 857 4250 professa;
893 4190 952 4236 ut
980 4182 1195 4271 quidem
1214 4184 1423 4253 putavit
1448 4188 1638 4255 pictor,
1671 4186 1783 4257 ipso
1805 4203 1941 4259 quo-

374 4288 481 4342 que
510 4272 661 4328 vultu
691 4273 901 4342 lepida;
930 4282 990 4328 ut
1025 4282 1206 4331 autem
1260 4277 1374 4345 ipse
1421 4278 1696 4345 existimo,
1728 4282 1942 4352 egregie

367 4374 564 4420 ornato
593 4365 881 4423 virtutibus
910 4366 1114 4422 animo.
1148 4368 1358 4424 Ducunt
1408 4380 1589 4426 autem
1649 4374 1716 4428 ad
1752 4375 1942 4442 praesi-

370 4460 490 4514 dem
521 4459 627 4514 duo
658 4460 895 4525 milites;
920 4459 1060 4515 alter
1084 4460 1305 4529 quidem
1336 4473 1462 4518 ante
1512 4464 1731 4520 trahens
1757 4483 1773 4533 ;
1804 4466 1940 4521 alter

2122 3268 2355 3340 Ύψηλδς
2383 3268 2476 3321 ἐπὶ
2520 3268 2711 3339 θρόνου
2741 3266 3061 3337 καθίδρυται
3098 3266 3379 3339 δικαστὴς,
3424 3266 3643 3339 πικρὸν

2046 3360 2139 3413 καὶ
2182 3359 2445 3429 δυσμενὲς
2482 3358 2692 3427 βλέπων
2739 3358 2819 3421 είς
2854 3358 2954 3428 τὴν
3023 3356 3287 3429 παρθένον
3327 3358 3639 3429 (ὀργίζεται

2043 3450 2173 3522 γάρ,
2198 3451 2275 3503 ὅτ’
2309 3450 2376 3504 ἂν
2415 3449 2595 3522 ἐθέλῃ,
2625 3450 2729 3503 κάν
2754 3451 2873 3513 ταῖς
2904 3448 3132 3519 ἀψύχοις
3164 3448 3318 3514 ὕλαις
3345 3451 3378 3520 ἡ
3410 3449 3630 3524 τέχνη),

2043 3543 2339 3616 Δορυφόροι
2366 3540 2422 3593 δὲ
2445 3541 2545 3610 τῆς
2577 3539 2751 3610 ἀρχῆς
2800 3539 2895 3592 καὶ
2942 3537 3271 3606 στρατιῶται
3304 3538 3509 3592 πολλοί·
3574 3542 3632 3593 οἱ

2048 3636 2165 3705 μὲν,
2200 3625 2311 3686 τῶν
2358 3630 2766 3702 ὑπομνημάτων
2822 3630 3234 3702 ὐπογραφείσας
3283 3629 3501 3695 δέλτους
3534 3633 3636 3700 φέ-

2047 3741 2233 3796 ροντες
2286 3722 2382 3777 καὶ
2439 3721 2731 3794 γραφίδας·
2768 3739 2844 3775 ων
2884 3722 3111 3795 θάτερος
3146 3724 3461 3795 ἀναρτήσας
3517 3725 3639 3779 ἀπὸ

2042 3817 2135 3871 τοῦ
2180 3815 2352 3888 κηροῦ
2400 3814 2500 3887 τὴν
2546 3817 2722 3887 χεῖρα,
2770 3812 2955 3885 βλέπει
2987 3814 3122 3886 πρὸς
3158 3813 3257 3887 τὴν
3298 3816 3637 3887 κρινομένην

2045 3907 2308 3981 σφοδρῶς,
2344 3907 2464 3961 ὅλον
2489 3907 2742 3971 ἐκκλίνας
2768 3905 2831 3960 τὸ
2854 3907 3165 3979 πρόσωπον,
3189 3905 3377 3977 ὥσπερ
3408 3905 3635 3961 κελευό-

2045 4018 2202 4072 μενος
2233 4001 2372 4072 αὐτῇ
2407 3999 2771 4069 γεγωνότερον
2799 3998 2999 4063 λαλεῖν,
3033 3999 3118 4052 ἵνα
3141 3998 3215 4071 μὴ
3240 3999 3464 4071 κάμνων
3494 4002 3637 4073 περὶ

2041 4093 2138 4165 τὴν
2168 4092 2356 4163 ἀκοὴν,
2389 4091 2701 4161 ἐσφαλμένα
2728 4091 2915 4163 γράφῃ
2943 4091 3037 4145 καὶ
3069 4090 3392 4162 ἐπιλήψιμα.
3416 4092 3632 4163 Ἔστη-

2041 4204 2105 4241 κε
2134 4186 2191 4240 δὲ
2246 4187 2281 4256 ἡ
2337 4183 2603 4255 παρθένος
2636 4185 2693 4237 ἐν
2732 4184 2876 4256 φαιῷ
2910 4183 3116 4256 χιτῶνι,
3158 4184 3251 4237 καὶ
3282 4182 3482 4254 ίματίῳ
3525 4185 3634 4256 τὴν

2041 4276 2354 4348 φιλοσοφίαν
2383 4274 2836 4346 σημαίνουσαοιὶκ
2865 4275 2964 4347 μὲν
2996 4274 3150 4346 ⁸ἔδοξε
3185 4273 3260 4346 τῷ
3279 4277 3501 4345 γραφεῖ,
3532 4275 3637 4329 καὶ

2038 4369 2137 4441 τὴν
2157 4368 2279 4438 ὄψιν
2307 4368 2516 4421 ἀστεία·
2559 4366 2635 4431 ὡς
2658 4368 2716 4421 δέ
2759 4367 2883 4439 ἐμοὶ
2909 4368 3075 4434 δοκεῖ,
3105 4367 3202 4440 τὴν
3227 4368 3404 4439 ψυχὴν
3425 4369 3637 4424 κεκαλ-

2039 4460 2358 4531 λωπισμένη
2388 4463 2507 4524 ταῖς
2528 4461 2769 4532 ἀρεταῖς.
2816 4461 3045 4529 Ἀγουσι
3069 4460 3125 4514 δὲ
3166 4461 3336 4533 αὐτὴν
3364 4460 3503 4533 πρὸς
3532 4463 3632 4516 τὸν

368 4564 497 4606 vero
527 4566 557 4605 a
589 4564 740 4623 tergo
773 4567 990 4622 urgens.
1036 4549 1208 4607 Porro
1243 4554 1466 4623 virginis
1496 4555 1710 4612 habitus
1734 4556 1940 4628 pudore

2056 4555 2281 4625 ipxowa
2310 4553 2403 4607 δύο
2442 4552 2790 4624 στρατιῶται,
2822 4555 2852 4605 ὁ
2879 4552 2979 4624 μὲν
3000 4552 3174 4607 ἐλκων
3204 4555 3297 4607 ἐπὶ
3330 4553 3392 4606 τὸ
3408 4554 3630 4624 πρόσω,

366 4656 432 4695 ac
457 4644 763 4697 constantia
826 4644 1023 4698 mistus
1075 4643 1267 4700 enitet.
1320 4644 1545 4699 Inclinat
1606 4648 1843 4715 quidem,
1874 4662 1936 4702 ac

2056 4644 2151 4697 ide
2179 4643 2407 4696 κατόπιν
2440 4644 2693 4710 ἐπείγων.
2747 4643 3099 4715 Κεκραμένον
3135 4644 3231 4714 τῆς
3259 4643 3531 4715 παρθένου
3565 4645 3633 4699 τὸ

362 4742 564 4785 cernua
615 4730 803 4786 oculos
863 4731 1101 4788 demittit
1156 4741 1411 4803 tanquam
1464 4739 1704 4790 virorum
1737 4738 1935 4792 erube-

2056 4730 2172 4805 ἦθος
2196 4732 2334 4787 αἰδοῖ
2386 4733 2481 4787 καὶ
2537 4733 2877 4806 στερρότητι.
2912 4732 3076 4787 Νεύει
3110 4734 3209 4806 μὲν
3237 4735 3348 4805 γὰρ
3379 4736 3457 4799 είς
3491 4735 3627 4807 γῆν,

429 4843 572 4927 ἠδ,
604 4842 833 4927 δίοξρὴ
864 4839 1030 4927 εἶχεν.
1054 4916 1066 4927 _
1105 4843 1152 4927 9
1191 4844 1248 4904 S.
1282 4848 1502 4920 Niceplt.
1534 4852 1813 4926 ἀκήρατον
1844 4854 1941 4926 Bst]

2062 4853 2111 4888 “
2145 4853 2235 4908 Sic
2264 4868 2478 4923 quoque
2538 4863 2691 4908 vetus
2759 4852 3070 4922 interpres;
3138 4863 3358 4923 praestat
3388 4856 3623 4927 κοινήν,

359 4913 501 4983 quod
527 4924 579 4970 et
604 4913 662 4969 S.
695 4913 1162 5011 Niceph."..ltal)et.

427 5027 540 5096 (5i)
581 5026 685 5098 Qui
719 5027 841 5098 olim
870 5029 1152 5097 plurimum
1185 5028 1459 5098 (lign'tntis
1497 5030 1716 5096 pictura:
1754 5029 1929 5082 conci-

356 5093 575 5170 liorum,
606 5097 673 5150 Οἳ
695 5096 812 5170 τὴν
834 5093 1136 5167 γραφικὴν
1161 5093 1317 5167 ἦραν
1334 5101 1422 5165 είς
1442 5093 1613 5170 μέγα.
1648 5098 1739 5154 Sic
1765 5099 1926 5152 etiam

357 5166 490 5239 alter
526 5170 729 5239 interp.
756 5168 889 5239 Male
927 5166 1102 5223 autem
1130 5166 1469 5232 Atiastasius',
1504 5166 1687 5239 legens
1712 5169 1924 5238 Ἥραν,

353 5237 443 5305 qui
469 5237 812 5302 sculptibilem
836 5236 869 5290 ,1
879 5254 1118 5303 titionem,
1140 5250 1266 5304 etc.,
1296 5238 1427 5292 nihil
1461 5236 1607 5294 certe
1638 5236 1924 5294 barbarum

356 5308 529 5374 magis
585 5322 649 5361 ac
692 5308 948 5372 ineptum.
1000 5308 1137 5374 Quid
1187 5311 1329 5363 enim
1380 5310 1466 5364 hic
1514 5310 1580 5362 ad
1615 5306 1929 5363 lunonem?

352 5371 560 5448 Quidg’e
598 5371 911 5442 sculptibilis
970 5371 1110 5432 Juno
1162 5380 1217 5432 in
1270 5380 1681 5448 magnitudinem
1732 5389 1924 5448 erecta,

351 5454 440 5499 ctc
489 5445 661 5511 Quam
686 5457 831 5519 esset
849 5462 883 5519 ε
908 5463 963 5501 re
989 5447 1317 5519 Christiana,
1351 5445 1408 5519 ut
1431 5449 1717 5519 purissima
1740 5447 1927 5505 Graece

353 5525 533 5568 vetera
575 5518 824 5581 concilia,
861 5518 1050 5572 tierent
1074 5531 1129 5573 et
1159 5518 1385 5572 Latine?

423 5585 536 5654 (52)
574 5584 734 5639 Haud
782 5589 964 5651 procul
1014 5590 1222 5652 tentplo,
1277 5588 1543 5656 πλησίον
1589 5588 1695 5642 τοῦ
1738 5589 1920 5657 ἱεροῦ.

357 5650 577 5734 Videtur
604 5650 926 5734 Anastasius
974 5650 1163 5734 legisSe
1213 5650 1476 5728 ἱερατέίου
1500 5677 1514 5690 ο
1546 5676 1666 5734 cum
1698 5650 1923 5734 ita:rcd-

356 5724 433 5779 dit
466 5741 479 5780 :
508 5724 677 5781 Juxta
715 5724 1201 5783 sarrariunr'tlreca
1248 5724 1567 5785 constructa.
1614 5726 1738 5785 Fuit
1778 5729 1921 5786 forte

2036 5029 2341 5104 sepulcrum
2392 5029 2494 5085 hoc
2547 5031 2607 5083 ἐν
2646 5031 2723 5103 τῷ
2758 5034 2997 5104 προνάῳ,
3055 5049 3118 5090 ac
3167 5037 3424 5092 narthece
3473 5040 3624 5095 Alfa-

2033 5101 2200 5163 tiano,
2229 5100 2310 5176 vel
2329 5103 2489 5176 etiam
2515 5112 2666 5176 extra
2690 5100 2909 5158 omnino
2925 5100 3236 5176 ecclesiam,
3258 5109 3402 5176 quod
3426 5107 3622 5166 (ἔταξα

2029 5179 2243 5246 sonant,
2273 5170 2413 5224 haud
2447 5181 2622 5225 tamen
2657 5173 2811 5243 longe
2841 5176 2910 5229 ab
2936 5175 3045 5239 illa,
3083 5170 3229 5229 velut
3255 5170 3304 5230 in
3342 5180 3612 5246 peculiari

2028 5238 2247 5317 sacello,
2287 5254 2353 5317 ac
2405 5247 2684 5317 martyrio,
2710 5238 2863 5317 quod
2910 5238 3124 5317 vocant.
3182 5238 3357 5301 Alter'
3382 5248 3618 5317 interpr.

2027 5311 2263 5385 ontittit.‘
2281 5308 2434 5375 Quod
2465 5308 2675 5385 tlrecant’
2695 5308 3035 5385 Anastasius,
3063 5330 3127 5369 ac
3153 5331 3336 5371 vocem
3364 5308 3618 5374 emi...

2031 5379 2301 5453 retineat,
2337 5394 2435 5453 nec
2468 5379 2795 5453 LatinaAnlla
2829 5384 3084 5449 explicet,
3129 5400 3227 5439 suo
3259 5402 3409 5440 more
3459 5390 3613 5453 facit,

2025 5464 2132 5525 quo
2165 5448 2538 5525 βαρϐαρίζειν.
2561 5467 2624 5505 ac
2651 5448 3106 5525 Latincgrmcari
3142 5457 3426 5510 reddendis
3455 5448 3612 5525 One;

2023 5520 2102 5574 cis
2139 5530 2307 5595 amat,
2340 5523 2413 5595 uti
2463 5525 2713 5595 maxime
2742 5526 2792 5577 in
2849 5520 3179 5593 Theophane
3217 5536 3383 5595 patet.
3447 5522 3611 5579 Nobis

2023 5600 2105 5642 est
2145 5591 2539 5667 conditoriuntg
2561 5594 2876 5667 sepulcrum
2928 5591 3403 5667 aniplum,lapidc
3449 5602 3606 5651 strtt-

2022 5670 2192 5722 ctum,
2225 5660 2456 5732 inqqu
2488 5660 2641 5734 κλίνη
2675 5663 2901 5720 locatur.
