3820 6314
407 367 514 441 339

1689 382 1747 440 S.
1787 380 2063 440 ASTERII
2098 381 2400 442 AMASENI

3549 385 3661 441 340

411 501 557 557 diem
596 499 817 568 excipit,
858 496 1116 555 solemnis
1147 495 1441 554 celebritas
1495 495 1794 554 solemnem
1820 513 1982 556 occu-

2090 518 2174 557 ται
2198 500 2410 573 ἑορτὴν,
2434 501 2529 556 καί⁸
2561 500 2867 573 πανήγυρις
2894 500 3301 573 καταλαμϐάνει
3327 503 3657 575 πανήγυρινο

408 601 505 664 pat
525 591 924 648 celebritatem.
958 590 1129 647 Porro
1163 604 1419 647 vocamur
1475 590 1548 645 ab
1602 590 1724 648 aliis
1780 594 1848 648 ad
1873 592 1980 649 alia

409 693 573 748 vota;
609 683 929 753 Dominique
959 681 1192 737 natalem
1246 680 1388 736 diem
1439 684 1580 738 servi
1649 685 1821 739 honor
1851 690 1983 741 con—

409 775 598 829 tinuus
631 773 849 842 premit.
876 772 1049 829 Porro
1080 783 1283 839 autem,
1314 774 1428 828 sive
1459 775 1580 844 quis
1613 775 1664 829 in
1710 775 1852 830 illius
1889 790 1985 830 na-

413 868 682 923 tivitatem
715 866 1016 937 conjecerit
1048 867 1255 931 oculos,
1290 866 1381 937 qui
1431 867 1545 921 heri
1601 882 1764 923 carne
1806 868 1984 926 editus

412 968 521 1024 est,
584 972 707 1013 cum
762 957 990 1014 Deitatis
1050 959 1261 1014 ratione
1310 960 1539 1013 exsistat
1589 972 1820 1027 semper,
1869 960 1984 1016 sive

413 1050 579 1104 etiam
608 1050 662 1105 in
695 1051 1012 1122 martyrium
1065 1050 1218 1114 illud,
1271 1050 1414 1118 quod
1445 1052 1696 1119 generosi
1748 1051 1984 1119 pectoris

416 1140 653 1196 famulus
683 1140 845 1197 hodie
896 1140 1140 1211 pertulit,
1190 1142 1356 1196 multa
1391 1139 1631 1212 quidem,
1667 1143 1984 1213 diversaque

414 1231 679 1297 inveniet,
707 1232 888 1288 omnia
921 1240 1099 1287 tamen
1130 1246 1194 1287 eo
1225 1241 1431 1288 tantum
1484 1233 1812 1303 spectantia,
1842 1242 1902 1287 ut
1931 1234 1986 1288 et

410 1337 515 1379 nus
554 1324 809 1393 pietatem
840 1324 1133 1380 discamus.
1173 1322 1301 1379 Heri
1352 1338 1507 1390 sane,
1542 1334 1855 1381 recurrente
1890 1338 1986 1394 per

412 1415 541 1471 anni
587 1416 847 1474 circulum
907 1427 1185 1486 consueta,
1216 1434 1284 1474 ac
1344 1427 1475 1490 quot
1500 1418 1656 1473 annis
1688 1418 1773 1488 agi
1804 1418 1984 1485 solita,

414 1507 735 1576 festivitate,
778 1509 1113 1566 Salvatorem
1179 1511 1364 1565 mundi
1426 1519 1611 1566 natum
1639 1524 1760 1565 esse
1790 1510 1985 1566 didici-

414 1616 575 1663 mus;
607 1617 673 1658 ac
701 1604 882 1659 carnis
908 1613 1212 1672 expertem,
1246 1618 1409 1661 carne
1427 1604 1683 1658 amictum
1724 1619 1866 1669 esse,
1898 1604 1986 1657 in-

412 1706 865 1765 corporenmque,
902 1694 1140 1752 induisse
1166 1710 1409 1766 corpus:
1454 1705 1565 1750 tum
1624 1694 1785 1750 etiam
1815 1694 1986 1750 nostri

340 1848 343 1851 _
414 1798 578 1841 causa
601 1786 912 1855 suscepisse
941 1786 1244 1856 passiones,
1274 1796 1438 1855 atque
1474 1788 1524 1840 in
1579 1786 1727 1855 ligno
1781 1786 1987 1840 exalta-

416 1886 531 1932 tum
559 1890 721 1945 esae;
759 1878 901 1933 nulla
927 1878 1033 1933 alia
1071 1880 1139 1933 de
1171 1892 1354 1943 causa,
1394 1893 1555 1947 quam
1590 1889 1645 1933 ut
1674 1890 1872 1933 nostra:
1897 1893 1987 1933 sa-

416 1966 513 2021 luti
544 1967 869 2024 consuleret.
910 1967 1079 2025 Hodie
1110 1983 1238 2023 vero
1286 1977 1567 2024 strenuum
1600 1970 1833 2041 pugilem
1864 1986 1985 2026 cer-

415 2057 600 2113 nimus
619 2072 719 2128 pro
745 2057 839 2114 illo
868 2058 1133 2129 lapidibus
1159 2060 1437 2124 obrutum,
1485 2070 1542 2113 ut
1583 2061 1865 2130 sanguine,
1895 2062 1986 2116 de-

417 2149 560 2205 bitas
591 2165 689 2220 pro
714 2151 977 2220 sanguine
1005 2160 1187 2221 grates
1220 2151 1555 2221 rependeret.

488 2241 796 2311 Stephanus
826 2242 1055 2311 itaque;
1077 2241 1184 2297 laeti
1237 2242 1397 2313 hujus
1421 2253 1717 2299 conventus
1746 2253 1984 2313 coactor,

418 2347 534 2402 ipse
566 2348 666 2389 nos
689 2335 757 2389 ad
788 2333 1068 2404 praesentis
1095 2334 1259 2405 hujus
1291 2335 1486 2390 laetitia:
1509 2336 1988 2393 convocavitcom-

419 2424 643 2490 inercia,
671 2424 966 2495 allexitque
994 2442 1010 2493 ;
1045 2426 1164 2496 ipse
1188 2427 1486 2493 civitatem,
1551 2429 1604 2482 in
1635 2444 1795 2483 unam
1846 2430 1989 2485 velut

415 2516 757 2582 concionem,
805 2518 1109 2572 universam
1163 2521 1537 2589 congregavit,
1572 2535 1638 2575 ac
1686 2522 1982 2593 compulit:

416 2608 498 2661 vir
538 2608 797 2679 primitie
820 2618 1145 2678 martyrum,
1169 2609 1412 2664 laborum
1444 2626 1541 2681 pro
1580 2612 1797 2669 Christo
1829 2616 1988 2670 insti-

417 2708 562 2753 tutor
584 2716 650 2754 ac
683 2701 894 2766 doctor,
924 2703 1074 2756 bona
1118 2702 1335 2771 crepido
1363 2704 1743 2771 confessionis,
1775 2721 1839 2761 ac
1875 2707 1989 2775 pri-

420 2806 503 2844 tua
540 2791 711 2847 initia.
748 2794 891 2849 Ante
912 2794 1245 2864 Stephanum
1270 2798 1489 2866 quippe,
1511 2810 1670 2853 nemo
1691 2812 1787 2867 pro
1809 2797 1988 2853 Evan-

412 2880 555 2952 gelio
587 2882 900 2954 sanguinem
923 2884 1152 2940 fuderat.
1183 2886 1641 2953 Quemadmodum
1672 2899 1851 2944 autem
1882 2891 1989 2945 fra-

415 2975 609 3029 tricida
655 2976 744 3031 ille
788 2976 945 3042 Cain,
999 2987 1061 3033 ut
1106 2993 1193 3034 me
1242 2979 1443 3051 Moysis
1475 2980 1632 3035 docet
1665 2980 1887 3037 historia
1914 2983 1982 3048 ",

416 3062 707 3120 fraternam
769 3069 1106 3137 perpetravit
1157 3071 1356 3125 caedem
1403 3087 1419 3125 :
1465 3070 1718 3127 fraternas
1782 3073 1984 3128 enima

414 3164 605 3210 natura
652 3158 905 3214 amicitiae
933 3159 1069 3225 loco,
1094 3161 1489 3217 contentionem
1511 3162 1794 3232 diramque
1828 3181 1991 3220 mmu-
2016 3187 2057 3243 ρ

414 3247 669 3302 lationem
710 3262 1014 3315 assumens,
1042 3251 1248 3320 primus
1262 3252 1554 3307 homicidio
1573 3263 1771 3307 terram
1806 3252 1983 3310 foeda-

402 3339 491 3394 vit
546 3357 562 3395 :
619 3339 695 3395 ita
745 3342 911 3396 etiam
971 3353 1053 3398 ter
1118 3345 1305 3400 beatus
1351 3344 1679 3415 Stephanus,
1739 3346 1841 3415 piis
1887 3361 1986 3416 pro

414 3430 678 3501 religione
703 3432 1092 3489 certaminibus
1121 3433 1241 3490 fuso
1294 3435 1500 3504 primus
1550 3436 1838 3508 sanguine,
1877 3448 1987 3493 ter-

412 3536 531 3577 ram
592 3525 976 3581 sanctificavit.
1017 3523 1114 3580 Vir
1140 3527 1358 3596 quidem
1424 3529 1680 3599 apostolis
1742 3541 1987 3600 tempore

413 3614 705 3683 posterior,
737 3626 795 3670 at
822 3616 1101 3686 praeclaris
1130 3617 1459 3675 facinoribus
1505 3623 1653 3690 prior
1683 3622 1818 3690 (54).
1878 3622 1987 3679 Nec

413 3718 627 3759 meeum
654 3705 814 3760 velim
858 3705 1172 3776 indigneris,
1204 3706 1382 3773 Petre,
1434 3709 1726 3766 molesteve
1758 3713 1985 3778 habeas,

400 3792 646 3861 'Jacobe,
678 3796 762 3850 vel
792 3811 935 3867 agre
975 3796 1139 3863 feras,
1168 3797 1427 3867 Joannes,
1477 3800 1523 3858 si
1575 3803 1770 3859 nedum
1800 3819 1984 3875 parem

413 3895 597 3942 vestro
624 3886 841 3943 virtutis
878 3889 1057 3944 studio
1081 3890 1255 3945 virum
1287 3902 1559 3962 statuam,
1609 3909 1797 3950 verum
1820 3896 1984 3950 etiam

413 3977 591 4048 majus
645 3977 847 4046 aliquid
902 3980 952 4036 ei
1007 3980 1246 4038 tribuere
1293 3985 1514 4041 videar:
1576 3986 1686 4042 imo
1730 3988 1983 4059 gaudete,

412 4070 644 4141 latoque
695 4085 757 4127 ac
816 4071 970 4127 hilari
1033 4073 1181 4130 vultu
1237 4075 1496 4147 excipite.
1546 4077 1755 4148 Quippe
1802 4089 1985 4150 patres

410 4163 569 4229 estis,
594 4179 731 4235 quos
756 4164 935 4220 nullus
960 4166 1176 4222 invidiae
1229 4167 1366 4223 livor
1417 4170 1749 4238 exstimulet,
1783 4174 1985 4240 quique

412 4256 585 4321 magis
617 4257 890 4327 praeclaris
913 4258 1142 4313 filiorum
1168 4260 1499 4317 facinoribus
1530 4264 1900 4331 adgaudeatis,
1919 4279 1986 4320 ac

412 4349 610 4419 quibus
645 4352 837 4423 volupe
899 4354 972 4408 sit
1001 4370 1032 4406 a
1068 4354 1201 4408 filiis
1229 4354 1429 4407 virtute
1446 4355 1650 4423 prmiri.
1688 4353 1900 4409 Etenim
1934 4356 1980 4411 si

411 4443 540 4515 quid
574 4444 724 4510 boni,
755 4445 1111 4515 praeclarique
1140 4454 1348 4515 gestum
1375 4453 1460 4499 est
1483 4460 1512 4498 a
1540 4442 1834 4516 Stephano.
1854 4446 1983 4503 illud

2084 592 2396 663 καλούμεθα
2436 591 2492 645 δέ
2518 593 2626 647 ἀπὸ
2654 593 2821 663 εὐχῆς
2848 594 2929 657 είς
2956 594 3143 664 εὐχὴν,
3171 595 3264 646 καὶ
3293 593 3388 647 τοῦ
3448 594 3659 666 Κυρίου

2082 684 2151 738 τά
2183 684 2485 753 Θεοφάνεια
2510 683 2918 756 καταλαμϐάνει
2951 686 2985 756 ή
3012 684 3105 739 τοῦ
3129 684 3313 738 δούλου
3344 686 3499 757 τιμή.
3536 687 3660 741 Κάν

2082 795 2142 831 τε
2174 778 2231 831 δὲ
2264 777 2400 848 πρὸς
2435 778 2533 848 τὴν
2557 777 2811 848 γέννησίν
2835 795 2918 841 τις
2948 778 3139 849 ἀπείδῃ
3164 778 3257 831 τοῦ
3286 778 3413 849 χθὲς
3433 778 3659 849 τεχθέν·-

2083 884 2175 931 τος
2199 866 2284 920 διά
2314 866 2535 939 σαρκὸς,
2572 868 2667 923 καὶ
2693 867 2779 920 ἀεὶ
2799 867 2950 930 ὄντος
2977 867 3118 921 κατά
3153 869 3250 939 τὴν
3273 867 3518 936 θεότητα-
3554 869 3659 923 κᾶν

2082 975 2144 1011 τε
2181 957 2316 1028 πρὸς
2342 957 2402 1010 τὸ
2447 956 2656 1011 ἐκείνου
2693 958 3011 1030 μαρτύριον,
3041 958 3175 1029 ὅπερ
3204 959 3442 1029 σήμερον
3464 961 3492 1012 6
3528 976 3661 1027 γεν-

2084 1056 2230 1115 ναῖος
2262 1051 2470 1126 ύπέστη
2503 1050 2776 1123 θεράπων*
2807 1049 2977 1104 πολλά
3018 1050 3118 1121 μὲν
3146 1051 3367 1123 εὑρήσει
3416 1051 3510 1106 καὶ
3535 1070 3661 1105 ποι-
3702 1071 3717 1077 ο

2085 1144 2210 1199 χίλα
2236 1143 2305 1197 τά
2352 1143 2671 1215 πράγματα,
2702 1143 2798 1198 ἕνα
2825 1143 2882 1196 δὲ
2910 1142 3132 1207 σκοπὸν,
3173 1141 3261 1197 ἴνα
3293 1146 3454 1214 ἡμεῖς
3508 1144 3661 1198 διδα-

2085 1236 2301 1307 χθῶμεν
2332 1236 2430 1306 τὴν
2475 1235 2776 1289 εὐσέϐειαν.
2812 1234 2954 1299 Χθές
2992 1235 3090 1306 μὲν
3145 1251 3238 1289 ουν
3266 1235 3541 1306 ἐμάθομεν
3568 1235 3659 1290 διὰ

2085 1328 2185 1398 τῆς
2210 1326 2497 1396 ἐγκυκλίου
2526 1328 2620 1382 καὶ
2657 1327 2919 1399 συνήθους
2948 1328 3164 1400 ἑορτῆς,
3196 1329 3277 1381 ὅτι
3322 1329 3589 1400 ἐγεννήθη
3628 1330 3660 1381 6

2084 1419 2178 1473 τοῦ
2233 1419 2437 1490 κόσμου
2466 1420 2676 1491 Σωτήρ,
2723 1421 2818 1474 καὶ
2870 1420 2899 1472 6
2948 1420 3184 1491 ἄσαρκος
3214 1420 3659 1492 τὴν.ήμφιάσατο

2088 1511 2284 1582 σάρκα,
2332 1510 2427 1565 καὶ
2463 1512 2491 1565 6
2526 1510 2811 1583 ἀσώματος
2845 1511 3133 1566 ἐνεδύσατο
3185 1512 3365 1584 σῶμα·
3412 1509 3531 1567 εἶτα
3573 1514 3659 1568 ὅτι

2087 1604 2181 1656 καὶ
2213 1603 2353 1675 ὑπὲρ
2380 1602 2537 1675 ήμῶν
2564 1601 2887 1668 κατεδέξατο
2915 1603 3084 1673 πάθη,
3117 1604 3211 1658 καὶ
3232 1603 3420 1677 ὑψώθη
3447 1605 3540 1658 ἐπὶ
3562 1604 3660 1658 τοῦ

2089 1692 2265 1760 ξύλου,
2290 1695 2388 1765 οὐχ
2422 1694 2562 1765 ὑπὲρ
2583 1694 2741 1749 ἄλλου
2760 1695 2925 1760 τινος,
2960 1696 2994 1766 ἢ
3021 1696 3163 1768 ὑπὲρ
3214 1695 3491 1767 ἡμετέρας
3520 1713 3663 1768 ςπρο-

2087 1788 2255 1851 νοίας.
2279 1788 2526 1860 Σήμερον
2561 1787 2617 1840 δὲ
2641 1786 2907 1859 βλέπομεν
2938 1789 3027 1842 τὸν
3055 1790 3297 1856 γενναῖον
3353 1788 3663 1859 ἀγωνιστὴν

2090 1878 2232 1950 ὑπὲρ
2264 1879 2474 1933 ἐκείνου
2514 1877 2993 1951 καταλιθούμενον,
3040 1879 3127 1933 ἵνα
3172 1879 3364 1951 αἵματι
3420 1879 3665 1952 ἀποτίσῃ

2085 1970 2185 2043 τὴν
2218 1970 2358 2041 ὑπὲρ
2383 1970 2616 2042 αἵματος
2633 1970 2814 2044 χάριν.

2159 2237 2428 2309 Στέφανος
2454 2232 2569 2305 οὖν,
2604 2238 2635 2291 6
2660 2236 2760 2308 τῆς
2788 2235 3151 2307 πανηγύρεως
3180 2233 3386 2305 ταύτης
3416 2251 3665 2303 συναγω-

2087 2331 2239 2400 γεὺς,
2260 2332 2289 2385 6
2313 2329 2546 2394 καλέσας
2577 2330 2611 2401 ή
2621 2330 2726 2402 μᾶς
2752 2329 2845 2382 ἐπὶ
2865 2328 2965 2399 τὴν
2992 2326 3277 2398 ὁρωμένην
3299 2325 3664 2397 εὐφροσύνην,

2088 2425 2117 2477 6
2153 2421 2559 2495 δημαγωγήσας
2588 2423 2662 2486 ὡς
2677 2420 2807 2493 μίαν
2830 2419 2930 2491 τὴν
2942 2419 3117 2484 πόλιν,
3134 2419 3275 2491 ἀνὴρ
3306 2418 3530 2490 ἀπαρχὴ
3548 2418 3665 2471 τῶν

2093 2510 2771 2588 μαρτύρων,⁶διδάσκαλος
2814 2511 2920 2566 τῶν
2966 2510 3107 2582 ὑπὲρ
3163 2508 3399 2582 Χριστοῦ
3456 2507 3662 2569 πόνων,

2089 2607 2293 2678 κρηπὶς
2327 2606 2428 2676 τῆς
2466 2605 2637 2672 καλῆς
2656 2603 2963 2674 ὁμολογίας.
2994 2602 3109 2675 Πρὸ
3123 2601 3230 2673 γάρ
3255 2598 3525 2673 Στεφάνου
3578 2598 3666 2653 οὐ·

2087 2698 2197 2762 δεὶς
2227 2698 2369 2769 ὑπὲρ
2396 2697 2489 2751 τοῦ
2512 2696 2841 2766 Εύαγγελίου
2871 2694 3083 2766 ἐξέχεεν
3104 2690 3260 2765 αἷμα.
3304 2691 3444 2745 Ἀλλ’
3468 2689 3665 2762 ῶσπερ

2089 2790 2227 2842 Κάῖν
2272 2790 2477 2851 ἐκεῖνος
2511 2778 2938 2857 ὁάδελφοκτὸνος
2969 2784 3173 2855 (καθώς
3213 2800 3281 2855 με
3332 2783 3577 2837 διδάσκει
3623 2784 3659 2851 ή

2086 2880 2181 2935 τοῦ
2205 2879 2481 2946 Μωῦσέως
2520 2879 2748 2952 ἱστορία)
2785 2880 2884 2951 τὴν
2916 2877 3338 2948 ἀδελφοκτονίαν⁴
3364 2876 3667 2947 εἰργάσατο

2092 2970 2394 3044 (ἀναλαϐὼν
2412 2972 2521 3043 γάρ
2536 2972 2655 3027 ἀντὶ
2676 2972 2773 3043 τῆς
2797 2972 3031 3041 φυσικῆς
3052 2970 3230 3039 φιλίας
3247 2968 3416 3041 ἔριδα,
3444 2967 3667 3040 πρῶτος

2089 3065 2233 3136 φόνῳ
2288 3064 2385 3137 τὴν
2457 3065 2560 3136 γῆν
2589 3064 2901 3132 ἐκαίνισεν)·
2960 3063 3133 3127 οὓτως
3184 3063 3278 3116 καὶ
3327 3061 3603 3129 Στέφανος
3638 3060 3667 3111 6

2090 3155 2486 3227 τρισμακάριος
2519 3154 2734 3226 πρῶτος
2757 3154 2834 3226 τῷ
2855 3154 3039 3225 οίκείῳ
3082 3154 3275 3225 αἵματι
3297 3154 3396 3223 τὴν
3442 3152 3551 3221 γῆν
3576 3151 3667 3205 διὰ

2089 3248 2197 3302 τῶν
2229 3249 2483 3311 εὐσεϐῶν,
2517 3248 2911 3320 ἀγωνισμάτων
2942 3240 3185 3318 ἡγίασεν,
3219 3246 3359 3319 ἀνὴρ
3394 3248 3506 3309 τοῖς
3532 3244 3668 3316 χρό-

2088 3357 2197 3404 νοις
2225 3340 2332 3393 τῶν
2356 3339 2668 3394 ἀποστόλων
2686 3338 2957 3410 δεύτερος,
2985 3341 3099 3402 τοῖς
3121 3337 3178 3391 δέ
3205 3333 3667 3407 ἀνδραγαθήμασι

2091 3432 2326 3504 πρῶτος.
2358 3433 2465 3486 Καί
2491 3450 2581 3504 μοι
2605 3432 2679 3504 μὴ
2707 3432 3113 3505 ἀγανακτήσῃς.
3141 3429 3314 3501 Πέτρε
3333 3446 3348 3460 ο
3393 3426 3467 3499 μὴ
3500 3426 3669 3497 ἀχθευ

2091 3521 2243 3593 σθῇς,
2277 3521 2526 3576 Ἰάκωϐε’
2564 3521 2638 3594 μὴ
2664 3521 3013 3594 δυσχεράνῃς,
3044 3518 3284 3588 Ἰωάννη,
3315 3518 3362 3570 εί
3388 3515 3461 3587 μὴ
3499 3516 3667 3585 μόνον

2092 3613 2364 3686 συγκρίνω
2390 3616 2456 3685 τῆ
2474 3615 2520 3645 ’⁸
2552 3613 2791 3685 ὑμετέρᾳ
2822 3612 3107 3682 φιλοσοφίᾳ
3129 3609 3221 3663 τὸν
3248 3600 3436 3677 ἄνδρα,
3466 3604 3586 3659 ἀλλ’
3617 3603 3670 3657 εί

2087 3723 2139 3759 τι
2177 3707 2271 3761 καὶ
2310 3702 2471 3760 πλέον
2505 3706 2651 3778 αύτῷ
2684 3707 2868 3777 νέμειν
2923 3703 3111 3758 ἐθέλω
3154 3700 3353 3774 μᾶλλον
3399 3696 3665 3768 γάνυσθε,

2088 3799 2184 3854 καὶ
2209 3799 2397 3871 ήδέως·
2439 3799 2657 3869 ἄφθονοι
2691 3800 2798 3869 γάρ
2830 3799 2952 3851 ἐστε
2985 3796 3239 3868 πατέρες,
3273 3793 3367 3849 καί.
3393 3794 3505 3855 τοῖς
3529 3807 3668 3844 κατ-

2088 3890 2369 3964 ορθώμασι
2396 3890 2503 3946 τῶν
2539 3891 2668 3945 υἱῶν
2696 3890 3083 3960 ἐπαγάλλεσθε,
3113 3891 3207 3943 καὶ
3232 3888 3402 3960 ήδὲως
3438 3884 3666 3940 νικᾶσθε

2089 3985 2242 4055 παρά
2275 3984 2384 4039 τῶν
2416 3985 2621 4039 παίδων
2649 3987 2728 4049 είς
2775 3984 2997 4055 ἀρετήν.
3031 3983 3093 4036 El
3118 3981 3226 4053 γάρ
3272 3997 3324 4033 τι
3354 3977 3520 4033 καλὸν
3571 3978 3666 4031 καὶ

2092 4078 2236 4150 μέγα
2273 4076 2422 4148 παρά
2455 4077 2549 4130 τοῦ
2589 4077 2878 4146 Σαεφάνου,
2912 4074 3070 4129 τοῦτο
3120 4074 3336 4135 πάντως
3372 4070 3662 4141 ὑμέτερον,

2088 4170 2389 4225 παιδευτῶν
2427 4170 2659 4233 ἐκείνου,
2695 4169 2789 4222 καὶ
2842 4166 3237 4237 μυσταγωγῶν.
3290 4164 3354 4217 Ἦ
3399 4163 3508 4235 γάρ
3552 4163 3666 4216 τῶν

2088 4263 2338 4332 ἀθλητῶν
2367 4261 2715 4331 εὐδοκίμησις
2744 4259 2869 4324 δόξα
2901 4258 3109 4326 γίνεται
3142 4256 3235 4310 τοῦ
3288 4254 3663 4326 παιδοτρίϐου.

2087 4355 2196 4422 Διὸ,
2234 4354 2427 4425 μικρὸν
2451 4355 2593 4424 ὑμᾶς
2626 4352 3118 4423 παραιτησάμενος,
3141 4350 3251 4420 ἐρῶ
3283 4347 3420 4419 μετά
3451 4350 3667 4419 παρρη-

2089 4446 2209 4510 σίας
2233 4446 2269 4500 ἀ
2305 4464 2396 4518 μοι
2446 4446 2661 4499 δίδωσιν
2688 4447 2721 4515 ή
2772 4443 3024 4508 ὑπόθεσις
3059 4445 3137 4507 είς
3175 4442 3504 4514 συνηγορίαν
3571 4440 3664 4495 τού

410 4535 589 4605 Ipsum
625 4536 881 4593 continuo
910 4547 1153 4593 vestrum
1190 4546 1299 4603 est,
1322 4536 1412 4604 qui
1456 4536 1602 4591 illum
1643 4538 1980 4603 instituistis,

2090 4537 2228 4593 κατά
2259 4537 2492 4608 Χριστὸν
2515 4536 2800 4608 ἀριστέως.

409 4643 475 4684 ac
495 4629 666 4683 sacris
704 4630 957 4684 initiastis
1009 4629 1325 4699 disciplinis.
1384 4629 1771 4685 Comntendata
1840 4646 2074 4701 uanique
2113 4632 2438 4685 athletarum
2497 4630 2755 4701 probitas,
2812 4630 2875 4682 in'
2932 4627 3194 4684 celebrem
3246 4627 3663 4698 palmstritarum

407 4724 634 4794 gloriam
692 4724 852 4782 cedit.
899 4722 1163 4790 Quocirca
1212 4723 1429 4780 avobis
1468 4724 1736 4795 paululum
1797 4725 2011 4779 veniam
2074 4736 2344 4794 precatus,
2415 4726 2603 4790 libere,
2658 4740 2780 4795 qua:
2826 4723 2955 4778 mihi
3009 4730 3385 4791 argumentum
3436 4721 3663 4790 prmbet,

406 4821 512 4890 piis
540 4820 640 4875 viri
668 4819 874 4875 strenui
926 4818 1125 4874 Christi
1155 4834 1318 4873 causa
1351 4821 1757 4888 certaminibus,
1787 4822 2085 4892 patrocinio
2117 4822 2338 4878 el‘l‘abor.

476 4913 770 4985 Discipuli-3
794 4912 914 4968 aliis
935 4912 1204 4981 antiquior
1220 4928 1302 4977 es.
1317 4914 1501 4969 sancte
1513 4914 1691 4981 Petre,
1707 4917 1979 4971 omnium-

2154 4915 2527 4988 Πρεσϐύτερος
2547 4912 2596 4968 εί
2616 4914 2724 4968 τῶν
2753 4912 3032 4985 μαθητῶν,
3062 4913 3185 4981 ἆγιε
3217 4911 3411 4983 Πέτρε,
3440 4911 3539 4967 καὶ⁸
3561 4912 3667 4984 πρὸ

406 5021 512 5075 que
559 5007 784 5075 primus,
821 5004 1004 5060 Iesum
1062 5004 1338 5060 Christum
1387 5006 1739 5062 annnntiasti.
1786 5006 1978 5062 Verum

2090 5005 2302 5062 πάντων
2334 5006 2426 5061 τὸν
2471 5005 2678 5076 Ἰησοῦν
2722 5003 2956 5077 Χριστὸν
3013 5002 3398 5074 κατήγγειλας.
3452 5004 3575 5059 Ἔτι
3608 5003 3665 5058 δέ

406 5110 531 5149 cum
570 5094 746 5152 adhuc
765 5093 1131 5166 evangelicum
1161 5093 1276 5161 ipse
1297 5105 1603 5149 sermonem
1630 5095 1975 5165 prmtlicares.

406 5197 586 5254 eaque
619 5184 724 5237 alia
761 5183 819 5238 in
844 5184 1003 5238 aliam
1034 5183 1225 5239 urbem
1279 5183 1721 5254 proficiscereris,
1759 5187 1981 5256 provin-

2085 5097 2179 5152 σοῦ
2210 5098 2303 5154 τὸν
2327 5098 2484 5168 λόγον
2516 5098 2607 5152 τὸν
2636 5095 2991 5165 εύαγγελικὸν
3025 5094 3407 5167 κηρύττοντος,
3439 5096 3537 5151 καὶ
3572 5095 3667 5150 πύ-

2084 5187 2167 5240 λιν
2201 5189 2265 5241 ἐκ
2298 5187 2504 5249 πόλεως
2535 5184 2828 5257 μετιόντος,
2871 5184 2965 5237 καὶ
2997 5182 3180 5256 χώραν
3205 5184 3269 5237 ἐκ
3293 5182 3478 5255 χώρας
3507 5181 3664 5253 ἀμεί-

478 5341 525 5418 1t
579 5340 716 5398 Gen,
753 5356 827 5409 ιν,
879 5342 914 5396 8
945 5358 1069 5414 sqq.
1143 5345 1189 5377 ⁷²
1225 5343 1281 5399 S.
1318 5344 1482 5399 Andr.
1514 5344 1645 5400 Cutl.
1678 5344 1901 5414 ἄμεινον
1924 5361 1984 5415 κε

2090 5362 2162 5399 ντι
2217 5349 2352 5418 τῇ...
2409 5347 2503 5401 καὶ⁵
2554 5346 2714 5401 πλέον
2740 5345 2910 5417 αὐτῷ.

481 5416 601 5530 (δᾲ)
651 5451 929 5530 Ρνωσίιετίι
979 5457 1301 5530 facinoribus
1334 5460 1497 5530 prior,
1524 5456 1747 5530 107963:
1787 5457 1984 5530 ἀνδρων

2098 5416 2299 5524 verba,
2342 5459 2615 5530 τολμηρὸν
2654 5459 2763 5530 γάρ
2804 5457 3149 5530 ἐπιπλεῖστον
3204 5454 3332 5524 περὶ
3378 5450 3661 5530 πρωτείων

411 5521 726 5602 ιγᾳᾷήιέασι⁵
744 5521 993 5595 πρῶτος.
1018 5525 1243 5581 Videtur
1263 5521 1392 5595 ipsis
1434 5521 1690 5602 apostolis
1713 5521 1984 5602 praelatum

2091 5521 2451 5600 ἁμιλλᾶσθαι’
2496 5521 2772 5602 πατράσί,
2816 5528 2958 5602 aliud
3004 5536 3123 5579 sunt
3153 5564 3169 5587 ,
3204 5521 3373 5602 quam
3421 5521 3659 5602 modeste

416 5594 553 5668 velle
581 5595 915 5668 Stephanum
948 5594 967 5650 :'
999 5613 1191 5668 verum
1228 5594 1508 5668 sequentia
1542 5597 1820 5668 nonaliud
1864 5611 1992 5668 pro-

408 5659 580 5737 bant,
611 5659 781 5737 \qtiain
813 5666 1065 5737 nonnulla
1114 5667 1200 5722 illa
1236 5659 1589 5737 praerogativa
1626 5666 1741 5737 illis
1769 5659 1991 5735 praicel-

412 5730 550 5796 lere,
589 5730 729 5807 quod
763 5736 1037 5807 praeit/erit
1078 5737 1130 5792 in
1163 5730 1636 5807 martyrii'palma,
1662 5730 1986 5807 primusque

417 5800 782 5871 evangelicani
830 5806 1128 5863 doctrinam
1168 5800 1719 5883 sanguinesanxerit.
1756 5805 1863 5861 Nec
1898 5800 1982 5864 illa

2090 5586 2435 5666 eicusantis,
2491 5610 2550 5671 ut
2598 5586 2664 5655 ne
2695 5586 2769 5671 in,
2797 5599 2916 5652 aliis
2952 5609 3155 5671 magno
3202 5586 3363 5647 Petro
3408 5586 3657 5671 conferre

2091 5664 2523 5743 praesumat,'vel
2548 5685 2626 5743 eo
2661 5670 2915 5739 majorem
2948 5664 3280 5743 Stephanum
3322 5664 3540 5714 omnino
3574 5672 3660 5711 as-

2086 5750 2254 5797 serat.
2285 5742 2340 5797 ld
2369 5749 2518 5796 certe
2546 5740 2812 5797 incautum
2852 5754 2914 5795 ac
2943 5740 3306 5792 temerarium.
