3820 6316
141 358 217 414 ill
1003 357 1288 415 HOMILIA
1331 356 1448 413 XII.
1497 354 1565 412 IN
1611 356 1895 416 LAUDEM
1940 359 1998 415 S.
2055 359 2415 418 STEPHANI.

3265 366 3372 422 51?.

143 475 319 537 ὕοντος,
355 478 446 529 καὶ
501 477 791 543 πονοῦντος
825 477 884 532 τὸ
925 481 1208 552 κήρυγμα,
1249 471 1403 546 οὗτος
1446 478 1700 535 εἰσελθὼν

1830 481 2054 551 :iamque
2084 498 2146 537 ac
2175 485 2450 552 regionem
2501 499 2568 539 ex
2626 484 2842 554 regione
2867 499 2929 540 ac
2955 486 3230 555 provincia
3259 505 3376 543 uui-

145 570 209 631 ci;
230 568 282 620 τὸ
309 569 540 633 στάδιον,
574 570 669 623 καὶ
713 570 971 642 ἀρπάσας
1024 571 1132 626 τῶν
1166 573 1562 643 ἀγωνισμάτων
1603 555 1692 628 τὸν

145 659 399 729 στέφανον,
440 660 718 732 μετελθὼν
779 663 859 727 είς
891 663 984 716 τὸν
1017 663 1242 736 οὐρανὸν
1290 665 1570 736 ὲδοξάσθη’
1621 666 1699 720 ἔτι

152 750 223 803 τοῦ
251 751 375 821 περὶ
409 752 516 822 γῆν
544 753 936 824 στρεφομένου*
957 755 1052 808 καὶ
1085 755 1144 808 τὸ
1179 755 1382 827 μεῖζον,
1416 755 1581 810 αὑτοῦ
1607 756 1700 810 τοῦ

1807 579 1974 636 tares,
2040 572 2378 644 instaresque
2427 573 2612 636 verbo,
2666 571 2941 643 ingressus
2997 573 3085 629 hic
3119 574 3373 640 stadium,

1805 664 2274 735 certaminumque
2333 666 2548 735 rapiens
2599 679 2881 732 coronam,
2931 675 2981 720 te
3043 666 3257 722 interim
3320 666 3376 721 in

1808 764 1950 810 terra
1982 767 2258 822 versante,
2288 757 2484 812 cmlum
2517 772 2826 826 capessens,
2869 757 3093 828 gloriam
3151 757 3376 827 adeptus

150 841 328 912 [ἰατρὸς
363 842 459 895 καὶ
489 843 620 895 Υίοῢ
640 843 932 908 καλοῦντος
952 844 1114 900 αὑτὸν
1141 845 1231 898 διὰ
1257 845 1356 917 τῆς
1386 845 1702 917 θαυμαστῆς

1830 854 1890 900 :st
1919 863 1934 900 :
1973 847 2222 916 quodque
2248 846 2423 911 majus
2457 847 2726 912 videatur,
2763 863 2886 902 cum
2918 846 3089 917 ipsum
3121 847 3280 901 Pater
3313 861 3378 902 ao

147 934 398 998 ὀπτασίας.
443 936 632 998 Οὑτως
690 937 787 1007 μὲν
821 937 914 990 καὶ
957 940 986 991 6
1024 939 1250 1009 Πέτρος
1288 939 1379 992 καὶ
1427 940 1589 1010 ἀρκεῖ
1636 941 1704 994 τά

148 1030 708 1099 είπμέιθαρτολμηρδν
738 1030 847 1102 γὰρ
885 1031 1230 1085 ἐπιπλεῖστον
1258 1033 1385 1104 περὶ
1423 1034 1705 1103 πρωτείων

146 1119 446 1188 ἁμιλλᾶσθαι
481 1117 778 1192 πατράσιν.
809 1122 1036 1192 Ἷδωμεν
1065 1122 1120 1176 δὲ
1150 1123 1243 1176 κα)⁸
1272 1122 1340 1176 τά
1375 1123 1463 1186 σά,
1481 1123 1704 1177 Ἰάκωϐε

149 1211 314 1278 ἀδελςὲ
345 1210 440 1264 τοῦ
490 1211 760 1264 Ἰωάννου.
794 1213 1198 1283 Εὑαγγελιστὴς
1222 1208 1275 1267 εἴ
1295 1195 1389 1266 τοῦ
1446 1214 1705 1285 Χριστοῦ,

148 1301 339 1370 θήραμα
365 1300 619 1372 δεύτερον
664 1303 804 1373 μετά
848 1303 1070 1374 Πέτρον.
1100 1304 1212 1356 Καὶ
1237 1304 1318 1367 τίς
1352 1305 1452 1357 οὑκ
1474 1305 1539 1359 ἂν
1573 1307 1708 1375 ἀγα-

153 1392 278 1461 σθείη
313 1409 406 1444 σου
436 1392 539 1462 τῆς
568 1393 841 1458 πίστεως;
874 1395 1050 1448 Μόνον
1073 1395 1183 1467 γὰρ
1207 1395 1464 1467 ἐκλήθης,
1494 1398 1586 1451 καὶ
1604 1416 1710 1470 μη-

148 1485 220 1536 δὲν
249 1485 523 1555 μελλήσας
548 1487 887 1558 ὑπήκουσας.
918 1487 1227 1551 Κατέλιπες
1254 1487 1392 1559 μετά
1445 1489 1545 1560 τῆς
1575 1509 1710 1563 πορο

150 1576 311 1644 Θμίδος
339 1579 435 1630 κα)⁸
472 1577 566 1630 τὸν
597 1577 808 1648 πατέρα
839 1578 930 1631 τὸν
947 1579 1249 1634 Ζεϐεδαῖονο
1267 1579 1641 1652 ἡκολούθησας
1653 1582 1710 1635 δὲ

153 1671 226 1722 καὶ
255 1670 329 1740 τῷ
350 1670 574 1742 Χριστῷ
602 1671 678 1735 ὡς
706 1672 930 1743 γνήσιος
973 1673 1240 1745 μαθητής.
1286 1675 1528 1740 Ἔπαθες
1574 1676 1710 1748 ὑπὲρ

150 1765 231 1831 τῆς
259 1763 538 1828 εὐσεϐείας
569 1763 884 1836 προθύμως,
925 1765 1190 1837 ὁμολογῶ·
1233 1767 1478 1840 μαχαίρᾳ
1515 1769 1624 1840 γάρ
1653 1785 1712 1822 σε

1811 936 1977 994 Filius
2039 939 2244 994 visione
2294 940 2380 991 illa
2439 940 2740 994 admirabili
2798 946 3084 994 vocarent.
3129 938 3380 1006 Sic‘ipse

1812 1030 2028 1095 Petrus,
2067 1032 2238 1100 deque
2262 1046 2326 1086 eo
2357 1032 2496 1087 dicta
2527 1031 2810 1086 suiliciant.
2869 1032 3104 1085 Summae
3145 1043 3380 1099 namque

1812 1122 2161 1192 impudentia:
2194 1135 2298 1189 εει,
2329 1125 2722 1180 contentiosius
2753 1127 2817 1178 de
2867 1126 3101 1194 primatu
3129 1139 3248 1177 cum
3279 1137 3378 1192 pa-

1811 1215 1983 1270 tribus
2014 1198 2270 1279 certarc,
2311 1217 2646 1286 honorisque
2681 1218 3085 1287 prmrogativam
3134 1217 3214 1271 eis
3244 1216 3382 1269 invi-

1811 1307 1963 1362 dere.
1990 1288 2281 1363 Videamus
2315 1318 2496 1363 autem
2527 1318 2580 1364 et
2627 1321 2737 1373 tua,
2789 1308 2987 1364 Jacobe
3020 1307 3384 1364 Joannisl'ra-

1812 1406 1896 1452 ter
1928 1397 1994 1454 ⁷⁸.
2022 1397 2222 1462 Christi
2255 1399 2475 1454 exsistis
2507 1416 2706 1470 prmco,
2763 1401 2989 1456 alterum
3037 1415 3065 1453 a
3099 1399 3260 1454 Petro
3290 1414 3384 1451 aus

1811 1488 2048 1556 Cupium.
2075 1489 2208 1556 Quis
2240 1505 2494 1545 verouon
2552 1499 2698 1545 tuam
2735 1491 3030 1545 admiretur
3066 1490 3264 1544 fidem?
3285 1488 3385 1542 So-

1815 1579 1922 1633 lum
1962 1581 2108 1635 enim
2139 1590 2383 1648 vocatus,
2419 1582 2562 1637 nulla
2587 1583 2768 1638 statim
2799 1599 2947 1638 mora
2975 1583 3384 1651 obtemperasti.
3480 1617 3486 1624 -

1816 1667 1930 1724 Una
1962 1685 2083 1725 cum
2117 1671 2398 1738 navicula,
2425 1673 2587 1738 etiam
2642 1674 3216 1742 Zebedazumpatrem
3264 1671 3390 1726 reli-.

1816 1763 2000 1830 quisti,
2034 1749 2310 1820 Christum
2363 1779 2618 1836 sequens,
2681 1765 2757 1834 uti
2804 1780 2964 1820 verus
2991 1777 3394 1834 germanusque

161 1855 384 1928 Ἡρώδης
425 1859 455 1910 6
495 1857 762 1928 τύραννος
799 1858 1142 1930 διεχρήσατο·
1183 1859 1318 1914 ἀλλά
1341 1861 1478 1932 μετὰ
1507 1861 1712 1930 Στέφαο

1830 1853 2129 1924 liscipulus.
2164 1856 2364 1931 Alacri.
2388 1859 2569 1924 animo
2622 1859 2811 1930 fateor,
2841 1855 3393 1927 progreligionepas-

153 1966 226 2001 νον
253 1949 467 2013 πολλοῖς
495 1948 722 2021 ὕστερον
757 1949 990 2020 χρόνοις.
1013 1951 1122 2004 Καὶ
1151 1951 1204 2004 τί
1223 1951 1350 2016 τοὺς
1375 1951 1708 2007 καθέκαστον

152 2042 400 2112 ὀνομάζω,
452 2043 618 2096 ὁπότε
650 2043 792 2097 κατά
837 2043 1055 2097 πάντων
1101 2043 1236 2114 ὁμοῦ
1285 2043 1393 2098 τῶν
1428 2045 1620 2114 ἁγίων,
1649 2045 1712 2098 τὸ

153 2133 230 2188 τοὺ
279 2134 578 2206 μαρτυρίου
611 2135 861 2207 βραϐεῖον
880 2135 1138 2201 ἀνείλετο,
1169 2137 1382 2208 πρῶτος
1411 2137 1502 2191 τὸν
1535 2137 1716 2191 διάϐο-

153 2227 227 2282 λον
254 2229 725 2300 παραταξάμενος,
756 2231 851 2284 καὶ
889 2231 1106 2302 πρῶτος
1128 2231 1373 2302 νικήσας,
1404 2231 1714 2303 μιμησάμε-

155 2338 226 2383 νος
243 2321 328 2374 τὸν
357 2321 542 2385 Δαϐὶδ,
565 2322 612 2373 εί
633 2321 729 2374 καὶ
751 2321 816 2374 δι’
835 2321 1191 2393 ἀντιστρόφου
1224 2320 1316 2376 τοῦ
1355 2321 1711 2394 πράγματος;

155 2412 318 2476 Λίθοις
343 2415 372 2466 6
402 2412 567 2467 Δαϐὶδ
615 2413 704 2466 τὸν
733 2411 924 2467 Γολιάθ
959 2413 1207 2484 ἐνίκησε,
1254 2412 1421 2477 λίθοις
1459 2414 1554 2467 καὶ
1589 2413 1716 2467 Στέ-

156 2522 306 2570 ςανος
329 2503 416 2556 τὸν
441 2504 712 2558 διάϐολον⁵
745 2504 860 2557 ἀλλ’
898 2507 926 2557 6
955 2505 1073 2575 μὲν,
1101 2500 1184 2569 οἷς
1217 2505 1432 2559 ἔϐαλεν
1468 2508 1495 2559 6
1532 2507 1609 2566 δὲ,
1640 2500 1722 2570 οἷς

156 2595 357 2665 ἐϐλήθη.
387 2595 579 2666 Ἡμεῖς
606 2596 685 2659 δὲ,
714 2597 742 2647 6
762 2595 998 2668 Χριστοῦ
1026 2596 1173 2661 λαὸς,
1207 2596 1283 2662 ὡς
1309 2596 1584 2669 ἡστρατιά
1601 2598 1722 2651 τότε

156 2685 239 2737 τοῦ
277 2686 503 2758 Ἰσραὴλ,
539 2686 834 2757 κράζωμεν
867 2687 960 2740 καὶ
993 2687 1346 2758 εὑφημοῦμεν
1369 2687 1437 2742 τά
1458 2689 1720 2753 ἐπινίκια,

158 2778 218 2840 ὡς
245 2779 471 2848 παρόντα
497 2779 806 2849 βλέποντες,
834 2778 910 2842 ὡς
942 2778 1154 2834 ἑστῶτα
1185 2778 1575 2851 θαυμάζοντες.

1821 1961 1914 2002 sus
1940 1949 2243 2004 occubuisti
2272 1967 2286 2004 :
2321 1951 2523 2021 quippe
2546 1967 2705 2021 quem
2735 1951 2972 2006 llerodcs
3022 1959 3282 2020 tyrannus
3304 1961 3394 2002 oc-

1823 2039 2016 2095 ciderit
2041 2040 2218 2110 gladio
2244 2042 2293 2074 ⁷⁸
2323 2059 2338 2097 :
2374 2057 2557 2116 verum
2594 2041 2776 2096 multis
2808 2042 2860 2096 id
2884 2041 3039 2095 annis
3065 2055 3093 2092 a
3129 2035 3390 2106 Stephani

1823 2149 1977 2190 nece.
2008 2134 2077 2189 At
2106 2134 2234 2205 quid
2293 2134 2564 2206 sigillatim
2614 2148 2856 2204 quosque
2926 2131 3128 2194 refero,
3179 2127 3400 2198 quando

1820 2225 2092 2282 universis
2129 2225 2291 2281 etiam
2349 2227 2568 2291 sanctis,
2603 2225 2764 2282 simul
2821 2224 3096 2292 prmripuit
3132 2220 3359 2292 palmam
3379 2235 3399 2281 ;:

1823 2319 2028 2388 primus
2059 2318 2229 2374 aciem
2272 2320 2534 2382 adversus
2589 2317 2862 2372 diabolum
2907 2317 3205 2376 instruens,
3236 2320 3398 2378 atque

1825 2412 1891 2465 de
1921 2411 2011 2464 illo
2034 2411 2313 2466 victoriam
2343 2410 2602 2478 referens,
2633 2410 2886 2464 Davidem
2911 2408 3186 2470 imitatus,
3205 2418 3405 2474 quam-.

1826 2503 1910 2557 vis
1938 2502 2013 2556 rei
2043 2503 2238 2558 ordine
2290 2503 2526 2558 inverso.
2579 2499 2720 2556 Vicit
2760 2499 2926 2555 David
2976 2493 3403 2564 Goliathlapidk

1827 2594 1929 2648 bus
1952 2594 2022 2660 ",
2049 2593 2182 2649 vicit
2213 2602 2266 2647 et
2292 2593 2597 2665 Stephanus
2647 2592 2714 2649 iis
2766 2605 2980 2661 quoque
3025 2586 3296 2644 diabolum
3327 2583 3407 2640 ’βε

1827 2685 1920 2741 llle
1961 2685 2331 2748 nihilominus,
2354 2685 2548 2756 quibus
2582 2684 2884 2755 percussit;
2941 2683 3027 2736 hic
3062 2689 3263 2743 autem,
3289 2676 3403 2747 qni-

1829 2782 1930 2836 bus
1962 2795 2252 2850 percussus
2279 2791 2382 2834 est.
2430 2779 2538 2836 Nos
2573 2788 2750 2833 autem
2801 2775 3002 2832 Christi
3057 2773 3302 2844 populus,
3340 2779 3407 2823 ut-

159 2873 274 2924 olim
305 2872 514 2927 lsraelis
565 2873 838 2926 exercitus
901 2871 1250 2926 sustollamus
1297 2886 1504 2937 vocem,
1550 2871 1852 2942 faustisque
1904 2872 1952 2925 ei
1982 2872 2466 2926 acclamationibus
2495 2885 2595 2938 pro
2647 2865 2870 2923 victoria
2926 2878 3222 2930 canamus,
3259 2862 3405 2919 velut

163 2976 458 3031 pneseutcm
492 2966 849 3029 intueremur,
881 2981 945 3021 ac
993 2980 1176 3020 coram
1215 2973 1446 3020 stantem
1472 2967 1888 3022 admiraremur.

225 3056 390 3119 Καλὸς
414 3057 512 3126 μὲν
539 3057 650 3127 γὰρ
667 3056 810 3121 am;
853 3059 881 3110 6
911 3057 1011 3127 τῆς
1056 3033 1335 3122 εὐσεϐείας
1370 3055 1724 3128 ὑπερμαχῶν,

1904 3055 2168 3110 Praeclara
2201 3071 2331 3110 sane
2357 3055 2516 3110 laude
2561 3056 2754 3126 dignus
2799 3059 3086 3108 censeatur
3117 3049 3295 3120 quivis
3322 3061 3408 3103 re-

165 3148 256 3200 κᾶν
279 3149 540 3222 δεύτερος,
570 3149 670 3202 κᾶν
696 3149 877 3221 τρίτος
897 3151 1008 3213 τοῖς
1036 3149 1446 3220 προαθλήσασιν
1476 3149 1729 3222 ἐπιγένη-

164 3242 332 3293 ται-οὑ
363 3241 468 3313 μὴν
485 3241 729 3294 τοιούτου
758 3239 1034 3312 θαύματος
1046 3241 1217 3306 ἄξιος,
1239 3235 1410 3310 οὗπερ
1437 3245 1465 3296 6
1492 3242 1724 3314 πρῶτος.

174 3329 229 3384 ’0
269 3332 360 3401 μὲν
417 3331 692 3402 δεύτερος,
741 3331 886 3402 ζήλῳ
935 3331 1028 3385 τοῦ
1075 3331 1438 3404 προλαϐόντος
1483 3332 1729 3403 ὲναχθεὶς

170 3421 288 3492 πρὸς
308 3423 399 3493 τὴν
443 3422 698 3494 μίμησιν,
755 3423 926 3487 οὑτως
956 3419 1073 3477 εἶτα
1115 3423 1349 3495 ἐλκὺσθη
1393 3425 1531 3496 πρὸς
1561 3441 1729 3477 σπου-

169 3513 269 3583 δήν·
294 3516 320 3568 6
339 3516 393 3568 δὲ
431 3515 620 3587 μηδενὶ
651 3515 986 3586 καθηγεμόνι
1015 3515 1382 3588 χρησάμενος,
1412 3517 1640 3588 εὑρετὴς
1674 3516 1731 3569 δὲ

171 3607 382 3674 γεγονὼς
405 3605 503 3659 τοῦ
544 3605 736 3671 καλοῦ,
768 3606 992 3670 εἰκότως
1029 3607 1128 3678 τὴν
1163 3607 1254 3660 τοῦ
1289 3607 1555 3679 πρωτείου
1583 3608 1732 3678 δέχε-

172 3712 245 3748 ται
270 3697 464 3767 ψῆφον.
515 3696 746 3766 Μεγάλη
786 3693 876 3750 οὑν
906 3699 938 3768 ή
971 3696 1064 3750 τοῦ
1101 3698 1292 3770 ἀνδρὸς
1325 3699 1621 3770 προθυμία·
1653 3699 1732 3753 διὸ

177 3789 357 3860 μεγάλη
387 3788 482 3842 καὶ
513 3789 548 3858 ή
577 3789 732 3859 τιμή’
782 3787 1049 3852 ἀθάνατος
1094 3788 1148 3841 δὲ
1180 3791 1213 3858 ή
1249 3791 1458 3860 μνήμη,
1495 3791 1561 3860 ἢν
1612 3789 1732 3843 οὑτε

173 3876 288 3950 λήθη
317 3879 612 3949 ἐκάλυψεν,
641 3879 766 3932 οὔτε
800 3881 989 3952 χρόνος
1016 3879 1367 3950 ἠμαύρωσενο
1406 3880 1542 3933 ἀλλά
1571 3881 1734 3948 γενεά

176 3970 223 4021 ix
252 3974 435 4038 γενεᾶς
462 3971 814 4042 διαδεχομένη
839 3970 907 4024 τὰ
926 3971 1257 4043 διηγήματα.
1280 3971 1496 4041 Ταύτην
1523 3973 1736 4046 ἀπαρα-

174 4059 327 4125 Citio;
355 4062 455 4134 τὴν
508 4062 701 4133 ἑορτὴν
734 4061 1089 4132 ἐπιτελοῦμεν
1120 4063 1305 4133 ἱερεῖς,
1337 4061 1476 4126 λαοὶ,
1525 4063 1732 4126 παῖδες,

175 4152 362 4225 ἄνδρες,
415 4158 697 4223 γυναῖκες.
758 4153 1068 4226 Σκοπητέον
1106 4155 1165 4208 δὲ
1204 4156 1297 4208 καί
1349 4155 1446 4226 τὴν
1497 4155 1736 4226 ἱστορίαν

174 4245 338 4316 αὐτὴν,
368 4247 458 4300 ἵνα
488 4248 546 4299 ὲν
575 4246 692 4318 χρῷ
721 4245 830 4300 τῶν
866 4247 1206 4318 πραγμάτων
1256 4250 1559 4320 γενόμενοι,
1604 4251 1738 4321 μᾶλ-

175 4333 246 4389 λον
266 4338 318 4390 δὲ
360 4337 451 4391 τὸν
491 4339 664 4410 ἄνδρα
704 4337 1091 4427 θαυμάσωμεν.

1833 3147 2054 3219 ligionis
2082 3157 2474 3218 propugnator,
2501 3145 2748 3216 quamvis
2796 3144 3087 3206 secundus,
3125 3140 3404 3202 tertiusve,

1834 3238 2152 3294 certaminis
2204 3239 2375 3292 aleam
2426 3237 2650 3302 subeat;
2715 3245 3022 3290 nontamen
3071 3249 3133 3288 ea
3166 3232 3417 3286 adorna--

1833 3332 2002 3397 tione,
2028 3345 2199 3400 eaque
2227 3329 2406 3393 laude,
2464 3344 2568 3398 qua
2620 3328 2844 3398 primus.
2906 3327 3187 3381 Secundus
3237 3323 3408 3382 enim,

1833 3420 2034 3492 prioris
2058 3419 2407 3492 aemulatione
2422 3419 2488 3474 ad
2514 3418 2832 3474 imitandum
2862 3418 3088 3472 adactus
3110 3433 3125 3481 ;
3147 3424 3258 3468 tum
3285 3413 3416 3466 inde

1834 3490 1906 3568 ita
1939 3512 2200 3584 percitus,
2240 3513 2308 3566 ad
2361 3490 2633 3567 ciartamen
2676 3510 2883 3580 appulit
2923 3509 3162 3562 animum
3199 3522 3215 3571 ;
3271 3505 3410 3559 alter

1831 3622 1963 3663 vero
1995 3606 2147 3662 nullo
2180 3607 2381 3677 praevio
2415 3619 2544 3661 usus
2565 3604 2724 3668 duce,
2755 3604 2975 3673 ipseque
2998 3601 3266 3658 assistens
3284 3597 3408 3653 boni

1835 3699 2106 3765 inventor,
2141 3698 2264 3769 jure
2299 3698 2491 3754 merito
2538 3696 2836 3767 principem
2898 3697 3076 3749 locum
3108 3700 3274 3748 tenet.
3300 3688 3411 3744 Ma-

1836 3803 1941 3859 gna
1971 3789 2152 3858 itaque
2176 3789 2277 3841 viri
2344 3787 2503 3858 hujus
2555 3787 3202 3852 alacritas;magnusque
3249 3779 3410 3834 etiam

1839 3882 2042 3936 idcirco
2085 3891 2139 3934 et
2201 3883 2395 3946 honos,
2436 3879 2866 3946 immortalisque
2917 3875 3200 3938 memoria.
3249 3886 3412 3942 quam

1843 3990 2014 4043 neque
2037 3974 2238 4029 oblivio
2265 3975 2370 4029 ulla
2404 3973 2740 4038 obscuravit,
2778 3985 2955 4040 neque
3015 3977 3232 4036 tempus
3277 3963 3416 4019 obli-

1841 4067 2036 4122 teravit
2070 4086 2083 4122 :
2110 4067 2236 4136 quin
2269 4067 2378 4124 imo
2407 4067 2510 4124 alia
2534 4068 2748 4138 aliaque
2769 4081 2867 4138 per
2895 4063 3291 4120 successionem
3319 4074 3413 4130 εει

1840 4160 2071 4225 neratio,
2097 4161 2351 4230 praeclara
2387 4161 2576 4216 merita
2597 4160 2901 4217 euarrando
2934 4156 3186 4226 suscepit.
3211 4153 3416 4208 Idcirco

1841 4253 1982 4308 diem
2021 4254 2162 4310 hunc
2197 4254 2392 4310 festum
2417 4254 2537 4324 jure
2553 4262 2832 4324 perpetuo,
2860 4252 3190 4313 sacerdotes,
3216 4245 3414 4317 populi.

1843 4348 2018 4414 pueri,
2054 4349 2154 4402 viri
2206 4364 2271 4404 ac
2309 4348 2584 4416 mulieres,
2614 4347 2971 4401 celebramus.
3011 4341 3207 4397 Verum
3244 4339 3416 4406 ipsam

178 4430 305 4495 prius
331 4441 588 4487 accurate
621 4433 975 4488 discutiamus
1011 4434 1317 4500 historiam,
1359 4448 1416 4489 ut
1455 4437 1522 4490 ad
1556 4452 1725 4506 usque
1767 4439 1841 4492 rei
1907 4448 2086 4494 cutem
2120 4441 2289 4506 ducti,
2355 4440 2545 4510 majori
2597 4441 2772 4494 virum
2832 4437 3192 4492 admiratione
3230 4445 3414 4500 prosc-

178 4535 398 4588 quamur.

243 4615 453 4688 Πρῶτος
486 4611 556 4687 ἦν
589 4617 697 4670 τῶν
731 4619 867 4672 κατά
906 4621 1142 4692 Χριστὸν
1179 4622 1442 4675 διακόνων
1471 4625 1500 4675 6
1536 4623 1724 4692 Στέφα-

1915 4625 2048 4680 Erat
2077 4625 2382 4696 Stephanus
2412 4624 2618 4680 Christi
2669 4623 3019 4678 diaconorum
3058 4618 3263 4688 primus
3295 4628 3422 4668 san.-

180 4723 271 4772 νος,
317 4709 651 4780 ήγιασμένος
692 4713 757 4780 τῇ
811 4711 1016 4782 χάριτι,
1064 4711 1257 4776 σκεῦος
1309 4713 1737 4785 πεπληρωμένον

179 4796 258 4850 τοῦ
286 4800 621 4870 Πνεὺματος,
655 4800 776 4852 καθ’
808 4802 1023 4874 ἡμέραν
1060 4802 1291 4872 βεϐαιῶν
1320 4804 1447 4867 τοὺς
1483 4803 1735 4870 οἰκείους,

183 4891 262 4944 καὶ
289 4894 407 4956 τοὺς
434 4893 826 4961 πλανωμένους
842 4893 980 4964 πρὸς
1004 4893 1099 4964 τὴν
1131 4893 1346 4949 εὐθεῖαν
1381 4896 1738 4967 ὑποστρέφων

181 4983 300 5038 ὁδόν.
338 4984 557 5055 Ἐπειδὴ
583 4984 640 5036 δὲ
669 4985 1025 5055 σφοδρότερον
1051 4985 1228 5056 εἴχετο
1246 4986 1344 5057 τῆς
1369 4987 1736 5053 διδασκαλίας,

186 5076 360 5144 μᾶλλον
389 5077 540 5150 παρά
567 5079 692 5140 τοὺς
716 5077 938 5140 λοιποὺς
973 5077 1319 5141 ἀποστόλους,
1348 5079 1474 5143 τοὺς
1514 5079 1740 5150 ἐχθροὺς

186 5165 367 5220 ἐλύπει·
400 5169 496 5222 καί⁵
550 5167 658 5238 πρὸ
688 5168 935 5231 ἐκείνων,
971 5168 1060 5220 τὸν
1113 5167 1328 5239 πρῶτον
1373 5169 1613 5241 δυσμενῆ
1651 5170 1742 5223 τὸν

186 5255 424 5313 διάϐολον.
477 5259 757 5330 Πυρώδεις
817 5260 926 5331 γάρ
984 5259 1193 5324 ἐκεῖνος
1244 5261 1370 5324 τοὺς
1434 5261 1745 5332 ὀφθαλμοὺς

186 5348 438 5422 ἐφίστησι,
487 5353 584 5404 καὶ
615 5352 806 5423 ἄγριον
837 5351 1153 5421 βλέποντας,
1186 5354 1299 5415 τοῖς
1327 5351 1525 5422 μᾶλλον
1553 5355 1618 5423 τῇ
1660 5353 1748 5405 εὐ-

246 5536 290 5568 ’³
315 5537 498 5596 Matth.
539 5553 616 5603 tv,
639 5537 733 5591 21.
809 5538 854 5569 ’⁸
893 5538 1014 5592 Act.
1046 5554 1149 5602 xu,
1173 5538 1226 5603 1,
1262 5538 1316 5592 9..

246 5651 348 5720 (55)
377 5653 479 5718 Qui
498 5655 692 5722 pietati
716 5671 824 5708 sese
843 5656 1186 5718 addixerunt,
1226 5651 1297 5721 τῇ
1341 5653 1614 5722 εὐσεϐείᾳ
1636 5668 1778 5704 συν-

193 5721 548 5792 ισταμένοις·
582 5725 706 5794 piis,
741 5741 806 5777 ac
827 5725 920 5794 qui
961 5728 1177 5779 student
1211 5726 1417 5778 virtuti.
1459 5721 1776 5794 lliCt'ardus,

1393 5539 1438 5568 ’⁷⁸
1469 5538 1484 5590 l
1514 5539 1644 5606 lleg.
1687 5552 1827 5601 xvtt,
1858 5533 1925 5588 49
1961 5549 2081 5602 sqq.

1846 4718 2114 4774 etificatus
2147 4717 2342 4787 gratia,
2370 4732 2465 4772 vas
2520 4715 2722 4787 Spiritu
2753 4723 2940 4769 sancto
2975 4712 3212 4782 plenum,
3245 4707 3436 4774 quoti-.

1847 4809 1934 4864 die
1967 4807 2296 4862 domesticos
2319 4805 2671 4870 conﬁrmans,
2723 4812 3078 4871 errantesque
3125 4800 3191 4854 ad
3222 4806 3437 4851 rectam.

1846 4901 1989 4955 viam
2025 4901 2311 4955 reducens.
2352 4895 2487 4952 Cum
2543 4906 2722 4952 autem
2774 4895 2954 4950 acrius
3007 4890 3268 4946 doctrina:
3291 4889 3424 4943 insi-

1847 5001 2037 5060 steret,
2070 4990 2262 5061 majori
2316 4993 2523 5056 hostes,
2565 5005 2674 5059 pne
2736 4985 2996 5058 apostolis
3030 4984 3152 5038 aliis
3179 4979 3422 5036 molestia

1851 5085 2064 5141 affecit:
2096 5102 2313 5157 praeque
2337 5086 2549 5150 iisdem,
2601 5081 2895 5142 diabolum,
2954 5080 3045 5148 qui
3091 5077 3298 5147 primus
3330 5075 3426 5128 ho—

1851 5176 1950 5232 stis
1972 5176 2204 5230 exsistit.
2243 5175 2291 5230 Is
2325 5189 2556 5242 namque
2605 5172 2789 5242 igneos
2845 5186 2907 5223 ac
2946 5179 3154 5227 truces.
3201 5165 3267 5220 iis
3301 5179 3424 5217 cum

1858 5270 2046 5340 primis
2105 5268 2326 5323 adhibet
2378 5265 2582 5328 oculos.
2646 5265 2736 5334 qui
2791 5263 2972 5332 pietati
3029 5274 3148 5316 sese
3205 5256 3423 5312 addixe-

1856 5367 1980 5409 runt
2016 5356 2148 5424 (55).
2178 5356 2375 5408 lnemu
2426 5369 2574 5421 ergo,
2612 5353 2865 5422 stipatum
2909 5350 3177 5420 quoddam
3229 5346 3429 5402 excivit

2159 5533 2204 5564 ⁷⁸
2235 5533 2355 5586 Act.
2383 5545 2480 5592 vtI,
2518 5529 2607 5593 58,
2649 5529 2735 5584 59.

1878 5651 2070 5704 haheat
2105 5647 2169 5702 ad
2202 5647 2317 5720 pios
2351 5647 2592 5700 homines
2613 5688 2628 5714 ,
2664 5662 2725 5700 ac
2758 5645 2929 5714 qualis
2961 5652 3072 5720 erat
3103 5641 3430 5720 Stephanus,

1880 5713 2214 5773 ut‘uimiruni
2266 5717 2579 5778 ﬂammeos,
2626 5733 2688 5770 ac
2744 5713 2920 5770 truces
2968 5715 3143 5767 incus
3178 5713 3446 5766 immittat.

197 5780 346 5847 totum
403 5780 510 5850 hic.
535 5780 607 5849 ab
651 5780 866 5851 A'stcrit')
905 5795 955 5850 in
999 5795 1268 5850 diabolum
1297 5795 1528 5858 dictum,
1569 5793 1659 5862 qui
1700 5780 1777 5846 sic
1879 5789 2084 5855 oculos,
2114 5789 2165 5843 in
2203 5789 2374 5859 ipsum
2408 5785 2736 5858 Stephanum
2763 5800 3040 5858 perperam
3076 5780 3321 5838 assumit.
