3820 6342
364 319 473 375 5ίὸ

1639 319 1698 375 S.
1742 317 2018 377 ASTERZI
2058 318 2363 377 AMASENI

3514 315 3626 371 3.“

366 441 808 497 agmen,.nempc
856 425 1349 483 Alexandrinorum
1390 440 1578 496 genus,
1630 427 1698 482 ad
1727 442 1942 483 omnem

2091 429 2238 502 ε6είᾳ
2278 427 2708 500 συνισταμένοις.
2738 429 2997 500 Ἤγειρεν
3028 420 3121 482 οὖν
3165 423 3313 497 αὐτῷ
3346 424 3635 497 σύστημα,

368 523 527 591 longe
552 520 861 590 espeditnm
897 520 1239 575 seditionem.
1276 518 1446 575 Plane
1502 519 1646 574 enim
1693 520 1940 588 audistis,

369 615 429 664 ut
453 608 570 678 ejus
601 608 750 662 urbis
782 608 951 673 cives,
998 610 1112 663 acri
1167 608 1406 664 audaciae
1460 607 1694 674 fervore,
1723 623 1788 664 eo
1817 626 1944 681 pro-

366 699 536 756 clives
566 708 744 764 ruant,
780 699 1208 772 efferveantqne,
1249 717 1358 772 quo
1399 717 1587 758 eorum
1631 711 1833 758 temere
1870 703 1948 759 le-

369 793 712 847 ratanimus.
772 791 845 848 Ut
895 802 1077 847 autem
1126 795 1412 849 adversum
1467 809 1527 851 se
1576 797 1787 851 turbam
1812 811 1946 850 con-

368 880 622 938 ﬂuentem
646 882 800 944 vidit,
852 884 905 937 in
959 893 1112 939 arcto
1149 884 1382 953 positus,
1437 885 1563 955 quid
1596 894 1721 940 tunc
1742 893 1945 955 ageret,

370 975 713 1046 ambigebat;
744 975 996 1031 solertem
1034 986 1212 1032 tamen
1252 984 1426 1031 artem
1455 977 1803 1048 excogitavit,
1829 977 1949 1031 dul-

371 1084 491 1123 cem
522 1069 776 1124 nimirum
813 1083 876 1124 ac
929 1069 1186 1123 blandum
1240 1083 1568 1125 sermonem.
1622 1067 1764 1123 Nihil
1802 1068 1944 1123 enim

370 1171 802 1231 praesentaneum
832 1161 1002 1231 magis
1028 1163 1093 1214 ad
1124 1161 1218 1215 ira;
1275 1160 1540 1216 sedandos
1561 1172 1756 1226 mctus,
1783 1174 1946 1229 quam

371 1252 564 1308 blanda
613 1253 986 1321 concinnatu
1027 1233 1342 1307 adnmnitio.
1396 1251 1543 1320 Mihi,
1588 1267 1795 1321 quaeso,
1866 1251 1949 1304 ia-

371 1344 513 1413 quit,
559 1345 667 1399 odii
728 1358 948 1398 causam
999 1344 1185 1407 dicite,
1235 1359 1295 1399 ac
1329 1345 1482 1419 cujus
1513 1359 1641 1413 ergo
1673 1342 1950 1397 intentatis

374 1450 590 1502 manus,
637 1436 925 1507 palamque
977 1439 1125 1493 velut
1174 1436 1480 1492 dilaniaturi
1534 1436 1786 1491 videmini
1812 1434 1945 1507 (56).

371 1528 483 1584 illis
513 1536 693 1583 autem
731 1528 1206 1598 respondentibus,
1264 1543 1330 1584 eo
1385 1528 1638 1584 nimirum
1675 1528 1816 1598 quod
1848 1542 1947 1595 pa-

373 1619 508 1674 trias
538 1629 807 1675 everteret
833 1619 998 1689 leges,
1029 1633 1093 1674 ac
1117 1634 1378 1676 novorum
1413 1619 1724 1689 dogmatum
1759 1618 1951 1673 doctor

372 1712 662 1767 exsisteret
695 1731 710 1767 :
744 1719 895 1768 stans
922 1713 975 1766 in
1020 1712 1199 1768 medio
1242 1712 1330 1767 vir
1362 1710 1574 1778 beatus,
1622 1708 1852 1781 simplex
1883 1722 1948 1762 ac

2046 522 2109 576 τὸ
2152 522 2259 575 τῶν
2317 519 2711 595 Ἀλεξανδρέων
2762 520 2918 589 γένος
2967 520 3046 583 εἰς
3085 519 3263 573 πᾶσαν
3323 515 3637 590 ὀξύρῥοτων

2049 613 2261 667 στάσιν.
2313 613 2540 677 Πάντως
2570 613 2627 665 δὲ
2660 611 2935 684 ἀκηκόατε
2966 611 3094 676 τοὺς
3139 608 3339 680 ἀνδρας
3389 609 3490 680 τῆς
3524 607 3637 662 πό-

2047 704 2203 769 λεως,
2234 705 2381 769 ὅπως
2416 704 2607 776 θερμοί
2632 722 2690 757 τε
2716 698 2818 758 ὦσι
2848 704 2941 758 καὶ
2976 702 3189 769 ζέοντες
3216 701 3310 755 ἐπὶ
3347 703 3456 755 πᾶν
3484 700 3639 770 ὅπερ

2046 796 2114 854 ἂν
2148 797 2451 870 προχείρως
2470 798 2802 870 ὁρμήσωσιν.
2846 797 2933 862 Ὡς
2962 797 3021 851 δὲ
3051 795 3113 848 τδ
3142 794 3347 865 πλῆθος
3364 792 3641 847 ἐθεάσατο

2047 889 2156 944 τῶν
2180 891 2268 943 ἐπ’
2297 889 2460 943 αὑτὸν
2500 890 2857 963 συρρεόντων,
2896 890 2953 943 ὲν
2989 888 3182 960 ἀπόρῳ
3213 887 3311 957 μὲν
3342 879 3455 956 εἶχε
3483 882 3641 938 τίθε-

2048 980 2175 1037 σθαι
2202 981 2265 1035 τὸ
2312 981 2507 1052 παρόψ
2543 981 2690 1052 ὅμως
2724 981 2781 1035 δὲ
2839 981 3035 1053 τέχνην
3083 972 3243 1051 εὗρεν
3296 978 3637 1050 εὐμήχανον,

2046 1073 2201 1143 λόγον
2228 1072 2438 1145 ἐμμελῆ
2467 1072 2561 1126 καὶ
2581 1074 2777 1146 πρᾶον.
2801 1073 2967 1127 Οὐδὲν
2995 1072 3107 1143 γὰρ
3134 1070 3424 1143 φάρμακον
3450 1062 3641 1120 τοιοῦο

2046 1180 2139 1218 τον
2171 1164 2252 1228 είς
2284 1162 2583 1233 θεραπείαν
2617 1162 2812 1234 θυμοῦ,
2847 1162 2943 1217 καὶ
2973 1163 3262 1235 κινήσεως,
3286 1154 3396 1213 οἷον
3429 1154 3644 1227 παραι-

2048 1274 2194 1320 νεσις
2217 1253 2495 1327 προσηνὴς
2514 1254 2607 1308 καὶ
2630 1255 2987 1326 εὐάρμοστος.
3020 1253 3132 1309 Καὶ
3153 1250 3343 1306 εἴπατέ
3383 1267 3496 1321 μοι,
3535 1264 3644 1318 φη-

2050 1346 2125 1412 σὶ,
2158 1346 2256 1417 τὴν
2285 1346 2466 1399 αἰτίαν
2524 1344 2620 1399 τοῦ
2673 1345 2884 1417 μίσους,
2914 1343 3031 1399 ἀνθ’
3062 1344 3186 1398 ὅτου
3223 1341 3282 1396 δὲ
3312 1340 3409 1404 τὰς
3443 1342 3643 1411 χεῖρας

2048 1438 2468 1493 ὲπανατείνεσθε
2488 1478 2503 1504 ,
2539 1439 2635 1493 καὶ
2668 1437 2923 1510 πρόδηλοί
2947 1438 3071 1493 ὲστε
3093 1435 3170 1500 ὡς
3200 1432 3535 1508 παράξοντες
3563 1432 3639 1485 ’⁸.

2050 1529 2331 1584 Είπόντων
2361 1529 2439 1593 δὲ,
2470 1530 2552 1583 ὅτι
2593 1527 2812 1600 Ἐπειδὴ
2861 1527 3151 1591 καταλύεις
3175 1525 3303 1590 τοὺς
3344 1522 3643 1596 πατρῴους

2049 1622 2269 1694 νόμους,
2316 1621 2411 1677 καὶ
2444 1620 2610 1687 ξένων
2640 1615 2693 1674 εἷ
2725 1619 3011 1691 δογμάτων
3033 1619 3353 1698 εἰσηγητής
3384 1615 3519 1679 στὰς
3552 1614 3642 1677 εἰς

2054 1713 2218 1785 μέσον
2264 1715 2293 1767 ὁ
2328 1712 2618 1783 μακάριος,
2670 1710 2894 1780 ἄτεχνος
2936 1708 3030 1762 καὶ
3061 1705 3402 1778 αὐτοσχέδιος
3446 1704 3643 1778 ῥήτωρ

372 1815 825 1873 extemporaneus
852 1811 1066 1859 orator:
1111 1817 1215 1859 nec
1238 1803 1382 1858 enim
1411 1818 1473 1858 ea
1514 1802 1950 1871 promebat,qn:e

2091 1806 2135 1859 ›ύ
2162 1805 2273 1877 γὰρ
2304 1804 2488 1873 ἔλεγεν
2540 1802 2687 1874 ἅπερ
2724 1802 2790 1855 ὲκ
2821 1801 3016 1872 τέχνης
3067 1799 3291 1873 ἔμαθεν,
3332 1797 3448 1855 ἀλλ’
3487 1797 3645 1868 άπερ

373 1897 510 1951 artis
542 1896 794 1951 tnetltodo
822 1895 1124 1959 didicisset,
1155 1897 1250 1950 sed
1295 1910 1415 1965 qua:
1473 1894 1709 1965 Spiritus
1769 1891 1949 1947 aﬂlatn

378 1986 700 2055 suggerebat
722 2004 737 2041 :
1823 1980 1829 1991 ⁸

452 2076 588 2144 Viri,
603 2077 795 2146 inqnit,
813 2078 1027 2147 fratres,
1045 2086 1092 2131 et
1106 2086 1304 2145 patres,
1319 2076 1518 2131 audite.
1532 2075 1777 2131 Prudens
1793 2091 1955 2130 exor-

373 2169 804 2237 dium,optimum
818 2168 1095 2225 concionis
1105 2170 1171 2224 ad
1184 2168 1434 2240 populum
1448 2168 1524 2223 ira
1543 2177 1951 2234 exaestuantem,

371 2260 724 2330 principium.
756 2258 926 2315 Lenia
964 2273 1220 2327 namque,
1271 2257 1576 2328 blandaque
1624 2257 1810 2322 verba,
1847 2272 1953 2311 non

370 2364 535 2409 secus
562 2364 627 2406 ac
644 2350 805 2407 melle
833 2352 1070 2420 quodam
1101 2350 1323 2418 referta,
1370 2360 1463 2405 aut
1492 2350 1638 2406 molli
1665 2364 1954 2419 conspersa

373 2441 515 2510 oleo,
549 2442 805 2500 ardentes
831 2443 953 2498 illos
1013 2441 1219 2499 ferinos
1247 2445 1477 2515 impetus
1502 2441 1951 2512 comprimebant.

375 2533 614 2589 Subinde
645 2534 919 2590 Abraham
951 2534 1060 2590 alte
1095 2536 1151 2591 in
1200 2534 1517 2591 memoriam
1571 2542 1817 2596 revocat,
1841 2542 1954 2587 uta

372 2624 572 2689 priscis
599 2625 931 2694 temporibus
990 2627 1233 2691 ordiens,
1291 2639 1354 2678 ac
1391 2626 1445 2679 in
1476 2623 1693 2692 longum
1735 2632 1952 2693 protra—

375 2718 510 2773 hens
537 2730 869 2783 sermonem,
909 2732 1105 2785 magno
1130 2716 1221 2771 illo
1252 2715 1553 2786 interjectte
1602 2714 1955 2786 digressionis

374 2806 688 2874 intervallo,
718 2807 944 2862 citatum
978 2806 1129 2861 illum
1171 2805 1511 2875 elInsumque
1542 2804 1779 2861 furorem
1804 2805 1954 2860 clan-

375 2897 554 2952 cnlnm
586 2898 899 2977 sensimque
954 2898 1571 2957 absutiteret.Absoluto
1596 2908 1774 2954 autem
1794 2898 1956 2971 longo

378 2990 471 3044 illo
500 2991 763 3046 orationis
799 2991 1033 3056 ambitu,
1064 2992 1305 3046 ostendit
1343 2990 1565 3063 Moysen
1605 2991 1767 3046 etiam
1792 2991 1956 3045 Chri-

376 3093 523 3139 stum
546 3085 965 3155 pmnuntiasse,
1000 3100 1107 3154 quo
1134 3085 1363 3142 solerter
1401 3101 1612 3153 summa
1642 3086 1754 3156 ipsa
1792 3083 1956 3155 legis-

379 3175 569 3230 latoris
609 3175 954 3241 auctoritate,
1013 3177 1166 3246 quasi
1200 3178 1531 3246 obrependo,
1576 3178 1697 3232 lidei
1732 3179 1955 3233 verbum

379 3266 591 3322 occulte
618 3265 938 3325 insinuaret.
970 3266 1119 3323 Scite
1151 3277 1331 3324 autem
1371 3283 1433 3325 ea
1486 3270 1670 3325 omnia
1705 3270 1960 3340 prolocu-

381 3368 599 3426 tns'est,
627 3374 749 3432 qua:
770 3361 837 3416 ad
851 3361 1154 3417 auditorum
1181 3361 1482 3433 profectum
1504 3362 1875 3419 conferebant.
1893 3362 1963 3417 At

380 3454 470 3507 ubi
497 3453 630 3509 vidit
656 3453 1000 3511 obﬁrmatam
1034 3454 1296 3513 malitiam
1324 3469 1439 3545 ,λε
1475 3455 1842 3527 praefractam,
1866 3470 1966 3526 pu-

378 3561 714 3617 gnaccmque
747 3546 986 3602 animum
1029 3546 1390 3616 pervicacem,
1445 3562 1513 3602 ac
1559 3549 1757 3602 durum
1789 3586 1807 3612 ,
1837 3554 1965 3601 tunc

381 3640 598 3694 tandem
654 3655 865 3695 summa
924 3639 1090 3695 animi
1144 3639 1397 3695 libertate
1448 3638 1724 3707 prteditus,
1754 3652 1818 3693 ac
1869 3650 1965 3706 spe

379 3731 529 3785 omni
591 3732 877 3800 praesentis
915 3731 1041 3786 vitae
1086 3730 1409 3796 destitutus,
1452 3730 1754 3785 artificium
1803 3744 1965 3785 omne

386 3823 532 3892 quod
611 3822 808 3878 blande
873 3823 1085 3878 animos
1165 3822 1510 3888 demulcere,
1565 3822 1965 3892 conciliareque

376 3925 584 3984 posset.
614 3915 895 3980 unittens,
913 3915 1076 3970 nullis
1096 3915 1388 3970 verborum
1409 3914 1747 3985 ambagibus,
1778 3923 1966 3986 aperte

377 4008 596 4063 vocavit
643 4023 744 4065 eos
792 4009 931 4062 dura
972 4009 1204 4073 cervice,
1259 4007 1642 4062 incircumciaia
1674 4008 1960 4074 cordibus,

379 4100 517 4171 legis
549 4109 969 4171 oppugnatores,
1000 4100 1090 4169 qui
1131 4106 1321 4153 sancto
1349 4096 1574 4168 Spiritui
1604 4100 1961 4167 resisterent;

383 4192 615 4262 aliisque
644 4192 908 4263 ejusmodi
940 4192 1285 4263 compellavit
1315 4190 1646 4248 nominibus.
1692 4190 1839 4247 Illico
1865 4206 1965 4246 au-

381 4292 517 4345 tem,
546 4282 688 4337 hand
718 4296 878 4338 secus
911 4296 976 4339 ac
1015 4283 1301 4338 Dominum
1325 4320 1341 4348 ,
1376 4282 1965 4337 circumdederunteum

381 4389 537 4428 canes
567 4373 765 4437 multi;
791 4384 839 4429 et
866 4375 1008 4428 tauri
1060 4374 1299 4445 pingues,
1355 4384 1413 4429 ut
1443 4375 1494 4428 in
1547 4373 1780 4429 Psalmis
1814 4374 1965 4429 cani-

2052 1899 2326 1951 ἐνεπνεῖτο
2359 1896 2464 1950 ὑπὸ
2501 1893 2593 1948 τοῦ
2616 1892 2976 1964 Πνεύματος)·

2129 2077 2399 2146 Ἀνδρες,
2451 2078 2635 2151 φησίν,
2684 2074 2959 2147 ἀδελφοὶ,
2991 2072 3090 2128 καί
3135 2070 3410 2140 πατέρες,
3458 2068 3651 2127 ἀκού-

2054 2183 2220 2223 σατε.
2257 2169 2429 2238 Σοφὸν
2478 2169 2539 2222 τὸ
2580 2168 2887 2241 προοίμιον,
2922 2166 3121 2239 ἀρίστη
3151 2163 3286 2237 πρὸς
3311 2162 3482 2234 δῆμον
3507 2160 3645 2233 θερ-

2057 2262 2379 2334 μαινόμενον
2408 2262 2440 2331 ἡ
2473 2262 2572 2330 τῆς
2591 2260 2928 2332 δημηγορίας
2953 2259 3118 2331 ἀρχή.
3144 2256 3226 2311 Τά
3255 2255 3364 2328 γὰρ
3399 2253 3648 2325 μειλίχια

2055 2355 2151 2408 καὶ
2176 2355 2420 2426 προσηνῆ
2471 2354 2579 2406 τῶν
2608 2352 2887 2427 ῥημάτων,
2920 2347 3032 2405 οἷον
3079 2347 3293 2422 μέλιτός
3329 2362 3474 2409 τινος
3512 2361 3651 2415 μετο

2057 2447 2267 2519 έχοντα,
2300 2448 2335 2518 ἦ
2375 2447 2541 2518 ἐλαίῳ
2572 2444 2766 2517 ἁπαλῷ
2791 2443 3173 2518 παραπλήσια,
3198 2441 3298 2512 τὴν
3330 2435 3651 2509 φλεγμονὴν

2055 2539 2165 2592 τῶν
2200 2538 2406 2611 Θηρίων
2454 2538 2829 2594 κατέστελλεν.
2869 2537 3104 2590 Ἔπειτα
3144 2535 3319 2589 ἄνεισι
3349 2532 3417 2602 τῇ
3449 2530 3650 2601 μνήμῃ

2057 2633 2193 2705 πρὸς
2221 2633 2314 2687 τὸν
2356 2632 2627 2705 Ἀδραάμ,
2676 2632 2764 2685 ἵνα
2795 2629 2889 2684 καὶ
2927 2626 3172 2682 παλαιῶν
3199 2622 3499 2697 ἀρξάμενος
3515 2620 3652 2694 χρό-

2058 2742 2185 2791 νων,
2218 2724 2313 2779 καὶ
2350 2723 2559 2797 μακρὸν
2586 2722 2886 2779 ἀποτείνων
2906 2720 3087 2789 λόγον,
3121 2720 3180 2771 ὲν
3213 2714 3390 2787 πολλῴ
3431 2712 3510 2784 τῷ
3541 2710 3651 2783 μέ-

2061 2833 2140 2887 σῳ
2180 2814 2321 2888 λάθῃ
2341 2814 2661 2886 δαπανήσας
2689 2812 2782 2866 τὸν
2813 2808 2984 2882 θυμὸν
3020 2807 3367 2878 ἐκλυόμενον.
3402 2801 3510 2854 Καὶ
3543 2797 3653 2869 τὴν

2060 2905 2259 2978 πολλὴν
2311 2905 2528 2975 ἐκείνην
2551 2903 2709 2975 ῥῆσιν
2746 2897 3203 2972 ἐξεργασάμενος,
3238 2894 3530 2954 δείκνυσιν,
3559 2890 3652 2943 ὅτι

2059 3001 2154 3054 καὶ
2172 2998 2415 3069 Μωῦσῆς
2462 2997 2837 3069 προεφήτευσε
2870 2992 2961 3046 τὸν
2990 2987 3244 3062 Χριστόν*
3280 2986 3369 3039 ἵνα
3401 2982 3489 3038 διὰ
3542 2982 3652 3053 τῆς

2060 3090 2400 3160 ἀξιοπιστίας
2420 3088 2513 3143 τοῦ
2547 3087 2836 3160 νομοθέτου
2862 3081 3099 3154 εὐφυῶς,
3143 3079 3331 3155 ὥσπερ
3372 3075 3648 3142 κλέπτων,

2063 3182 2447 3257 παρεισαγάγῃ
2472 3181 2565 3234 τὸν
2592 3179 2691 3250 τῆς
2719 3179 2959 3241 πίστεως
2985 3173 3165 3244 λόγον.
3197 3172 3384 3227 Πάντα
3406 3168 3465 3223 δὲ
3497 3167 3655 3240 είρη·

2064 3297 2160 3334 κεν
2195 3275 2596 3348 ἐπιστημόνως.
2623 3272 2725 3326 ὅσα
2771 3269 2909 3342 πρὸς
2939 3267 3209 3338 ὠφέλειαν
3238 3261 3506 3318 συνετέλει
3532 3258 3657 3314 τῶν

2064 3367 2393 3423 ἀκουόντων.
2433 3365 2585 3419 Ἐπεὶ
2611 3364 2667 3416 δὲ
2708 3360 2806 3435 τὴν
2840 3358 3039 3415 κακίαν
3070 3353 3209 3411 εἶδεν
3232 3353 3529 3417 ἀνένδοτον,
3551 3349 3655 3405 καὶ

2062 3461 2162 3533 τὴν
2195 3460 2424 3532 γνώμην
2476 3455 2846 3528 ἀμάλθακτον·
2897 3452 3019 3506 τότε
3065 3449 3270 3514 λοιπὸν,
3335 3444 3657 3533 παρρησίας

2067 3531 2353 3624 πλησθεὶς,
2384 3531 2496 3602 καὶ
2519 3545 2906 3616 ἀπαγορεύσας
2934 3540 3070 3613 πρὸς
3100 3540 3198 3611 τὴν
3237 3535 3422 3590 ἐνθάδε
3475 3531 3647 3603 ζωὴν,

2066 3644 2251 3697 πᾶσαν
2305 3640 2363 3695 δὲ
2420 3636 2734 3693 καταλιπὼν
2801 3634 2998 3705 τέχνην
3056 3631 3156 3703 τὴν
3216 3626 3650 3689 κολακεύουσαν,

2065 3730 2551 3805 ἀπαρακαλύπτως
2596 3729 2792 3791 αὐτοὺς
2858 3724 3264 3798 προσηγόρευσε
3309 3720 3649 3791 σκληροτραο

2065 3825 2281 3900 Χήλουςν
2309 3822 2384 3894 τῇ
2407 3821 2618 3892 καρδίᾳ
2647 3815 3101 3888 ἀπερίτμήτους,
3131 3813 3207 3885 τῷ
3234 3813 3382 3884 νόμῳ
3409 3808 3654 3882 μαχομέ-

2064 3940 2211 3988 νους,
2233 3918 2606 3991 πολεμοῦντας
2650 3913 2727 3986 τῷ
2757 3911 3057 3984 Πνεύματι,
3084 3908 3177 3962 καί
3195 3925 3316 3962 τινα
3354 3907 3507 3961 ἄττα.
3538 3902 3656 3963 Καὶ

2066 4014 2317 4070 ἐντεῦθεν
2355 4009 2726 4081 περιέστησα
2754 4005 2960 4070 αὑτὸν,
2993 4004 3071 4067 ὡς
3118 4001 3414 4071 Δεσπότην,
3470 3997 3653 4061 κύνες

2065 4107 2308 4162 πολλοίο
2364 4103 2464 4159 καί
2502 4102 2709 4169 ταῦροι
2735 4099 2962 4163 πίονες,
2991 4094 3135 4149 κατά
3180 4094 3278 4164 τὴν
3307 4088 3651 4162 ψαλμῳδίαν,

2067 4195 2395 4267 περιέσχον
2416 4195 2507 4248 τὸν
2541 4194 2773 4248 δίκαιον.
2808 4189 3069 4259 Είστήκει
3103 4183 3160 4238 δὲ
3198 4188 3357 4255 μόνος
3383 4178 3655 4249 πανταχό-

2068 4289 2159 4344 θεν
2202 4288 2283 4360 τῷ
2329 4287 2485 4358 δήμῳ
2519 4284 2627 4339 τῶν
2662 4280 2936 4355 φονευτῶν
2984 4274 3417 4347 κεκυκλωμένος.
3465 4270 3657 4334 Οὐδεὶς

2066 4382 2123 4435 δὲ
2156 4377 2225 4454 ἦν
2260 4380 2379 4433 κατ’
2414 4377 2630 4448 εκείνην
2673 4374 2773 4445 τὴν
2817 4372 2965 4444 ὥραν
3021 4370 3207 4438 ἐγγὺς,
3249 4366 3310 4421 ού
3342 4363 3515 4434 φίλος,
3539 4361 3656 4454 ὀὐκ

380 4476 471 4523 tur
495 4467 564 4531 ⁷⁷,
596 4465 907 4522 obsederunt
964 4467 1195 4538 justum.
1233 4466 1407 4522 Porro
1434 4467 1526 4522 ille
1581 4466 1730 4522 solus
1758 4467 1953 4535 stabat,

2091 4450 2289 4535 δίκε-ῖος,
2343 4468 2403 4522 οὐ
2436 4465 2725 4536 συγγενής.
2765 4462 2924 4534 Φέρει
2972 4477 3091 4524 πως
3137 4457 3248 4530 γὰρ
3303 4450 3657 4546 παραμυθίαν

382 4561 583 4633 populo
613 4561 666 4615 in
699 4560 900 4616 caedem
931 4559 1137 4626 hiante,
1198 4574 1263 4613 ac
1289 4558 1562 4614 homicida
1601 4558 1960 4629 undequaqne

381 4654 646 4718 vallatus;
681 4668 745 4709 ac
776 4669 843 4709 ne
871 4668 1012 4709 unus
1044 4652 1262 4722 quidem
1290 4666 1387 4722 per
1415 4651 1466 4706 id
1502 4660 1714 4721 tempus
1744 4651 1966 4721 propior

2071 4565 2185 4626 τοῖς
2215 4556 2587 4615 κινδυνεύουσι
2612 4555 2673 4610 τὸ
2701 4554 2918 4627 βλέπειν
2944 4554 3009 4607 ὲκ
3037 4549 3129 4606 τοῦ
3158 4547 3422 4616 σύνεγγυς
3454 4541 3656 4613 παρόν-

2072 4669 2169 4716 τας
2196 4650 2349 4715 τινάς
2379 4648 2489 4702 τῶν
2518 4648 2830 4720 γνωρίμων.

382 4750 615 4807 aderat:
651 4764 759 4805 non
788 4748 1018 4815 amicus,
1050 4764 1157 4804 non
1192 4747 1504 4816 familiaris,
1544 4764 1649 4802 non
1680 4760 1962 4820 cognatus.
2005 4748 2260 4818 Quaedam
2293 4747 2437 4800 enim
2471 4748 2582 4798 haec
2610 4749 2661 4797 in
2713 4739 2950 4813 periculo
2993 4733 3301 4794 constitutis
3329 4726 3654 4795 consolatio,

383 4861 449 4903 ac
476 4847 719 4902 levamen
774 4855 877 4911 est,
905 4856 963 4900 ut
994 4860 1134 4916 quos
1193 4860 1262 4901 ex
1285 4845 1425 4903 notis
1462 4859 1494 4899 e
1528 4844 1828 4915 propinquo
1868 4846 2085 4901 videant
2118 4845 2456 4898 assistentes.

461 4940 568 4998 Ubi
601 4952 781 4997 autem
810 4941 990 5013 magni
1021 4941 1167 4997 illius
1210 4941 1526 4996 certaminis
1557 4939 1859 4995 altissimus
1884 4939 1973 4996 ille

383 5037 593 5108 positor
617 5050 681 5092 ac
704 5035 927 5101 vindex,
950 5031 1322 5089 necessarium
1364 5029 1642 5101 Stephano
1665 5030 1966 5100 adiutorem

386 5128 809 5185 animadvertit:
847 5141 1163 5197 quanquam
1190 5124 1332 5179 enim
1365 5123 1778 5180 strenuissimus
1825 5115 1964 5192 erat,

388 5220 642 5275 humanis
691 5229 870 5273 tamen
926 5219 1187 5287 agebatur
1214 5213 1496 5270 aB‘ectibus
1537 5233 1550 5269 :
1580 5215 1628 5270 ei
1662 5216 1843 5269 statim
1875 5232 1971 5287 ap-

387 5322 565 5384 paret,
593 5319 756 5381 atque
792 5311 845 5364 in
877 5309 1073 5365 caelum
1109 5307 1432 5371 intendenti,
1476 5306 1672 5361 Filiqu
1704 5322 1733 5361 a
1764 5309 1972 5366 dextris

457 5427 503 5461 "
542 5427 687 5485 Psal.
736 5444 847 5494 ut,
880 5428 967 5483 l5.
1043 5427 1089 5459 ⁷⁸
1133 5424 1259 5496 Leg.
1297 5424 1687 5496 σπαράξοντες.

461 5548 577 5621 (56)
629 5546 776 5601 Velut
806 5546 1124 5621 dilaniaturi
1151 5544 1416 5621 videmini:
1460 5543 1636 5615 Lego,
1667 5543 1973 5616 σπαράξον-

390 5614 663 5696 τεςηιρνὶ
709 5618 1006 5672 mutatione
1043 5630 1177 5685 pro,
1233 5614 1589 5696 παράξοντες,
1634 5631 1736 5696 qua
1786 5614 1972 5669 tamen

395 5686 734 5748 non'luviter
780 5699 1006 5741 sanatur
1048 5696 1244 5740 textus.
1301 5686 1582 5756 Sncenim
1630 5686 1818 5756 planus
1848 5700 1973 5756 nia-7

397 5772 510 5828 nct,
542 5776 663 5816 cum
700 5757 899 5829 alioqui
936 5756 1153 5813 dilllcile
1199 5756 1272 5812 sit
1305 5755 1577 5824 explicare
1601 5754 1641 5821 ,ἡ
1666 5756 1793 5826 quid
1844 5754 1973 5810 illud

2161 4940 2221 4992 Ὀ
2241 4941 2298 4992 δὲ
2329 4938 2424 4992 τοῦ
2459 4936 2694 5009 μεγάλου
2741 4932 3126 5005 ἀγωνίσματος
3159 4924 3365 4998 ὑψηλὸς
3391 4918 3661 4991 ἀγωνοθέ-

2073 5050 2194 5105 της,
2236 5029 2592 5103 καταμαθὼν,
2626 5030 2702 5093 ὡς
2727 5027 2886 5104 χρεία
2914 5024 2992 5095 τῷ
3032 5020 3189 5092 ἀνδρὶ
3218 5014 3572 5088 παραστάτου
3592 5012 3661 5084 (εί

2075 5126 2186 5199 γὰρ
2216 5129 2309 5180 καὶ
2341 5125 2545 5195 σφόδρα
2585 5125 2835 5194 γενναῖος
2872 5115 2963 5192 ἦν,
2991 5116 3208 5177 πάντως
3239 5109 3408 5165 ἔπαθε
3452 5107 3521 5162 τὰ
3562 5106 3661 5199 ἀν-

2077 5197 2367 5292 Θριῦπινα),
2424 5218 2620 5289 ἀθρόον
2654 5215 2801 5287 αὐτῷ
2837 5213 3103 5283 φαίνεται·
3142 5207 3237 5262 καὶ
3270 5203 3406 5277 πρὸς
3441 5199 3534 5254 τὸν
3573 5197 3663 5292 ού-

2082 5289 2242 5385 ράνὸν
2279 5312 2609 5377 ἀτενίσαντι,
2645 5309 2886 5365 δείκνυσι
2925 5305 3019 5363 καὶ
3071 5301 3163 5356 τὸν
3195 5298 3324 5352 Υίὸν
3347 5292 3560 5348 ἑστῶτα
3597 5289 3661 5341 ὲκ

2087 5545 2428 5617 παράξοντες
2464 5547 2564 5599 hoc
2604 5543 2721 5597 loco
2763 5541 2915 5596 velit.
2962 5536 3097 5592 Nam
3132 5531 3279 5617 quod
3317 5524 3658 5617 redditppli‘i‘c:

2084 5610 2320 5679 car-tius,
2365 5633 2494 5686 pene
2540 5625 2708 5668 mente
2756 5623 2935 5680 raptas
2976 5626 3065 5661 vos
3110 5610 3654 5686 designattahtnmus

2084 5676 2376 5758 congruit,
2397 5702 2495 5742 nec
2517 5686 2662 5741 aliud
2698 5676 2985 5753 cst,'qnatn
3023 5676 3162 5733 male
3197 5676 3517 5731 divinantis.
