3820 6302
111 316 216 375 διε

1028 318 1310 376 ΗῡΜΙυᾹ
1358 320 1472 378 XII.
1512 319 1578 376 IN
1617 318 1906 381 LAUDEI
1944 321 2007 378 S.
2058 322 2414 379 STEPHANI.

3259 332 3367 388 M6

111 431 297 501 δεξιῶν
338 431 400 487 ιν
445 432 525 506 τῷ
550 432 654 505 τῆς
679 432 1090 504 ἁνθρωπήσεως
1161 436 1419 506 σχήματι.
1464 437 1528 489 Ὧ
1584 434 1687 506 τῆς

1794 444 2019 491 stantem
2054 436 2109 492 in
2133 437 2367 493 humana
2401 437 2572 495 forma
2609 437 2869 496 ostendit.
2900 438 3230 510 Oingentem
3270 398 3369 501 be-

113 524 549 598 φιλανθρωπίαςί
603 525 650 579 ὦ
702 526 804 597 τῆς
858 527 1229 599 ἀγαθοσύνηςί
1282 526 1557 599 Ἐπεφάνη
1606 526 1687 599 τῷ

109 620 309 693 ἀθλητῇ
360 620 504 692 ὑπὲρ
554 611 619 673 οὗ
665 619 983 690 ἠγωνίζετο*
1025 619 1119 676 καὶ
1175 621 1456 693 μονονουχὶ
1506 622 1685 693 ἀφῆκε

110 712 360 782 τοιαύτην
387 711 573 783 φωνὴν
603 711 748 783 πρὸς
794 712 957 767 αὐτὸν
984 711 1013 765 ὁ
1057 712 1168 765 τῶν
1191 712 1327 767 ὅλων
1364 712 1516 776 Θεόςο
1560 717 1684 780 Μη-

108 801 212 857 δὲν
241 794 499 873 ἀγεννὲς
547 802 772 872 πάθῃς,
815 798 863 858 ὦ
918 803 1203 874 Στέφανε.
1265 804 1495 859 Οὐδένα
1527 803 1687 874 ἔχεις

109 892 432 963 ἀνθρώπων
460 894 805 964 σύμμαχον-ο
829 894 1027 962 οὐδείς
1056 912 1157 951 σοι
1184 895 1525 965 παρέστηκε
1568 894 1689 950 τῶν

109 985 386 1054 gastrar-
417 982 602 1054 καιρῷ
641 984 761 1039 τῶν
787 984 1037 1042 δεινῶν·
1076 987 1216 1042 ἀλλ’
1243 985 1358 1057 ἐγὼ
1389 985 1538 1056 μετὰ
1578 985 1685 1042 τοῦ

120 1075 453 1144 ’Δταπητοῦ
507 1077 821 1131 ἐποπτεύω
878 1076 954 1131 τὰ
1007 1076 1298 1148 δρώμενα.
1359 1078 1624 1149 Ἑτοίμηῖ
1643 1077 1684 1149 ἠ

110 1165 470 1233 ἀνάπαυσις,
520 1168 1012 1241 ἀναπεπταμέναι
1062 1170 1170 1225 τοῦ
1219 1168 1587 1240 παραδείσου
1625 1172 1686 1224 al

110 1260 310 1313 πίιλαι.
366 1260 599 1329 Μικρὸν
641 1260 1021 1330 καρτερίσας,
1066 1258 1358 1314 κατάλιπε
1391 1259 1539 1324 ,ϐίον
1578 1257 1686 1312 τὸν

110 1352 496 1418 πρόσκαιρον,
531 1350 629 1404 καὶ
651 1350 932 1406 σπεῦσον
966 1351 1116 1419 πρὸς
1147 1348 1299 1419 ζωὴν
1329 1348 1444 1418 τὴν
1469 1348 1683 1414 ἀΐδιον,

111 1443 201 1496 καί
231 1443 585 1499 ἀτέλεστον.
628 1445 759 1497 Ἔτι
797 1441 1108 1513 τυγχάνων
1147 1441 1306 1512 ἐντῇ
1335 1442 1510 1511 σαρκί
1537 1440 1686 1508 ,Βλέ-

109 1551 233 1600 πεις
257 1535 429 1599 Θεὸν,
458 1534 700 1606 πρᾶγμα
717 1532 922 1603 πάσης
939 1534 1265 1606 ἐηοσμίου
1298 1535 1536 1604 φύσεως
1561 1534 1687 1604 μεῖ-

109 1625 220 1686 ζον.
283 1626 830 1699 Ἔμυστατωγήθης
878 1626 1039 1694 παρὰ
1102 1624 1222 1679 τῶν
1270 1623 1688 1694 πρεσϐυτέρων

108 1718 483 1786 ἀποστόλων,
516 1719 606 1775 ὅτι
638 1723 673 1774 ό
699 1719 901 1787 Πατὴρ
940 1717 1063 1788 ἔχει
1091 1717 1225 1771 Υίὸν
1254 1716 1510 1787 γνήσιον
1542 1717 1686 1786 ἁγα-

1797 530 2147 600 nignitatem‘l
2180 529 2225 585 Ο
2256 531 2448 587 miram
2488 531 2821 588 bonitatem!
2860 533 3027 605 Pugili
3058 548 3118 590 se
3148 538 3367 606 conspi-

1794 641 1954 680 cnutn
2002 626 2232 696 prtebuit
2291 628 2338 682 is
2390 644 2488 698 pro
2527 644 2634 699 quo
2667 628 2756 685 ille
2804 629 3069 695 certabat,
3098 627 3367 699 talemque

1794 717 2175 787 propemodum
2265 719 2639 775 universorum
2704 720 2845 776 Deus
2898 722 2965 776 ad
3007 736 3131 777 eum
3175 735 3363 777 vocem

1793 804 2008 887 demisit
2031 822 2045 860 :
2074 803 2173 859 Eia
2197 803 2482 876 Stephane,
2500 824 2563 862 ne
2579 809 2704 878 quid
2727 808 2948 879 patiaris
2970 807 3232 877 degeneris
3249 808 3367 861 ani-

1792 896 1887 949 mi.
1941 895 2257 968 Quanquam
2319 900 2458 951 enim
2498 900 2699 953 nullum
2748 900 3007 954 hominem
3055 899 3234 964 habes,
3275 897 3366 967 qui

1792 989 2084 1044 auxiliatur
2103 1032 2117 1054 ,
2152 988 2430 1055 nullusque
2455 991 2655 1045 anticus
2683 990 2778 1045 tibi
2800 1002 2991 1060 pra‘sto
3017 992 3083 1046 sit
3110 1007 3367 1047 arumna-

1792 1098 1908 1137 rum
1931 1092 2179 1150 tempore,
2233 1097 2325 1151 ego
2375 1068 2715 1136 nihilominus
2763 1098 2867 1137 una
2892 1099 3009 1137 cum
3037 1083 3259 1150 Dilecto,
3301 1098 3364 1135 ea

1790 1192 1909 1241 qua:
1937 1174 2069 1245 ﬁunt
2109 1174 2341 1228 observo.
2396 1172 2597 1229 Prtesto
2646 1176 2846 1246 requies
2886 1186 2995 1240 est;
3025 1184 3201 1244 patent
3233 1190 3362 1228 rese.

1792 1276 1924 1323 rata:
1947 1266 2186 1337 paradisi
2212 1249 2416 1336 portae.‘
2452 1263 2753 1331 Parumper
2797 1267 3078 1333 sustinens,
3111 1277 3367 1335 tempora-

1793 1374 1940 1415 neam
1976 1358 2131 1411 istam
2168 1358 2324 1412 vitam
2371 1357 2570 1421 desere,
2612 1373 2677 1412 ac
2715 1357 2785 1411 ad
2802 1358 3366 1423 teternam,imntorta-

1790 1449 1990 1517 lemque
2011 1449 2284 1503 contende.
2304 1447 2491 1503 Adhuc
2522 1450 2710 1515 degens
2745 1449 2800 1503 in
2827 1465 2982 1503 carne
3011 1447 3175 1503 Deum
3192 1448 3362 1510 vides;

1789 1540 1928 1610 quod
1951 1539 2104 1609 plane
2129 1539 2412 1594 mundana:
2439 1540 2606 1593 omnis
2633 1548 2839 1593 natura:
2867 1548 3072 1606 superet
3095 1540 3249 1592 vires.
3274 1536 3366 1592 Sa-

1792 1648 1938 1686 crum
1962 1631 2103 1685 istud
2128 1632 2367 1701 mysterii
2390 1631 2637 1696 accepisti
2666 1647 2699 1684 a
2746 1631 3036 1685 senioribus
3073 1627 3324 1698 apostolis
3342 1666 3362 1693 ,

1794 1722 2033 1787 Patrem,
2063 1738 2238 1776 verum
2262 1720 2449 1776 habere
2475 1718 2676 1775 Filium
2703 1721 2951 1774 dilectum
2977 1762 2991 1784 ,
3028 1735 3167 1773 nunc
3190 1727 3364 1772 autem

108 1815 311 1878 πητόν.
355 1811 514 1868 Ἰδοὺ
565 1810 682 1881 ἐγὼ
713 1810 830 1880 μέν
856 1828 955 1865 σοι
994 1809 1214 1864 ἑαυτὸν
1245 1808 1557 1879 egeam-liis),
1612 1809 1687 1876 ὡς

1794 1809 1887 1862 tibi
1924 1825 2043 1863 eum
2074 1809 2313 1871 ostendo,
2342 1819 2594 1875 quantum
2623 1824 2715 1874 per
2751 1808 2990 1861 mortalis
3012 1806 3365 1861 conditionem

110 1898 359 1955 δύνασαι
405 1902 634 1971 φέρειν.
686 1900 1035 1969 Παρέστηκε
1079 1899 1148 1953 δέ
1193 1917 1296 1970 μοι
1324 1900 1421 1954 καί
1464 1904 1497 1954 ό
1558 1900 1691 1966 Υἱὸς
1726 1904 1731 1913 ’

109 1992 171 2046 ἐκ
201 1991 437 2060 δεξιῶν,
466 1994 569 2047 ἵνα
601 1991 677 2061 τῇ
725 1991 939 2063 σχέσει
988 1992 1096 2047 τοῦ
1146 1992 1333 2045 τόπου
1376 1989 1533 2062 γνῷς
1576 1992 1691 2059 τὴν

110 2083 294 2153 τιμήν.
343 2082 779 2145 Ἐσκανδάλιζε
825 2085 958 2138 τότε
978 2082 1121 2149 τοὺς
1141 2080 1430 2148 πολλοὺς,
1461 2084 1513 2136 εί
1547 2082 1691 2149 Θεὸς

108 2172 175 2225 ὲν
195 2171 272 2243 τῇ
298 2168 928 2242 σάρκαεπεριεϐάλετο·
958 2173 1094 2227 ἀλλ’
1140 2173 1248 2242 ὅρα
1271 2173 1389 2228 νῦν
1408 2173 1595 2228 αὑτὸν
1620 2174 1691 2227 ἐν

109 2262 184 2329 τῷ
210 2264 349 2332 ὕψει
377 2265 507 2334 μετ’
535 2264 687 2334 ἐμοῦ
708 2305 725 2331 ,
763 2263 1068 2333 οὐράνιον,
1128 2265 1228 2318 καί
1257 2264 1691 2334 ὐπερουράνιον

110 2352 359 2432 φέρσντα
387 2355 499 2410 τοῦ
552 2355 874 2425 ἀνθρώπου
928 2355 1196 2425 μορφὴν,
1245 2357 1332 2423 είς
1360 2356 1690 2422 βεϐαίωσιν

110 2445 212 2514 τῆς
248 2448 640 2516 τελεσθείσης
663 2447 1025 2517 οἰκονομίας.
1064 2446 1246 2516 ’Υπὲρ
1269 2449 1485 2502 τούτου
1511 2463 1689 2501 κατα-

112 2536 474 2604 λιθούμενος,
511 2535 601 2606 μὴ
628 2534 928 2606 ὀχλάσῃς,
950 2536 1039 2607 μὴ
1079 2536 1410 2607 άτονήσῃς.
1437 2536 1690 2592 Βλέπων

112 2625 173 2678 δὲ
223 2627 331 2680 τὸν
373 2627 772 2697 ἀγωνοθέτην,
818 2626 902 2697 μὴ
962 2627 1232 2698 φοϐηθῇς
1288 2629 1396 2683 τὸν
1463 2628 1687 2699 ἀγῶνα.

117 2718 292 2785 Ἀεεες
332 2717 399 2771 τὸ
427 2716 622 2787 σῶμα,
649 2718 1038 2789 καταφρονῶν
1079 2720 1159 2786 ὡς
1198 2719 1426 2791 δεσμὸν
1452 2720 1684 2791 γήϊνον,

113 2804 185 2873 ὡς
208 2804 380 2865 ⁴οἶκον
400 2810 651 2877 σαθρὸν,
666 2811 748 2875 ὡς
766 2812 987 2879 σκεῦος
1019 2813 1315 2881 κεραμέως
1329 2814 1683 2882 εὔφθαρτογ.

124 2897 440 2969 Ἀνάδραμε
481 2901 635 2970 πρὸς
689 2901 805 2970 τὴν
859 2900 1073 2957 ἐνθάδε
1123 2902 1310 2972 λῆξιν
1346 2903 1684 2973 ἐλεύθερος’

113 2988 332 3056 ἕτοιμος
369 2992 482 3062 γάρ
520 3008 621 3046 σοι
666 2991 778 3061 τῆς
829 2992 1231 3063 ἀνδραγαθίας
1276 2998 1309 3049 ό
1363 2995 1684 3065 στέφανος.

116 3081 442 3150 lle-edomat
484 3084 637 3151 πρὸς
682 3084 790 3138 τὸν
822 3086 1082 3155 οὐρανὸν
1109 3086 1177 3140 ἐκ
1203 3085 1313 3155 τῆς
1334 3086 1467 3158 τῆς.
1503 3088 1688 3157 Ἄφες

116 3173 175 3224 τὸ
207 3141 375 3243 σῶμά
407 3141 543 3240 τοῖὲ
555 3141 921 3247 “taleam;
958 3178 1040 3244 ὡς
1065 3141 1465 3248 lepadas};
1496 3141 1687 3232 ι(αὲάῖ
1714 3141 1757 3199 (³

115 3262 245 3313 ,ιιπε
263 3261 594 3317 λυσσῶντα
627 3262 845 3333 δῆμον,
873 3265 974 3319 καί
1013 3265 1157 3321 ἐλθὲ
1194 3266 1346 3337 πρὸς
1377 3265 1563 3337 χορὸν
1582 3267 1689 3338 άτ-

149 3350 312 3407 eam.

149 3370 312 3407 utor.

118 3370 151 3420 Τ
178 3447 325 3501 Μετὰ
364 3447 577 3521 ταύτης
621 3449 723 3521 τῆς
782 3449 1009 3523 γνώμης
1060 3453 1089 3505 ὁ
1132 3450 1265 3516 Θεὸς
1316 3452 1562 3526 ἐπεφάνη
1608 3452 1689 3526 τῷ

118 3540 371 3614 καρτερῷ,
418 3541 507 3595 ἵνα
558 3543 714 3614 μήτι
767 3542 917 3615 πάθῃ
972 3543 1163 3611 δειλὸν,
1205 3546 1300 3599 καὶ⁸
1340 3546 1439 3618 τὴν
1488 3545 1689 3619 πολλὴν

117 3632 303 3706 {ulch
341 3634 662 3707 προθυμίαν
694 3635 773 3708 τῷ
807 3636 1025 3707 μεγέθει
1067 3638 1161 3691 τοῦ
1200 3638 1391 3713 φόϐου.
1436 3639 1525 3692 Διὸ
1562 3638 1687 3693 οὔτε

118 3726 328 3795 ἄγγελον
355 3727 511 3799 αὐτῷ
538 3728 752 3799 ἔπεμψε
780 3729 1096 3801 βοηθὸν,.ὼς
1139 3735 1253 3796 τοῖς
1284 3732 1602 3797 ἀποστόλοις
1630 3732 1689 3787 ὲν
1719 3769 1730 3781 ς

115 3816 181 3888 τῷ
199 3820 582 3893 δεσμωτηρίῳο
605 3820 729 3875 οὔτε
766 3821 888 3876 τινὰ
917 3821 1148 3894 δύναμιν
1175 3823 1572 3897 λειτουργικὴν,
1594 3825 1690 3881 καὶ

117 3909 404 3980 ὁμόδουλον·
459 3912 579 3966 ἀλλ’
629 3913 793 3978 αὐτὸς
822 3915 1015 3968 ἑαυτὸν
1043 3916 1381 3986 ἐνεφάνισεν.
1441 3917 1689 3991 Ἀπαρχῂ

117 4002 206 4074 γὰρ
229 4004 451 4072 ἐγένετο
477 4004 723 4058 τότετοῦ
758 4006 1085 4079 μαρτυρίου,
1120 4009 1216 4061 καὶ
1241 4006 1348 4061 ἔδει
1378 4009 1441 4063 τὸ
1473 4008 1689 4082 πρῶτον

119 4094 257 4167 ἔργον
298 4095 683 4167 τελειωθῆναι·
739 4097 826 4154 ῐνα
878 4100 929 4152 oi.
984 4099 1114 4169 ἑξῆς
1175 4100 1689 4173 ἐποικοδομούμενοι

122 4186 400 4259 μάρτυρες,
423 4187 654 4259 ἰσχυρὰν
671 4187 880 4242 λάϐωσι
912 4189 1006 4243 τοῦ
1036 4190 1200 4262 ζήλου
1233 4191 1330 4263 τὴν
1354 4192 1687 4266 ὑποδάθραν,

1790 1900 1927 1968 ferre
1955 1909 2119 1970 potes.
2152 1901 2303 1954 Astat
2335 1911 2507 1953 autem
2541 1901 2699 1953 etiant
2731 1900 2858 1953 mihi
2894 1897 3068 1953 Filius
3093 1916 3123 1953 a
3143 1897 3362 1961 dextris,

1788 1997 1939 2045 utea:
1964 1990 2077 2060 ipso
2102 1990 2228 2053 situ,
2250 1991 2305 2043 in
2331 2007 2434 2061 quo
2485 1991 2551 2043 sit
2591 1990 2787 2042 honore
2832 2004 3134 2058 cognoscas.
3182 1984 3363 2039 Multis

1789 2083 1913 2139 olim
1936 2084 2188 2138 seandalo
2216 2085 2343 2153 fuit,
2374 2093 2428 2136 ut
2468 2082 2610 2136 Deus
2637 2098 2795 2135 carne
2827 2082 3042 2133 indutus
3068 2086 3367 2133 versaretur

1787 2176 1844 2230 in
1882 2177 2065 2241 terris;
2091 2192 2227 2230 nunc
2254 2185 2451 2240 autent,
2504 2175 2779 2229 sublimem
2813 2188 3009 2226 mecum
3041 2168 3363 2237 conspicare,

1789 2270 2041 2323 ctelestem
2067 2284 2131 2321 ac
2158 2267 2301 2322 ctelis
2339 2267 2606 2330 altiorem,
2634 2274 2922 2337 gestantem
2979 2262 3203 2315 hominis
3255 2257 3367 2327 [or-

1788 2374 1949 2419 mam.
1977 2367 2035 2411 ut
2064 2358 2371 2428 perlectam,
2404 2357 2813 2425 completamque
2856 2354 3037 2409 carnis
3091 2353 3366 2422 dispensa-

1789 2449 1980 2502 tionem
2009 2449 2206 2517 probet.
2242 2446 2375 2501 Eam
2405 2447 2469 2501 ob
2523 2464 2632 2503 rem
2670 2446 2934 2515 lapidibus
2988 2445 3274 2513 appetitus,
3303 2456 3367 2493 ne

1788 2538 2250 2605 succumbas,neve
2276 2538 2538 2613 (aligeris,
2569 2548 2661 2591 aut
2698 2538 3030 2608 languescas.
3059 2534 3163 2600 Qui
3180 2548 3363 2587 cernas

1789 2628 2091 2681 certaminis
2128 2629 2427 2700 prwsidem,
2460 2643 2523 2682 ne
2576 2636 2837 2681 certamen
2875 2621 3367 2692 pertimescas..l)i-

1788 2720 1938 2774 mitte
1966 2737 2177 2789 corpus,
2211 2721 2383 2790 ipsum
2409 2720 2708 2787 despicatus
2730 2732 2784 2773 ut
2814 2728 3056 2772 terrestre
3078 2714 3363 2779 vinculum,

1788 2820 1846 2863 ut
1898 2813 2169 2864 ruinosam
2225 2827 2288 2864 ac
2342 2809 2681 2865 collabentem
2713 2810 2964 2871 domum;
2983 2816 3039 2860 ut
3070 2823 3160 2860 vas
3187 2803 3362 2874 ﬁguli,

1787 2904 1927 2974 quod
1956 2903 2113 2972 facile
2141 2902 2513 2975 confringitur.
2558 2903 2791 2958 Accurre
2840 2899 2970 2955 liber
2995 2900 3064 2954 ad
3087 2913 3367 2966 supernam

1788 2994 1924 3049 hanc
1945 2996 2270 3050 hwreditatis
2295 3006 2507 3050 sortem.
2535 2992 2743 3049 Prtesto
2771 3007 2993 3063 namque
3018 2991 3112 3045 tibi
3130 2998 3207 3044 est
3232 3003 3370 3058 prte—

1790 3087 1924 3141 clari
1954 3086 2114 3157 hujus
2146 3087 2446 3157 strenuique
2475 3085 2734 3156 facinoris
2795 3099 3007 3139 corona.
3057 3083 3101 3136 Α
3149 3090 3287 3135 terra
3311 3079 3367 3133 in

1790 3179 1976 3235 caelum
2010 3179 2320 3249 commigra.
2353 3178 2482 3234 Sine
2506 3195 2694 3248 corpus
2728 3176 3028 3241 homicidis,
3057 3174 3199 3230 haud
3220 3188 3368 3227 secus

1788 3286 1853 3324 ac
1873 3287 2048 3324 escam
2080 3270 2319 3324 canibus.
2352 3266 2402 3322 ι’
2408 3279 2641 3323 urentem
2691 3268 3028 3336 rabidamque
3075 3262 3373 3319 multitudi-

1789 3377 1903 3418 nem
1933 3363 2132 3427 desere,
2160 3372 2316 3432 atque
2344 3360 2651 3430 angelorum
2679 3359 2851 3413 choris
2880 3359 3086 3411 accede.

1872 3452 1985 3509 Hoc
2015 3468 2148 3509 sane
2174 3451 2473 3523 proposito,
2505 3450 2630 3504 l’urti
2664 3450 2807 3504 Dens
2846 3446 3224 3515 constantique
3248 3444 3373 3498 viro

1791 3543 2063 3615 apparuit,
2123 3556 2190 3597 ne
2238 3541 2286 3597 is
2337 3541 2531 3595 timore
2586 3537 2901 3609 perculsus,
2951 3535 3363 3594 succumberet,

1791 3650 1928 3691 neve
1958 3634 2339 3706 magnanimus
2364 3629 2727 3702 impendentis
2770 3628 2895 3682 ntali
2934 3625 3242 3698 granditate
3282 3624 3366 3676 vi-

1789 3738 1936 3794 ctus,
1972 3728 2159 3782 animo
2188 3731 2653 3782 consternaretur.
2697 3721 2958 3788 Quocirca
2988 3733 3163 3789 neque
3209 3715 3373 3770 auxi-

1790 3821 2007 3878 liariqu
2044 3820 2091 3875 ei
2129 3820 2379 3891 angelum
2424 3816 2595 3881 misit,
2661 3825 2721 3869 ut
2774 3823 2962 3884 postea
3018 3809 3276 3882 apostolis
3312 3808 3367 3862 in

1790 3927 2013 3983 carcere
2040 3913 2127 3981 "’;
2166 3925 2344 3974 neque
2374 3910 2607 3980 aliquant
2638 3923 2707 3964 ex
2749 3903 3086 3961 administris
3133 3917 3198 3958 ac
3237 3916 3377 3958 cun-

1789 4007 1966 4063 servis
1998 4005 2313 4070 virtutibus,
2347 4004 2441 4060 sed
2470 4003 2584 4073 ipse
2607 3999 2957 4068 semetipsum
3011 3995 3186 4066 palam
3209 3993 3367 4051 exhi-

1788 4098 1927 4156 buit.
1965 4096 2121 4151 Tunc
2147 4094 2415 4168 siquidem
2467 4092 2722 4164 primitias
2749 4090 3052 4161 agebantur
3100 4084 3377 4159 martyrii,

1791 4201 2015 4261 eratque
2038 4202 2215 4258 operae
2252 4185 2483 4258 pretium
2511 4191 2569 4240 ut
2595 4183 2826 4253 primum
2854 4196 2991 4252 opus
3008 4194 3169 4250 quam
3199 4178 3379 4233 tnasi-

120 4278 197 4330 καὶ
225 4279 299 4350 μὴ
334 4278 547 4343 δειλίας
576 4279 845 4348 γένωνται
885 4282 1146 4354 μιμηταί·
1186 4283 1324 4355 ὅπερ
1352 4283 1419 4357 δὴ
1471 4286 1565 4339 καὶ
1597 4288 1687 4341 ἐπὶ

1794 4297 1882 4337 me
1917 4281 2218 4337 absolutum
2241 4280 2415 4338 foret:
2448 4292 2558 4350 quo
2602 4274 2801 4331 futuris
2830 4275 3084 4344 deinceps
3117 4272 3376 4343 tempori-

121 4366 210 4420 τῶν
257 4367 458 4423 κοινῶν
496 4367 772 4440 πολέμων.
804 4366 899 4434 Εἷς
953 4370 1064 4442 γὰρ
1103 4370 1443 4443 στρατιώτης
1472 4372 1687 4446 πρόμα-

1794 4374 1891 4430 bus
1941 4373 2421 4444 superexstrueudi
2501 4379 2770 4441 martyres
2820 4368 3032 4422 ﬁrmam
3081 4365 3377 4420 aemulandi

121 4476 216 4529 χος,
262 4463 291 4515 ὀ
327 4460 426 4515 τοῦ
464 4460 631 4533 ἔργου
664 4462 964 4534 παρασχὼν
1004 4462 1066 4517 τὸ
1112 4463 1411 4536 ἐνδόσιμον·
1458 4466 1687 4536 νικήσας

1794 4464 2124 4536 crepidinem
2174 4456 2455 4533 basimque
2514 4461 2844 4530 acciperent,
2896 4471 2996 4513 nec
3040 4456 3268 4528 ignavia:
3299 4468 3364 4507 ac

125 4552 206 4620 μὲν
252 4556 344 4608 καὶ
382 4554 800 4628 ἀνδρισάμενος,
831 4557 1044 4621 πάντας
1079 4558 1205 4621 τοὺς
1240 4557 1403 4623 ἰδίους
1429 4559 1687 4633 ἀπέρρω-

1796 4556 2108 4612 timiditatis
2144 4555 2447 4610 imitatores
2494 4552 2811 4618 evaderent,
2844 4550 2923 4605 uti
2960 4563 3093 4603 sane
3123 4547 3175 4601 in
3221 4560 3376 4599 com-

125 4658 187 4707 σε,
210 4647 301 4699 καὶ
342 4647 471 4711 τοὺς
502 4645 858 4710 ὑπεναντίους
893 4647 1254 4720 κατέπληξεψ
1289 4649 1514 4715 ἀσθενὲς
1546 4649 1605 4704 δέ
1633 4668 1686 4705 τι

1797 4648 2052 4702 tnunibus
2079 4645 2254 4711 bellis,
2284 4660 2348 4699 ac
2379 4661 2499 4716 qua:
2525 4646 2760 4699 humano
2783 4650 3045 4710 geruntur
3072 4654 3192 4705 usu,
3225 4636 3377 4692 acci-

124 4736 311 4803 παθὼν,
359 4739 526 4802 εὐθὺς
563 4738 837 4811 κατακλᾷ,
868 4740 961 4793 καὶ
994 4740 1195 4805 δειλίας
1226 4741 1426 4814 πληροῖ
1451 4743 1548 4806 τὰς
1574 4741 1684 4798 τῶν

1794 4742 1892 4798 dit.
1918 4738 2072 4795 Unus
2099 4738 2241 4793 enim
2282 4738 2405 4810 quis
2450 4737 2836 4807 antesignanus
2868 4733 3024 4789 utiles
3055 4733 3183 4786 dato
3218 4729 3375 4798 signa

123 4828 388 4899 ὁμοφύλων
427 4831 632 4909 (gazae,
661 4833 756 4886 καὶ
804 4833 983 4904 φυγῆς
1010 4834 1219 4901 γίνεται
1260 4834 1532 4909 σύνθημα.
1584 4833 1685 4890 Διὰ

1794 4848 1923 4904 npus
1935 4832 2275 4903 aggreditur:
2298 4840 2463 4902 utque
2493 4828 2540 4885 si
2559 4829 2601 4884 is
2615 4827 2842 4882 viriliter
2856 4840 3021 4896 agens
3047 4824 3220 4878 victor
3241 4836 3368 4878 eva-

123 4920 272 4975 ταῦτα
302 4923 402 4994 μὲν
428 4926 458 4977 δ
485 4923 619 4987 Θεὸς
640 4923 931 4995 οὐρανόθεν
962 4925 1158 4997 ἐφάνη.

1794 4926 1944 4990 serit,
1980 4938 2211 4980 suorum
2269 4923 2511 4978 omnium
2563 4920 2723 4990 erigit
2784 4919 3015 4983 animos,
3049 4917 3377 4982 firmatque;

124 5011 537 5068 adversariorum
566 5028 696 5067 vero
725 5024 1060 5082 consternat,
1098 5032 1162 5070 ac
1209 5017 1429 5084 dejicit;
1483 5018 1570 5072 sin
1628 5026 1809 5073 autem
1874 5014 2107 5070 imbellis
2170 5014 2519 5085 ignavusquc,
2594 5026 2781 5083 parum
2838 5009 2965 5078 quid
3002 5003 3370 5065 succubuerit,

124 5099 250 5155 illico
279 5102 663 5159 contribulium
695 5121 918 5160 suorum
967 5106 1171 5178 frangit
1216 5110 1450 5172 animos,
1484 5125 1686 5180 eosque
1726 5123 1922 5180 segnes
1952 5125 2177 5181 prorsus
2227 5123 2293 5163 ac
2356 5108 2581 5180 ignavos
2610 5104 2832 5174 reddit”
2866 5102 3113 5173 fugaque
3142 5100 3372 5156 edicitur

127 5201 330 5251 tessera.
382 5195 498 5251 [lac
546 5195 705 5266 plane
754 5200 821 5253 de
878 5213 1042 5254 causa
1102 5201 1241 5254 Deus
1296 5217 1327 5256 e
1361 5203 1500 5256 caelo
1530 5203 1804 5272 apparuit.

193 5287 244 5342 '0
264 5288 316 5342 δὲ
338 5294 438 5363 τῆς
467 5290 711 5363 μεγάλης
731 5292 995 5357 ὀπτασίας
1027 5294 1302 5362 ἀξιωθεὶς,
1328 5295 1448 5359 οἵας
1471 5296 1572 5350 οὐκ
1597 5297 1698 5352 ἄλ-

128 5371 221 5441 λος,
267 5380 325 5431 οὐ
372 5379 609 5451 κατέσχε
650 5384 853 5454 σιωπῇ,
889 5382 1032 5454 άπερ
1080 5383 1208 5437 ι’δεν⁶
1253 5382 1367 5438 ἀλλ’
1392 5384 1555 5449 εὐθὺς
1604 5387 1687 5453 ὲξ«

1794 5404 1895 5444 nec
1925 5388 2065 5443 alius
2123 5388 2439 5458 quisquam,
2466 5399 2573 5440 non
2600 5384 2901 5453 suppressit
2922 5380 3138 5436 silentio
3160 5392 3225 5433 ea
3251 5391 3371 5446 qua:

129 5465 343 5538 ιὸὀησεν·
408 5470 569 5527 Ἰδοὺ
614 5473 809 5542 θεωρῶ
851 5472 994 5542 τοὺς
1058 5475 1357 5544 οὐρανοὺς
1403 5476 1687 5548 άνεῳῃιέ-

1799 5482 2032 5549 viderat,
2062 5480 2159 5539 sed
2186 5479 2373 5535 statim
2405 5477 2737 5541 exclamans,
2768 5478 2889 5530 ait-:
2927 5473 3064 5527 Ecce
3094 5471 3242 5527 video
3278 5482 3372 5522 cte-

130 5573 272 5629 νους,
476 5562 590 5620 τὸν
659 5565 800 5622 Υίόν
849 5566 958 5623 τοῦ
1007 5566 1321 5636 ἀνθρώπου
1364 5567 1436 5626 ἐκ
1479 5568 1687 5637 δεξιῶν

1794 5574 1869 5633 los
1894 5584 2124 5645 apertos,
2152 5581 2202 5629 et
2227 5568 2429 5629 Filium
2457 5569 2684 5626 hominis
2709 5579 2932 5625 stantem
2959 5584 2995 5622 ιι
3021 5564 3219 5625 dextris
3248 5560 3365 5618 Dei.

1867 5297 1934 5351 At
1973 5294 2314 5366 Stephanus,
2353 5307 2545 5371 magna
2586 5306 2650 5347 ea
2707 5288 2915 5346 visione
2943 5286 3228 5357 dignatus,
3264 5294 3370 5351 qua

190 5763 229 5800 "
261 5768 379 5826 Act.
412 5785 466 5839 v,
505 5731 605 5834 ιοξ
648 5785 748 5837 xu,
780 5772 813 5827 6
840 5788 965 5844 sqq.
