3820 6324
450 349 554 408 Si?

1721 342 1779 408 S.
1820 350 2096 410 ASTERII
2134 347 2437 407 AMASENI

3589 340 3709 397 348

452 470 694 527 Rebatur
740 469 883 526 enim
917 467 1098 524 slalim
1146 483 1209 524 ac
1246 469 1504 526 visionem
1556 471 1929 537 enuntiasset,
1961 485 2020 526 se

2132 469 2352 524 ἑστῶτα
2378 467 2484 523 τοῦ
2509 463 2677 523 Θεοῦ.
2725 461 2971 534 Ἐνόμισε
3004 459 3113 531 γὰρ
3135 460 3251 532 ἀμα
3277 475 3371 512 του
3403 458 3710 529 ἐξαγορεῦ-

457 562 761 619 incsedulos
806 563 871 618 ad
901 578 1179 621 assensum
1233 563 1607 632 pellecturum.
1651 565 1731 645 At.
1755 564 1851 631 illi,
1880 566 2020 620 dicta

457 665 709 723 tanquam
740 655 834 710 irte
855 694 871 721 ,
913 654 1251 724 maiorisque
1274 653 1473 710 furoris
1507 656 1843 710 irritamenta
1872 659 2023 710 exci-

454 743 663 812 pientes
686 784 701 807 ,
736 759 801 799 ac
833 745 988 814 quasi
1042 745 1107 799 ad
1136 744 1295 799 verba
1335 745 1679 814 blasphemia:
1719 760 1893 800 aures.
1926 745 2022 799 ob-

452 843 745 898 struentes,
772 849 832 889 se
856 836 1098 903 protinus
1122 834 1186 888 ad
1211 835 1410 889 aedem
1436 835 1809 890 accinxerunt.
1831 836 2023 890 Extra-

453 921 645 978 lientes
677 936 802 976 vero
826 930 977 978 extra
1012 923 1282 979 civitatem
1316 923 1696 978 Christiferum
1723 924 2018 987 hominem,

452 1012 545 1080 qui
576 1011 888 1082 patientiam
946 1025 1183 1085 gestaret
1238 1015 1313 1069 uti
1350 1014 1607 1069 Dominus
1639 1029 1875 1080 crucem,
1904 1018 2020 1069 ma:

452 1102 564 1158 lum
609 1105 750 1160 malo
778 1117 1007 1174 curant;
1040 1107 1297 1176 necisque
1325 1119 1458 1163 nece
1500 1107 1771 1177 depellunt
1794 1096 2018 1175 crimen,

452 1209 516 1248 ac
549 1197 694 1251 cruci
725 1185 931 1268 lapides
964 1188 1185 1255 addunt.
1212 1198 1346 1253 Cum
1377 1208 1554 1255 autem
1584 1207 1669 1253 ter
1694 1192 1912 1254 beatum
1939 1198 2019 1261 vi-

454 1298 576 1339 rum
631 1287 683 1341 in
723 1290 952 1357 quadam
989 1281 1145 1363 terra:
1185 1288 1791 1359 planitie'statuissent,
1820 1274 2021 1361 proco;

453 1389 598 1443 rum,
630 1378 869 1447 inquam,
903 1380 1028 1434 illud
1050 1395 1266 1449 corpus,
1293 1380 1564 1453 excelsum
1591 1394 1697 1451 que
1723 1374 2018 1451 martyrum

454 1478 744 1536 tropzeum;
788 1484 1020 1541 cumque
1050 1472 1285 1541 mundique
1313 1473 1366 1526 in
1419 1471 1604 1527 orbem
1638 1472 2024 1528 conclusissem

455 1561 832 1630 sanguinarius
884 1563 973 1618 ille
1044 1581 1108 1619 ac
1152 1565 1442 1621 iracundus
1488 1566 1745 1636 populus;
1798 1581 1861 1621 ac
1902 1581 2019 1620 eam

454 1651 686 1717 imitati,
722 1668 884 1723 quam
910 1656 961 1709 in
1006 1656 1159 1711 bellis
1184 1657 1445 1729 ἀγηνίαν,
1470 1673 1536 1721 ac
1570 1673 1761 1727 pugna:
1797 1656 2022 1727 impres-

451 1742 659 1797 sionem
699 1755 925 1810 vocant,
971 1745 1238 1816 lapidibus
1275 1757 1531 1816 appetunt
1570 1747 2021 1815 summangularis

2126 581 2215 617 σαι
2247 563 2347 634 τὴν
2369 560 2653 622 ὀπτασίαν,
2679 558 2804 621 τοὺς
2828 555 3088 618 ἀπίστους
3122 552 3344 608 ὲλκῦσαι
3376 553 3456 617 είς
3486 568 3709 621 συγκα-

2122 653 2355 707 τάθεσιν.
2389 653 2451 705 0i
2484 651 2561 716 δὲ,
2597 650 2659 703 τὸ
2700 635 2888 717 λεχθὲν
2933 643 3177 707 πλείονος
3210 641 3386 713 ,ὀργῆς
3440 641 3538 694 καὶ
3588 657 3709 711 μα·-

2122 743 2241 805 νίας
2287 742 2539 813 ἀφορμὴν
2587 740 2958 810 ποιησάμενοι,
3013 732 3445 805 ὲπιφραξάμενοί
3487 748 3550 785 τε
3592 731 3710 794 τὰς

2124 834 2293 896 ἀκοὰς
2322 834 2455 908 πρρς
2483 832 2573 886 τὸν
2604 832 2781 899 λόγον,
2812 829 2887 893 ὡς
2914 826 3247 897 βλάσφημον,
3280 826 3483 895 εἴχοντο
3510 840 3707 894 παρα-

2124 924 2313 998 χρῆμα
2347 923 2439 977 τοῦ
2486 923 2665 992 φόνου.
2713 919 3069 980 Ἐλκύσαντες
3110 916 3167 970 δὲ
3210 915 3313 982 ἔξω
3345 915 3442 984 τῆς
3484 912 3708 974 πόλεως

2121 1008 2212 1073 τὸν
2248 1016 2619 1090 Χριστοφόρον
2646 1012 2949 1085 ἄνθρωπον,
2984 1008 3320 1080 βαστάζοντα
3361 1007 3459 1078 τὴν
3486 1007 3708 1075 ὑπομο-

2123 1108 2241 1180 νὴν,
2276 1108 2351 1172 ὡς
2383 1109 2412 1160 ὁ
2442 1110 2643 1179 Κύριος
2675 1108 2767 1162 τὸν
2808 1109 3062 1180 σταυρὸν,
3088 1106 3244 1179 κακῷ
3282 1106 3341 1160 τὸ
3374 1104 3540 1159 κακὸν
3571 1102 3707 1156 ἰῶν-

2120 1218 2234 1262 ται,
2295 1200 2388 1253 καὶ
2471 1200 2617 1271 φόνῳ
2688 1201 2828 1272 ὑπὲρ
2879 1199 2972 1253 τοῦ
3039 1202 3207 1269 φόνου
3271 1194 3703 1263 ἀπολογοῦνται,

2121 1274 2215 1345 καὶ
2255 1289 2334 1362 τῷ
2368 1291 2584 1363 σταυρῷ
2624 1293 2749 1357 τοὺς
2791 1291 2971 1355 λίθους
3002 1289 3349 1345 συνάπτουσι.
3390 1288 3707 1359 Στήσαντες

2121 1381 2178 1437 δὲ
2218 1382 2309 1436 τὸν
2374 1383 2776 1456 τρισμακάριον
2833 1383 2925 1437 ὲπί
2970 1400 3115 1447 τινος
3159 1380 3403 1434 ίσοπέδου
3467 1377 3704 1449 χωρίου,

2120 1470 2181 1529 τὸ
2246 1475 2457 1547 μακρὸν
2522 1477 2697 1529 έκεῖνο
2745 1475 2921 1546 σῶμα,
2989 1475 3083 1529 καὶ
3149 1474 3352 1545 ὑψηλὸν
3408 1471 3517 1526 τῶν
3556 1485 3706 1540 μαργ

2120 1566 2299 1639 τύρων
2336 1567 2612 1639 τρόπαιον·
2638 1568 2732 1622 καὶ
2756 1568 2939 1640 κύκλῳ
2969 1568 3317 1639 περισχόντες
3343 1564 3503 1619 αὐτὸν
3528 1565 3559 1615 ό
3584 1562 3706 1614 τῶν

2121 1657 2368 1728 αἱμάτων
2390 1659 2603 1730 καὶτῆς
2625 1659 2793 1731 ὀργῆς
2817 1660 3006 1731 δῆμος,
3033 1659 3126 1713 καὶ
3147 1658 3244 1728 τὴν
3275 1656 3615 1726 καλουμένην
3640 1654 3705 1707 ὲν

2121 1753 2233 1814 τοῖς
2253 1750 2509 1821 πολέμοις
2532 1750 2902 1822 μιμησάμενοι
2930 1750 3163 1822 ἀγηνίαν
3185 1750 3279 1813 ⁷⁸⁸,
3307 1747 3494 1801 ἔϐαλον
3524 1745 3704 1806 λίθοις

451 1830 598 1888 illius
625 1834 818 1905 lapidis
846 1830 1172 1893 diaconum:
1193 1854 1257 1893 ac
1272 1854 1499 1909 (itumque
1523 1840 1739 1910 quidem
1767 1840 2022 1897 llebrazo-

2132 1842 2211 1895 τὸν
2241 1842 2336 1895 τοῦ
2369 1843 2759 1914 ἀκρογωνιαίου
2786 1843 2931 1897 λίθου
2963 1842 3228 1896 διάκονον·
3265 1840 3360 1893 καλ⁵
3388 1841 3540 1892 πᾶσα
3574 1837 3704 1907 χεὶρ

449 1938 570 1978 rum
604 1941 792 1982 manus
838 1944 1022 1984 necem
1064 1931 1431 2000 operabatur;
1469 1931 1579 2001 ipse
1632 1946 1760 1986 vero
1816 1942 2022 2002 martyr

452 2016 807 2086 jaculantium
844 2036 1037 2092 scopus
1074 2032 1224 2087 erat,
1254 2022 1310 2077 in
1352 2024 1529 2078 medio
1554 2032 1703 2079 stans
1724 2063 1741 2091 ,
1767 2024 2022 2080 velutsa-

449 2111 651 2179 gittarii
687 2111 921 2182 signum.

528 2199 626 2256 Ubi
655 2218 817 2272 porro
843 2218 1040 2274 corpus
1070 2206 1219 2261 omni
1250 2213 1403 2276 parte
1427 2215 1711 2261 contusum
1749 2206 2022 2264 collisum-

450 2308 573 2362 que,
604 2308 667 2348 ac
692 2296 953 2365 sanguine
989 2305 1326 2352 cruentatum
1357 2337 1373 2364 ,
1401 2299 1512 2368 jam
1538 2298 1839 2365 fatiscchat,
1869 2307 1926 2351 ut
1956 2312 2022 2353 ne

454 2392 656 2438 rectum
676 2386 727 2438 in
750 2386 912 2454 pedes
941 2395 1109 2442 staret
1150 2387 1300 2459 (57);
1330 2387 1843 2457 concutiebaturque
1880 2389 2023 2443 deci-

449 2478 648 2541 duum,
684 2491 749 2532 ac
802 2474 986 2532 casum
1027 2480 1355 2545 minabatur,
1402 2479 1542 2536 haud
1585 2494 1740 2533 secus
1785 2493 1848 2533 ac
1892 2494 2020 2547 pro—

450 2584 576 2623 cera
628 2570 910 2639 platanus,
954 2585 1115 2641 quam
1163 2571 1301 2625 fabri
1319 2570 1519 2642 -plures
1549 2571 1796 2626 accidant
1833 2589 1847 2625 :
1887 2571 2020 2625 nihil

451 2663 901 2732 tamen,’plurium
934 2678 1101 2729 more,
1130 2663 1269 2734 turpi
1306 2664 1419 2731 ipse
1439 2678 1567 2719 casu
1591 2674 1891 2734 prostratus
1917 2674 2017 2720 est.

449 2750 638 2823 Neque
685 2755 829 2810 enim
893 2763 1004 2810 toto
1054 2755 1198 2809 humi
1255 2769 1479 2825 corpore
1511 2770 1713 2825 pronus
1757 2755 2022 2813 distentus

452 2854 568 2911 est,
597 2861 772 2915 neque
793 2846 987 2901 decidit
1020 2846 1073 2901 in
1114 2846 1256 2901 latus
1280 2885 1296 2912 ,
1325 2861 1499 2917 neque
1528 2862 1588 2902 se
1616 2848 1899 2917 resupinus
1936 2849 2019 2903 in-

453 2938 631 3004 llexit;
662 2941 756 2993 sed
788 2940 983 2993 decoro
1015 2941 1289 3009 precantis
1314 2940 1498 2995 habitu
1528 2955 1734 3010 ponens
1761 2956 1955 3011 genua,
1991 2958 2022 2998 e

386 3068 387 3071 η
450 3030 561 3084 vita
593 3032 867 3096 excessit;
895 3045 1089 3101 urgens
1113 3033 1379 3099 oratione,
1406 3033 1721 3103 instansque
1754 3048 1916 3104 quam
1943 3034 2023 3088 ci-

452 3121 662 3177 tissime
707 3123 940 3177 animam
990 3138 1021 3177 a
1066 3138 1228 3178 carne
1259 3123 1530 3192 separari,
1571 3134 1732 3194 atque
1759 3122 1826 3179 ad
1859 3139 1980 3180 eum
2004 3164 2021 3188 ,

452 3228 612 3281 quem
645 3214 1021 3277 contuebatur,
1053 3214 1293 3269 clamans
1322 3233 1344 3269 ς
1382 3213 1600 3268 Domine
1635 3214 1762 3269 Iesu
1794 3214 2019 3282 Christe,

451 3306 658 3374 suscipe
705 3306 947 3371 spiritum
984 3322 1175 3360 meum.
1214 3306 1463 3363 Festinus
1495 3321 1727 3376 namque
1763 3308 1829 3361 ad
1860 3323 2020 3361 unam

452 3396 598 3450 velut
637 3397 902 3452 coloniam
930 3398 1009 3453 ire
1062 3400 1417 3468 properabat,
1458 3409 1518 3452 ut
1561 3414 1593 3453 e
1628 3401 1913 3471 peregrino
1956 3400 2023 3455 ad

451 3488 683 3556 patrium
714 3487 920 3554 solum,
968 3490 1033 3542 ad
1065 3490 1323 3544 illustrem
1366 3490 1787 3560 prteclaramquc
1829 3491 2022 3545 civita-

454 3585 562 3630 tem
600 3592 631 3631 e
685 3588 825 3631 terra
855 3577 1070 3633 deserta
1098 3620 1114 3645 ,
1152 3589 1395 3649 aestuque
1444 3580 1613 3644 arida,
1666 3595 1730 3634 ac
1779 3580 2023 3636 horribili

457 3667 709 3736 squalore
768 3666 941 3722 obsita
994 3667 1374 3724 contendebat.
1422 3668 1797 3723 Obsecrationi
1846 3679 2025 3724 autem

450 3760 617 3813 etiam
648 3753 960 3813 orationem
982 3776 1079 3828 pro
1113 3759 1549 3829 persecutoribus
1581 3760 1811 3817 addidit.
1843 3760 2027 3828 Quan-

450 3866 611 3920 quam
657 3850 799 3904 cnim
846 3850 1030 3915 inviti,
1071 3851 1298 3920 gratiam
1339 3851 2025 3924 praestabantglapidibus-

453 3961 564 4013 que
592 3943 916 4011 obruentes,
960 3944 1152 3999 salutis
1185 3956 1434 4002 auctores
1471 3955 1663 4013 erant;
1692 3962 1757 4003 ac
1816 3947 2175 4018 perimentes,
2219 3955 2385 4007 vitam
2434 3953 2806 4027 conciliabant

455 4042 522 4094 ad
545 4053 766 4109 regnum
794 4040 1243 4116 transmittebant.

522 4131 676 4187 lianc
720 4146 936 4202 quoque
979 4146 1108 4205 ergo
1146 4134 1409 4189 orationis
1450 4135 1738 4191 dictionem
1791 4148 2025 4195 contem

451 4223 681 4293 plemur,
709 4222 761 4277 in
783 4238 943 4291 quem
968 4224 1219 4279 nimirum
1241 4225 1474 4281 collimet
1496 4241 1716 4297 scopum
1739 4246 1752 4282 :
1779 4228 2019 4299 Domine,

453 4331 516 4368 ne
540 4325 746 4369 statuas
786 4318 892 4370 illis
931 4318 1028 4372 hoc
1052 4330 1343 4389 peccatum.
1392 4319 1508 4374 Non
1535 4332 1690 4388 orat,
1721 4334 1779 4376 ut
1806 4322 2022 4392 quidam

454 4422 740 4479 perperam
777 4412 1166 4465 ratiocinantes
1193 4420 1495 4475 autumant,
1532 4423 1814 4479 peccatum
1846 4412 2025 4466 inimi-

452 4514 640 4553 corum
668 4498 898 4555 inultum
944 4515 1009 4575 ac
1050 4501 1370 4569 impunitum
1408 4502 1502 4568 iri,
1551 4502 1787 4573 nullique
1821 4503 2015 4557 rationi

2133 1934 2394 2008 Ἐϐραῖκὴ
2457 1936 2547 1988 τὸν
2595 1934 2752 2004 φόνον
2808 1934 3046 2006 ἐνήργει·
3112 1932 3311 1995 σκοπὸς
3371 1930 3428 1984 δὲ
3475 1925 3544 2000 ἧν
3584 1928 3704 1996 τῷν

2121 2023 2388 2093 ἀφιέντων
2407 2024 2435 2077 ὁ
2454 2024 2685 2096 μάρτυς,
2716 2022 2886 2084 ἑστὼς
2909 2022 3052 2078 κατὰ
3076 2023 3236 2094 μέσον
3264 2023 3339 2085 ὡς
3367 2021 3590 2091 σημεῖον
3607 2033 3705 2069 το-

2123 2113 2273 2179 ξότου

2204 2206 2289 2270 Ὠς
2309 2206 2366 2260 δὲ
2388 2205 2651 2261 πάντοθεν
2675 2207 2733 2259 τὸ
2758 2205 2918 2276 σῶμα
2946 2204 3362 2277 περιθραυσθὲν,
3388 2202 3479 2255 καὶ
3509 2200 3705 2252 λελου-

2125 2297 2283 2369 μένον
2336 2297 2411 2370 τῷ
2474 2299 2683 2369 αἵματι,
2753 2296 2968 2361 ὤκλαζε
2994 2287 3207 2350 ⁴λοιπον
3258 2294 3391 2367 πρὸς
3429 2292 3525 2365 τὴν
3578 2291 3707 2344 όλέ-

2122 2390 2273 2461 θριον
2321 2392 2366 2424 ⁸⁸
2433 2392 2641 2446 στάσιν⁸
2706 2390 3016 2444 κατεσείετο
3062 2388 3119 2442 δὲ
3182 2388 3287 2442 καὶ
3330 2386 3568 2455 ἠπείλει·
3596 2382 3708 2452 τὴν

2122 2484 2353 2548 πτῶσιν,
2392 2483 2580 2555 ὥσπερ
2622 2500 2707 2545 τις
2742 2481 2919 2553 ὑψηλὴ
2962 2480 3249 2544 πλάτανος,
3286 2477 3437 2547 παρά
3485 2475 3707 2529 πολλῶν

2123 2574 2557 2647 κατεργασθεῖσα
2601 2575 2902 2627 τεκτόνων·
2953 2574 3013 2627 ού
3046 2572 3102 2625 δὲ
3144 2571 3243 2641 τὴν
3276 2569 3482 2623 πτῶσιν
3523 2567 3705 2622 ἔπαθε

2122 2667 2262 2721 κατά
2289 2670 2414 2731 τοὺς
2446 2668 2672 2732 πολλοὺς
2700 2666 2982 2739 ἀπρεπῶς.
3019 2667 3094 2721 Οὐ
3127 2665 3236 2738 γὰρ
3267 2662 3476 2736 πρηνὴς
3499 2660 3701 2725 ἐξετά-

2124 2760 2213 2832 θη,
2243 2759 2364 2813 ούδὲ
2396 2759 2490 2813 ἐπὶ
2519 2758 2749 2828 πλάγιον
2779 2757 3109 2831 κατηνέχθη,
3141 2757 3261 2811 οὐδὲ
3297 2759 3376 2821 εἰς
3401 2755 3462 2808 τὸ
3505 2754 3708 2807 ὕπτιον

2123 2850 2375 2922 ἀνεκλίθη
2414 2850 2620 2922 σχῆμα·
2658 2849 2797 2904 ἀλλά
2829 2849 2942 2915 θεὶς
2975 2850 3045 2904 τά
3074 2849 3277 2920 γόνατα
3306 2849 3364 2902 ὲν
3389 2846 3469 2919 τῷ
3496 2845 3706 2917 εὐπρε-

2124 2947 2217 2999 πεῖ
2248 2943 2339 2997 τοῦ
2373 2944 2667 3015 εὐχομένου
2708 2944 2970 3015 σχήματι,
3005 2943 3317 3009 κατέλυσεν,
3346 2941 3709 3015 ,ἐπιταχύνων

2122 3039 2187 3108 τῇ
2219 3037 2362 3108 ψυχῇ
2396 3037 2485 3090 διὰ
2525 3038 2622 3105 τῆς
2670 3037 2974 3108 προσευχῆς
3016 3036 3105 3088 τὸν
3164 3034 3263 3105 τῆς
3305 3034 3498 3106 σαρκὸς
3534 3050 3708 3103 χωριο

2127 3125 2282 3196 σμδν,
2316 3126 2410 3179 καὶ
2442 3125 2660 3196 κράζων
2696 3125 2833 3196 πρὸς
2859 3126 2950 3178 τὸν
2978 3124 3250 3196 ὁρώμενον
3275 3124 3494 3195 Κύριον·
3525 3123 3708 3191 Κύριε

2140 3215 2333 3285 Ἰησοῦ
2377 3214 2611 3285 Χριστὲ,
2654 3214 2821 3279 δέξαι
2868 3215 2932 3268 τὸ
2983 3212 3217 3284 πνεῦμά
3257 3231 3396 3284 μου.
3427 3213 3706 3265 Ἕσπευσε

2119 3309 2227 3381 γὰρ
2254 3308 2329 3373 ὡς
2356 3307 2446 3361 ὲπί
2468 3324 2589 3361 τινα
2618 3309 2917 3378 μετοικίαν·
2945 3306 3022 3371 ὡς
3051 3305 3109 3373 ἐξ
3138 3305 3437 3375 ἀλλοδαπῆς
3480 3305 3574 3356 ἐπὶ
3600 3322 3710 3356 πα-

2119 3402 2294 3475 τρίδα·
2342 3399 2418 3463 ὡς
2451 3401 2531 3463 εἰς
2565 3399 2717 3453 πόλιν
2756 3398 3011 3470 λαμπρὰν
3063 3398 3171 3452 ἀπὸ
3213 3397 3314 3468 γῆς
3357 3397 3567 3468 ἐρήμου
3608 3396 3709 3447 καὶ

2122 3493 2429 3564 αὐχμηρᾶς.
2467 3490 2780 3563 Προσετίθει
2821 3489 2877 3543 δὲ
2917 3492 2983 3562 τῇ
3026 3490 3208 3562 δεήσει
3263 3490 3355 3542 καὶ
3398 3488 3499 3557 τὴν
3561 3487 3707 3558 ὑπὲρ

2122 3583 2229 3636 τῶν
2260 3581 2589 3645 λιθαζόντων
2634 3582 2797 3654 εὐχήν
2827 3580 2960 3652 (58).
3010 3582 3346 3653 Εὐεργέτουν
3384 3578 3493 3649 γὰρ
3543 3580 3706 3633 ἀκον-

2122 3692 2235 3740 τες,
2284 3674 2377 3726 καὶ
2419 3672 2727 3737 λιθάζοντες
2778 3671 3001 3740 ἔσωζον,
3044 3674 3141 3727 καὶ
3180 3672 3494 3743 φονεύοντες
3538 3671 3708 3736 ἐζωο-

2126 3765 2333 3818 ποίουν·
2372 3766 2466 3818 κα)⁹
2508 3764 2602 3818 τοῦ
2633 3763 2803 3837 πη)ιοῦ
2836 3765 3156 3838 χωρίζοντες
3180 3766 3245 3836 τῇ
3276 3763 3521 3835 βασιλείᾳ
3565 3779 3709 3835 παρ-

2128 3856 2398 3927 έπεμπον.

2865 3970 2881 4008 :
2932 3962 3096 4022 atque
3140 3968 3170 4008 a
3209 3958 3327 4007 luto
3366 3960 3703 4021 separantcs,

2196 4136 2576 4207 Θεωρήσωμεν
2628 4129 2722 4189 οὖν
2776 4134 2869 4188 καὶ
2908 4134 2970 4187 τὸ
3015 4133 3168 4206 ῥῆμα
3216 4132 3317 4203 τῆς
3376 4131 3705 4203 προσευχῆς.

2131 4230 2264 4300 πρὸς
2299 4223 2409 4281 οἷον
2439 4227 2594 4299 φέρει
2632 4227 2853 4292 σκοπὸν,
2882 4225 2963 4292 τὸ,
2994 4227 3191 4295 Κύριε.
3212 4224 3298 4295 μὴ
3331 4224 3574 4292 στήσῃς
3600 4218 3706 4278 (ri-'—

2129 4320 2252 4387 τοῖς
2286 4318 2401 4386 τὴν
2425 4319 2719 4388 ἁμαρτίαν
2743 4319 2989 4385 ταύτην.
3021 4317 3095 4371 Οὐ
3123 4317 3253 4387 γὰρ,
3283 4317 3360 4381 ὡς
3394 4315 3593 4369 οἴονταί
3618 4334 3703 4369 τι-

2130 4429 2240 4476 νες,
2274 4411 2459 4475 κακῶς
2502 4408 2859 4480 λογιζόμενοι,
2894 4406 3240 4481 ἀτιμώρητον
3282 4408 3377 4462 καὶ
3416 4406 3704 4462 ἀνεύθυνον

2130 4502 2347 4575 εὕχεται
2395 4502 2649 4573 γενέσθαι
2689 4501 2796 4556 τῶν
2827 4501 3036 4572 ἐχθρῶν
3075 4501 3134 4554 τὸ
3175 4499 3496 4571 ἁμάρτημα.
3534 4498 3704 4551 Τοῦτο

454 4605 520 4645 ac
548 4604 723 4658 poena:
756 4590 1070 4645 obnoxium.
1095 4588 1261 4646 Plane
1291 4592 1434 4647 enim
1471 4593 1522 4646 id
1553 4602 1698 4647 esset
1726 4607 2023 4663 repugnare

2132 4592 2239 4664 γὰρ
2293 4589 2360 4664 ἦν
2420 4592 2669 4665 φανερῶς
2722 4594 2788 4662 τῇ
2846 4591 2939 4645 τοῦ
2995 4589 3131 4644 Θεοῦ
3189 4588 3513 4643 διατυπώσει
3577 4588 3703 4642 ἀνθ-

453 4682 652 4737 ilivinae
714 4683 1127 4749 constitutioni,
1169 4682 1411 4753 justique
1457 4682 1716 4753 judicium
1759 4699 1820 4737 ac
1855 4682 2024 4753 legem

452 4775 766 4839 emendare,
792 4788 912 4842 qua:
943 4774 1225 4828 homicidia
1252 4775 1474 4828 meritas
1498 4788 1685 4843 poenas
1704 4773 2027 4843 praescribit.

456 4863 562 4920 Sed
591 4865 721 4935 quid
750 4864 861 4919 ait?
890 4863 1130 4929 Domine,
1157 4882 1219 4919 ne
1244 4874 1445 4918 statuas
1469 4864 1574 4919 illis
1600 4865 1697 4919 hoc
1721 4873 1987 4932 peccatum
2008 4877 2029 4917 :

458 4959 562 5014 hoc
584 4969 686 5024 est,
717 4958 993 5012 Timorem
1032 4957 1467 5025 compunctionis
1488 4959 1565 5012 eis
1605 4957 1814 5023 incute;
1851 4957 1903 5011 in
1938 4972 2032 5011 eo-

454 5064 597 5113 rum,
627 5063 746 5118 quze
776 5062 916 5102 nunc
966 5047 1253 5102 temerario
1289 5060 1423 5101 ausu
1460 5053 1842 5116 perpetraruut
1864 5084 1880 5109 ,
1915 5059 2032 5114 pte-

455 5139 739 5195 nitenliam
771 5138 1064 5208 compelle;
1105 5154 1191 5205 ne,
1244 5152 1451 5207 quaeso,
1509 5138 1563 5191 in
1620 5136 2030 5191 circumcisione

452 5231 743 5301 permittas
781 5241 1009 5285 mortem
1041 5232 1230 5298 obire;
1266 5232 1330 5284 ad
1369 5232 1441 5283 tui
1471 5231 1821 5301 agnitionem,
1856 5228 2030 5300 paeni-

2135 4681 2399 4746 ίστασθαι,
2430 4681 2524 4734 καὶ
2556 4681 2656 4751 τὴν
2685 4680 2777 4733 τοῦ
2803 4679 3010 4733 δικαίου
3047 4679 3227 4751 κρίσιν
3270 4678 3364 4731 καὶ
3390 4675 3705 4747 νομοθεσίαν

2131 4771 2482 4844 ἐπανορθοῦν,
2545 4772 2644 4845 τὴν
2698 4775 2809 4837 τοῖς
2861 4772 3204 4843 ἀνδροφόνοις
3259 4770 3325 4824 τά
3369 4769 3506 4841 πρὸς
3551 4768 3706 4836 ἀξίαν

2133 4865 2622 4938 ἀποκληρώσασαν.
2669 4866 2826 4920 Ἀ).λά
2847 4867 2898 4921 τί
2925 4882 3096 4938 φησι;
3131 4867 3326 4932 Κύριε,
3346 4863 3431 4934 μὴ
3466 4862 3707 4931 στήσῃς

2134 4958 2339 5024 αὐτοῖς
2365 4959 2480 5027 τὴν
2510 4959 2803 5029 ἁμαρτίαν
2843 4959 3085 5025 ταύτην·
3122 4957 3385 5010 τουτέστι·
3418 4956 3517 5018 Δὸς
3548 4955 3707 5025 φόϐον

2136 5048 2497 5115 κατανύξεως·
2531 5049 2703 5117 ἀγαγε
2735 5047 2869 5118 πρὸς
2911 5046 3271 5118 μεταμέλειαν
3311 5045 3419 5097 τῶν
3447 5044 3706 5115 τετολμη-

2135 5142 2332 5211 μένων·
2382 5140 2456 5212 μὴ
2502 5141 2860 5211 συγχωρήσῃς
2906 5138 3253 5192 ἐναποθανεῖν
3301 5138 3368 5208 τῇ
3413 5136 3703 5207 περιτομῇ·

2131 5232 2359 5286 ἕλκυσον
2416 5231 2505 5285 διὰ
2557 5231 2842 5302 μετανοίας
2892 5229 3028 5294 πρὸς
3078 5227 3177 5301 τὴν
3238 5227 3335 5299 σὴν
3393 5229 3702 5297 ἐπίγνωσιν·

518 5366 587 5400 τ’·
619 5367 707 5423 ισ.
732 5367 992 5437 ἀγωνίαν.
1019 5367 1265 5423 Riccard.
1289 5378 1440 5438 putat
1459 5367 1773 5441 ἀγηνορίαν.
1844 5368 1890 5400 ⁸⁸
1915 5366 2013 5422 ἄλο

2141 5386 2238 5433 ιον,
2263 5369 2405 5438 quod
2436 5376 2490 5422 et
2511 5368 2649 5436 lego.

525 5505 639 5591 (ξῖ)
667 5504 735 5560 Ut
753 5523 824 5591 an
838 5516 1004 5591 rectus
1027 5507 1079 5591 in
1100 5507 1251 5591 pedes
1268 5516 1451 5591 staret,
1466 5507 1615 5591 arde
1630 5505 1745 5575 τὴν
1762 5506 2023 5591 ὀλέθριον

2141 5505 2664 5591 stareqiectrliariiis
2704 5502 2995 5591 exitiabile
3026 5502 3226 5591 ba‘bet,
3256 5510 3314 5556 ut
3357 5516 3424 5558 eo
3470 5501 3703 5570 epitheto

454 5577 720 5663 στᾴρνιις..
752 5577 883 5663 EEam
914 5577 1184 5663 S..Andr.
1241 5578 1446 5633 codicis
1494 5580 1774 5632 lectionem
1823 5582 2033 5663 prqqu

460 5645 722 5715 quidquid
772 5647 1072 5702 Riccardus
1116 5657 1342 5716 carpat,
1378 5656 1632 5717 tanquam
1669 5662 1769 5700 vox
1818 5645 2032 5710 ὤκλαζε

463 5728 747 5799 repugnet.
801 5717 939 5799 Ἰιιιο⁸
971 5718 1128 5788 plane
1183 5718 1467 5799 congruit;
1514 5718 1771 5799 nihilque
1817 5718 1880 5799 τό
1922 5718 2041 5771 ὀλέ-

461 5782 643 5856 θριον,
674 5787 817 5858 quod
842 5782 986 5857 legit,
1015 5782 1355 5845 cornmoduiu
1380 5796 1479 5844 est.
1514 5785 1654 5843 Nihil
1686 5782 1828 5842 cnim
1859 5790 2032 5858 ipsum

2139 5571 2386 5632 Asterius
2418 5585 2607 5630 notare
2633 5574 2897 5628 debuerit.
2935 5575 3041 5629 Sed
3074 5571 3133 5628 S.
3178 5582 3386 5642 martyr
3425 5586 3492 5627 eo
3515 5588 3701 5640 corpo-

2144 5648 2218 5701 ris
2246 5648 2426 5701 habitu
2469 5645 2724 5713 deinceps
2751 5644 2947 5698 durare
2992 5658 3097 5697 non
3138 5651 3384 5712 poterat,
3435 5642 3646 5697 defecto
3672 5661 3699 5696 ει

2146 5712 3099 5795 Ιπιιῇίιιιιι-οοηιυξίοιιιιέοτρυεουιο.

2218 5786 2331 5859 (58)
2374 5785 2498 5843 llzec
2526 5784 2686 5840 etiam
2726 5780 2947 5841 Photius
2987 5799 3051 5839 ac
3078 5782 3355 5855 sequentia
3388 5780 3630 5839 deﬂorat.
