3820 6314
119 366 212 421 549

1016 364 1336 438 ,ΗΟΜΙΙᾸΑ
1381 366 1497 427 XII.
1535 368 1605 425 IN
1649 371 1937 430 LAUDEM
1976 377 2035 432 S.
2077 376 2436 435 STEPHANI.

3258 380 3365 437 550

116 481 306 551 ἄνοψον
335 480 397 535 ἐν
429 484 552 546 ταῖς
589 480 843 554 καρδίαις
869 480 967 553 τὴν
992 479 1168 552 φλόγα
1207 479 1302 537 τοῦ
1346 482 1685 556 Πνεύματος.

1798 491 1957 546 tentia
1985 493 2274 548 redeuntes
2326 493 2512 559 trahe,
2538 493 2709 549 sancti
2746 492 2980 563 Spiritus
3008 491 3277 550 ﬂammam
3313 497 3365 550 in

121 576 207 628 ’Δν
240 573 350 645 γὰρ
385 573 563 639 οὕτως
598 573 950 645 βελτιωθωσι,
983 574 1249 647 πρόδηλον
1281 574 1338 628 δὲ
1370 574 1446 639 ὡς
1476 575 1596 629 τότε
1624 577 1686 630 οὐ

118 668 306 737 στήσῃς
337 667 444 738 τὴν
482 666 780 738 ἀμαρτίαψ
816 666 950 721 ἀλλὰ
978 666 1038 721 τὸ
1063 665 1285 737 λουτρὸν
1317 666 1415 737 τῆς
1444 666 1689 739 χάριτος,

119 761 201 812 καὶ
228 761 289 812 τὸ
324 759 443 823 σὺν,
466 760 562 813 καὶ
583 760 644 813 τὸ
660 760 793 830 ἐμὸν
820 753 959 830 αἷμα
976 760 1278 831 νιφόμενοι,
1295 758 1565 830 ἐλεύθεροι
1583 759 1691 813 τῶν

118 851 469 922 ἐγκλημάτων
506 853 852 921 γενήσονται.
884 849 1070 905 Ταῦτα
1110 851 1343 919 ἐγένετο,
1388 850 1481 904 καὶ
1514 850 1690 904 ἐτελέ-

122 942 207 1013 σθη
239 944 301 996 τὸ
334 945 547 1014 δρᾶμα.
576 943 690 997 Καὶ
731 943 980 1015 στρατιαὶ
1026 943 1125 1013 μὲν
1165 941 1275 996 τῶν
1321 940 1567 1011 ἀγγέλων
1610 942 1693 995 εὐ-

119 1036 416 1105 φραίνοντο,
442 1036 537 1089 τὸν
558 1036 746 1105 ἀγῶνα
775 1035 1168 1105 θαυμάζουσαι,
1193 1035 1287 1089 καὶ
1318 1032 1457 1105 μετά
1482 1035 1691 1107 πολλῆς

120 1128 202 1195 τῆς
228 1125 558 1197 δορυφορίας
589 1127 684 1180 τὸν
709 1127 978 1195 Στέφανον
1002 1128 1089 1203 ,είς
1122 1126 1213 1181 τὸν
1246 1126 1374 1181 ἴδιον
1395 1127 1691 1195 ἀνάγουσαι

120 1219 329 1289 κλῆρον’
355 1221 387 1272 ὁ
414 1220 475 1273 δὲ
505 1219 752 1283 διάϐολος
778 1219 1103 1292 ἀπεστράφη
1137 1219 1313 1284 κενὸς,
1342 1219 1692 1292 ἠπορημένος

116 1309 310 1373 δεινῶς·
365 1310 485 1363 ἀλλ’
516 1311 607 1364 ἵνα
646 1328 698 1364 τι
744 1311 841 1364 καὶ
886 1308 1336 1383 σωματικιὶηερον
1385 1312 1524 1364 εῐπω
1562 1311 1692 1382 περὶ

117 1401 199 1453 τοῦ
240 1401 491 1471 ἐναερίου
521 1392 855 1472 πνεύματος,
882 1392 1038 1471 λόγον
1065 1401 1406 1475 προφητικὸν
1443 1394 1689 1474 μιμησά-

120 1508 285 1560 μενος,
316 1494 404 1559 ὡς
432 1495 796 1564 πρόσκαυμα
818 1558 821 1559 ν
840 1497 1064 1564 χύτρας
1096 1496 1276 1567 φέρων
1296 1496 1356 1548 τὸ
1377 1496 1687 1568 πρόσωπον,

117 1585 200 1636 καὶ
232 1585 544 1638 ⁴τούναντίον
580 1587 614 1656 ἢ
651 1587 955 1657 προσεδόκα
987 1565 1360 1659 κατορθώσας,
1408 1565 1593 1641 ιίαίδβ
1617 1580 1692 1641 ὧν

116 1676 348 1747 ἐνόμιζεν
394 1679 763 1750 Χριστιανοὺς
799 1678 1075 1745 ἐλαττοῦν,
1115 1679 1182 1732 δι’
1213 1679 1437 1750 ἐκείνων
1486 1670 1697 1748 πληθύ-

116 1786 203 1832 νας
226 1769 318 1821 τὸν
341 1769 455 1823 τῶν
482 1770 777 1842 μαρτύρων
806 1772 1126 1840 κατάλογον.
1212 1760 1213 1763 “
1460 1766 1465 1775 ⁵
1543 1762 1549 1768 ’
1600 1762 1606 1789 ⁵

1793 599 1980 642 eorum
2035 587 2348 655 pectoribus
2382 589 2636 643 accende.
2688 587 2744 642 Si
2787 587 2931 643 enim
2982 588 3054 642 ita
3093 601 3154 642 se
3182 603 3369 643 emen-

1797 676 2064 743 daverint,
2098 687 2261 747 atque
2319 679 2384 731 ad
2418 679 2693 734 meliorem
2730 694 2788 733 se
2819 678 3024 750 frugem
3047 679 3369 746 receperint,

1804 769 1994 839 utique
2022 784 2153 824 sane
2171 781 2300 825 tunc
2326 786 2430 825 non
2454 780 2656 827 statues
2683 771 2788 827 illis
2809 781 3109 842 peccatum,
3132 774 3226 825 sed
3247 786 3371 840 gra-

1732 860 1737 865 ’
1796 860 1887 916 tite
1920 860 2139 916 lavacro
2185 871 2275 916 tuo
2297 866 2570 931 ,meoque
2599 864 2864 931 sanguine
2894 861 3095 926 abluti,
3131 877 3161 914 ε
3194 861 3371 914 crimi-

1798 951 1959 1007 nibus
1983 952 2250 1009 imntunes
2302 952 2562 1022 liberique
2590 963 2770 1009 erunt.
2792 951 3066 1007 Hactenus
3091 961 3365 1021 peractum

1793 1050 1879 1096 est
1908 1041 2130 1108 drama,
2159 1056 2224 1096 ac
2269 1041 2382 1096 lusa
2420 1039 2619 1096 fabula.
2651 1041 2729 1097 Ac
2785 1042 3099 1112 angelorum
3153 1041 3367 1110 quidem

1793 1133 2067 1189 exercitus
2112 1147 2337 1203 agonem
2378 1129 2739 1198 deniirantes,
2781 1126 3236 1211 Stephauumque
3287 1133 3371 1186 in—

1740 1280 1749 1291 .
1799 1222 1947 1294 genti
1983 1222 2240 1289 Stipatum
2282 1220 2537 1275 satellitio
2569 1219 2622 1274 in
2656 1214 2987 1275 litereditatis
3022 1237 3132 1276 suae
3161 1230 3367 1291 partem

1772 1308 2122 1377 evehentes,
2184 1307 2836 1379 impensiuS'gandebattt
2868 1326 2884 1377 ;
2912 1368 2915 1371 λ
2940 1309 3188 1371 diabolus
3235 1322 3368 1365 vero

1794 1402 2002 1469 inanis,
2038 1394 2380 1473 graviterque
2409 1401 2650 1458 defectus
2674 1441 2689 1464 ,
2729 1416 2794 1456 ac
2815 1402 3021 1456 consilii
3040 1400 3205 1471 inops
3239 1402 3370 1456 abs-

1797 1488 1985 1549 cessit.
2019 1495 2225 1563 Atque,
2258 1501 2317 1561 ut
2342 1493 2617 1563 quidpiam
2656 1508 2974 1562 corporeum
3017 1493 3186 1560 magis
3218 1506 3370 1546 cras-

1768 1588 2029 1661 “sumque
2087 1586 2155 1641 de
2188 1576 2350 1640 aereo
2395 1586 2587 1655 Spiritu
2610 1584 2716 1638 'illo
2747 1583 3056 1655 proferant,
3098 1583 3371 1653 prophetio

1764 1678 1767 1683 ’
1795 1691 1919 1731 cum
1946 1662 2198 1746 loquendi
2248 1678 2463 1730 modum
2514 1662 2775 1741 imitatus,
2813 1684 2989 1730 atrato
3016 1675 3190 1741 vultu,
3219 1674 3370 1745 quasi

1766 1774 1769 1779 ‘
1798 1770 2008 1823 adustio
2038 1763 2157 1823 olla:
2185 1769 2276 1836 ⁸⁰⁶,
2301 1767 2636 1821 deﬂexititer
2663 1783 2680 1820 :
2707 1776 2818 1821 tum
2843 1766 2967 1834 quia
2997 1776 3192 1836 praeter
3217 1779 3370 1835 Spem

117 1875 259 1915 suam
307 1877 399 1918 res
442 1878 704 1933 prospere
734 1869 987 1921 cessisset
1032 1866 1085 1920 in
1118 1866 1344 1932 melius;
1396 1876 1510 1924 tum
1538 1852 1685 1938 quod
1728 1864 1916 1920 iisdem
1964 1866 2170 1921 artibus
2196 1904 2212 1930 ,
2291 1867 2488 1935 quibus
2557 1877 2617 1918 se
2660 1862 2998 1917 Christianos
3037 1860 3371 1915 minuturum

122 1957 355 2023 putabat,
394 1946 1010 2028 martyrum'numerum
1040 1960 1370 2017 adauxisset.

176 2046 239 2099 Τί
279 2046 339 2099 δὲ
376 2047 474 2100 καὶ
508 2048 648 2119 πρὸς
675 2049 890 2104 Παῦλον
919 2051 1010 2105 τὸν
1038 2051 1219 2124 ίερὸν;
1246 2047 1328 2115 εἷς
1360 2052 1470 2126 γὰρ
1503 2047 1572 2125 ἦν
1598 2052 1685 2106 καὶ

1876 2046 2076 2100 Verum
2103 2043 2233 2113 quid
2270 2042 2337 2099 de
2368 2042 2537 2097 Paulo
2568 2040 2696 2096 item
2734 2047 2891 2095 sacro
2915 2039 3128 2096 dicam?
3162 2037 3291 2092 Nam
3319 2044 3375 2093 et

115 2131 253 2201 οὗτος
281 2137 395 2191 τῶν
408 2138 703 2208 φονευτῶν,
728 2140 933 2213 ἀληθὴς
948 2144 1230 2213 Βενιαμίν
1247 2145 1437 2211 λύκος
1467 2143 1667 2212 ἅρπαξ
1673 2185 1688 2199 .

116 2228 171 2281 El
209 2230 317 2301 γὰρ
346 2230 445 2282 καὶ
472 2231 637 2294 αὐτὸς
672 2231 748 2304 μὴ
794 2231 1061 2299 ἐλίθαζεν,
1086 2234 1201 2288 ἀλλ’
1237 2236 1421 2307 ἐτήρει
1450 2235 1550 2307 τὴν
1581 2234 1692 2287 τῶν

115 2319 429 2385 λιθαζόντων
456 2322 682 2393 ἐσθῆτα,
705 2325 800 2377 καὶ
823 2324 1087 2396 ὑπηρέτει
1112 2326 1292 2397 δημίῳ
1319 2326 1514 2397 δήμου.
1547 2324 1692 2397 Πλὴν

114 2406 301 2484 ὅψομαί
335 2432 398 2467 σε
437 2415 580 2485 μετά
626 2414 821 2486 μικρὸν
848 2416 939 2470 τὸν
970 2418 1288 2490 σφριγῶντα
1329 2416 1446 2482 νῦν,
1482 2419 1576 2471 καὶ
1600 2417 1693 2471 θυ-

120 2502 209 2572 μὸν
225 2503 417 2574 ἄγριον
444 2505 702 2569 πνέοντα,
729 2504 916 2577 ῶσπερ
946 2507 1068 2560 τινὰ
1093 2507 1267 2578 γραῦν
1297 2506 1500 2578 ἀσθενῆ
1544 2525 1694 2579 χειρ-

117 2594 511 2666 ιγωγούμενον,
539 2597 670 2651 ὅταν
709 2597 923 2667 μέλλεις
970 2598 1198 2667 ἄγεσθαι
1241 2599 1378 2671 πρὸς
1403 2599 1494 2653 τὸν
1539 2600 1694 2652 Ἀνα-

116 2686 245 2753 νίαν,
270 2690 369 2759 τῆς
397 2689 662 2759 ἀληθείας
705 2690 1061 2762 γευσάμενος.
1109 2691 1234 2746 Ἡδὺ
1270 2693 1327 2745 δὲ
1360 2692 1565 2763 σφόδρα
1599 2709 1693 2761 γε·

117 2778 356 2851 λάωμαι,
380 2782 511 2834 ὅταν
541 2782 762 2836 ἀκούσω
786 2799 877 2836 σου
900 2783 1001 2848 τὰς
1033 2784 1175 2854 ὑπὲρ
1210 2784 1546 2853 Εῦαγγελίου
1575 2783 1689 2838 θλί-

116 2869 227 2937 ψεις
265 2870 699 2943 ἐξηγησαμένου,
728 2874 821 2926 καὶ
847 2875 1050 2944 μεταξὺ
1094 2876 1202 2928 τῶν
1224 2876 1399 2931 ἄλλων
1429 2874 1691 2930 κινδύνων

117 2959 366 3030 λέγοντος·
402 2964 608 3029 Ἀπαξ
635 2964 984 3034 ἐλιθάσθην.
1021 2967 1142 3038 Χρὴ
1176 2967 1285 3039 γάρ
1316 2985 1376 3021 σε
1404 2967 1507 3021 διὰ
1528 2966 1690 3020 λίθων

119 3052 246 3125 ὑπὲρ
274 3054 380 3109 τῶν
413 3055 584 3109 λίθων
612 3057 1074 3129 ἀπολογήσασθαι,
1110 3059 1206 3113 καὶ
1253 3062 1321 3133 τῇ
1372 3060 1692 3131 ταυτέμπα-

118 3143 229 3218 θείᾳ
256 3147 414 3201 λῦσαι
453 3149 556 3221 τῆς
586 3148 866 3221 ἁμαρτίας
892 3148 957 3204 τὸ
988 3150 1257 3223 ἔγκλημα.
1540 3134 1553 3142 ’

1798 2139 1888 2194 ille
1917 2154 2055 2193 unus
2077 2146 2197 2192 erat
2220 2137 2519 2190 occisorum
2544 2175 2561 2200 ,
2585 2149 2746 2189 verus
2778 2133 3059 2202 Benjamin
3097 2134 3251 2204 lupus
3280 2149 3375 2187 ra-

1795 2246 1900 2301 pax
1927 2230 1996 2284 ⁸¹.
2025 2229 2343 2298 Quanquam
2373 2230 2515 2284 enim
2552 2230 2667 2300 ipse
2703 2247 2808 2285 non
2838 2230 3132 2298 impetebat
3181 2229 3373 2299 lapidi-

1796 2323 1917 2388 bus,
1953 2332 2008 2377 at
2041 2322 2290 2378 servabat
2331 2330 2509 2375 tamen
2541 2320 2892 2390 lapidantium
2924 2330 3121 2386 vestes,
3154 2335 3219 2375 ac
3250 2336 3374 2375 car-

1797 2414 1971 2468 niﬁcis
1994 2412 2174 2485 populi
2228 2413 2535 2467 ministrum
2568 2412 2782 2482 agebat.
2814 2411 3104 2466 Enimvero
3145 2413 3372 2482 posthac

1797 2503 1946 2557 brevi
1974 2543 1991 2570 ,
2025 2517 2167 2557 nunc
2200 2510 2492 2556 tumentem
2527 2511 2597 2569 te,
2638 2501 2967 2572 elferamque
3005 2502 3140 2556 iram
3170 2518 3234 2556 ac
3287 2501 3372 2557 fu-

1797 2610 1973 2649 rorem
2004 2595 2305 2665 Spirantent
2337 2594 2549 2649 visurus
2574 2609 2715 2659 sum,
2736 2595 2828 2663 qui
2853 2594 2993 2647 velut
3016 2594 3373 2664 languescens

1797 2710 1933 2749 anus
1964 2709 2027 2748 ac
2066 2690 2354 2757 imbecilla,
2386 2691 2452 2745 ad
2479 2706 2670 2747 manus
2702 2691 2936 2744 traharis
2964 2689 3041 2753 ⁸²;
3070 2705 3190 2744 cum
3222 2689 3370 2742 veri-

1800 2786 1930 2840 tatis
1957 2793 2115 2855 gustu
2151 2782 2293 2837 facto
2328 2782 2397 2836 ad
2434 2782 2695 2835 Auaniam
2733 2782 2968 2837 duceris.
3018 2779 3187 2836 Porro
3225 2780 3367 2835 dulci

1794 2876 2083 2930 admodum
2115 2875 2224 2930 risu
2246 2874 2537 2940 dilfundar,
2559 2890 2681 2927 cum
2710 2874 2995 2943 temetipso
3026 2873 3371 2937 denarrante,

1798 2977 1917 3022 tuas
1953 2965 2228 3036 Evangelii
2263 2982 2431 3020 causa
2471 2965 2851 3021 alllictationes
2889 2965 3103 3019 audiam
3144 2983 3158 3019 :
3211 2976 3374 3033 utque

1795 3057 1941 3112 inter
1978 3068 2170 3112 caetera
2212 3058 2325 3111 haec
2354 3042 2666 3123 discrimina
2709 3058 2936 3122 referas,
2962 3055 3131 3112 Semel
3168 3056 3378 3126 lapida—

1795 3157 1881 3203 tus
1919 3166 2037 3203 sum
2079 3149 2146 3205 ⁸³.
2195 3150 2299 3204 Par
2344 3164 2578 3218 namque
2606 3159 2726 3214 est,
2770 3159 2829 3206 ut
2868 3149 3136 3220 lapidibus
3182 3149 3373 3204 mediis

1796 3239 2034 3308 lapidum
2062 3240 2172 3309 ipse
2196 3242 2430 3311 depellas
2453 3242 2681 3306 crimen,
2708 3257 2921 3312 unaque
2943 3256 3008 3311 ac
3033 3241 3222 3297 eadem
3244 3245 3372 3311 pas-

1797 3331 1947 3387 sione
1999 3339 2282 3398 peccatum
2313 3329 2484 3385 eluas.

180 3410 358 3475 ’Δειον
391 3412 450 3465 δὲ
480 3413 619 3484 μηδὲ
651 3412 747 3484 τὴν
781 3413 1043 3470 ὀπτασίαν
1075 3417 1395 3474 καταλιπεῖν
1431 3419 1526 3474 τοῦ
1560 3422 1685 3476 Στε-

1857 3423 2048 3492 Opera:
2094 3425 2324 3493 pretium
2369 3432 2549 3477 autem
2599 3437 2924 3493 :equumque
2967 3422 3236 3484 videatur,
3315 3430 3374 3475 ut

116 3501 269 3569 φάνου
301 3505 680 3569 ἀνεξέταστον.
720 3508 831 3561 Ἀεὶ
882 3509 992 3580 γὰρ
1034 3511 1063 3562 ὁ
1104 3510 1214 3565 τῶν
1244 3512 1381 3568 ὅλων
1409 3512 1561 3579 Θεὸς,
1595 3515 1689 3569 τοῦ

116 3591 227 3663 ἑξῆς
273 3595 755 3667 προμηθούμενος,
826 3597 937 3652 τῶν
997 3600 1298 3671 μελλόντων
1347 3604 1689 3671 ἐπιγίνεσθαι

116 3684 208 3737 τῶν
234 3686 599 3760 ἀνθρωπίνων
628 3688 1041 3761 ἁμαρτημάτων
1063 3693 1519 3763 προφυλακτικῶς
1560 3715 1693 3769 προ-

116 3776 504 3841 κατασκευάζει
545 3777 644 3848 τὴν
683 3778 1002 3850 θεραπείαν’
1033 3781 1062 3834 ὃ
1100 3783 1165 3854 δὴ
1197 3784 1430 3838 ἐνταῦθα
1463 3788 1691 3857 πεποίη-

116 3882 215 3921 κεν.
243 3870 307 3922 Ei.
346 3870 461 3941 γὰρ
500 3871 641 3941 πρὸς
665 3871 725 3924 τὸ
754 3876 1025 3943 χρήσιμον
1062 3874 1157 3927 τοῦ
1189 3876 1491 3944 ἀγωνιστοῦ
1529 3878 1690 3948 μόνον

122 3960 340 4015 ἐτελεῖτο
369 3963 444 4016 τὰ
478 3963 794 4033 θεοφάνεια,
824 3965 984 4038 ἢρκει
1017 3967 1112 4021 καὶ
1145 3970 1330 4042 φωνὴν
1354 3972 1608 4045 γενέσθαι
1630 3973 1692 4040 ἐξ

118 4054 366 4126 οὐρανῶν,
396 4056 589 4129 ῶσπερ
617 4059 714 4111 καὶ
747 4059 841 4111 ἐπὶ
868 4058 963 4112 τοῦ
995 4060 1372 4133 βαπτίσματος
1399 4064 1686 4138 πρότερον,

118 4146 370 4219 ῆχρόνοις
401 4148 632 4222 ὕστερον
653 4150 748 4204 ἐπὶ
772 4154 872 4223 τῆς
904 4153 1397 4223 μεταμορφώσεως,
1424 4156 1458 4227 ἢ
1492 4158 1585 4210 καὶ
1613 4158 1690 4221 ὡς

118 4239 196 4292 ἐπὶ
221 4241 659 4307 Παύλουτούτου,
689 4241 851 4313 ἡνίκα
882 4242 980 4312 τὴν
1001 4244 1095 4297 ἐπὶ
1121 4247 1410 4316 Δαμασκὸν
1438 4248 1693 4320 ἐπορεύε-

117 4332 325 4387 τοόδόν.

176 4426 308 4480 Νυνὶ
329 4427 412 4487 δὲ,
439 4426 529 4482 διά
554 4446 615 4481 τε
647 4424 742 4483 οῦν
768 4430 923 4497 ἀλλα,
949 4432 1046 4486 καὶ
1071 4431 1160 4486 διὰ
1188 4432 1251 4486 τὸ
1292 4432 1504 4504 μέλλειν
1531 4434 1594 4488 τὸ
1623 4436 1689 4489 ἐκ

119 4518 308 4592 Διῦὐης
359 4521 533 4575 κακὸν
571 4522 663 4575 τὸν
693 4523 978 4579 Σαὸἐλλιον
1016 4527 1135 4589 ταῖς
1172 4526 1518 4596 Ἐκκλησίαις
1568 4527 1690 4580 ἐπι-

120 4608 331 4674 φύεσθαι
366 4610 465 4664 τοῦ
492 4608 655 4676 Θεοῦ,
708 4613 804 4667 καὶ
847 4614 948 4686 τὴν
983 4613 1277 4681 κακόδοξον
1305 4613 1415 4668 τῶν
1452 4614 1690 4668 ὑποστά-

1797 3530 1972 3585 neque
2022 3515 2288 3587 Stephani
2334 3515 2595 3569 visionem
2651 3497 3040 3584 inexploratum
3097 3511 3370 3581 relinqua-

1793 3620 1933 3661 mus.
1968 3605 2198 3676 Semper
2222 3621 2352 3661 sane
2387 3606 2763 3660 universorum
2808 3606 2948 3660 Deus
2968 3646 2983 3671 ,
3009 3605 3187 3658 futura
3209 3644 3226 3670 ,
3253 3618 3372 3672 qua:

1791 3697 1957 3751 vitam
2006 3697 2203 3752 exinde
2255 3699 2612 3768 insequuntur
2671 3699 2983 3760 humanam,
3038 3695 3373 3766 prospiciens

1791 3797 1996 3854 errata,
2039 3801 2148 3857 quo
2172 3779 2464 3856 prudenter
2489 3788 2570 3843 eis
2595 3795 2877 3852 occurrat,
2925 3786 3186 3841 medelam
3218 3784 3373 3855 longe

1796 3889 1922 3935 ante
1948 3888 2196 3949 apparat,
2238 3880 2399 3949 idque
2429 3896 2573 3935 nunc
2606 3881 2805 3937 effecit:
2841 3879 2974 3934 Nam
3004 3879 3050 3934 si
3080 3878 3146 3933 ad
3177 3878 3373 3949 pugilis

1795 3968 2060 4024 duntaxat
2085 3970 2370 4025 utilitatem
2394 3970 2579 4024 divina
2613 3971 2880 4041 apparitio
2905 3969 3045 4024 facta
3077 3976 3252 4034 esset,
3292 3981 3373 4020 sa-

1795 4060 1862 4114 tis
1896 4061 2082 4130 utique
2113 4061 2280 4116 etiam
2312 4077 2415 4115 vox
2451 4079 2483 4116 e
2512 4062 2670 4117 caelis
2709 4061 2850 4116 facta
2886 4062 3189 4125 habuisset,
3222 4069 3282 4115 ut
3313 4057 3368 4111 in

1790 4151 2058 4220 baptismo
2086 4152 2316 4222 primum
2350 4151 2396 4185 “
2417 4192 2432 4216 ,
2468 4153 2550 4207 Vel
2589 4162 2648 4206 ιιι
2681 4152 2877 4208 deinde
2909 4151 2961 4205 in
2993 4150 3372 4219 Transtigurac

1793 4243 1938 4299 tione
1960 4245 2037 4308 ⁸⁵,
2093 4244 2174 4300 vel
2218 4256 2274 4298 ιιι
2314 4246 2477 4299 etiam
2536 4246 2588 4299 in
2630 4245 2744 4314 jam
2795 4253 3093 4300 memorato
3164 4242 3370 4307 Paulo,

1791 4352 1915 4392 cum
1948 4338 2268 4392 Damascum
2306 4340 2411 4392 iter
2440 4337 2645 4393 faceret
2678 4338 2746 4393 “.

1861 4428 1933 4481 At
1961 4430 2052 4497 qui
2090 4443 2258 4494 nunc,
2302 4439 2412 4483 tutu
2445 4430 2528 4485 vel
2557 4431 2793 4483 maxime
2824 4428 2949 4498 quia
2981 4426 3218 4482 futurum
3251 4441 3372 4495 pro-

1788 4516 1933 4572 fecto
1964 4525 2084 4572 erat
2107 4557 2124 4583 ,
2157 4525 2216 4571 ut
2239 4532 2304 4571 ex
2341 4517 2523 4572 Africa
2558 4506 2861 4585 profectum
2912 4516 3111 4570 malum
3133 4556 3149 4580 ,
3185 4514 3371 4569 Sabel-

1791 4608 1914 4676 lius,
1948 4609 2164 4678 inquam
2198 4649 2215 4673 ,
2248 4610 2341 4664 Dei
2381 4608 2651 4664 Ecclesias
2682 4609 3000 4673 invaderet,
3032 4622 3371 4677 perversam-

121 4717 245 4754 σεων
274 4703 539 4773 σύγχυσιν
577 4706 659 4768 είς
686 4705 777 4758 τὸν
813 4706 926 4776 βίον
963 4707 1226 4775 εἰσάγεινο
1252 4706 1440 4761 τούτου
1466 4709 1626 4780 χάριν
1658 4707 1685 4760 ὁ

1798 4717 1896 4772 que
1937 4702 2245 4771 opinionem
2275 4704 2342 4756 de
2375 4701 2731 4769 personarum
2762 4701 3078 4756 confusione
3127 4699 3179 4753 in
3213 4715 3369 4752 lltllll-

120 4790 239 4856 Θεὸς
265 4795 454 4868 ὥσπερ
487 4775 919 4868 προανακόπτων
951 4799 1013 4851 τὸ
1055 4799 1267 4868 μέλλον,
1304 4800 1400 4854 καὶ
1583 4802 1685 4871 ψυ-

1798 4794 1916 4849 tlum
1958 4793 2280 4848 induceret:
2332 4794 2434 4848 hac
2480 4795 2545 4848 de
2571 4809 2733 4848 causa
2772 4793 2913 4848 Deus
2959 4793 3138 4847 futura
3170 4805 3372 4860 praeca-

118 4883 210 4952 κάς
230 4886 337 4939 τῶν
369 4890 450 4952 εἰς
481 4888 710 4959 ὕστερον
735 4888 1292 4962 προασφαλιζόμενος,
1317 4891 1554 4946 δείκνυσι
1587 4894 1685 4962 μὲν

121 4976 294 5029 ἑαυτὸν
329 4978 408 5047 τῷ
433 4979 695 5049 Στεφάνῳ
722 4980 781 5032 ἐν
807 4980 914 5051 ἰδίᾳ
950 4981 1059 5035 τινὶ
1095 4982 1190 5035 καὶ
1228 4981 1507 5037 αὐτοτελεῖ
1536 4983 1683 5057 δόξῃ,

120 5065 338 5123 δείκνυσι
376 5071 433 5124 δὲ
465 5073 562 5125 καὶ
584 5073 676 5126 τὸν
705 5072 833 5126 Υἱὸν
867 5075 923 5126 ἐν
950 5075 1344 5147 ἀπηρτισμένῳ
1382 5077 1683 5148 προσώπῳ,

124 5158 286 5231 ἵστησι
311 5163 367 5217 δὲ
396 5163 562 5216 αὐτὸν
595 5165 659 5217 ἐκ
685 5163 874 5228 δεξιῶν
906 5165 1124 5231 ἐαυτοῦ,
1160 5166 1246 5219 ἶνα
1290 5170 1357 5238 τῇ
1383 5166 1689 5241 διευκρινή-

126 5263 201 5300 σει
223 5251 323 5304 τῶν
354 5252 668 5324 προσώπων
693 5253 1009 5326 ἐρμηνεύσῃ
1042 5254 1142 5319 τάς
1169 5256 1514 5322 ὑποστάσεις.

187 5425 283 5480 Καὶ
302 5430 461 5500 τυχὸν
489 5432 609 5503 ἐρεῖ
625 5447 732 5495 τιςο
766 5432 848 5486 Τὰ
882 5433 980 5504 μὲν
997 5434 1126 5507 περὶ
1145 5436 1239 5489 τοῦ
1259 5435 1473 5509 Πατρδς
1488 5437 1688 5492 καὶτοῦ

128 5514 240 5571 Υἱοῦ
270 5522 408 5576 οὕτω
438 5540 524 5576 σοι
564 5523 1019 5596 πεφιλοσόφηταιο
1070 5526 1172 5579 ποῦ
1199 5526 1257 5580 δὲ
1285 5528 1345 5581 τὸ
1373 5528 1597 5600 Πνεῦμα
1627 5529 1689 5582 τὸ

128 5609 286 5680 ﬁrm;
321 5616 383 5670 Εἰ
412 5616 526 5688 γάρ
559 5616 662 5687 τῆς
699 5617 843 5671 κατά
875 5621 976 5691 τὴν
1015 5620 1196 5675 πίστιν
1235 5620 1536 5691 ἀσφαλείας
1567 5622 1687 5676 ’ἑνε-

183 5746 239 5819 έν
270 5748 400 5804 ΝειΙι.
428 5766 489 5811 ιι,
528 5751 632 5816 ID;
661 5750 785 5804 Jnel’
809 5769 871 5815 ll,
904 5754 956 5807 6.
1059 5755 1101 5787 ⁸⁸
1133 5757 1267 5813 Gen.
1300 5776 1423 5818 itle
1445 5804 1459 5819 .
1494 5762 1582 5819 27.

126 5811 345 5875 “Matth
399 5804 535 5888 uti,
578 5804 633 5876 5:
711 5822 756 5854 ⁸⁸⁵
776 5804 1006 5892 Ᾱείίικ,
1042 5827 1074 5882 ι
1302 5804 1459 5829 um.

1793 4901 1948 4949 vens,
1974 4901 2038 4939 ac
2065 4895 2400 4954 posterorum
2427 4885 3040 4957 pra'ntnniens'animas,
3066 4898 3125 4939 se
3152 4883 3369 4953 quidem

1794 4977 1909 5046 ipse
1934 4978 2212 5046 Stephano
2239 4978 2476 5033 ostendit
2518 4979 2569 5031 in
2610 4994 2704 5031 sua
2737 4977 2928 5047 plane,
2968 4990 3145 5046 eaque
3192 4973 3371 5045 perfe-

1792 5069 2031 5125 ctissima
2108 5070 2311 5139 gloria;
2359 5069 2555 5123 Filium
2605 5084 2733 5123 vero
2789 5067 2956 5123 etiam
3000 5070 3371 5131 demonstrat,

1793 5162 1847 5217 in
1880 5178 2108 5232 persona
2141 5165 2380 5218 numeris
2406 5164 2658 5219 onmibus
2685 5162 2967 5231 absoluta;
3002 5163 3282 5233 ipsumque
3302 5160 3369 5214 ad

1793 5255 2070 5311 dexteram
2126 5272 2280 5310 suam
2318 5257 2541 5320 statuit,
2575 5265 2635 5310 ut
2675 5256 2819 5311 clara
2866 5270 3224 5326 personarum
3287 5254 3369 5307 di-

1793 5348 2085 5402 stinctione
2119 5348 2495 5403 subsistentias
2523 5348 2836 5417 explicaret.

1866 5438 2062 5494 Verum
2109 5441 2249 5495 dicet
2296 5441 2527 5496 fortasse
2583 5440 2880 5511 quispiam:
2935 5440 3099 5495 Recte
3151 5437 3370 5508 quidvm

1797 5532 1913 5588 haec
1967 5534 2032 5587 de
2072 5534 2228 5587 Patre
2268 5543 2322 5588 et
2363 5534 2502 5588 Filio
2546 5550 2575 5588 a
2626 5545 2679 5589 te
2722 5533 3093 5603 philosophata
3124 5541 3271 5585 sunt.
3303 5529 3372 5580 At

1796 5624 1884 5680 ubi
1929 5635 2011 5680 est
2050 5624 2284 5696 Spiritus
2332 5626 2598 5681 sanctus?
2644 5625 2701 5681 Si
2724 5625 2868 5679 enim
2910 5623 2981 5677 ad
3007 5621 3220 5693 plenam
3246 5618 3371 5672 Iidci

1693 5764 1881 5821 “Act.
1930 5782 2023 5834 ιχ,
2052 5766 2107 5822 8.
2183 5766 2229 5799 ⁸³
2258 5764 2304 5820 ιι
2337 5766 2464 5824 Cor.
2503 5783 2586 5833 ιι,
2812 5765 2858 5798 ⁵⁸
2891 5761 3083 5817 Matth.
3144 5774 3223 5825 ιιι,
3285 5754 3370 5811 Π.
