  <div class='ocr_page' id='page_1' title='image "/cluster/home/n/w/nwhite01/storage/ocr_20150623/40/hvd.32044019207786/183.png"; bbox 0 0 3820 6318; ppageno 0'>
   <div class='ocr_carea' id='block_1_1' title="bbox 482 324 582 384">
    <p class='ocr_par' dir='ltr' id='par_1_1' title="bbox 482 324 582 384">
     <span class='ocr_line' id='line_1_1' title="bbox 482 324 582 384; baseline -0.02 -1"><span class='ocrx_word' id='word_1_1' title='bbox 482 324 554 384; x_wconf 75' lang='grc' dir='ltr'>εις</span> <span class='ocrx_word' id='word_1_2' title='bbox 563 326 582 382; x_wconf 92' lang='lat' dir='ltr'><strong>I</strong></span> 
     </span>
    </p>
   </div>
   <div class='ocr_carea' id='block_1_2' title="bbox 1748 327 2463 388">
    <p class='ocr_par' dir='ltr' id='par_1_2' title="bbox 1748 327 2463 388">
     <span class='ocr_line' id='line_1_2' title="bbox 1748 327 2463 388; baseline -0.003 -2"><span class='ocrx_word' id='word_1_3' title='bbox 1748 329 1807 387; x_wconf 86' lang='lat' dir='ltr'><strong>S.</strong></span> <span class='ocrx_word' id='word_1_4' title='bbox 1851 329 2126 388; x_wconf 78' lang='lat' dir='ltr'><strong>ASTEBII</strong></span> <span class='ocrx_word' id='word_1_5' title='bbox 2162 327 2463 386; x_wconf 79' lang='lat' dir='ltr'><strong>AMASENI</strong></span> 
     </span>
    </p>
   </div>
   <div class='ocr_carea' id='block_1_3' title="bbox 3629 319 3764 376">
    <p class='ocr_par' dir='ltr' id='par_1_3' title="bbox 3629 319 3764 376">
     <span class='ocr_line' id='line_1_3' title="bbox 3629 319 3764 376; baseline -0.007 0"><span class='ocrx_word' id='word_1_6' title='bbox 3629 319 3764 376; x_wconf 71' lang='lat'><strong>352</strong></span> 
     </span>
    </p>
   </div>
   <div class='ocr_carea' id='block_1_4' title="bbox 484 441 2052 532">
    <p class='ocr_par' dir='ltr' id='par_1_4' title="bbox 484 446 2051 532">
     <span class='ocr_line' id='line_1_4' title="bbox 484 446 2051 532; baseline 0.01 -33"><span class='ocrx_word' id='word_1_7' title='bbox 484 446 954 507; x_wconf 80' lang='lat' dir='ltr'><strong>conﬁrmationem</strong></span> <span class='ocrx_word' id='word_1_8' title='bbox 1005 452 1168 508; x_wconf 88' lang='lat' dir='ltr'><strong>Pater</strong></span> <span class='ocrx_word' id='word_1_9' title='bbox 1212 466 1243 510; x_wconf 89' lang='lat' dir='ltr'><strong>e</strong></span> <span class='ocrx_word' id='word_1_10' title='bbox 1271 453 1408 512; x_wconf 65' lang='lat' dir='ltr'><strong>cutio</strong></span> <span class='ocrx_word' id='word_1_11' title='bbox 1433 468 1557 512; x_wconf 86' lang='lat' dir='ltr'><strong>cum</strong></span> <span class='ocrx_word' id='word_1_12' title='bbox 1599 455 1738 515; x_wconf 86' lang='lat' dir='ltr'><strong>Filio</strong></span> <span class='ocrx_word' id='word_1_13' title='bbox 1769 460 2051 532; x_wconf 83' lang='lat' dir='ltr'><strong>apparuit,</strong></span> 
     </span>
    </p>
   </div>
   <div class='ocr_carea' id='block_1_5' title="bbox 2162 441 3766 532">
    <p class='ocr_par' dir='ltr' id='par_1_5' title="bbox 2162 441 3766 528">
     <span class='ocr_line' id='line_1_5' title="bbox 2162 441 3766 528; baseline -0.011 -17"><span class='ocrx_word' id='word_1_14' title='bbox 2162 474 2270 526; x_wconf 86' lang='grc' dir='ltr'>κεν,</span> <span class='ocrx_word' id='word_1_15' title='bbox 2309 451 2596 528; x_wconf 76' lang='grc' dir='ltr'><strong>οὐρανόθεν</strong></span> <span class='ocrx_word' id='word_1_16' title='bbox 2627 451 2656 504; x_wconf 77' lang='grc' dir='ltr'><strong>ὁ</strong></span> <span class='ocrx_word' id='word_1_17' title='bbox 2687 447 2877 521; x_wconf 79' lang='grc' dir='ltr'>Πατὴρ</span> <span class='ocrx_word' id='word_1_18' title='bbox 2910 445 3048 518; x_wconf 85' lang='grc' dir='ltr'><strong>μετά</strong></span> <span class='ocrx_word' id='word_1_19' title='bbox 3086 445 3181 501; x_wconf 86' lang='grc' dir='ltr'><strong>τοῦ</strong></span> <span class='ocrx_word' id='word_1_20' title='bbox 3225 442 3355 499; x_wconf 81' lang='grc' dir='ltr'>Υίοῦ</span> <span class='ocrx_word' id='word_1_21' title='bbox 3385 441 3766 511; x_wconf 76' lang='grc' dir='ltr'>ἐπεφαίνετο,</span> 
     </span>
    </p>
   </div>
   <div class='ocr_carea' id='block_1_6' title="bbox 481 538 2053 619">
    <p class='ocr_par' dir='ltr' id='par_1_6' title="bbox 481 538 2053 619">
     <span class='ocr_line' id='line_1_6' title="bbox 481 538 2053 619; baseline 0.008 -30"><span class='ocrx_word' id='word_1_22' title='bbox 481 553 617 603; x_wconf 87' lang='lat' dir='ltr'><strong>opus</strong></span> <span class='ocrx_word' id='word_1_23' title='bbox 643 538 805 594; x_wconf 88' lang='lat' dir='ltr'><strong>etiam</strong></span> <span class='ocrx_word' id='word_1_24' title='bbox 835 541 1137 608; x_wconf 80' lang='lat' dir='ltr'><strong>videbatur,</strong></span> <span class='ocrx_word' id='word_1_25' title='bbox 1183 559 1307 600; x_wconf 92' lang='lat' dir='ltr'><strong>cum</strong></span> <span class='ocrx_word' id='word_1_26' title='bbox 1350 545 1430 602; x_wconf 88' lang='lat' dir='ltr'><strong>eis</strong></span> <span class='ocrx_word' id='word_1_27' title='bbox 1461 547 1623 603; x_wconf 87' lang='lat' dir='ltr'><strong>etiam</strong></span> <span class='ocrx_word' id='word_1_28' title='bbox 1657 558 1900 604; x_wconf 88' lang='lat' dir='ltr'><strong>sanctum</strong></span> <span class='ocrx_word' id='word_1_29' title='bbox 1933 549 2053 619; x_wconf 83' lang='lat' dir='ltr'><strong>Spi-</strong></span> 
     </span>
    </p>
   </div>
   <div class='ocr_carea' id='block_1_7' title="bbox 488 629 2054 714">
    <p class='ocr_par' dir='ltr' id='par_1_7' title="bbox 488 629 2054 714">
     <span class='ocr_line' id='line_1_7' title="bbox 488 629 2054 714; baseline 0.012 -34"><span class='ocrx_word' id='word_1_30' title='bbox 488 629 647 683; x_wconf 89' lang='lat' dir='ltr'><strong>ritum</strong></span> <span class='ocrx_word' id='word_1_31' title='bbox 673 631 861 687; x_wconf 83' lang='lat' dir='ltr'><strong>adesse</strong></span> <span class='ocrx_word' id='word_1_32' title='bbox 881 675 896 699; x_wconf 92' lang='lat'><strong>,</strong></span> <span class='ocrx_word' id='word_1_33' title='bbox 924 644 979 688; x_wconf 92' lang='lat' dir='ltr'><strong>nt</strong></span> <span class='ocrx_word' id='word_1_34' title='bbox 1011 635 1249 691; x_wconf 79' lang='lat' dir='ltr'><strong>exercita</strong></span> <span class='ocrx_word' id='word_1_35' title='bbox 1285 639 1531 705; x_wconf 70' lang='lat' dir='ltr'><strong>quzedam</strong></span> <span class='ocrx_word' id='word_1_36' title='bbox 1563 639 1736 710; x_wconf 84' lang='lat' dir='ltr'><strong>reipsa</strong></span> <span class='ocrx_word' id='word_1_37' title='bbox 1764 642 2054 714; x_wconf 82' lang='lat' dir='ltr'><strong>mysterio-</strong></span> 
     </span>
    </p>
   </div>
   <div class='ocr_carea' id='block_1_8' title="bbox 486 725 2049 798">
    <p class='ocr_par' dir='ltr' id='par_1_8' title="bbox 486 725 2049 798">
     <span class='ocr_line' id='line_1_8' title="bbox 486 725 2049 798; baseline 0.011 -26"><span class='ocrx_word' id='word_1_38' title='bbox 486 736 602 776; x_wconf 90' lang='lat' dir='ltr'><strong>rum</strong></span> <span class='ocrx_word' id='word_1_39' title='bbox 627 725 863 793; x_wconf 75' lang='lat' dir='ltr'><strong>cognitio</strong></span> <span class='ocrx_word' id='word_1_40' title='bbox 883 765 899 790; x_wconf 94' lang='lat'><strong>,</strong></span> <span class='ocrx_word' id='word_1_41' title='bbox 933 727 1136 782; x_wconf 82' lang='lat' dir='ltr'><strong>visione</strong></span> <span class='ocrx_word' id='word_1_42' title='bbox 1183 727 1296 798; x_wconf 89' lang='lat' dir='ltr'><strong>ipsa</strong></span> <span class='ocrx_word' id='word_1_43' title='bbox 1323 729 1635 786; x_wconf 85' lang='lat' dir='ltr'><strong>hominibus</strong></span> <span class='ocrx_word' id='word_1_44' title='bbox 1662 732 2049 789; x_wconf 86' lang='lat' dir='ltr'><strong>innotesceret.</strong></span> 
     </span>
    </p>
   </div>
   <div class='ocr_carea' id='block_1_9' title="bbox 483 811 2082 892">
    <p class='ocr_par' dir='ltr' id='par_1_9' title="bbox 483 811 2082 892">
     <span class='ocr_line' id='line_1_9' title="bbox 483 811 2082 892; baseline 0.008 -27"><span class='ocrx_word' id='word_1_45' title='bbox 483 811 714 869; x_wconf 78' lang='lat' dir='ltr'><strong>Necesse</strong></span> <span class='ocrx_word' id='word_1_46' title='bbox 748 816 928 886; x_wconf 88' lang='lat' dir='ltr'><strong>itaque</strong></span> <span class='ocrx_word' id='word_1_47' title='bbox 955 820 1128 873; x_wconf 88' lang='lat' dir='ltr'><strong>estad</strong></span> <span class='ocrx_word' id='word_1_48' title='bbox 1175 821 1332 876; x_wconf 89' lang='lat' dir='ltr'><strong>istam</strong></span> <span class='ocrx_word' id='word_1_49' title='bbox 1363 821 1719 892; x_wconf 84' lang='lat' dir='ltr'><strong>objectionem</strong></span> <span class='ocrx_word' id='word_1_50' title='bbox 1747 862 1762 887; x_wconf 90' lang='lat'><strong>,</strong></span> <span class='ocrx_word' id='word_1_51' title='bbox 1809 835 2082 880; x_wconf 87' lang='lat' dir='ltr'><strong>nostram-</strong></span> 
     </span>
    </p>
   </div>
   <div class='ocr_carea' id='block_1_10' title="bbox 486 905 2048 982">
    <p class='ocr_par' dir='ltr' id='par_1_10' title="bbox 486 905 2048 982">
     <span class='ocr_line' id='line_1_10' title="bbox 486 905 2048 982; baseline 0.008 -28"><span class='ocrx_word' id='word_1_52' title='bbox 486 905 804 958; x_wconf 84' lang='lat' dir='ltr'><strong>sententiam</strong></span> <span class='ocrx_word' id='word_1_53' title='bbox 835 907 886 960; x_wconf 92' lang='lat' dir='ltr'><strong>in</strong></span> <span class='ocrx_word' id='word_1_54' title='bbox 923 909 1156 962; x_wconf 88' lang='lat' dir='ltr'><strong>medium</strong></span> <span class='ocrx_word' id='word_1_55' title='bbox 1184 911 1446 979; x_wconf 81' lang='lat' dir='ltr'><strong>proferre.</strong></span> <span class='ocrx_word' id='word_1_56' title='bbox 1477 910 1740 982; x_wconf 85' lang='lat' dir='ltr'><strong>Oportere</strong></span> <span class='ocrx_word' id='word_1_57' title='bbox 1769 914 2048 978; x_wconf 83' lang='lat' dir='ltr'><strong>nimirum,</strong></span> 
     </span>
    </p>
   </div>
   <div class='ocr_carea' id='block_1_11' title="bbox 484 994 2054 1074">
    <p class='ocr_par' dir='ltr' id='par_1_11' title="bbox 484 994 2054 1074">
     <span class='ocr_line' id='line_1_11' title="bbox 484 994 2054 1074; baseline 0.009 -30"><span class='ocrx_word' id='word_1_58' title='bbox 484 1008 518 1044; x_wconf 88' lang='grc' dir='ltr'><strong>ο</strong></span> <span class='ocrx_word' id='word_1_59' title='bbox 543 994 766 1048; x_wconf 88' lang='lat' dir='ltr'><strong>nimium</strong></span> <span class='ocrx_word' id='word_1_60' title='bbox 791 998 1025 1067; x_wconf 89' lang='lat' dir='ltr'><strong>sapiens,</strong></span> <span class='ocrx_word' id='word_1_61' title='bbox 1059 1015 1182 1054; x_wconf 90' lang='lat' dir='ltr'><strong>eum</strong></span> <span class='ocrx_word' id='word_1_62' title='bbox 1206 1002 1294 1071; x_wconf 92' lang='lat' dir='ltr'><strong>qui</strong></span> <span class='ocrx_word' id='word_1_63' title='bbox 1330 1002 1552 1056; x_wconf 87' lang='lat' dir='ltr'><strong>recitata</strong></span> <span class='ocrx_word' id='word_1_64' title='bbox 1589 1003 1791 1074; x_wconf 82' lang='lat' dir='ltr'><strong>aliqua,</strong></span> <span class='ocrx_word' id='word_1_65' title='bbox 1835 1005 1947 1064; x_wconf 79' lang='lat' dir='ltr'><strong>acri</strong></span> <span class='ocrx_word' id='word_1_66' title='bbox 2000 1016 2054 1066; x_wconf 85' lang='lat' dir='ltr'><strong>et</strong></span> 
     </span>
    </p>
   </div>
   <div class='ocr_carea' id='block_1_12' title="bbox 485 1085 2054 1162">
    <p class='ocr_par' dir='ltr' id='par_1_12' title="bbox 485 1085 2054 1162">
     <span class='ocr_line' id='line_1_12' title="bbox 485 1085 2054 1162; baseline 0.01 -26"><span class='ocrx_word' id='word_1_67' title='bbox 485 1094 678 1140; x_wconf 78' lang='lat' dir='ltr'><strong>exacto</strong></span> <span class='ocrx_word' id='word_1_68' title='bbox 729 1085 933 1154; x_wconf 89' lang='lat' dir='ltr'><strong>judicio</strong></span> <span class='ocrx_word' id='word_1_69' title='bbox 979 1093 1266 1162; x_wconf 83' lang='lat' dir='ltr'><strong>expendit,</strong></span> <span class='ocrx_word' id='word_1_70' title='bbox 1323 1104 1379 1148; x_wconf 90' lang='lat' dir='ltr'><strong>et</strong></span> <span class='ocrx_word' id='word_1_71' title='bbox 1436 1095 1682 1161; x_wconf 77' lang='lat' dir='ltr'><strong>rimatur,</strong></span> <span class='ocrx_word' id='word_1_72' title='bbox 1732 1106 1840 1150; x_wconf 93' lang='lat' dir='ltr'><strong>tum</strong></span> <span class='ocrx_word' id='word_1_73' title='bbox 1893 1106 2054 1158; x_wconf 61' lang='lat' dir='ltr'><strong>recta:</strong></span> 
     </span>
    </p>
   </div>
   <div class='ocr_carea' id='block_1_13' title="bbox 487 1177 2052 1252">
    <p class='ocr_par' dir='ltr' id='par_1_13' title="bbox 487 1177 2052 1252">
     <span class='ocr_line' id='line_1_13' title="bbox 487 1177 2052 1252; baseline 0.011 -26"><span class='ocrx_word' id='word_1_74' title='bbox 487 1177 682 1231; x_wconf 89' lang='lat' dir='ltr'><strong>mentis</strong></span> <span class='ocrx_word' id='word_1_75' title='bbox 723 1193 876 1248; x_wconf 84' lang='lat' dir='ltr'><strong>esse,</strong></span> <span class='ocrx_word' id='word_1_76' title='bbox 909 1190 1019 1235; x_wconf 90' lang='lat' dir='ltr'><strong>tum</strong></span> <span class='ocrx_word' id='word_1_77' title='bbox 1063 1185 1323 1239; x_wconf 83' lang='lat' dir='ltr'><strong>memoria</strong></span> <span class='ocrx_word' id='word_1_78' title='bbox 1372 1186 1582 1240; x_wconf 76' lang='lat' dir='ltr'><strong>firmum</strong></span> <span class='ocrx_word' id='word_1_79' title='bbox 1608 1227 1624 1252; x_wconf 94' lang='lat'><strong>,</strong></span> <span class='ocrx_word' id='word_1_80' title='bbox 1659 1196 1715 1240; x_wconf 90' lang='lat' dir='ltr'><strong>ut</strong></span> <span class='ocrx_word' id='word_1_81' title='bbox 1747 1188 1819 1242; x_wconf 88' lang='lat' dir='ltr'><strong>ita</strong></span> <span class='ocrx_word' id='word_1_82' title='bbox 1858 1199 2052 1246; x_wconf 81' lang='lat' dir='ltr'><strong>cuncta</strong></span> 
     </span>
    </p>
   </div>
   <div class='ocr_carea' id='block_1_14' title="bbox 484 1265 2048 1344">
    <p class='ocr_par' dir='ltr' id='par_1_14' title="bbox 484 1265 2048 1344">
     <span class='ocr_line' id='line_1_14' title="bbox 484 1265 2048 1344; baseline 0.009 -28"><span class='ocrx_word' id='word_1_83' title='bbox 484 1265 709 1332; x_wconf 84' lang='lat' dir='ltr'><strong>pariter,</strong></span> <span class='ocrx_word' id='word_1_84' title='bbox 743 1284 862 1337; x_wconf 75' lang='lat' dir='ltr'><strong>quae</strong></span> <span class='ocrx_word' id='word_1_85' title='bbox 904 1271 1106 1341; x_wconf 87' lang='lat' dir='ltr'><strong>scripta</strong></span> <span class='ocrx_word' id='word_1_86' title='bbox 1147 1284 1315 1338; x_wconf 88' lang='lat' dir='ltr'><strong>sunt,</strong></span> <span class='ocrx_word' id='word_1_87' title='bbox 1348 1276 1810 1344; x_wconf 87' lang='lat' dir='ltr'><strong>comprehendere</strong></span> <span class='ocrx_word' id='word_1_88' title='bbox 1855 1279 2048 1332; x_wconf 80' lang='lat' dir='ltr'><strong>valeat.</strong></span> 
     </span>
    </p>
   </div>
   <div class='ocr_carea' id='block_1_15' title="bbox 487 1350 2053 1434">
    <p class='ocr_par' dir='ltr' id='par_1_15' title="bbox 487 1350 2053 1434">
     <span class='ocr_line' id='line_1_15' title="bbox 487 1350 2053 1434; baseline 0.013 -33"><span class='ocrx_word' id='word_1_89' title='bbox 487 1350 543 1402; x_wconf 88' lang='lat' dir='ltr'><strong>Si</strong></span> <span class='ocrx_word' id='word_1_90' title='bbox 586 1352 728 1405; x_wconf 91' lang='lat' dir='ltr'><strong>enim</strong></span> <span class='ocrx_word' id='word_1_91' title='bbox 766 1355 998 1424; x_wconf 87' lang='lat' dir='ltr'><strong>Spiritus</strong></span> <span class='ocrx_word' id='word_1_92' title='bbox 1021 1361 1196 1415; x_wconf 89' lang='lat' dir='ltr'><strong>sancti</strong></span> <span class='ocrx_word' id='word_1_93' title='bbox 1234 1364 1574 1434; x_wconf 61' lang='lat' dir='ltr'><strong>praesentiam</strong></span> <span class='ocrx_word' id='word_1_94' title='bbox 1605 1367 1836 1434; x_wconf 67' lang='lat' dir='ltr'><strong>quaeris,</strong></span> <span class='ocrx_word' id='word_1_95' title='bbox 1875 1367 2053 1424; x_wconf 81' lang='lat' dir='ltr'><strong>recole</strong></span> 
     </span>
    </p>
   </div>
   <div class='ocr_carea' id='block_1_16' title="bbox 480 1445 2053 1528">
    <p class='ocr_par' dir='ltr' id='par_1_16' title="bbox 480 1445 2053 1528">
     <span class='ocr_line' id='line_1_16' title="bbox 480 1445 2053 1528; baseline 0.015 -38"><span class='ocrx_word' id='word_1_96' title='bbox 480 1455 601 1504; x_wconf 78' lang='lat' dir='ltr'><strong>qua:</strong></span> <span class='ocrx_word' id='word_1_97' title='bbox 637 1445 793 1509; x_wconf 89' lang='lat' dir='ltr'><strong>paulo</strong></span> <span class='ocrx_word' id='word_1_98' title='bbox 834 1449 1083 1526; x_wconf 72' lang='lat' dir='ltr'><strong>superius</strong></span> <span class='ocrx_word' id='word_1_99' title='bbox 1116 1452 1259 1506; x_wconf 85' lang='lat' dir='ltr'><strong>dicta</strong></span> <span class='ocrx_word' id='word_1_100' title='bbox 1307 1463 1470 1520; x_wconf 91' lang='lat' dir='ltr'><strong>sunt,</strong></span> <span class='ocrx_word' id='word_1_101' title='bbox 1499 1465 1787 1520; x_wconf 83' lang='lat' dir='ltr'><strong>antequam</strong></span> <span class='ocrx_word' id='word_1_102' title='bbox 1815 1457 1882 1512; x_wconf 87' lang='lat' dir='ltr'><strong>de</strong></span> <span class='ocrx_word' id='word_1_103' title='bbox 1923 1457 2053 1528; x_wconf 80' lang='lat' dir='ltr'><strong>lapi-</strong></span> 
     </span>
    </p>
   </div>
   <div class='ocr_carea' id='block_1_17' title="bbox 482 1531 2053 1618">
    <p class='ocr_par' dir='ltr' id='par_1_17' title="bbox 482 1531 2053 1618">
     <span class='ocr_line' id='line_1_17' title="bbox 482 1531 2053 1618; baseline 0.016 -36"><span class='ocrx_word' id='word_1_104' title='bbox 482 1531 639 1588; x_wconf 85' lang='lat' dir='ltr'><strong>dibus</strong></span> <span class='ocrx_word' id='word_1_105' title='bbox 666 1549 915 1606; x_wconf 81' lang='lat' dir='ltr'><strong>ageretur</strong></span> <span class='ocrx_word' id='word_1_106' title='bbox 947 1548 1001 1596; x_wconf 90' lang='lat' dir='ltr'><strong>et</strong></span> <span class='ocrx_word' id='word_1_107' title='bbox 1044 1558 1208 1612; x_wconf 85' lang='lat' dir='ltr'><strong>nece,</strong></span> <span class='ocrx_word' id='word_1_108' title='bbox 1239 1556 1294 1601; x_wconf 89' lang='lat' dir='ltr'><strong>et</strong></span> <span class='ocrx_word' id='word_1_109' title='bbox 1332 1546 1573 1603; x_wconf 84' lang='lat' dir='ltr'><strong>invenies</strong></span> <span class='ocrx_word' id='word_1_110' title='bbox 1618 1557 1742 1603; x_wconf 89' lang='lat' dir='ltr'><strong>ante</strong></span> <span class='ocrx_word' id='word_1_111' title='bbox 1771 1549 1937 1618; x_wconf 88' lang='lat' dir='ltr'><strong>ipsam</strong></span> <span class='ocrx_word' id='word_1_112' title='bbox 1967 1551 2053 1606; x_wconf 91' lang='lat' dir='ltr'><strong>vi-</strong></span> 
     </span>
    </p>
   </div>
   <div class='ocr_carea' id='block_1_18' title="bbox 482 1623 2054 1712">
    <p class='ocr_par' dir='ltr' id='par_1_18' title="bbox 482 1623 2054 1712">
     <span class='ocr_line' id='line_1_18' title="bbox 482 1623 2054 1712; baseline 0.014 -37"><span class='ocrx_word' id='word_1_113' title='bbox 482 1623 690 1679; x_wconf 86' lang='lat' dir='ltr'><strong>sionem</strong></span> <span class='ocrx_word' id='word_1_114' title='bbox 730 1626 992 1698; x_wconf 89' lang='lat' dir='ltr'><strong>Spiritum</strong></span> <span class='ocrx_word' id='word_1_115' title='bbox 1024 1645 1270 1690; x_wconf 89' lang='lat' dir='ltr'><strong>sanctnm</strong></span> <span class='ocrx_word' id='word_1_116' title='bbox 1322 1637 1653 1708; x_wconf 81' lang='lat' dir='ltr'><strong>loquentem,</strong></span> <span class='ocrx_word' id='word_1_117' title='bbox 1691 1649 1744 1696; x_wconf 82' lang='lat' dir='ltr'><strong>et</strong></span> <span class='ocrx_word' id='word_1_118' title='bbox 1777 1641 2054 1712; x_wconf 83' lang='lat' dir='ltr'><strong>Stephano</strong></span> 
     </span>
    </p>
   </div>
   <div class='ocr_carea' id='block_1_19' title="bbox 481 1723 2055 1804">
    <p class='ocr_par' dir='ltr' id='par_1_19' title="bbox 481 1723 2055 1804">
     <span class='ocr_line' id='line_1_19' title="bbox 481 1723 2055 1804; baseline 0.013 -35"><span class='ocrx_word' id='word_1_119' title='bbox 481 1727 769 1788; x_wconf 87' lang='lat' dir='ltr'><strong>astantem,</strong></span> <span class='ocrx_word' id='word_1_120' title='bbox 803 1723 1168 1795; x_wconf 88' lang='lat' dir='ltr'><strong>athletamqne</strong></span> <span class='ocrx_word' id='word_1_121' title='bbox 1201 1741 1592 1799; x_wconf 84' lang='lat' dir='ltr'><strong>praeparantem</strong></span> <span class='ocrx_word' id='word_1_122' title='bbox 1623 1748 1687 1788; x_wconf 90' lang='lat' dir='ltr'><strong>ac</strong></span> <span class='ocrx_word' id='word_1_123' title='bbox 1714 1749 2055 1804; x_wconf 88' lang='lat' dir='ltr'><strong>componen-</strong></span> 
     </span>
    </p>
   </div>
   <div class='ocr_carea' id='block_1_20' title="bbox 2153 534 3769 621">
    <p class='ocr_par' dir='ltr' id='par_1_20' title="bbox 2153 534 3769 621">
     <span class='ocr_line' id='line_1_20' title="bbox 2153 534 3769 621; baseline -0.012 -17"><span class='ocrx_word' id='word_1_124' title='bbox 2153 549 2318 621; x_wconf 78' lang='grc' dir='ltr'>ἐχρῆν</span> <span class='ocrx_word' id='word_1_125' title='bbox 2347 546 2712 617; x_wconf 87' lang='grc' dir='ltr'>συμπαρεῖναι</span> <span class='ocrx_word' id='word_1_126' title='bbox 2735 541 2828 595; x_wconf 77' lang='grc' dir='ltr'><strong>καὶ</strong></span> <span class='ocrx_word' id='word_1_127' title='bbox 2859 539 2920 592; x_wconf 79' lang='grc' dir='ltr'><strong>τὸ</strong></span> <span class='ocrx_word' id='word_1_128' title='bbox 2943 537 3170 610; x_wconf 81' lang='grc' dir='ltr'><strong>Πνεῦμα</strong></span> <span class='ocrx_word' id='word_1_129' title='bbox 3195 537 3254 590; x_wconf 78' lang='grc' dir='ltr'><strong>τὸ</strong></span> <span class='ocrx_word' id='word_1_130' title='bbox 3278 537 3454 604; x_wconf 73' lang='grc' dir='ltr'>ἅγιον,</span> <span class='ocrx_word' id='word_1_131' title='bbox 3477 534 3570 586; x_wconf 78' lang='grc' dir='ltr'>ἵνα</span> <span class='ocrx_word' id='word_1_132' title='bbox 3588 551 3732 603; x_wconf 73' lang='grc' dir='ltr'><strong>πρα</strong></span> <span class='ocrx_word' id='word_1_133' title='bbox 3752 564 3769 572; x_wconf 84' lang='lat'><strong>-</strong></span> 
     </span>
    </p>
   </div>
   <div class='ocr_carea' id='block_1_21' title="bbox 2152 624 3768 708">
    <p class='ocr_par' dir='ltr' id='par_1_21' title="bbox 2152 624 3768 708">
     <span class='ocr_line' id='line_1_21' title="bbox 2152 624 3768 708; baseline -0.011 -15"><span class='ocrx_word' id='word_1_134' title='bbox 2152 639 2314 708; x_wconf 82' lang='grc' dir='ltr'>κτική</span> <span class='ocrx_word' id='word_1_135' title='bbox 2347 655 2430 700; x_wconf 89' lang='grc' dir='ltr'><strong>τις</strong></span> <span class='ocrx_word' id='word_1_136' title='bbox 2466 633 2820 708; x_wconf 85' lang='grc' dir='ltr'>μυσταγωγία</span> <span class='ocrx_word' id='word_1_137' title='bbox 2839 633 2949 695; x_wconf 73' lang='grc' dir='ltr'>τοῖς</span> <span class='ocrx_word' id='word_1_138' title='bbox 2972 627 3279 699; x_wconf 87' lang='grc' dir='ltr'>ἀνθρώποις</span> <span class='ocrx_word' id='word_1_139' title='bbox 3311 624 3570 695; x_wconf 72' lang='grc' dir='ltr'>ἐτελέσθη</span> <span class='ocrx_word' id='word_1_140' title='bbox 3597 624 3768 692; x_wconf 78' lang='grc'><strong>(58’)</strong></span> 
     </span>
    </p>
   </div>
   <div class='ocr_carea' id='block_1_22' title="bbox 2151 714 3773 798">
    <p class='ocr_par' dir='ltr' id='par_1_22' title="bbox 2151 714 3773 798">
     <span class='ocr_line' id='line_1_22' title="bbox 2151 714 3773 798; baseline -0.011 -15"><span class='ocrx_word' id='word_1_141' title='bbox 2151 730 2240 784; x_wconf 82' lang='grc' dir='ltr'><strong>διά</strong></span> <span class='ocrx_word' id='word_1_142' title='bbox 2267 729 2367 798; x_wconf 83' lang='grc' dir='ltr'>τῆς</span> <span class='ocrx_word' id='word_1_143' title='bbox 2398 726 2683 789; x_wconf 86' lang='grc' dir='ltr'>ὀπτασίας.</span> <span class='ocrx_word' id='word_1_144' title='bbox 2727 725 2914 777; x_wconf 85' lang='grc' dir='ltr'>Είπεῖν</span> <span class='ocrx_word' id='word_1_145' title='bbox 2945 722 3122 775; x_wconf 81' lang='grc' dir='ltr'>τοίνυν</span> <span class='ocrx_word' id='word_1_146' title='bbox 3147 719 3442 787; x_wconf 85' lang='grc' dir='ltr'>ἀναγκαῖον</span> <span class='ocrx_word' id='word_1_147' title='bbox 3474 716 3626 787; x_wconf 82' lang='grc' dir='ltr'>πρὸς</span> <span class='ocrx_word' id='word_1_148' title='bbox 3658 714 3773 766; x_wconf 76' lang='grc' dir='ltr'><strong>τὸν</strong></span> 
     </span>
    </p>
   </div>
   <div class='ocr_carea' id='block_1_23' title="bbox 2151 802 3773 892">
    <p class='ocr_par' dir='ltr' id='par_1_23' title="bbox 2151 802 3773 892">
     <span class='ocr_line' id='line_1_23' title="bbox 2151 802 3773 892; baseline -0.012 -18"><span class='ocrx_word' id='word_1_149' title='bbox 2151 821 2352 890; x_wconf 80' lang='grc' dir='ltr'>ταύτην</span> <span class='ocrx_word' id='word_1_150' title='bbox 2375 821 2504 892; x_wconf 77' lang='grc' dir='ltr'>ἡμῖν</span> <span class='ocrx_word' id='word_1_151' title='bbox 2530 815 2969 886; x_wconf 84' lang='grc' dir='ltr'>ἀνθυποφέροντα</span> <span class='ocrx_word' id='word_1_152' title='bbox 2997 812 3095 884; x_wconf 80' lang='grc' dir='ltr'><strong>τὴν</strong></span> <span class='ocrx_word' id='word_1_153' title='bbox 3124 811 3382 874; x_wconf 82' lang='grc' dir='ltr'>διάνοιαν,</span> <span class='ocrx_word' id='word_1_154' title='bbox 3407 809 3512 873; x_wconf 80' lang='grc' dir='ltr'>ὅτι,</span> <span class='ocrx_word' id='word_1_155' title='bbox 3545 802 3626 858; x_wconf 79' lang='grc' dir='ltr'><strong>Ἦ</strong></span> <span class='ocrx_word' id='word_1_156' title='bbox 3663 820 3773 857; x_wconf 85' lang='grc' dir='ltr'>σο-</span> 
     </span>
    </p>
   </div>
   <div class='ocr_carea' id='block_1_24' title="bbox 2154 901 3772 983">
    <p class='ocr_par' dir='ltr' id='par_1_24' title="bbox 2154 901 3772 983">
     <span class='ocr_line' id='line_1_24' title="bbox 2154 901 3772 983; baseline -0.009 -18"><span class='ocrx_word' id='word_1_157' title='bbox 2154 912 2387 983; x_wconf 84' lang='grc' dir='ltr'>φώτατε,</span> <span class='ocrx_word' id='word_1_158' title='bbox 2417 909 2521 982; x_wconf 80' lang='grc' dir='ltr'><strong>χρὴ</strong></span> <span class='ocrx_word' id='word_1_159' title='bbox 2551 908 2642 962; x_wconf 74' lang='grc' dir='ltr'><strong>τὸν</strong></span> <span class='ocrx_word' id='word_1_160' title='bbox 2666 907 2774 960; x_wconf 88' lang='grc' dir='ltr'><strong>τῶν</strong></span> <span class='ocrx_word' id='word_1_161' title='bbox 2799 903 3242 975; x_wconf 77' lang='grc' dir='ltr'><strong>ἀναγνωσμάτων</strong></span> <span class='ocrx_word' id='word_1_162' title='bbox 3269 901 3628 974; x_wconf 81' lang='grc' dir='ltr'>βασανιστὴν,</span> <span class='ocrx_word' id='word_1_163' title='bbox 3666 901 3772 971; x_wconf 77' lang='grc' dir='ltr'><strong>ὀρ-</strong></span> 
     </span>
    </p>
   </div>
   <div class='ocr_carea' id='block_1_25' title="bbox 2154 993 3770 1076">
    <p class='ocr_par' dir='ltr' id='par_1_25' title="bbox 2154 993 3770 1076">
     <span class='ocr_line' id='line_1_25' title="bbox 2154 993 3770 1076; baseline -0.009 -18"><span class='ocrx_word' id='word_1_164' title='bbox 2154 1005 2252 1076; x_wconf 83' lang='grc' dir='ltr'>θήν</span> <span class='ocrx_word' id='word_1_165' title='bbox 2276 1020 2336 1057; x_wconf 84' lang='grc' dir='ltr'><strong>τε</strong></span> <span class='ocrx_word' id='word_1_166' title='bbox 2368 999 2502 1074; x_wconf 87' lang='grc' dir='ltr'>ὁμοῦ</span> <span class='ocrx_word' id='word_1_167' title='bbox 2527 1001 2624 1069; x_wconf 83' lang='grc' dir='ltr'><strong>τὴν</strong></span> <span class='ocrx_word' id='word_1_168' title='bbox 2649 999 2888 1054; x_wconf 85' lang='grc' dir='ltr'>διάνοιαν</span> <span class='ocrx_word' id='word_1_169' title='bbox 2907 996 3050 1068; x_wconf 75' lang='grc' dir='ltr'>ἔχειν</span> <span class='ocrx_word' id='word_1_170' title='bbox 3080 995 3174 1050; x_wconf 77' lang='grc' dir='ltr'>καὶ</span> <span class='ocrx_word' id='word_1_171' title='bbox 3199 997 3260 1048; x_wconf 85' lang='grc' dir='ltr'><strong>τὸ</strong></span> <span class='ocrx_word' id='word_1_172' title='bbox 3287 993 3631 1066; x_wconf 78' lang='grc' dir='ltr'>μνημονικὸν</span> <span class='ocrx_word' id='word_1_173' title='bbox 3666 993 3770 1063; x_wconf 61' lang='lat' dir='ltr'><strong>ep-</strong></span> 
     </span>
    </p>
   </div>
   <div class='ocr_carea' id='block_1_26' title="bbox 2156 1084 3769 1182">
    <p class='ocr_par' dir='ltr' id='par_1_26' title="bbox 2156 1084 3769 1182">
     <span class='ocr_line' id='line_1_26' title="bbox 2156 1084 3769 1182; baseline -0.009 -33"><span class='ocrx_word' id='word_1_174' title='bbox 2156 1095 2420 1167; x_wconf 82' lang='grc' dir='ltr'>ρωμὲνον,</span> <span class='ocrx_word' id='word_1_175' title='bbox 2453 1091 2518 1145; x_wconf 79' lang='grc' dir='ltr'><strong>ἵν’</strong></span> <span class='ocrx_word' id='word_1_176' title='bbox 2557 1090 2699 1146; x_wconf 76' lang='grc' dir='ltr'>οὕτω</span> <span class='ocrx_word' id='word_1_177' title='bbox 2725 1088 2926 1162; x_wconf 77' lang='grc' dir='ltr'>δυνηθῇ</span> <span class='ocrx_word' id='word_1_178' title='bbox 2954 1087 3172 1141; x_wconf 85' lang='grc' dir='ltr'>πάντων</span> <span class='ocrx_word' id='word_1_179' title='bbox 3205 1084 3339 1182; x_wconf 70' lang='grc' dir='ltr'>ὁμοῦ</span> <span class='ocrx_word' id='word_1_180' title='bbox 3371 1084 3769 1182; x_wconf 48' lang='grc' dir='ltr'>περιδράσσεὶ</span> 
     </span>
    </p>
   </div>
   <div class='ocr_carea' id='block_1_27' title="bbox 2155 1177 3762 1254">
    <p class='ocr_par' dir='ltr' id='par_1_27' title="bbox 2155 1177 3762 1254">
     <span class='ocr_line' id='line_1_27' title="bbox 2155 1177 3762 1254; baseline -0.008 -16"><span class='ocrx_word' id='word_1_181' title='bbox 2155 1185 2277 1238; x_wconf 88' lang='grc' dir='ltr'>σθαι</span> <span class='ocrx_word' id='word_1_182' title='bbox 2308 1184 2416 1239; x_wconf 88' lang='grc' dir='ltr'><strong>τῶν</strong></span> <span class='ocrx_word' id='word_1_183' title='bbox 2448 1181 2868 1254; x_wconf 80' lang='grc' dir='ltr'><strong>γεγραμμένων.</strong></span> <span class='ocrx_word' id='word_1_184' title='bbox 2904 1179 2967 1235; x_wconf 70' lang='lat' dir='ltr'><strong>Ei</strong></span> <span class='ocrx_word' id='word_1_185' title='bbox 2995 1177 3104 1250; x_wconf 78' lang='grc' dir='ltr'>γὰρ</span> <span class='ocrx_word' id='word_1_186' title='bbox 3139 1177 3234 1230; x_wconf 71' lang='grc' dir='ltr'><strong>καὶ</strong></span> <span class='ocrx_word' id='word_1_187' title='bbox 3270 1177 3451 1247; x_wconf 80' lang='grc' dir='ltr'><strong>ζητεῖς</strong></span> <span class='ocrx_word' id='word_1_188' title='bbox 3488 1177 3595 1246; x_wconf 84' lang='grc' dir='ltr'><strong>τὴν</strong></span> <span class='ocrx_word' id='word_1_189' title='bbox 3647 1177 3762 1227; x_wconf 78' lang='grc' dir='ltr'><strong>τοῦ</strong></span> 
     </span>
    </p>
   </div>
   <div class='ocr_carea' id='block_1_28' title="bbox 2154 1266 3763 1347">
    <p class='ocr_par' dir='ltr' id='par_1_28' title="bbox 2154 1266 3763 1347">
     <span class='ocr_line' id='line_1_28' title="bbox 2154 1266 3763 1347; baseline -0.008 -18"><span class='ocrx_word' id='word_1_190' title='bbox 2154 1275 2468 1347; x_wconf 78' lang='grc' dir='ltr'>Πνεύματος</span> <span class='ocrx_word' id='word_1_191' title='bbox 2506 1273 2826 1346; x_wconf 82' lang='grc' dir='ltr'>παρουσίαν,</span> <span class='ocrx_word' id='word_1_192' title='bbox 2878 1270 3073 1343; x_wconf 85' lang='grc' dir='ltr'>μικρὸν</span> <span class='ocrx_word' id='word_1_193' title='bbox 3125 1269 3383 1339; x_wconf 83' lang='grc' dir='ltr'>ἀνωτέρω</span> <span class='ocrx_word' id='word_1_194' title='bbox 3419 1267 3529 1321; x_wconf 83' lang='grc' dir='ltr'><strong>τῶν</strong></span> <span class='ocrx_word' id='word_1_195' title='bbox 3570 1266 3763 1320; x_wconf 81' lang='grc' dir='ltr'>λίθων</span> 
     </span>
    </p>
   </div>
   <div class='ocr_carea' id='block_1_29' title="bbox 2153 1357 3765 1437">
    <p class='ocr_par' dir='ltr' id='par_1_29' title="bbox 2153 1357 3765 1437">
     <span class='ocr_line' id='line_1_29' title="bbox 2153 1357 3765 1437; baseline -0.007 -16"><span class='ocrx_word' id='word_1_196' title='bbox 2153 1366 2246 1421; x_wconf 74' lang='grc' dir='ltr'>καὶ</span> <span class='ocrx_word' id='word_1_197' title='bbox 2302 1367 2402 1437; x_wconf 81' lang='grc' dir='ltr'>τῆς</span> <span class='ocrx_word' id='word_1_198' title='bbox 2454 1364 2764 1434; x_wconf 79' lang='grc' dir='ltr'><strong>μιαιφονίας</strong></span> <span class='ocrx_word' id='word_1_199' title='bbox 2813 1361 2994 1432; x_wconf 82' lang='grc' dir='ltr'>γενοῦ,</span> <span class='ocrx_word' id='word_1_200' title='bbox 3048 1360 3142 1414; x_wconf 73' lang='grc' dir='ltr'><strong>καὶ</strong></span> <span class='ocrx_word' id='word_1_201' title='bbox 3188 1360 3440 1431; x_wconf 84' lang='grc' dir='ltr'>εὑρήσεις</span> <span class='ocrx_word' id='word_1_202' title='bbox 3484 1357 3600 1428; x_wconf 81' lang='grc' dir='ltr'><strong>πρὸ</strong></span> <span class='ocrx_word' id='word_1_203' title='bbox 3644 1358 3765 1427; x_wconf 79' lang='grc' dir='ltr'>τῆς</span> 
     </span>
    </p>
   </div>
   <div class='ocr_carea' id='block_1_30' title="bbox 2153 1449 3762 1526">
    <p class='ocr_par' dir='ltr' id='par_1_30' title="bbox 2153 1449 3762 1526">
     <span class='ocr_line' id='line_1_30' title="bbox 2153 1449 3762 1526; baseline -0.007 -14"><span class='ocrx_word' id='word_1_204' title='bbox 2153 1458 2413 1520; x_wconf 76' lang='grc' dir='ltr'><strong>ὀπτασίας</strong></span> <span class='ocrx_word' id='word_1_205' title='bbox 2437 1456 2496 1509; x_wconf 82' lang='grc' dir='ltr'><strong>τὸ</strong></span> <span class='ocrx_word' id='word_1_206' title='bbox 2535 1455 2758 1526; x_wconf 81' lang='grc' dir='ltr'>Πνεῦμα</span> <span class='ocrx_word' id='word_1_207' title='bbox 2790 1453 3137 1522; x_wconf 78' lang='grc' dir='ltr'>λαλούμενον,</span> <span class='ocrx_word' id='word_1_208' title='bbox 3167 1452 3263 1508; x_wconf 76' lang='grc' dir='ltr'><strong>καὶ</strong></span> <span class='ocrx_word' id='word_1_209' title='bbox 3289 1449 3577 1521; x_wconf 78' lang='grc' dir='ltr'>συμπαρδν</span> <span class='ocrx_word' id='word_1_210' title='bbox 3609 1450 3762 1501; x_wconf 87' lang='grc' dir='ltr'>Στε-</span> 
     </span>
    </p>
   </div>
   <div class='ocr_carea' id='block_1_31' title="bbox 2157 1541 3760 1621">
    <p class='ocr_par' dir='ltr' id='par_1_31' title="bbox 2157 1541 3760 1621">
     <span class='ocr_line' id='line_1_31' title="bbox 2157 1541 3760 1621; baseline -0.006 -18"><span class='ocrx_word' id='word_1_211' title='bbox 2157 1550 2328 1621; x_wconf 80' lang='grc' dir='ltr'>φάνῳ,</span> <span class='ocrx_word' id='word_1_212' title='bbox 2367 1549 2462 1603; x_wconf 71' lang='grc' dir='ltr'><strong>καὶ</strong></span> <span class='ocrx_word' id='word_1_213' title='bbox 2491 1546 2923 1620; x_wconf 79' lang='grc' dir='ltr'>προκαταρτίζον</span> <span class='ocrx_word' id='word_1_214' title='bbox 2951 1545 3043 1598; x_wconf 83' lang='grc' dir='ltr'><strong>τὸν</strong></span> <span class='ocrx_word' id='word_1_215' title='bbox 3071 1544 3330 1614; x_wconf 84' lang='grc' dir='ltr'>ἀθλητήν.</span> <span class='ocrx_word' id='word_1_216' title='bbox 3367 1541 3585 1605; x_wconf 78' lang='grc' dir='ltr'><strong>Εὐθέως</strong></span> <span class='ocrx_word' id='word_1_217' title='bbox 3629 1541 3760 1610; x_wconf 73' lang='grc' dir='ltr'>γὰρ</span> 
     </span>
    </p>
   </div>
   <div class='ocr_carea' id='block_1_32' title="bbox 2155 1633 3760 1712">
    <p class='ocr_par' dir='ltr' id='par_1_32' title="bbox 2155 1633 3760 1712">
     <span class='ocr_line' id='line_1_32' title="bbox 2155 1633 3760 1712; baseline -0.007 -18"><span class='ocrx_word' id='word_1_218' title='bbox 2155 1644 2212 1695; x_wconf 81' lang='grc' dir='ltr'><strong>ὲν</strong></span> <span class='ocrx_word' id='word_1_219' title='bbox 2243 1643 2386 1712; x_wconf 77' lang='grc' dir='ltr'>ἀρχῇ</span> <span class='ocrx_word' id='word_1_220' title='bbox 2414 1639 2506 1693; x_wconf 90' lang='grc' dir='ltr'><strong>τοῦ</strong></span> <span class='ocrx_word' id='word_1_221' title='bbox 2540 1641 2872 1711; x_wconf 82' lang='grc' dir='ltr'>διηγήματος</span> <span class='ocrx_word' id='word_1_222' title='bbox 2897 1676 2913 1701; x_wconf 87' lang='grc'><strong>,</strong></span> <span class='ocrx_word' id='word_1_223' title='bbox 2949 1636 3150 1708; x_wconf 87' lang='grc' dir='ltr'>ταύτην</span> <span class='ocrx_word' id='word_1_224' title='bbox 3186 1637 3317 1706; x_wconf 86' lang='grc' dir='ltr'>ἡμῖν</span> <span class='ocrx_word' id='word_1_225' title='bbox 3346 1633 3760 1704; x_wconf 75' lang='grc' dir='ltr'>προανεφὼνη-</span> 
     </span>
    </p>
   </div>
   <div class='ocr_carea' id='block_1_33' title="bbox 2157 1723 3758 1803">
    <p class='ocr_par' dir='ltr' id='par_1_33' title="bbox 2157 1723 3758 1803">
     <span class='ocr_line' id='line_1_33' title="bbox 2157 1723 3758 1803; baseline -0.006 -17"><span class='ocrx_word' id='word_1_226' title='bbox 2157 1751 2217 1787; x_wconf 91' lang='grc' dir='ltr'><strong>σε</strong></span> <span class='ocrx_word' id='word_1_227' title='bbox 2261 1732 2356 1803; x_wconf 77' lang='grc' dir='ltr'>τὴν</span> <span class='ocrx_word' id='word_1_228' title='bbox 2408 1733 2607 1802; x_wconf 79' lang='grc' dir='ltr'>φωνήν·</span> <span class='ocrx_word' id='word_1_229' title='bbox 2667 1731 2967 1800; x_wconf 66' lang='grc' dir='ltr'>Στέφανος</span> <span class='ocrx_word' id='word_1_230' title='bbox 3021 1728 3261 1797; x_wconf 75' lang='grc' dir='ltr'>πλήρης</span> <span class='ocrx_word' id='word_1_231' title='bbox 3315 1727 3586 1796; x_wconf 80' lang='grc' dir='ltr'>χάριτος,</span> <span class='ocrx_word' id='word_1_232' title='bbox 3629 1723 3758 1781; x_wconf 69' lang='grc' dir='ltr'><strong>καὶ</strong></span> 
     </span>
    </p>
   </div>
   <div class='ocr_carea' id='block_1_34' title="bbox 483 1811 2052 1894">
    <p class='ocr_par' dir='ltr' id='par_1_34' title="bbox 483 1811 2052 1890">
     <span class='ocr_line' id='line_1_34' title="bbox 483 1811 2052 1890; baseline 0.011 -30"><span class='ocrx_word' id='word_1_233' title='bbox 483 1817 591 1861; x_wconf 88' lang='lat' dir='ltr'><strong>tem</strong></span> <span class='ocrx_word' id='word_1_234' title='bbox 629 1827 641 1862; x_wconf 90' lang='lat'><strong>:</strong></span> <span class='ocrx_word' id='word_1_235' title='bbox 678 1811 824 1866; x_wconf 87' lang='lat' dir='ltr'><strong>clare</strong></span> <span class='ocrx_word' id='word_1_236' title='bbox 872 1830 1106 1884; x_wconf 88' lang='lat' dir='ltr'><strong>namque</strong></span> <span class='ocrx_word' id='word_1_237' title='bbox 1151 1818 1201 1871; x_wconf 90' lang='lat' dir='ltr'><strong>in</strong></span> <span class='ocrx_word' id='word_1_238' title='bbox 1255 1821 1520 1890; x_wconf 86' lang='lat' dir='ltr'><strong>principio</strong></span> <span class='ocrx_word' id='word_1_239' title='bbox 1561 1824 1888 1877; x_wconf 85' lang='lat' dir='ltr'><strong>narrationis</strong></span> <span class='ocrx_word' id='word_1_240' title='bbox 1916 1825 2052 1878; x_wconf 88' lang='lat' dir='ltr'><strong>hanc</strong></span> 
     </span>
    </p>
   </div>
   <div class='ocr_carea' id='block_1_35' title="bbox 2162 1811 3753 1894">
    <p class='ocr_par' dir='ltr' id='par_1_35' title="bbox 2162 1817 3753 1894">
     <span class='ocr_line' id='line_1_35' title="bbox 2162 1817 3753 1894; baseline -0.009 -14"><span class='ocrx_word' id='word_1_241' title='bbox 2162 1825 2453 1894; x_wconf 67' lang='grc' dir='ltr'>ἀληθείας,</span> <span class='ocrx_word' id='word_1_242' title='bbox 2492 1825 2591 1877; x_wconf 78' lang='grc' dir='ltr'><strong>καὶ</strong></span> <span class='ocrx_word' id='word_1_243' title='bbox 2619 1821 2944 1892; x_wconf 81' lang='grc' dir='ltr'>δυνάμεως,</span> <span class='ocrx_word' id='word_1_244' title='bbox 2971 1821 3158 1876; x_wconf 76' lang='grc' dir='ltr'>ἐποίει</span> <span class='ocrx_word' id='word_1_245' title='bbox 3182 1819 3398 1889; x_wconf 77' lang='grc' dir='ltr'>σημεῖα</span> <span class='ocrx_word' id='word_1_246' title='bbox 3435 1818 3532 1871; x_wconf 80' lang='grc' dir='ltr'><strong>καὶ</strong></span> <span class='ocrx_word' id='word_1_247' title='bbox 3560 1817 3753 1886; x_wconf 69' lang='grc' dir='ltr'>τέρα-</span> 
     </span>
    </p>
   </div>
   <div class='ocr_carea' id='block_1_36' title="bbox 481 1899 2052 1982">
    <p class='ocr_par' dir='ltr' id='par_1_36' title="bbox 481 1899 2052 1982">
     <span class='ocr_line' id='line_1_36' title="bbox 481 1899 2052 1982; baseline 0.011 -31"><span class='ocrx_word' id='word_1_248' title='bbox 481 1899 710 1970; x_wconf 84' lang='lat' dir='ltr'><strong>primam</strong></span> <span class='ocrx_word' id='word_1_249' title='bbox 755 1905 909 1959; x_wconf 90' lang='lat' dir='ltr'><strong>nobis</strong></span> <span class='ocrx_word' id='word_1_250' title='bbox 973 1909 1194 1974; x_wconf 88' lang='lat' dir='ltr'><strong>protulit</strong></span> <span class='ocrx_word' id='word_1_251' title='bbox 1240 1925 1425 1965; x_wconf 90' lang='lat' dir='ltr'><strong>vocem</strong></span> <span class='ocrx_word' id='word_1_252' title='bbox 1477 1930 1491 1966; x_wconf 91' lang='lat'><strong>:</strong></span> <span class='ocrx_word' id='word_1_253' title='bbox 1539 1911 1829 1981; x_wconf 82' lang='lat' dir='ltr'><strong>Stephanus</strong></span> <span class='ocrx_word' id='word_1_254' title='bbox 1875 1914 2052 1982; x_wconf 86' lang='lat' dir='ltr'><strong>plenus</strong></span> 
     </span>
    </p>
   </div>
   <div class='ocr_carea' id='block_1_37' title="bbox 480 1993 2050 2073">
    <p class='ocr_par' dir='ltr' id='par_1_37' title="bbox 480 1993 2050 2073">
     <span class='ocr_line' id='line_1_37' title="bbox 480 1993 2050 2073; baseline 0.01 -32"><span class='ocrx_word' id='word_1_255' title='bbox 480 1993 652 2060; x_wconf 84' lang='lat' dir='ltr'><strong>gratia</strong></span> <span class='ocrx_word' id='word_1_256' title='bbox 673 2034 687 2056; x_wconf 93' lang='lat'><strong>,</strong></span> <span class='ocrx_word' id='word_1_257' title='bbox 715 2005 760 2048; x_wconf 86' lang='lat' dir='ltr'><strong>et</strong></span> <span class='ocrx_word' id='word_1_258' title='bbox 794 1999 1009 2050; x_wconf 86' lang='lat' dir='ltr'><strong>veritate</strong></span> <span class='ocrx_word' id='word_1_259' title='bbox 1029 2036 1043 2062; x_wconf 94' lang='lat'><strong>,</strong></span> <span class='ocrx_word' id='word_1_260' title='bbox 1081 2015 1143 2050; x_wconf 87' lang='lat' dir='ltr'><strong>ac</strong></span> <span class='ocrx_word' id='word_1_261' title='bbox 1173 1999 1487 2068; x_wconf 77' lang='lat' dir='ltr'><strong>fortitudine</strong></span> <span class='ocrx_word' id='word_1_262' title='bbox 1515 2002 1741 2068; x_wconf 74' lang='lat' dir='ltr'><strong>faciebat</strong></span> <span class='ocrx_word' id='word_1_263' title='bbox 1772 2005 2010 2073; x_wconf 84' lang='lat' dir='ltr'><strong>prodigia</strong></span> <span class='ocrx_word' id='word_1_264' title='bbox 2036 2048 2050 2068; x_wconf 86' lang='lat'><strong>,</strong></span> 
     </span>
    </p>
   </div>
   <div class='ocr_carea' id='block_1_38' title="bbox 481 2085 2054 2166">
    <p class='ocr_par' dir='ltr' id='par_1_38' title="bbox 481 2085 2054 2166">
     <span class='ocr_line' id='line_1_38' title="bbox 481 2085 2054 2166; baseline 0.01 -32"><span class='ocrx_word' id='word_1_265' title='bbox 481 2092 529 2134; x_wconf 89' lang='lat' dir='ltr'><strong>et</strong></span> <span class='ocrx_word' id='word_1_266' title='bbox 562 2085 712 2149; x_wconf 76' lang='lat' dir='ltr'><strong>signa</strong></span> <span class='ocrx_word' id='word_1_267' title='bbox 758 2103 947 2157; x_wconf 83' lang='lat' dir='ltr'><strong>magna</strong></span> <span class='ocrx_word' id='word_1_268' title='bbox 978 2089 1031 2142; x_wconf 86' lang='lat' dir='ltr'><strong>in</strong></span> <span class='ocrx_word' id='word_1_269' title='bbox 1071 2091 1282 2158; x_wconf 81' lang='lat' dir='ltr'><strong>papula.</strong></span> <span class='ocrx_word' id='word_1_270' title='bbox 1323 2092 1678 2149; x_wconf 72' lang='lat' dir='ltr'><strong>Surrexerunt</strong></span> <span class='ocrx_word' id='word_1_271' title='bbox 1723 2106 1898 2150; x_wconf 89' lang='lat' dir='ltr'><strong>autem</strong></span> <span class='ocrx_word' id='word_1_272' title='bbox 1937 2097 2054 2166; x_wconf 87' lang='lat' dir='ltr'><strong>qui-</strong></span> 
     </span>
    </p>
   </div>
   <div class='ocr_carea' id='block_1_39' title="bbox 483 2175 2050 2254">
    <p class='ocr_par' dir='ltr' id='par_1_39' title="bbox 483 2175 2050 2254">
     <span class='ocr_line' id='line_1_39' title="bbox 483 2175 2050 2254; baseline 0.01 -28"><span class='ocrx_word' id='word_1_273' title='bbox 483 2175 605 2227; x_wconf 84' lang='lat' dir='ltr'><strong>dam</strong></span> <span class='ocrx_word' id='word_1_274' title='bbox 640 2178 704 2230; x_wconf 83' lang='lat' dir='ltr'><strong>tle</strong></span> <span class='ocrx_word' id='word_1_275' title='bbox 732 2176 1010 2251; x_wconf 82' lang='lat' dir='ltr'><strong>Synagoga</strong></span> <span class='ocrx_word' id='word_1_276' title='bbox 1031 2221 1046 2246; x_wconf 94' lang='lat'><strong>,</strong></span> <span class='ocrx_word' id='word_1_277' title='bbox 1077 2200 1195 2251; x_wconf 67' lang='lat' dir='ltr'><strong>quae</strong></span> <span class='ocrx_word' id='word_1_278' title='bbox 1227 2185 1596 2254; x_wconf 80' lang='lat' dir='ltr'><strong>appellabatur</strong></span> <span class='ocrx_word' id='word_1_279' title='bbox 1629 2185 2012 2242; x_wconf 83' lang='lat' dir='ltr'><strong>Libertinorum</strong></span> <span class='ocrx_word' id='word_1_280' title='bbox 2033 2227 2050 2252; x_wconf 95' lang='lat'><strong>,</strong></span> 
     </span>
    </p>
   </div>
   <div class='ocr_carea' id='block_1_40' title="bbox 478 2264 2052 2347">
    <p class='ocr_par' dir='ltr' id='par_1_40' title="bbox 478 2264 2052 2347">
     <span class='ocr_line' id='line_1_40' title="bbox 478 2264 2052 2347; baseline 0.009 -31"><span class='ocrx_word' id='word_1_281' title='bbox 478 2273 527 2316; x_wconf 88' lang='lat' dir='ltr'><strong>et</strong></span> <span class='ocrx_word' id='word_1_282' title='bbox 560 2264 933 2335; x_wconf 80' lang='lat' dir='ltr'><strong>Cyrenensium</strong></span> <span class='ocrx_word' id='word_1_283' title='bbox 956 2311 969 2334; x_wconf 86' lang='lat'><strong>,</strong></span> <span class='ocrx_word' id='word_1_284' title='bbox 994 2281 1041 2324; x_wconf 89' lang='lat' dir='ltr'><strong>et</strong></span> <span class='ocrx_word' id='word_1_285' title='bbox 1078 2272 1548 2328; x_wconf 73' lang='lat' dir='ltr'><strong>Alexandrinorum</strong></span> <span class='ocrx_word' id='word_1_286' title='bbox 1574 2314 1590 2339; x_wconf 92' lang='lat'><strong>,</strong></span> <span class='ocrx_word' id='word_1_287' title='bbox 1629 2285 1675 2329; x_wconf 88' lang='lat' dir='ltr'><strong>et</strong></span> <span class='ocrx_word' id='word_1_288' title='bbox 1722 2293 1902 2330; x_wconf 82' lang='lat' dir='ltr'><strong>eorum</strong></span> <span class='ocrx_word' id='word_1_289' title='bbox 1923 2318 1936 2341; x_wconf 87' lang='lat'><strong>,</strong></span> <span class='ocrx_word' id='word_1_290' title='bbox 1962 2279 2052 2347; x_wconf 86' lang='lat' dir='ltr'><strong>qui</strong></span> 
     </span>
    </p>
   </div>
   <div class='ocr_carea' id='block_1_41' title="bbox 479 2355 2053 2433">
    <p class='ocr_par' dir='ltr' id='par_1_41' title="bbox 479 2355 2053 2433">
     <span class='ocr_line' id='line_1_41' title="bbox 479 2355 2053 2433; baseline 0.011 -27"><span class='ocrx_word' id='word_1_291' title='bbox 479 2364 627 2407; x_wconf 86' lang='lat' dir='ltr'><strong>erant</strong></span> <span class='ocrx_word' id='word_1_292' title='bbox 658 2373 689 2408; x_wconf 89' lang='lat' dir='ltr'><strong>a</strong></span> <span class='ocrx_word' id='word_1_293' title='bbox 733 2355 915 2412; x_wconf 83' lang='lat' dir='ltr'><strong>Cilicia</strong></span> <span class='ocrx_word' id='word_1_294' title='bbox 936 2399 950 2423; x_wconf 94' lang='lat'><strong>,</strong></span> <span class='ocrx_word' id='word_1_295' title='bbox 981 2370 1030 2414; x_wconf 88' lang='lat' dir='ltr'><strong>et</strong></span> <span class='ocrx_word' id='word_1_296' title='bbox 1063 2363 1215 2428; x_wconf 84' lang='lat' dir='ltr'><strong>Asia,</strong></span> <span class='ocrx_word' id='word_1_297' title='bbox 1241 2365 1566 2433; x_wconf 80' lang='lat' dir='ltr'><strong>disputantes</strong></span> <span class='ocrx_word' id='word_1_298' title='bbox 1593 2382 1711 2419; x_wconf 89' lang='lat' dir='ltr'><strong>cum</strong></span> <span class='ocrx_word' id='word_1_299' title='bbox 1741 2364 2007 2433; x_wconf 84' lang='lat' dir='ltr'><strong>Stephano</strong></span> <span class='ocrx_word' id='word_1_300' title='bbox 2031 2385 2053 2423; x_wconf 88' lang='lat'><strong><em>:</em></strong></span> 
     </span>
    </p>
   </div>
   <div class='ocr_carea' id='block_1_42' title="bbox 479 2455 2054 2530">
    <p class='ocr_par' dir='ltr' id='par_1_42' title="bbox 479 2455 2054 2530">
     <span class='ocr_line' id='line_1_42' title="bbox 479 2455 2054 2530; baseline 0.01 -32"><span class='ocrx_word' id='word_1_301' title='bbox 479 2457 528 2499; x_wconf 81' lang='lat' dir='ltr'><strong>et</strong></span> <span class='ocrx_word' id='word_1_302' title='bbox 573 2464 673 2500; x_wconf 85' lang='lat' dir='ltr'><strong>non</strong></span> <span class='ocrx_word' id='word_1_303' title='bbox 709 2460 945 2514; x_wconf 83' lang='lat' dir='ltr'><strong>poterant</strong></span> <span class='ocrx_word' id='word_1_304' title='bbox 987 2455 1224 2510; x_wconf 83' lang='lat' dir='ltr'><strong>resistere</strong></span> <span class='ocrx_word' id='word_1_305' title='bbox 1259 2459 1530 2523; x_wconf 75' lang='lat' dir='ltr'><strong>sapientia:</strong></span> <span class='ocrx_word' id='word_1_306' title='bbox 1584 2468 1632 2513; x_wconf 91' lang='lat' dir='ltr'><strong>et</strong></span> <span class='ocrx_word' id='word_1_307' title='bbox 1674 2458 1937 2526; x_wconf 79' lang='lat' dir='ltr'><strong>Spiritui,</strong></span> <span class='ocrx_word' id='word_1_308' title='bbox 1964 2461 2054 2530; x_wconf 86' lang='lat' dir='ltr'><strong>qui</strong></span> 
     </span>
    </p>
   </div>
   <div class='ocr_carea' id='block_1_43' title="bbox 481 2534 2053 2618">
    <p class='ocr_par' dir='ltr' id='par_1_43' title="bbox 481 2534 2053 2618">
     <span class='ocr_line' id='line_1_43' title="bbox 481 2534 2053 2618; baseline 0.011 -32"><span class='ocrx_word' id='word_1_309' title='bbox 481 2534 786 2599; x_wconf 84' lang='lat' dir='ltr'><strong>loquebatur</strong></span> <span class='ocrx_word' id='word_1_310' title='bbox 807 2541 876 2594; x_wconf 83' lang='grc'><strong>⁸⁷.</strong></span> <span class='ocrx_word' id='word_1_311' title='bbox 915 2541 1074 2596; x_wconf 76' lang='lat' dir='ltr'><strong>Vides</strong></span> <span class='ocrx_word' id='word_1_312' title='bbox 1114 2543 1294 2613; x_wconf 88' lang='lat' dir='ltr'><strong>itaque</strong></span> <span class='ocrx_word' id='word_1_313' title='bbox 1344 2561 1555 2618; x_wconf 84' lang='lat' dir='ltr'><strong>sacram</strong></span> <span class='ocrx_word' id='word_1_314' title='bbox 1602 2546 1941 2618; x_wconf 88' lang='lat' dir='ltr'><strong>Scripturam</strong></span> <span class='ocrx_word' id='word_1_315' title='bbox 1973 2552 2053 2603; x_wconf 64' lang='lat' dir='ltr'><strong>di«</strong></span> 
     </span>
    </p>
   </div>
   <div class='ocr_carea' id='block_1_44' title="bbox 483 2628 2054 2711">
    <p class='ocr_par' dir='ltr' id='par_1_44' title="bbox 483 2628 2054 2711">
     <span class='ocr_line' id='line_1_44' title="bbox 483 2628 2054 2711; baseline 0.011 -32"><span class='ocrx_word' id='word_1_316' title='bbox 483 2628 683 2682; x_wconf 81' lang='lat' dir='ltr'><strong>stincte</strong></span> <span class='ocrx_word' id='word_1_317' title='bbox 709 2645 773 2684; x_wconf 91' lang='lat' dir='ltr'><strong>ac</strong></span> <span class='ocrx_word' id='word_1_318' title='bbox 818 2632 1051 2686; x_wconf 84' lang='lat' dir='ltr'><strong>dilucide</strong></span> <span class='ocrx_word' id='word_1_319' title='bbox 1075 2635 1309 2704; x_wconf 87' lang='lat' dir='ltr'><strong>Spiritus</strong></span> <span class='ocrx_word' id='word_1_320' title='bbox 1336 2639 1505 2693; x_wconf 88' lang='lat' dir='ltr'><strong>sancti</strong></span> <span class='ocrx_word' id='word_1_321' title='bbox 1535 2639 1692 2694; x_wconf 89' lang='lat' dir='ltr'><strong>nobis</strong></span> <span class='ocrx_word' id='word_1_322' title='bbox 1713 2643 2054 2711; x_wconf 85' lang='lat' dir='ltr'><strong>proposuisse</strong></span> 
     </span>
    </p>
   </div>
   <div class='ocr_carea' id='block_1_45' title="bbox 480 2722 2052 2802">
    <p class='ocr_par' dir='ltr' id='par_1_45' title="bbox 480 2722 2052 2802">
     <span class='ocr_line' id='line_1_45' title="bbox 480 2722 2052 2802; baseline 0.011 -31"><span class='ocrx_word' id='word_1_323' title='bbox 480 2722 806 2788; x_wconf 80' lang='lat' dir='ltr'><strong>personam?</strong></span> <span class='ocrx_word' id='word_1_324' title='bbox 833 2723 1090 2790; x_wconf 85' lang='lat' dir='ltr'><strong>Quamvis</strong></span> <span class='ocrx_word' id='word_1_325' title='bbox 1115 2737 1291 2781; x_wconf 88' lang='lat' dir='ltr'><strong>autem</strong></span> <span class='ocrx_word' id='word_1_326' title='bbox 1329 2728 1589 2798; x_wconf 86' lang='lat' dir='ltr'><strong>Spiritum</strong></span> <span class='ocrx_word' id='word_1_327' title='bbox 1623 2741 1870 2786; x_wconf 90' lang='lat' dir='ltr'><strong>sanctum</strong></span> <span class='ocrx_word' id='word_1_328' title='bbox 1902 2736 2052 2802; x_wconf 91' lang='lat' dir='ltr'><strong>prius</strong></span> 
     </span>
    </p>
   </div>
   <div class='ocr_carea' id='block_1_46' title="bbox 481 2810 2053 2889">
    <p class='ocr_par' dir='ltr' id='par_1_46' title="bbox 481 2810 2053 2889">
     <span class='ocr_line' id='line_1_46' title="bbox 481 2810 2053 2889; baseline 0.011 -27"><span class='ocrx_word' id='word_1_329' title='bbox 481 2810 868 2880; x_wconf 86' lang='lat' dir='ltr'><strong>descripserit,</strong></span> <span class='ocrx_word' id='word_1_330' title='bbox 902 2817 1092 2871; x_wconf 91' lang='lat' dir='ltr'><strong>deinde</strong></span> <span class='ocrx_word' id='word_1_331' title='bbox 1133 2833 1258 2872; x_wconf 92' lang='lat' dir='ltr'><strong>vero</strong></span> <span class='ocrx_word' id='word_1_332' title='bbox 1298 2819 1512 2874; x_wconf 84' lang='lat' dir='ltr'><strong>Patrem</strong></span> <span class='ocrx_word' id='word_1_333' title='bbox 1553 2837 1618 2876; x_wconf 89' lang='lat' dir='ltr'><strong>ac</strong></span> <span class='ocrx_word' id='word_1_334' title='bbox 1651 2822 1848 2878; x_wconf 88' lang='lat' dir='ltr'><strong>Filium</strong></span> <span class='ocrx_word' id='word_1_335' title='bbox 1871 2867 1886 2889; x_wconf 92' lang='lat'><strong>,</strong></span> <span class='ocrx_word' id='word_1_336' title='bbox 1921 2827 2053 2880; x_wconf 87' lang='lat' dir='ltr'><strong>nihil</strong></span> 
     </span>
    </p>
   </div>
   <div class='ocr_carea' id='block_1_47' title="bbox 483 2902 2052 2972">
    <p class='ocr_par' dir='ltr' id='par_1_47' title="bbox 483 2902 2052 2972">
     <span class='ocr_line' id='line_1_47' title="bbox 483 2902 2052 2972; baseline 0.011 -17"><span class='ocrx_word' id='word_1_337' title='bbox 483 2902 607 2957; x_wconf 81' lang='lat' dir='ltr'><strong>ﬁdei</strong></span> <span class='ocrx_word' id='word_1_338' title='bbox 647 2904 810 2961; x_wconf 82' lang='lat' dir='ltr'><strong>ollicit</strong></span> <span class='ocrx_word' id='word_1_339' title='bbox 847 2909 1053 2965; x_wconf 91' lang='lat' dir='ltr'><strong>ordinis</strong></span> <span class='ocrx_word' id='word_1_340' title='bbox 1105 2907 1364 2969; x_wconf 88' lang='lat' dir='ltr'><strong>inversio.</strong></span> <span class='ocrx_word' id='word_1_341' title='bbox 1419 2915 1468 2970; x_wconf 90' lang='lat' dir='ltr'><strong>ls</strong></span> <span class='ocrx_word' id='word_1_342' title='bbox 1515 2915 1659 2970; x_wconf 91' lang='lat' dir='ltr'><strong>enim</strong></span> <span class='ocrx_word' id='word_1_343' title='bbox 1706 2932 1875 2972; x_wconf 80' lang='lat' dir='ltr'><strong>sacra:</strong></span> <span class='ocrx_word' id='word_1_344' title='bbox 1908 2919 2052 2972; x_wconf 78' lang='lat' dir='ltr'><strong>Scri-</strong></span> 
     </span>
    </p>
   </div>
   <div class='ocr_carea' id='block_1_48' title="bbox 479 3004 2054 3074">
    <p class='ocr_par' dir='ltr' id='par_1_48' title="bbox 479 3004 2054 3074">
     <span class='ocr_line' id='line_1_48' title="bbox 479 3004 2054 3074; baseline 0.008 -24"><span class='ocrx_word' id='word_1_345' title='bbox 479 3007 652 3067; x_wconf 74' lang='lat' dir='ltr'><strong>ptura:</strong></span> <span class='ocrx_word' id='word_1_346' title='bbox 681 3015 796 3056; x_wconf 90' lang='lat' dir='ltr'><strong>mos</strong></span> <span class='ocrx_word' id='word_1_347' title='bbox 821 3013 923 3056; x_wconf 91' lang='lat' dir='ltr'><strong>est.</strong></span> <span class='ocrx_word' id='word_1_348' title='bbox 952 3004 1254 3074; x_wconf 88' lang='lat' dir='ltr'><strong>Aliquando</strong></span> <span class='ocrx_word' id='word_1_349' title='bbox 1279 3009 1422 3061; x_wconf 90' lang='lat' dir='ltr'><strong>enim</strong></span> <span class='ocrx_word' id='word_1_350' title='bbox 1452 3009 1626 3063; x_wconf 91' lang='lat' dir='ltr'><strong>solum</strong></span> <span class='ocrx_word' id='word_1_351' title='bbox 1662 3009 1854 3063; x_wconf 85' lang='lat' dir='ltr'><strong>Filium</strong></span> <span class='ocrx_word' id='word_1_352' title='bbox 1891 3011 2054 3064; x_wconf 90' lang='lat' dir='ltr'><strong>nomi-</strong></span> 
     </span>
    </p>
   </div>
   <div class='ocr_carea' id='block_1_49' title="bbox 480 3091 2050 3168">
    <p class='ocr_par' dir='ltr' id='par_1_49' title="bbox 480 3091 2050 3168">
     <span class='ocr_line' id='line_1_49' title="bbox 480 3091 2050 3168; baseline 0.01 -28"><span class='ocrx_word' id='word_1_353' title='bbox 480 3105 611 3143; x_wconf 90' lang='lat' dir='ltr'><strong>nare</strong></span> <span class='ocrx_word' id='word_1_354' title='bbox 638 3091 856 3158; x_wconf 89' lang='lat' dir='ltr'><strong>assolet,</strong></span> <span class='ocrx_word' id='word_1_355' title='bbox 889 3094 1176 3165; x_wconf 89' lang='lat' dir='ltr'><strong>aliquando</strong></span> <span class='ocrx_word' id='word_1_356' title='bbox 1212 3113 1341 3152; x_wconf 91' lang='lat' dir='ltr'><strong>vero</strong></span> <span class='ocrx_word' id='word_1_357' title='bbox 1365 3098 1624 3168; x_wconf 89' lang='lat' dir='ltr'><strong>Spiritum</strong></span> <span class='ocrx_word' id='word_1_358' title='bbox 1652 3111 1899 3156; x_wconf 88' lang='lat' dir='ltr'><strong>sanctum</strong></span> <span class='ocrx_word' id='word_1_359' title='bbox 1929 3119 2050 3156; x_wconf 86' lang='lat' dir='ltr'><strong>cum</strong></span> 
     </span>
    </p>
   </div>
   <div class='ocr_carea' id='block_1_50' title="bbox 478 3181 2050 3264">
    <p class='ocr_par' dir='ltr' id='par_1_50' title="bbox 478 3181 2050 3264">
     <span class='ocr_line' id='line_1_50' title="bbox 478 3181 2050 3264; baseline 0.01 -29"><span class='ocrx_word' id='word_1_360' title='bbox 478 3181 648 3248; x_wconf 88' lang='lat' dir='ltr'><strong>Filio;</strong></span> <span class='ocrx_word' id='word_1_361' title='bbox 679 3184 815 3238; x_wconf 86' lang='lat' dir='ltr'><strong>alias</strong></span> <span class='ocrx_word' id='word_1_362' title='bbox 847 3201 973 3242; x_wconf 89' lang='lat' dir='ltr'><strong>vero</strong></span> <span class='ocrx_word' id='word_1_363' title='bbox 996 3204 1024 3241; x_wconf 91' lang='lat' dir='ltr'><strong>a</strong></span> <span class='ocrx_word' id='word_1_364' title='bbox 1049 3187 1207 3244; x_wconf 90' lang='lat' dir='ltr'><strong>Patre</strong></span> <span class='ocrx_word' id='word_1_365' title='bbox 1234 3189 1448 3244; x_wconf 89' lang='lat' dir='ltr'><strong>initiunt</strong></span> <span class='ocrx_word' id='word_1_366' title='bbox 1491 3208 1726 3258; x_wconf 87' lang='lat' dir='ltr'><strong>sumere,</strong></span> <span class='ocrx_word' id='word_1_367' title='bbox 1754 3209 1817 3248; x_wconf 87' lang='lat' dir='ltr'><strong>ac</strong></span> <span class='ocrx_word' id='word_1_368' title='bbox 1843 3193 1894 3248; x_wconf 92' lang='lat' dir='ltr'><strong>in</strong></span> <span class='ocrx_word' id='word_1_369' title='bbox 1928 3194 2050 3264; x_wconf 84' lang='lat' dir='ltr'><strong>Spi-</strong></span> 
     </span>
    </p>
   </div>
   <div class='ocr_carea' id='block_1_51' title="bbox 480 3273 2052 3350">
    <p class='ocr_par' dir='ltr' id='par_1_51' title="bbox 480 3273 2052 3350">
     <span class='ocr_line' id='line_1_51' title="bbox 480 3273 2052 3350; baseline 0.01 -25"><span class='ocrx_word' id='word_1_370' title='bbox 480 3273 639 3326; x_wconf 89' lang='lat' dir='ltr'><strong>ritum</strong></span> <span class='ocrx_word' id='word_1_371' title='bbox 666 3276 1220 3342; x_wconf 73' lang='lat' dir='ltr'><strong>sanctumldesinere:</strong></span> <span class='ocrx_word' id='word_1_372' title='bbox 1254 3292 1308 3336; x_wconf 86' lang='lat' dir='ltr'><strong>et</strong></span> <span class='ocrx_word' id='word_1_373' title='bbox 1338 3299 1496 3340; x_wconf 89' lang='lat' dir='ltr'><strong>versa</strong></span> <span class='ocrx_word' id='word_1_374' title='bbox 1529 3285 1644 3340; x_wconf 88' lang='lat' dir='ltr'><strong>vice</strong></span> <span class='ocrx_word' id='word_1_375' title='bbox 1677 3324 1694 3350; x_wconf 91' lang='lat'><strong>,</strong></span> <span class='ocrx_word' id='word_1_376' title='bbox 1728 3286 1881 3341; x_wconf 89' lang='lat' dir='ltr'><strong>initio</strong></span> <span class='ocrx_word' id='word_1_377' title='bbox 1911 3286 2052 3342; x_wconf 82' lang='lat' dir='ltr'><strong>iacto</strong></span> 
     </span>
    </p>
   </div>
   <div class='ocr_carea' id='block_1_52' title="bbox 479 3363 2049 3440">
    <p class='ocr_par' dir='ltr' id='par_1_52' title="bbox 479 3363 2049 3440">
     <span class='ocr_line' id='line_1_52' title="bbox 479 3363 2049 3440; baseline 0.012 -24"><span class='ocrx_word' id='word_1_378' title='bbox 479 3378 510 3416; x_wconf 89' lang='lat' dir='ltr'><strong>a</strong></span> <span class='ocrx_word' id='word_1_379' title='bbox 541 3363 744 3433; x_wconf 81' lang='lat' dir='ltr'><strong>Spiritu</strong></span> <span class='ocrx_word' id='word_1_380' title='bbox 779 3377 1000 3433; x_wconf 88' lang='lat' dir='ltr'><strong>sancto,</strong></span> <span class='ocrx_word' id='word_1_381' title='bbox 1043 3387 1138 3440; x_wconf 86' lang='lat' dir='ltr'><strong>per</strong></span> <span class='ocrx_word' id='word_1_382' title='bbox 1167 3371 1360 3427; x_wconf 84' lang='lat' dir='ltr'><strong>Filium</strong></span> <span class='ocrx_word' id='word_1_383' title='bbox 1389 3391 1695 3432; x_wconf 89' lang='lat' dir='ltr'><strong>sermonem</strong></span> <span class='ocrx_word' id='word_1_384' title='bbox 1732 3379 1800 3433; x_wconf 90' lang='lat' dir='ltr'><strong>ad</strong></span> <span class='ocrx_word' id='word_1_385' title='bbox 1830 3378 2049 3434; x_wconf 81' lang='lat' dir='ltr'><strong>Patrem</strong></span> 
     </span>
    </p>
   </div>
   <div class='ocr_carea' id='block_1_53' title="bbox 375 3455 2050 3536">
    <p class='ocr_par' dir='ltr' id='par_1_53' title="bbox 375 3455 2050 3536">
     <span class='ocr_line' id='line_1_53' title="bbox 375 3455 2050 3536; baseline 0.011 -29"><span class='ocrx_word' id='word_1_386' title='bbox 375 3460 382 3468; x_wconf 87' lang='lat'>&#39;</span> <span class='ocrx_word' id='word_1_387' title='bbox 478 3455 697 3512; x_wconf 89' lang='lat' dir='ltr'><strong>ducere.</strong></span> <span class='ocrx_word' id='word_1_388' title='bbox 753 3458 1011 3534; x_wconf 81' lang='lat' dir='ltr'><strong>Ilancqne</strong></span> <span class='ocrx_word' id='word_1_389' title='bbox 1063 3465 1272 3520; x_wconf 88' lang='lat' dir='ltr'><strong>dicendi</strong></span> <span class='ocrx_word' id='word_1_390' title='bbox 1333 3468 1757 3536; x_wconf 89' lang='lat' dir='ltr'><strong>proprietatem,</strong></span> <span class='ocrx_word' id='word_1_391' title='bbox 1809 3474 2050 3526; x_wconf 90' lang='lat' dir='ltr'><strong>omnium</strong></span> 
     </span>
    </p>
   </div>
   <div class='ocr_carea' id='block_1_54' title="bbox 478 3549 2054 3625">
    <p class='ocr_par' dir='ltr' id='par_1_54' title="bbox 478 3549 2054 3625">
     <span class='ocr_line' id='line_1_54' title="bbox 478 3549 2054 3625; baseline 0.011 -23"><span class='ocrx_word' id='word_1_392' title='bbox 478 3549 718 3604; x_wconf 80' lang='lat' dir='ltr'><strong>maxime</strong></span> <span class='ocrx_word' id='word_1_393' title='bbox 754 3555 895 3622; x_wconf 90' lang='lat' dir='ltr'><strong>apud</strong></span> <span class='ocrx_word' id='word_1_394' title='bbox 918 3553 1141 3609; x_wconf 83' lang='lat' dir='ltr'><strong>Paulum</strong></span> <span class='ocrx_word' id='word_1_395' title='bbox 1170 3556 1377 3625; x_wconf 86' lang='lat' dir='ltr'><strong>absque</strong></span> <span class='ocrx_word' id='word_1_396' title='bbox 1409 3559 1517 3614; x_wconf 91' lang='lat' dir='ltr'><strong>ullo</strong></span> <span class='ocrx_word' id='word_1_397' title='bbox 1541 3562 1858 3618; x_wconf 89' lang='lat' dir='ltr'><strong>discrimine</strong></span> <span class='ocrx_word' id='word_1_398' title='bbox 1895 3565 2054 3619; x_wconf 88' lang='lat' dir='ltr'><strong>liceat</strong></span> 
     </span>
    </p>
   </div>
   <div class='ocr_carea' id='block_1_55' title="bbox 478 3640 2055 3726">
    <p class='ocr_par' dir='ltr' id='par_1_55' title="bbox 478 3640 2055 3726">
     <span class='ocr_line' id='line_1_55' title="bbox 478 3640 2055 3726; baseline 0.013 -35"><span class='ocrx_word' id='word_1_399' title='bbox 478 3640 824 3697; x_wconf 88' lang='lat' dir='ltr'><strong>observatam</strong></span> <span class='ocrx_word' id='word_1_400' title='bbox 869 3645 1072 3700; x_wconf 88' lang='lat' dir='ltr'><strong>videre.</strong></span> <span class='ocrx_word' id='word_1_401' title='bbox 1125 3647 1368 3702; x_wconf 84' lang='lat' dir='ltr'><strong>Ollicinm</strong></span> <span class='ocrx_word' id='word_1_402' title='bbox 1403 3665 1566 3717; x_wconf 89' lang='lat' dir='ltr'><strong>porro</strong></span> <span class='ocrx_word' id='word_1_403' title='bbox 1595 3662 1875 3722; x_wconf 88' lang='lat' dir='ltr'><strong>nostrum,</strong></span> <span class='ocrx_word' id='word_1_404' title='bbox 1910 3656 2055 3726; x_wconf 88' lang='lat' dir='ltr'><strong>quod</strong></span> 
     </span>
    </p>
   </div>
   <div class='ocr_carea' id='block_1_56' title="bbox 481 3732 2056 3809">
    <p class='ocr_par' dir='ltr' id='par_1_56' title="bbox 481 3732 2056 3809">
     <span class='ocr_line' id='line_1_56' title="bbox 481 3732 2056 3809; baseline 0.013 -26"><span class='ocrx_word' id='word_1_405' title='bbox 481 3732 756 3802; x_wconf 88' lang='lat' dir='ltr'><strong>Stephano</strong></span> <span class='ocrx_word' id='word_1_406' title='bbox 789 3737 1122 3793; x_wconf 86' lang='lat' dir='ltr'><strong>debebamus</strong></span> <span class='ocrx_word' id='word_1_407' title='bbox 1155 3741 1527 3809; x_wconf 86' lang='lat' dir='ltr'><strong>explevimus,</strong></span> <span class='ocrx_word' id='word_1_408' title='bbox 1583 3761 1688 3799; x_wconf 87' lang='lat' dir='ltr'><strong>non</strong></span> <span class='ocrx_word' id='word_1_409' title='bbox 1737 3761 1801 3800; x_wconf 82' lang='lat' dir='ltr'><strong>ex</strong></span> <span class='ocrx_word' id='word_1_410' title='bbox 1863 3749 2056 3803; x_wconf 88' lang='lat' dir='ltr'><strong>merito</strong></span> 
     </span>
    </p>
   </div>
   <div class='ocr_carea' id='block_1_57' title="bbox 480 3824 2053 3903">
    <p class='ocr_par' dir='ltr' id='par_1_57' title="bbox 480 3824 2053 3903">
     <span class='ocr_line' id='line_1_57' title="bbox 480 3824 2053 3903; baseline 0.013 -28"><span class='ocrx_word' id='word_1_411' title='bbox 480 3824 719 3892; x_wconf 88' lang='lat' dir='ltr'><strong>quidem,</strong></span> <span class='ocrx_word' id='word_1_412' title='bbox 751 3827 796 3881; x_wconf 91' lang='lat' dir='ltr'><strong>si</strong></span> <span class='ocrx_word' id='word_1_413' title='bbox 834 3829 909 3882; x_wconf 88' lang='lat' dir='ltr'><strong>rei</strong></span> <span class='ocrx_word' id='word_1_414' title='bbox 952 3832 1265 3900; x_wconf 82' lang='lat' dir='ltr'><strong>magnitudo</strong></span> <span class='ocrx_word' id='word_1_415' title='bbox 1297 3845 1605 3903; x_wconf 84' lang='lat' dir='ltr'><strong>spectetur;</strong></span> <span class='ocrx_word' id='word_1_416' title='bbox 1645 3845 1702 3891; x_wconf 86' lang='lat' dir='ltr'><strong>at</strong></span> <span class='ocrx_word' id='word_1_417' title='bbox 1745 3839 1789 3892; x_wconf 89' lang='lat' dir='ltr'><strong>si</strong></span> <span class='ocrx_word' id='word_1_418' title='bbox 1841 3839 2053 3895; x_wconf 87' lang='lat' dir='ltr'><strong>dicendi</strong></span> 
     </span>
    </p>
   </div>
   <div class='ocr_carea' id='block_1_58' title="bbox 480 3917 2057 3998">
    <p class='ocr_par' dir='ltr' id='par_1_58' title="bbox 480 3917 2057 3998">
     <span class='ocr_line' id='line_1_58' title="bbox 480 3917 2057 3998; baseline 0.015 -29"><span class='ocrx_word' id='word_1_419' title='bbox 480 3917 707 3974; x_wconf 82' lang='lat' dir='ltr'><strong>facultas</strong></span> <span class='ocrx_word' id='word_1_420' title='bbox 729 3959 746 3986; x_wconf 95' lang='lat'><strong>,</strong></span> <span class='ocrx_word' id='word_1_421' title='bbox 787 3922 1021 3978; x_wconf 86' lang='lat' dir='ltr'><strong>abunde.</strong></span> <span class='ocrx_word' id='word_1_422' title='bbox 1057 3927 1163 3981; x_wconf 90' lang='lat' dir='ltr'><strong>Deo</strong></span> <span class='ocrx_word' id='word_1_423' title='bbox 1194 3937 1378 3983; x_wconf 90' lang='lat' dir='ltr'><strong>nostro</strong></span> <span class='ocrx_word' id='word_1_424' title='bbox 1411 3928 1579 3998; x_wconf 78' lang='lat' dir='ltr'><strong>gloria</strong></span> <span class='ocrx_word' id='word_1_425' title='bbox 1602 3970 1618 3996; x_wconf 92' lang='lat'><strong>,</strong></span> <span class='ocrx_word' id='word_1_426' title='bbox 1647 3949 1790 3988; x_wconf 74' lang='lat' dir='ltr'><strong>nunc</strong></span> <span class='ocrx_word' id='word_1_427' title='bbox 1826 3945 1880 3991; x_wconf 77' lang='lat' dir='ltr'><strong>et</strong></span> <span class='ocrx_word' id='word_1_428' title='bbox 1909 3950 2057 3992; x_wconf 83' lang='lat' dir='ltr'><strong>sent-</strong></span> 
     </span>
    </p>
   </div>
   <div class='ocr_carea' id='block_1_59' title="bbox 480 4011 1596 4076">
    <p class='ocr_par' dir='ltr' id='par_1_59' title="bbox 480 4011 1596 4076">
     <span class='ocr_line' id='line_1_59' title="bbox 480 4011 1596 4076; baseline 0.012 -13"><span class='ocrx_word' id='word_1_429' title='bbox 480 4023 592 4076; x_wconf 88' lang='lat' dir='ltr'><strong>per,</strong></span> <span class='ocrx_word' id='word_1_430' title='bbox 628 4021 682 4066; x_wconf 93' lang='lat' dir='ltr'><strong>et</strong></span> <span class='ocrx_word' id='word_1_431' title='bbox 711 4011 763 4067; x_wconf 92' lang='lat' dir='ltr'><strong>in</strong></span> <span class='ocrx_word' id='word_1_432' title='bbox 799 4014 996 4068; x_wconf 65' lang='lat' dir='ltr'><strong>saecula</strong></span> <span class='ocrx_word' id='word_1_433' title='bbox 1027 4017 1372 4072; x_wconf 67' lang='lat' dir='ltr'><strong>smcnlorum.</strong></span> <span class='ocrx_word' id='word_1_434' title='bbox 1402 4023 1596 4076; x_wconf 83' lang='lat' dir='ltr'><strong>Amen.</strong></span> 
     </span>
    </p>
   </div>
   <div class='ocr_carea' id='block_1_60' title="bbox 631 4098 1339 4163">
    <p class='ocr_par' dir='ltr' id='par_1_60' title="bbox 631 4098 1339 4163">
     <span class='ocr_line' id='line_1_60' title="bbox 631 4098 1339 4163; baseline 0.007 -5"><span class='ocrx_word' id='word_1_435' title='bbox 631 4098 634 4100; x_wconf 33' lang='grc'>⁷</span> <span class='ocrx_word' id='word_1_436' title='bbox 869 4115 871 4118; x_wconf 69' lang='lat'><em>‘</em></span> <span class='ocrx_word' id='word_1_437' title='bbox 1211 4108 1339 4163; x_wconf 75' lang='lat' dir='ltr'><strong>XIII.</strong></span> 
     </span>
    </p>
   </div>
   <div class='ocr_carea' id='block_1_61' title="bbox 768 4197 1775 4275">
    <p class='ocr_par' dir='ltr' id='par_1_61' title="bbox 768 4197 1775 4275">
     <span class='ocr_line' id='line_1_61' title="bbox 768 4197 1775 4275; baseline 0.009 -26"><span class='ocrx_word' id='word_1_438' title='bbox 768 4197 1083 4251; x_wconf 79' lang='lat' dir='ltr'><strong>Adhortatio</strong></span> <span class='ocrx_word' id='word_1_439' title='bbox 1123 4201 1191 4254; x_wconf 84' lang='lat' dir='ltr'><strong>ad</strong></span> <span class='ocrx_word' id='word_1_440' title='bbox 1227 4204 1583 4268; x_wconf 72' lang='lat' dir='ltr'><strong>paenitentiam</strong></span> <span class='ocrx_word' id='word_1_441' title='bbox 1640 4204 1775 4275; x_wconf 79' lang='lat'><strong>(59).</strong></span> 
     </span>
    </p>
   </div>
   <div class='ocr_carea' id='block_1_62' title="bbox 553 4289 2056 4364">
    <p class='ocr_par' dir='ltr' id='par_1_62' title="bbox 553 4289 2056 4364">
     <span class='ocr_line' id='line_1_62' title="bbox 553 4289 2056 4364; baseline 0.007 -20"><span class='ocrx_word' id='word_1_442' title='bbox 553 4289 728 4344; x_wconf 84' lang='lat' dir='ltr'><strong>Homo</strong></span> <span class='ocrx_word' id='word_1_443' title='bbox 762 4289 1087 4355; x_wconf 69' lang='lat' dir='ltr'><strong>Phariszeus,</strong></span> <span class='ocrx_word' id='word_1_444' title='bbox 1121 4299 1177 4344; x_wconf 90' lang='lat' dir='ltr'><strong>ut</strong></span> <span class='ocrx_word' id='word_1_445' title='bbox 1207 4307 1270 4344; x_wconf 79' lang='lat' dir='ltr'><strong>ex</strong></span> <span class='ocrx_word' id='word_1_446' title='bbox 1305 4293 1594 4362; x_wconf 78' lang='lat' dir='ltr'><strong>Evangelia</strong></span> <span class='ocrx_word' id='word_1_447' title='bbox 1634 4294 1792 4351; x_wconf 78' lang='lat' dir='ltr'><strong>Luca:</strong></span> <span class='ocrx_word' id='word_1_448' title='bbox 1818 4299 1927 4364; x_wconf 88' lang='lat' dir='ltr'><strong>jam</strong></span> <span class='ocrx_word' id='word_1_449' title='bbox 1961 4313 2056 4354; x_wconf 83' lang='lat' dir='ltr'><strong>ac-</strong></span> 
     </span>
    </p>
   </div>
   <div class='ocr_carea' id='block_1_63' title="bbox 481 4377 2059 4449">
    <p class='ocr_par' dir='ltr' id='par_1_63' title="bbox 481 4377 2059 4449">
     <span class='ocr_line' id='line_1_63' title="bbox 481 4377 2059 4449; baseline 0.01 -24"><span class='ocrx_word' id='word_1_450' title='bbox 481 4381 720 4449; x_wconf 75' lang='lat' dir='ltr'><strong>cepimus</strong></span> <span class='ocrx_word' id='word_1_451' title='bbox 743 4379 790 4410; x_wconf 81' lang='grc'><strong>⁸⁸</strong></span> <span class='ocrx_word' id='word_1_452' title='bbox 811 4419 826 4444; x_wconf 92' lang='grc'><strong>,</strong></span> <span class='ocrx_word' id='word_1_453' title='bbox 853 4377 1131 4432; x_wconf 85' lang='lat' dir='ltr'><strong>Dominum</strong></span> <span class='ocrx_word' id='word_1_454' title='bbox 1158 4381 1222 4432; x_wconf 87' lang='lat' dir='ltr'><strong>ad</strong></span> <span class='ocrx_word' id='word_1_455' title='bbox 1243 4382 1546 4436; x_wconf 86' lang='lat' dir='ltr'><strong>convivium</strong></span> <span class='ocrx_word' id='word_1_456' title='bbox 1575 4384 1786 4449; x_wconf 83' lang='lat' dir='ltr'><strong>invitat,</strong></span> <span class='ocrx_word' id='word_1_457' title='bbox 1811 4388 2059 4442; x_wconf 84' lang='lat' dir='ltr'><strong>domum-</strong></span> 
     </span>
    </p>
   </div>
   <div class='ocr_carea' id='block_1_64' title="bbox 2154 1906 3755 1984">
    <p class='ocr_par' dir='ltr' id='par_1_64' title="bbox 2154 1906 3755 1984">
     <span class='ocr_line' id='line_1_64' title="bbox 2154 1906 3755 1984; baseline -0.006 -16"><span class='ocrx_word' id='word_1_458' title='bbox 2154 1932 2227 1968; x_wconf 86' lang='grc' dir='ltr'><strong>τα</strong></span> <span class='ocrx_word' id='word_1_459' title='bbox 2263 1913 2498 1984; x_wconf 77' lang='grc' dir='ltr'>μεγάλα</span> <span class='ocrx_word' id='word_1_460' title='bbox 2546 1914 2616 1966; x_wconf 83' lang='grc' dir='ltr'>ἐν</span> <span class='ocrx_word' id='word_1_461' title='bbox 2660 1911 2738 1979; x_wconf 86' lang='grc' dir='ltr'>τῷ</span> <span class='ocrx_word' id='word_1_462' title='bbox 2765 1911 2910 1977; x_wconf 78' lang='grc' dir='ltr'>λαῷ.</span> <span class='ocrx_word' id='word_1_463' title='bbox 2957 1911 3332 1980; x_wconf 76' lang='grc' dir='ltr'><strong>Ἀνέστησαν</strong></span> <span class='ocrx_word' id='word_1_464' title='bbox 3364 1908 3432 1961; x_wconf 82' lang='grc' dir='ltr'>δέ</span> <span class='ocrx_word' id='word_1_465' title='bbox 3471 1924 3640 1973; x_wconf 81' lang='grc' dir='ltr'>τινες</span> <span class='ocrx_word' id='word_1_466' title='bbox 3675 1906 3755 1959; x_wconf 69' lang='grc' dir='ltr'><strong><em>ἐκ</em></strong></span> 
     </span>
    </p>
   </div>
   <div class='ocr_carea' id='block_1_65' title="bbox 2155 1996 3754 2074">
    <p class='ocr_par' dir='ltr' id='par_1_65' title="bbox 2155 1996 3754 2074">
     <span class='ocr_line' id='line_1_65' title="bbox 2155 1996 3754 2074; baseline -0.009 -14"><span class='ocrx_word' id='word_1_467' title='bbox 2155 2004 2263 2073; x_wconf 83' lang='grc' dir='ltr'>τῆς</span> <span class='ocrx_word' id='word_1_468' title='bbox 2294 2002 2652 2074; x_wconf 75' lang='grc' dir='ltr'>συναγωγῆς</span> <span class='ocrx_word' id='word_1_469' title='bbox 2703 2001 2811 2070; x_wconf 82' lang='grc' dir='ltr'>τῆς</span> <span class='ocrx_word' id='word_1_470' title='bbox 2843 2000 3174 2072; x_wconf 76' lang='grc' dir='ltr'>λεγομένης</span> <span class='ocrx_word' id='word_1_471' title='bbox 3221 1997 3599 2065; x_wconf 76' lang='grc' dir='ltr'>Λιϐερτίνων.</span> <span class='ocrx_word' id='word_1_472' title='bbox 3637 1996 3754 2047; x_wconf 75' lang='grc' dir='ltr'><strong>καὶ</strong></span> 
     </span>
    </p>
   </div>
   <div class='ocr_carea' id='block_1_66' title="bbox 2152 2085 3755 2165">
    <p class='ocr_par' dir='ltr' id='par_1_66' title="bbox 2152 2085 3755 2165">
     <span class='ocr_line' id='line_1_66' title="bbox 2152 2085 3755 2165; baseline -0.009 -15"><span class='ocrx_word' id='word_1_473' title='bbox 2152 2097 2521 2165; x_wconf 80' lang='grc' dir='ltr'><strong>Κυρηναίων,</strong></span> <span class='ocrx_word' id='word_1_474' title='bbox 2557 2092 2653 2147; x_wconf 79' lang='grc' dir='ltr'><strong>καὶ</strong></span> <span class='ocrx_word' id='word_1_475' title='bbox 2691 2090 3145 2160; x_wconf 75' lang='grc' dir='ltr'><strong>Ἀλεξανδρέων,</strong></span> <span class='ocrx_word' id='word_1_476' title='bbox 3182 2088 3282 2142; x_wconf 80' lang='grc' dir='ltr'><strong>καὶ</strong></span> <span class='ocrx_word' id='word_1_477' title='bbox 3326 2085 3446 2140; x_wconf 76' lang='grc' dir='ltr'><strong>τῶν</strong></span> <span class='ocrx_word' id='word_1_478' title='bbox 3487 2085 3610 2140; x_wconf 80' lang='grc' dir='ltr'>ἀπὸ</span> <span class='ocrx_word' id='word_1_479' title='bbox 3640 2088 3755 2138; x_wconf 77' lang='grc' dir='ltr'><strong>Κι-</strong></span> 
     </span>
    </p>
   </div>
   <div class='ocr_carea' id='block_1_67' title="bbox 2151 2177 3752 2256">
    <p class='ocr_par' dir='ltr' id='par_1_67' title="bbox 2151 2177 3752 2256">
     <span class='ocr_line' id='line_1_67' title="bbox 2151 2177 3752 2256; baseline -0.009 -12"><span class='ocrx_word' id='word_1_480' title='bbox 2151 2190 2370 2256; x_wconf 72' lang='grc' dir='ltr'>λικίας,</span> <span class='ocrx_word' id='word_1_481' title='bbox 2398 2189 2495 2241; x_wconf 81' lang='grc' dir='ltr'>καί</span> <span class='ocrx_word' id='word_1_482' title='bbox 2531 2185 2755 2250; x_wconf 85' lang='grc' dir='ltr'>Ἀσίας.</span> <span class='ocrx_word' id='word_1_483' title='bbox 2777 2180 3174 2251; x_wconf 69' lang='grc' dir='ltr'>συζὴτοῦντες</span> <span class='ocrx_word' id='word_1_484' title='bbox 3197 2178 3279 2246; x_wconf 83' lang='grc' dir='ltr'>τῷ</span> <span class='ocrx_word' id='word_1_485' title='bbox 3294 2177 3603 2248; x_wconf 67' lang='grc' dir='ltr'><strong>Στεφάνῳ·</strong></span> <span class='ocrx_word' id='word_1_486' title='bbox 3636 2177 3752 2230; x_wconf 75' lang='grc' dir='ltr'><strong>καὶ</strong></span> 
     </span>
    </p>
   </div>
   <div class='ocr_carea' id='block_1_68' title="bbox 2153 2268 3754 2349">
    <p class='ocr_par' dir='ltr' id='par_1_68' title="bbox 2153 2268 3754 2349">
     <span class='ocr_line' id='line_1_68' title="bbox 2153 2268 3754 2349; baseline -0.009 -15"><span class='ocrx_word' id='word_1_487' title='bbox 2153 2282 2264 2334; x_wconf 82' lang='grc' dir='ltr'><strong>οὐκ</strong></span> <span class='ocrx_word' id='word_1_488' title='bbox 2294 2279 2516 2349; x_wconf 78' lang='grc' dir='ltr'>ἴσχυον</span> <span class='ocrx_word' id='word_1_489' title='bbox 2539 2273 2891 2343; x_wconf 81' lang='grc' dir='ltr'>ἀντιστῆναι</span> <span class='ocrx_word' id='word_1_490' title='bbox 2917 2272 2989 2342; x_wconf 80' lang='grc' dir='ltr'>τῇ</span> <span class='ocrx_word' id='word_1_491' title='bbox 3018 2273 3203 2342; x_wconf 70' lang='grc' dir='ltr'>σοφίᾳ</span> <span class='ocrx_word' id='word_1_492' title='bbox 3229 2271 3324 2324; x_wconf 75' lang='grc' dir='ltr'><strong>καὶ</strong></span> <span class='ocrx_word' id='word_1_493' title='bbox 3355 2268 3436 2336; x_wconf 84' lang='grc' dir='ltr'>τῷ</span> <span class='ocrx_word' id='word_1_494' title='bbox 3464 2269 3754 2338; x_wconf 65' lang='grc' dir='ltr'>Πνεῦμα-</span> 
     </span>
    </p>
   </div>
   <div class='ocr_carea' id='block_1_69' title="bbox 2153 2359 3752 2436">
    <p class='ocr_par' dir='ltr' id='par_1_69' title="bbox 2153 2359 3752 2436">
     <span class='ocr_line' id='line_1_69' title="bbox 2153 2359 3752 2436; baseline -0.01 -11"><span class='ocrx_word' id='word_1_495' title='bbox 2153 2386 2228 2434; x_wconf 74' lang='grc' dir='ltr'><strong>τι,</strong></span> <span class='ocrx_word' id='word_1_496' title='bbox 2262 2363 2311 2436; x_wconf 87' lang='grc' dir='ltr'>ᾦ</span> <span class='ocrx_word' id='word_1_497' title='bbox 2340 2369 2564 2423; x_wconf 73' lang='grc' dir='ltr'>ἐλάλει.</span> <span class='ocrx_word' id='word_1_498' title='bbox 2609 2367 2737 2420; x_wconf 80' lang='grc' dir='ltr'>Ἰδοὺ</span> <span class='ocrx_word' id='word_1_499' title='bbox 2787 2364 2984 2426; x_wconf 84' lang='grc' dir='ltr'>τοίνυν.</span> <span class='ocrx_word' id='word_1_500' title='bbox 3039 2363 3132 2418; x_wconf 77' lang='grc' dir='ltr'><strong>καὶ</strong></span> <span class='ocrx_word' id='word_1_501' title='bbox 3178 2364 3239 2416; x_wconf 82' lang='grc' dir='ltr'>τὸ</span> <span class='ocrx_word' id='word_1_502' title='bbox 3273 2360 3368 2414; x_wconf 89' lang='grc' dir='ltr'><strong>τοῦ</strong></span> <span class='ocrx_word' id='word_1_503' title='bbox 3415 2359 3752 2430; x_wconf 69' lang='grc' dir='ltr'>Πνεῦμα-ξος</span> 
     </span>
    </p>
   </div>
   <div class='ocr_carea' id='block_1_70' title="bbox 2154 2449 3753 2533">
    <p class='ocr_par' dir='ltr' id='par_1_70' title="bbox 2154 2449 3753 2533">
     <span class='ocr_line' id='line_1_70' title="bbox 2154 2449 3753 2533; baseline -0.009 -18"><span class='ocrx_word' id='word_1_504' title='bbox 2154 2463 2282 2532; x_wconf 81' lang='grc' dir='ltr'>ἡμῖν</span> <span class='ocrx_word' id='word_1_505' title='bbox 2322 2461 2620 2533; x_wconf 84' lang='grc' dir='ltr'>πρόσωπον</span> <span class='ocrx_word' id='word_1_506' title='bbox 2666 2456 2930 2529; x_wconf 77' lang='grc' dir='ltr'>εὐκρινῶς</span> <span class='ocrx_word' id='word_1_507' title='bbox 2978 2455 3188 2524; x_wconf 84' lang='grc' dir='ltr'>ὁλόγος</span> <span class='ocrx_word' id='word_1_508' title='bbox 3231 2453 3557 2523; x_wconf 79' lang='grc' dir='ltr'>ὑπέστησεν.</span> <span class='ocrx_word' id='word_1_509' title='bbox 3591 2451 3664 2502; x_wconf 84' lang='grc' dir='ltr'><strong>Εἰ</strong></span> <span class='ocrx_word' id='word_1_510' title='bbox 3689 2449 3753 2503; x_wconf 81' lang='grc' dir='ltr'>δὲ</span> 
     </span>
    </p>
   </div>
   <div class='ocr_carea' id='block_1_71' title="bbox 2153 2539 3753 2623">
    <p class='ocr_par' dir='ltr' id='par_1_71' title="bbox 2153 2539 3753 2623">
     <span class='ocr_line' id='line_1_71' title="bbox 2153 2539 3753 2623; baseline -0.008 -18"><span class='ocrx_word' id='word_1_511' title='bbox 2153 2551 2309 2605; x_wconf 87' lang='grc' dir='ltr'>τοῦτο</span> <span class='ocrx_word' id='word_1_512' title='bbox 2354 2553 2615 2623; x_wconf 86' lang='grc' dir='ltr'>πρότερον</span> <span class='ocrx_word' id='word_1_513' title='bbox 2656 2549 2987 2620; x_wconf 82' lang='grc' dir='ltr'>γέγραπται,</span> <span class='ocrx_word' id='word_1_514' title='bbox 3011 2546 3340 2600; x_wconf 64' lang='grc' dir='ltr'>τελευταῖον</span> <span class='ocrx_word' id='word_1_515' title='bbox 3375 2543 3432 2596; x_wconf 82' lang='grc' dir='ltr'>δὲ</span> <span class='ocrx_word' id='word_1_516' title='bbox 3469 2543 3497 2596; x_wconf 80' lang='grc' dir='ltr'>ὁ</span> <span class='ocrx_word' id='word_1_517' title='bbox 3541 2539 3753 2612; x_wconf 78' lang='grc' dir='ltr'>Πατὴρ</span> 
     </span>
    </p>
   </div>
   <div class='ocr_carea' id='block_1_72' title="bbox 2154 2634 3751 2713">
    <p class='ocr_par' dir='ltr' id='par_1_72' title="bbox 2154 2634 3751 2713">
     <span class='ocr_line' id='line_1_72' title="bbox 2154 2634 3751 2713; baseline -0.009 -14"><span class='ocrx_word' id='word_1_518' title='bbox 2154 2645 2249 2700; x_wconf 70' lang='grc' dir='ltr'><strong>καὶ</strong></span> <span class='ocrx_word' id='word_1_519' title='bbox 2279 2647 2309 2698; x_wconf 77' lang='grc' dir='ltr'><strong>ὁ</strong></span> <span class='ocrx_word' id='word_1_520' title='bbox 2334 2645 2480 2710; x_wconf 82' lang='grc' dir='ltr'>Υἱὸς,</span> <span class='ocrx_word' id='word_1_521' title='bbox 2515 2644 2667 2696; x_wconf 78' lang='grc' dir='ltr'>οὐδὲν</span> <span class='ocrx_word' id='word_1_522' title='bbox 2696 2645 2728 2713; x_wconf 83' lang='grc' dir='ltr'>ὴ</span> <span class='ocrx_word' id='word_1_523' title='bbox 2755 2643 2853 2712; x_wconf 78' lang='grc' dir='ltr'>τῆς</span> <span class='ocrx_word' id='word_1_524' title='bbox 2881 2641 3086 2705; x_wconf 82' lang='grc' dir='ltr'>τάξεως</span> <span class='ocrx_word' id='word_1_525' title='bbox 3123 2636 3408 2706; x_wconf 75' lang='grc' dir='ltr'>ἀπαλλαγὴ</span> <span class='ocrx_word' id='word_1_526' title='bbox 3454 2637 3520 2704; x_wconf 82' lang='grc' dir='ltr'>τῇ</span> <span class='ocrx_word' id='word_1_527' title='bbox 3550 2634 3751 2686; x_wconf 80' lang='grc' dir='ltr'>πίστει</span> 
     </span>
    </p>
   </div>
   <div class='ocr_carea' id='block_1_73' title="bbox 2153 2727 3746 2808">
    <p class='ocr_par' dir='ltr' id='par_1_73' title="bbox 2153 2727 3746 2808">
     <span class='ocr_line' id='line_1_73' title="bbox 2153 2727 3746 2808; baseline -0.008 -17"><span class='ocrx_word' id='word_1_528' title='bbox 2153 2737 2488 2808; x_wconf 86' lang='grc' dir='ltr'>λυμαίνεται.</span> <span class='ocrx_word' id='word_1_529' title='bbox 2546 2734 2778 2804; x_wconf 80' lang='grc' dir='ltr'>Σύνηθες</span> <span class='ocrx_word' id='word_1_530' title='bbox 2826 2734 2935 2805; x_wconf 77' lang='grc' dir='ltr'><strong>γὰρ</strong></span> <span class='ocrx_word' id='word_1_531' title='bbox 2983 2732 3141 2787; x_wconf 89' lang='grc' dir='ltr'>τοῦτο</span> <span class='ocrx_word' id='word_1_532' title='bbox 3189 2731 3361 2782; x_wconf 82' lang='grc' dir='ltr'>ποιεῖν</span> <span class='ocrx_word' id='word_1_533' title='bbox 3412 2730 3478 2798; x_wconf 74' lang='grc' dir='ltr'>τῇ</span> <span class='ocrx_word' id='word_1_534' title='bbox 3513 2727 3746 2798; x_wconf 73' lang='grc' dir='ltr'>Γραφῇ·</span> 
     </span>
    </p>
   </div>
   <div class='ocr_carea' id='block_1_74' title="bbox 2155 2817 3752 2899">
    <p class='ocr_par' dir='ltr' id='par_1_74' title="bbox 2155 2817 3752 2899">
     <span class='ocr_line' id='line_1_74' title="bbox 2155 2817 3752 2899; baseline -0.008 -17"><span class='ocrx_word' id='word_1_535' title='bbox 2155 2831 2249 2883; x_wconf 77' lang='grc' dir='ltr'><strong>καὶ</strong></span> <span class='ocrx_word' id='word_1_536' title='bbox 2284 2828 2413 2881; x_wconf 81' lang='grc' dir='ltr'>ποτὲ</span> <span class='ocrx_word' id='word_1_537' title='bbox 2451 2827 2545 2899; x_wconf 81' lang='grc' dir='ltr'><strong>μὲν</strong></span> <span class='ocrx_word' id='word_1_538' title='bbox 2579 2825 2865 2897; x_wconf 80' lang='grc' dir='ltr'>ὀνομάζειν</span> <span class='ocrx_word' id='word_1_539' title='bbox 2901 2826 2990 2878; x_wconf 82' lang='grc' dir='ltr'><strong>τὸν</strong></span> <span class='ocrx_word' id='word_1_540' title='bbox 3030 2823 3157 2876; x_wconf 83' lang='grc' dir='ltr'>Υίὸν</span> <span class='ocrx_word' id='word_1_541' title='bbox 3201 2821 3377 2892; x_wconf 82' lang='grc' dir='ltr'>μόνον’</span> <span class='ocrx_word' id='word_1_542' title='bbox 3411 2817 3540 2871; x_wconf 79' lang='grc' dir='ltr'>ποτὲ</span> <span class='ocrx_word' id='word_1_543' title='bbox 3579 2818 3644 2870; x_wconf 79' lang='grc' dir='ltr'>δὲ</span> <span class='ocrx_word' id='word_1_544' title='bbox 3685 2819 3752 2870; x_wconf 81' lang='grc' dir='ltr'><strong>τὸ</strong></span> 
     </span>
    </p>
   </div>
   <div class='ocr_carea' id='block_1_75' title="bbox 2155 2909 3749 2990">
    <p class='ocr_par' dir='ltr' id='par_1_75' title="bbox 2155 2909 3749 2990">
     <span class='ocr_line' id='line_1_75' title="bbox 2155 2909 3749 2990; baseline -0.009 -17"><span class='ocrx_word' id='word_1_545' title='bbox 2155 2919 2378 2990; x_wconf 86' lang='grc' dir='ltr'>Πνεῦμα</span> <span class='ocrx_word' id='word_1_546' title='bbox 2406 2920 2502 2972; x_wconf 72' lang='grc' dir='ltr'><strong>σὺν</strong></span> <span class='ocrx_word' id='word_1_547' title='bbox 2531 2917 2608 2988; x_wconf 83' lang='grc' dir='ltr'><strong>τῷ</strong></span> <span class='ocrx_word' id='word_1_548' title='bbox 2636 2917 2769 2988; x_wconf 81' lang='grc' dir='ltr'>Υίῷ·</span> <span class='ocrx_word' id='word_1_549' title='bbox 2805 2918 2899 2972; x_wconf 70' lang='grc' dir='ltr'>καὶ</span> <span class='ocrx_word' id='word_1_550' title='bbox 2925 2916 3114 2970; x_wconf 76' lang='grc' dir='ltr'>ἄλλοτε</span> <span class='ocrx_word' id='word_1_551' title='bbox 3141 2912 3196 2966; x_wconf 77' lang='grc' dir='ltr'>δὲ</span> <span class='ocrx_word' id='word_1_552' title='bbox 3229 2910 3488 2983; x_wconf 81' lang='grc' dir='ltr'>ἄρχεσθαι</span> <span class='ocrx_word' id='word_1_553' title='bbox 3526 2909 3630 2980; x_wconf 87' lang='grc' dir='ltr'><strong>μὲν</strong></span> <span class='ocrx_word' id='word_1_554' title='bbox 3681 2910 3749 2961; x_wconf 77' lang='grc' dir='ltr'><strong>ἐκ</strong></span> 
     </span>
    </p>
   </div>
   <div class='ocr_carea' id='block_1_76' title="bbox 2153 2997 3749 3078">
    <p class='ocr_par' dir='ltr' id='par_1_76' title="bbox 2153 2997 3749 3078">
     <span class='ocr_line' id='line_1_76' title="bbox 2153 2997 3749 3078; baseline -0.007 -18"><span class='ocrx_word' id='word_1_555' title='bbox 2153 3007 2248 3061; x_wconf 86' lang='grc' dir='ltr'><strong>τοῦ</strong></span> <span class='ocrx_word' id='word_1_556' title='bbox 2277 3007 2509 3078; x_wconf 79' lang='grc' dir='ltr'>Πατρὸς,</span> <span class='ocrx_word' id='word_1_557' title='bbox 2539 3005 2868 3076; x_wconf 86' lang='grc' dir='ltr'>καταλήγειν</span> <span class='ocrx_word' id='word_1_558' title='bbox 2918 3004 2974 3064; x_wconf 82' lang='grc' dir='ltr'>δὲ</span> <span class='ocrx_word' id='word_1_559' title='bbox 3019 3005 3098 3067; x_wconf 84' lang='grc' dir='ltr'><strong>είς</strong></span> <span class='ocrx_word' id='word_1_560' title='bbox 3146 3002 3206 3055; x_wconf 79' lang='grc' dir='ltr'>τὸ</span> <span class='ocrx_word' id='word_1_561' title='bbox 3247 2997 3491 3070; x_wconf 86' lang='grc' dir='ltr'>Πνεῦμα·</span> <span class='ocrx_word' id='word_1_562' title='bbox 3537 2999 3640 3050; x_wconf 78' lang='grc' dir='ltr'>καὶ</span> <span class='ocrx_word' id='word_1_563' title='bbox 3681 2997 3749 3050; x_wconf 77' lang='grc' dir='ltr'><strong>τὸ</strong></span> 
     </span>
    </p>
   </div>
   <div class='ocr_carea' id='block_1_77' title="bbox 2156 3088 3744 3168">
    <p class='ocr_par' dir='ltr' id='par_1_77' title="bbox 2156 3088 3744 3168">
     <span class='ocr_line' id='line_1_77' title="bbox 2156 3088 3744 3168; baseline -0.009 -14"><span class='ocrx_word' id='word_1_564' title='bbox 2156 3099 2444 3160; x_wconf 79' lang='grc' dir='ltr'>ἀνάπαλιν,</span> <span class='ocrx_word' id='word_1_565' title='bbox 2481 3097 2582 3167; x_wconf 81' lang='grc' dir='ltr'><strong>τῆς</strong></span> <span class='ocrx_word' id='word_1_566' title='bbox 2621 3097 2797 3168; x_wconf 78' lang='grc' dir='ltr'>ἀρχῆς</span> <span class='ocrx_word' id='word_1_567' title='bbox 2840 3097 2904 3150; x_wconf 80' lang='grc' dir='ltr'>ὲκ</span> <span class='ocrx_word' id='word_1_568' title='bbox 2941 3094 3032 3148; x_wconf 89' lang='grc' dir='ltr'><strong>τοῦ</strong></span> <span class='ocrx_word' id='word_1_569' title='bbox 3068 3091 3380 3160; x_wconf 73' lang='grc' dir='ltr'>Πνεῦματος</span> <span class='ocrx_word' id='word_1_570' title='bbox 3413 3088 3744 3159; x_wconf 76' lang='grc' dir='ltr'>γενομένης,</span> 
     </span>
    </p>
   </div>
   <div class='ocr_carea' id='block_1_78' title="bbox 2155 3165 3747 3261">
    <p class='ocr_par' dir='ltr' id='par_1_78' title="bbox 2155 3165 3747 3261">
     <span class='ocr_line' id='line_1_78' title="bbox 2155 3165 3747 3261; baseline -0.009 -16"><span class='ocrx_word' id='word_1_571' title='bbox 2155 3192 2242 3246; x_wconf 72' lang='grc' dir='ltr'>διὰ</span> <span class='ocrx_word' id='word_1_572' title='bbox 2269 3190 2361 3244; x_wconf 87' lang='grc' dir='ltr'><strong>τοῦ</strong></span> <span class='ocrx_word' id='word_1_573' title='bbox 2392 3165 2638 3261; x_wconf 59' lang='grc' dir='ltr'>Υιοοτῷ</span> <span class='ocrx_word' id='word_1_574' title='bbox 2666 3165 2818 3258; x_wconf 36' lang='lat' dir='ltr'><strong>iiii;</strong></span> <span class='ocrx_word' id='word_1_575' title='bbox 2860 3187 2954 3240; x_wconf 77' lang='grc' dir='ltr'>ἐπὶ</span> <span class='ocrx_word' id='word_1_576' title='bbox 2989 3187 3080 3240; x_wconf 79' lang='grc' dir='ltr'>τὸν</span> <span class='ocrx_word' id='word_1_577' title='bbox 3123 3183 3340 3254; x_wconf 80' lang='grc' dir='ltr'><strong>Πατέρα</strong></span> <span class='ocrx_word' id='word_1_578' title='bbox 3366 3181 3591 3234; x_wconf 80' lang='grc' dir='ltr'>ὁδεύειν·</span> <span class='ocrx_word' id='word_1_579' title='bbox 3645 3180 3747 3233; x_wconf 69' lang='grc' dir='ltr'><strong>καὶ</strong></span> 
     </span>
    </p>
   </div>
   <div class='ocr_carea' id='block_1_79' title="bbox 2150 3273 3746 3351">
    <p class='ocr_par' dir='ltr' id='par_1_79' title="bbox 2150 3273 3746 3351">
     <span class='ocr_line' id='line_1_79' title="bbox 2150 3273 3746 3351; baseline -0.007 -16"><span class='ocrx_word' id='word_1_580' title='bbox 2150 3280 2307 3336; x_wconf 88' lang='grc' dir='ltr'>τοῦτο</span> <span class='ocrx_word' id='word_1_581' title='bbox 2360 3281 2420 3334; x_wconf 84' lang='grc' dir='ltr'><strong>τὸ</strong></span> <span class='ocrx_word' id='word_1_582' title='bbox 2473 3281 2573 3351; x_wconf 83' lang='grc' dir='ltr'>τῆς</span> <span class='ocrx_word' id='word_1_583' title='bbox 2616 3279 2901 3350; x_wconf 81' lang='grc' dir='ltr'>συνηθείας</span> <span class='ocrx_word' id='word_1_584' title='bbox 2943 3279 3138 3348; x_wconf 73' lang='grc' dir='ltr'>ἰδίωμα</span> <span class='ocrx_word' id='word_1_585' title='bbox 3201 3275 3429 3348; x_wconf 80' lang='grc' dir='ltr'>μάλιστα</span> <span class='ocrx_word' id='word_1_586' title='bbox 3470 3273 3623 3344; x_wconf 82' lang='grc' dir='ltr'><strong>παρά</strong></span> <span class='ocrx_word' id='word_1_587' title='bbox 3662 3273 3746 3344; x_wconf 82' lang='grc' dir='ltr'>τῷ</span> 
     </span>
    </p>
   </div>
   <div class='ocr_carea' id='block_1_80' title="bbox 2155 3363 3745 3444">
    <p class='ocr_par' dir='ltr' id='par_1_80' title="bbox 2155 3363 3745 3444">
     <span class='ocr_line' id='line_1_80' title="bbox 2155 3363 3745 3444; baseline -0.007 -18"><span class='ocrx_word' id='word_1_588' title='bbox 2155 3372 2373 3444; x_wconf 78' lang='grc' dir='ltr'>μεγάλῳ</span> <span class='ocrx_word' id='word_1_589' title='bbox 2417 3371 2615 3441; x_wconf 80' lang='grc' dir='ltr'>Παύλῳ</span> <span class='ocrx_word' id='word_1_590' title='bbox 2658 3369 3138 3441; x_wconf 77' lang='grc' dir='ltr'>ὰπαραιρυλάκτως</span> <span class='ocrx_word' id='word_1_591' title='bbox 3168 3364 3548 3437; x_wconf 76' lang='grc' dir='ltr'>συν-τηρεῖσθαι</span> <span class='ocrx_word' id='word_1_592' title='bbox 3590 3363 3745 3432; x_wconf 74' lang='grc' dir='ltr'>γινόο</span> 
     </span>
    </p>
   </div>
   <div class='ocr_carea' id='block_1_81' title="bbox 2155 3455 3744 3536">
    <p class='ocr_par' dir='ltr' id='par_1_81' title="bbox 2155 3455 3744 3536">
     <span class='ocr_line' id='line_1_81' title="bbox 2155 3455 3744 3536; baseline -0.008 -19"><span class='ocrx_word' id='word_1_593' title='bbox 2155 3483 2314 3536; x_wconf 88' lang='grc' dir='ltr'>μενον</span> <span class='ocrx_word' id='word_1_594' title='bbox 2341 3464 2485 3517; x_wconf 79' lang='grc' dir='ltr'>ἔστιν</span> <span class='ocrx_word' id='word_1_595' title='bbox 2514 3463 2659 3520; x_wconf 88' lang='grc' dir='ltr'>ίδεῖν.</span> <span class='ocrx_word' id='word_1_596' title='bbox 2686 3461 3046 3532; x_wconf 84' lang='grc' dir='ltr'>Πεπλήρωται</span> <span class='ocrx_word' id='word_1_597' title='bbox 3090 3460 3145 3514; x_wconf 84' lang='grc' dir='ltr'>δὲ</span> <span class='ocrx_word' id='word_1_598' title='bbox 3178 3460 3308 3529; x_wconf 82' lang='grc' dir='ltr'>παρ’</span> <span class='ocrx_word' id='word_1_599' title='bbox 3353 3457 3485 3526; x_wconf 82' lang='grc' dir='ltr'>ἡμῖν</span> <span class='ocrx_word' id='word_1_600' title='bbox 3533 3456 3628 3508; x_wconf 67' lang='grc' dir='ltr'>καὶ</span> <span class='ocrx_word' id='word_1_601' title='bbox 3661 3455 3744 3526; x_wconf 80' lang='grc' dir='ltr'><strong>τῷ</strong></span> 
     </span>
    </p>
   </div>
   <div class='ocr_carea' id='block_1_82' title="bbox 2153 3547 3739 3630">
    <p class='ocr_par' dir='ltr' id='par_1_82' title="bbox 2153 3547 3739 3630">
     <span class='ocr_line' id='line_1_82' title="bbox 2153 3547 3739 3630; baseline 0 -19"><span class='ocrx_word' id='word_1_602' title='bbox 2153 3557 2409 3628; x_wconf 81' lang='grc' dir='ltr'><strong>Στεφάνῳ</strong></span> <span class='ocrx_word' id='word_1_603' title='bbox 2435 3557 2494 3609; x_wconf 85' lang='grc' dir='ltr'><strong>τὸ</strong></span> <span class='ocrx_word' id='word_1_604' title='bbox 2515 3555 2691 3630; x_wconf 67' lang='grc' dir='ltr'>χρέος</span> <span class='ocrx_word' id='word_1_605' title='bbox 2711 3556 2758 3608; x_wconf 87' lang='grc' dir='ltr'><strong>εί</strong></span> <span class='ocrx_word' id='word_1_606' title='bbox 2786 3555 2883 3625; x_wconf 81' lang='grc' dir='ltr'><strong>μὲν</strong></span> <span class='ocrx_word' id='word_1_607' title='bbox 2909 3554 3042 3625; x_wconf 68' lang='grc' dir='ltr'>προς</span> <span class='ocrx_word' id='word_1_608' title='bbox 3066 3553 3124 3606; x_wconf 85' lang='grc' dir='ltr'><strong>τὸ</strong></span> <span class='ocrx_word' id='word_1_609' title='bbox 3145 3550 3369 3622; x_wconf 79' lang='grc' dir='ltr'>μέγεοος</span> <span class='ocrx_word' id='word_1_610' title='bbox 3394 3547 3605 3616; x_wconf 79' lang='grc' dir='ltr'>βλέπων</span> <span class='ocrx_word' id='word_1_611' title='bbox 3628 3565 3739 3610; x_wconf 70' lang='grc' dir='ltr'><strong>τις,</strong></span> 
     </span>
    </p>
   </div>
   <div class='ocr_carea' id='block_1_83' title="bbox 2152 3637 3740 3719">
    <p class='ocr_par' dir='ltr' id='par_1_83' title="bbox 2152 3637 3740 3719">
     <span class='ocr_line' id='line_1_83' title="bbox 2152 3637 3740 3719; baseline -0.009 -18"><span class='ocrx_word' id='word_1_612' title='bbox 2152 3649 2251 3719; x_wconf 81' lang='grc' dir='ltr'><strong>οὐχ</strong></span> <span class='ocrx_word' id='word_1_613' title='bbox 2289 3647 2506 3711; x_wconf 80' lang='grc' dir='ltr'>ἱκανῶς·</span> <span class='ocrx_word' id='word_1_614' title='bbox 2540 3649 2588 3700; x_wconf 86' lang='grc' dir='ltr'>εἰ</span> <span class='ocrx_word' id='word_1_615' title='bbox 2619 3647 2674 3700; x_wconf 82' lang='grc' dir='ltr'><strong>δὲ</strong></span> <span class='ocrx_word' id='word_1_616' title='bbox 2709 3647 2842 3714; x_wconf 78' lang='grc' dir='ltr'>πρὸς</span> <span class='ocrx_word' id='word_1_617' title='bbox 2883 3645 2975 3698; x_wconf 82' lang='grc' dir='ltr'><strong>τοῦ</strong></span> <span class='ocrx_word' id='word_1_618' title='bbox 3003 3644 3250 3712; x_wconf 78' lang='grc' dir='ltr'>λέγοντος</span> <span class='ocrx_word' id='word_1_619' title='bbox 3289 3640 3542 3708; x_wconf 76' lang='grc' dir='ltr'>δύναμιν,</span> <span class='ocrx_word' id='word_1_620' title='bbox 3589 3637 3740 3690; x_wconf 70' lang='grc' dir='ltr'><strong>αότ-</strong></span> 
     </span>
    </p>
   </div>
   <div class='ocr_carea' id='block_1_84' title="bbox 2155 3728 3738 3811">
    <p class='ocr_par' dir='ltr' id='par_1_84' title="bbox 2155 3728 3738 3811">
     <span class='ocr_line' id='line_1_84' title="bbox 2155 3728 3738 3811; baseline -0.009 -18"><span class='ocrx_word' id='word_1_621' title='bbox 2155 3741 2357 3811; x_wconf 88' lang='grc' dir='ltr'>ἀρκως·</span> <span class='ocrx_word' id='word_1_622' title='bbox 2383 3741 2464 3792; x_wconf 84' lang='grc' dir='ltr'>ὅτι</span> <span class='ocrx_word' id='word_1_623' title='bbox 2487 3738 2564 3810; x_wconf 82' lang='grc' dir='ltr'><strong>τῷ</strong></span> <span class='ocrx_word' id='word_1_624' title='bbox 2587 3737 2705 3808; x_wconf 83' lang='grc' dir='ltr'><strong>Θεῷ</strong></span> <span class='ocrx_word' id='word_1_625' title='bbox 2734 3736 2888 3808; x_wconf 82' lang='grc' dir='ltr'>ἡμῶν</span> <span class='ocrx_word' id='word_1_626' title='bbox 2913 3738 2945 3807; x_wconf 80' lang='grc' dir='ltr'>ἡ</span> <span class='ocrx_word' id='word_1_627' title='bbox 2972 3733 3116 3798; x_wconf 82' lang='grc' dir='ltr'>δόξα,</span> <span class='ocrx_word' id='word_1_628' title='bbox 3151 3733 3243 3786; x_wconf 91' lang='grc' dir='ltr'><strong>νῦν</strong></span> <span class='ocrx_word' id='word_1_629' title='bbox 3272 3731 3368 3785; x_wconf 76' lang='grc' dir='ltr'><strong>καὶ</strong></span> <span class='ocrx_word' id='word_1_630' title='bbox 3390 3729 3501 3796; x_wconf 75' lang='grc' dir='ltr'>ἀεὶ,</span> <span class='ocrx_word' id='word_1_631' title='bbox 3532 3728 3627 3780; x_wconf 79' lang='grc' dir='ltr'>καὶ</span> <span class='ocrx_word' id='word_1_632' title='bbox 3656 3731 3738 3792; x_wconf 85' lang='grc' dir='ltr'>εις</span> 
     </span>
    </p>
   </div>
   <div class='ocr_carea' id='block_1_85' title="bbox 2156 3825 3156 3896">
    <p class='ocr_par' dir='ltr' id='par_1_85' title="bbox 2156 3825 3156 3896">
     <span class='ocr_line' id='line_1_85' title="bbox 2156 3825 3156 3896; baseline -0.008 -12"><span class='ocrx_word' id='word_1_633' title='bbox 2156 3833 2281 3895; x_wconf 74' lang='grc' dir='ltr'>τοὺς</span> <span class='ocrx_word' id='word_1_634' title='bbox 2315 3830 2517 3895; x_wconf 81' lang='grc' dir='ltr'>αἰῶνας</span> <span class='ocrx_word' id='word_1_635' title='bbox 2548 3828 2656 3884; x_wconf 86' lang='grc' dir='ltr'><strong>τῶν</strong></span> <span class='ocrx_word' id='word_1_636' title='bbox 2689 3827 2920 3881; x_wconf 77' lang='grc' dir='ltr'>αἰώνων.</span> <span class='ocrx_word' id='word_1_637' title='bbox 2964 3825 3156 3896; x_wconf 79' lang='grc' dir='ltr'>Ἀμήν.</span> 
     </span>
    </p>
   </div>
   <div class='ocr_carea' id='block_1_86' title="bbox 2891 4136 2994 4190">
    <p class='ocr_par' dir='ltr' id='par_1_86' title="bbox 2891 4136 2994 4190">
     <span class='ocr_line' id='line_1_86' title="bbox 2891 4136 2994 4190; baseline 0 0"><span class='ocrx_word' id='word_1_638' title='bbox 2891 4136 2994 4190; x_wconf 78' lang='lat' dir='ltr'><strong>Il&quot;.</strong></span> 
     </span>
    </p>
   </div>
   <div class='ocr_carea' id='block_1_87' title="bbox 2462 4225 3419 4299">
    <p class='ocr_par' dir='ltr' id='par_1_87' title="bbox 2462 4225 3419 4299">
     <span class='ocr_line' id='line_1_87' title="bbox 2462 4225 3419 4299; baseline -0.008 -13"><span class='ocrx_word' id='word_1_639' title='bbox 2462 4229 2896 4299; x_wconf 77' lang='grc' dir='ltr'>Προτρεπτικὸς</span> <span class='ocrx_word' id='word_1_640' title='bbox 2928 4244 3058 4296; x_wconf 70' lang='grc' dir='ltr'>περ,</span> <span class='ocrx_word' id='word_1_641' title='bbox 3083 4225 3419 4298; x_wconf 82' lang='grc' dir='ltr'>μετανοίας.</span> 
     </span>
    </p>
   </div>
   <div class='ocr_carea' id='block_1_88' title="bbox 2239 4314 3734 4394">
    <p class='ocr_par' dir='ltr' id='par_1_88' title="bbox 2239 4314 3734 4394">
     <span class='ocr_line' id='line_1_88' title="bbox 2239 4314 3734 4394; baseline -0.007 -20"><span class='ocrx_word' id='word_1_642' title='bbox 2239 4322 2401 4393; x_wconf 80' lang='grc' dir='ltr'>Ἀνὴρ</span> <span class='ocrx_word' id='word_1_643' title='bbox 2425 4324 2730 4394; x_wconf 78' lang='grc' dir='ltr'>Φαρισαῖος,</span> <span class='ocrx_word' id='word_1_644' title='bbox 2751 4321 2826 4385; x_wconf 84' lang='grc' dir='ltr'>ὡς</span> <span class='ocrx_word' id='word_1_645' title='bbox 2853 4321 3054 4392; x_wconf 81' lang='grc' dir='ltr'>ἀρτίως</span> <span class='ocrx_word' id='word_1_646' title='bbox 3083 4318 3395 4389; x_wconf 80' lang='grc' dir='ltr'>ὴκούσαμεν</span> <span class='ocrx_word' id='word_1_647' title='bbox 3423 4314 3518 4367; x_wconf 87' lang='grc' dir='ltr'><strong>τοῦ</strong></span> <span class='ocrx_word' id='word_1_648' title='bbox 3549 4315 3734 4366; x_wconf 79' lang='grc' dir='ltr'>Λουκὶ</span> 
     </span>
    </p>
   </div>
   <div class='ocr_carea' id='block_1_89' title="bbox 2156 4404 3732 4480">
    <p class='ocr_par' dir='ltr' id='par_1_89' title="bbox 2156 4404 3732 4480">
     <span class='ocr_line' id='line_1_89' title="bbox 2156 4404 3732 4480; baseline -0.006 -18"><span class='ocrx_word' id='word_1_649' title='bbox 2156 4408 2432 4478; x_wconf 80' lang='grc' dir='ltr'>λέγοντος,</span> <span class='ocrx_word' id='word_1_650' title='bbox 2477 4411 2774 4480; x_wconf 73' lang='grc' dir='ltr'>προτρέπει</span> <span class='ocrx_word' id='word_1_651' title='bbox 2820 4409 2911 4462; x_wconf 71' lang='grc' dir='ltr'>τὸν</span> <span class='ocrx_word' id='word_1_652' title='bbox 2962 4407 3165 4479; x_wconf 75' lang='grc' dir='ltr'>Κύριον</span> <span class='ocrx_word' id='word_1_653' title='bbox 3211 4407 3290 4469; x_wconf 87' lang='grc' dir='ltr'><strong>είς</strong></span> <span class='ocrx_word' id='word_1_654' title='bbox 3335 4405 3601 4466; x_wconf 75' lang='grc' dir='ltr'>ἑστίασιν,</span> <span class='ocrx_word' id='word_1_655' title='bbox 3638 4404 3732 4454; x_wconf 77' lang='grc' dir='ltr'>καὶ</span> 
     </span>
    </p>
   </div>
   <div class='ocr_carea' id='block_1_90' title="bbox 479 4471 2052 4568">
    <p class='ocr_par' dir='ltr' id='par_1_90' title="bbox 479 4471 2048 4552">
     <span class='ocr_line' id='line_1_90' title="bbox 479 4471 2048 4552; baseline 0.007 -31"><span class='ocrx_word' id='word_1_656' title='bbox 479 4485 584 4537; x_wconf 88' lang='lat' dir='ltr'><strong>que</strong></span> <span class='ocrx_word' id='word_1_657' title='bbox 613 4471 778 4537; x_wconf 74' lang='lat' dir='ltr'><strong>ducit,</strong></span> <span class='ocrx_word' id='word_1_658' title='bbox 814 4478 869 4523; x_wconf 90' lang='lat' dir='ltr'><strong>ct</strong></span> <span class='ocrx_word' id='word_1_659' title='bbox 913 4486 1151 4524; x_wconf 88' lang='lat' dir='ltr'><strong>tnensam</strong></span> <span class='ocrx_word' id='word_1_660' title='bbox 1204 4486 1542 4528; x_wconf 87' lang='lat' dir='ltr'><strong>counnunem</strong></span> <span class='ocrx_word' id='word_1_661' title='bbox 1587 4478 1828 4552; x_wconf 85' lang='lat' dir='ltr'><strong>apponit.</strong></span> <span class='ocrx_word' id='word_1_662' title='bbox 1873 4479 2048 4533; x_wconf 85' lang='lat' dir='ltr'><strong>Domi-</strong></span> 
     </span>
    </p>
   </div>
   <div class='ocr_carea' id='block_1_91' title="bbox 2162 4471 3728 4568">
    <p class='ocr_par' dir='ltr' id='par_1_91' title="bbox 2162 4471 3728 4568">
     <span class='ocr_line' id='line_1_91' title="bbox 2162 4471 3728 4568; baseline -0.004 -18"><span class='ocrx_word' id='word_1_663' title='bbox 2162 4471 2468 4568; x_wconf 61' lang='lat' dir='ltr'><strong>t&#39;nuopotptov</strong></span> <span class='ocrx_word' id='word_1_664' title='bbox 2499 4471 2642 4566; x_wconf 66' lang='grc' dir='ltr'>ἀγει,</span> <span class='ocrx_word' id='word_1_665' title='bbox 2686 4498 2782 4551; x_wconf 76' lang='grc' dir='ltr'><strong>καὶ</strong></span> <span class='ocrx_word' id='word_1_666' title='bbox 2825 4497 3008 4568; x_wconf 80' lang='grc' dir='ltr'>κοινὴν</span> <span class='ocrx_word' id='word_1_667' title='bbox 3040 4471 3395 4566; x_wconf 79' lang='grc' dir='ltr'>παρατίθεται</span> <span class='ocrx_word' id='word_1_668' title='bbox 3434 4490 3728 4564; x_wconf 75' lang='grc' dir='ltr'>τράπεζαν.</span> 
     </span>
    </p>
   </div>
   <div class='ocr_carea' id='block_1_92' title="bbox 481 4563 2058 4637">
    <p class='ocr_par' dir='ltr' id='par_1_92' title="bbox 481 4563 2058 4637">
     <span class='ocr_line' id='line_1_92' title="bbox 481 4563 2058 4637; baseline 0.008 -22"><span class='ocrx_word' id='word_1_669' title='bbox 481 4574 787 4637; x_wconf 78' lang='lat' dir='ltr'><strong>misanth</strong></span> <span class='ocrx_word' id='word_1_670' title='bbox 845 4563 1098 4618; x_wconf 81' lang='lat' dir='ltr'><strong>invitatus</strong></span> <span class='ocrx_word' id='word_1_671' title='bbox 1158 4580 1260 4617; x_wconf 93' lang='lat' dir='ltr'><strong>non</strong></span> <span class='ocrx_word' id='word_1_672' title='bbox 1310 4577 1564 4635; x_wconf 81' lang='lat' dir='ltr'><strong>gravatur</strong></span> <span class='ocrx_word' id='word_1_673' title='bbox 1611 4571 1909 4637; x_wconf 89' lang='lat' dir='ltr'><strong>accedere,</strong></span> <span class='ocrx_word' id='word_1_674' title='bbox 1960 4589 2058 4628; x_wconf 90' lang='lat' dir='ltr'><strong>nec</strong></span> 
     </span>
    </p>
   </div>
   <div class='ocr_carea' id='block_1_93' title="bbox 480 4635 2050 4730">
    <p class='ocr_par' dir='ltr' id='par_1_93' title="bbox 480 4635 2050 4730">
     <span class='ocr_line' id='line_1_93' title="bbox 480 4635 2050 4730; baseline 0.008 -25"><span class='ocrx_word' id='word_1_675' title='bbox 480 4635 797 4708; x_wconf 81' lang='lat' dir='ltr'><strong>invitantem</strong></span> <span class='ocrx_word' id='word_1_676' title='bbox 838 4657 1062 4724; x_wconf 75' lang='lat' dir='ltr'><strong>I‘CSpIIIl,</strong></span> <span class='ocrx_word' id='word_1_677' title='bbox 1097 4658 1344 4724; x_wconf 87' lang='lat' dir='ltr'><strong>quamvis</strong></span> <span class='ocrx_word' id='word_1_678' title='bbox 1383 4657 1470 4711; x_wconf 89' lang='lat' dir='ltr'><strong>ille</strong></span> <span class='ocrx_word' id='word_1_679' title='bbox 1502 4673 1600 4713; x_wconf 89' lang='lat' dir='ltr'><strong>nec</strong></span> <span class='ocrx_word' id='word_1_680' title='bbox 1629 4662 1928 4730; x_wconf 86' lang='lat' dir='ltr'><strong>discipulus</strong></span> <span class='ocrx_word' id='word_1_681' title='bbox 1960 4665 2050 4727; x_wconf 90' lang='lat' dir='ltr'><strong>sit,</strong></span> 
     </span>
    </p>
   </div>
   <div class='ocr_carea' id='block_1_94' title="bbox 478 4743 2059 4818">
    <p class='ocr_par' dir='ltr' id='par_1_94' title="bbox 478 4743 2059 4818">
     <span class='ocr_line' id='line_1_94' title="bbox 478 4743 2059 4818; baseline 0.009 -23"><span class='ocrx_word' id='word_1_682' title='bbox 478 4757 579 4796; x_wconf 89' lang='lat' dir='ltr'><strong>nec</strong></span> <span class='ocrx_word' id='word_1_683' title='bbox 615 4743 666 4796; x_wconf 92' lang='lat' dir='ltr'><strong>in</strong></span> <span class='ocrx_word' id='word_1_684' title='bbox 696 4758 754 4799; x_wconf 87' lang='lat' dir='ltr'><strong>se</strong></span> <span class='ocrx_word' id='word_1_685' title='bbox 780 4745 984 4810; x_wconf 89' lang='lat' dir='ltr'><strong>credat,</strong></span> <span class='ocrx_word' id='word_1_686' title='bbox 1019 4747 1112 4800; x_wconf 91' lang='lat' dir='ltr'><strong>sed</strong></span> <span class='ocrx_word' id='word_1_687' title='bbox 1145 4746 1278 4818; x_wconf 80' lang='lat' dir='ltr'><strong>legis</strong></span> <span class='ocrx_word' id='word_1_688' title='bbox 1323 4749 1526 4818; x_wconf 90' lang='lat' dir='ltr'><strong>scripto</strong></span> <span class='ocrx_word' id='word_1_689' title='bbox 1568 4751 1854 4809; x_wconf 89' lang='lat' dir='ltr'><strong>devinctus</strong></span> <span class='ocrx_word' id='word_1_690' title='bbox 1892 4754 2059 4810; x_wconf 73' lang='lat' dir='ltr'><strong>inita:-</strong></span> 
     </span>
    </p>
   </div>
   <div class='ocr_carea' id='block_1_95' title="bbox 479 4836 2051 4916">
    <p class='ocr_par' dir='ltr' id='par_1_95' title="bbox 479 4836 2051 4916">
     <span class='ocr_line' id='line_1_95' title="bbox 479 4836 2051 4916; baseline 0.01 -30"><span class='ocrx_word' id='word_1_691' title='bbox 479 4844 614 4899; x_wconf 87' lang='lat' dir='ltr'><strong>real,</strong></span> <span class='ocrx_word' id='word_1_692' title='bbox 647 4851 743 4890; x_wconf 86' lang='lat' dir='ltr'><strong>nec</strong></span> <span class='ocrx_word' id='word_1_693' title='bbox 787 4836 854 4891; x_wconf 86' lang='lat' dir='ltr'><strong>ad</strong></span> <span class='ocrx_word' id='word_1_694' title='bbox 899 4837 1140 4892; x_wconf 86' lang='lat' dir='ltr'><strong>veritatis</strong></span> <span class='ocrx_word' id='word_1_695' title='bbox 1173 4839 1535 4909; x_wconf 76' lang='lat' dir='ltr'><strong>cognitionem</strong></span> <span class='ocrx_word' id='word_1_696' title='bbox 1584 4845 1772 4899; x_wconf 88' lang='lat' dir='ltr'><strong>oculos</strong></span> <span class='ocrx_word' id='word_1_697' title='bbox 1817 4863 2051 4916; x_wconf 89' lang='lat' dir='ltr'><strong>unquam</strong></span> 
     </span>
    </p>
   </div>
   <div class='ocr_carea' id='block_1_96' title="bbox 479 4928 2050 5007">
    <p class='ocr_par' dir='ltr' id='par_1_96' title="bbox 479 4928 2050 5007">
     <span class='ocr_line' id='line_1_96' title="bbox 479 4928 2050 5007; baseline 0.008 -27"><span class='ocrx_word' id='word_1_698' title='bbox 479 4928 769 4996; x_wconf 89' lang='lat' dir='ltr'><strong>aperuerit,</strong></span> <span class='ocrx_word' id='word_1_699' title='bbox 803 4937 856 4982; x_wconf 85' lang='lat' dir='ltr'><strong>et</strong></span> <span class='ocrx_word' id='word_1_700' title='bbox 880 4929 930 4981; x_wconf 92' lang='lat' dir='ltr'><strong>in</strong></span> <span class='ocrx_word' id='word_1_701' title='bbox 962 4930 1342 4998; x_wconf 86' lang='lat' dir='ltr'><strong>prophetarum</strong></span> <span class='ocrx_word' id='word_1_702' title='bbox 1387 4933 1833 5000; x_wconf 85' lang='lat' dir='ltr'><strong>promissionibus</strong></span> <span class='ocrx_word' id='word_1_703' title='bbox 1874 4941 2050 5007; x_wconf 83' lang='lat' dir='ltr'><strong>gravi-</strong></span> 
     </span>
    </p>
   </div>
   <div class='ocr_carea' id='block_1_97' title="bbox 477 5016 2052 5101">
    <p class='ocr_par' dir='ltr' id='par_1_97' title="bbox 477 5016 2052 5101">
     <span class='ocr_line' id='line_1_97' title="bbox 477 5016 2052 5101; baseline 0.008 -29"><span class='ocrx_word' id='word_1_704' title='bbox 477 5027 562 5072; x_wconf 82' lang='lat' dir='ltr'><strong>ter</strong></span> <span class='ocrx_word' id='word_1_705' title='bbox 611 5016 988 5073; x_wconf 88' lang='lat' dir='ltr'><strong>hallucinetur.</strong></span> <span class='ocrx_word' id='word_1_706' title='bbox 1038 5019 1148 5074; x_wconf 88' lang='lat' dir='ltr'><strong>Cur</strong></span> <span class='ocrx_word' id='word_1_707' title='bbox 1189 5031 1370 5076; x_wconf 87' lang='lat' dir='ltr'><strong>autem</strong></span> <span class='ocrx_word' id='word_1_708' title='bbox 1424 5025 1580 5079; x_wconf 89' lang='lat' dir='ltr'><strong>nobis</strong></span> <span class='ocrx_word' id='word_1_709' title='bbox 1623 5024 1796 5081; x_wconf 85' lang='lat' dir='ltr'><strong>Lucas</strong></span> <span class='ocrx_word' id='word_1_710' title='bbox 1837 5030 2052 5101; x_wconf 86' lang='lat' dir='ltr'><strong>scripsit</strong></span> 
     </span>
    </p>
   </div>
   <div class='ocr_carea' id='block_1_98' title="bbox 477 5111 2050 5191">
    <p class='ocr_par' dir='ltr' id='par_1_98' title="bbox 477 5111 2050 5191">
     <span class='ocr_line' id='line_1_98' title="bbox 477 5111 2050 5191; baseline 0.009 -30"><span class='ocrx_word' id='word_1_711' title='bbox 477 5111 579 5161; x_wconf 85' lang='lat' dir='ltr'><strong>hoc</strong></span> <span class='ocrx_word' id='word_1_712' title='bbox 615 5113 807 5178; x_wconf 82' lang='lat' dir='ltr'><strong>caput?</strong></span> <span class='ocrx_word' id='word_1_713' title='bbox 836 5112 916 5165; x_wconf 88' lang='lat' dir='ltr'><strong>An</strong></span> <span class='ocrx_word' id='word_1_714' title='bbox 949 5128 1010 5166; x_wconf 89' lang='lat' dir='ltr'><strong>ea</strong></span> <span class='ocrx_word' id='word_1_715' title='bbox 1041 5114 1293 5167; x_wconf 88' lang='lat' dir='ltr'><strong>nimirum</strong></span> <span class='ocrx_word' id='word_1_716' title='bbox 1335 5115 1401 5171; x_wconf 88' lang='lat' dir='ltr'><strong>de</strong></span> <span class='ocrx_word' id='word_1_717' title='bbox 1441 5131 1625 5182; x_wconf 90' lang='lat' dir='ltr'><strong>causa,</strong></span> <span class='ocrx_word' id='word_1_718' title='bbox 1665 5128 1722 5172; x_wconf 91' lang='lat' dir='ltr'><strong>ut</strong></span> <span class='ocrx_word' id='word_1_719' title='bbox 1759 5137 1819 5173; x_wconf 90' lang='lat' dir='ltr'><strong>ea</strong></span> <span class='ocrx_word' id='word_1_720' title='bbox 1851 5137 2050 5191; x_wconf 85' lang='lat' dir='ltr'><strong>cogno-</strong></span> 
     </span>
    </p>
   </div>
   <div class='ocr_carea' id='block_1_99' title="bbox 474 5205 2050 5279">
    <p class='ocr_par' dir='ltr' id='par_1_99' title="bbox 474 5205 2050 5279">
     <span class='ocr_line' id='line_1_99' title="bbox 474 5205 2050 5279; baseline 0.01 -29"><span class='ocrx_word' id='word_1_721' title='bbox 474 5214 712 5263; x_wconf 80' lang='lat' dir='ltr'><strong>scamus,</strong></span> <span class='ocrx_word' id='word_1_722' title='bbox 749 5218 868 5270; x_wconf 64' lang='lat' dir='ltr'><strong>quae</strong></span> <span class='ocrx_word' id='word_1_723' title='bbox 910 5205 1158 5259; x_wconf 83' lang='lat' dir='ltr'><strong>Christus</strong></span> <span class='ocrx_word' id='word_1_724' title='bbox 1187 5205 1318 5274; x_wconf 86' lang='lat' dir='ltr'><strong>egit,</strong></span> <span class='ocrx_word' id='word_1_725' title='bbox 1367 5206 1491 5260; x_wconf 91' lang='lat' dir='ltr'><strong>dum</strong></span> <span class='ocrx_word' id='word_1_726' title='bbox 1529 5208 1578 5260; x_wconf 91' lang='lat' dir='ltr'><strong>in</strong></span> <span class='ocrx_word' id='word_1_727' title='bbox 1613 5224 1842 5279; x_wconf 87' lang='lat' dir='ltr'><strong>corpore</strong></span> <span class='ocrx_word' id='word_1_728' title='bbox 1869 5226 2050 5265; x_wconf 86' lang='lat' dir='ltr'><strong>versa-</strong></span> 
     </span>
    </p>
   </div>
   <div class='ocr_carea' id='block_1_100' title="bbox 478 5294 2044 5366">
    <p class='ocr_par' dir='ltr' id='par_1_100' title="bbox 478 5294 2044 5366">
     <span class='ocr_line' id='line_1_100' title="bbox 478 5294 2044 5366; baseline 0.011 -27"><span class='ocrx_word' id='word_1_729' title='bbox 478 5297 656 5352; x_wconf 78' lang='lat' dir='ltr'><strong>retur;</strong></span> <span class='ocrx_word' id='word_1_730' title='bbox 695 5303 748 5344; x_wconf 91' lang='lat' dir='ltr'><strong>et</strong></span> <span class='ocrx_word' id='word_1_731' title='bbox 783 5308 849 5347; x_wconf 81' lang='lat' dir='ltr'><strong>ex</strong></span> <span class='ocrx_word' id='word_1_732' title='bbox 883 5294 1120 5349; x_wconf 85' lang='lat' dir='ltr'><strong>historiae</strong></span> <span class='ocrx_word' id='word_1_733' title='bbox 1149 5298 1454 5366; x_wconf 84' lang='lat' dir='ltr'><strong>cognitione</strong></span> <span class='ocrx_word' id='word_1_734' title='bbox 1488 5300 1716 5354; x_wconf 89' lang='lat' dir='ltr'><strong>utilitate</strong></span> <span class='ocrx_word' id='word_1_735' title='bbox 1748 5301 2044 5358; x_wconf 87' lang='lat' dir='ltr'><strong>documen-</strong></span> 
     </span>
    </p>
   </div>
   <div class='ocr_carea' id='block_1_101' title="bbox 477 5383 2046 5458">
    <p class='ocr_par' dir='ltr' id='par_1_101' title="bbox 477 5383 2046 5458">
     <span class='ocr_line' id='line_1_101' title="bbox 477 5383 2046 5458; baseline 0.013 -28"><span class='ocrx_word' id='word_1_736' title='bbox 477 5387 639 5448; x_wconf 87' lang='lat' dir='ltr'><strong>toque</strong></span> <span class='ocrx_word' id='word_1_737' title='bbox 685 5383 883 5439; x_wconf 80' lang='lat' dir='ltr'><strong>referta</strong></span> <span class='ocrx_word' id='word_1_738' title='bbox 924 5387 1036 5441; x_wconf 61' lang='lat' dir='ltr'><strong>haec</strong></span> <span class='ocrx_word' id='word_1_739' title='bbox 1062 5390 1261 5458; x_wconf 90' lang='lat' dir='ltr'><strong>scripta</strong></span> <span class='ocrx_word' id='word_1_740' title='bbox 1307 5407 1402 5446; x_wconf 84' lang='lat' dir='ltr'><strong>nos</strong></span> <span class='ocrx_word' id='word_1_741' title='bbox 1446 5392 1512 5445; x_wconf 92' lang='lat' dir='ltr'><strong>ad</strong></span> <span class='ocrx_word' id='word_1_742' title='bbox 1553 5393 1708 5446; x_wconf 78' lang='lat' dir='ltr'><strong>vitam</strong></span> <span class='ocrx_word' id='word_1_743' title='bbox 1740 5404 1883 5448; x_wconf 85' lang='lat' dir='ltr'><strong>recte</strong></span> <span class='ocrx_word' id='word_1_744' title='bbox 1915 5410 2046 5449; x_wconf 81' lang='lat' dir='ltr'><strong>cnn-</strong></span> 
     </span>
    </p>
   </div>
   <div class='ocr_carea' id='block_1_102' title="bbox 476 5477 2041 5555">
    <p class='ocr_par' dir='ltr' id='par_1_102' title="bbox 476 5477 2041 5555">
     <span class='ocr_line' id='line_1_102' title="bbox 476 5477 2041 5555; baseline 0.01 -29"><span class='ocrx_word' id='word_1_745' title='bbox 476 5481 789 5544; x_wconf 84' lang='lat' dir='ltr'><strong>stanterque</strong></span> <span class='ocrx_word' id='word_1_746' title='bbox 832 5477 1208 5534; x_wconf 84' lang='lat' dir='ltr'><strong>instituendam</strong></span> <span class='ocrx_word' id='word_1_747' title='bbox 1254 5484 1533 5537; x_wconf 81' lang='lat' dir='ltr'><strong>erudiant?</strong></span> <span class='ocrx_word' id='word_1_748' title='bbox 1570 5486 1659 5538; x_wconf 79' lang='lat' dir='ltr'><strong>Sic</strong></span> <span class='ocrx_word' id='word_1_749' title='bbox 1699 5500 1798 5552; x_wconf 84' lang='lat' dir='ltr'><strong>ego</strong></span> <span class='ocrx_word' id='word_1_750' title='bbox 1827 5487 2041 5555; x_wconf 88' lang='lat' dir='ltr'><strong>quidem</strong></span> 
     </span>
    </p>
   </div>
   <div class='ocr_carea' id='block_1_103' title="bbox 549 5583 1799 5664">
    <p class='ocr_par' dir='ltr' id='par_1_103' title="bbox 549 5583 1799 5664">
     <span class='ocr_line' id='line_1_103' title="bbox 549 5583 1799 5664; baseline 0.009 -25"><span class='ocrx_word' id='word_1_751' title='bbox 549 5583 595 5616; x_wconf 84' lang='grc'><strong><em>³⁷</em></strong></span> <span class='ocrx_word' id='word_1_752' title='bbox 616 5587 738 5640; x_wconf 85' lang='lat' dir='ltr'><strong>Act.</strong></span> <span class='ocrx_word' id='word_1_753' title='bbox 765 5603 840 5653; x_wconf 86' lang='lat' dir='ltr'><strong>vt,</strong></span> <span class='ocrx_word' id='word_1_754' title='bbox 871 5590 904 5644; x_wconf 84' lang='lat'><strong>8</strong></span> <span class='ocrx_word' id='word_1_755' title='bbox 929 5606 1048 5661; x_wconf 85' lang='lat' dir='ltr'><strong>sqq.</strong></span> <span class='ocrx_word' id='word_1_756' title='bbox 1125 5592 1171 5624; x_wconf 80' lang='grc'>⁸⁸</span> <span class='ocrx_word' id='word_1_757' title='bbox 1263 5595 1391 5648; x_wconf 88' lang='lat' dir='ltr'><strong>Luc.</strong></span> <span class='ocrx_word' id='word_1_758' title='bbox 1435 5611 1545 5658; x_wconf 87' lang='lat' dir='ltr'><strong>vn,</strong></span> <span class='ocrx_word' id='word_1_759' title='bbox 1577 5597 1646 5650; x_wconf 76' lang='lat'><strong>56</strong></span> <span class='ocrx_word' id='word_1_760' title='bbox 1679 5611 1799 5664; x_wconf 87' lang='lat' dir='ltr'><strong>sqq.</strong></span> 
     </span>
    </p>
   </div>
   <div class='ocr_carea' id='block_1_104' title="bbox 547 5677 1935 5754">
    <p class='ocr_par' dir='ltr' id='par_1_104' title="bbox 547 5677 1935 5754">
     <span class='ocr_line' id='line_1_104' title="bbox 547 5677 1935 5754; baseline 0.007 -24"><span class='ocrx_word' id='word_1_761' title='bbox 547 5677 683 5754; x_wconf 60' lang='grc' dir='ltr'><strong>(ξξξξ)</strong></span> <span class='ocrx_word' id='word_1_762' title='bbox 716 5677 878 5754; x_wconf 54' lang='lat' dir='ltr'><strong>forte</strong></span> <span class='ocrx_word' id='word_1_763' title='bbox 913 5681 1192 5754; x_wconf 78' lang='lat' dir='ltr'><strong>legendum</strong></span> <span class='ocrx_word' id='word_1_764' title='bbox 1220 5683 1469 5754; x_wconf 80' lang='grc' dir='ltr'>τελεσθῇ.</span> <span class='ocrx_word' id='word_1_765' title='bbox 1507 5685 1661 5739; x_wconf 77' lang='lat' dir='ltr'><strong>Eutr.</strong></span> <span class='ocrx_word' id='word_1_766' title='bbox 1700 5685 1935 5740; x_wconf 81' lang='grc' dir='ltr'>Ι’.ιτιιοι,.</span> 
     </span>
    </p>
   </div>
   <div class='ocr_carea' id='block_1_105' title="bbox 2179 4582 3733 4661">
    <p class='ocr_par' dir='ltr' id='par_1_105' title="bbox 2179 4582 3733 4661">
     <span class='ocr_line' id='line_1_105' title="bbox 2179 4582 3733 4661; baseline -0.007 -17"><span class='ocrx_word' id='word_1_767' title='bbox 2179 4591 2236 4643; x_wconf 80' lang='grc' dir='ltr'>Ὀ</span> <span class='ocrx_word' id='word_1_768' title='bbox 2268 4591 2324 4644; x_wconf 85' lang='grc' dir='ltr'>δὲ</span> <span class='ocrx_word' id='word_1_769' title='bbox 2357 4589 2480 4643; x_wconf 76' lang='grc' dir='ltr'>οὗτε</span> <span class='ocrx_word' id='word_1_770' title='bbox 2506 4589 2605 4661; x_wconf 79' lang='grc' dir='ltr'>τὴν</span> <span class='ocrx_word' id='word_1_771' title='bbox 2634 4590 2824 4661; x_wconf 84' lang='grc' dir='ltr'>κλῆσιν</span> <span class='ocrx_word' id='word_1_772' title='bbox 2865 4589 3239 4650; x_wconf 85' lang='grc' dir='ltr'>ἀπαναίνεται,</span> <span class='ocrx_word' id='word_1_773' title='bbox 3269 4585 3390 4638; x_wconf 80' lang='grc' dir='ltr'>οὕτε</span> <span class='ocrx_word' id='word_1_774' title='bbox 3425 4583 3616 4652; x_wconf 81' lang='grc' dir='ltr'>φεύγει</span> <span class='ocrx_word' id='word_1_775' title='bbox 3642 4582 3733 4634; x_wconf 82' lang='grc' dir='ltr'>τὸν</span> 
     </span>
    </p>
   </div>
   <div class='ocr_carea' id='block_1_106' title="bbox 2164 4672 3731 4750">
    <p class='ocr_par' dir='ltr' id='par_1_106' title="bbox 2164 4672 3731 4750">
     <span class='ocr_line' id='line_1_106' title="bbox 2164 4672 3731 4750; baseline -0.006 -17"><span class='ocrx_word' id='word_1_776' title='bbox 2164 4678 2470 4750; x_wconf 81' lang='grc' dir='ltr'>ἄνθρωπον,</span> <span class='ocrx_word' id='word_1_777' title='bbox 2498 4681 2633 4750; x_wconf 86' lang='grc' dir='ltr'>μήτε</span> <span class='ocrx_word' id='word_1_778' title='bbox 2653 4678 2899 4750; x_wconf 80' lang='grc' dir='ltr'>μαθητὴν</span> <span class='ocrx_word' id='word_1_779' title='bbox 2920 4679 3068 4742; x_wconf 69' lang='grc' dir='ltr'>ὄντα,</span> <span class='ocrx_word' id='word_1_780' title='bbox 3092 4678 3226 4748; x_wconf 83' lang='grc' dir='ltr'>μήτε</span> <span class='ocrx_word' id='word_1_781' title='bbox 3247 4674 3635 4732; x_wconf 75' lang='grc' dir='ltr'>πιστεύσαντα,</span> <span class='ocrx_word' id='word_1_782' title='bbox 3657 4672 3731 4740; x_wconf 79' lang='grc' dir='ltr'>τῷ</span> 
     </span>
    </p>
   </div>
   <div class='ocr_carea' id='block_1_107' title="bbox 2160 4762 3729 4840">
    <p class='ocr_par' dir='ltr' id='par_1_107' title="bbox 2160 4762 3729 4840">
     <span class='ocr_line' id='line_1_107' title="bbox 2160 4762 3729 4840; baseline -0.007 -17"><span class='ocrx_word' id='word_1_783' title='bbox 2160 4767 2448 4840; x_wconf 79' lang='grc' dir='ltr'>γράμματι</span> <span class='ocrx_word' id='word_1_784' title='bbox 2477 4769 2532 4822; x_wconf 83' lang='grc' dir='ltr'>δὲ</span> <span class='ocrx_word' id='word_1_785' title='bbox 2567 4768 2987 4838; x_wconf 79' lang='grc' dir='ltr'>προσδεδεμένον</span> <span class='ocrx_word' id='word_1_786' title='bbox 3029 4766 3123 4820; x_wconf 91' lang='grc' dir='ltr'><strong>τοῦ</strong></span> <span class='ocrx_word' id='word_1_787' title='bbox 3157 4766 3348 4837; x_wconf 74' lang='grc' dir='ltr'>νόμου·</span> <span class='ocrx_word' id='word_1_788' title='bbox 3380 4763 3474 4817; x_wconf 78' lang='grc' dir='ltr'>καὶ</span> <span class='ocrx_word' id='word_1_789' title='bbox 3517 4762 3729 4815; x_wconf 76' lang='grc' dir='ltr'>οὐδέπω</span> 
     </span>
    </p>
   </div>
   <div class='ocr_carea' id='block_1_108' title="bbox 2162 4851 3733 4929">
    <p class='ocr_par' dir='ltr' id='par_1_108' title="bbox 2162 4851 3733 4929">
     <span class='ocr_line' id='line_1_108' title="bbox 2162 4851 3733 4929; baseline -0.005 -19"><span class='ocrx_word' id='word_1_790' title='bbox 2162 4858 2298 4929; x_wconf 84' lang='grc' dir='ltr'>πρὸς</span> <span class='ocrx_word' id='word_1_791' title='bbox 2333 4857 2429 4929; x_wconf 78' lang='grc' dir='ltr'>τὴν</span> <span class='ocrx_word' id='word_1_792' title='bbox 2469 4857 2762 4927; x_wconf 77' lang='grc' dir='ltr'>ἐπίγνωσιν</span> <span class='ocrx_word' id='word_1_793' title='bbox 2805 4858 2906 4928; x_wconf 86' lang='grc' dir='ltr'>τῆς</span> <span class='ocrx_word' id='word_1_794' title='bbox 2948 4855 3202 4928; x_wconf 81' lang='grc' dir='ltr'>ἀληθείας</span> <span class='ocrx_word' id='word_1_795' title='bbox 3250 4855 3376 4919; x_wconf 74' lang='grc' dir='ltr'>τοὺς</span> <span class='ocrx_word' id='word_1_796' title='bbox 3424 4851 3733 4922; x_wconf 68' lang='grc' dir='ltr'>ὀφθαλμοὺς</span> 
     </span>
    </p>
   </div>
   <div class='ocr_carea' id='block_1_109' title="bbox 2147 4944 3731 5021">
    <p class='ocr_par' dir='ltr' id='par_1_109' title="bbox 2147 4944 3731 5021">
     <span class='ocr_line' id='line_1_109' title="bbox 2147 4944 3731 5021; baseline -0.005 -18"><span class='ocrx_word' id='word_1_797' title='bbox 2147 4949 2463 5015; x_wconf 78' lang='grc' dir='ltr'>ἀνοίξαντα,</span> <span class='ocrx_word' id='word_1_798' title='bbox 2500 4949 2754 5020; x_wconf 83' lang='grc' dir='ltr'>χαλεπῶς</span> <span class='ocrx_word' id='word_1_799' title='bbox 2802 4950 2860 5003; x_wconf 84' lang='grc' dir='ltr'><strong>δὲ</strong></span> <span class='ocrx_word' id='word_1_800' title='bbox 2911 4950 3046 5021; x_wconf 84' lang='grc' dir='ltr'>πρὸς</span> <span class='ocrx_word' id='word_1_801' title='bbox 3095 4949 3193 5012; x_wconf 78' lang='grc' dir='ltr'><strong>τὰς</strong></span> <span class='ocrx_word' id='word_1_802' title='bbox 3243 4945 3571 5016; x_wconf 73' lang='grc' dir='ltr'>ἐπαγγελίας</span> <span class='ocrx_word' id='word_1_803' title='bbox 3623 4944 3731 5012; x_wconf 81' lang='grc' dir='ltr'>ἀμο</span> 
     </span>
    </p>
   </div>
   <div class='ocr_carea' id='block_1_110' title="bbox 2152 5031 3733 5113">
    <p class='ocr_par' dir='ltr' id='par_1_110' title="bbox 2152 5031 3733 5113">
     <span class='ocr_line' id='line_1_110' title="bbox 2152 5031 3733 5113; baseline -0.006 -20"><span class='ocrx_word' id='word_1_804' title='bbox 2152 5040 2505 5095; x_wconf 80' lang='grc' dir='ltr'>ϐλυωποῦντα</span> <span class='ocrx_word' id='word_1_805' title='bbox 2540 5041 2650 5094; x_wconf 87' lang='grc' dir='ltr'><strong>τῶν</strong></span> <span class='ocrx_word' id='word_1_806' title='bbox 2703 5043 3016 5113; x_wconf 82' lang='grc' dir='ltr'>προφητῶν.</span> <span class='ocrx_word' id='word_1_807' title='bbox 3059 5042 3101 5092; x_wconf 84' lang='grc' dir='ltr'><strong>Τ</strong></span> <span class='ocrx_word' id='word_1_808' title='bbox 3109 5041 3123 5093; x_wconf 84' lang='grc' dir='ltr'><strong>ί</strong></span> <span class='ocrx_word' id='word_1_809' title='bbox 3163 5035 3257 5092; x_wconf 81' lang='grc' dir='ltr'><strong>οῦν</strong></span> <span class='ocrx_word' id='word_1_810' title='bbox 3301 5039 3432 5109; x_wconf 80' lang='grc' dir='ltr'>ἡμῖν</span> <span class='ocrx_word' id='word_1_811' title='bbox 3472 5034 3630 5088; x_wconf 81' lang='grc' dir='ltr'>τοῦτο</span> <span class='ocrx_word' id='word_1_812' title='bbox 3673 5031 3733 5084; x_wconf 82' lang='grc' dir='ltr'>τὸ</span> 
     </span>
    </p>
   </div>
   <div class='ocr_carea' id='block_1_111' title="bbox 2152 5123 3731 5204">
    <p class='ocr_par' dir='ltr' id='par_1_111' title="bbox 2152 5123 3731 5204">
     <span class='ocr_line' id='line_1_111' title="bbox 2152 5123 3731 5204; baseline 0.005 -19"><span class='ocrx_word' id='word_1_813' title='bbox 2152 5131 2444 5201; x_wconf 81' lang='grc' dir='ltr'>κεφάλαιον</span> <span class='ocrx_word' id='word_1_814' title='bbox 2477 5131 2786 5204; x_wconf 71' lang='grc' dir='ltr'>ἀνέγραψεν</span> <span class='ocrx_word' id='word_1_815' title='bbox 2827 5136 2856 5186; x_wconf 87' lang='grc' dir='ltr'>ὁ</span> <span class='ocrx_word' id='word_1_816' title='bbox 2897 5134 3148 5196; x_wconf 81' lang='grc' dir='ltr'>Λουκᾶς;</span> <span class='ocrx_word' id='word_1_817' title='bbox 3198 5130 3456 5199; x_wconf 82' lang='grc' dir='ltr'>Πότερον.</span> <span class='ocrx_word' id='word_1_818' title='bbox 3502 5125 3592 5179; x_wconf 81' lang='grc' dir='ltr'>ἵνα</span> <span class='ocrx_word' id='word_1_819' title='bbox 3634 5123 3731 5193; x_wconf 69' lang='grc' dir='ltr'><strong>τὴν</strong></span> 
     </span>
    </p>
   </div>
   <div class='ocr_carea' id='block_1_112' title="bbox 2152 5216 3728 5296">
    <p class='ocr_par' dir='ltr' id='par_1_112' title="bbox 2152 5216 3728 5296">
     <span class='ocr_line' id='line_1_112' title="bbox 2152 5216 3728 5296; baseline -0.005 -22"><span class='ocrx_word' id='word_1_820' title='bbox 2152 5223 2354 5289; x_wconf 86' lang='grc' dir='ltr'>γνῶσιν</span> <span class='ocrx_word' id='word_1_821' title='bbox 2413 5222 2627 5293; x_wconf 74' lang='grc' dir='ltr'>ἔχωμεν</span> <span class='ocrx_word' id='word_1_822' title='bbox 2678 5219 2752 5277; x_wconf 84' lang='grc' dir='ltr'>ὦν</span> <span class='ocrx_word' id='word_1_823' title='bbox 2799 5227 2827 5278; x_wconf 84' lang='grc' dir='ltr'>ὁ</span> <span class='ocrx_word' id='word_1_824' title='bbox 2875 5225 3080 5296; x_wconf 85' lang='grc' dir='ltr'>Ἰησοῦς</span> <span class='ocrx_word' id='word_1_825' title='bbox 3130 5219 3531 5291; x_wconf 77' lang='grc' dir='ltr'>κατειργάσατο</span> <span class='ocrx_word' id='word_1_826' title='bbox 3583 5216 3728 5268; x_wconf 79' lang='grc' dir='ltr'>πολι-</span> 
     </span>
    </p>
   </div>
   <div class='ocr_carea' id='block_1_113' title="bbox 2151 5310 3732 5388">
    <p class='ocr_par' dir='ltr' id='par_1_113' title="bbox 2151 5310 3732 5388">
     <span class='ocr_line' id='line_1_113' title="bbox 2151 5310 3732 5388; baseline -0.004 -22"><span class='ocrx_word' id='word_1_827' title='bbox 2151 5315 2443 5386; x_wconf 75' lang='grc' dir='ltr'>τευόμενος</span> <span class='ocrx_word' id='word_1_828' title='bbox 2469 5318 2526 5368; x_wconf 83' lang='grc' dir='ltr'>ὲν</span> <span class='ocrx_word' id='word_1_829' title='bbox 2560 5315 2638 5387; x_wconf 81' lang='grc' dir='ltr'>τῷ</span> <span class='ocrx_word' id='word_1_830' title='bbox 2673 5316 2906 5388; x_wconf 84' lang='grc' dir='ltr'>σώματι,</span> <span class='ocrx_word' id='word_1_831' title='bbox 2946 5318 3038 5370; x_wconf 80' lang='grc' dir='ltr'><strong>καὶ</strong></span> <span class='ocrx_word' id='word_1_832' title='bbox 3094 5315 3303 5384; x_wconf 80' lang='grc' dir='ltr'>γνῶσιν</span> <span class='ocrx_word' id='word_1_833' title='bbox 3358 5310 3598 5382; x_wconf 82' lang='grc' dir='ltr'>ἱστορίας</span> <span class='ocrx_word' id='word_1_834' title='bbox 3640 5310 3732 5360; x_wconf 75' lang='grc' dir='ltr'><strong>ἐπ-</strong></span> 
     </span>
    </p>
   </div>
   <div class='ocr_carea' id='block_1_114' title="bbox 2149 5398 3731 5478">
    <p class='ocr_par' dir='ltr' id='par_1_114' title="bbox 2149 5398 3731 5478">
     <span class='ocr_line' id='line_1_114' title="bbox 2149 5398 3731 5478; baseline -0.006 -22"><span class='ocrx_word' id='word_1_835' title='bbox 2149 5404 2391 5474; x_wconf 70' lang='grc' dir='ltr'>ωφελοῦς</span> <span class='ocrx_word' id='word_1_836' title='bbox 2425 5407 2829 5478; x_wconf 81' lang='grc' dir='ltr'>παραλάόωμεν</span> <span class='ocrx_word' id='word_1_837' title='bbox 2867 5426 2882 5474; x_wconf 90' lang='grc'>;</span> <span class='ocrx_word' id='word_1_838' title='bbox 2909 5409 2940 5478; x_wconf 82' lang='grc' dir='ltr'>ἦ</span> <span class='ocrx_word' id='word_1_839' title='bbox 2995 5406 3084 5459; x_wconf 91' lang='grc' dir='ltr'><strong>νοῦ</strong></span> <span class='ocrx_word' id='word_1_840' title='bbox 3116 5423 3262 5469; x_wconf 86' lang='grc' dir='ltr'>τινος</span> <span class='ocrx_word' id='word_1_841' title='bbox 3281 5399 3595 5470; x_wconf 76' lang='grc' dir='ltr'>ὲπωφελοῦς</span> <span class='ocrx_word' id='word_1_842' title='bbox 3645 5398 3731 5449; x_wconf 80' lang='grc' dir='ltr'><strong>καὶ</strong></span> 
     </span>
    </p>
   </div>
   <div class='ocr_carea' id='block_1_115' title="bbox 2152 5487 3731 5570">
    <p class='ocr_par' dir='ltr' id='par_1_115' title="bbox 2152 5487 3731 5570">
     <span class='ocr_line' id='line_1_115' title="bbox 2152 5487 3731 5570; baseline -0.005 -22"><span class='ocrx_word' id='word_1_843' title='bbox 2152 5495 2499 5552; x_wconf 84' lang='grc' dir='ltr'>παιδευτικοῦ</span> <span class='ocrx_word' id='word_1_844' title='bbox 2537 5499 2699 5569; x_wconf 80' lang='grc' dir='ltr'>γέμει</span> <span class='ocrx_word' id='word_1_845' title='bbox 2725 5498 2796 5552; x_wconf 74' lang='grc' dir='ltr'>τὰ</span> <span class='ocrx_word' id='word_1_846' title='bbox 2827 5500 3152 5570; x_wconf 70' lang='grc' dir='ltr'>γράμματα,</span> <span class='ocrx_word' id='word_1_847' title='bbox 3199 5497 3289 5550; x_wconf 75' lang='grc' dir='ltr'><strong>τὸν</strong></span> <span class='ocrx_word' id='word_1_848' title='bbox 3323 5493 3590 5564; x_wconf 81' lang='grc' dir='ltr'>ἡμέτερον</span> <span class='ocrx_word' id='word_1_849' title='bbox 3622 5487 3731 5559; x_wconf 81' lang='grc' dir='ltr'>βίον</span> 
     </span>
    </p>
   </div>
   <div class='ocr_carea' id='block_1_116' title="bbox 549 5740 2985 5828">
    <p class='ocr_par' dir='ltr' id='par_1_116' title="bbox 549 5740 2985 5828">
     <span class='ocr_line' id='line_1_116' title="bbox 549 5740 2985 5828; baseline 0.003 -25"><span class='ocrx_word' id='word_1_850' title='bbox 549 5740 677 5819; x_wconf 63' lang='grc'><strong>(59)</strong></span> <span class='ocrx_word' id='word_1_851' title='bbox 713 5749 828 5805; x_wconf 90' lang='lat' dir='ltr'><strong>lIuc</strong></span> <span class='ocrx_word' id='word_1_852' title='bbox 860 5740 1032 5822; x_wconf 74' lang='lat' dir='ltr'><strong>usque</strong></span> <span class='ocrx_word' id='word_1_853' title='bbox 1065 5753 1205 5808; x_wconf 85' lang='lat' dir='ltr'><strong>inter</strong></span> <span class='ocrx_word' id='word_1_854' title='bbox 1251 5740 1704 5825; x_wconf 55' lang='lat' dir='ltr'><strong>Opera&#39;Grcgnrii</strong></span> <span class='ocrx_word' id='word_1_855' title='bbox 1756 5757 2006 5828; x_wconf 74' lang='lat' dir='ltr'><strong>Nysseni.</strong></span> <span class='ocrx_word' id='word_1_856' title='bbox 2043 5755 2125 5812; x_wconf 89' lang='lat' dir='ltr'><strong>cd.</strong></span> <span class='ocrx_word' id='word_1_857' title='bbox 2166 5758 2318 5820; x_wconf 74' lang='lat' dir='ltr'><strong>I053,</strong></span> <span class='ocrx_word' id='word_1_858' title='bbox 2361 5740 2486 5814; x_wconf 53' lang='lat' dir='ltr'><strong>ium.</strong></span> <span class='ocrx_word' id='word_1_859' title='bbox 2526 5755 2604 5825; x_wconf 89' lang='lat' dir='ltr'><strong>il&#39;,</strong></span> <span class='ocrx_word' id='word_1_860' title='bbox 2648 5774 2697 5826; x_wconf 90' lang='lat' dir='ltr'><strong>p.</strong></span> <span class='ocrx_word' id='word_1_861' title='bbox 2753 5758 2871 5813; x_wconf 61' lang='lat' dir='ltr'><strong>ltiti.</strong></span> <span class='ocrx_word' id='word_1_862' title='bbox 2911 5756 2985 5810; x_wconf 85' lang='lat' dir='ltr'><strong>In.</strong></span> 
     </span>
    </p>
   </div>
  </div>
