3820 6298
72 283 166 336 3.7-3

906 279 1194 340 IiOMILlA
1231 285 1377 342 Xlli.
1425 284 1875 344 ADIIORTATIO
1911 287 2003 344 AD
2043 289 2571 349 PCENITENTIAM.

3227 305 3334 361 55M

71 395 194 466 πρὸς
227 394 293 447 τὸ
319 395 480 467 ὀρθὸν
509 397 607 450 καὶ
646 396 1008 469 ἀδιάστροφον
1047 400 1430 466 κανονίςοντας
1462 401 1631 454 Οὕτως

1755 405 2026 471 existimo,
2083 422 2284 478 vosque
2335 409 2475 464 idem
2531 411 2734 467 sentire
2783 429 2880 484 par
2929 424 3031 471 est.
3085 419 3334 490 Plerique

67 487 116 539 δὲ
155 485 303 555 ἔχειν
338 487 520 556 ἔγωγε
554 487 817 558 ἠγοῦμαι,
848 488 940 541 καὶ
971 491 1116 560 ὑμᾶς
1144 491 1423 561 προσῆκον
1463 491 1631 545 πείθε·

1754 496 1898 551 enim
1946 511 2159 564 eorum,
2209 501 2300 570 qui
2346 503 2504 571 seipsi
2533 501 2795 570 judicent,
2830 505 2932 559 sibi
2965 485 3333 578 assentantur,

67 579 198 632 σθαι.
238 579 438 632 Πολλοὶ
468 581 577 650 γάρ
609 583 716 634 εἰσι
749 581 859 634 τῶν
900 583 1127 648 ἑαυτοὺς
1164 584 1515 640 δικαιούντων
1535 587 1654 658 φίλ-

1753 601 1813 642 se
1844 587 2091 659 diligunt,
2138 591 2240 646 sibi
2279 591 2514 661 placent,
2549 594 2808 665 inanique
2856 596 3112 664 opinione
3144 605 3331 661 tumidi

66 687 211 722 αυτοι
278 672 374 724 καὶ
413 673 771 744 αύτάρεσκοι,
809 675 866 727 ἐν
895 674 1161 747 ὑπολήψει
1193 676 1278 730 διὰ
1323 678 1481 732 κενοῦ
1521 695 1631 751 φρο

1753 683 1917 745 alque
1951 676 2138 744 inﬂati,
2175 694 2290 743 eos,
2327 683 2416 750 qui
2465 682 2533 737 ad
2579 698 2639 737 se
2691 686 2972 750 accedunt,
3021 701 3333 756 peccatores

67 767 295 830 νήματος
347 762 722 836 ὠγκωμένω,
776 765 1137 838 ἁμαρτωλοὺς
1185 769 1476 835 καλοῦντες
1525 773 1650 836 τοὺς

68 851 396 917 ἐγγίζοντας,
447 857 544 908 καὶ
577 856 708 927 πρὶν
739 856 917 911 ἐλθεῖν
952 858 1013 911 τὺ
1061 859 1313 930 ἀληθινὸν
1344 863 1645 936 κριτήριον,

67 944 296 1008 ἑαυτοὺς,
323 945 402 1009 ὡς
433 947 606 1015 ἄρνας
632 949 740 1002 ἀπὸ
778 948 887 1002 τῶν
914 950 1138 1021 ἐρίφων,
1167 950 1518 1023 χωρίζοντες,
1556 955 1649 1009 καὶ

71 1035 185 1102 πρὸς
226 1036 326 1106 τὴν
371 1037 549 1108 θύραν
599 1040 700 1110 τῆς
741 1039 1022 1110 βασιλείας
1057 1043 1346 1112 βλέποντες
1388 1045 1463 1110 ὡς
1517 1048 1648 1099 ἀνα·

72 1127 413 1198 πεπταμένην
487 1130 702 1194 αὐτοῖς’
760 1134 822 1185 οὐ
885 1135 1116 1206 στέγης,
1167 1136 1267 1190 οὐκ
1329 1137 1644 1210 ἐδεσμάτων

67 1217 328 1281 ἀξιοῦντες
375 1222 495 1283 τοῖς
543 1221 758 1287 πολλοῖς
805 1228 1110 1278 κοινωνεῖνο
1152 1226 1560 1300 βδελυσσόμενοι
1589 1231 1645 1283 δὲ

69 1313 258 1374 πάντας
281 1314 414 1375 τοὺς
445 1314 522 1384 μὴ
554 1314 654 1384 τὴν
687 1315 888 1386 ἄκραν,
914 1317 1050 1371 ἀλλὰ
1082 1318 1182 1389 τὴν
1218 1319 1391 1394 μέσην
1423 1324 1516 1376 ἐπὶ
1548 1322 1643 1376 τοῦ

65 1405 169 1468 βίου
197 1404 596 1474 πορευομένοις
621 1405 758 1458 ὁδόν.

133 1494 189 1546 ὐ
219 1495 406 1548 τοίνυν
438 1498 677 1562 Λουκᾶς,
722 1498 752 1550 ό
776 1497 939 1552 πλέον
963 1499 1073 1553 τῶν
1100 1500 1287 1572 ψυχῶν
1321 1502 1352 1574 ἢ
1387 1504 1497 1558 τῶν
1531 1523 1643 1558 σω-

67 1587 236 1656 μάτων
277 1589 490 1660 ἰατρὸς,
531 1589 738 1660 ἔγραψε
771 1582 835 1642 τδ
873 1593 931 1643 ἐν
977 1594 1135 1664 χερσὶ
1162 1594 1438 1665 διήγημα·
1469 1597 1530 1649 ού
1557 1597 1645 1651 λό-
1690 1665 1702 1680 ⁹

65 1696 144 1744 τον
180 1679 410 1746 ἁπλῶς,
454 1681 593 1734 ἀλλὰ
632 1681 924 1752 φάρμακον
963 1685 1075 1738 τῶν
1121 1686 1423 1740 νοσούντων
1472 1691 1642 1744 αύθά-

1752 768 2023 837 appellant
2060 779 2113 824 et
2150 779 2438 842 antequam
2491 775 2602 828 veri
2649 773 2834 842 jndicii
2879 782 3088 847 tempus
3122 784 3327 846 veniat,

1749 873 1808 916 se
1833 869 2087 930 tauquam
2117 877 2284 933 agnos
2314 866 2381 918 ab
2413 866 2581 921 hmdis
2610 877 2886 937 separant,
2921 871 3155 941 coelique
3183 873 3328 926 fores

1747 951 1848 1007 sibi
1893 964 2111 1022 apertas
2156 954 2452 1022 intuentes,
2514 974 2612 1014 nec
2669 963 2883 1016 domum
2942 979 3064 1021 cum
3123 966 3328 1036 reliqua

1748 1044 2109 1111 multitudine,
2150 1062 2248 1101 nec
2288 1048 2465 1103 cibum
2516 1050 2806 1120 dignantur
2857 1055 3055 1110 habere
3093 1071 3328 1111 commu-

1748 1148 1894 1198 nem,
1943 1144 2106 1204 atque
2133 1152 2340 1203 omnes,
2387 1139 2476 1207 qui
2511 1156 2615 1193 non
2654 1155 2749 1210 per
2781 1159 3067 1211 summam,
3110 1149 3202 1203 sed
3230 1163 3327 1218 per

1748 1225 1978 1280 mediam
2012 1237 2131 1282 Vita:
2155 1230 2401 1283 semitam
2438 1230 2714 1298 incedunt,
2756 1236 3110 1293 detestantur.

1814 1490 1992 1547 Lucas
2039 1492 2224 1564 igitur,
2257 1496 2562 1552 animorum
2607 1503 2794 1571 magis,
2844 1519 3003 1573 quam
3036 1521 3320 1576 corporum

1744 1586 2003 1651 medicus,
2045 1599 2361 1656 praesentem
2391 1590 2528 1645 hanc
2569 1593 2724 1649 nobis
2768 1611 2871 1650 non
2904 1607 3012 1650 tam
3047 1601 3314 1654 narratio-

1745 1693 1885 1744 nem,
1911 1695 2069 1748 quam
2095 1681 2249 1749 plane
2277 1686 2574 1754 appositam
2603 1688 2990 1754 aegrotantibus
3025 1691 3164 1744 fastu
3198 1707 3314 1745 nte-

64 1770 213 1830 δειαν,
259 1769 429 1822 αὑτὸν
480 1749 653 1841 ἡμῶν
812 1771 945 1826 Θεὸν
978 1773 1072 1827 καὶ
1118 1774 1346 1845 Σωτῆρα
1389 1776 1631 1842 δεικνὺς¹

1741 1771 1971 1824 dicinam
1999 1771 2263 1838 exhibuit,
2297 1777 2604 1843 ostendens,
2641 1780 2814 1848 ipsqu
2854 1779 3019 1834 Deum
3059 1781 3321 1837 Servato-

63 1862 140 1912 τὸν
179 1861 538 1934 ἀσυγκρίτως
583 1861 825 1935 καθαρὸν
883 1864 977 1918 καὶ
1031 1865 1190 1936 μόνον
1233 1867 1460 1934 δίκαιον,
1511 1887 1631 1940 συγ·

1743 1877 1854 1915 rem
1900 1871 2161 1929 nostrum,
2209 1867 2301 1935 qui
2347 1868 2463 1922 sine
2514 1872 2917 1939 comparatione
2957 1886 3122 1942 purus
3156 1887 3322 1944 atque

66 1944 410 2023 γνωμονικῶς
448 1954 570 2008 λίαν
600 1957 713 2018 τοῖς
756 1957 1229 2028 κατεγνωσμένοις
1275 1975 1631 2031 συναναστρε-

1742 1953 1954 2025 integer
1983 1965 2085 2023 est,
2131 1959 2388 2029 solusque
2422 1960 2626 2030 justus,
2668 1963 2962 2020 clementer
3007 1966 3318 2034 admodum,

66 2046 303 2114 φάμενον,
335 2047 576 2110 καὶτοῖς
610 2046 824 2100 οὐδέπω
859 2047 1298 2120 κεκαθαρμένοις
1333 2051 1631 2106 συνδιαιτώ-

1742 2046 2072 2117 benigneque
2107 2064 2231 2105 cum
2285 2053 2508 2121 perditis
2566 2065 2730 2124 atque
2774 2057 3043 2111 damnatis
3085 2060 3316 2124 versari,

68 2153 241 2203 μενονο
291 2139 398 2208 οὐχ
451 2137 542 2192 ἵνα
581 2155 636 2192 τι
675 2139 956 2212 προσλάσῃ
1004 2141 1106 2212 τῆς
1153 2143 1376 2198 ἐκείνων
1409 2144 1631 2211 κακίας,

1738 2148 1794 2192 et
1838 2153 1958 2192 cum
2001 2140 2089 2205 iis,
2126 2143 2219 2211 qui
2272 2143 2508 2198 nondum
2545 2147 2665 2215 puri
2705 2148 2998 2216 mundique
3036 2159 3186 2218 sunt,
3237 2151 3318 2205 vi-

189 2230 275 2282 ῐνα
314 2228 537 2300 μεταδῷ
563 2231 665 2301 τῆς
713 2233 920 2296 οἰκείας
965 2233 1333 2306 δικαιοσύνης,
1362 2236 1506 2290 κατά
1541 2237 1631 2309 τὴν

1739 2245 1884 2294 vere,
1916 2247 2021 2286 non
2056 2242 2112 2286 ut
2149 2248 2336 2288 eorum
2373 2237 2615 2291 maculas
2665 2240 2918 2306 accipiat,
2955 2242 3047 2294 sed
3098 2251 3156 2295 ut
3205 2242 3314 2298 illis

68 2322 279 2393 ἡλιακὴν
315 2322 529 2392 ταύτην
558 2323 660 2394 τὴν
693 2323 1022 2395 φαινομένην
1053 2326 1332 2396 ἐνέργειαν
1361 2329 1505 2400 (ὅσον
1531 2329 1640 2383 ἀπὸ

69 2413 146 2466 τοῦ
195 2414 501 2485 κτίσματος
549 2415 901 2487 παραστῆσαι
946 2415 1041 2471 τοῦ
1095 2419 1312 2473 κτίστου
1359 2420 1458 2492 τὴν
1501 2424 1637 2495 πρό-

71 2509 241 2576 νοιαν).
263 2508 457 2578 Ἴσμεν
497 2508 596 2578 μὲν
627 2507 757 2579 γὰρ,
783 2509 865 2562 ὅτι
897 2510 991 2563 κα)⁸
1015 2511 1043 2563 ό
1071 2511 1221 2581 ἥλιος
1250 2514 1310 2566 ού
1336 2513 1436 2578 τὰς
1459 2516 1634 2586 ήπλω-

73 2598 222 2666 μένας
258 2598 425 2670 μόνον
451 2599 754 2670 ἐπιλάμπει
785 2599 988 2671 χώρας,
1017 2603 1152 2656 ἀλλὰ
1183 2605 1276 2658 καὶ
1303 2605 1426 2659 ὅσαι
1465 2607 1635 2661 κοιλό-

70 2707 202 2760 τεραι
232 2693 328 2744 καὶ¹
355 2692 459 2762 τῆς
479 2691 783 2763 ἀντρώδους
808 2691 999 2763 ἔλαχον
1031 2693 1252 2760 θέσεως.
1282 2696 1632 2769 Παυσώμεθα

69 2782 246 2847 τοίνυν,
284 2784 341 2836 εί
358 2800 507 2848 τινες
540 2783 713 2847 οὕτως
742 2784 1066 2856 φρονοῦμεν,
1095 2787 1169 2850 ὡς
1197 2789 1226 2841 ὁ
1251 2787 1406 2858 λόγος
1439 2791 1633 2860 φησίν·

74 2873 422 2944 μιμησώμεθα
454 2875 514 2927 δέ
553 2874 648 2928 τοῦ
679 2876 947 2930 Δεσπότου
981 2877 1042 2930 τὸ
1087 2879 1266 2943 ἵλεων,
1315 2881 1410 2934 καὶ
1448 2881 1636 2950 φιλάν-

71 2963 283 3035 θρωπον,
314 2970 431 3030 τοῖς
459 2969 738 3030 ταπεινοῖς
770 2965 860 3020 διὰ
889 2965 1046 3022 τοῦτο
1073 2971 1596 3038 συγκαταδαίνοντες
1615 2989 1629 3004 ο

70 3055 150 3123 οὐχ
177 3055 262 3110 ἵνα
289 3056 480 3119 αὐτοῖς
519 3058 792 3128 κειμένοις
821 3059 1360 3133 συνταπεινωθῶμεν,
1399 3063 1514 3116 ἀλλ’
1545 3064 1632 3118 ἵνα
1659 3094 1700 3149 C

71 3146 342 3211 κάκείνους
372 3147 686 3219 ύψώσωμεν
704 3165 718 3180 ο
748 3143 858 3204 οἷον
887 3150 1224 3223 κολυμϐηταί
1248 3171 1392 3219 τινες
1412 3155 1631 3228 ἐφυδροι

69 3238 175 3299 τοὺς
229 3239 578 3310 παγομένους
632 3239 768 3312 πρὸς
815 3241 908 3295 τὸν
958 3241 1187 3307 ζωτικὸν
1247 3245 1386 3317 ἀέρα
1443 3247 1631 3302 τοῦτον

69 3327 381 3395 ἀπέλκοντες.

135 3508 346 3580 Ἐπειδὴ
392 3509 455 3563 δέ
491 3510 630 3581 πρὸς
679 3511 910 3586 ἀρίστην
953 3529 1139 3586 νόησιν
1170 3515 1233 3569 τὸ
1279 3512 1629 3586 εὐαγγελικὸν

68 3599 281 3672 γράμμα
346 3604 722 3673 χειραγωγεῖ,
787 3605 920 3678 φέρε
979 3607 1117 3678 πρὸς
1165 3607 1257 3661 τὸν
1318 3610 1628 3679 ἐμπεσόντα

70 3695 245 3746 σκοπὸν
273 3695 504 3758 ἑαυτοὺς
533 3695 928 3768 ἀποτείνωμεν.
963 3698 1243 3770 Θαυμάζω
1271 3700 1474 3771 σφόδρα
1503 3702 1628 3765 τοὺς

68 3782 148 3852 τὴν
189 3786 409 3856 ἐμπαθῆ
470 3787 674 3856 ταύτην
725 3788 820 3842 καὶ
873 3788 1155 3860 φιλήδονον
1211 3793 1628 3862 περικειμένους

71 3873 242 3943 σάρκα,
289 3877 641 3947 ἡττωμένους
689 3879 747 3932 δέ
789 3881 1109 3952 καθημέραν
1159 3879 1328 3932 ὕπνου
1379 3881 1476 3934 καὶ
1521 3898 1625 3950 γα-

71 3966 232 4035 στρόςο
259 3968 324 4022 ού
367 3970 477 4039 μὴν
511 3969 634 4022 οὐδὲ
665 3970 776 4025 τῶν
822 3971 998 4026 ἄλλων
1043 3971 1350 4042 ἐρεθισμῶν
1382 3972 1624 4044 ἀπείρως

71 4054 285 4126 ἔχοντας,
313 4060 425 4113 τῶν
441 4061 556 4114 ὅσοι
587 4061 853 4134 γνώριμοι
879 4065 1044 4116 πᾶσιν
1069 4064 1201 4134 ἡμῖν
1221 4065 1334 4128 τοῖς
1359 4063 1460 4133 τῆς
1494 4066 1624 4134 μιᾶς

70 4149 266 4222 καὶτῆς
297 4151 471 4223 αὐτῆς
504 4153 819 4207 κοινωνοῦσι
861 4155 1096 4225 φύσεως,
1125 4156 1276 4219 ὅπως
1313 4154 1421 4208 είσὶ
1455 4156 1623 4227 σκλη-

71 4239 138 4306 ροὶ
168 4240 415 4296 δικασταὶ
454 4244 565 4297 τῶν
613 4246 1054 4317 ἁμαρτανόντων,
1095 4245 1189 4299 καὶ
1222 4245 1436 4300 ἑαυτῶν
1486 4263 1623 4316 συγ-

1732 2320 1999 2390 justitiam
2035 2341 2186 2380 suam
2238 2328 2623 2397 impertiatur:
2675 2331 2846 2386 instar
2895 2333 3120 2404 hujusce
3157 2337 3314 2400 solis,

1737 2429 1895 2483 quem
1925 2416 2217 2483 cernimus,
2256 2419 2347 2488 qui
2378 2420 2528 2489 (licet
2547 2423 2692 2477 enim
2721 2437 2785 2477 ex
2806 2439 2864 2478 re
2887 2437 3166 2494 procreata
3190 2439 3315 2496 pro-

1738 2509 1998 2562 creatoris
2047 2512 2440 2580 providentiam
2500 2515 2824 2586 intelligere)
2871 2533 2975 2572 non
3012 2519 3200 2587 planas
3229 2535 3315 2576 so-

1739 2597 1845 2652 lum
1880 2601 2126 2670 regiones
2177 2604 2431 2670 illustrat,
2469 2607 2562 2661 sed
2606 2608 2725 2663 illas
2779 2611 2966 2676 etiam,
3023 2627 3143 2682 qua:
3187 2622 3314 2668 sunt

1735 2692 1906 2746 antris
1963 2695 2320 2766 cavernisque
2393 2707 2668 2755 tortuosae.
2750 2703 3090 2772 Deponamus
3149 2705 3316 2775 igitur

1735 2778 2126 2854 arrogantiam,
2156 2789 2200 2843 si
2243 2789 2333 2858 qui
2383 2791 2518 2846 tales
2557 2807 2765 2858 sumus,
2798 2795 2970 2863 qualis
3010 2806 3091 2851 est
3122 2799 3188 2863 is,
3219 2799 3310 2866 qui

1737 2873 1838 2928 hac
1866 2876 2114 2932 oratione
2158 2879 2466 2949 descriptus
2508 2891 2637 2950 est,
2671 2883 3054 2956 iutiteuturque
3102 2889 3313 2943 Domini

1735 2966 2160 3022 misericordiam
2192 2979 2249 3025 et
2278 2971 2690 3040 humanitatem,
2731 2977 2962 3034 lnnniles
2999 2991 3053 3034 et
3085 2980 3316 3036 amictus

1736 3060 1807 3110 ita
1841 3059 2282 3128 complectentes,
2329 3079 2434 3118 non
2472 3075 2530 3118 ut
2566 3081 2688 3120 cum
2728 3068 2835 3123 illis
2852 3069 3158 3138 jacentibus
3182 3087 3314 3127 cou-

1735 3158 2062 3217 sternamur,
2122 3154 2214 3208 sed
2250 3163 2307 3206 ttt
2359 3169 2453 3210 eos
2493 3158 2672 3225 potius
2720 3161 3045 3227 excitemus,
3091 3173 3145 3217 et
3191 3173 3312 3218 tan-

1734 3257 1893 3311 quam
1926 3244 2130 3314 egregii
2175 3246 2395 3313 quidam
2449 3249 2756 3304 urinatores
2803 3251 2854 3304 in
2898 3256 3053 3322 aquis
3093 3259 3310 3311 demer-

1732 3347 1845 3399 sos,
1877 3347 1940 3387 ac
1968 3334 2340 3399 moribundos,
2369 3335 2435 3389 ad
2466 3336 2680 3391 vitalem
2724 3339 2868 3395 hunc
2912 3355 3093 3396 aerem
3124 3355 3310 3398 extra-

1732 3425 1942 3479 hamus.

1801 3515 2064 3582 Quoniam
2101 3525 2280 3573 autem
2326 3519 2774 3590 pulcherrimum,
2806 3539 3123 3595 summeque
3151 3529 3309 3584 nobis

1731 3610 1859 3663 utile
1886 3609 2098 3679 signum
2132 3623 2441 3681 proponunt
2487 3614 2601 3668 haec
2631 3613 2906 3685 Evangelii
2933 3619 3174 3685 scripta,
3206 3635 3306 3689 age

1731 3701 1857 3755 illuc
1888 3703 2084 3759 mentis
2126 3704 2296 3758 aciem
2337 3705 2704 3761 intendamus.
2744 3705 3104 3763 Vehementer
3143 3711 3308 3766 admi-

1733 3809 1843 3858 ror,
1876 3810 1982 3864 quo
2015 3798 2173 3851 modo
2197 3800 2305 3865 isti,
2338 3799 2427 3868 qui
2462 3810 2652 3854 natura
2683 3803 3180 3869 perturbationibus
3203 3806 3304 3859 ob-

1731 3887 1910 3950 noxia,
1958 3887 2402 3959 voluptatumque
2455 3892 2698 3946 studiosa
2762 3894 3084 3949 circumdati
3145 3906 3302 3963 sunt,

1728 3974 1927 4045 quique
1951 3984 2064 4030 tum
2094 3979 2418 4046 dormiendi,
2449 3991 2560 4036 tum
2590 3985 2807 4050 edendi,
2840 3996 2894 4040 et
2929 3989 3144 4044 caeteris
3171 4006 3304 4045 ven-

1727 4067 1796 4120 tri
1853 4071 2176 4126 necessariis
2219 4073 2406 4128 usibus
2457 4075 2699 4144 quotidie
2747 4089 2962 4148 parent,
3003 4092 3168 4154 atque
3208 4087 3304 4140 iis-

1725 4158 1846 4214 dem
1881 4161 2263 4231 cupiditatibus
2306 4164 2521 4221 incitarl
2573 4183 2633 4224 se
2680 4172 2939 4238 sentiunt,
2990 4188 3127 4244 quas
3180 4192 3301 4243 nos,

1723 4251 1817 4321 qui
1844 4267 1951 4308 una
1978 4255 2275 4327 eademque
2309 4273 2430 4313 cum
2472 4260 2580 4316 illis
2613 4272 2804 4318 natura
2844 4267 3054 4334 prmditi
3089 4284 3301 4336 sumus,

69 4330 342 4399 γνώμονες·
375 4335 627 4398 ἀσθενεῖς
659 4338 979 4406 ἀγωνισταὶ,
1021 4339 1113 4391 καὶ
1131 4338 1497 4409 ἀπαραίτητοι
1535 4357 1624 4393 vom

1737 4346 2055 4414 experimur,
2105 4349 2400 4419 iuiquiores
2439 4367 2520 4417 se,
2564 4369 2630 4408 ac
2677 4356 2923 4414 duriores
2953 4359 3003 4412 in
3054 4373 3172 4426 eos,
3210 4364 3302 4432 qui

72 4419 294 4484 μοθέται·
323 4423 404 4487 ώς
446 4425 541 4478 καὶ
582 4427 680 4497 τῆς
713 4427 812 4480 τοῦ
845 4427 980 4481 Θεοῦ
1028 4427 1436 4500 φιλανθρωπίας
1469 4431 1620 4484 ἀναι-

1737 4446 1971 4504 peccant,
1996 4437 2203 4507 judiccs
2244 4443 2540 4512 pnebeant,
2589 4445 2800 4517 sibique
2845 4419 3175 4519 pugnatores
3216 4419 3301 4508 iu-

71 4514 164 4578 ρεῖν
182 4513 274 4585 τὴν
301 4515 515 4580 ἐλπίδα,
569 4520 663 4571 καὶ
691 4519 1075 4591 ἀποφράττειν,
1093 4521 1168 4584 ώς
1196 4519 1494 4591 νομίζουσι,
1523 4522 1626 4592 τὴν

68 4600 268 4668 ἄφθονον
294 4605 392 4659 τοῦ
429 4607 616 4671 ἐλέους
645 4610 850 4681 πηγὴν,
887 4611 981 4664 καὶ
1014 4612 1152 4682 μετὰ
1191 4612 1392 4683 πολλῆς
1423 4614 1478 4666 δὲ
1524 4616 1622 4687 τῆς

71 4690 324 4760 αὑθεντίας
348 4697 664 4752 ἀποκλείειν
692 4703 805 4762 τοῖς
840 4699 1190 4770 πλανηθεῖσιν
1215 4701 1315 4772 τῆς
1346 4701 1622 4772 βασιλείας

70 4783 146 4853 τὴν
173 4787 388 4842 εῐσοδον.
418 4789 591 4843 Τοῦτο
619 4790 678 4844 δὲ
709 4792 863 4845 οὐδὲν
899 4792 1030 4846 ἄλλο
1059 4793 1092 4864 ἢ
1128 4793 1222 4847 καὶ
1246 4794 1465 4865 νομικὸν
1509 4794 1620 4866 (60)

72 4877 345 4948 ἀπόγνιικτιν
390 4885 640 4955 ἐμποιεῖν
680 4885 878 4956 ψυχαῖς
927 4886 1171 4957 ἰατρείαν
1214 4886 1524 4957 ζητούσαις.
1564 4890 1622 4942 '0

67 4969 153 5038 γὰρ
192 4973 287 5042 τῆς
328 4973 628 5044 θεραπείας
666 4975 993 5042 ἀπελπίσας,
1029 4976 1215 5042 δοῦλος
1237 4978 1450 5047 γίνεται
1499 4979 1625 5034 καθ-

73 5059 193 5128 άπαξ
231 5065 329 5134 τῆς
360 5067 555 5119 νὸσου’
591 5068 688 5122 κα)⁸
731 5068 836 5139 πρό
863 5085 927 5137 γε
961 5070 1146 5137 πάσης
1196 5071 1297 5141 τῆς
1327 5070 1436 5123 τῶν
1487 5073 1624 5142 ’θμε-

67 5150 210 5218 τέρων
235 5155 465 5227 Γραφῶν
494 5160 832 5228 ἐπαγγελίας
862 5161 1144 5234 ἀλλότριος
1169 5179 1183 5193 ·
1215 5163 1336 5216 οὐδὲ
1367 5163 1478 5236 γὰρ
1508 5165 1624 5218 ἐκεῖ

68 5239 127 5306 τῷ
159 5249 380 5312 συνετῶς
407 5249 718 5316 ἐξετάζοντι
751 5252 1012 5317 τοιοῦτον,
1043 5254 1074 5307 ὃ
1117 5255 1191 5327 μὴ
1231 5255 1393 5327 χάρις
1429 5256 1618 5329 δωρεῖ-

67 5345 154 5393 ται,
194 5340 280 5391 καὶ
315 5339 608 5412 θεραπεύει
641 5345 959 5419 συγγνώμη.
991 5348 1103 5402 Καὶ
1135 5348 1219 5411 τίς
1267 5347 1439 5412 οὕτως
1487 5351 1618 5403 ὑπό-

70 5437 219 5492 κωφος
257 5433 345 5484 καὶ
379 5435 616 5505 ἀνήκοος
656 5437 764 5490 τῶν
794 5438 972 5507 λόγων
1014 5439 1107 5494 τοῦ
1143 5439 1286 5507 Ἰὼϐ,
1319 5440 1618 5514 διαρρήδην

129 5682 221 5753 (Uti)
258 5703 343 5753 γρ.
387 5686 594 5754 ἇιλως
614 5689 978 5761 οἰκονομικόν.

1729 4528 1870 4583 ﬁrmi
1896 4538 2005 4583 tam
2040 4530 2201 4587 facile
2228 4533 2559 4604 indulgeant,
2607 4539 2660 4590 in
2707 4539 2842 4594 alios
2889 4553 3068 4596 autem
3112 4545 3301 4599 arbitri

1726 4635 1849 4677 esse
1884 4621 2050 4679 velint
2097 4624 2484 4691 inexorabiles,
2529 4628 2666 4684 adeo
2711 4640 2771 4685 ut
2819 4631 2911 4687 Dei
2952 4634 3302 4705 benignitatis

1723 4726 1873 4781 spem
1903 4713 2173 4781 auferant,
2205 4714 2534 4788 uberemque
2560 4719 2946 4777 misericordiae
2974 4724 3174 4780 fontem
3201 4729 3302 4780 ob-

1723 4813 1956 4871 struant,
1997 4817 2054 4860 ttt
2089 4807 2188 4876 ipsi
2221 4817 2430 4878 putant,
2464 4809 2739 4880 multaque
2780 4815 3099 4869 auctoritate
3145 4817 3297 4887 regni

1722 4897 1926 4952 aditum
1983 4900 2292 4956 errantibus
2355 4902 2686 4972 patefaciant
2747 4903 3096 4980 [occludunt].
3146 4910 3300 4976 Quod
3359 4937 3366 4942 ο

1723 5000 1843 5042 cum
1880 4987 2012 5042 nihil
2041 4989 2187 5045 aliud
2220 4991 2311 5058 sit,
2345 5007 2508 5061 quam
2551 4994 2750 5050 animis
2789 4997 3123 5053 curationem
3151 5017 3302 5070 qua:-

1726 5080 1968 5135 rentibus
1999 5081 2434 5152 desperationem
2480 5084 2769 5154 obiicere:
2815 5088 2901 5141 cui
2957 5090 3099 5144 enim
3143 5108 3301 5146 cura-

1728 5169 1888 5224 tionis
1916 5170 2164 5240 adempta
2190 5186 2316 5241 spes
2341 5184 2446 5240 est,
2487 5175 2532 5229 is
2571 5175 2728 5245 plane
2752 5177 2925 5231 morbi
2962 5194 3153 5237 servus
3181 5185 3298 5239 etii-

1727 5260 1893 5324 citur,
1940 5270 2050 5316 tum
2090 5264 2158 5317 ab
2197 5265 2343 5318 omni
2380 5263 2592 5321 alienus
2625 5276 2709 5322 est
2747 5267 3158 5337 Scripturarum
3202 5291 3298 5328 no-

1722 5359 1956 5406 strarum
1993 5355 2390 5423 promissione:
2435 5357 2491 5413 in
2533 5360 2752 5428 quibus,
2785 5361 2829 5416 si
2875 5362 3163 5433 diligenter
3203 5383 3294 5420 ex-

1723 5443 1925 5514 plores,
1981 5445 2118 5500 nihil
2164 5455 2274 5502 tam
2333 5463 2498 5520 grave
2553 5453 2848 5524 reperitur,
2894 5457 3038 5526 quod
3089 5464 3194 5514 nun
3245 5470 3296 5512 et
