3820 6310
458 272 567 329 535

1739 258 1796 312 S.
1842 252 2114 311 ASTERll
2166 253 2466 310 AMASENI

3636 257 3762 310 3'56

456 401 630 458 gratia
671 382 979 442 condonet,
1034 387 1088 431 et
1130 373 1498 430 misericordia
1545 387 1692 433 cure;
1738 382 1898 441 atque
1933 388 2060 432 cxx

2182 371 2269 443 ρὸς
2332 371 2539 434 πάντας
2598 371 2900 435 ἐκϐοῶντος
2940 372 3044 437 ὅτι,
3081 371 3290 439 Οὐδεὶς
3328 371 3592 440 καθαρὸς
3618 373 3760 427 ἀπὸ

457 483 586 548 piet.
624 476 756 544 Quis
791 482 972 526 autem
1011 470 1147 523 adeo
1191 468 1408 528 surdus,
1441 465 1530 535 qui
1566 466 1727 519 verba
1777 462 1878 520 Job
1931 480 2036 517 non

456 568 816 630 ex‘audiverit,
873 564 1017 617 clara
1075 576 1207 616 voce
1275 560 1356 614 sic
1418 574 1607 613 onmes
1670 557 2039 626 alloquentis:

464 664 631 718 Nemo
666 660 892 714 mundus
927 675 960 710 a
989 656 1163 719 sorde,
1213 671 1273 708 ne
1307 653 1484 721 infans
1518 652 1749 720 quidem,
1787 651 1936 719 cujus
1967 660 2041 704 est

460 755 614 808 unius
641 753 744 804 diei
775 751 880 804 vita
903 765 1057 816 super
1080 757 1272 800 terram
1312 747 1356 778 δ’
1377 746 1400 798 ?
1421 745 1744 813 Quanquam
1798 745 1920 813 quis
1961 753 2044 798 est

2138 469 2363 536 ῥύπου,
2383 464 2570 536 ἡμέρα
2593 467 2717 519 οὐδ’
2747 466 2824 520 ἂν
2834 467 2942 535 μία
2961 467 2998 533 ἡ
3024 465 3135 534 ζωὴ
3159 466 3342 520 αὐτοῦ
3369 465 3500 534 (60⁸)
3523 482 3542 532 ;
3571 467 3682 530 Τίς
3709 466 3761 518 δ’

2147 559 2212 613 ἂν
2243 557 2537 630 σωφρονῶν
2579 557 2830 612 τοσοῦτον
2871 558 3212 628 φρονήσειεν,
3256 557 3332 620 ὡς
3378 559 3764 629 ὑποκείμενος

2148 652 2422 716 εὐθύναις,
2453 652 2547 705 καὶ
2587 650 2788 715 ταύτας
2828 652 2884 705 ὲν
2907 651 3244 721 δικαστηρίῳ
3281 651 3440 714 Θεοῦ,
3482 652 3764 722 περιττὸν

2151 743 2359 798 οἴεσθαι
2379 742 2734 814 συγγνώμην,
2775 744 2870 796 καὶ
2908 743 3126 813 ἀχρεῖον
3169 743 3258 795 τὸν
3288 744 3468 810 ἐλεον;

462 857 570 900 tam
595 844 757 911 frugi,
792 842 916 911 quis
949 853 1054 894 tam
1106 838 1352 892 modeste
1399 851 1457 890 se
1489 836 1646 904 gerit,
1681 837 1772 905 qui
1808 835 1854 890 si
1885 836 2043 890 modo
2082 838 2277 906 sapiat,
2305 851 2427 890 cum
2460 835 2721 889 rationem
2767 836 2933 888 totius
2962 835 3088 887 vita:
3122 849 3233 887 sua:
3295 835 3608 889 redditurus
3653 835 3759 909 sit,

461 940 621 1009 idque
668 938 720 990 in
773 935 867 988 Dei
923 933 1127 1001 judicio
1173 931 1532 991 constitutus,
1585 943 2050 997 supervacaneum
2076 940 2247 1001 putet,
2280 927 2432 982 alteri
2489 928 2805 998 ignoscere,
2849 937 2905 982 et
2952 927 3382 981 misericordiam
3422 925 3762 997 impertiri?

379 1059 400 1066 —
483 1061 505 1076 ~
531 1030 684 1097 Quod
719 1029 763 1083 si
797 1029 863 1081 ad
891 1042 1164 1080 summum
1187 1025 1412 1094 jnstitia:
1441 1023 1840 1092 probitatisque
1883 1023 2043 1077 fasti-

460 1124 604 1193 gium
645 1120 1040 1189 pervenissent,
1101 1118 1237 1171 adeo
1259 1125 1341 1182 ut,
1401 1115 1858 1184 quemadmodum
1911 1115 2047 1169 scri-

459 1226 610 1285 ptum
659 1224 740 1266 est
786 1213 869 1277 9°,

461 1308 750 1368 calcarent,
809 1303 1246 1374 pronuntiatiqne
1300 1310 1481 1356 essent
1546 1301 1822 1366 victores,
1872 1309 1926 1353 et
1981 1301 2047 1353 de

462 1409 687 1470 peccato
723 1398 1052 1465 triumphum
1102 1401 1510 1464 reportassent,
1563 1409 1667 1446 non
1720 1403 1898 1447 tamen
1945 1393 2044 1447 de-

462 1491 649 1545 berent
693 1489 921 1543 aliorum
953 1487 1198 1540 omnium
1248 1487 1413 1539 vitam
1451 1485 1517 1538 ad
1565 1485 1894 1540 fortitudinis
1936 1500 2045 1539 sua:

2217 1025 2277 1078 Ei
2322 1023 2380 1076 δὲ
2433 1022 2530 1076 καὶ
2575 1023 2714 1094 πρὸς
2755 1022 2818 1074 τὸ
2883 1021 3181 1094 ἀκρότατον
3235 1022 3589 1092 δικαιοσύνης
3651 1021 3765 1074 καὶ

2146 1115 2432 1187 ἀκριϐείας
2460 1110 2600 1186 ἦσαν
2649 1113 2997 1185 ἐληλακότες,
3032 1114 3375 1185 πατήσαντες
3415 1113 3472 1166 δὲ
3499 1113 3760 1183 ἀληθῶς,

944 1226 1106 1280 super
1162 1209 1478 1278 scorpiones
1551 1218 1713 1276 atque
1765 1219 2048 1278 serpentes

2184 1208 2286 1262 ατά
2313 1209 2373 1260 τὸ
2404 1207 2814 1277 γεγραμμένον,
2857 1206 3042 1259 ὲπάνω
3072 1206 3248 1274 ὄφεων
3295 1207 3389 1260 καὶ⁸
3436 1208 3759 1276 σκορπίων,

2151 1300 2364 1369 νικηταὶ
2398 1298 2456 1352 δὲ
2490 1297 2584 1352 καὶ
2625 1301 2939 1366 στεφανῖται
2973 1300 3118 1350 κατά
3187 1297 3287 1368 τῆς
3333 1297 3614 1368 ἁμαρτίας
3660 1299 3763 1349 ἀν-

2149 1390 2524 1463 ηγορεύθησαν
2545 1408 2558 1422 ·
2585 1391 2691 1443 οὐδ’
2715 1390 2885 1454 οὕτως
2927 1392 3094 1462 ὲχρῆν
3130 1389 3266 1460 πρὸς
3295 1391 3392 1460 τὴν
3420 1391 3629 1443 οἰκείαν
3664 1392 3762 1444 ἀν-

2151 1484 2334 1555 δρείαν
2367 1483 2462 1537 καὶ
2492 1482 2602 1535 τῶν
2625 1483 2800 1536 ἀλλων
2834 1483 3090 1536 ἁπάντων
3131 1481 3432 1544 κανονίζειν
3460 1483 3553 1534 τὸν
3597 1483 3754 1551 βίον·

463 1584 702 1650 regulam
738 1580 972 1650 dirigere
1008 1585 1064 1632 et
1105 1576 1425 1646 explorare,
1487 1577 1578 1629 sed
1622 1575 1876 1631 virtutem
1921 1591 2047 1644 pro-

2182 1576 2285 1630 ,λλά
2317 1576 2556 1648 τῆς-μὲν
2595 1575 2733 1638 ἰδίας
2765 1575 3169 1646 εὐδοκιμήσεως
3223 1575 3300 1643 τῷ
3331 1575 3594 1626 δεδωκότι
3624 1575 3759 1644 Θεῷ

459 1676 634 1745 priam
685 1685 962 1741 acceptam
1011 1669 1308 1724 referentes
1341 1668 1425 1732 ei,
1482 1667 1636 1734 cujus
1691 1666 1954 1722 beneficio.
1996 1674 2053 1734 et

464 1780 690 1821 munere
723 1763 913 1831 adjuti,
945 1762 1112 1815 vitam
1143 1761 1416 1828 sapienter
1458 1758 1825 1831 instituentes,
1850 1757 2057 1810 Adver—

469 1856 598 1909 sarii
636 1851 1030 1908 tentationihus
1064 1866 1169 1904 non
1203 1828 1641 1908 succubuissent.
1674 1847 2053 1903 imbecilliori-

401 1944 404 1946 ’
471 1950 570 2004 bus
598 1947 920 2016 aillictisque
949 1945 1202 2000 fraternae
1225 1941 1575 2008 benignitatis
1602 1939 1883 2000 dexteram
1923 1955 2051 2008 por-

467 2040 664 2108 rigere,
712 2051 914 2105 eosque
973 2050 1004 2088 a
1061 2033 1266 2104 peccati
1324 2031 1436 2088 luto
1479 2031 1534 2085 et
1596 2029 2054 2098 inquinationibus

465 2135 680 2201 eripere
734 2140 898 2198 atque
927 2126 1191 2180 excitare.
1245 2122 1358 2178 lloc
1405 2123 1549 2179 enim
1595 2130 1751 2192 pacto
1790 2121 2052 2188 duplicem

468 2225 683 2280 Iaudem
742 2221 998 2284 assecuti,
1061 2229 1172 2273 tum
1245 2217 1480 2286 propria:
1530 2215 1882 2279 fortitudinis,
1942 2223 2052 2268 turn

468 2317 722 2372 fraternae
768 2312 1151 2376 humanitatis,
1202 2307 1590 2364 misericordiae
1641 2308 1862 2377 praemia
1919 2305 2057 2360 reei-

468 2417 676 2477 perent.
732 2404 883 2460 Nune
913 2414 1128 2467 autem,
1161 2418 1282 2456 etttn
1326 2400 1576 2454 homines
1625 2401 1732 2452 sint
1767 2413 1833 2451 ex
1867 2412 2055 2451 eorum

471 2495 861 2564 numerofqui
915 2493 1065 2548 humi
1120 2501 1332 2562 repunt.
1387 2492 1667 2557 vitamque
1714 2489 1913 2559 degant
1951 2503 2055 2541 non

470 2587 782 2658 angelorum
807 2595 862 2639 et
889 2583 1195 2639 caelestium
1227 2581 1440 2634 illarum
1473 2582 1763 2647 mentium,
1791 2596 1913 2649 quas
1937 2595 2060 2634 cor-

469 2694 601 2748 pore
623 2686 831 2740 carent,
862 2676 987 2729 vita:
1019 2673 1275 2734 similem,
1305 2672 1398 2727 sed
1435 2672 1622 2736 talem,
1662 2687 1782 2742 qua:
1818 2673 1871 2724 in
1917 2671 2060 2740 judi-

471 2773 616 2827 cium
650 2770 831 2826 vocari
865 2779 1028 2837 atque
1059 2765 1311 2836 redargui
1347 2765 1540 2833 possit,
1578 2779 1796 2819 severos
1823 2775 1876 2819 et
1911 2780 2060 2818 aecr-

473 2864 572 2917 hos
629 2875 688 2916 se
747 2859 957 2928 jndices
1003 2858 1266 2926 pra‘bent,
1324 2865 1714 2924 contractaque
1771 2855 2060 2925 supercilio

2152 1671 2250 1742 τὴν
2304 1670 2461 1742 χάριν
2524 1668 2826 1738 ὁμολογεῖν,
2877 1668 2958 1719 ὅτι
3012 1667 3106 1719 καὶ
3169 1665 3332 1734 φύσιν
3392 1665 3759 1742 ἡγεμονικῶς

2153 1759 2477 1831 ήνιόχησαν,
2513 1761 2605 1812 καὶ
2640 1759 2962 1830 πειρασμῶν
3004 1760 3307 1812 σατανικῶν
3347 1759 3448 1811 οὐκ
3491 1759 3758 1827 ἐγένοντο

2154 1854 2400 1924 χείρους’
2435 1855 2550 1915 τοῖς
2589 1851 2646 1904 δὲ
2678 1851 3042 1922 ἀσθενήσασιν
3069 1851 3284 1921 ὀρέγειν
3331 1851 3758 1924 φιλανθρωπίας

2153 1944 2352 2008 δεξιάν,
2389 1944 2482 1997 καὶ
2529 1944 2834 2012 ἀνεγείρειν
2866 1945 2930 2018 ἐκ
2973 1942 3065 1996 τοῦ
3098 1943 3294 2013 πηλοῦ,
3333 1946 3426 1997 καὶ
3455 1944 3755 2016 καθαίρειν

2156 2040 2221 2091 ὲκ
2274 2037 2380 2090 τῶν
2435 2036 2819 2108 μολυσμάτων.
2870 2036 3101 2091 Διπλοῦν
3158 2037 3268 2109 γὰρ
3315 2037 3381 2090 ἂν
3431 2037 3608 2102 οὕτως
3655 2038 3756 2091 τον

2157 2129 2376 2190 ἔπαινον
2423 2129 2642 2200 ήραντο,
2671 2129 2774 2198 τῆς
2800 2146 2862 2185 ¹τε
2899 2129 3034 2192 ἰδίας
3064 2129 3432 2201 ἀνδραγαθίας
3460 2131 3602 2200 ὁμοῦ
3652 2133 3757 2184 καὶ

2157 2222 2259 2292 τῆς
2293 2221 2620 2290 φιλαδέλφου
2667 2223 2762 2274 καὶ
2810 2223 3050 2293 χρηστῆς
3102 2221 3445 2291 συμπαθείας
3492 2223 3564 2274 τά
3611 2223 3759 2293 γέρα

2157 2312 2547 2383 λαμϐάνοντες.
2581 2314 2716 2366 Νυνὶ
2747 2313 2803 2366 δὲ
2835 2312 3114 2383 ἄνθρωποί
3143 2329 3203 2365 τε
3240 2312 3391 2375 ὄντες
3427 2312 3538 2365 τῶν
3574 2315 3758 2382 χαμαὶ

2159 2407 2489 2476 ἐρχομένων,
2530 2406 2626 2460 καὶ
2665 2405 2864 2468 ζῶντες
2892 2405 3005 2474 βίον
3031 2406 3092 2458 οὺ
3124 2405 3216 2458 τὸν
3253 2405 3543 2473 ἀγγελικὸν
3581 2407 3758 2474 ἐγγὺς

2157 2497 2266 2551 τῶν
2307 2499 2638 2568 ἀσωμάτων,
2679 2497 2814 2550 ἀλλά
2846 2497 3107 2558 τοιοῦτον,
3132 2492 3242 2550 οἷον
3286 2499 3350 2552 ἄν
3387 2515 3471 2560 τις
3513 2499 3613 2551 καὶ
3661 2496 3758 2550 ὑπ’

2160 2588 2390 2652 εὐθύνας
2414 2589 2611 2657 ἀγάγοι
2643 2591 2736 2642 καὶ
2763 2589 3058 2658 σκώψειενο
3088 2587 3400 2651 δικάζουσιν
3433 2588 3757 2658 αὐστηρῶς,

2160 2683 2254 2734 καὶ
2286 2680 2424 2750 μετά
2472 2679 2668 2748 πολλῆς
2714 2680 2813 2748 τῆς
2857 2678 3141 2740 αὐθεντίας
3172 2679 3269 2746 τὴν
3317 2676 3761 2746 κατακρίνουσαν

2162 2771 2388 2842 φέρουσι
2418 2769 2600 2838 ψῆφον
2619 2785 2633 2799 ·
2667 2769 2742 2832 ὼς
2781 2770 2879 2839 ἐμὲ
2911 2767 3167 2830 πολλάκις
3196 2767 3298 2819 ὑπὸ
3330 2767 3426 2819 τοῦ
3456 2765 3626 2833 τύφου
3660 2768 3761 2819 καὶ

2160 2863 2262 2933 τῆς
2290 2862 2610 2927 ἀλαζονείας
2635 2860 3069 2930 ἀποπνιγόμενον
3101 2861 3275 2912 εἰπεῖν
3313 2860 3398 2912 ἐπ’
3423 2860 3608 2920 αὐτοῖς
3655 2859 3760 2921 τὰς

473 2953 798 3009 sententiam
832 2950 1030 3012 ferunt,
1063 2956 1117 3002 et
1149 2949 1429 3012 damnant,
1475 2956 1537 3010 ut
1577 2961 1781 3002 eorum
1805 2946 2060 3014 superbia

2182 2955 2530 3025 ίὺαγγελικάς
2576 2957 2763 3026 ῥήσεις
2788 2996 2803 3019 ,
2849 2955 2930 3007 ὃτι
2967 2953 3064 3016 τὰς
3097 2953 3286 3016 δοκοὺς
3329 2955 3386 3004 ὲν
3429 2955 3543 3015 τοῖς
3599 2952 3758 3014 ἰδίοις

475 3043 898 3113 arrogantiaque
929 3046 1234 3095 commotus
1257 3053 1424 3108 cogar
1454 3051 1548 3102 eos
1577 3035 1849 3104 Evangelii
1878 3035 2059 3089 verbis

477 3135 846 3206 compellare:
879 3132 968 3200 qui
1015 3130 1354 3190 cumtrahes
1390 3128 1626 3199 propriis
1663 3127 1715 3182 in
1757 3127 1932 3182 oculis
1960 3142 2059 3182 ex-

478 3229 734 3285 sistentes
759 3241 865 3280 non
902 3233 1151 3289 cernant,
1188 3237 1254 3278 ex
1292 3222 1522 3276 aliorum
1556 3221 1727 3276 oculis
1774 3221 1943 3275 velint
1981 3219 2061 3274 fe-

480 3330 666 3376 stucas
695 3318 894 3387 ejicere
939 3316 984 3346 ⁹¹
1021 3333 1038 3372 ι
1079 3329 1310 3383 eumque
1344 3313 1664 3382 gravissima
1695 3326 1860 3365 onera
1901 3320 2062 3366 caete--

481 3426 668 3466 rorum
700 3408 941 3463 humeris
972 3408 1273 3476 imponant,
1319 3405 1494 3459 severi
1527 3402 1736 3472 judiccs
1783 3403 2062 3468 incedunt,

481 3515 536 3559 et
557 3519 680 3560 cum
707 3500 1003 3557 imbecilles
1029 3499 1128 3569 ipsi
1150 3513 1290 3554 onus
1329 3512 1486 3553 suum
1518 3495 1661 3550 ferre
1693 3511 1800 3550 non
1831 3496 2061 3564 possint,

478 3597 678 3653 Christi
707 3593 964 3650 tribunal
988 3598 1390 3662 praeoccupant,
1420 3597 1476 3642 et
1501 3588 1701 3658 judicis
1741 3589 2063 3643 sententiam

482 3688 817 3760 prarripiuut.
855 3685 1010 3738 Servi
1036 3693 1414 3742 contumaces,
1447 3679 1538 3749 qui
1572 3678 1852 3733 conservis
1883 3677 2064 3732 immi-

483 3792 564 3836 tes
596 3797 654 3834 se
687 3789 846 3849 atque
875 3776 1238 3832 inexorabiles
1271 3775 1536 3842 praebent.

554 3871 610 3926 Si
647 3871 810 3925 Deum
862 3867 1061 3938 cupitis
1111 3863 1378 3926 mmulari,
1419 3862 1561 3931 quod
1617 3861 1684 3915 ad
1717 3859 1834 3928 ejus
1874 3859 2068 3930 imagi-

485 3978 606 4018 nem
643 3962 770 4016 facti
819 3961 960 4024 sitis,
1017 3956 1326 4026 exemplum
1393 3955 1562 4026 ipsius
1594 3954 1903 4008 imitamini.
1934 3954 2066 4018 Vos,

484 4053 578 4122 qui
615 4050 906 4104 Christiani
935 4047 1088 4112 estis,
1124 4046 1216 4116 qui
1262 4045 1479 4098 nomine
1509 4044 1625 4112 ipso
1672 4045 2066 4098 humanitatem

485 4141 834 4214 profitemini,
863 4138 1150 4194 imitamini
1177 4136 1383 4192 Christi
1425 4136 1772 4191 charitatem.
1809 4135 2070 4205 Benigni-

487 4235 616 4290 tatis
643 4233 760 4302 ejus
802 4231 1022 4286 divitias
1059 4228 1424 4291 considerate,
1467 4227 1558 4298 qui
1595 4242 1718 4282 cum
1767 4242 1862 4296 per
1889 4226 2067 4282 homi-

489 4343 612 4383 nem
640 4327 705 4380 ad
739 4326 984 4380 homines
1020 4332 1281 4377 venturus
1313 4331 1484 4386 esset,
1519 4321 1779 4391 praemisit
1802 4318 2066 4376 Joannem

488 4417 822 4488 pmnitentite
867 4428 1172 4485 praeconem
1197 4423 1252 4468 et
1291 4413 1507 4475 ducem,
1543 4419 1597 4466 et
1629 4421 1756 4466 ante
1803 4409 2066 4466 Joannem

489 4504 780 4574 prophetas
827 4515 1040 4566 oumes,
1091 4501 1183 4571 qui
1219 4500 1481 4555 docerent
1528 4499 1796 4564 homines,
1844 4510 1904 4554 ut
1933 4502 2068 4555 resi-

489 4597 778 4667 piscerent,
822 4605 881 4647 ut
919 4593 1158 4647 redirent
1195 4593 1442 4656 inviam,
1471 4603 1526 4646 et
1551 4594 1619 4647 ad
1643 4593 1923 4648 meliorem
1957 4592 2066 4646 fruo

489 4706 610 4761 gem
645 4702 764 4742 sese
797 4694 1198 4740 converterent.
1231 4683 1354 4738 Mox
1404 4687 1519 4754 ipse
1549 4686 1772 4740 veniens
1803 4700 1898 4740 ore
1942 4700 2069 4755 pro-

490 4781 606 4850 prio
638 4779 906 4833 clamabat
946 4791 1014 4830 ex
1044 4791 1273 4846 persona
1304 4792 1400 4830 sua
1427 4794 1440 4829 :
1494 4774 1668 4830 Venite
1697 4776 1766 4829 ad
1805 4791 1920 4841 me,
1951 4791 2068 4827 om-

491 4888 599 4935 nes,
651 4871 740 4938 qui
794 4867 1047 4922 laboratis
1089 4877 1136 4922 et
1177 4867 1380 4918 onerati
1426 4865 1582 4929 estis,
1617 4876 1663 4919 et
1711 4883 1804 4935 ego
1836 4866 2068 4933 reﬁciam

488 4981 577 5018 vos
641 4963 708 5014 ⁹¹.
746 4961 1031 5028 Quomodo
1078 4970 1260 5013 autem
1350 4973 1534 5012 vocem
1589 4973 1740 5011 suam
1793 4961 2070 5012 audientes

489 5052 743 5121 excepit?
798 5051 1010 5106 facilem
1062 5051 1142 5105 eis
1193 5058 1538 5120 peccatorum
1585 5049 1790 5102 veniam
1847 5049 2072 5119 largitus

491 5155 596 5208 est,
629 5143 882 5198 celeriter
921 5144 1068 5211 ipsos
1108 5152 1162 5197 et
1199 5151 1474 5195 momento
1506 5141 1766 5211 temporis
1817 5144 1884 5197 ab
1917 5143 2003 5208 iis,
2043 5160 2074 5199 a

489 5237 687 5304 quibus
717 5235 1072 5304 angebantur,
1109 5231 1396 5288 liberavit:
1440 5231 1674 5288 Verbum
1698 5243 1918 5288 sanctos
1953 5236 2072 5290 red-

492 5325 652 5388 didit,
703 5324 942 5394 Spiritus
989 5325 1366 5390 confirmavit,
1411 5333 1564 5378 vetus
1622 5325 1783 5380 homo
1829 5325 1882 5378 in
1927 5341 2068 5395 aqua

492 5417 736 5489 sepultus
759 5428 864 5484 est,
893 5434 1066 5474 novus
1111 5427 1422 5489 generatus,
1453 5418 1623 5489 gratia
1671 5417 1869 5473 floruit.
1925 5419 2068 5486 Quid

568 5531 614 5564 "
644 5529 745 5589 Job
773 5548 885 5599 xw,
916 5533 949 5586 4
977 5546 1088 5588 sec.
1123 5530 1295 5588 LXX.

2147 3049 2462 3119 ’ὀφθαλμοῖς
2492 3047 2566 3118 μὴ
2608 3047 2917 3117 βλέποντες,
2944 3045 3056 3100 τῶν
3091 3044 3386 3116 ἀλλοτρίων
3414 3043 3590 3111 ὄψεων
3615 3045 3760 3096 ἁπο-

2165 3142 2374 3211 φυσᾶτε
2411 3139 2478 3194 τὰ
2527 3139 2748 3210 κάρφη·
2800 3138 2894 3190 καὶ
2945 3137 3013 3191 τά
3061 3136 3339 3208 βαρύτατα
3393 3135 3590 3208 φορτία
3640 3137 3758 3196 τοῖς

2164 3235 2346 3297 ἄλλοις
2387 3231 2763 3303 δεσμεύοντες,
2804 3233 3170 3302 περινοστεῖτε
3213 3229 3397 3298 βαρεῖς
3438 3227 3624 3298 κριταὶ
3662 3228 3760 3279 καὶ

2164 3324 2410 3386 ἀσθενεῖς
2455 3321 2773 3393 ἀχθοφόροι,
2805 3319 2865 3373 τὸ
2908 3319 3060 3390 βῆμα
3096 3317 3192 3371 τοῦ
3222 3317 3455 3388 Χριστοῦ
3499 3316 3755 3387 προλαμ-

2165 3415 2440 3478 ϐάνοντες,
2485 3412 2579 3465 καὶ
2627 3409 2722 3463 τοῦ
2757 3409 2946 3481 κριτοῦ
2995 3408 3093 3480 τὴν
3141 3409 3414 3476 ἀπόφασιν
3466 3409 3758 3480 προαρπά-

2167 3507 2384 3573 ζοντεςο
2427 3504 2602 3558 δοῦλοι
2639 3502 3079 3574 καταφρονηταὶ,
3123 3498 3220 3553 καὶ
3251 3500 3615 3570 ἀπαραιτητοι
3644 3500 3755 3552 τῶν

2166 3597 2471 3669 ὁμοδούλων
2499 3593 2710 3668 κριταί.
3013 3589 3029 3599 ’

2239 3864 2304 3918 Ei
2349 3862 2573 3933 ζηλοῦτε
2612 3861 2766 3926 Θεὸν,
2806 3861 2883 3923 ὡς
2917 3861 3037 3914 κατ’
3079 3859 3263 3914 εἰκόνα
3301 3857 3633 3922 κτισθεντες,
3667 3875 3754 3927 μι-

2174 3955 2429 4028 μήσασθε,
2490 3954 2644 4025 ὑμῶν
2696 3953 2789 4007 τὸν
2839 3953 3178 4023 ἀρχέτυπονο
3235 3945 3281 4004 ὦ
3330 3949 3666 4020 Χριστιανοὶ,
3693 3948 3752 3998 τὸ

2172 4048 2551 4119 φιλάνθρωπον
2613 4047 2782 4117 ὄνομα
2808 4087 2823 4110 ,
2877 4043 3156 4114 ζηλώσατε
3200 4040 3294 4093 τοῦ
3351 4037 3588 4110 Χριστοῦ
3653 4037 3753 4105 τὴν

2171 4141 2426 4210 ἀγάπηνσ
2463 4138 2806 4208 ἀποϐλέψατε
2841 4136 2978 4208 πρὸς
3017 4136 3106 4188 τὸν
3145 4131 3372 4186 πλοῦτον
3411 4130 3509 4199 τῆς
3541 4127 3750 4180 ἐκεῖνον

2175 4233 2604 4305 φιλανθρωπίας.
2639 4232 2866 4287 Μέλλων
2894 4231 3004 4301 γάρ
3037 4226 3342 4298 ἀνθρώποις
3372 4219 3752 4290 ἐπιφαίνεσθαι

2174 4324 2239 4378 δι’
2274 4323 2586 4396 ἀνθρώπου,
2634 4322 2951 4394 προκαθῆκε
2994 4319 3094 4390 μὲν
3133 4317 3224 4369 τὸν
3262 4313 3535 4383 Ἰωάννην,
3587 4326 3750 4381 μετα-

2174 4417 2323 4480 νοίας
2370 4417 2621 4487 κήρυκα,
2672 4413 3031 4485 μεταμελείας
3064 4407 3382 4479 εἰσηγητὴν,
3421 4407 3514 4458 καὶ
3548 4405 3751 4463 πάντας

2174 4507 2282 4577 πρὸ
2333 4507 2580 4560 Ἰωάννου
2634 4505 2924 4576 προφήτας
2990 4499 3326 4570 ἐπιστροφῆς
3379 4494 3745 4554 διδασκάλους.

2175 4595 2309 4652 Εἶτα
2343 4598 2436 4650 καὶ
2477 4597 2636 4661 αὐτὸς
2681 4597 2796 4666 μετ’
2829 4595 3006 4663 ὀλίγον
3049 4591 3356 4662 ἐπιφανεὶς,
3384 4586 3562 4658 οἰκείᾳ
3601 4586 3748 4654 φωνῇ

2179 4690 2277 4760 βοᾷ
2308 4686 2774 4758 αύτοπροσώπως’
2809 4687 2987 4740 Δεῦτε
3013 4685 3163 4754 πρὸς
3193 4684 3290 4753 μὲ,
3328 4681 3549 4745 πάντες
3579 4683 3632 4733 οἱ
3657 4694 3751 4730 κο·-

2177 4781 2429 4847 πιῶντες
2489 4780 2590 4834 καὶ
2649 4777 3149 4849 πεφορτισμένοι,
3203 4775 3364 4846 κάγὼ
3423 4773 3749 4827 ἀναπαύσω

2176 4870 2352 4942 ὑμᾶς.
2381 4873 2519 4936 Τοὺς
2547 4872 2604 4925 δὲ
2627 4873 2694 4942 τῇ
2725 4871 2913 4940 κλήσει
2939 4868 3259 4930 πεισθέντας
3287 4866 3404 4927 πῶς
3429 4863 3746 4926 ὑπεδέξατος

2180 4966 2412 5018 Ἀπονον
2449 4964 2648 5018 ἔδωκεν
2676 4962 2784 5016 τῶν
2809 4961 3220 5033 ἁμαρτημάτων
3248 4958 3346 5023 τὴν
3371 4957 3585 5024 ἄφεσιν,
3621 4956 3749 5007 ἀκα-

2183 5055 2359 5127 ριαίαν
2393 5056 2481 5108 καὶ
2515 5055 2776 5122 σύντομον
2805 5051 2902 5121 τὴν
2936 5051 3044 5103 τῶν
3073 5048 3380 5101 λυπούντων
3402 5043 3745 5111 ἀπαλλαγήν·

2181 5147 2352 5215 Λόγος
2380 5147 2630 5217 ήγίασεν,
2650 5145 2874 5216 Πνεῦμα
2917 5143 3280 5214 ἐσφράγισεν
3321 5140 3350 5191 ό
3395 5136 3623 5198 παλαιὸς
3663 5135 3749 5187 άν-

2183 5236 2396 5308 θρωπος
2432 5237 2690 5307 ὲνετάφη,
2715 5238 2743 5288 ὁ
2773 5235 2889 5297 νέος
2915 5232 3131 5303 ἐτέχθη,
3158 5229 3434 5300 ἀνηϐήσας
3457 5229 3523 5296 τῇ
3553 5225 3744 5294 χάριτι.

2179 5328 2243 5380 Τί
2283 5328 2352 5380 τά
2395 5328 2554 5398 ὲξῆς;
2596 5327 2654 5380 '0
2693 5325 2979 5398 ἄνθρωπος
3010 5327 3243 5388 οἰκεῖος,
3291 5321 3406 5373 ἀντ’
3450 5317 3746 5386 ἀλλοτρίου,

2179 5421 2292 5485 υίὸς
2335 5423 2454 5475 ἀντὶ
2502 5421 2675 5488 ξένου,
2713 5420 2920 5492 μύστης
2949 5421 3014 5472 ὲκ
3046 5417 3305 5488 βεϐήλου,
3336 5413 3491 5480 ἆγιος
3536 5411 3595 5477 ἐξ
3626 5409 3748 5461 ἀσε-

1371 5534 1417 5565 ⁹⁰
1449 5531 1580 5589 Lttc.
1608 5549 1665 5600 Χ,
1695 5531 1781 5588 19.
1825 5533 1870 5564 ’³
1908 5532 2100 5590 Matth.
2133 5554 2230 5602 γη,
2269 5539 2322 5602 5,
2353 5539 2400 5592 ί.
2476 5539 2522 5569 ⁹¹
2563 5538 2857 5600 Mattth,
2896 5535 2989 5591 28.

567 5643 702 5720 (ω)
740 5643 1040 5720 Ο-ιξδείς-τ
1061 5644 1271 5720 αὐτοῦ.
1305 5643 1480 5720 Locus
1515 5646 1832 5720 memoriter
1870 5638 2060 5703 (‘itatuc

2182 5649 2300 5706 erba
2354 5648 2536 5720 ήμέρα
2569 5649 2680 5701 οὐδ’
2716 5647 2784 5702 ἂν
2817 5647 2914 5718 μία
2956 5646 3055 5702 levi
3109 5641 3416 5700 inversione
3458 5638 3537 5694 sic
3599 5633 3748 5691 collo-

495 5718 703 5771 cauda:
739 5715 847 5769 οὐδ’
885 5716 950 5770 ἂν
981 5715 1080 5786 μία
1112 5715 1313 5786 ἡμέρα.
1349 5716 1504 5771 Eon.
1539 5715 1781 5772 Parum.
