3820 6306
100 269 199 325 357

952 269 1237 327 ιιοιιιιιλ
1277 270 1415 326 Χιιι.
1452 270 1899 328 ADHOR'I'ATIO
1946 271 2039 327 AD
2088 268 2618 329 ΡίΕΝΙΤΕΝΤΙΑΜ.

3255 280 3364 342 538

98 385 240 448 δούς.
301 384 365 437 '0
424 384 607 437 τοίνυν
665 386 789 447 ταῖς
856 383 1028 447 οὕτως
1090 385 1533 456 μεγαλοπρεπέσι
1590 386 1684 440 καὶ

1789 387 1981 441 deinde
2025 390 2374 441 consecutum
2427 389 2556 442 est?
2590 390 2681 459 qui
2726 390 2975 450 inimicus
3002 392 3197 462 fuerat,
3227 399 3366 453 ami-

99 476 521 548 ἀνυπερϐλήτοις
578 477 814 548 δωρεαῖς
864 475 1207 541 πλουτισθε“ις
1230 516 1247 541 ,
1305 475 1567 549 ἁμαρτὼν
1604 480 1685 542 εἰς

98 565 181 616 τὸν
211 564 500 634 φιλότιμον
528 564 627 617 καὶ
650 564 858 633 ἀγαθὸν
889 565 1212 637 εὐεργέτην,
1244 568 1398 639 παρὰ
1429 567 1526 638 μὲν
1556 568 1684 638 ύμῖν

98 658 201 717 τοίς
228 654 517 718 δυσκόλοις
544 657 641 710 καὶ
665 655 1005 727 ἀμαλάκτοις
1031 656 1312 719 δικασταῖς
1349 656 1511 719 εὐθὺς
1545 657 1684 728 μήτε

100 745 253 813 hirco
280 745 633 815 μεταλαϐὼν,
664 746 883 809 πάντως
916 746 982 799 ἂν
1011 746 1105 799 ἐπί
1141 745 1232 799 τὸν
1262 746 1480 817 ὄλεθρον
1519 747 1682 820 ἢχθη,

100 838 186 889 καὶ
224 837 330 907 τῆς
365 836 559 890 ἐνθάδε
590 835 742 906 ζωῆς
790 838 1129 901 ἀποκοπεὶς,
1174 837 1269 890 καὶ
1307 837 1406 909 τὴν
1434 840 1550 891 ἐκεῖ
1590 854 1684 890 κο-

99 924 412 1000 ῌόμενος.
451 926 610 980 Ἐπεὶ
647 927 706 981 δέ
751 927 910 992 ἄλλος
947 929 1094 982 ἐστὶν
1120 930 1149 982 6
1188 928 1289 999 τῆς
1333 928 1516 1000 ψήφου
1567 929 1685 983 Κύ-

100 992 242 1085 ριος,
268 1014 303 1066 6
329 1014 503 1068 ποιῶν
533 1016 597 1069 τὸ
641 1016 792 1080 ἔλεος
841 1017 923 1079 είς
969 1016 1216 1087 χιλιάδας
1244 992 1360 1071 καὶ·
1383 992 1681 1091 μυριάδας,

102 1108 189 1160 καὶ
232 1109 315 1178 μὴ
356 1108 531 1163 θέλων
562 1109 658 1162 τὸν
703 1110 934 1164 θάνατον
967 1111 1062 1164 τοῦ
1095 1111 1441 1182 ἀμαρτωλοᾷ
1477 1112 1683 1184 ἀναμέ-

101 1218 203 1253 νων
227 1200 291 1253 δὲ
328 1202 432 1272 τήν
469 1203 813 1274 ἐπιστροφήν
837 1202 1027 1256 ὀὐδὲν
1068 1203 1240 1267 οὔτως
1276 1204 1326 1256 οἱ
1362 1203 1461 1275 τὴν
1492 1204 1685 1275 πρώην

102 1291 257 1363 χάριν
311 1290 643 1363 ὑϐρίσαντες
685 1292 1135 1364 ἐτιμωρήθησαν·
1171 1292 1309 1347 ἀλλὰ
1354 1293 1516 1348 πάλιν
1561 1294 1685 1348 δεύ-

101 1401 255 1456 τερος
290 1384 442 1447 ἕλεος
482 1385 580 1438 καὶ
618 1384 904 1439 ἀκολουθεῖ
944 1383 1022 1455 τῷ
1061 1384 1335 1456 προτέρῳ,
1376 1386 1470 1440 καὶ
1511 1387 1687 1458 ἀμνη-

103 1475 253 1548 στείᾳ
309 1476 614 1546 συγγνώμη
666 1477 1019 1541 συνάπτεται,
1060 1477 1157 1530 καὶ
1203 1476 1436 1549 δάκρυον
1484 1479 1684 1543 στάξαν

104 1566 417 1636 ίαοδυναμεῖ
470 1567 551 1636 τῷ
603 1567 844 1638 λουτρῷ,
889 1568 983 1621 καὶ
1033 1569 1333 1640 στεναγμὸς
1390 1570 1686 1641 ἐπίμοχθος

104 1659 364 1725 ἐπανάγει
402 1658 505 1730 τὴν
540 1659 703 1729 χάριν
765 1659 903 1731 πρὸς
932 1658 1109 1727 ὀλίγον
1138 1661 1590 1733 ἁναχωρήσασαν.
1622 1663 1684 1715 Εἰ

1786 491 1883 531 cus
1912 478 2119 540 evasit;
2158 479 2251 547 qui
2297 478 2527 544 alienus,
2560 481 2735 536 filius:
2768 484 2858 552 qui
2896 485 3174 555 profanus,
3206 502 3366 544 sacer

1786 581 1849 624 ac
1885 569 2024 637 pius.
2066 566 2115 623 Is
2155 583 2306 639 ergo,
2339 571 2433 639 qui
2464 579 2571 625 tam
2625 574 2924 643 magnificis
2955 587 3008 630 et
3038 576 3363 632 incredibilia

1784 663 1885 717 bus
1941 658 2164 714 aliectns
2229 662 2575 726 muneribus,
2628 665 2918 734 benignum
2974 681 3038 722 at.
3087 667 3362 723 liberalem

1787 751 2098 822 largitorem
2133 752 2375 819 ingratus
2408 753 2651 820 oll’endit,
2695 771 2725 810 a
2756 758 2908 812 nobis
2939 761 3152 827 quidem
3178 760 3364 814 docto-

1785 843 1934 898 ribus
1973 843 2282 911 severisque
2314 842 2586 911 judicibus
2627 848 2812 901 statim
2862 849 3059 905 indicta
3097 866 3262 905 causa
3293 852 3363 906 ad

1785 934 2083 989 cruciatum
2122 946 2418 1004 raperetur,
2465 940 2827 1009 praesentique
2874 943 3113 1010 privatus
3164 944 3267 998 vita
3303 945 3356 997 iu

1786 1029 1953 1079 altera
1980 1013 2321 1095 supplicium
2356 1027 2642 1084 inveniret.
2688 1030 2882 1086 Verum
2928 1034 3180 1101 quoniam
3225 1034 3364 1090 alius

1779 1115 2274 1188 judicii'Dominus,
2302 1118 2392 1187 qui
2424 1119 2475 1172 in
2507 1120 2711 1174 inﬁnita
2744 1111 2909 1175 millia
2940 1124 3166 1178 millium
3201 1127 3363 1179 mise-

1786 1208 2076 1261 ricordiam
2122 1208 2331 1273 tribuit,
2369 1226 2468 1265 nec
2512 1212 2625 1266 vult
2661 1224 2888 1267 mortem
2922 1216 3241 1285 peccatoris,
3268 1217 3364 1271 sed

1783 1308 2080 1368 exspectat,
2111 1310 2169 1353 ut
2202 1301 2482 1371 resipiscat
2514 1304 2559 1335 ”
2585 1320 2600 1368 ;
2626 1320 2691 1359 eo
2724 1307 2801 1371 fit,
2829 1315 2885 1358 ut
2915 1322 2983 1361 ne
3020 1308 3095 1361 illi
3121 1307 3361 1377 quidem,

1785 1392 1873 1459 qui
1900 1389 2132 1458 priorem
2160 1394 2389 1460 gratiam
2420 1398 2865 1453 contumeliosius
2892 1397 3222 1469 abiecerunt,
3247 1416 3363 1454 me-

1787 1482 1890 1535 rito
1917 1483 2222 1539 adiciantur
2262 1487 2564 1557 supplicio:
2619 1490 2712 1544 sed
2742 1506 2771 1545 a
2814 1492 3112 1561 posteriore
3156 1494 3366 1547 miseri-

1785 1574 1969 1628 cordia
2008 1575 2161 1645 prior
2199 1574 2521 1648 excipiatur,
2566 1591 2621 1636 et
2653 1583 2850 1638 oblivio
2882 1600 3008 1639 cum
3049 1586 3204 1639 venia
3234 1600 3367 1640 con-

1779 1661 2050 1734 iungatur,
2102 1677 2162 1721 ut
2196 1664 2554 1741 lacrymarum
2600 1671 2788 1729 eﬂ‘usio
2851 1674 3047 1730 lavacri
3100 1677 3206 1730 vim
3266 1678 3366 1730 ha-

102 1751 352 1812 ἀπιστεῖς
410 1748 491 1819 τῷ
535 1748 701 1819 λόγῳ.
764 1748 967 1820 Πέτρον
1000 1748 1296 1822 ἐρώτησον,
1329 1752 1387 1805 ἐν
1413 1754 1495 1823 ’τῇ
1537 1752 1684 1823 οίκίᾳ

1789 1753 1931 1820 heat,
1972 1759 2325 1830 gemitusque
2376 1763 2597 1817 reducat
2646 1765 2897 1832 gratiam,
2923 1753 3043 1837 ιιυώ
3097 1767 3368 1838 paulisper

102 1840 192 1893 τοῦ
221 1842 535 1913 ἀρχιερέως
570 1841 903 1913 καθήμενον,
951 1842 1044 1894 καὶ
1085 1841 1227 1907 λέξει
1272 1859 1389 1906 σοι,
1434 1843 1582 1907 ὅπως
1626 1844 1689 1897 τὸ

108 1932 465 2003 παράπτωμα
501 1935 603 2004 τῆς
629 1933 913 2004 ἀρνήσεως
952 1932 1166 2004 πικρῶς
1203 1933 1535 2006 ὀδυράμενος
1568 1936 1692 1988 ἔκαε

105 2023 275 2096 θάρθη
293 2042 310 2055 σ
340 2024 438 2078 καὶ
471 2024 573 2077 οὐκ
601 2023 861 2078 ἀνέλυσεν
889 2025 971 2088 εἰς
1002 2024 1096 2079 τὸν
1137 2026 1377 2098 Σίμωνα,
1407 2025 1544 2081 ἀλλὰ
1584 2027 1691 2080 Πέ-

106 2134 227 2226 τρος
258 2118 536 2189 διέμεινεν
563 2120 594 2171 6
617 2118 937 2183 ἀπόστολος.

182 2313 328 2382 Ἐγὼ
373 2313 432 2367 δὲ
465 2312 697 2384 νομίζω,
751 2313 833 2366 δτι
868 2313 963 2368 καὶ¹
996 2313 1198 2376 Ἰούδας
1249 2313 1278 2366 ὁ
1315 2311 1688 2384 Ἰσκαριώτης,

109 2408 154 2457 εξ
186 2406 265 2476 μὴ
303 2405 523 2476 ταχέως
551 2405 717 2469 αὐτὸς
763 2405 957 2459 ἑαυτοῦ
998 2406 1215 2475 ἐγένετο
1261 2405 1477 2477 δήμιος,
1515 2405 1690 2475 ἀσύγ-

112 2514 349 2566 γνωστον
393 2498 588 2569 κρίνας
637 2497 736 2569 τὴν
782 2497 1079 2569 ἁμαρτίαν,
1132 2496 1460 2570 προσπεσὼν
1501 2497 1557 2551 δὲ
1600 2497 1690 2551 τὸν

116 2590 259 2643 ἔλεον
308 2590 537 2660 ᾔτησεν,
582 2590 685 2643 οὐκ
732 2590 798 2645 ἂν
843 2589 953 2643 τῶν
1002 2588 1307 2661 οίκτιρμῶν
1352 2588 1461 2643 τῶν
1510 2589 1691 2660 πάσης

114 2681 530 2752 ὑπερχεομένων
580 2682 681 2751 τῆς
725 2681 1051 2753 οἰκουμένης
1095 2681 1418 2752 ὴστόχησεν.
1470 2680 1691 2751 Τεκμή-

117 2793 223 2847 ριον
247 2777 307 2830 δὲ
338 2776 439 2829 τοῦ
472 2775 634 2844 λόγου
660 2775 860 2838 πάντες
891 2773 1128 2844 Ἑϐραῖοι
1153 2774 1201 2825 οἱ
1240 2770 1381 2843 μετὰ
1407 2770 1499 2826 τὸν
1530 2787 1692 2824 σταυ-

119 2867 204 2938 ρὺν
244 2865 662 2932 πιστεύσαντες,
705 2867 799 2935 καὶ
840 2863 918 2936 τῷ
952 2863 1169 2936 λουτρῷ
1199 2863 1301 2927 τὰς
1332 2861 1510 2934 ψυχὰς
1550 2861 1688 2934 ὁμοῦ

116 2960 203 3011 καὶ
248 2959 348 3023 τάς
399 2962 593 3030 χεῖρας
638 2957 947 3027 νιψάμενοι.
990 2957 1053 3009 Εἰ
1097 2954 1154 3009 δέ
1184 2954 1234 3007 el
1276 2953 1689 3024 σταυρώσαντες

114 3052 435 3123 ήλεήθησαν,
477 3049 597 3113 πῶς
635 3049 735 3103 οὐκ
771 3047 837 3103 ἂν
864 3050 894 3103 6
934 3045 1686 3145 npodobg__1ﬁg‘_dpvqnelag
1714 3085 1757 3145 ο

116 3144 461 3215 origines-av;
499 3141 749 3213 Ἐδέσμει
784 3143 914 3195 ποτὲ
940 3140 1036 3194 καὶ
1063 3139 1278 3205 Παῦλος
1302 3140 1684 3212 Χριστιανοὺς,

113 3234 241 3287 ἀλλὰ
285 3234 570 3304 βαστάσας
618 3232 843 3305 ὕστερον
889 3231 1108 3295 ἁλύσεις
1142 3230 1285 3303 ὑπὲρ
1320 3230 1579 3304 Χριστοῦ,
1622 3232 1687 3284 ἐκ

114 3326 205 3396 τῆς
238 3324 644 3388 ταυτοπαθείας
685 3325 843 3378 ἔλυσε
871 3323 940 3378 τὰ
979 3323 1328 3395 ἐγκλήματα·
1358 3325 1575 3397 ἥμαρτε
1609 3322 1690 3376 λι-

117 3417 286 3484 θάζων
315 3420 594 3489 Στέφανον
640 3418 735 3471 καὶ
787 3416 1124 3471 συνευδοκῶν
1170 3419 1289 3481 τοῖς
1338 3418 1682 3485 φονεύουσιν,

116 3510 241 3565 ἀλλὰ
290 3510 571 3574 λιθασθεὶς
620 3508 866 3581 ἐξήλειψε
923 3510 984 3564 τὸ
1020 3509 1421 3581 πλημμέλημα.
1462 3507 1689 3562 Ἐτελώ-

115 3622 230 3658 νουν
270 3604 405 3657 ποτέ
445 3603 726 3665 Ματθαίος
770 3602 867 3655 καὶ
899 3602 1197 3673 Ζακχαῖος,
1231 3600 1370 3655 ἀλλὰ
1410 3602 1475 3671 τῇ
1516 3616 1687 3652 κατα-

117 3699 363 3769 φρονήσει
398 3696 512 3751 τῶν
541 3694 840 3767 χρημάτων
866 3694 965 3766 τὴν
995 3695 1288 3748 τελωνείαν
1315 3694 1682 3764 πατήσαντες,

117 3790 143 3840 6
180 3789 272 3860 μὲν
315 3793 385 3859 τῇ
430 3788 579 3859 οἰκίᾳ.
630 3787 722 3840 τὸν
764 3786 971 3858 Ἰησοῦν
1012 3784 1246 3851 ἐδέξατο,
1293 3787 1389 3839 καὶ
1421 3787 1488 3855 τῇ
1538 3786 1684 3856 ψυχῇ

123 3880 304 3934 πλέον·
337 3883 369 3935 6
401 3880 460 3933 δὲ
495 3877 828 3949 θαυμαστῶν
874 3878 1124 3949 πράξεων
1161 3876 1552 3948 εὐαγγελιστὴς
1591 3876 1686 3929 καὶ

124 3970 464 4041 συγγραφεὺς
475 3968 869 4040 ἀπεδείχθη.’0
893 3966 1153 4040 τελώνης,
1184 3968 1213 4019 6
1237 3966 1374 4039 μετὰ
1403 3966 1498 4020 τοῦ
1527 3967 1688 4038 Φαρι-

125 4063 263 4116 σαίου
290 4063 596 4131 ἀναγκαῖον
619 4062 699 4125 εἰς
728 4061 968 4132 μνήμην,
1004 4062 1038 4130 ἡ
1070 4058 1209 4131 γυνὴ
1240 4060 1274 4131 ή
1303 4058 1400 4132 τὴν
1434 4057 1684 4131 δραχμὴν

122 4153 423 4207 ἀπολέσασα
462 4150 561 4205 καὶ
592 4149 847 4221 εὑροῦσα.

1790 1858 2111 1904 recesserat.
2154 1851 2217 1906 Si
2277 1854 2510 1908 orationi
2564 1866 2766 1911 nostra:
2816 1857 2974 1913 fidem
3025 1875 3132 1914 non
3174 1861 3365 1927 habes,

1792 1930 2007 1990 Petrum
2039 1939 2092 1994 in
2140 1935 2347 1998 aedibus
2377 1945 2642 2022 principis
2674 1946 3015 2004 sacerdotum
3072 1951 3366 2022 interroga,

1789 2035 1846 2083 et
1919 2030 2062 2086 dicet
2122 2024 2242 2103 tibi,
2316 2040 2586 2106 quomodo
2661 2040 3034 2111 abnegationis
3088 2056 3367 2113 peccatum

1791 2133 1976 2176 amare
1998 2121 2201 2192 lugens
2228 2126 2529 2205 expiaverit
2574 2129 2660 2196 ",
2704 2146 2801 2186 nec
2834 2135 2886 2188 in
2925 2130 3198 2189 Simonem
3244 2150 3365 2190 mu-

1791 2202 1934 2267 tatus
1964 2214 2056 2281 sit,
2094 2216 2191 2270 sed
2225 2216 2417 2275 Petrus
2446 2202 2806 2290 permanserit
2836 2225 3105 2294 apostolus

1864 2302 1979 2374 Ego
2016 2315 2195 2361 autem
2231 2318 2284 2363 et
2315 2308 2507 2364 Judam
2571 2311 2881 2369 lscariotam
2936 2317 3209 2383 existimo,
3262 2318 3366 2372 nisi

1791 2391 1874 2445 sui
1923 2392 2091 2462 ipsius
2129 2397 2367 2453 carnifex
2412 2413 2533 2454 esse
2570 2412 2931 2471 properasset,
2979 2404 3186 2461 facinus
3209 2422 3366 2461 suum

1789 2484 2009 2551 gravius
2065 2499 2313 2556 putans,
2365 2505 2527 2561 quam
2605 2503 2664 2549 ut
2720 2495 2821 2551 sibi
2875 2507 3057 2566 posset
3118 2499 3365 2569 ignosci,

1791 2578 1885 2631 sed
1935 2580 2160 2650 supplex
2213 2585 2426 2638 veniam
2480 2588 2748 2656 petiisset,
2804 2588 2921 2658 eius
2964 2593 3365 2657 mlsericordim.

1791 2676 1910 2736 qua:
1938 2683 2036 2737 per
2069 2671 2254 2727 orbem
2294 2685 2413 2730 erat
2457 2676 2670 2744 diffusa,
2723 2697 2830 2737 non
2882 2683 3051 2740 fuisse
3091 2697 3366 2756 expertem

1794 2759 2033 2815 futurum
2081 2781 2096 2817 :
2151 2766 2238 2819 cui
2259 2769 2477 2836 quidem
2528 2774 2604 2825 rei
2671 2775 2975 2831 testimonio
3023 2787 3149 2832 sunt
3196 2777 3367 2833 Juda-i

1793 2852 1904 2917 illi,
1937 2855 2028 2923 qui
2073 2871 2196 2911 cum
2230 2857 2503 2915 Christum
2548 2865 2695 2918 cruci
2747 2866 3095 2935 sullixissent,
3142 2872 3368 2927 creden-

1792 2952 1893 3011 tes,
1927 2946 2196 3016 baptismo
2244 2961 2451 3009 mentes
2482 2955 2644 3010 simul
2699 2968 2755 3012 et
2808 2975 2998 3016 manus
3053 2963 3365 3022 abluerunt.

1792 3035 1945 3103 Quod
1983 3039 2027 3093 si
2058 3040 2155 3106 illi,
2189 3045 2281 3111 qui
2314 3044 2588 3102 Christum
2634 3050 2684 3103 in
2720 3060 2937 3106 crucem
2983 3065 3226 3124 egerant,
3266 3058 3368 3110 mi-

1795 3128 2146 3218 sericordiam
2190 3143 2317 3188 stmt
2365 3140 2664 3207 consecuti,
2718 3154 2773 3197 et
2812 3144 2923 3214 ipse
2970 3146 3232 3217 profecto,
3274 3150 3367 3218 qui

1796 3210 1943 3266 illum
1982 3216 2311 3286 prodiderat,
2364 3226 2575 3280 veniam
2637 3210 2999 3299 impetrasset,
3056 3234 3119 3291 Et
3167 3210 3369 3295 Paul-ns

1793 3301 2082 3371 aliquando
2126 3306 2468 3368 Christianos
2504 3314 2694 3378 vinxit,
2736 3319 2829 3372 sed
2863 3319 3002 3374 idem
3040 3322 3154 3391 ipse
3178 3337 3367 3393 postea

1793 3409 1892 3466 pro
1932 3394 2150 3451 Christo
2199 3409 2418 3459 catenas
2461 3408 2712 3475 gestavit,
2759 3413 3058 3481 eodemque
3089 3415 3365 3472 cruciatus

1792 3503 1990 3558 genere
2017 3494 2222 3549 crimen
2253 3494 2527 3563 dissolvit;
2561 3500 2825 3567 peccavit,
2859 3516 2985 3556 cum
3026 3502 3389 3573 Stephanum‘

1794 3579 2058 3650 lapidibus
2083 3593 2312 3654 peteret,
2337 3595 2392 3641 et
2429 3587 2546 3656 ejus
2574 3588 3011 3648 interfectoribus
3049 3595 3363 3660 assentiret,

1793 3681 1914 3740 post
1955 3683 2134 3728 autem
2169 3675 2282 3746 ipse
2314 3692 2532 3747 quoque
2565 3677 2828 3747 lapidibus
2867 3696 3040 3738 caesus
3084 3693 3361 3753 peccatum

1793 3761 2047 3820 abolevit.
2079 3764 2365 3823 Matuta-us
2403 3770 2449 3802 "
2490 3780 2545 3825 et
2580 3769 2872 3827 Zacchmus
2900 3773 2947 3805 "
2978 3774 3107 3829 olim
3141 3774 3366 3831 fuerunt

1793 3855 2098 3926 publicani,
2130 3858 2225 3914 sed
2256 3875 2381 3915 mox
2432 3876 2617 3918 mensa
2661 3862 3067 3934 publicanorum
3109 3878 3361 3921 contem-

1790 3955 1902 4014 pta,
1948 3945 2086 4002 alter
2113 3962 2298 4003 eorum
2329 3950 2488 4007 domo
2516 3963 2678 4023 atque
2715 3954 2896 4010 animo
2923 3971 3022 4013 suo
3038 3952 3219 4012 Jesum
3244 3972 3366 4013 sus-

1792 4040 1976 4107 cepit,
2041 4038 2180 4095 alter
2253 4057 2432 4097 rerum
2502 4044 2901 4101 admirabilium
2997 4049 3364 4121 promulgator

1791 4136 1844 4185 et
1873 4132 2104 4203 scriptor
2144 4133 2369 4190 elfectus
2398 4146 2500 4192 est.
2543 4137 2767 4209 Oportet
2801 4150 2857 4195 ut
2896 4142 3235 4212 publicanum
3268 4160 3365 4211 pa-

1791 4226 1922 4280 riter
1953 4235 2008 4282 et
2030 4226 2360 4285 Pharisaeum
2387 4235 2644 4289 memoria
2671 4243 2973 4302 teneamus,
2998 4249 3052 4293 et
3084 4239 3361 4297 mulierem

1791 4315 1962 4382 illam,
1998 4335 2119 4387 qua:
2149 4321 2460 4377 drachmam
2493 4327 2747 4381 amissam
2780 4328 2984 4383 invenit
3012 4331 3034 4362 ⁹

185 4414 267 4481 Ἐξ
286 4414 468 4486 ἀρχῆς
505 4413 566 4467 δὲ
595 4394 686 4476 εἰς’
703 4410 854 4476 τέλος
883 4413 937 4467 εί
966 4430 1051 4476 τις
1082 4412 1209 4476 τοὺς
1241 4409 1564 4483 ἀνθρώπους
1584 4409 1680 4465 τοῦ

1861 4409 1919 4464 Si
1947 4411 2071 4480 quis
2097 4412 2361 4480 homines,
2390 4417 2481 4487 qui
2506 4419 2718 4474 saeculis
2743 4422 2993 4476 omnibus
3018 4424 3086 4478 ad
3119 4425 3221 4479 hoc
3255 4441 3346 4479 us-

119 4502 221 4574 βίου
246 4506 449 4569 παντὸς
486 4507 547 4558 ἐν
573 4507 690 4568 τοῖς
714 4504 951 4576 καθεξῆς
983 4504 1194 4576 χρόνοις
1222 4503 1516 4571 λογίσαιτο,
1550 4501 1679 4565 τοὺς

119 4593 325 4660 πολλοὺς
349 4595 581 4667 εὑρήσει
616 4593 883 4667 πρότερον
923 4594 1021 4665 μὲν
1050 4593 1399 4664 ἐνσχεθέντας
1434 4592 1683 4663 ἁμαρτήο

120 4703 286 4755 μασιν,
322 4684 445 4741 εἶτα
506 4689 573 4757 τῇ
614 4687 752 4759 πρὸς
801 4685 863 4739 τὸ
898 4689 1146 4758 κρεῖττον
1199 4687 1336 4759 ῥοπῇ
1376 4682 1662 4755 μεταθεμέ-

117 4741 336 4849 ζιουςτῆς
661 4741 674 4759 .
692 4741 828 4832 Θεοῦ
856 4741 966 4851 γὰρ
995 4741 1336 4832 οἰκεῖον-καί.
1353 4741 1512 4847 μόνον
1539 4741 1685 4840 ἐξαί-

117 4883 254 4934 ρετον
287 4869 671 4941 πλημμελείας
726 4870 896 4940 χωρὶς
949 4870 1127 4923 πάντα
1172 4869 1484 4941 κατορθοῦν.
1557 4869 1685 4921 Ἀν-

117 4956 316 5029 θρωπος
339 4960 399 5013 δὲ
434 4962 543 5015 ὑπὸ
568 4962 784 5031 γένεσιν
812 4963 907 5015 καὶ
939 4962 1146 5034 φθορὰν
1177 4963 1438 5032 ἠγμένος,
1468 4962 1563 5015 καὶ
1592 4977 1684 5014 ιο-

118 5049 305 5113 σούτων
339 5048 605 5125 ὑπάρχων
655 5053 905 5118 δεκτικὸς
945 5054 1155 5121 παθῶν,
1203 5053 1386 5108 οὔποτ’
1416 5053 1483 5108 ἂν
1516 5054 1686 5108 ἀκατ-

121 5142 365 5213 ηγόρητος
420 5147 660 5218 δειχθείη
693 5146 1087 5219 περικοπείσης
1123 5146 1471 5220 συγγνώμης.
1515 5147 1677 5200 Ἀπό..

119 5232 293 5305 ελεψον
323 5239 463 5310 πρὸς
488 5239 582 5294 τὸν
610 5239 774 5293 Δασιδ
804 5240 897 5293 τὸν
947 5240 1170 5311 βασιλέα
1203 5239 1297 5293 τοῦ
1336 5238 1573 5312 Ἰσραὴλ,
1621 5238 1680 5292 ὃν

118 5332 225 5381 κατ’
249 5332 480 5405 ἐκλογὴν
510 5333 920 5405 ἐχειροτόνησεν
964 5335 993 5386 6
1025 5333 1177 5399 Θεὸς,
1210 5331 1452 5396 ἐπαίνοις
1482 5331 1539 5385 δὲ
1569 5332 1682 5395 τοῖς

117 5418 204 5487 τῆς
266 5424 574 5496 μαρτυρίας
621 5426 926 5497 ἐκόσμησε,
978 5425 1186 5494 λέγων’
1238 5420 1439 5495 Ηῦρον
1491 5423 1683 5492 ἄνδρα

119 5510 253 5563 κατὰ
296 5513 413 5582 τὴν
464 5515 723 5584 καρδίαν
761 5534 883 5587 μου
929 5517 1108 5572 Διιόὶδ
1147 5519 1253 5572 τὸν
1298 5516 1405 5572 τοῦ
1441 5515 1678 5572 Ἰεσσαί.

1786 4513 1891 4569 que
1921 4507 2133 4571 tempus
2161 4505 2508 4575 exstiterunt,
2544 4509 2798 4566 universo
2819 4512 3002 4567 animo
3033 4515 3357 4584 complecta-

1789 4597 1896 4653 tur,
1926 4589 2095 4646 fulsse
2126 4592 2327 4649 multos
2367 4596 2777 4667 animadvertet,
2806 4603 2900 4671 qui
2937 4617 3060 4657 cum
3101 4619 3159 4659 se
3211 4606 3358 4675 prius

1788 4679 2004 4751 ﬂagitiis
2026 4684 2418 4755 inquinassent,
2434 4689 2498 4741 ad
2521 4689 2725 4761 frugem
2743 4692 2936 4746 bonam
2959 4693 3155 4750 deinde
3180 4695 3358 4752 redie-

1786 4782 1928 4828 runt.
1961 4774 2093 4830 lllud
2116 4779 2258 4833 enim
2283 4778 2379 4836 Dei
2406 4781 2576 4841 solius
2604 4785 2878 4855 proprium
2904 4795 3005 4851 est,
3041 4796 3101 4842 ut
3127 4788 3194 4844 ab
3208 4789 3357 4844 omni

1784 4875 2008 4937 peccato
2042 4880 2279 4928 remetus
2319 4875 2501 4930 omnia
2542 4885 2690 4933 recte
2734 4887 2904 4949 gerat.
2932 4876 3110 4936 Homo
3150 4886 3353 4948 autem,

1783 4961 1875 5029 qui
1913 4971 2092 5017 ortum
2114 4974 2275 5035 atque
2299 4966 2575 5023 interitum
2606 4970 2775 5034 subit,
2822 4971 3023 5043 quique
3074 4978 3183 5026 tam
3215 4972 3355 5026 mul-

1785 5050 1854 5106 tis
1874 5054 2371 5122 perturbationibus
2387 5066 2470 5116 est
2494 5062 2784 5127 obnoxius,
2817 5078 3090 5135 nunquam
3118 5064 3353 5137 eﬂ‘ugere

1782 5145 2000 5211 poterit,
2020 5148 2147 5218 quin
2173 5161 2457 5208 accusetur
2476 5160 2527 5208 et
2550 5155 2961 5221 condemnetur,
2981 5156 3027 5212 si
3043 5157 3210 5214 veniae
3231 5175 3356 5230 spes

1780 5235 2077 5294 auferatur.
2102 5240 2395 5299 Considera
2411 5245 2542 5301 mihi
2565 5247 2821 5302 Davidem
2842 5249 3013 5317 ipsum
3028 5250 3244 5307 lsraelis
3272 5269 3355 5308 rc-

1780 5343 1924 5399 gem,
1950 5345 2113 5400 quem
2136 5335 2276 5390 Deus
2304 5337 2783 5409 sibi.singularem
2813 5341 3084 5413 elegerat,
3110 5344 3352 5400 testimo-

1780 5421 1977 5492 nioque
1992 5439 2089 5480 suo
2100 5426 2427 5485 collaudarat
2440 5471 2455 5495 ,
2475 5430 2500 5484 1
2506 5434 2678 5498 nuent',
2696 5432 2968 5504 inquiens,
2985 5437 3155 5489 virum
3171 5452 3347 5493 secun-

1780 5511 1905 5568 dum
1920 5530 2013 5570 cor
2035 5533 2206 5574 meum
2221 5519 2394 5577 David
2428 5520 2480 5576 F
2482 5523 2632 5580 ilium
2654 5523 2804 5582 huc
2830 5525 2897 5580 ⁸⁸.
2924 5525 3025 5583 llic
3057 5533 3180 5599 post
3218 5543 3356 5597 pra:-

179 5622 221 5654 ⁹³
247 5622 451 5713 Ezech.
472 5643 635 5713 _xvnt
656 5629 807 5713 ,Αζᾶ
883 5631 931 5663 ’⁸
980 5630 1171 5689 llatth.
1194 5647 1316 5692 xm
1344 5631 1455 5702 ,75.
1531 5628 1781 5685 "Matth.
1823 5647 1898 5696 ιι,
1926 5636 1978 5691 9.
2056 5638 2102 5669 ⁸⁸
2135 5636 2269 5697 Luc.
2304 5656 2419 5709 x-tx,
2443 5641 2498 5697 2.
2575 5642 2621 5677 "
2650 5640 2782 5700 Luc.
2808 5658 2899 5712 xv,
2931 5644 2986 5700 8.
3062 5641 3108 5677 ⁹⁰
3143 5640 3186 5698 ll
3215 5641 3349 5713 Reg.

122 5703 223 5757 ιιιι,
246 5694 333 5763 ης
381 5699 508 5771 _Act.
533 5714 654 5763 xm,
688 5697 776 5752 22.
