3820 6308
446 263 554 321 339

1714 252 1775 310 s.
1815 232 2094 311 asrsnn
2134 230 2443 311 AMASENl

3594 263 3726 321 ,τοο

443 379 652 436 clarum
677 374 807 429 illud
835 371 1030 428 divinat
1048 368 1222 424 laudis
1257 366 1606 437 praeconium,
1631 367 1874 424 mulieris
1902 368 2009 438 pul-

2129 362 2299 432 Οὗτος
2349 368 2488 439 μετά
2540 366 2639 440 τὴν
2673 368 2930 440 λαμπρὰν
2963 370 3287 443 μαρτυρίαν,
3320 366 3474 438 οὗτος
3512 376 3725 451 ἐπειδὴ

448 466 760 524 chiitndine
790 473 1001 533 captus,
1039 462 1238 532 quibus
1280 475 1338 514 se
1373 460 1608 530 peccatis
1631 460 2014 526 obstrinxerit,

447 574 641 614 omnes
700 557 928 611 scimus.
987 556 1233 608 Altamen
1281 552 1420 606 idem
1460 568 1488 604 a
1536 553 1791 620 propheta
1838 567 2021 620 repre-

451 652 648 706 hensus
674 648 970 703 admissum
994 645 1168 700 scelus
1188 643 1427 713 agnovit,
1459 649 1513 696 et
1537 643 1867 711 paenitentia:
1905 660 2018 699 mo-

450 745 576 795 dum
607 741 839 810 posteris
891 738 1149 805 scriptum
1198 735 1433 803 reliquit.
1475 734 1836 801 Quamobrem
1863 736 2014 790 dolo-

430 848 563 886 .rvm
594 832 710 899 ejus
757 831 810 885 iu
844 830 982 885 libro
1032 826 1370 882 Psalmorum
1420 834 1673 895 tanquam
1708 826 1761 880 in
1800 828 2021 893 speculo

451 919 692 974 videmus
718 932 1053 987 expressum,
1085 915 1172 970 ubi
1206 929 1348 969 nunc
1365 914 1532 980 luctu,
1557 922 1611 969 et
1633 916 1882 984 squalore
1898 932 2021 972 cor-

451 1026 551 1079 pus
582 1009 858 1064 excruciat
889 1026 903 1064 :
943 1025 1082 1062 nunc
1104 1007 1203 1061 sibi
1238 1014 1424 1061 noctes
1453 1007 1520 1059 ad
1560 999 1844 1076 lugendum
1878 1021 2018 1072 prae-

450 1099 662 1165 scribit,
686 1101 827 1170 quod
862 1099 1078 1169 quidem
1118 1108 1326 1167 tempus
1358 1097 1631 1151 communi
1662 1096 2017 1152 laborantium

448 1191 614 1259 quieti
663 1193 844 1245 datum
884 1198 996 1253 est;
1037 1207 1178 1245 nunc
1216 1191 1481 1260 lacrymas
1516 1204 1549 1244 e
1589 1190 1861 1258 palpebris
1905 1191 2020 1245 suis

449 1294 703 1351 tanquam
749 1296 780 1336 e
823 1282 1061 1341 fontibus
1132 1279 1481 1351 profundens,
1512 1280 1764 1334 lectulum
1798 1281 2016 1352 irrigat,

443 1380 499 1427 et
533 1373 1042 1443 quinquagesimum
1076 1372 1340 1441 psalmum
1366 1371 1520 1425 nobis
1542 1371 1805 1433 elaborat.
1837 1372 2014 1440 inquo

448 1464 616 1518 Deum
642 1464 955 1532 pmnitentia
990 1462 1236 1532 placandi
1261 1463 1566 1531 exemplum
1588 1462 1879 1532 eﬂingitur.
1903 1461 2012 1517 Ne-

440 1568 548 1624 que
573 1569 701 1610 vero
729 1555 906 1611 luctus
940 1554 1109 1623 ipsius
1147 1554 1327 1608 inanis
1368 1553 1487 1609 fuit.
1520 1553 1627 1608 Sed
1656 1567 1848 1624 graves
1896 1554 2016 1623 ejus

2117 459 2196 531 τῷ
2241 459 2404 514 πάθει
2462 462 2564 531 τῆς
2593 462 2974 533 σωμεραστίας
3021 463 3183 528 ἑάλω,
3241 466 3333 518 καὶ
3373 468 3727 539 περιέπεσεν

2117 552 2346 614 ἐκείνοις
2371 545 2452 614 οἷς
2479 552 2818 624 γινώσκομεν
2852 553 3107 618 ἅπαντες,
3141 551 3306 626 ἦλθεν
3343 556 3400 610 δὲ
3433 560 3574 629 μετά
3609 561 3725 615 τὸν

2117 643 2334 712 ἔλεγχον
2390 643 2484 697 τοῦ
2529 647 2808 717 προφήτου
2845 648 2925 711 είς
2970 648 3337 720 ἀναλογισμὸν
3377 651 3470 704 τοῦ
3497 655 3720 718 κακοῦ,

2117 735 2463 805 ἀνάγραπτον
2500 738 2709 808 ἀφῆκεν
2763 743 2877 803 τοῖς
2915 742 2995 803 είς
3023 740 3247 813 ὕστερον
3286 742 3562 814 ἐσομένοις
3599 746 3724 816 τῆς

2121 827 2411 896 μετανοίας
2437 829 2530 882 τὸν
2568 830 2764 900 μόχθον
2784 848 2799 862 '
2826 832 2922 885 xui.
2951 833 3282 905 θεωροῦμεν,
3322 834 3396 899 ὡς
3417 837 3475 890 ἐν
3505 839 3718 901 εἰκόνι,

2116 917 2194 988 τῷ
2216 918 2521 991 ψαλτηρίῳ,
2561 922 2651 974 τὸν
2680 921 2907 994 μόχθον·
2938 923 3032 977 νῦν
3091 925 3190 996 μὲν
3221 927 3587 998 ἐκτηκόμενον
3633 931 3716 999 τῇ

2117 1009 2262 1085 λύπῃ
2299 1011 2360 1064 τὸ
2393 1011 2587 1083 σῶμαο
2615 1010 2771 1077 αὖθις
2813 1015 2870 1069 δὲ
2914 1016 3013 1087 τὴν
3043 1017 3212 1071 νύκτα
3268 1019 3457 1089 καιρὸν
3483 1020 3721 1093 θρήνων

2119 1102 2463 1173 ποιούμενον,
2509 1105 2610 1177 τὴν
2630 1107 2816 1179 κοινὴν
2837 1106 2947 1160 τῶν
2993 1107 3172 1162 πόνων
3227 1110 3560 1165 ἀνάπαυσινο
3604 1113 3717 1167 καὶ

2116 1196 2184 1265 τῇ
2213 1194 2368 1268 κλίνῃ
2408 1195 2482 1249 τὸ
2510 1196 2744 1268 δάκρυον
2788 1200 3111 1272 ἐπιρρέοντα
3142 1202 3219 1266 ὡς
3267 1204 3333 1256 ἐκ
3360 1204 3557 1275 πηγῶν
3585 1205 3717 1257 τῶν

2119 1286 2429 1358 βλεφάρων,
2493 1291 2589 1343 καὶ
2619 1291 2782 1345 πάλιν
2814 1294 2947 1364 ⁴ἡμῖν
2976 1294 3066 1347 τὸν
3096 1301 3458 1366 πεντηκοστὸν
3482 1298 3717 1369 ψαλμὸν

2120 1379 2521 1450 ἐκπονήσαντα,
2550 1380 2718 1436 τύπον
2748 1382 2839 1436 τὸν
2872 1384 3220 1457 ἱλασκόμενον
3256 1388 3408 1442 Θεόν.
3431 1390 3507 1442 Οὐ
3544 1390 3649 1459 μὲν
3678 1391 3715 1442 δ

2117 1467 2316 1539 θρῆνος
2342 1470 2491 1541 αὐτῷ
2526 1472 2701 1543 μάτην
2723 1473 3019 1547 ἐξεπονήθη
3041 1493 3055 1506 ·
3078 1477 3192 1530 ἀλλ’
3216 1479 3263 1531 oi
3290 1478 3475 1549 βαρεῖς
3506 1496 3712 1534 στενα-

2115 1559 2249 1630 γμοὶ⁵
2292 1560 2385 1613 τὸν
2419 1561 2566 1614 ἔλεον
2604 1563 3022 1632 ἐφειλκύσαντο’
3080 1569 3320 1622 ἀπέλαϐε
3370 1571 3429 1624 δὲ
3472 1573 3713 1641 καὶτῆς

440 1644 672 1712 gemitus
702 1642 1133 1700 misericordiam
1161 1641 1502 1705 invenerunt,
1531 1647 1588 1694 ut
1610 1648 1666 1694 et
1689 1638 1894 1710 imperii
1932 1639 2009 1693 di-

2118 1647 2400 1721 βασιλικῆς
2424 1651 2708 1717 αὑθεντίας
2740 1655 2838 1726 τὴν
2857 1656 3125 1724 ἐξουσίαν,
3158 1660 3252 1713 καὶ
3276 1660 3376 1730 τῆς
3396 1661 3535 1732 πρὸς
3565 1638 3713 1715 Θεδν

440 1736 668 1805 gnitate,
693 1746 747 1789 et
779 1734 1017 1788 amicitia
1061 1733 1151 1787 Dei
1193 1733 1363 1787 libere
1410 1734 1699 1787 frueretur.
1732 1728 1849 1785 Rex
1887 1730 2009 1784 item

2119 1717 2328 1807 ίκεσίας
2351 1717 2452 1815 τὴν
2488 1717 2818 1817 παρρησίαν..
2872 1717 3388 1819 ’ὀμοίωςῖκάκεῖνδς
3595 1754 3709 1807 Νι·-

442 1826 530 1880 ille
558 1824 914 1879 Ninivitarum
945 1821 1284 1876 multitudine
1319 1830 1663 1889 peccatorum
1688 1820 1755 1873 ad
1778 1819 2012 1885 exitium

442 1915 825 1989 contendebat,
871 1928 975 1967 una
1013 1928 1134 1967 cum
1174 1898 1407 1983 populis,
1453 1911 1653 1980 quibus
1693 1908 2012 1978 imperabat.

443 2007 509 2061 Et
535 2006 601 2073 is,
645 2007 734 2075 qui
768 2014 984 2074 peccata
1015 2006 1253 2073 ipsorum
1288 2004 1663 2072 redargnebat,
1702 2002 1845 2055 diem
1888 2014 2016 2070 snp-

446 2099 612 2167 plicia
636 2097 955 2167 praefinitam
981 2095 1334 2150 denuntiabat
1367 2093 1818 2162 appropinquare.
1846 2090 2011 2146 Cum-

437 2203 545 2258 que
591 2187 882 2255 prudenter
926 2186 1001 2240 illi
1064 2195 1234 2240 semet
1296 2183 1591 2254 aliligentes
1646 2183 2012 2236 calamitatem

436 2275 751 2346 eﬂ'ugissent
779 2277 854 2341 ”,
895 2276 1113 2332 dolebat
1164 2276 1423 2345 propheta
1475 2274 1620 2344 quod
1658 2273 1798 2327 mala
1822 2313 1840 2340 ,
1889 2287 2011 2343 qum

437 2368 781 2437 praedixerat,
814 2383 918 2422 non
949 2365 1275 2427 evenissent,
1329 2364 1529 2433 Deique
1572 2362 2011 2417 commiseratio-

439 2476 563 2516 nent
606 2462 791 2531 iniquo
822 2460 1003 2513 animo
1033 2458 1259 2512 ferebat.
1291 2458 1360 2509 At
1397 2455 1505 2520 ille,
1539 2455 1628 2525 qui
1668 2454 1866 2520 ubique
1897 2462 2010 2507 tum

437 2552 648 2614 verbis,
694 2561 804 2605 tum
842 2550 999 2604 factis
1053 2549 1290 2612 indicat,
1334 2555 1537 2618 quanta
1577 2545 1826 2601 homines
1850 2546 2013 2599 bene-

438 2641 670 2698 volentia
712 2637 1135 2709 complectatur,
1176 2637 1323 2703 fecit,
1354 2646 1413 2691 ut
1440 2635 1721 2691 cucurbita
1761 2648 2014 2688 nascere-

438 2744 543 2799 tur,
562 2748 682 2803 quae
709 2740 870 2802 caput
902 2731 1018 2801 ejus
1036 2730 1103 2784 ab
1126 2729 1319 2799 injuria
1351 2728 1480 2785 solis
1506 2727 1857 2790 defenderet;
1907 2727 2010 2779 sub

436 2828 627 2880 umbra
650 2832 847 2883 autem,
874 2823 1043 2892 ipsius
1080 2837 1146 2885 eo
1188 2821 1491 2877 dormiente
1543 2819 1726 2874 statim
1777 2817 2007 2873 exaruit.

435 2918 538 2984 Qui
587 2933 711 2972 cum
761 2924 1111 2985 experrectus
1163 2929 1277 2969 rem
1305 2928 1447 2982 aegre
1485 2912 1670 2977 ferret,
1712 2910 2008 2980 reprelien-

434 3010 601 3071 ditur,
631 3007 798 3078 quod,
831 3022 954 3061 cum
988 3007 1101 3074 ipse
1126 3005 1417 3076 virgultum
1456 3003 1736 3058 exaruisse
1762 3000 2010 3067 indigne—

436 3112 544 3167 tur,
594 3072 729 3155 nolit
770 3101 937 3154 Deum
981 3072 1281 3169 propinquo
1311 3107 1477 3152 tantae
1509 3094 1747 3152 civitatis
1783 3091 2005 3147 interitu
2036 3072 2077 3129 (ἶ

433 3190 760 3246 commoveri
782 3188 835 3242 ‘?

507 3368 615 3428 Vos
644 3369 830 3441 igitur,
865 3367 956 3438 qui
989 3365 1109 3422 duri
1141 3366 1273 3421 estis
1298 3372 1461 3436 atque
1494 3366 1754 3431 immites,
1784 3368 1902 3440 ejus
1919 3372 2011 3440 qui

435 3479 533 3518 nos
569 3461 897 3534 procreavit,
933 3459 1321 3529 benignitatem
1368 3467 1423 3515 et
1451 3460 1795 3515 clementiam
1833 3448 2012 3518 invita-

438 3556 590 3610 mini.
622 3553 797 3608 Nolite
821 3568 915 3608 vos
953 3553 1005 3605 in
1033 3565 1329 3607 conservos
1361 3558 1571 3604 vestros
1602 3552 1847 3619 praebere
1864 3553 2013 3622 judi-

434 3662 526 3701 ces
550 3644 776 3701 acerbos
803 3651 858 3699 et
891 3658 1102 3713 graves,
1141 3644 1312 3696 donec
1339 3642 1523 3695 veniat
1559 3643 1647 3696 ille
1676 3645 1769 3712 qui
1805 3659 2008 3700 arcana

433 3738 677 3791 cordium
705 3735 1021 3806 patefaciet,
1064 3744 1116 3787 et
1145 3743 1413 3801 potestate
1452 3748 1548 3787 sua
1592 3736 1791 3804 cuique
1814 3752 2012 3792 conve-

436 3830 671 3882 nientem
694 3834 889 3881 statum
922 3826 1126 3879 tribuet
1167 3824 1220 3879 in
1252 3824 1361 3878 vita
1389 3840 1552 3895 quam
1602 3836 2004 3895 exspectamus.

435 3918 609 3973 Nolite
667 3918 936 3972 tristiores
974 3916 1029 3971 in
1086 3915 1222 3971 alios
1257 3930 1321 3970 ac
1363 3916 1664 3972 severiores
1710 3925 2010 3975 sententias

438 4014 596 4070 terre,
630 4022 698 4062 ne
739 4008 925 4061 iisdem
968 4021 1063 4061 vos
1115 4007 1401 4061 sententiis
1449 4010 1920 4076 condemnetuini,
1955 4021 2012 4066 et

440 4097 670 4165 propriis
700 4096 879 4150 verbis
913 4104 1164 4163 tanquam
1194 4090 1443 4151 dentibus
1485 4100 1816 4155 acutissimis
1837 4102 2002 4155 conli-

435 4186 661 4256 gamini.
713 4185 760 4240 A
789 4202 897 4257 quo
926 4189 1146 4257 quidem
1197 4189 1427 4246 crimine
1468 4190 1716 4246 videntur
1767 4193 1900 4249 mihi
1942 4210 2009 4250 ea

435 4277 710 4347 Evangelii
755 4281 917 4333 verba
965 4296 1064 4335 nos
1104 4282 1423 4335 deterrere:
1455 4278 1635 4337 Nolite
1654 4285 1920 4353 judicare,
1950 4297 2007 4342 tu

2116 1834 2247 1905 νευὴ
2287 1833 2593 1905 βασιλεύειν
2641 1836 2841 1908 λαχὼν,
2874 1838 2950 1910 τῷ
2993 1840 3108 1910 ,μὲν
3155 1841 3349 1913 πλήθει
3373 1843 3482 1896 τῶν
3510 1845 3707 1916 ἀμαρ-

2114 1923 2245 1977 τιῶν
2281 1924 2642 1995 συνηλαύνετο
2664 1928 2797 1997 πρὸς
2833 1928 2926 1981 τὸν
2958 1928 3198 2000 ὄλεθρον,
3228 1930 3366 2002 ὁμοῦ
3388 1935 3499 1996 τοῖς
3527 1935 3707 2005 ἀρχο-

2118 2014 2296 2084 μένοις
2322 2013 2491 2079 λαοίς.
2548 2015 2645 2070 καὶ⁸
2695 2016 2724 2068 ὀ
2754 2018 2853 2088 τῆς
2898 2019 3173 2091 ἁμαρτίας
3203 2019 3424 2090 ἔλεγχος
3450 2020 3707 2090 ἐγγίζειν

2118 2106 2236 2174 μετ’
2264 2106 2441 2176 ὀλίγον
2473 2107 2571 2179 τὴν
2601 2108 2936 2181 προθεσμίαν
2958 2110 3060 2181 τῆς
3083 2111 3352 2182 τιμωρίας
3372 2113 3703 2183 ἐκήρυττεν.

2127 2195 2344 2268 Ἐπειδὴ
2372 2197 2430 2250 δὲ
2459 2198 2694 2262 συνετῶς
2719 2201 2946 2264 ἑαυτοὺς
2961 2200 3328 2266 κακώσαντες,
3366 2203 3565 2272 ἔφυγον
3595 2198 3704 2274 τῆν

2114 2275 2312 2359 πεῖραν
2365 2288 2466 2359 τῆς
2508 2293 2812 2363 συμφορᾶς,
2848 2291 3090 2365 ἐλυπήθη
3121 2294 3220 2364 μὲν
3252 2295 3334 2348 ὅτι
3370 2296 3444 2367 μὴ
3466 2295 3705 2366 ἠλήθευ-

2117 2396 2209 2432 σεν
2249 2380 2279 2432 ὀ
2332 2379 2444 2434 τῶν
2478 2381 2665 2435 κακῶν
2698 2384 3003 2456 προφήτης,
3035 2385 3288 2458 καὶπρὸς
3309 2386 3400 2440 τὸν
3424 2387 3573 2441 ἔλεον
3597 2386 3703 2440 τοῦ

2114 2470 2250 2524 Θεοῦ
2274 2472 2525 2541 χαλεπῶς
2569 2474 2937 2545 ὴγροικίσατο.
2979 2477 3038 2530 ’0
3082 2476 3138 2530 δὲ
3168 2477 3442 2548 πανταχοῦ
3472 2479 3569 2532 καὶ
3604 2478 3702 2533 διὰ

2112 2562 2284 2631 λόγων
2316 2566 2413 2616 καὶ
2454 2564 2705 2636 πράξεων
2739 2566 3022 2638 γνωρίζων
3060 2571 3227 2640 ἡμῖν,
3270 2570 3400 2642 ὅσην
3434 2570 3548 2640 ἔχει
3592 2570 3702 2642 τὴν

2112 2656 2250 2727 πρὸς
2281 2657 2408 2720 τοὺς
2432 2657 2754 2730 ἀνθρώπους
2788 2660 3096 2731 εὐμένειαν,
3137 2660 3262 2729 φύει
3293 2664 3394 2734 μὲν
3412 2665 3513 2735 τὴν
3541 2663 3704 2717 κολό-

2110 2747 2312 2801 κυνθαν
2349 2748 2489 2820 ὑπὲρ
2531 2750 2793 2824 κεφαλῆς,
2826 2751 2904 2823 τῷ
2949 2755 3201 2826 προφήτῃ
3228 2758 3437 2827 σκέπην
3467 2756 3567 2827 τῆς
3600 2756 3701 2809 λυ.

2109 2837 2319 2909 πούσης
2355 2841 2595 2906 ἀκτῖνος,
2655 2842 3110 2908 ὑποκαθεύδοντος
3148 2846 3205 2898 δὲ
3237 2848 3304 2916 τῇ
3340 2848 3469 2917 σκιᾷ
3494 2846 3698 2919 ἀθρόον

2111 2925 2464 3000 ἀποξηράνας
2497 2931 2687 3003 αὐτήν.
2722 2930 2854 2986 Εἶτα
2874 2933 2950 2995 ὡς
2974 2933 3245 3000 δυσκόλως
3261 2932 3405 3006 εἶχεν
3433 2938 3701 3006 ἀφυπνὼ-

2112 3035 2212 3082 σας
2248 3020 2384 3092 πρὸς
2410 3020 2470 3074 τὸ
2501 3020 2735 3092 συμϐὰν,
2766 3021 3012 3088 ὀνειδίζει
3047 3024 3142 3078 καὶ
3178 3025 3472 3096 μέμφεται.
3502 3029 3567 3083 Et
3592 3030 3700 3099 μὲν

2115 3108 2287 3174 οὕτως
2314 3111 2574 3182 ἐμπαθῶς
2625 3113 3008 3183 ἐπιστυγνάζοι
3039 3114 3118 3186 τῷ
3149 3117 3476 3188 μαρανθέντι
3523 3119 3700 3191 λαχάο

2116 3219 2211 3273 νῳ,
2238 3205 2267 3255 ὀ
2311 3202 2368 3255 δὲ
2410 3203 2543 3267 Θεὸς
2571 3204 2670 3257 οὐκ
2700 3203 2766 3257 ἂν
2797 3206 3108 3280 ἐπεκλάσθη
3163 3208 3464 3280 τηλικαύτῃ
3523 3212 3696 3280 ἐγγὺς

2113 3291 2343 3367 ἐλθούσῃ
2375 3292 2620 3347 κινδύνου
2641 3310 2657 3359 ;

2183 3382 2400 3436 Μάθετε
2426 3378 2540 3443 οὖν,
2570 3385 2619 3436 οί
2650 3383 2877 3456 σκληροὶ
2928 3386 3023 3439 καὶ
3046 3387 3436 3460 δυσμείλικτοι,
3465 3390 3567 3461 τὴν
3592 3391 3693 3444 τοῦ

2113 3473 2398 3537 κτίσαντος
2450 3475 2596 3545 ἡμᾶς
2639 3477 3002 3547 χρηστότητα,
3066 3480 3162 3533 καὶ
3200 3480 3275 3552 μὴ
3327 3482 3542 3548 γίνεσθε
3581 3485 3693 3538 τῶν

2111 3564 2417 3636 ὁμοδούλων
2468 3567 2656 3638 πικροὶ
2720 3568 2815 3622 καὶ
2868 3567 3052 3641 βαρεῖς
3102 3571 3372 3639 δικασταὶ,
3422 3575 3585 3647 ἄχρις
3621 3577 3690 3630 ἂν

2111 3655 2375 3728 ἀφίκηται
2426 3659 2456 3711 ὀ
2493 3658 2562 3711 τά
2594 3659 2815 3730 κρυπτά
2859 3662 2968 3713 τῶν
2997 3662 3229 3733 καρδιῶν
3266 3666 3689 3735 ἀποκαλύπτων,

2112 3747 2206 3799 καὶ
2262 3748 2381 3800 κατ’
2405 3748 2648 3815 ἐξουσίαν
2683 3750 3005 3821 δεσποτικὴν
3041 3755 3254 3824 ἑκάστῳ
3306 3758 3409 3829 τῆς
3454 3762 3689 3831 προσδο-

2111 3837 2365 3909 κωμένης
2406 3837 2553 3910 ζωῆς
2584 3840 2910 3912 ἀποκληρῶν
2938 3845 3035 3913 τὴν
3064 3849 3409 3908 κατάστασιν.
3432 3851 3524 3923 Μὴ
3559 3871 3690 3908 σκυ-

2111 3927 2339 3999 θρωπάς
2393 3931 2655 4003 ἐκφέρετε
2742 3934 2842 3998 τὰς
2904 3935 3223 4005 ἀποφάσεις·
3288 3941 3375 3993 ἵνα
3436 3942 3513 4014 μὴ
3565 3949 3687 4010 ταῖς

2108 4018 2327 4088 ὁμοίαις
2354 4021 2718 4094 ὑποδληθῆτε,
2753 4027 2846 4079 καὶ
2892 4026 3001 4080 τῶν
3026 4029 3241 4083 οίκείων
3268 4035 3549 4104 πομάτων
3572 4040 3686 4101 τοῖς

2106 4110 2290 4180 λόγοις
2319 4113 2394 4177 ὡς
2443 4112 2651 4169 ὀδοῦσιν
2682 4116 2959 4185 ὀξυτάτοις
2988 4121 3350 4193 περιπαρῆτε.
3388 4127 3546 4179 Δοκεῖ
3575 4127 3685 4198 γάρ

2113 4220 2203 4274 μοι
2248 4205 2343 4259 καὶ
2399 4206 2433 4277 ἡ
2466 4207 2790 4281 εύαγγελικὴ
2838 4212 3140 4285 πρόρρησις
3183 4216 3373 4271 τούτου
3405 4220 3682 4290 προφυλα-

2110 4295 2272 4365 κτικὴ
2301 4296 2590 4366 τυγχάνειν
2632 4298 2727 4352 τοῦ
2766 4299 3253 4374 πλημμελήματος.
3284 4306 3511 4375 λέγουσα
3531 4325 3547 4339 ⁸
3583 4312 3681 4381 Μὴ

433 4385 499 4423 ne
530 4370 843 4438 judicentini
871 4372 914 4427 ¹.
945 4369 1150 4438 Quibus
1194 4388 1325 4428 sane
1380 4373 1557 4429 verbis
1613 4391 1716 4429 non
1766 4379 2007 4432 aufertur

2111 4386 2366 4453 κρίνετε,
2424 4388 2525 4442 ἵνα
2571 4388 2658 4457 μὴ
2698 4369 2958 4459 κριθῆτε.
3114 4395 3225 4469 γὰρ
3253 4369 3366 4471 τὴν-
3381 4401 3561 4471 κρίσιν
3589 4369 3682 4457 καί

433 4462 588 4517 nobis
633 4460 862 4520 facultas
911 4465 1145 4519 humane
1191 4465 1526 4536 benigneque
1571 4465 1865 4536 judicandi,
1912 4475 2005 4526 sed

434 4552 791 4621 interdicitur,
814 4570 880 4609 ne
923 4555 1138 4622 gravius
1178 4567 1232 4611 et
1266 4558 1510 4624 asperius
1555 4556 1840 4627 iudicando
1885 4576 2010 4616 con-

433 4635 778 4699 demnemus.
806 4643 1041 4699 Leviora
1094 4646 1257 4715 igitur
1285 4647 1371 4702 fac
1395 4649 1621 4704 aliorum
1658 4650 1913 4719 pondera,
1939 4666 2008 4709 ne

431 4736 484 4791 in
507 4739 695 4792 eadem
742 4738 1104 4792 damnationis
1161 4740 1363 4794 trutina
1412 4741 1654 4796 actiones
1694 4750 1799 4797 tua:
1827 4742 2005 4812 depri-

429 4837 668 4895 mantur,
706 4829 924 4899 quando
961 4829 1070 4884 vita
1113 4840 1294 4885 nostra
1331 4840 1589 4901 tanquam
1625 4833 1678 4886 in
1720 4833 1876 4889 lance
1910 4834 2002 4890 Dei

423 4919 630 4990 judicio
662 4920 1082 4975 examinabitur.
1114 4920 1215 4985 Tu,
1255 4921 1346 4990 qui
1380 4936 1607 4990 corpore
1650 4923 1874 4979 indutus
1907 4940 1998 4991 es,

426 5022 483 5066 et
508 5012 561 5067 in
589 5028 750 5068 carne
783 5014 939 5080 vivis,
971 5030 1126 5080 cave,
1151 5028 1216 5069 ne
1249 5014 1474 5070 medica:
1502 5016 1638 5072 artis
1661 5017 1998 5073 curationem

427 5100 652 5169 abjicias
693 5114 749 5158 et
792 5108 1130 5173 asperneris;
1167 5120 1287 5160 nam
1323 5106 1451 5162 licet
1483 5110 1760 5164 commoda
1796 5109 1997 5166 fruaris

429 5190 751 5258 valetudine,
788 5209 893 5248 non
925 5203 1104 5248 tamen
1130 5208 1344 5266 semper
1366 5195 1441 5250 ita
1478 5196 1615 5251 liber
1647 5198 1715 5253 ab
1741 5198 1885 5252 omni
1908 5199 1995 5253 fu-

429 5287 584 5333 turus
616 5296 677 5335 es
707 5283 914 5347 morbo,
946 5292 1005 5338 ut
1031 5298 1192 5354 opera
1214 5282 1405 5341 medici
1430 5298 1707 5355 nunquam
1732 5286 1995 5356 indigeas.

429 5369 681 5425 Animum
732 5372 900 5426 habes
955 5374 1024 5428 ad
1074 5389 1162 5428 res
1201 5384 1442 5432 terrenas
1479 5380 1815 5446 caducasque
1868 5393 1996 5447 pro-

429 5464 674 5532 pensum,
716 5463 955 5533 quandiu
1033 5464 1233 5522 oblitus
1309 5466 1394 5522 sui
1444 5467 1703 5539 impletur
1752 5471 1996 5541 corporis

2109 4476 2209 4544 τὴν
2244 4476 2660 4548 εὐγνωμοσύνην
2694 4479 2946 4535 ἐκϐάλλει
2970 4496 2986 4512 '
3025 4483 3203 4553 κρίσιν
3223 4485 3280 4540 δέ
3309 4488 3559 4557 ὀνομάζει
3583 4490 3681 4562 τὴν

2107 4569 2450 4636 τραχυτέραν
2488 4566 2827 4637 κατάκρισιν.
2870 4570 3101 4643 Ποίησον
3132 4564 3244 4642 οὖν,
3281 4577 3331 4629 εί
3360 4576 3522 4643 δοκεῖ,
3558 4580 3683 4634 κοῦ-

2108 4671 2206 4722 φον
2236 4654 2296 4707 τὸ
2331 4656 2613 4727 σταθμίον,
2649 4660 2701 4711 εί
2720 4676 2804 4712 πω
2829 4659 3007 4730 βούλει
3034 4663 3109 4735 μὴ
3140 4665 3275 4737 πρὸς
3293 4667 3390 4739 τὴν
3421 4672 3682 4743 κατακρί-

2105 4761 2303 4799 νουσαν
2336 4746 2645 4817 πλάστιγγα
2674 4751 2768 4804 καὶ
2809 4752 2910 4815 τὰς
2940 4753 3041 4818 σάς
3064 4757 3289 4827 πράξεις
3317 4760 3682 4833 καθελκυσθῆ-

2105 4853 2216 4901 ναι,
2248 4838 2378 4891 ὅταν
2422 4841 2451 4892 ὁ
2479 4839 2593 4911 βίος
2634 4842 2811 4915 ήμῶν,
2845 4845 2921 4909 ὠς
2964 4849 3023 4900 ἐν
3046 4845 3215 4920 ζυγῷ,
3254 4854 3320 4922 τῇ
3371 4853 3549 4923 κρίσει
3589 4855 3679 4909 τοῦ

2105 4926 2243 4980 Θεοῦ
2293 4929 2707 5005 ταλαντεύηται.
2744 4935 2910 5008 Σῶμα
2951 4940 3331 5011 περικείμενος
3369 4946 3463 4996 καὶ
3483 4944 3679 5010 διαζῶν

2103 5020 2162 5073 ἐν
2203 5023 2384 5095 σαρκὶ,
2428 5027 2641 5097 μήποτε
2674 5029 2956 5102 ἀπελάσῃς
2980 5032 3075 5086 τοῦ
3117 5032 3234 5103 βίου
3252 5034 3350 5103 τὴν
3372 5036 3478 5088 ἀπὸ
3509 5037 3681 5108 ίατρι-

2103 5111 2205 5183 κῆς
2225 5114 2538 5186 θεραπείαν.
2573 5118 2690 5173 Κᾶν
2712 5121 2821 5192 γάρ
2851 5123 2943 5176 ἐπὶ
2967 5123 3216 5179 πλεῖστον
3242 5126 3365 5179 ὅσον
3412 5125 3597 5199 εὐεξίᾳ
3621 5144 3678 5180 τε

2105 5205 2195 5257 καὶ
2217 5205 2377 5278 ὑγεία
2417 5207 2674 5284 συζήσῃς,
2717 5212 2832 5266 ἀλλ’
2857 5214 2955 5284 οὐχ
2983 5215 3156 5280 οὕτως
3201 5217 3524 5283 διατελέσεις
3559 5219 3678 5273 avoc

2107 5309 2218 5359 σος.
2247 5293 2324 5359 ὡς
2351 5298 2410 5350 ἐν
2442 5301 2599 5373 χρείᾳ
2655 5301 2732 5374 μὴ
2774 5304 3027 5373 γενέσθαι
3062 5307 3162 5377 τῆς
3220 5308 3534 5379 ἐπιμελείας
3583 5307 3677 5362 τοῦ

2106 5383 2521 5455 θεραπεύοντος.
2554 5394 2662 5447 Καὶ
2694 5394 2870 5467 ψυχὴν
2893 5396 3031 5467 ἔχων
3054 5398 3513 5470 κατακλινομένην
3544 5402 3680 5471 πρὸς

2104 5475 2173 5531 τὰ
2199 5477 2384 5550 γήϊνα,
2426 5481 2587 5554 ἡνίκα
2618 5483 2683 5539 ἂν
2721 5487 2921 5559 ἑαυτῆς
2971 5488 3354 5560 ἐπιλαθομένη,
3408 5490 3517 5545 τῶν
3549 5509 3680 5564 προ-

503 5654 550 5692 ”
579 5656 702 5717 Jan.
743 5675 824 5726 ιιι,
862 5659 880 5714 l
912 5676 1032 5732 sqq.
1114 5662 1275 5718 'Jan.
1300 5628 1428 5731 ﬂ,“
1457 5684 1574 5737 sqq.
1656 5670 1677 5702 ¹
1708 5668 1897 5725 Matth.
1927 5685 2024 5740 ιιι,
2054 5672 2102 5727 1.
