3820 6328
137 338 217 396 561
926 327 1215 385 HOMILIA
1252 324 1388 381 XIII.
1426 314 1872 379 ADHORTATIO
1908 318 2000 375 AD
2036 307 2561 376 MENITENTIAM.

3281 321 3389 378 362

138 448 389 508 νκαθειῶν
423 445 718 520 ἐμπλησθῇ
771 444 868 499 τοῦ
926 442 1198 516 σώματος,
1246 442 1321 515 μὴ
1355 439 1571 513 ἀναίρει
1616 439 1709 492 τὸν

1820 436 2208 497 affectionibus.
2232 438 2464 496 Proinde
2495 437 2608 495 noli
2642 435 3070 494 misericordiam
3096 441 3384 515 denegare,

138 550 282 607 ἔλεον,
335 544 426 599 ῖνα
481 541 557 615 μὴ
607 539 922 613 ἀμοιρήσῃς
981 535 1334 610 συγγνώμης,
1379 537 1507 589 ὅταν
1531 534 1706 605 αὐτῆς

137 636 333 707 ἐπιδεὴς
356 634 655 704 καταστῇς.
701 629 905 702 Ἱερεύς
930 629 1015 694 τίς
1047 630 1185 693 ἐστὶ,
1221 629 1314 681 καὶ⁸
1349 624 1706 698 ἡγεμονεύειν

137 729 303 799 ἔλαχεν
327 725 426 780 τοῦ
445 723 581 779 λαοῦ
597 737 614 754 ⁸
667 719 970 795 συμπαθῶν
1001 718 1185 793 ὁράτω
1220 718 1331 773 τῶν
1353 718 1611 790 ὑπηκόων
1637 717 1708 771 τὰ

137 819 406 891 πτώματα,
440 816 621 880 εἰδὼς,
642 817 727 870 ὅτι
756 814 913 886 κᾶνὴ
945 812 1100 880 τάξις
1151 811 1245 865 τοῦ
1276 810 1390 883 βίου
1442 808 1707 883 διαφορὰν

137 913 217 983 ἔχῃ
244 914 380 984 πρὸς
427 909 561 973 τοὺς
594 907 848 971 πολλοὺς,
882 904 1017 959 ἀλλὰ
1048 906 1116 975 τῇ
1163 903 1322 974 φύσει
1347 902 1455 957 τῶν
1482 920 1708 974 ποιμαι-

138 1001 352 1071 νομένων
383 999 539 1052 οὐδὲν
571 997 906 1067 διενήνοχεν’
940 991 1212 1047 κοινωνῶν
1246 991 1313 1045 δέ
1349 991 1541 1063 αὐτῆς,
1575 991 1707 1057 ίσως

136 1094 247 1146 ποτέ
280 1092 602 1161 κοινωνήσει
629 1089 725 1142 καὶ
751 1087 858 1158 πλη
867 1084 1044 1158 μμελή
1053 1101 1243 1156 ματος.

191 1183 367 1239 Ταῦτα
381 1182 479 1236 καὶ
501 1180 745 1252 “mihi;
768 1177 892 1232 ἰδὼν
918 1177 1224 1249 (ἄνθρωπος
1249 1174 1357 1249 γὰρ
1380 1176 1467 1248 ἦν,
1495 1177 1589 1231 καί¹
1609 1176 1708 1249 τὴν

138 1276 274 1346 φύσιν
286 1272 631 1346 ἐγνώριζεν),
643 1273 736 1326 τὸν
756 1271 955 1343 μόσχον
968 1270 1109 1344 ὑπὲρ
1119 1264 1426 1343 τοῦίερέως
1448 1273 1708 1343 ίερουγεῖ-

140 1370 243 1423 σθαι
270 1368 542 1435 διέταξεν,
581 1368 969 1439 ἡμαρτηκότος
1000 1364 1223 1428 πάντως
1255 1363 1351 1418 καὶ¹
1395 1361 1708 1435 καθαρσίων

136 1461 391 1529 δεομένου,
441 1460 542 1514 καὶ
578 1460 861 1514 πλειόνων.
888 1459 1065 1531 Ὅπερ
1110 1458 1168 1512 δέ
1196 1453 1263 1529 ἧν
1293 1457 1415 1511 τότε
1457 1457 1486 1510 6
1516 1456 1710 1528 ἐνσαρ-

137 1572 216 1619 to;
242 1555 465 1625 μόσχος,
516 1552 678 1607 τοῦτο
723 1551 820 1607 νῦν
866 1554 1013 1606 ἐστιν
1054 1553 1088 1623 ἡ
1118 1549 1409 1622 ἀσώματος
1470 1547 1710 1622 μεταμέ-

135 1644 253 1705 λεια,
282 1647 380 1699 καὶ
407 1647 442 1716 ἠ
476 1646 820 1716 ἀναίμακτος
844 1642 1030 1715 δέησις
1049 1659 1065 1674 °
1114 1637 1183 1713 ἧς
1217 1641 1707 1714 ὑψηλολογούμενοι

136 1737 214 1790 καὶ
257 1736 755 1810 μεγαλαυχῶντες,
799 1736 898 1808 τὴν
950 1735 1272 1808 εὐεργεσίαν
1308 1736 1382 1808 μὴ
1434 1734 1708 1805 λύσωμεν,

136 1831 333 1894 εἰδότες,
367 1831 455 1885 ὄπι
482 1830 578 1883 καὶ
610 1827 822 1900 ’Δαρὼν
847 1831 876 1882 6
900 1827 1267 1900 δοκιμώτατος
1288 1828 1467 1900 ἱερεὺς
1490 1827 1571 1898 τῷ
1594 1825 1710 1897 λαῷ

135 1919 370 1993 ζητοῦντι
423 1922 585 1985 θεοὺς
650 1920 991 1993 συναπήχθη,
1023 1920 1118 1974 καὶ
1149 1918 1291 1991 μετὰ
1329 1920 1429 1990 τῆς
1471 1918 1710 1989 ἀδελφῆς

135 2014 219 2083 τῆς
246 2014 469 2087 Μαρίας
496 2014 639 2068 ἑάλω
670 2013 749 2087 τῷ
785 2011 1086 2085 γογγυσμῷ
1105 2026 1123 2044 ⁸
1151 2012 1247 2066 καὶ
1266 2012 1315 2065 εί
1348 2011 1423 2085 μὴ
1452 2012 1481 2065 6
1505 2027 1714 2080 γογγυο

138 2106 268 2171 σθεὶς
311 2108 613 2173 ἱκέτευσεν,
668 2106 770 2160 οὐκ
825 2104 892 2160 ἂν
924 2105 1024 2177 τὴν
1079 2104 1354 2176 τιμωρίαν
1403 2103 1707 2173 διέφευγεν.

141 2198 313 2265 ι’Δλλος
342 2200 516 2262 ἐστὶν,
578 2199 678 2270 οὐχ
709 2197 907 2269 ἱερεὺς,
930 2196 1068 2251 ἀλλὰ
1107 2192 1189 2261 εἷς
1215 2196 1323 2250 τῶν
1347 2194 1578 2258 πολλῶν,
1614 2211 1710 2265 φο-

138 2293 319 2347 ϐείσθω
351 2292 527 2365 βαρὺν
564 2290 867 2344 ἐπιτιθέναι
896 2288 1081 2360 ζυγόν.
1119 2290 1184 2342 Ei
1227 2287 1336 2360 γὰρ
1364 2289 1395 2341 6
1426 2287 1713 2359 καθαίρειν

138 2386 215 2439 τὸν
236 2386 364 2440 λαὸν
394 2384 729 2458 προϐληθεὶς
761 2384 953 2456 χρῄζει
981 2382 1296 2454 καθαρσίων
1347 2381 1540 2449 ἐνίοτε,
1568 2382 1620 2435 τί
1645 2381 1712 2436 ἂν

139 2477 280 2533 πάθοι
310 2479 343 2531 6
375 2477 518 2549 μηδὲ
543 2476 646 2549 τῆς
675 2475 1014 2549 χειροτονίας
1040 2474 1181 2546 ἔχων
1211 2473 1311 2547 τὴν
1339 2474 1603 2545 δύναμιν;

194 2746 592 2819 Μιμησώμεθα
617 2744 718 2817 τὴν
754 2742 1121 2815 ποιμαντικὴν
1159 2740 1257 2805 τοῦ
1289 2743 1560 2797 Δεσπότου
1583 2759 1595 2770 ·
1631 2744 1720 2812 ἐγ-

140 2841 388 2912 κύιζωμεν
435 2843 553 2905 τοῖς
578 2837 952 2908 Εὐαγγελίοις,
1010 2836 1106 2889 καὶ
1136 2835 1327 2908 ὥσπερ
1380 2836 1438 2889 ἐν
1468 2835 1717 2908 ἐσόπτρῳ

140 2934 224 3006 τὴν
250 2935 393 2987 ίδέαν
418 2930 831 3003 καταμάθωμεν
883 2928 985 2999 τῆς
1010 2927 1328 2999 ἐπιμελείας
1352 2944 1412 2981 τε
1449 2928 1548 2982 καὶ
1579 2946 1718 3000 χρη-

141 3029 404 3101 στότητος.
460 3025 654 3079 Βλέπω
681 3023 791 3094 γὰρ
848 3022 968 3074 ἐκεῖ
998 3020 1057 3074 ἐν
1111 3019 1447 3092 παραϐολαῖς
1474 3021 1567 3073 καὶ
1606 3022 1719 3084 τοῖς

1808 545 1878 586 ne
1910 532 2123 587 veniam
2148 531 2263 602 ipse
2286 546 2391 586 non
2426 529 2697 596 invenias,
2728 529 2954 599 quando
2981 529 3152 600 ipsam
3180 533 3394 589 deside-

1809 622 1975 679 rabis.
2028 623 2294 679 Sacerdos
2324 630 2409 678 est
2448 621 2668 692 aliquis,
2701 621 2991 691 populique
3016 624 3236 691 regendi
3273 641 3396 680 mu-

1809 733 1912 774 nus
1941 718 2164 773 snrtitus
2194 726 2277 772 est
2303 732 2319 769 :
2352 717 2680 787 privatorum
2714 729 2877 771 casus
2901 716 3350 772 commisereatur
3374 759 3391 785 ,

1813 810 2232 879 memineritque
2274 823 2355 877 se,
2410 808 2659 879 quamvis
2709 808 2972 879 dignitate
3028 819 3247 880 praestet
3291 810 3389 877 Iis,

1809 918 1949 974 quos
1983 904 2246 974 gubernat
2295 917 2360 958 ac
2403 902 2577 975 regit,
2616 913 2862 958 naturam
2920 910 3106 958 tamen
3146 906 3391 961 eamdem

1809 996 2033 1061 habere,
2067 996 2296 1066 ideoque
2328 1010 2487 1066 posse
2507 995 2797 1066 aliquando
2820 995 3057 1053 fortasse
3084 997 3137 1054 in
3170 999 3392 1055 eosdem

1808 1103 2026 1144 errores
2055 1088 2312 1143 incidere.

1881 1183 2013 1250 Quae
2047 1198 2169 1237 cum
2205 1182 2419 1252 Moyses
2451 1180 2558 1238 non
2581 1181 3108 1254 ignoraret(quippe
3132 1192 3190 1239 ct
3226 1184 3393 1239 homo

1809 1283 1928 1329 erat
1980 1282 2034 1329 et
2076 1273 2311 1329 hominis
2354 1286 2606 1328 naturam
2651 1283 2990 1344 perspectam
3035 1285 3098 1330 et
3118 1276 3390 1346 cognitam

1809 1367 2089 1439 habebat),
2127 1367 2429 1430 constituit,
2453 1376 2514 1422 ttt
2535 1381 2632 1436 pro
2659 1369 2943 1423 sacerdote
2971 1368 3169 1424 vitulus
3194 1371 3391 1425 immo-

1809 1458 2036 1523 laretur,
2060 1468 2319 1528 peccante
2343 1458 2598 1513 nimirum
2635 1468 2690 1512 et
2715 1459 2832 1529 ipso
2854 1461 3249 1528 expiatiunibus
3273 1462 3391 1532 plu-

1812 1550 1963 1607 ribus
2004 1552 2300 1622 indigente.
2337 1551 2494 1621 Quod
2521 1564 2699 1608 autem
2732 1562 2860 1608 tunc
2884 1563 3004 1607 erat
3034 1554 3086 1608 in
3120 1569 3284 1610 carne
3312 1556 3394 1609 via

1812 1643 1978 1709 tulus,
2032 1643 2174 1698 idem
2233 1661 2380 1701 nunc
2430 1654 2514 1701 est
2562 1647 2882 1713 incorporea
2943 1648 3280 1717 poenitentia.
3312 1646 3394 1702 in-

1817 1747 2153 1810 cruentaque
2178 1740 2522 1809 depreeatin:
2557 1756 2662 1811 qua
2698 1741 2914 1811 quidem
2960 1740 3258 1795 cavendum
3284 1752 3390 1806 σει,

1819 1845 1888 1885 ne
1920 1830 2071 1898 elati,
2104 1830 2506 1903 gloriantesque
2550 1832 2961 1900 humanitatem,
2994 1841 3049 1888 et
3083 1831 3393 1889 beneﬁcen-

1818 1921 1944 1975 tiam
1977 1922 2344 1993 repudiemus,
2376 1938 2499 1978 cum
2540 1925 2777 1979 sciamus
2820 1924 3002 1980 Aaron
3054 1925 3395 1981 sacerdotem

1814 2010 1961 2066 illum
1993 2013 2462 2083 probatissimum,
2497 2014 2695 2085 popqu
2740 2016 2870 2071 deos
2915 2016 3181 2085 ﬂagitanti
3212 2013 3394 2071 indul-

1814 2105 1973 2167 sisse,
2001 2115 2057 2160 et
2105 2116 2308 2162 temere
2336 2107 2623 2161 admodum
2677 2123 2956 2163 murmure
2987 2118 3205 2177 captum
3250 2123 3394 2164 esse.

1814 2193 1968 2261 Quod
2003 2195 2049 2250 si
2108 2196 2175 2262 is,
2215 2196 2306 2266 qui
2354 2208 2809 2262 murmuraverat,
2864 2213 2968 2252 non
3010 2198 3395 2269 supplicasset,

1814 2284 2133 2355 supplicium
2170 2301 2274 2342 non
2307 2287 2590 2342 evasisset.
2615 2287 2768 2342 Alius
2797 2299 2975 2344 autem
3006 2298 3110 2356 est,
3157 2305 3263 2344 non
3304 2305 3394 2345 sa-

1813 2379 2026 2444 cerdos,
2059 2380 2153 2435 sed
2209 2393 2348 2435 unus
2379 2394 2412 2434 e
2452 2379 2669 2451 populo,
2702 2389 2893 2436 caveat
2922 2397 2991 2437 ne
3012 2382 3229 2451 gravius
3248 2381 3397 2453 judi-

1815 2471 1990 2527 cando
2017 2470 2204 2541 iugum
2247 2470 2458 2527 subeat.
2502 2469 2637 2526 Nam
2665 2473 2710 2528 si
2758 2473 2805 2527 is
2848 2474 2937 2540 qui
2972 2474 3038 2527 ad
3069 2474 3397 2543 expiandum

1815 2560 2069 2632 populum
2092 2561 2332 2617 delectus
2361 2574 2464 2631 est,
2502 2563 2705 2635 indiget
2734 2563 2849 2634 ipse
2892 2565 3220 2634 expiatione,
3267 2565 3396 2635 quid

1818 2654 1913 2711 Iiet
1942 2655 2038 2723 illi,
2071 2656 2164 2726 qui
2194 2658 2457 2726 ejusmodi
2485 2673 2676 2712 munus
2700 2674 2805 2713 non
2836 2659 3102 2714 sustinet?

1887 2748 2171 2804 Imitemur
2196 2764 2314 2804 eam
2354 2750 2608 2818 pascendi
2645 2751 2940 2818 rationem,
2995 2767 3099 2823 qua
3140 2752 3399 2808 Dominus

1817 2854 1948 2895 usus
1976 2850 2092 2907 est;
2128 2839 2416 2910 Evangelia
2449 2842 2909 2913 contemplemur;
2937 2845 3115 2913 ibique
3137 2853 3397 2914 tanquam

1819 2930 1872 2985 in
1899 2931 2139 3000 speculo,
2182 2932 2473 3003 diligentia:
2503 2942 2558 2989 et
2601 2935 2951 3003 benignitatis
2986 2938 3289 3007 exemplum
3319 2939 3402 2992 iu-

1819 3030 2056 3091 tuentes,
2089 3038 2183 3079 eas
2230 3025 2623 3095 perdiscamus.
2677 3025 2793 3081 Illic
2841 3028 2984 3083 enim
3041 3030 3094 3083 in
3130 3030 3399 3099 parabolis

140 3118 582 3190 ἐπεσκιασμένοις
630 3115 740 3169 τῶν
797 3113 971 3183 λόγων
1030 3113 1200 3185 ἄνδρα
1242 3113 1474 3183 ποιμένα
1522 3112 1709 3166 ἑκατὸν

1826 3116 2264 3187 adumbratisque
2288 3120 2628 3176 sermonibus
2654 3121 2812 3176 video
2838 3133 3053 3178 centum
3086 3125 3267 3179 ovium
3298 3127 3399 3181 bo-

141 3214 449 3284 προϐἀτωνσ
487 3212 548 3276 ὃς
603 3208 724 3273 ἐνὸς
781 3207 1111 3281 θρέμματος·
1146 3205 1566 3277 ἀποσχισθέντος
1613 3206 1714 3276 τῆς

141 3306 325 3377 ἀγέλης
354 3303 453 3359 καὶ
482 3300 856 3370 πλανωμένου,
893 3300 955 3352 οὐ
994 3302 1106 3362 τοῖς
1139 3299 1196 3352 ἐν
1227 3297 1379 3362 τάξει
1410 3297 1505 3351 καὶ
1533 3297 1712 3379 ἀπλα-

141 3395 573 3468 νῶςνεμομένοις
612 3393 939 3466 παρέμεινεν
963 3409 978 3423 ·
1014 3391 1130 3445 ἀλλ’
1179 3388 1432 3463 ὁρμήσας
1474 3391 1566 3444 ἐπὶ
1616 3391 1715 3460 τὴν

143 3488 371 3558 ζήτησιν,
412 3484 620 3548 πολλὰς
653 3485 752 3554 μὲν
778 3483 1030 3537 διώδευσε
1062 3481 1377 3552 κοιλότητάς
1396 3499 1455 3535 τε
1493 3483 1589 3536 καὶ
1620 3482 1717 3552 φά.

143 3596 357 3649 ραγγας,
397 3577 653 3649 μεγάλων
676 3576 736 3630 δὲ
768 3576 863 3630 καὶ
890 3575 1111 3646 ὑψηλῶν
1139 3574 1485 3648 ὑπερηνέχθη
1519 3575 1717 3628 σκοπέ-

140 3671 253 3738 λων,
292 3672 387 3726 καὶ
440 3673 563 3734 ταῖς
598 3668 854 3743 ἐρημίαις
903 3668 1188 3740 καρτερῶς
1239 3668 1591 3739 ἐνεμόχθησε,
1618 3669 1717 3739 μέ·-

142 3782 249 3835 χρις
301 3764 370 3819 ἂν
397 3757 589 3835 ηὗρεν.
612 3760 817 3834 Εύρὼν
840 3761 897 3815 δὲ
938 3763 1038 3815 οὐκ
1067 3759 1315 3832 ἕπληξεν,
1351 3763 1412 3814 οὐ
1455 3762 1561 3833 μὴν
1595 3761 1716 3814 ούδέ

142 3854 323 3925 ᾖλασεν
353 3851 606 3926 σςροδρῶς
628 3852 864 3922 ἐπείγων
890 3852 1024 3925 πρὸς
1056 3851 1155 3924 τὴν
1186 3851 1420 3921 ἀγέλην·
1460 3852 1573 3906 ἀλλ’
1604 3854 1716 3906 ἐπι-

143 3942 243 4009 Oz‘t;
267 3946 343 4015 τῷ
382 3944 574 4015 αὐχένι
613 3944 709 3997 καλ⁵
748 3943 982 4014 κομίσας
1018 3944 1157 4016 μετὰ
1183 3941 1418 4011 φειδοῦς,
1442 3945 1555 4006 τοῖς
1599 3959 1718 3997 συν-

142 4037 308 4107 νόμοις
336 4034 809 4107 ἀπεκατέστησεν,
846 4036 1052 4108 χαίρων
1104 4036 1193 4089 ἐπ’
1212 4034 1407 4105 ἐκείνῳ
1445 4034 1628 4101 πλέον,
1678 4036 1712 4107 ἢ

141 4129 210 4197 τῷ
234 4130 425 4201 πλήθει
466 4126 576 4183 τῶν
601 4127 798 4183 ἄλλων.
856 4128 1156 4200 Νοήσωμεν
1187 4129 1366 4181 τοίνυν
1396 4128 1457 4182 τὸ
1485 4128 1717 4200 πρᾶγμα

144 4224 197 4274 τὸ
220 4229 322 4291 τοῖς
354 4227 679 4299 αἰνίγμασιν
709 4226 1180 4297 ἐγκρυπτόμενον·
1218 4226 1282 4278 τὸ
1308 4226 1417 4296 γὰρ
1444 4225 1717 4297 πρόϐατον

144 4316 231 4369 οῦκ
262 4319 434 4383 ὅντως
481 4318 755 4390 πρόϐατον
778 4335 793 4349 ·
831 4318 926 4372 καὶ
958 4320 986 4372 6
1017 4317 1219 4389 ποιμὴν
1247 4318 1304 4371 δὲ
1344 4320 1561 4380 πάντως
1588 4317 1717 4371 ἄλλο

144 4421 211 4468 τι,
233 4410 287 4462 ού
326 4410 439 4481 μὴν
477 4412 508 4463 6
551 4408 663 4464 τῶν
695 4409 905 4478 ἀλόγων
930 4408 1160 4479 νομεύς·
1193 4409 1308 4462 ἀλλ’
1335 4409 1483 4463 ἔστιν
1515 4408 1715 4462 ὑποδεί-

1819 3210 2020 3264 minem
2052 3220 2324 3279 pastorem
2376 3211 2397 3243 ⁸
2421 3255 2435 3276 ,
2476 3211 2567 3281 qui
2617 3228 2737 3267 cum
2771 3214 2983 3268 illarum
3019 3231 3124 3270 uua
3157 3231 3187 3270 a
3234 3232 3401 3288 grege

1815 3304 2180 3367 discessisset,
2216 3313 2271 3359 et
2314 3306 2622 3360 errabunda
2674 3318 2995 3377 vagaretur,
3052 3325 3159 3364 non
3198 3313 3398 3365 mansit

1818 3409 1940 3449 cum
1981 3395 2107 3461 illis,
2141 3411 2261 3465 qua:
2292 3405 2571 3451 servantes
2604 3398 2844 3454 ordinem
2889 3397 3278 3468 pascebantur;
3304 3400 3398 3454 sed

1816 3489 1886 3542 ad
1935 3502 2052 3542 eam
2096 3488 2478 3556 requirendam
2528 3488 2821 3559 profectus,
2856 3490 3054 3545 multas
3097 3489 3263 3544 valles
3290 3488 3400 3544 sal-

1820 3589 2012 3650 tusque
2058 3581 2373 3649 superavit,
2431 3595 2656 3649 magnos
2715 3591 2879 3648 atque
2926 3582 3124 3636 arduos
3185 3592 3398 3638 montes

1819 3673 2173 3735 transcendit,
2206 3672 2259 3726 iu
2298 3672 2674 3727 solitudinibus
2701 3673 3046 3742 peragrando
3084 3672 3248 3729 multo
3273 3689 3396 3729 cum

1819 3763 2006 3818 labore
2044 3764 2230 3818 tandiu
2284 3763 2691 3834 pervestigavit,
2736 3762 2907 3819 donec
2932 3773 3205 3820 errantem
3246 3765 3400 3822 inve-
3449 3827 3457 3833 ,

1824 3857 1927 3912 nil.
1956 3856 2238 3911 Inventam
2271 3866 2453 3912 autem
2500 3872 2608 3911 non
2655 3854 2980 3922 verberavit,
3013 3871 3112 3913 nec
3155 3862 3398 3927 urgendo

1819 3939 2201 4004 vehementius
2217 3947 2282 4001 ad
2324 3964 2538 4020 gregem
2571 3950 2850 4019 compulit,
2894 3952 2988 4005 sed
3020 3949 3261 4006 bumeris
3286 3951 3399 4006 suis

1819 4040 2148 4110 impositam,
2180 4048 2233 4093 et
2262 4038 2455 4094 leniter
2484 4047 2772 4095 tractatam
2806 4042 2870 4096 ad
2893 4057 3106 4111 gregem
3141 4052 3395 4112 gestavi.,

1819 4134 2082 4204 majorem
2118 4148 2184 4189 ex
2216 4127 2319 4186 u'na
2354 4131 2444 4186 illa
2498 4134 2733 4197 iuventa,
2771 4149 2933 4205 quam
2974 4148 3038 4188 ex
3070 4134 3395 4205 reliquarum

1819 4225 2188 4290 multitudine,
2241 4225 2481 4280 laetitiam
2535 4225 2858 4295 percipiens.
2902 4224 3035 4281 Rem
3065 4227 3398 4282 obscuritate

1818 4319 2187 4374 similitmliuis
2207 4318 2544 4382 obvolutam,
2589 4327 2753 4388 atque
2788 4317 3118 4373 reconditam
3149 4318 3399 4373 conside-

1821 4427 2021 4468 remus.
2050 4411 2179 4467 Ovis
2223 4413 2338 4466 ιιιεο
2371 4426 2475 4464 non
2506 4424 2661 4465 ovem
2693 4410 2934 4475 omnino,
2963 4425 3061 4466 nec
3095 4420 3281 4479 pastor
3307 4411 3398 4463 ille

143 4512 309 4567 γματα
336 4500 516 4554 ταῦτα
552 4503 665 4553 τῶν
722 4501 910 4570 ἱερέων
946 4500 1267 4554 παιδευτικά
1290 4517 1306 4532 ο
1352 4501 1438 4554 ἵνα
1464 4500 1575 4553 τῶν
1626 4501 1709 4556 ἀν-

1820 4502 1977 4571 plaue
2008 4513 2301 4571 pastorem,
2345 4486 2440 4556 sed
2488 4500 2634 4554 aliud
2669 4496 2925 4569 quiddam
2956 4501 3249 4571 signiﬁcat.
3304 4500 3398 4555 llis

145 4581 358 4656 θρώπων
387 4590 529 4660 μήτε
568 4588 873 4660 προχείρως
900 4588 1309 4660 ἀπελπίζωμεν,
1338 4591 1472 4661 μήτε
1509 4593 1712 4662 καταρ-

145 4676 460 4751 ρᾳθυμῶμεν
486 4679 924 4735 κινδυνευόντων.
956 4681 1216 4752 Ζητῶμεν
1244 4680 1302 4734 δὲ
1341 4682 1433 4735 τὸν
1462 4681 1707 4753 ἐμπαθῆ,

144 4771 225 4822 καὶ
248 4774 613 4842 ἐπανάγωμεν
640 4773 720 4836 είς
767 4773 944 4840 τάξιν,
989 4774 1084 4827 καὶ
1112 4772 1386 4847 χαίρωμεν
1414 4778 1527 4839 τοῖς
1553 4776 1711 4849 στρέ-

145 4878 334 4933 φουσιν,
367 4865 465 4920 καὶ
486 4865 568 4935 τῷ
593 4863 922 4938 πληρώματι
945 4866 1056 4920 τῶν
1087 4866 1262 4938 ὀρθῶς
1285 4866 1542 4939 βιούντων
1575 4870 1710 4923 ἀνα-

146 4956 463 5029 μιγνύωμεν.

1818 4593 2081 4662 ‘exemplis
2119 4608 2289 4648 sacrm
2317 4607 2404 4647 res
2432 4592 2797 4647 continentur.
2837 4590 2944 4648 Nos
2981 4593 3127 4647 enim
3155 4606 3397 4646 commo-

1820 4696 1970 4751 nent,
2024 4699 2091 4739 ne
2133 4685 2381 4740 homines
2422 4697 2519 4752 pro
2582 4682 2808 4753 perditis
2845 4698 2908 4738 ac
2943 4683 3246 4751 desperatis
3296 4684 3396 4736 ba-

1817 4780 2062 4843 beamus,
2093 4792 2228 4832 neve
2259 4792 2352 4831 eos
2374 4777 2426 4830 in
2451 4774 2707 4845 periculis
2736 4783 3015 4829 versantes
3040 4774 3395 4844 negligantus.

1819 4882 1912 4928 aut
1938 4887 2132 4943 segnes
2163 4870 2332 4925 simus
2362 4869 2427 4922 ad
2481 4866 2761 4925 ferendum
2794 4864 3074 4928 auxilium,
3109 4867 3204 4918 sed
3238 4878 3333 4917 eos
3365 4880 3396 4917 ιι

1819 4976 1973 5022 recta
2007 4964 2217 5019 vivendi
2251 4961 2461 5016 ratione
2489 4959 2853 5021 deﬂectentes,
2876 4967 2930 5011 et
2960 4966 3208 5011 errantes
3229 4956 3392 5011 redu-

143 5062 310 5107 camus
337 5052 393 5106 in
427 5050 573 5107 viam
597 5094 613 5119 ,
650 5066 948 5124 eorumque
994 5052 1241 5108 laetemur
1296 5056 1505 5123 reditu,
1550 5071 1714 5133 atque
1746 5065 1893 5137 ipsos
1921 5079 2044 5120 cum
2079 5064 2217 5118 bene
2255 5059 2451 5132 pieque
2523 5055 2818 5111 viventium
2889 5052 3233 5108 multitudine
3265 5067 3398 5108 con-

139 5141 435 5216 iungamus.

213 5235 330 5291 Ἐπὶ
384 5240 641 5294 τοσοῦτον
692 5239 749 5293 δὲ
798 5241 890 5297 τὸν
933 5242 1083 5315 ἱερέα
1122 5243 1398 5315 προσῆκεν
1448 5247 1569 5301 ἀντὶ
1611 5248 1710 5318 τῆς

142 5325 424 5401 ἀποτομίας
472 5333 573 5404 τὴν
620 5331 1032 5404 φιλανθρωπίαν
1077 5335 1289 5403 ἀσκεῖν,
1337 5336 1477 5391 ὥστε
1532 5337 1635 5392 κᾶν
1683 5342 1712 5393 6

140 5415 397 5491 Δεσπότης
452 5424 746 5477 ἐκκόπτειν
783 5424 979 5498 κελεύῃ
1039 5426 1184 5492 τινὰ,
1214 5426 1289 5492 ὡς
1334 5429 1499 5500 φυτδν
1533 5431 1709 5504 ἄχρη-

148 5518 274 5575 στον,
302 5513 464 5567 αὐτὸν
491 5514 568 5577 ὡς
616 5515 922 5585 φυτοκόμον
982 5517 1153 5572 αἰτεῖν
1176 5517 1256 5570 δεῖ
1288 5518 1386 5590 τὴν
1428 5518 1592 5590 φειδὼ
1618 5521 1713 5574 καὶ

146 5596 434 5672 ὑπέρθεσιν.
495 5604 699 5661 Τοῦτον
756 5606 867 5679 γὰρ
916 5609 1049 5679 ἡμῖν
1103 5610 1403 5683 παρίστησι
1442 5611 1532 5666 τὸν
1588 5610 1715 5666 νοῦν

209 5802 229 5834 ⁸
259 5803 387 5862 Luc.
419 5821 507 5870 xv,
529 5808 564 5859 4
591 5823 714 5878 sqq.

440 5906 719 5989 ΡΑτιιοι..
767 5905 884 5969 Gtt.
932 5905 1061 5970 XL.

1891 5248 2025 5302 Tam
2060 5243 2270 5298 alienus
2320 5247 2501 5295 autem
2543 5254 2571 5294 a
2605 5237 2842 5292 caadendi
2891 5235 3187 5291 acerbitate
3213 5247 3393 5290 sacer-

1818 5338 1917 5395 dos
1949 5350 2070 5392 csse
2098 5333 2282 5395 debet,
2330 5341 2583 5399 tanquam
2626 5338 2911 5399 promptus
2957 5338 3011 5381 et
3063 5336 3283 5398 paratus
3327 5328 3393 5380 ad

1816 5428 2166 5486 excolendam
2200 5424 2614 5488 humanitatem,
2639 5431 2717 5490 ut,
2746 5421 2960 5477 etiamsi
2998 5416 3257 5475 Dominus
3293 5417 3394 5472 ali-

1816 5534 1999 5589 quem,
2033 5517 2109 5572 uti
2140 5516 2375 5587 plantam
2410 5516 2681 5583 inutilem,
2704 5514 3024 5570 exseindere
3046 5512 3254 5583 jubeat,
3278 5509 3393 5577 ipse

1819 5621 2079 5683 tanquam
2114 5608 2309 5665 insitor
2342 5609 2537 5665 debeat
2568 5606 2898 5679 supplicare,
2925 5613 2984 5661 ut
3016 5603 3258 5674 ignoscat
3292 5615 3389 5672 ρει

2997 5892 3076 5956 12
