3820 6310
382 300 496 357 365

1661 291 1721 349 8.
1758 283 2038 349 ASTERll
2077 286 2383 347 AMASENI

3546 296 3670 355 5M

384 426 605 485 rumper
623 419 679 467 et
695 407 1270 468 sententiamdiﬁ'erat.
1303 406 1392 463 Sic
1408 405 1557 461 enim
1575 412 1760 460 monet
1787 402 1964 459 oratio

2086 400 2164 472 ῆς
2189 400 2443 475 ἀκάρπου
2501 400 2670 474 συκῆς
2714 402 2745 456 6
2764 401 2951 474 λόγος’
2970 403 3039 477 ην
3066 404 3351 479 ἐκτέμνειν
3408 404 3673 477 θέλοντος

384 508 472 560 illa
498 506 565 561 de
609 503 714 560 ﬁcu
731 502 775 571 ⁸,
798 517 962 574 quam
1004 502 1081 557 uti
1131 498 1369 556 sterilem
1402 512 1524 553 cum
1565 495 1823 552 Dominus
1861 490 1968 548 vel-

361 595 463 652 i'let
499 595 816 660 concidere,
838 602 960 650 orat
988 588 1250 663 agricola,
1275 598 1334 643 ut
1353 586 1426 643 illi
1458 585 1727 657 paulisper
1755 589 1965 654 parcat,

386 697 441 740 ut
476 700 686 742 moram
718 684 958 755 aliquam
992 683 1303 751 interponat
1339 696 1354 734 :
1393 677 1599 748 aliquid
1628 675 1771 733 enim
1814 674 1968 730 bona:

350 760 504 847 aspei
556 780 611 832 ln
658 775 937 848 diligentia
971 789 1068 830 sua
1120 774 1386 845 reliquum
1441 785 1583 828 esse.
1641 767 1763 825 Noli
1802 768 1966 840 igitur

386 884 509 926 esse
579 877 687 924 tam
741 866 918 923 facilis
963 867 1031 921 ad
1084 864 1490 937 amputandum,
1537 870 1593 918 et
1640 860 1965 918 exscinden-

386 963 544 1026 dum,
574 969 652 1027 tu,
689 958 783 1031 qui
817 957 1128 1024 Dominum,
1165 972 1235 1013 ne
1295 956 1349 1012 id
1398 953 1578 1020 faciat,
1616 952 1778 1009 debes
1812 951 1969 1007 obse-

388 1068 565 1121 crare,
624 1067 799 1124 neque
863 1062 972 1107 tam
1030 1050 1280 1107 celeriter
1335 1044 1728 1117 desperandum
1782 1043 1970 1100 existi-

388 1162 501 1202 ma.
538 1145 887 1218 Diligentiam
945 1143 1239 1207 adhibeto,
1291 1137 1808 1211 reprehensionibus
1856 1136 1969 1191 cir-

389 1238 727 1303 cumfodito,
770 1234 1237 1292 cohortationibus
1288 1231 1493 1298 l'oveto,
1521 1240 1778 1302 tanquam
1809 1228 1968 1293 ﬁmo;

389 1334 868 1393 documentorum,
891 1328 1046 1399 quasi
1068 1340 1336 1397 aquarum
1367 1324 1521 1395 cepia
1550 1324 1813 1395 irrigato;
1838 1336 1970 1393 pra:-

389 1423 586 1493 ceptis,
613 1431 673 1477 ut
696 1420 839 1478 vallo
878 1419 1236 1476 communito.
1279 1415 1456 1473 Tuum
1490 1426 1635 1480 esto,
1652 1415 1866 1485 placare
1883 1414 1972 1482 ju-

391 1516 534 1572 dicis
579 1514 842 1570 animum.
893 1512 1093 1568 Demus
1127 1525 1368 1582 operam,
1410 1517 1470 1565 ut
1501 1508 1690 1565 eodem
1721 1507 1969 1571 nomine,

280 1670 284 1673 _
389 1622 498 1677 quo
528 1603 811 1669 Dominus,
843 1601 1180 1674 appellemur
1211 1620 1228 1657 :
1256 1600 1305 1657 is
1333 1601 1479 1657 enim
1503 1599 1704 1656 dicitur
1722 1596 1972 1654 consola—

390 1707 499 1765 tor,
528 1697 655 1753 dum
683 1695 963 1752 hominum
987 1694 1176 1766 generi
1206 1693 1422 1749 Patrem
1453 1692 1742 1763 propitium
1774 1690 1969 1746 reddit.

2068 490 2164 547 τοῦ
2185 493 2393 566 Κυρίου
2448 493 2536 549 διὰ
2565 495 2665 567 τὴν
2715 496 3016 569 ἀκαρπίαν,
3045 499 3075 552 6
3101 497 3345 571 γεωργὸς
3395 499 3668 567 ἱκετεύει,

2069 586 2165 642 καὶ
2217 586 2484 661 ἀναϐολὴν
2524 590 2668 642 αίτεῖ
2720 591 2815 644 καὶ
2849 588 3168 663 ὑπέρθεσιν,
3219 591 3444 658 ἐλπίδας
3501 594 3671 667 αὐτῷ

2069 680 2313 751 χρηστὰς
2350 680 2643 735 ὑποτείνων
2673 680 2764 736 διὰ
2820 682 2921 754 τῆς
2956 682 3163 746 οἰκείας
3190 685 3528 757 ἐπιμελείας.
3563 688 3669 760 Μὴ

2069 772 2247 827 τοίνυν
2266 772 2437 826 κόπτε
2463 773 2790 847 προχείρως,
2821 776 2850 829 6
2876 774 2976 848 τὴν
3011 778 3186 851 τομὴν
3213 776 3367 851 παρά
3414 778 3509 833 τοῦ
3534 780 3665 834 Κυ-

2072 866 2189 938 ρίου
2214 867 2564 939 ἐπαγομένην
2621 867 2852 924 κωλύειν
2885 869 3139 939 ὀφείλων,
3183 871 3317 943 μηδὲ
3348 871 3668 939 καταγινω-

2072 975 2171 1013 σκε
2201 958 2411 1031 ταχέως
2463 960 2563 1031 τὴν
2619 961 2954 1034 ἀχρηστείαν
2973 980 2986 993 ·
3012 963 3127 1017 ἀλλ’
3150 963 3370 1018 ἐκπόνει
3396 963 3505 1036 τὴν
3529 964 3665 1017 ἐπι-

2073 1048 2315 1121 μέλειαν.
2376 1048 2595 1104 Σκάπτε
2627 1054 2742 1115 τοῖς
2786 1051 3031 1124 ἐλέγχοις
3050 1069 3066 1085 ο
3128 1052 3300 1109 θάλπε
3328 1052 3406 1117 ὡς
3459 1053 3667 1125 κόπρῳ

2069 1144 2191 1207 ταῖς
2218 1142 2654 1215 παρακλήσεσιν*
2684 1142 2870 1209 πότιζε
2889 1146 2956 1216 τῇ
2986 1145 3244 1219 ἐπιρροίᾳ
3262 1144 3371 1199 τῶν
3397 1146 3669 1217 μαθημά-

2070 1250 2179 1288 των
2196 1251 2209 1264 ·
2230 1234 2572 1308 περίφρασσε
2595 1238 2708 1300 τοῖς
2725 1237 3185 1309 προφυλακτικοῖς
3198 1237 3307 1290 τῶν
3337 1255 3413 1292 πα
3421 1237 3664 1310 ραγγελ-

2074 1325 2260 1398 μάτων
2286 1326 2362 1391 ὡς
2421 1324 2804 1399 χαρακώματι.
2836 1329 2938 1382 Σόν
2983 1329 3100 1382 ἐστι
3130 1328 3192 1381 τὸ
3243 1329 3667 1402 παραιτεῖσθαι,

2071 1414 2165 1473 τοῦ
2188 1416 2377 1488 κριτοῦ
2400 1416 2462 1471 τὸ
2490 1416 2730 1483 δικάζειν
2754 1432 2769 1448 ·
2820 1419 2999 1474 ἐκεῖνο
3036 1418 3303 1490 κληθῆναι
3340 1419 3664 1474 σπουδάσω-

2077 1525 2196 1580 μεν,
2225 1508 2257 1562 ὃ
2299 1507 2519 1580 λέγεται
2550 1510 2646 1564 καὶ
2671 1511 2701 1564 6
2728 1509 2962 1582 Κύριοςο
3012 1511 3368 1585 Παράκλητος
3392 1510 3503 1583 γάρ
3539 1512 3667 1564 ὀνο-

2077 1600 2306 1675 μάζεται
2362 1601 2507 1675 ὑπὲρ
2567 1601 2662 1657 τοῦ
2696 1604 2890 1673 γένους
2919 1584 3032 1658 τῶν
3066 1584 3389 1675 ἀνθρώπων,
3420 1604 3511 1657 τὸν
3543 1603 3667 1656 Πα-

2073 1694 2208 1764 τέρα
2228 1692 2628 1766 ἐξιλεούμενοςο
2676 1694 2877 1766 ὁμοίως
2905 1696 2999 1750 καὶ
3046 1696 3105 1750 τὸ
3131 1684 3355 1768 Πνεῦμα
3397 1695 3497 1767 τῆς
3524 1695 3666 1766 ἀλη-

390 1789 512 1858 Quo
540 1788 758 1861 quidem
791 1786 1013 1844 nomine
1040 1795 1266 1843 vocatur
1291 1785 1453 1842 etiam
1474 1783 1560 1841 ille
1582 1782 1828 1839 veritatis
1846 1780 1970 1850 Spi-

2086 1785 2242 1851 λείας,
2266 1786 2366 1859 τὴν
2394 1786 2535 1858 ὑπὲρ
2563 1786 2723 1859 ἡμῶν
2769 1788 3005 1860 σπουδὴν
3032 1787 3222 1841 ἔλαϐεν
3245 1787 3435 1859 ὄνομα.
3468 1788 3668 1858 Παρὰ-

390 1883 551 1949 ritus,
582 1896 681 1953 pro
713 1896 813 1938 suo
839 1896 967 1954 erga
1003 1895 1102 1938 nos
1152 1879 1334 1935 studio
1362 1887 1533 1950 atque
1573 1876 1967 1934 benevolentia.

390 1975 518 2033 llaec
544 1988 728 2032 autem
775 1972 1175 2047 deprecationis
1208 1981 1265 2029 et
1293 1970 1683 2029 consolationis
1722 1985 1970 2033 munera,

392 2084 489 2139 pro
521 2067 903 2138 peccatoribus
935 2064 1315 2137 suscipiuntur
1352 2064 1599 2130 omnino,
1642 2078 1749 2120 non
1783 2076 1883 2134 pro
1906 2062 1972 2117 iis

388 2160 483 2228 qui
536 2168 666 2216 sunt
707 2159 1033 2216 innocentes
1063 2167 1120 2214 et
1160 2156 1325 2213 nullis
1373 2155 1697 2212 criminibus
1725 2154 1969 2212 obnoxii.

356 2248 554 2308 ‘Mosis
597 2265 810 2317 curam,
859 2251 1152 2317 sacerdos,
1180 2258 1234 2305 et
1279 2247 1697 2305 sollicitudinem
1734 2245 1970 2301 imitare.

388 2341 611 2399 Imitare
640 2342 785 2398 illius
803 2357 934 2414 erga
968 2342 1228 2415 populum
1252 2340 1422 2396 animi
1456 2339 1800 2396 aﬁ‘ectionem
1833 2351 1850 2393 :
1881 2337 1973 2407 qui

389 2433 561 2490 Deum
586 2434 908 2501 obsecrans,
927 2448 998 2490 ne
1022 2434 1218 2505 populo
1256 2433 1351 2504 qui
1373 2439 1693 2504 peccaverat
1716 2432 1977 2487 irascere-

390 2536 497 2589 tur,
519 2541 642 2581 cum
681 2540 798 2584 rem
830 2524 1043 2596 longius
1063 2525 1209 2591 duci,
1234 2539 1334 2580 nec
1349 2523 1449 2579 sibi
1472 2523 1548 2591 id,
1565 2523 1708 2595 quod
1732 2521 1972 2592 petebat,

392 2615 622 2671 concedi
658 2616 1143 2680 animadverteret,
1174 2613 1536 2685 supplicabat,
1558 2623 1618 2668 ut
1647 2611 1748 2668 sibi
1778 2611 1972 2666 saltem

392 2706 603 2773 liceret,
635 2716 761 2763 ante
801 2706 1084 2771 decedere,
1128 2718 1197 2760 ne
1241 2719 1450 2768 eorum,
1482 2718 1622 2773 quos
1665 2709 1887 2773 paverat
1919 2709 1974 2755 et

392 2798 760 2867 gubernaret,
789 2797 1067 2853 interitum
1095 2805 1386 2868 spectaret.
1413 2793 1521 2850 Sed
1543 2808 1721 2865 opera:
1740 2793 1971 2863 pretium

392 2897 500 2956 est,
527 2896 587 2943 ut
617 2888 782 2943 verba
806 2887 975 2958 ipsius
997 2888 1051 2942 in
1081 2887 1318 2944 medium
1345 2884 1634 2941 aﬁ‘eramus
1665 2926 1680 2941 .
1708 2883 1972 2954 Obsecro,

392 2980 589 3050 inquit,
606 2980 851 3050 peccavit
866 2979 1093 3051 populus
1114 2989 1393 3051 peccatum
1412 2994 1684 3051 maguum,
1700 2977 1975 3033 fecerunt-

394 3088 501 3144 que
529 3072 632 3129 sibi
668 3073 800 3130 deos
829 3087 1046 3129 aureos.
1087 3072 1154 3128 Et
1182 3087 1326 3129 nunc
1352 3073 1398 3128 si
1426 3071 1701 3128 dimittitis
1724 3070 1804 3126 eis
1847 3085 1974 3141 pec-

394 3173 573 3219 catum
600 3165 725 3232 hoc,
743 3165 954 3219 dimitte
984 3182 999 3219 :
1025 3161 1086 3220 Si
1111 3164 1308 3230 minus,
1330 3163 1445 3218 dele
1460 3166 1626 3237 mede
1650 3162 1805 3228 libro,
1824 3178 1976 3232 quem

392 3258 649 3327 scripsisti
671 3256 716 3311 ⁸.
744 3256 956 3323 Cernis,
993 3257 1264 3327 quomodo
1289 3257 1519 3325 propria}
1549 3254 1779 3310 salutem
1807 3252 1980 3309 multi-

394 3346 597 3401 tudinis
646 3348 946 3422 anteponit,
982 3347 1068 3403 cui
1114 3347 1219 3402 nisi
1264 3347 1520 3416 impetrat
1578 3345 1975 3416 impunitatem,

392 3432 599 3506 ﬂagitat
630 3446 688 3492 ut
717 3436 835 3509 ipse
868 3436 1152 3493 deleatur?
1188 3435 1343 3491 Nunc
1366 3446 1547 3491 autem
1598 3435 1691 3505 qui
1729 3432 1979 3489 acerbio-

391 3543 481 3584 res
524 3544 583 3584 se
632 3529 1009 3599 peccatoribus
1066 3536 1346 3599 praestant,
1376 3542 1470 3584 eos
1501 3527 1569 3582 ad
1618 3540 1678 3582 se
1724 3529 1979 3582 acceden-

393 3629 475 3674 tes
530 3620 870 3690 propellunt,
920 3620 1194 3690 supplices
1222 3628 1631 3689 prostratosque
1676 3617 1911 3690 fugiunt,
1946 3632 1976 3671 a

350 3724 352 3726 ν
393 3707 820 3779 lacrymantibus
844 3710 1032 3766 oculos
1059 3718 1359 3775 removent,
1388 3717 1444 3764 et
1465 3724 1523 3764 se
1546 3718 1687 3763 totos
1706 3716 1975 3764 avertunt.

463 3795 574 3852 Cur
643 3798 809 3869 igitur
862 3799 995 3854 mihi
1039 3797 1234 3866 Lucas,
1270 3798 1379 3854 imo
1421 3812 1550 3853 vero
1581 3796 1816 3868 Spiritus
1849 3813 1980 3853 san-

391 3900 512 3946 ctus
538 3890 827 3961 descripsit
853 3890 1022 3947 ﬁlium
1055 3890 1407 3962 prodigum‘,
1453 3892 1545 3961 qui
1591 3892 1837 3963 primum,
1862 3891 1975 3947 dis—

391 3996 553 4038 cessu
578 3998 678 4039 suo
718 3982 1013 4053 ignominia
1042 3991 1252 4055 patrem
1285 3981 1487 4050 allecit,
1517 3985 1711 4041 deinde
1736 3985 1977 4055 volupta-

392 4075 541 4130 tibus
567 4075 926 4146 ebrietatique
978 4075 1216 4140 deditus,
1248 4085 1305 4130 ct
1335 4074 1663 4130 feminarum
1700 4077 1977 4132 amoribus

392 4176 603 4237 captus,
638 4174 895 4238 paternas
935 4181 1127 4223 omnes
1174 4166 1393 4222 divitias
1438 4167 1756 4239 dilapidavit
1814 4177 1977 4237 atque

390 4258 831 4314 exhausit‘1Pust
859 4267 1039 4314 autem
1088 4259 1282 4326 multo,
1312 4275 1433 4314 cum
1471 4260 1602 4314 satis
1641 4259 1749 4330 jam
1784 4258 1838 4314 in
1872 4260 1974 4314 mi-

390 4349 535 4404 seria
567 4360 817 4408 versatus
848 4362 1016 4420 esset,
1052 4353 1188 4410 adeo
1209 4362 1269 4409 ut
1298 4352 1556 4410 subulcus
1574 4353 1801 4408 eﬁ‘ectus
1828 4368 1975 4407 ωσι·-

2028 1870 2033 1875 ’
2075 1879 2270 1953 κλητος
2296 1877 2406 1950 γὰρ
2440 1879 2662 1934 κάκεῖνο
2690 1878 2907 1950 λέγεται
2930 1896 2947 1912 ·
2982 1879 3246 1952 πρεσϐεία
3275 1878 3335 1933 δὲ
3360 1879 3455 1934 καὶ
3475 1878 3665 1949 παρά-

2074 1969 2265 2042 κλησις
2286 1970 2426 2042 ὑπὲρ
2457 1969 2565 2024 τῶν
2595 1970 2993 2043 ἡμαρτηκότων
3029 1970 3244 2036 πάντως
3275 1969 3660 2035 σπουδάζεται,

2073 2064 2134 2117 οὑ
2167 2061 2275 2136 μὴν
2298 2060 2408 2116 τῶν
2436 2061 2742 2118 ἀνευθύνων
2772 2063 2868 2117 καὶ
2898 2062 3266 2134 ἀνεγκλήτων.
3326 2063 3602 2134 Ζήλωσον,
3627 2065 3667 2116 ὁ

2078 2155 2280 2227 ίερεύς,
2305 2153 2366 2208 τὸ
2415 2153 2772 2227 κηδεμονικὸν
2801 2152 2898 2207 τοῦ
2957 2154 3235 2218 Μωσέως⁹
3262 2152 3502 2226 μίμησαι
3555 2153 3669 2225 τὴν

2074 2248 2284 2302 ἐκείνου
2310 2247 2440 2319 περὶ
2492 2249 2619 2312 τοὺς
2642 2246 2978 2320 ἀρχομένους
3006 2246 3274 2300 διάθεσιν·
3312 2246 3373 2310 ὃς
3399 2263 3672 2319 παρακαο

2074 2340 2182 2395 λῶν
2226 2341 2320 2396 τὸν
2373 2339 2529 2408 Θεὸν,
2576 2340 2664 2394 ίνα
2705 2341 2780 2411 μὴ
2816 2339 3055 2411 δυσμενῆ
3085 2338 3164 2411 τῷ
3198 2338 3312 2410 λαῷ
3331 2338 3664 2411 πλημμελη-

2077 2451 2257 2501 σαντι,
2283 2433 2471 2506 ἐπειδὴ
2506 2433 2703 2505 μικρὸν
2732 2431 2931 2505 ᾔσθετο
2975 2433 3389 2505 παρελκομένης
3412 2433 3664 2504 χάριτος,

2075 2525 2236 2580 τοῦτο
2258 2524 2388 2596 γοῦν
2428 2524 2688 2589 ἱκέτευεν,
2718 2522 3083 2596 προαπελθεῖν
3113 2524 3210 2578 τοῦ
3238 2523 3393 2590 λαοῦ,
3417 2524 3494 2595 μὴ
3522 2522 3661 2578 θεά-

2078 2631 2240 2687 σηται
2269 2613 2378 2668 τῶν
2399 2611 2832 2684 ποιμαινομένων
2860 2614 2951 2668 τὸν
2992 2612 3234 2686 ὄλεθρον.
3261 2614 3425 2669 Οὐδὲν
3461 2614 3516 2668 δέ
3543 2609 3664 2669 οἷον

2076 2707 2247 2780 αὐτῆς
2267 2705 2752 2780 ἀπομνημονεῦσαι
2780 2707 2878 2778 τῆς
2898 2706 3094 2773 λέξεως
3113 2726 3129 2742 θ
3152 2707 3373 2778 Δέομαι,
3405 2707 3662 2779 ἡμάρτη-

2076 2804 2173 2856 κεν
2201 2804 2230 2855 6
2251 2800 2377 2865 λαὸς
2407 2800 2682 2872 ἁμαρτίαν
2727 2799 2989 2872 μεγάλην,
3030 2800 3124 2854 καὶ¹
3157 2801 3416 2872 ἐποίησαν
3445 2801 3664 2866 ἑαυτοῖς

2078 2892 2233 2959 θεοὺς
2258 2891 2514 2964 χρυσοῦς.
2538 2893 2647 2946 Καὶ
2665 2891 2760 2947 νῦν
2787 2894 2836 2946 εί
2864 2892 2963 2963 μὲν
2992 2892 3137 2964 ἀφῇς
3161 2892 3343 2956 αὐτοῖς
3368 2891 3468 2964 τὴν
3484 2893 3668 2963 ἀμαρρ

2077 2984 2217 3047 τίαν,
2263 2984 2433 3053 ἄφες·
2489 2984 2560 3037 El
2580 2981 2649 3036 δὲ
2692 2982 2804 3052 μὴ,
2836 2980 3164 3050 ἐξάλειψόν
3201 2997 3280 3051 με
3320 2981 3389 3035 ἐκ
3419 2979 3531 3049 τῆς
3558 2981 3665 3046 ,βί-

2082 3078 2231 3131 ϐλου
2279 3070 2357 3146 ἧς
2407 3072 2696 3144 ἔγραψας.
2742 3073 2904 3145 Ὁρᾷς
2951 3073 3101 3136 ὅπως
3146 3072 3246 3145 τὴν
3296 3071 3388 3126 τοῦ
3421 3071 3665 3143 πλήθους

2083 3166 2356 3240 σωτηρίαν
2384 3166 2483 3238 τῆς
2514 3164 2723 3228 οἰκείας
2770 3163 3077 3237 προτίθησι,
3137 3164 3231 3218 καὶ
3278 3163 3666 3234 ἐξαλειφθῆναι

2079 3259 2250 3330 ζητεῖ,
2281 3258 2330 3310 εί
2364 3257 2441 3328 μὴ
2471 3253 2727 3327 κατορθοῖ
2760 3253 2837 3325 τῷ
2869 3254 3036 3326 κοινῷ
3061 3254 3160 3326 τὴν
3192 3253 3518 3326 συγγνώμην
3544 3272 3560 3321 ;
3595 3255 3666 3309 Οἱ

2077 3349 2134 3405 δέ
2156 3349 2251 3404 νῦν
2281 3348 2418 3422 πρὸς
2439 3349 2567 3411 τούς
2590 3346 3004 3419 ἁμαρτάνοντας
3031 3345 3460 3418 πικραινόμενοι,
3483 3361 3664 3416 προσ-

2062 3443 2261 3506 πιόντας
2315 3441 2662 3496 ἐλαύνουσιν·
2732 3439 3158 3507 ὑποπίπτοντας,
3219 3437 3666 3511 παρατρέχουσιο

2077 3535 2443 3608 δακρυόντων,
2469 3535 2570 3588 οὐκ
2589 3530 2853 3586 ἐπικλῶσι
2879 3531 2939 3585 τὸ
2974 3526 3287 3604 πρόσωπον.

2149 3801 2215 3856 Τί
2243 3794 2383 3857 οὖνὸ
2410 3799 2646 3868 Λουκᾶς,
2686 3800 2886 3873 μᾶλλον
2923 3798 2981 3854 δὲ
3009 3798 3069 3854 τὸ
3091 3798 3317 3871 Πνεῦμα
3356 3792 3530 3867 ἅγιον,
3572 3794 3671 3852 ἀνι

2079 3892 2287 3967 έγραψέ
2320 3911 2411 3965 μοι
2438 3893 2529 3947 τὸν
2554 3893 2667 3947 υίὸν
2703 3893 2794 3946 τὸν
2830 3893 3037 3947 ἄσωτον
3061 3907 3076 3921 ⁸
3123 3891 3182 3955 6;
3208 3890 3505 3963 καθύϐρισε
3559 3891 3667 3961 μὲν

2076 3987 2146 4057 τῇ
2170 3984 2512 4055 ἀναχωρήσει
2546 3981 2740 4055 πρώτῃ
2775 3983 2867 4036 τὸν
2897 3981 3319 4054 γεννησάμενον,
3359 3976 3479 4034 εἶτα
3515 3981 3662 4053 πρὸς

2076 4074 2176 4149 τᾲς
2203 4076 2398 4147 ἡδονὰς
2457 4074 2553 4129 καὶ
2584 4074 2754 4154 μέθας
2785 4072 3194 4144 ἐκϐακχευθεὶς,
3234 4073 3328 4128 καὶ
3365 4071 3662 4143 φιλογύνης

2076 4166 2388 4238 γενόμενος,
2433 4166 2612 4221 πάντα
2638 4165 2727 4220 τὸν
2758 4165 3022 4238 πατρικὸν
3073 4163 3306 4218 πλοῦτον
3353 4163 3659 4226 ἐκένωσεν;

2091 4259 2310 4331 Ἐπειδὴ
2335 4259 2392 4312 δὲ
2419 4259 2633 4332 χρόνοις
2691 4256 2914 4330 ὕστερον
2946 4256 3147 4320 ἱκανῶς
3172 4255 3661 4326 ἐνταλαιπωρήσας

2078 4355 2190 4416 τοῖς
2252 4351 2495 4423 μόχθοις,
2530 4350 2605 4414 ὡς
2632 4350 2724 4403 καὶ
2783 4348 3032 4421 συϐώτης
3077 4347 3329 4417 γενέσθαι
3367 4346 3662 4419 μισθωτὸς,

391 4444 664 4513 cenarius,
696 4446 906 4513 eodem,
930 4462 1049 4519 quo
1081 4447 1258 4517 porci,
1282 4458 1595 4503 vesceretnr
1632 4447 1787 4512 cibo;
1846 4456 1970 4499 tan-

2086 4446 2172 4499 καὶ
2209 4444 2309 4515 τῆς
2339 4442 2510 4513 αὐτῆς
2542 4443 2828 4512 μετασχεῖν
2857 4443 2970 4504 τοῖς
2998 4439 3200 4512 χοίροις
3227 4438 3454 4510 τροφῆς.
3494 4440 3661 4491 ἐπαν-

388 4538 512 4592 dem
538 4538 833 4609 aliquando
854 4541 1187 4611 resipiscens
1211 4556 1332 4597 cum
1375 4541 1441 4596 ad
1493 4540 1722 4611 patriam
1748 4541 1979 4597 domum

389 4630 731 4699 revertisset,
763 4647 867 4687 non
901 4633 1100 4689 avertit
1134 4648 1193 4688 se
1227 4643 1399 4704 pater,
1433 4646 1535 4687 nec
1562 4646 1838 4686 reversum
1874 4645 1971 4684 ex-

386 4724 548 4780 clusit
574 4723 766 4779 ﬁlium.
804 4723 943 4792 Quin
969 4727 1132 4780 etiam
1162 4725 1403 4781 occurrit
1429 4724 1642 4803 obviam
1673 4723 1967 4793 appropin-

385 4819 600 4887 quanti,
632 4826 689 4873 et
718 4817 1052 4889 “complexus
1088 4833 1235 4882 eum,
1273 4826 1438 4887 atque
1487 4816 1760 4871 inhaerens
1807 4814 1968 4878 collo,

386 4910 764 4966 misericordia
794 4919 1099 4968 commotus
1130 4909 1400 4980 lacrymas
1444 4906 1604 4970 fudit,
1641 4919 1696 4962 et
1740 4922 1835 4976 pro
1871 4907 1972 4959 mi-

383 5015 509 5056 sero
532 5017 724 5058 rursus
762 5003 981 5058 beatum
1016 4999 1269 5065 reddidit,
1303 4999 1536 5069 ingenuo
1571 4998 1716 5052 illum
1743 4997 1975 5053 induens

385 5092 736 5158 vestimento,
771 5103 827 5149 et
857 5093 910 5148 in
939 5108 1098 5147 manu
1127 5090 1245 5160 ejus
1266 5089 1526 5145 annulum
1573 5090 1877 5158 imponens,
1909 5104 1973 5144 ac

385 5184 529 5239 diem
567 5186 765 5242 festum
815 5176 1004 5258 agens,
1037 5184 1487 5257 magniﬁcumque
1530 5192 1586 5237 et
1625 5182 1963 5253 Splendidum

384 5276 695 5332 convivium
742 5277 1046 5333 celebrans.
1076 5277 1201 5333 lla‘c
1243 5276 1398 5332 nobis
1441 5274 1737 5331 similitudo
1767 5290 1969 5345 propo-

385 5368 491 5421 sita
517 5376 620 5432 est,
665 5375 724 5418 ut
770 5366 1213 5435 resipiscentibus
1251 5365 1550 5424 Ecclesium
1582 5373 1839 5436 tanquam
1873 5365 1972 5419 do-

385 5474 533 5513 mum
588 5469 869 5526 paternam
915 5459 1223 5528 aperiamns
1250 5500 1266 5523 ,
1316 5474 1518 5528 eosque
1566 5459 1874 5513 humaniter
1915 5466 1972 5511 et

384 5551 619 5622 benigne
655 5551 1050 5616 suscipiannts,
1087 5567 1153 5606 ne
1203 5567 1326 5607 cum
1362 5551 1562 5623 porcis,
1616 5550 1667 5605 id
1706 5560 1810 5617 est,
1846 5564 1966 5604 cum

459 5731 628 5786 ‘Luc.
675 5747 795 5799 snt,
830 5730 862 5785 6
890 5746 1009 5802 sqq.

2077 4537 2208 4610 ἦλθε
2262 4536 2398 4609 πρὸς
2430 4535 2528 4608 τὴν
2569 4533 2840 4606 πατρικὴν
2883 4533 3068 4587 ἑστίαν
3123 4532 3532 4605 σωφρονισθείς,
3560 4532 3661 4585 οὐκ

2078 4627 2407 4701 ἀπεστράφη
2438 4627 2467 4680 ό
2494 4625 2696 4698 πατὴρ,
2733 4624 2854 4678 οὐδέ
2889 4623 3158 4695 ἐπέθηκεν
3188 4621 3335 4693 αὐτῷ
3364 4621 3463 4686 τὰς
3488 4620 3661 4693 θύρας

2078 4717 2456 4774 ἐπανελθόντιο
2490 4714 2628 4770 ἀλλὰ
2665 4716 2772 4768 πᾶν
2803 4714 3133 4778 τούναντίον,
3163 4712 3540 4786 προσέδραμεν
3568 4714 3662 4780 ἐγ-

2079 4810 2307 4882 γίζοντι,
2335 4809 2430 4864 καὶ
2450 4806 2712 4878 ἐπεκλίθη
2734 4806 2813 4878 τῷ
2843 4806 3120 4878 τραχήλῳ,
3152 4806 3247 4860 καὶ
3294 4805 3528 4877 δάκρυον
3566 4806 3663 4856 ἐπ-

2080 4902 2273 4970 έσταξε
2339 4900 2642 4974 συμπαθῶς
2687 4898 2765 4972 τῷ
2815 4900 3035 4970 αὐχένι,
3099 4899 3357 4970 ἐποίησεν
3384 4898 3441 4950 δὲ
3496 4896 3662 4954 πάλιν

2073 4996 2193 5052 ἀντὶ
2215 4994 2400 5049 ἀθλίου
2438 4991 2798 5066 μακαριστὸν,
2856 4991 3151 5064 ἐλευθερίῳ
3184 4990 3461 5063 ἀμφιέσας
3495 4989 3661 5060 ἐσθῆ-

2071 5107 2146 5155 τι,
2199 5089 2295 5141 καὶ
2343 5085 2631 5142 δακτύλιον
2685 5088 2752 5158 τῇ
2810 5085 2955 5156 χειρὶ
3016 5083 3284 5158 περιθεὶς,
3336 5083 3430 5140 καὶ
3462 5085 3657 5156 ἑορτὴν

2071 5179 2220 5248 ἄγων
2252 5176 2350 5250 τὴν
2379 5178 2613 5249 ἡμέραν,
2645 5176 2740 5231 καὶ
2763 5175 3092 5248 εὐτρεπίσας
3117 5174 3350 5246 εὐωχίαν
3378 5160 3658 5246 λαμπράν.

2068 5268 2253 5323 Ταῦτα
2284 5268 2341 5322 δέ
2369 5268 2551 5322 πάντα.
2584 5266 2743 5336 λόγος
2782 5267 2899 5319 ἐστὶ
2929 5265 3318 5338 παραϐολικδς,
3352 5265 3662 5334 ὑπανοίγων

2068 5364 2144 5428 ὡς
2173 5363 2444 5435 πατρικὴν
2474 5362 2667 5415 ἑστίαν
2727 5359 2826 5431 τὴν
2861 5358 3344 5431 Ἑκκλησίανπκαλ.
3371 5358 3661 5430 δεχόμενος

2070 5456 2426 5529 φιλοφρόνως,
2453 5454 2539 5508 ἴνα
2564 5454 2639 5526 μὴ
2664 5451 2797 5507 ὦσιν
2824 5451 3120 5523 ὁμοδίαιτοι
3160 5453 3270 5515 τοῖς
3303 5450 3529 5522 χοίροις,
3556 5452 3663 5512 τοῖς

2068 5549 2338 5621 δαίμοσιν,
2363 5549 2628 5617 γένωνται
2683 5545 2740 5601 δέ
2773 5545 2934 5600 πάλιν
2979 5544 3038 5609 ἐξ
3085 5542 3382 5614 ἀλλοτρίων
3412 5544 3553 5597 υἱοί’
3581 5543 3663 5594 ἵνα

1091 5730 1112 5762 ⁸
1145 5727 1315 5785 Exod.
1343 5744 1517 5796 χχχιι,
1549 5728 1618 5783 52
1648 5743 1774 5799 sqq.
1852 5728 1871 5761 ⁸
1908 5726 2039 5785 Luc.
2076 5743 2171 5793 xv,
2202 5726 2256 5780 ll
2283 5741 2405 5798 sqq.
