3820 6312
939 305 1220 367 llOMlLlA
1252 309 1392 367 Xlll.
1435 307 1882 373 ADHORTATIO
1930 314 2020 374 ΔΙ)
2051 311 2551 382 HENITENTIAII

3294 334 3398 395 566

116 427 195 498 τῷ
218 426 529 499 βουλήματι
577 429 676 485 τοῦ
700 429 840 485 Θεοῦ
872 432 1111 499 συζῶσιν
1160 434 1238 499 ὡς
1266 433 1463 510 γνώμῃ
1489 437 1690 509 πατρὸς

1823 440 2155 500 daemonibus
2177 446 2338 502 vitam
2375 447 2591 517 degant,
2625 448 2721 504 sed
2752 463 2821 505 ex
2862 450 3052 508 alienis
3085 470 3297 512 rursum
3327 461 3394 516 ad

118 521 209 575 ut
230 524 350 585 τοῖς
378 522 562 591 ἁγίοις
587 522 875 595 ἀνδράσιν,
903 524 983 588 ὡς
1006 524 1277 596 ἀδελφοῖς.
1313 527 1386 580 Σὺ
1417 524 1474 581 δὲ
1503 526 1578 601 μὴ
1610 528 1709 601 ζή-

116 612 205 667 λου
222 615 327 687 τὴν
349 614 583 688 γνώμην
609 615 708 669 τοῦ
732 616 1132 689 πρεσϐυτέρου,
1166 617 1299 690 μηδὲ
1327 621 1708 691 καταγόγγυζε

116 706 213 775 τῆς
236 706 337 761 τοῦ
369 709 582 779 πατρὸς
614 709 1054 783 φιλανθρωπίας,
1097 712 1180 764 ὅτι
1243 712 1337 766 καὶ
1379 712 1471 767 τὸν
1497 713 1706 770 ἄσωτον

116 798 207 851 καὶ
239 796 508 871 ὑϐριστὴν
529 800 878 871 είσῳκίσατο.
910 799 1170 872 Θαύμαζε
1200 800 1398 872 μᾶλλον
1437 800 1537 873 τὴν
1569 803 1707 870 ἀγα-

116 890 335 963 θότητα,
365 888 465 945 καὶ
493 893 668 965 μιμοῦ
697 892 794 947 τοῦ
826 892 964 948 Θεοῦ
988 893 1089 965 τὴν
1122 893 1433 964 εὐμένειαν,
1467 894 1705 961 καὶτοὺς

114 984 175 1036 ἑκ
201 982 308 1053 τῆς
338 983 557 1055 πλάνης
602 984 1046 1059 ύποστρέφοντας
1077 983 1436 1052 ἐναγκαλίζου
1467 987 1560 1040 καὶ
1605 1003 1706 1041 πε-

115 1077 417 1149 ριπτύσσου
437 1094 454 1110 ο
478 1077 660 1143 οὕτως
689 1078 800 1151 γὰρ
840 1078 940 1154 ἔσῃ
959 1078 1180 1149 τυφλῶν
1203 1079 1415 1150 ὁδηγὸς,
1444 1080 1537 1135 καὶ
1568 1080 1705 1136 πλα-

112 1171 367 1241 νωμένων
385 1170 736 1237 διδάσκαλος.

177 1432 323 1505 Πρὸς
360 1433 464 1500 μὲν
498 1430 594 1489 οῦν
624 1435 753 1500 τοὺς
779 1434 1152 1509 τραχυτέρους
1186 1436 1286 1509 τὴν
1314 1436 1574 1510 γνώμην,
1605 1441 1703 1495 καὶ

112 1525 204 1595 τὴν
254 1527 570 1598 ἀποτομίαν
631 1528 740 1601 πρὸ
793 1529 894 1601 τῆς
947 1528 1294 1602 συμπαθείας
1360 1529 1698 1597 ἀσκοῦντας,

112 1616 310 1682 ἱκανῶς
344 1621 485 1689 ἡμῖν
542 1619 759 1691 εἴρηται
780 1661 796 1682 .
844 1622 941 1675 καὶ
981 1621 1135 1676 οὐδὲν
1189 1622 1273 1677 δεῖ
1312 1623 1697 1698 μακροτέρων·

111 1709 269 1763 ἄκουε
286 1711 346 1764 δὲ
371 1711 565 1765 λοιπὸν
592 1712 689 1766 καὶ
715 1716 744 1766 ό
775 1713 874 1785 τῆς
898 1715 1233 1788 ἐπιστροφῆς
1257 1716 1527 1788 δεόμενος,
1551 1718 1701 1781 ὅπως

1818 530 2050 587 ﬁliorum
2084 551 2367 592 numerum
2395 538 2636 609 ascripti,
2668 554 2737 594 ex
2777 538 2871 596 Dei
2917 547 3235 617 praescripto
3273 558 3395 605 tan-

1814 638 1975 693 quam
2011 640 2078 681 ex
2117 629 2286 696 patris
2321 631 2591 686 sententia
2624 632 2827 699 vivant,
2850 644 2906 690 et
2944 647 3257 695 sanctorum
3301 638 3398 696 ho-

1816 716 2045 783 minum,
2080 728 2138 774 ut
2175 721 2404 777 fratrum
2443 726 2838 782 consuetudine
2870 730 3237 799 perfruantur.
3279 726 3393 790 Noli

1814 804 1998 862 fratris
2028 808 2247 877 majoris
2278 822 2403 867 natu
2429 815 2755 870 sententiam
2795 820 2972 888 sequi,
3006 834 3106 875 nec
3133 822 3203 877 ob
3227 824 3398 891 patris

1814 898 2208 956 humanitatem
2240 902 2530 975 indignari,
2572 908 2717 977 quod
2756 909 3145 980 nequissimum
3201 913 3393 979 tilimn,

1815 990 1906 1060 qui
1936 989 2157 1049 familia:
2181 995 2432 1052 dedecori
2468 997 2588 1064 fuit,
2628 1002 2946 1070 susceperit.
2983 1001 3079 1059 Dei
3103 1004 3397 1075 benignita-

1818 1091 1924 1138 tent
1954 1089 2138 1155 potius
2183 1098 2234 1144 et
2263 1088 2608 1147 clementiam
2627 1093 2925 1159 admirans,
2948 1098 3169 1168 eos,qni
3188 1098 3399 1155 relictis

1813 1176 2093 1233 erroribus
2136 1180 2202 1233 ad
2263 1179 2472 1252 frugem
2522 1181 2717 1239 bonam
2762 1187 3013 1255 redeunt,
3062 1190 3395 1262 amplectere

1811 1276 2167 1340 amanterque
2196 1270 2338 1326 fove.
2387 1271 2477 1328 Sic
2508 1276 2653 1330 enim
2705 1279 2815 1334 eris
2866 1295 3132 1337 caacorum
3180 1284 3308 1351 dux,
3335 1294 3394 1341 et

1809 1359 1954 1416 viam
1986 1364 2297 1421 errantilms
2319 1368 2735 1426 demonstrabis.

1888 1451 2036 1511 Satis
2083 1457 2250 1512 multa
2295 1459 2362 1513 ad
2404 1473 2519 1527 eos,
2558 1463 2648 1531 qni
2699 1466 2973 1523 severiore
3017 1477 3143 1523 sunt
3185 1470 3389 1540 animo,

1809 1544 2014 1616 quique
2039 1548 2385 1605 acerbitatem
2418 1552 2619 1623 potius,
2647 1571 2811 1625 quam
2843 1557 3116 1616 lenitatem
3147 1572 3202 1618 et
3228 1563 3392 1620 misce

1812 1637 2098 1693 ricordiam
2131 1653 2406 1699 exercent.
2444 1643 2597 1703 Nunc
2619 1649 2749 1704 tnihi
2785 1665 2903 1717 vos,
2932 1653 3128 1722 quibus
3159 1653 3212 1707 in
3247 1655 3388 1711 viam

1812 1732 2143 1787 redeundum
2196 1746 2315 1801 est,
2367 1750 2434 1792 ac
2484 1739 2948 1809 resipiscendum,
3010 1745 3292 1802 attendite.
3330 1748 3388 1803 Si

111 1816 168 1853 σε
205 1805 492 1873 προσῆκεν
525 1802 947 1872 ἐπιστυγνάζειν
982 1808 1095 1870 τοῖς
1141 1808 1572 1879 ἁμαρτήμασιν,
1603 1807 1690 1861 καί

1806 1822 1970 1878 vultis
2009 1823 2219 1880 discere
2263 1843 2371 1897 quo
2417 1831 2578 1887 modo
2615 1833 2854 1903 peccatis
2882 1835 3067 1892 dolere
3091 1845 3145 1893 et
3186 1840 3391 1895 errori-

110 1892 174 1946 τὰ
210 1892 645 1966 παραπτώματα
683 1897 787 1968 τῆς
828 1897 1054 1970 καρδίας
1097 1898 1462 1972 ἀποθρηνεῖν·
1499 1900 1699 1972 μᾶλλον

109 1980 197 2048 δὲ,
226 1985 278 2037 εἰ
303 1983 493 2050 δοκεῖ,
531 1987 809 2057 σκόπησον
844 1989 945 2060 τὴν
980 1988 1306 2062 ἁμαρτωλὸν
1333 1993 1570 2061 γυναῖκα
1599 1991 1699 2065 τὴν

111 2074 256 2147 παρὰ
297 2076 397 2130 τοῦ
434 2078 626 2132 Λουκᾶ
664 2078 761 2132 ἐπὶ
807 2078 904 2133 τοῦ
954 2081 1220 2152 παρόντος
1257 2082 1698 2153 ἀναγνωσθεῖσαν

112 2169 261 2239 ἡμῖν.
293 2167 579 2241 Κάκείνης
607 2170 671 2223 τὸ
695 2171 951 2226 ταπεινὸν
986 2173 1081 2226 καὶ
1108 2172 1397 2228 εύσύνετον
1430 2175 1694 2244 ζήλωσον,

109 2258 198 2311 καὶ
227 2257 360 2313 λάϐε
393 2259 633 2323 κανόνας
665 2260 955 2331 μετανοίας
983 2262 1393 2336 ὴκριόωμένης.
1438 2264 1698 2321 Ἐλθοῦσα

111 2349 214 2422 γὰρ
240 2352 335 2405 ἐπὶ
355 2351 453 2405 τόν
476 2346 628 2406 οἷκον
654 2351 749 2406 τοῦ
775 2353 1093 2425 Φαρισαίου,
1114 2353 1241 2408 οὔτε
1269 2355 1330 2409 τὸ
1357 2356 1560 2429 πλῆθος
1587 2357 1697 2413 τῶν

112 2442 454 2514 ἑστιωμένων
476 2443 833 2518 ἠρυθρίασεν,
854 2444 978 2499 οὕτε
999 2447 1091 2500 τὸν
1119 2447 1307 2520 καιρὸν
1328 2448 1430 2519 τῆς
1463 2450 1698 2521 εὐωχίας

108 2533 180 2598 ὡς
203 2535 436 2609 ἄκαιρον
465 2537 546 2602 εἰς
577 2536 961 2611 ἐξομολόγησιν
988 2539 1221 2610 ἔφευγεν
1243 2556 1259 2571 ο
1287 2540 1424 2597 ἀλλὰ
1447 2545 1521 2614 τῇ
1552 2542 1696 2616 λύπῃ

111 2628 462 2701 συνεχομένη,
513 2629 609 2681 καὶ
643 2628 873 2701 σφοδρὸν
906 2629 1105 2702 ἔχουσα
1136 2631 1245 2685 τῶν
1286 2632 1393 2704 πλη
1403 2634 1695 2706 μμελημά-

110 2737 209 2772 των
256 2722 316 2773 τὺ
356 2718 581 2782 πένθος,
629 2719 753 2773 οὐδὲ
789 2719 854 2773 τὸ
897 2719 1239 2792 βραχύτατον
1276 2723 1426 2792 ἠφίει
1462 2722 1554 2777 τὸν
1584 2723 1696 2780 τῶν

109 2811 387 2883 ἁμαρτιῶν
415 2811 625 2884 ἰατρόν.
662 2812 739 2865 Ού
776 2811 884 2884 μὴν
908 2812 1028 2866 οὐδὲ
1054 2815 1136 2876 είς
1157 2813 1221 2867 τὸ
1250 2813 1542 2886 πρόσωπον
1572 2815 1694 2871 κατ’

110 2902 226 2972 θέμιν
251 2902 523 2975 ἐρχομένη
555 2903 799 2956 ἱκέτευεν
817 2919 831 2933 ο
862 2902 1001 2958 ἀλλὰ
1031 2904 1093 2957 τὸ
1123 2903 1342 2971 ἀνάξιον
1372 2907 1572 2980 ἑαυτῆς
1600 2907 1694 2963 καὶ

110 2996 555 3067 ἀπαρρησίαστον
583 2994 674 3048 διὰ
707 2994 805 3048 τοῦ
840 2995 1120 3067 σχήματος
1154 2998 1563 3069 ἐρμηνεύουσα,
1593 3000 1695 3073 τὴν

111 3087 245 3140 κατὰ
281 3086 457 3141 νώτου
494 3084 681 3159 χώραν
731 3086 1145 3154 καταλαϐοῦσα,
1191 3090 1287 3143 καὶ
1324 3088 1447 3143 οὐδὲ
1482 3089 1694 3145 ἑστῶσα

107 3177 306 3243 ἁπλῶς,
341 3176 485 3232 ἀλλὰ
522 3177 756 3231 κατόπιν
788 3176 896 3230 τῶν
932 3177 1111 3231 ποδῶν
1140 3178 1413 3252 λαϐομένη
1438 3221 1453 3246 ,
1488 3179 1700 3236 λύσασα
1726 3178 1770 3238 C

108 3264 162 3319 δὲ
188 3267 286 3330 τὰς
312 3266 496 3337 κόμας
514 3305 530 3330 ,
560 3266 656 3319 καὶ
685 3268 798 3331 τοῖς
833 3266 1121 3339 πράγμασι
1159 3269 1561 3340 δημοσιεύουσα
1597 3272 1697 3344 τὴν

114 3357 402 3414 πενθοῦσαν
436 3358 650 3430 ψυχὴν,
682 3361 777 3414 καὶ
804 3363 920 3425 τοῖς
963 3364 1124 3417 ποσὶν
1152 3362 1244 3417 τοῦ
1293 3364 1467 3436 Ἰησοῦ
1499 3364 1563 3419 τὸ
1596 3365 1698 3419 δά-

111 3468 263 3522 κρυον
291 3452 655 3526 ἐπιρρέουσα,
686 3451 826 3524 μετὰ
849 3453 1051 3526 πολλῆς
1078 3455 1179 3526 τῆς
1206 3456 1552 3527 συμπαθείας
1575 3458 1695 3531 ᾔτει

112 3544 190 3597 τὸν
212 3544 396 3599 ἔλεονσ
446 3545 546 3599 καὶ
577 3544 831 3600 τοσοῦτον
864 3548 1231 3620 προχεομένη,
1259 3548 1402 3604 ὥστε
1436 3552 1529 3605 καὶ
1563 3552 1696 3625 βρέ-

112 3653 213 3704 χειν
242 3639 375 3702 τοὺς
400 3637 594 3704 πόδας,
623 3638 719 3693 καὶ
742 3639 810 3711 τῇ
836 3638 983 3712 κόμῃ
1016 3639 1181 3694 πάλιν
1213 3642 1563 3714 ὲκμάττουσα
1595 3645 1694 3717 τὴν

112 3729 413 3803 ὑγρότητα,
447 3732 633 3785 πᾶσαν
681 3730 969 3786 εὐλάϐειαν
1014 3734 1278 3806 ταπεινὴν
1324 3735 1690 3796 ἐπεδείκνυτο.

110 3821 211 3877 Ἰνα
236 3825 295 3878 δὲ
322 3822 565 3879 συνελὼν
588 3824 749 3892 εἴπω,
780 3824 986 3890 πάσαις
1009 3828 1133 3891 ταῖς
1154 3826 1439 3899 αἰσθήσεσι
1463 3828 1555 3882 καὶ
1580 3832 1692 3894 τοῖς

112 3916 284 3984 μέλεσι
317 3920 437 3981 τοῖς
495 3917 877 3989 ἡμαρτηκόσιν
912 3919 946 3990 ἡ
977 3918 1115 3990 γυνὴ
1144 3918 1242 3991 τὴν
1286 3920 1576 3991 μετάνοιαν
1606 3920 1694 3987 ἑξ-

108 4011 273 4063 επόνει
293 4028 308 4041 ·
335 4012 373 4083 ή
409 4010 467 4064 δὲ
489 4011 730 4083 δημοσία
761 4012 858 4065 καὶ
885 4012 965 4075 είς
997 4011 1060 4063 τὸ
1093 4011 1336 4082 ἐμφανὲς
1365 4011 1539 4077 οὕτως
1570 4013 1693 4068 ὀδυ-

112 4101 301 4174 ρομένη
345 4101 452 4166 τὰς
485 4102 797 4175 ἁμαρτίας,
846 4103 971 4157 τίνα
1022 4103 1142 4158 κατ’
1177 4102 1310 4157 ἰδίαν
1351 4106 1445 4158 ἐπὶ
1495 4106 1693 4178 σχολῆς

108 4192 385 4267 ἔπραττεν,
420 4194 631 4260 ἔξεστιν
667 4196 1087 4269 τεκμηράμενον
1118 4199 1367 4270 συνορᾷν.
1414 4198 1598 4271 Ἡμῶν
1632 4199 1691 4254 δὲ

107 4286 254 4357 ἡμὲν
277 4287 604 4359 ὑπόσχεσις,
629 4287 918 4358 μετάνοιαν
944 4288 1371 4358 ἐπαγγέλλεται·
1403 4291 1436 4361 ἡ
1463 4290 1519 4344 δὲ
1549 4292 1691 4364 πρᾶ-

110 4378 203 4446 ξξ,
237 4381 395 4435 οὐδὲν
423 4381 684 4435 ἐπίπονον
714 4381 1017 4437 δείκνυσιν·
1061 4382 1197 4437 ἀλλὰ
1228 4385 1328 4455 τὴν
1359 4384 1532 4456 αὐτὴν
1564 4384 1689 4456 ἐχο-

1806 1917 1908 1972 bns
1946 1919 2141 1974 vestris
2178 1920 2538 1991 ingemiscere
2590 1926 2853 1996 debeatis,
2895 1929 3177 1987 mulierem
3233 1933 3390 1990 nobis

1805 2025 1835 2063 a
1872 2008 2015 2064 Luca
2048 2012 2101 2065 in
2135 2015 2421 2082 praesentia
2452 2016 2784 2090 descriptam
2828 2022 3197 2081 considerate.
3234 2023 3387 2083 Illius

1805 2101 2189 2157 demissionem
2237 2105 2403 2161 animi
2440 2117 2602 2178 atque
2646 2112 2989 2181 prudentiam
3028 2116 3383 2184 temulamini,

1804 2193 2218 2266 absolutumque
2243 2197 2311 2252 in
2366 2213 2431 2254 ea
2483 2203 2640 2258 nobis
2686 2205 2993 2277 exemplum
3052 2210 3388 2278 pmnitcntiae

1804 2288 2137 2354 constituite,
2168 2305 2288 2360 qua:
2312 2291 2571 2349 Pharisaei
2600 2296 2819 2353 domum
2850 2299 3094 2370 ingressa
3131 2319 3230 2359 nec
3252 2319 3388 2360 con-

1805 2377 2741 2454 vivarummultitudinemerubuit,
2783 2404 2883 2446 nec
2906 2391 3137 2448 convivii
3175 2404 3386 2464 tempus

1803 2468 2178 2541 importunum
2211 2475 2568 2545 existimavit,
2603 2495 2714 2550 quo
2762 2483 2941 2540 minus
2979 2485 3045 2539 ad
3077 2486 3383 2544 confessio-

1804 2578 1927 2617 nem
1966 2564 2324 2637 confugeret;
2369 2570 2464 2624 sed
2515 2571 2700 2628 dolore
2765 2572 2985 2640 aﬂ‘ecta,
3038 2583 3094 2632 et
3137 2589 3382 2649 peccata,

1803 2670 1925 2726 qua:
1975 2660 2349 2726 commiserat,
2393 2661 2745 2721 vehementer
2791 2666 3089 2736 detestata,
3149 2684 3219 2725 ne
3262 2686 3384 2726 mo-

1803 2758 2042 2803 mentum
2084 2753 2301 2821 quidem
2342 2756 2598 2825 temporis
2635 2757 2741 2813 sibi
2782 2758 3231 2831 interponendum
3268 2766 3386 2820 exi-

1801 2842 2065 2908 stimavit,
2104 2859 2213 2916 quo
2265 2846 2444 2903 minus
2486 2850 2671 2904 statim
2703 2851 2771 2907 ad
2813 2863 3159 2921 peccatorum
3214 2857 3386 2912 medi-

1728 2978 1733 2983 .
1802 2948 1925 2988 cum
1958 2937 2265 2992 accederet.
2299 2936 2410 2995 Nec
2438 2948 2618 2996 tamen
2665 2943 2715 2996 in
2761 2955 3107 3016 conspectum
3137 2946 3254 3016 ejus
3283 2948 3383 3004 ad-

1800 3025 2029 3081 veniens
2062 3027 2422 3098 supplicabat,
2446 3032 2540 3086 sed
2576 3048 2641 3087 ex
2671 3033 2854 3090 habitu
2887 3050 2947 3092 se
2976 3038 3251 3109 indignam
3284 3055 3386 3110 pu-

1804 3123 1944 3181 tans,
1987 3130 2109 3185 qua:
2152 3118 2324 3186 ipsum
2374 3120 2763 3192 alloqueretur,
2810 3141 2839 3179 a
2876 3137 3030 3198 tergo
3077 3128 3252 3184 locum
3288 3145 3384 3186 oc-

1801 3208 2038 3276 cupavit,
2067 3223 2165 3264 nec
2199 3209 2356 3278 plane
2394 3220 2565 3276 stans,
2592 3213 2687 3268 sed
2733 3223 2883 3271 retro
2909 3229 3179 3287 prostrata
3216 3222 3381 3291 pedes

1800 3297 1942 3352 illius
1986 3300 2265 3370 complexa
2313 3310 2414 3367 est,
2457 3303 2758 3374 solutisque
2791 3309 2964 3364 comis
3012 3311 3186 3380 reipsa
3242 3328 3380 3369 πιαι-

1800 3390 1974 3446 rentis
2021 3392 2186 3446 animi
2223 3392 2561 3449 aﬂectionem
2598 3397 3026 3466 ostendebat,.et
3051 3399 3183 3457 Jesu
3216 3405 3382 3473 pedes

1797 3481 2053 3556 lacrymis
2097 3483 2297 3554 rigans,
2338 3486 2505 3542 multo
2553 3503 2681 3544 cum
2724 3489 2912 3546 dolore
2947 3493 3377 3551 misericordiam

1795 3573 2121 3643 postulabat.
2164 3575 2394 3630 Tantam
2443 3578 2587 3632 enim
2626 3577 2811 3635 eil‘udit
2852 3582 2957 3637 vim
2988 3582 3376 3656 lacrymarutn,

1798 3675 1856 3720 ut
1891 3668 2055 3737 pedes
2102 3667 2221 3739 ejus
2254 3670 2515 3738 ablueret,
2565 3674 2892 3743 eosdemque
2930 3691 3118 3733 rursus
3166 3681 3378 3749 capillis

1796 3757 2157 3829 abstergeret,
2201 3769 2364 3833 atque
2396 3764 2470 3817 ita
2510 3780 2727 3820 onmem
2753 3765 2920 3821 animi
2955 3766 3139 3824 aﬂhcti
3172 3771 3375 3828 demis-
3408 3848 3413 3851 ‘

1793 3847 2000 3904 sionem
2030 3850 2351 3908 declararet.
2381 3853 2618 3921 Etenim,
2652 3866 2709 3912 ut
2739 3860 2977 3915 breviter
3009 3862 3192 3918 omnia
3227 3878 3380 3919 com-

1792 3940 2021 4010 plectar,
2056 3944 2306 3999 sensibus
2338 3956 2392 4001 et
2421 3949 2678 4005 tnetnbris
2709 3950 2981 4019 omnibus,
3006 3954 3204 4024 quibus
3257 3971 3380 4027 pec-

1792 4043 2014 4089 caverat
2051 4036 2263 4103 mulier,
2297 4040 2669 4107 pmuitentiam
2708 4042 2836 4113 egit.
2884 4041 3153 4110 Quantum
3195 4060 3375 4103 autem

1794 4134 1980 4191 postea
2012 4140 2110 4195 per
2137 4128 2308 4183 otium
2354 4141 2573 4199 peccata
2613 4132 2778 4189 fuerit
2807 4135 3095 4201 detestata,
3126 4154 3245 4207 qua:
3278 4157 3376 4211 pu-

1790 4214 1929 4271 blice
1963 4226 2259 4288 aperteque
2303 4235 2365 4275 ea
2427 4230 2708 4292 tantopere
2753 4224 2906 4292 luxit,
2951 4227 3374 4298 conjicientibus

1791 4304 1921 4360 licet
1976 4306 2297 4378 intelligere.
2342 4310 2452 4366 Nos
2502 4323 2683 4368 autem
2726 4316 2906 4371 verbis
2948 4319 3161 4387 quidem
3202 4321 3377 4389 paeni-

1794 4398 2017 4453 tentiam
2072 4400 2411 4469 pollicemur,
2454 4402 2611 4458 factis
2648 4418 2779 4460 vero
2822 4405 2957 4461 nihil
3001 4408 3162 4463 studii
3228 4409 3377 4465 labo-

112 4489 196 4540 μεν
225 4472 323 4527 τοῦ
358 4472 480 4545 βίου
514 4474 887 4542 κατάστασιν,
915 4475 983 4545 ἣν
1022 4476 1114 4528 καὶ
1145 4475 1251 4547 πρὸ
1279 4475 1380 4546 τῆς
1414 4477 1689 4549 ἁμαρτίας

1803 4490 1981 4559 risque
2008 4505 2352 4561 praestamus,
2378 4494 2472 4547 sed
2505 4496 2694 4550 cadent
2727 4497 2942 4553 vivendi
2978 4500 3375 4555 consuetudine

108 4563 333 4636 εἴχομεν.
367 4566 677 4639 autem;
704 4566 814 4640 γὰρ
836 4567 999 4638 ὁμοία
1031 4567 1126 4621 καὶ
1155 4567 1319 4640 ἐσθὴς
1346 4569 1380 4641 ή
1410 4568 1570 4641 αὑτὴ,
1597 4570 1690 4623 καὶ

1803 4580 2019 4648 utimur,
2069 4597 2176 4651 qua
2220 4582 2397 4653 prius,
2443 4597 2605 4655 quam
2653 4596 2872 4655 peccata
2917 4588 3225 4644 confitendo
3280 4589 3378 4645 de-

108 4658 375 4732 τραπέζης
406 4659 709 4724 ἀπόλαυσις
733 4658 983 4730 δαψιλὴς,
1011 4660 1108 4714 καὶ⁵
1146 4659 1311 4726 ῦπνος
1348 4663 1559 4734 μακρὸς
1594 4662 1689 4716 καὶ

108 4748 383 4821 λελυμένος
407 4754 490 4817 είς
511 4752 673 4823 κόρον
696 4766 711 4779 ·
734 4751 983 4824 ἀσχολίαι
1005 4752 1063 4806 δὲ
1089 4754 1184 4807 καὶ
1212 4755 1491 4826 φροντίδες
1511 4754 1687 4829 ⁸ἐπάλ-

109 4840 263 4914 ληλοι,
292 4843 472 4916 λήθην
500 4842 832 4915 ἐμποιοῦσαι
861 4848 927 4918 τῇ
953 4845 1100 4918 ψυχῇ
1127 4846 1227 4918 τῆς
1253 4846 1461 4911 οἰκείας
1492 4848 1686 4919 ἐπιμε-

109 4932 276 5001 λείας·
309 4938 473 5008 μόνον
516 4936 575 4990 δὲ
605 4934 669 4989 τὸ
700 4936 873 5008 ὄνομα
913 4938 1014 5008 τῆς
1059 4938 1347 5009 μετανοίας
1380 4940 1687 5011 ἐπιγραφό-

115 5030 238 5099 μεθα
266 5030 518 5104 ἄκαρπόν
548 5048 610 5085 τε
643 5032 741 5086 καὶ
765 5031 1127 5103 ἁνενέργητον
1151 5047 1166 5061 ο
1197 5030 1307 5085 τῶν
1348 5030 1448 5102 μὲν
1481 5049 1689 5105 μυστη-

114 5124 230 5193 ρίων
268 5126 497 5189 ἑαυτοὺς
546 5123 879 5196 χωρίζοντες
944 5124 1038 5178 καὶ
1089 5122 1191 5195 τῆς
1238 5123 1525 5188 κοινωνίας
1579 5124 1689 5181 τῶν

112 5213 419 5291 ἀπορρήτων
466 5217 867 5288 ἀγιασμᾶτων,
919 5216 1177 5288 οὐδεμίαν
1222 5216 1279 5270 δὲ
1323 5216 1557 5288 σπουδὴν
1587 5218 1689 5291 τῆς

114 5308 427 5383 ἐπιστροφῆς
446 5312 550 5381 τῆς
579 5309 717 5380 πρὸς
747 5309 889 5363 αὐτὰ
922 5308 1259 5380 ποιούμενοι,
1290 5308 1407 5363 ἀλλ’
1441 5308 1518 5374 ὡς
1547 5308 1688 5363 εύώω

111 5416 187 5453 νου
238 5400 715 5476 καταφρονοῦντες
764 5399 867 5473 τῆς
923 5401 1300 5466 ἀπολαύσεως.
1374 5401 1686 5472 Ἐννόησον,

111 5491 357 5564 ἄνθρωπε,
387 5494 642 5567 πηλίκων
671 5493 991 5566 ἀξιούμενος
1015 5493 1323 5567 ὲχωρίσθης
1352 5493 1454 5566 τῆς
1488 5510 1686 5564 μετου-

113 5582 213 5649 σίας
234 5588 479 5641 ἐκείνων.
510 5588 575 5644 Ei
608 5586 898 5660 βασιλικῆς
927 5592 991 5645 σὺ
1018 5590 1301 5663 τραπέζης
1324 5589 1568 5660 μετέχων
1593 5584 1682 5664 ᾗς.

114 5665 211 5722 εἶτα
249 5677 640 5750 προσκρούσας
688 5679 787 5750 τῆς
823 5680 988 5751 τιμῆς
1016 5679 1364 5752 ἀπεῤῥίφης,
1398 5680 1580 5734 πόσων
1615 5680 1683 5734 ἂν

115 5760 341 5836 ὶξωνήσω
364 5770 670 5841 χρημάτων
700 5770 759 5825 τὸ
787 5770 946 5826 πάλιν
974 5771 1229 5842 γενέσθαι
1257 5772 1408 5843 φίλος
1438 5772 1530 5828 καὶ
1552 5775 1682 5844 ὁμου

1796 4679 2148 4738 teStaremur,
2192 4674 2495 4729 utebamur.
2545 4675 2749 4730 Eadem
2807 4677 2859 4731 in
2902 4678 3049 4732 vultu
3102 4679 3373 4744 hilaritas,

1792 4759 1934 4815 idem
1988 4760 2041 4813 in
2090 4763 2333 4832 corporis
2361 4763 2505 4818 cultu
2555 4763 2808 4834 victuque
2851 4766 3125 4835 splendor.
3167 4768 3373 4824 Sonmo

1792 4852 1858 4908 ad
1885 4854 2191 4911 satietatem
2221 4870 2394 4925 usque
2438 4856 2797 4929 indulgemus,
2832 4860 3065 4929 negotiis
3116 4872 3172 4916 et
3215 4877 3373 4918 occu-

1788 4947 2099 5015 pationibus
2149 4947 2333 5003 animo
2359 4949 2661 5005 sedulitatis
2688 4949 3015 5006 oblivionem
3073 4952 3371 5020 injicitnus,

1789 5038 2125 5108 pteuitentiae
2169 5054 2381 5096 nomen.
2410 5045 2569 5096 inane
2623 5042 2908 5106 duntaxat,
2959 5052 3014 5097 et
3064 5045 3228 5101 nullis
3271 5061 3372 5101 ex-

1791 5143 2040 5199 pressum
2086 5130 2246 5185 factis
2300 5132 2616 5187 retinemus.
2641 5129 2684 5184 A
2730 5132 3004 5201 mysteriis
3035 5134 3251 5203 quidem
3283 5151 3372 5189 aro

1790 5233 2161 5290 canorumque
2231 5223 2616 5278 communione
2692 5236 3155 5287 sacramentorum
3213 5228 3371 5297 culpa

1788 5320 1974 5365 nOstra
2023 5311 2325 5369 decidimus
2387 5323 2443 5369 et
2488 5328 2825 5385 separamur,
2878 5334 2979 5375 nec
3025 5329 3205 5376 tamen
3255 5331 3372 5375 stn-

1786 5403 1933 5457 dium
1984 5419 2049 5460 ac
2088 5404 2421 5476 diligentiam
2477 5409 2822 5475 adhibemus,
2852 5420 2910 5465 ut
2934 5413 3001 5467 ad
3046 5426 3110 5467 ea
3145 5411 3370 5468 fruenda

1786 5506 2149 5565 revertamur,
2179 5498 2272 5554 sed
2307 5509 2365 5554 ut
2399 5501 2546 5567 vilia,
2571 5513 2624 5558 et
2655 5518 2775 5574 quae
2814 5518 2982 5575 parvo
3023 5505 3199 5574 pretio
3232 5507 3373 5560 redi-

1782 5588 1856 5645 tni
1902 5589 2142 5655 possint,
2190 5593 2614 5650 contemnimus.
2663 5596 2991 5664 Considera,
3036 5597 3218 5663 homo,
3264 5613 3374 5666 qua

1790 5682 2051 5753 dignitate
2095 5683 2208 5752 jam
2252 5698 2477 5741 ornatus
2526 5688 2720 5754 fueris,
2749 5706 2895 5747 nunc
2939 5703 3118 5747 autem
3160 5706 3368 5746 careas.

1790 5772 1847 5827 Si
1891 5775 2052 5844 regia:
2085 5791 2285 5835 mensa:
2314 5780 2587 5851 particeps
2630 5783 2697 5839 ab
2728 5798 2793 5839 co
2832 5782 3035 5839 honore
3063 5785 3131 5839 ob
3161 5785 3372 5840 crimen

1790 5864 1835 5894 ξ.
