3820 6318
407 296 513 355 567
1683 295 1741 354 S.
1784 296 2063 354 ASTERll
2099 296 2403 355 AMASENI
3581 297 3705 356 363

409 412 629 481 aliquod
653 411 948 469 excidisses
970 418 1222 481 quantam
1241 409 1479 481 pecuniae
1493 410 1600 464 vim
1627 408 1993 481 impenderes,

2102 408 2401 483 τράπεζος;
2444 410 2618 466 Τίνων
2649 411 2706 465 δὲ
2747 409 2918 485 θύρας
2956 413 3055 468 οὐκ
3092 412 3159 468 ἂν
3208 412 3514 485 διώχλησας
3568 414 3701 468 ἱκε-

410 516 467 559 nt
490 504 542 560 in
567 505 707 576 regis
723 506 952 576 gratiam
977 506 1201 571 redires,
1219 513 1278 558 ut
1292 504 1549 559 honorem
1566 502 1848 572 pristinum
1864 502 1993 556 redi-

2104 502 2313 568 τεύων,
2358 502 2751 576 ἀπορούμενος,
2793 506 3013 571 στένων,
3048 505 3280 561 ἀϐίωτον
3310 507 3550 578 νομίζων
3593 504 3700 560 τὸν

411 597 621 654 meres?
639 596 877 664 Quorum
897 606 1075 653 autem
1095 598 1236 652 fores
1263 593 1509 664 supplex,
1525 593 1800 659 haesitans,
1821 593 1993 649 dolent

2105 597 2239 669 βίον,
2272 600 2339 670 τῇ
2366 597 2519 669 τήξει
2547 599 2643 654 καὶ⁴
2688 600 2867 670 σχέσει
2906 582 3001 655 τού
3048 600 3344 672 προσώπου
3379 601 3481 672 τῆς
3512 601 3576 654 ὲν
3607 600 3703 670 τῷ

413 689 812 760 frequentares?
833 688 1005 744 Vitam
1027 686 1269 760 profecto
1307 687 1474 757 ipsam
1499 684 1595 740 tibi
1621 685 1868 740 acerbam
1901 686 1993 740 du-

2102 690 2255 761 βάθει
2282 690 2461 763 λύπης
2487 691 2586 764 τὴν
2619 692 2812 764 ὀδύνην
2843 693 3152 764 ἐμφαίνων·
3199 694 3380 749 πάντα
3406 692 3578 757 λίθον,
3624 696 3700 746 τὺ

413 797 587 847 ceres,
608 783 879 853 squalore,
899 784 1134 847 etluctu,
1157 790 1213 836 et
1227 780 1402 834 vultus
1422 777 1745 834 demissione
1761 776 1993 831 dolorem

2102 783 2195 838 τοῦ
2222 783 2413 853 λόγου,
2456 784 2656 847 κινῶν,
2708 787 2904 859 μέχρις
2939 781 3001 841 οὗ
3037 784 3221 857 σαυτῷ
3263 786 3363 858 τὴν
3392 783 3695 857 συμφορὰν

412 877 578 931 animi
602 891 711 946 prae
731 885 784 932 te
811 877 981 932 ferres
1005 893 1020 928 :
1047 889 1262 929 omnem
1296 873 1552 944 denique,
1586 880 1645 926 ut
1672 871 1844 936 aiunt,
1875 886 1987 924 mo-

2102 875 2529 947 ὲπηνώρθωσαςς
2575 877 2635 931 Ὀ
2659 874 2714 931 δὲ
2746 880 2845 949 τῆς
2877 878 3015 950 πρὸς
3045 877 3178 932 Θεὸν
3209 875 3539 940 οίκειώσεως
3566 894 3693 947 χω-

412 982 570 1024 veres
619 967 871 1040 lapidem,
924 977 983 1021 ut
1020 969 1088 1021 ab
1119 981 1181 1021 ea
1242 974 1294 1021 te
1348 963 1658 1019 calamitate
1711 961 1990 1017 liberares.

2102 966 2327 1040 ρισθεὶς,
2384 968 2480 1022 καὶ
2520 969 2622 1038 τῆς
2668 970 2837 1034 ὅντως
2860 970 3070 1042 ὑψηλῆς
3107 970 3271 1041 τιμῆς
3308 957 3595 1033 ἐκπεσὼν,
3627 969 3692 1022 τί

410 1058 564 1115 Νιιιιο
602 1068 782 1113 autem
822 1058 916 1129 qui
958 1057 1237 1127 sejunctus
1281 1063 1364 1111 est
1401 1056 1470 1110 ab
1500 1054 1739 1109 amicitia
1786 1052 1903 1119 Dei,
1935 1062 1989 1110 el

2102 1059 2238 1131 μέγα
2267 1060 2362 1115 καὶ
2395 1058 2671 1129 ἀξιόλογον
2701 1064 2932 1136 ποιήσας
2956 1064 3137 1135 ψυχῆς
3162 1064 3558 1136 κεκακωμένης
3587 1066 3689 1125 ιν-

410 1164 538 1208 vere
593 1150 876 1207 sublimem
934 1149 1081 1204 illam
1147 1149 1466 1219 dignitatem
1533 1145 1759 1212 amisit,
1828 1159 1992 1215 quem

2102 1148 2333 1219 δείξηται
2371 1150 2763 1223 ταπεινότητα;
2805 1153 2915 1206 Οὑκ
2966 1153 3113 1208 ἔστιν
3158 1153 3452 1208 ἀκόλουθον
3498 1158 3693 1210 νοσεῖν

409 1242 647 1301 laborem
722 1242 1009 1312 impendit,
1058 1240 1202 1313 quod
1263 1239 1498 1296 studium
1562 1239 1804 1302 adhibet,
1862 1237 1990 1308 quid

2102 1239 2320 1309 λέγοντα
2356 1240 2456 1312 τὴν
2486 1240 2654 1313 αὐτὴν
2690 1240 2835 1311 ζωὴν
2886 1242 3126 1314 μετιέναι
3164 1246 3276 1306 τοῖς
3317 1244 3684 1313 ὑγιαίνουσιν.

409 1333 668 1389 eximium
702 1334 861 1405 gerit,
909 1348 1016 1402 quo
1057 1332 1351 1387 demissum
1415 1342 1579 1401 atque
1618 1329 1900 1396 humilem,
1936 1340 1992 1383 et

2102 1329 2262 1403 Ἄλλη
2291 1330 2403 1403 γὰρ
2431 1330 2608 1385 δίαιτα
2636 1330 2732 1384 τοῦ
2775 1330 3079 1403 ἀρρώστου,
3105 1330 3200 1384 καὶ
3226 1331 3413 1402 ἕτερος
3439 1329 3554 1401 βίος
3582 1331 3689 1385 τοῦ

412 1426 668 1483 aﬂlictum
711 1427 949 1482 animum
995 1427 1245 1482 ostendat
1274 1426 1471 1482 suum?
1497 1423 1610 1479 Non
1636 1432 1719 1478 est
1756 1437 1989 1478 consen-

2102 1422 2448 1493 ὑγιαίνοντος.

413 1527 653 1582 laneum,
700 1527 759 1572 ut
809 1518 899 1588 qui
951 1532 1012 1573 se
1058 1526 1323 1589 aegrotare
1369 1515 1680 1580 conﬁtetur,
1746 1513 1936 1569 eadem
1995 1512 2170 1571 victus
2206 1515 2416 1571 ratione
2465 1521 2669 1581 utatur,
2724 1527 2830 1583 qua
2870 1520 3096 1568 utuntur
3139 1512 3238 1577 illi,
3289 1514 3379 1584 qui
3416 1526 3683 1587 prospera

412 1621 541 1666 sunt
568 1611 893 1667 valetudine.
927 1610 1083 1665 Alius
1100 1610 1243 1665 enim
1274 1609 1611 1679 aegrotantis,
1638 1608 1777 1663 alius
1805 1605 2033 1660 valentis
2055 1616 2139 1660 est
2169 1604 2382 1659 vivendi
2412 1604 2624 1665 modus.

481 1701 671 1757 Nonne
703 1703 853 1759 vides
902 1711 1104 1772 quanta
1134 1703 1205 1757 sit
1235 1704 1378 1757 inter
1408 1710 1755 1771 mgrotantem
1812 1700 1992 1754 valen-
2023 1706 2067 1760 Β

409 1802 627 1865 temque
664 1793 966 1849 dill'erentia
1017 1809 1179 1850 sensu
1226 1793 1517 1864 percepta?
1550 1792 1644 1848 llle
1686 1808 1782 1864 pro
1848 1793 1992 1847 arbi-

409 1894 555 1940 tratu
606 1899 704 1941 suo
763 1887 932 1955 vivit,
973 1900 1297 1958 quocunque
1348 1872 1469 1939 vult
1519 1885 1899 1956 proﬁciscitur,
1938 1893 1993 1940 et

409 1979 557 2033 omni
589 1976 765 2034 oﬁlcio
811 1959 870 2035 et
908 1994 1132 2035 munere
1179 1979 1347 2034 libere
1387 1978 1658 2049 fungitur:
1687 1978 1773 2033 hic
1810 1986 1991 2033 autem

410 2062 465 2118 in
500 2074 730 2136 angusto
760 2065 910 2136 jacet
955 2067 1225 2135 cubiculo,
1267 2066 1453 2135 procul
1492 2068 1562 2122 ab
1588 2068 1828 2121 omnium
1859 2081 1993 2121 con-

408 2157 697 2212 suetudine
765 2157 1123 2228 omnibusque
1172 2158 1402 2227 negotiis
1445 2166 1707 2213 remotus.
1742 2157 2013 2228 Agricul-‘

410 2258 586 2305 turam
621 2247 848 2314 omittit,
887 2250 1013 2305 licet
1058 2248 1202 2304 illius
1251 2257 1410 2304 antea
1463 2257 1611 2304 esset
1657 2247 1995 2304 studiosissi-

408 2355 549 2397 mus.
583 2339 935 2397 Cumulandae
974 2343 1217 2412 pecuniae
1262 2357 1475 2419 curam
1502 2341 1712 2412 altjicil,
1748 2340 1994 2411 quamvis

410 2430 477 2486 ad
507 2445 622 2486 rem
659 2432 735 2487 uti
782 2441 1056 2487 mercator
1089 2432 1199 2501 jam
1246 2440 1394 2488 esset
1423 2433 1699 2487 attentior.
1727 2431 1828 2500 Qui
1872 2447 1997 2487 con-

405 2522 568 2580 viviis
612 2522 741 2579 olim
792 2523 1092 2593 magniﬁcis
1141 2533 1195 2581 et
1232 2523 1548 2596 sybariticis
1598 2523 1991 2589 delectabatur,

409 2627 547 2684 aqua
596 2628 739 2670 nunc
779 2623 836 2670 et
880 2615 1035 2686 panis
1078 2614 1309 2670 lrustulo
1355 2615 1614 2682 vescitur,
1660 2630 1765 2670 non
1808 2616 1994 2671 liberis

412 2705 740 2773 oblectatur,
781 2722 884 2762 non
919 2706 1105 2761 uxoris
1134 2707 1307 2762 utitur
1334 2708 1761 2775 consuetudine;
1794 2709 1870 2764 illi
1905 2710 1994 2765 die

410 2809 681 2870 noctuque
726 2814 813 2854 res
861 2807 943 2854 est
977 2813 1101 2854 cum
1150 2799 1395 2865 medicis,
1432 2814 1568 2869 quos
1618 2801 1827 2870 magnis
1857 2817 1995 2870 pra:-

412 2891 536 2961 miis
590 2894 840 2955 accersit,
894 2900 952 2945 ut
999 2904 1185 2944 eorum
1226 2905 1392 2960 opera
1446 2891 1807 2947 convalescat.
1844 2891 1990 2960 llaec,

410 2978 502 3051 qui
548 2980 792 3050 corporis
844 2980 1032 3035 morbo
1072 2979 1301 3035 laborat.
1359 2978 1439 3035 'l‘u
1502 2997 1630 3037 vero
1674 2982 1828 3053 cujus
1881 2983 1993 3037 ani-

2172 1700 2333 1771 οορᾷς
2361 1699 2464 1769 ὅση
2504 1698 2654 1753 ἐστὶν
2685 1698 2719 1770 ἡ
2751 1697 2846 1752 τοῦ
2887 1697 3220 1767 ὑγιαίνοντος
3250 1698 3540 1771 μεταθολὴν
3574 1700 3685 1768 τῆς

2089 1789 2185 1845 τοῦ
2209 1789 2562 1854 ἀσθενοῦντος
2591 1789 2915 1862 μεταϐολῆς,
2935 1790 3037 1861 τῆς
3065 1791 3206 1846 κατά
3229 1792 3328 1863 τὴν
3355 1792 3468 1858 ἕξιν
3491 1792 3684 1845 ιιὲσθό⁸

2096 1901 2287 1956 μενος;
2322 1884 2410 1936 Ἐν
2431 1884 2687 1956 δωματίῳ
2715 1882 2896 1955 μικρῷ
2938 1884 3279 1946 κατάκειται,
3318 1884 3501 1955 πάσης
3544 1899 3681 1936 συν-

2092 1975 2254 2045 ήθους
2298 1974 2661 2045 ἀναχωρήσας
2691 1972 3004 2043 φροντίδοςο
3047 1972 3238 2044 ἀμελεῖ
3266 1971 3541 2044 γεωργίας
3583 1972 3684 2026 καὶ

2095 2067 2301 2139 σφόδρα
2336 2065 2641 2138 γεωργικὸς
2680 2065 2942 2135 ὑπάρχων
2963 2081 2977 2098 -
3020 2066 3213 2135 ἀφίησι
3250 2064 3481 2121 πλούτου
3516 2063 3683 2136 μέρι-

2097 2176 2256 2232 μναν,
2288 2160 2318 2213 ό
2360 2158 2741 2231 χρηματιστὴς
2789 2157 2885 2211 καὶ
2934 2157 3289 2229 φιλέμπορος.
3331 2157 3525 2212 ’Υδατι
3578 2155 3682 2210 καὶ

2092 2250 2270 2323 ψωμῷ
2305 2251 2685 2324 διατρέφεται,
2716 2254 2766 2306 εί
2796 2252 2892 2306 καὶ
2928 2251 3196 2322 πρότερον
3233 2250 3444 2322 τρυφῆς
3470 2248 3685 2319 γέμου-

2096 2360 2195 2400 σαν
2227 2344 2325 2399 καὶ
2351 2343 2714 2415 Συϐαριτικὴν
2761 2341 3086 2414 παρετίθετο
3133 2340 3445 2410 τράπεζαν·
3482 2338 3681 2393 παισὶν

2093 2436 2195 2490 οὑκ
2236 2435 2658 2508 ὲπευφραίνεται
2689 2434 2759 2487 τὰ
2796 2434 3000 2506 συνήθη
3020 2475 3036 2497 ,
3077 2434 3326 2505 γαμετῆς
3359 2431 3677 2503 χωρισθείς*

2094 2528 2206 2590 τοῖς
2253 2528 2453 2598 ίατροῖς
2491 2524 2737 2579 σύνεστιν
2775 2523 2993 2595 νύκτωρ
3037 2540 3098 2576 τε
3148 2525 3244 2577 καὶ
3280 2521 3397 2593 μεθ’
3438 2521 3677 2592 ἡμέραν,

2094 2619 2192 2673 καὶ
2226 2619 2441 2682 πολλοῖς
2476 2616 2686 2688 μισθοῖς
2722 2616 2864 2689 πρὸς
2904 2615 3187 2685 ἀγαπητὸν
3213 2614 3406 2682 κέρδος
3454 2613 3682 2667 σπεύδει

2094 2712 2194 2784 τὴν
2230 2711 2437 2779 ὑγείαν.
2474 2707 2662 2764 Ταῦτα
2690 2710 2721 2763 ό
2758 2707 2853 2762 τοῦ
2888 2707 3138 2778 σώματος
3185 2706 3486 2777 ἄρρωστος.
3530 2704 3588 2758 Ὀ
3614 2705 3681 2758 δὲ

2092 2802 2194 2875 τὴν
2216 2800 2393 2872 ψυχὴν
2432 2799 2618 2863 κακῶς
2649 2798 2993 2869 διακείμενος
3030 2796 3127 2850 τὸν
3178 2794 3468 2875 ἀσώματον
3514 2811 3678 2867 περι-

2094 2897 2381 2966 νοστήσας,
2418 2892 2496 2964 τῷ
2527 2891 2697 2965 ἰατρῷ
2735 2892 2831 2946 καὶ
2860 2889 3244 2962 προσποιητῶς
3274 2886 3551 2959 ὁμολογῶν
3581 2889 3682 2941 καὶ

2095 2984 2309 3048 δεικνὺς
2339 2982 2437 3055 τὴν
2468 2982 2786 3048 ἀσθένειαν,
2822 2980 3256 3051 καταλιμπάνεις
3285 2977 3545 3049 νέμεσθαι
3577 2979 3683 3033 καὶ

410 3086 534 3125 ιιιιιε
559 3087 701 3143 ξιξεοιι
722 3082 824 3137 est,
861 3088 958 3128 cur
983 3088 1088 3127 non
1125 3074 1192 3127 ad
1229 3073 1495 3128 medicum
1531 3075 1835 3130 animorum
1868 3091 1991 3146 pro.

2102 3074 2440 3148 σφακελίζειν
2460 3075 2521 3129 τὸ
2546 3074 2717 3138 πάθος
2736 3113 2753 3139 ,
2786 3075 2874 3128 ῐνα
2913 3073 3049 3145 πρὸς
3077 3072 3169 3125 τὸν
3208 3070 3327 3125 ὅλον
3367 3069 3529 3138 ὄγκον
3556 3069 3681 3123 δια-

410 3162 605 3233 peras?
653 3179 749 3219 cur
799 3179 904 3219 non
970 3165 1019 3220 ei
1067 3164 1380 3221 conﬁtendo
1438 3166 1709 3221 morbum‘
1751 3166 1991 3222 ostendis

412 3253 607 3311 tuum?
635 3252 772 3322 Quid
798 3255 1033 3325 pateris,
1070 3265 1129 3311 ut
1173 3257 1515 3328 depascatur,
1558 3266 1615 3310 nt
1660 3268 1899 3327 superet,
1936 3265 1994 3311 ut

412 3344 819 3402 inﬂammetur?
861 3346 1100 3403 Tandem
1140 3347 1429 3418 aliquando
1489 3349 1766 3419 resipisce,
1810 3364 1873 3404 ac
1912 3359 1993 3406 le-

412 3435 588 3507 lvpsum
635 3452 834 3504 nosce;
866 3435 1034 3493 Deum
1084 3436 1370 3505 oﬁ‘endisti,
1405 3450 1804 3511 procreatorem
1844 3452 1992 3496 tuum

418 3528 668 3593 irritasli,
700 3544 844 3596 eum,
872 3529 963 3599 qui
990 3538 1046 3584 et
1077 3531 1362 3601 pra-sentis
1388 3533 1512 3586 vita:
1536 3541 1852 3601 potestatem
1891 3533 1992 3587 ba-

415 3619 534 3683 bet,
565 3628 618 3673 et
650 3618 843 3674 futura:
895 3618 1157 3675 Dominus
1192 3634 1256 3675 ac
1296 3619 1463 3690 judex
1508 3631 1611 3680 est.
1648 3622 1864 3677 Deliciis
1910 3623 1995 3677 in-

364 3762 381 3777 ,
411 3711 638 3783 dulgens
675 3711 728 3765 in
772 3712 1016 3765 morbum
1060 3712 1313 3783 delapsus
1340 3714 1443 3769 es?
1470 3728 1594 3769 eum
1631 3715 1809 3770 inedia
1835 3727 1889 3771 et
1910 3716 1994 3787 je-

406 3809 579 3880 juniis
614 3823 767 3863 cura.
797 3810 1022 3866 Animus
1050 3808 1262 3866 laborat
1288 3811 1680 3869 incontinentia
1700 3814 1724 3868 ?
1744 3815 1997 3870 adhibea-

408 3914 504 3958 tur
534 3903 908 3971 temperantia:
927 3906 1403 3962 medicamentum.
1431 3905 1710 3975 Multiplici
1737 3923 1801 3961 ac
1830 3908 1994 3962 nimia

412 3991 655 4061 pecuniae
685 3993 978 4062 cupiditate
1002 3995 1058 4050 in
1087 3995 1278 4052 febrim
1309 3996 1474 4051 animi
1506 3996 1775 4052 incidisti?
1796 3998 1994 4051 libera-

415 4082 565 4140 litate
603 4096 658 4142 et
698 4085 1041 4157 eleemosyna
1082 4087 1401 4157 depellatur.
1452 4088 1577 4143 Haec
1623 4089 1766 4142 enim
1811 4097 1895 4142 est
1926 4089 1998 4142 ni-

414 4174 581 4229 mium
620 4176 847 4246 expleta:
882 4177 1078 4233 mentis
1117 4180 1348 4234 curatio.
1375 4178 1539 4234 Laesit
1570 4192 1620 4233 te
1652 4195 1834 4233 rerum
1864 4181 1997 4235 alie-

2094 3169 2261 3242 χεθῇ;
2311 3167 2471 3222 Ἀλλὰ
2513 3167 2863 3239 σωφρόνησον
2884 3205 2900 3230 ,
2927 3164 3098 3234 γνῶθι
3133 3163 3348 3217 σαυτόν.
3375 3161 3506 3216 Θεὸν
3551 3160 3677 3216 ne.

2096 3279 2298 3335 πησαςο
2323 3263 2414 3316 τὸν
2444 3260 2775 3333 δημιουργόν
2798 3277 2890 3313 σου
2923 3256 3300 3329 παρώργισας,
3334 3256 3423 3309 τὸν
3445 3254 3542 3308 καὶ
3572 3253 3681 3323 τῆς

2094 3356 2376 3429 παρούσης
2397 3354 2542 3425 ζωῆς
2572 3354 2669 3425 τὴν
2699 3352 2946 3418 ἐξουσίαν
2969 3351 3178 3421 ἔχοντα,
3211 3347 3305 3401 καὶ
3322 3346 3421 3416 τῆς
3453 3343 3683 3415 μελλού-

2097 3466 2198 3521 σης
2252 3448 2440 3522 κύριον
2492 3447 2587 3501 καὶ
2635 3447 2848 3518 κριτήν.
2914 3443 3048 3497 Ἀπὸ
3094 3441 3305 3514 τρυφῆς
3355 3435 3678 3506 ἐκακώθηςς

2094 3539 2319 3611 νηστεία
2350 3538 2687 3610 θεράπευσον
2732 3537 2832 3606 τὴν
2878 3534 3192 3589 ἀπόλαυσιν.
3248 3530 3535 3586 ’Δκολασία
3577 3531 3681 3600 τὴν

2094 3628 2271 3701 ψυχὴν
2296 3628 2568 3698 ἐΰλαψεν;
2606 3626 2927 3699 σωφροσύνη
2963 3624 3203 3695 γενέσθω
3231 3623 3328 3694 τῆς
3366 3620 3682 3694 ἀρρωστίας

2097 3722 2408 3793 φάρμακον.
2433 3718 2721 3785 Πλεονεξία
2758 3717 3021 3782 πολύυλος
3051 3717 3144 3770 τὸν
3170 3714 3360 3785 νοητὸν
3382 3711 3685 3784 εἰργάσατο

2096 3812 2361 3885 πυρετόν;
2390 3811 2724 3883 ἐλεημοσύνη
2750 3809 3041 3866 κενωσάτω
3067 3807 3165 3878 τὴν
3198 3805 3535 3876 πλησμονήν.
3564 3804 3678 3855 Κα-

2098 3902 2320 3975 θάρσιον
2353 3902 2462 3976 γὰρ
2491 3903 2600 3957 τῶν
2639 3900 3087 3973 πεπληρωμένων
3131 3897 3434 3969 μετάδοσις.
3474 3892 3680 3946 Ἐϐλα-

2096 3998 2197 4069 ψεν
2228 3999 2374 4070 ἡμᾶς
2411 3995 2635 4068 ἁρπαγὴ
2668 3996 2776 4049 τῶν
2811 3991 3133 4063 ἀλλοτρίων;
3173 3985 3511 4041 ὲπανελθέτω
3540 3984 3680 4054 1:92.;

2097 4088 2190 4149 τὸν
2218 4088 2346 4143 ῐδιον
2383 4087 2652 4158 δεσπότην
2689 4086 2751 4139 τὸ
2780 4086 3070 4156 ἅρπαγμα.
3102 4077 3311 4143 Ψεῦδος
3341 4078 3487 4150 ἡμᾶς
3511 4078 3681 4145 ἐγγὺς

2097 4180 2197 4251 τῆς
2247 4179 2524 4244 ἀπωλείας
2573 4180 2781 4249 ἤγαγεν
2827 4174 3135 4246 (Ἀπολεῖς
3166 4171 3307 4243 γὰρ,
3342 4170 3495 4241 φησι,
3525 4168 3681 4224 πᾶν-

2098 4289 2206 4337 τας
2235 4270 2377 4336 τοὺς
2410 4269 2754 4335 λαλοῦντας
2789 4267 2857 4321 τὸ
2900 4264 3127 4335 ψεῦδος
3148 4264 3201 4334 );
3252 4260 3479 4332 ἀλήθεια
3516 4259 3682 4329 μελε-

2098 4362 2325 4435 τηθείσα
2359 4361 2613 4434 στησάτω
2647 4361 2739 4415 τὸν
2785 4358 3051 4412 κίνδυνον.
3086 4357 3287 4427 Ὅρκος
3341 4350 3682 4424 παραδαθεὶς

415 4451 483 4505 ad
510 4453 781 4509 interitum
802 4453 1021 4525 (Perdes
1046 4454 1212 4519 enim,
1238 4453 1430 4523 inquit,
1455 4471 1631 4509 autne:
1649 4457 1742 4524 qui
1763 4455 1988 4526 loquun-

2102 4454 2222 4525 ἄγει
2255 4456 2551 4526 πετόμενον
2585 4454 2649 4509 τὸ
2684 4452 2920 4524 διαέριον
2958 4451 3052 4505 τοῦ
3099 4447 3368 4520 Ζαχαρίου
3414 4445 3681 4517 δρέπανον

412 4560 503 4603 zu:-
544 4548 962 4619 mendacium");
992 4546 1237 4602 veritatis
1283 4547 1463 4602 studio
1496 4548 1793 4617 periculum
1833 4550 1993 4603 evite-

2102 4547 2197 4619 τὴν
2238 4546 2409 4619 τομὴν
2450 4545 2742 4613 ἀπειλοῦν;
2789 4541 3139 4615 ἐνδυσώμεθα
3182 4543 3362 4595 πᾶσαν
3399 4538 3499 4609 τὴν
3548 4554 3682 4591 πανο

382 4638 529 4693 ἰιιι.
570 4636 934 4707 Jurisjurandi
985 4637 1207 4692 violatio
1253 4636 1538 4692 sublimem
1574 4634 1853 4692 Zachariae
1901 4637 1993 4692 ﬁlii

2102 4638 2291 4693 οπλίαν
2313 4640 2413 4710 τῆς
2441 4638 2850 4710 μετανοίας,ἴνα
2870 4635 2969 4707 τὴν
3000 4634 3184 4705 ἀκμὴν
3209 4627 3684 4702 ἁποκρουσώμεθα

416 4728 652 4784 securim
710 4728 927 4783 sustulit
970 4743 1067 4799 per
1120 4742 1249 4782 aera
1306 4726 1624 4781 volitantem
1676 4742 1740 4781 ac
1779 4728 1982 4781 caedem

2102 4730 2195 4785 τοῦ
2227 4730 2518 4802 δρεπάνου.
2551 4732 2860 4803 Δίρετικοῖς
2885 4729 3153 4800 δόγμασιν
3180 4723 3392 4788 ἀσεϐῶς
3419 4739 3505 4784 τις
3538 4720 3682 4774 ἐδού-

424 4819 853 4874 minitanlem'?
888 4821 1184 4875 induantur
1213 4819 1394 4875 omnia
1432 4832 1582 4872 arma
1630 4817 1990 4887 paenitentiae,

2102 4822 2317 4889 λευσεν;
2355 4823 2523 4896 ὀρθῆς
2563 4823 2723 4895 δόξης
2764 4824 3080 4895 φρονήματι
3125 4819 3225 4891 τὴν
3267 4815 3684 4887 δεισιδαιμονίαν

420 4922 479 4967 ιιι
506 4914 712 4969 securis
747 4914 914 4978 acies,
940 4922 994 4966 et
1024 4912 1165 4968 ictus
1207 4909 1573 4982 propulsetur.
1609 4908 1794 4977 lmpiis
1830 4909 1993 4963 haere-

2102 4913 2510 4981 φυγαδευσάτω.
2558 4912 2730 4966 Τοῦτο
2776 4912 2885 4982 γάρ
2930 4911 3078 4963 ἐστιν
3122 4908 3157 4979 ἡ
3205 4904 3465 4977 μετάνοια
3489 4918 3503 4932 ’
3535 4900 3684 4962 λύσις

423 5002 650 5059 ticorum
680 5003 1030 5074 Opinioniltus
1055 5001 1251 5070 aliquis
1286 4999 1522 5055 infectus
1554 4997 1679 5052 est?
1715 4998 1878 5053 rectis
1905 4997 1993 5051 Ec-

2102 5003 2192 5056 καὶ
2231 5004 2539 5077 ἀφανισμδς
2565 5004 2677 5058 τῶν
2720 5002 2913 5075 πρώην
2946 5002 2979 5072 ἢ
3028 4998 3172 5054 κατὰ
3213 4995 3410 5069 πρᾶξιν
3445 4994 3667 5064 ὲνεργου

423 5093 601 5148 clesia:
639 5094 872 5148 decretis
916 5094 1153 5163 seipsum
1197 5088 1400 5159 expiet,
1445 5087 1993 5157 superstitionemqne

2102 5089 2306 5159 μένων,
2343 5092 2377 5163 ἢ
2408 5094 2550 5148 κατὰ
2578 5092 2823 5148 διάθεσιν
2856 5088 3190 5161 νοουμένων.

423 5189 674 5255 deponat.
699 5187 836 5254 Quid
878 5187 1023 5242 enim
1061 5185 1206 5241 aliud
1254 5192 1336 5240 est
1378 5182 1720 5253 paenitentia,
1750 5181 1849 5236 nisi
1908 5181 2194 5241 dissolutio
2244 5196 2299 5242 ct
2350 5190 2562 5243 eversio
2592 5186 3017 5258 praeteritorum,
3068 5196 3190 5253 qua:
3244 5192 3325 5233 vet
3355 5191 3436 5243 re,
3468 5187 3558 5232 vet
3598 5189 3686 5229 co-

422 5277 678 5348 gitatione
703 5288 828 5332 sunt
849 5277 1123 5334 admissa?
3540 5294 3543 5295 '

493 5370 593 5437 Qui
635 5384 763 5426 vero
798 5372 1011 5442 cognita
1059 5372 1390 5441 poenitentiae
1431 5369 1662 5423 utilitate
1712 5368 1891 5422 adhuc
1942 5367 1993 5422 in

2189 5373 2246 5428 '0
2265 5372 2323 5427 δὲ
2355 5371 2638 5443 γνωρίζων
2662 5369 2723 5423 τὸ
2749 5369 2849 5439 τῆς
2877 5363 3161 5438 μετανοίας
3188 5362 3489 5432 ὠφέλιμον,
3523 5355 3611 5409 ἀεὶ
3639 5352 3689 5404 δξ

422 5462 747 5533 ﬂagitiorum
786 5472 840 5518 et
878 5462 1165 5533 impietatis
1190 5478 1348 5518 emno
1371 5463 1663 5526 volutatur,
1698 5460 1889 5515 similis
1911 5469 1993 5515 est

2109 5462 2237 5532 περὶ
2266 5461 2359 5515 τὸν
2386 5459 2644 5532 βόρϐορον
2683 5460 2783 5530 τῆς
2822 5456 3053 5528 ἀνομίας
3101 5445 3687 5540 στρεφέμεδῗοςνβοωῗ

424 5556 500 5613 illi
530 5569 711 5623 servo,
733 5556 823 5626 qui
854 5555 1130 5610 dominum
1175 5555 1277 5610 sibi
1322 5555 1524 5609 iratum
1553 5554 1750 5621 sciens,
1786 5554 1838 5608 in
1869 5552 1993 5625 ejus

2106 5550 2362 5623 τυγχάνει
2420 5549 2816 5622 παραπλήσιος,
2871 5544 3193 5619 γνωρίζοντι
3231 5539 3331 5612 τὴν
3386 5537 3559 5610 ὀργὴν
3602 5537 3689 5587 του

417 4282 608 4323 narum
655 4268 930 4339 direptio?
984 4285 1104 4340 qua:
1134 4280 1287 4341 rapta
1334 4282 1483 4340 sunt,
1523 4273 1590 4328 ad
1623 4275 1869 4343 proprios
1895 4275 1995 4327 do-

424 4361 601 4414 minos
655 4371 1018 4416 revertantur.
1080 4360 1416 4417 Mendacium
1474 4373 1525 4418 te
1567 4364 1813 4432 proxime
1840 4363 1995 4421 duxit
2027 4404 2071 4461 ο

496 5730 678 5786 τ-ΡέδΙ.
712 5748 761 5795 ν,
792 5734 842 5786 7.
932 5737 952 5764 '
977 5733 1105 5791 an.
1136 5747 1216 5800 ιιι,
1248 5733 1282 5788 9
1312 5746 1435 5802 sqq.
