3820 6302
104 357 200 415 569

1019 353 1309 413 IIOMILIA
1346 351 1489 411 ΧΠ.
1521 350 1592 411 IN
1624 342 2027 415 PRINCIPIUM
2063 359 2529 459 ιιείεῐῐΗἯΟΒιΠΜ.ι

3254 328 3376 415 διο

102 479 387 545 δεσπότου,
422 482 481 536 ὲν
527 481 687 553 ὕψεσι
710 482 771 536 δὲ
804 479 972 537 αὐτοῦ
1004 480 1069 536 τὸ
1100 480 1271 536 κακὸν
1317 476 1689 553 ἐργαζομένῳ,

1797 490 2095 553 conspectu
2120 483 2381 540 scelerate
2402 497 2461 540 se
2492 480 2655 553 gerit,
2685 487 3072 551 peccatumque
3100 477 3358 548 duplicat.

107 575 191 626 ut
214 574 315 644 τὴν
341 575 621 647 ἁμαρτίαν
656 571 1128 643 τριπλασιάζοντι.
1160 570 1496 642 Εύαίσθητος
1525 568 1682 638 γενοῦ⁹

106 666 232 733 πρὸς
263 666 367 737 τήν
411 667 780 740 περιέχουσαν
825 683 885 721 σε
933 665 1111 720 νόσον.
1161 662 1457 737 Σύγτριψον
1490 661 1684 716 σαυτὸν

104 759 215 811 ὅσον
239 757 469 813 δύνασαι
488 776 502 789 ·
537 759 776 830 ζήτησον
815 758 912 812 καὶ
952 755 1197 825 ἀδελφῶν
1228 753 1517 826 ὁμοψύχων
1554 754 1683 809 πέν-

105 846 187 909 θος
213 846 447 918 βρηθοῦν
483 865 566 901 σοι
598 848 738 920 πρὸς
765 846 864 918 τὴν
898 846 1240 918 ἐλευθερίαν·
1271 844 1443 910 δεῖξόν
1477 862 1569 916 μοι
1602 862 1684 898 πι-

106 939 221 1009 ιῴν
256 956 353 992 σου
395 940 493 995 καὶ
520 940 744 1009 δαψιλὲς
785 939 847 992 τὸ
888 938 1144 1009 δάκρυον,
1176 938 1263 991 ἴνα
1313 937 1451 1009 μίξω
1492 936 1586 989 καὶ
1623 936 1686 989 τὸ

106 1030 257 1099 ἐμόν·
295 1029 432 1083 λάὁε
462 1032 560 1085 καὶ
590 1032 683 1085 τὸν
721 1032 872 1104 ἱερέα
905 1032 1165 1084 κοινωνὸν
1196 1030 1296 1099 τῆς
1329 1028 1578 1098 θλίψεως,
1609 1027 1685 1093 ὡς

108 1124 325 1196 πατέρα.
369 1125 470 1189 Τίς
503 1126 615 1198 γὰρ
661 1124 834 1189 οὕτως
867 1124 1058 1196 Πατὴρ
1099 1122 1467 1194 ψευδώνυμος,
1510 1121 1544 1193 ἢ
1585 1122 1685 1193 τὴν

105 1216 269 1287 ψυχὴν
294 1216 685 1289 ἀδαμάντινος,
712 1217 789 1282 ὡς
820 1215 896 1290 μὴ
919 1214 1306 1289 συνοδύρεσθαι
1333 1216 1446 1279 τοῖς
1474 1213 1686 1278 τέκνοις

105 1308 493 1378 λυπουμένοις,
530 1308 563 1380 ἢ
612 1307 775 1363 πάλιν
824 1306 1313 1381 συνευφραίνεσθαι
1360 1306 1683 1379 χαίρουσιν;

115 1398 306 1470 Ἰερεὺς
352 1398 475 1452 υἱοῦ
522 1397 619 1453 τοῦ
666 1398 809 1453 κατά
857 1398 1153 1470 θρησκείαν
1212 1397 1385 1461 οὕτως
1433 1395 1685 1468 ὀδύρεται

105 1489 397 1561 ἁμαρτίαν,
427 1489 506 1553 ὡς
545 1489 741 1543 Ἰακὼϐ
771 1489 865 1543 τοῦ
905 1490 1104 1561 Ἰωσὴφ
1132 1488 1225 1544 τὸν
1254 1489 1573 1561 ᾑμαγμένον
1605 1505 1688 1559 χι-

105 1578 272 1632 τῶνα·
299 1580 381 1644 ὡς
416 1580 586 1633 Δαϐὶδ
615 1579 710 1633 τοῦ
755 1577 1109 1650 Ἀϐεσσαλὼμ
1137 1579 1225 1633 τὸν
1267 1580 1485 1652 ὄλεθρον
1506 1619 1523 1645 ,
1550 1578 1626 1642 ὡς
1658 1579 1686 1631 ὀ

115 1668 232 1741 Ἐλὴ
259 1671 354 1724 τὸν
418 1672 575 1741 Ὀφνὶ
607 1671 703 1726 καὶ
740 1671 926 1735 Φινεὲς
956 1672 1223 1735 πεσόντας
1256 1654 1481 1740 ὲπιτῆς
1507 1687 1684 1741 παρα-ι

105 1762 320 1827 τάξεως,
347 1762 427 1827 ῶς
464 1764 710 1833 Μωῦσῆς
738 1763 831 1818 τὸν
860 1762 985 1816 λαὸν
1011 1762 1103 1817 τὸν
1143 1763 1301 1817 ἄθεον
1333 1761 1683 1834 μοσχοποιίαν

106 1825 599 1927 καινοτομήσαντα.
624 1825 740 1927 Πρὸ
760 1855 867 1909 τῶν
900 1854 1225 1927 σωματικῶν
1249 1825 1521 1927 πατέρων,
1550 1854 1682 1924 θάῤ-
1712 1825 1756 1880 Β

107 1949 262 2017 dum
311 1946 396 2017 τῷ
441 1945 588 2000 κατά
635 1945 769 2001 Θεόν
806 1963 867 1999 σε
913 1950 1268 2019 γεννήσαντι·
1321 1945 1494 2015 δεῖξον
1532 1946 1683 2019 αὐτῷ

108 2038 544 2111 ἀνερυθριάστως
583 2039 653 2092 τὰ
701 2039 1090 2110 κεκρυμμένα·
1137 2040 1425 2111 γύμνωσον
1469 2039 1539 2095 τά
1585 2040 1685 2112 τῆς

106 2128 273 2201 deﬁt;
294 2130 611 2201 ἀπόρρητα,
633 2128 709 2195 ὡς
738 2129 907 2203 ἰατρῷ
930 2130 1101 2195 πάθος
1128 2131 1386 2185 δεικνύων
1419 2131 1688 2204 κεκαλυμ-

110 2220 291 2289 μένον·
328 2220 500 2284 αὐτὸς
538 2221 934 2293 ἐπιμελήσεται
978 2223 1073 2277 καὶ
1123 2222 1224 2293 τῆς
1275 2222 1687 2295 εὐσχημοσύνης

107 2312 193 2364 καὶ
219 2311 321 2382 τῆς
354 2311 673 2385 θεραπείας·
708 2312 872 2367 πλέον
898 2314 931 2383 ἡ
960 2312 1126 2377 αἰδὼς
1150 2313 1261 2368 τῶν
1283 2314 1486 2382 γονέων
1523 2314 1689 2370 ἄπτε-

108 2417 193 2455 ut
224 2400 345 2456 τῶν
385 2402 737 2457 πεπονθότων
778 2402 981 2459 αὐτῶν.
1030 2403 1093 2457 'H
1135 2404 1245 2475 γὰρ
1286 2403 1514 2459 ἐκείνων
1561 2405 1689 2473 δόξα

108 2492 206 2546 τῶν
247 2495 676 2565 γεννησαμένων
730 2495 912 2560 ἐστὶν,
973 2497 1069 2549 καὶ
1112 2497 1147 2568 ἡ
1189 2495 1418 2567 αἰσχύνη
1466 2496 1685 2568 ὁμοίως.

114 2584 352 2657 Ἀδηλος,
384 2586 628 2656 ἀδελφοὶ,
660 2587 762 2660 τῆς
791 2588 938 2659 ζωῆς
966 2590 1001 2660 ή
1026 2587 1355 2660 προθεσμία.
1389 2588 1687 2660 Φθάσωμεν

111 2678 167 2746 τῇ
196 2677 490 2750 ἐπιμελείᾳ
530 2679 629 2751 τὴν
666 2680 862 2748 ἔξοδον.
889 2682 1120 2747 Ἄτοπον
1144 2680 1252 2753 γὰρ
1288 2683 1414 2745 τοὺς
1466 2681 1565 2753 μὲν
1588 2681 1689 2753 τῆς

114 2766 300 2835 σαρκὸς
328 2767 732 2839 λελογισμένως
763 2769 1114 2840 ποιουμένους
1136 2770 1237 2841 τὴν
1270 2769 1525 2841 πρόνοιαν
1544 2809 1560 2834 ,
1594 2786 1690 2822 κα-

111 2855 304 2929 θαίρειν
329 2860 563 2924 ἑαυτοὺς
595 2859 703 2915 τῶν
734 2860 873 2915 ύλῶν
905 2861 1010 2932 πρὸ
1040 2863 1136 2933 τῆς
1169 2861 1425 2932 ὲπιτολῆς
1469 2858 1563 2915 τοῦ
1598 2861 1686 2913 λε-

112 2952 332 3019 γομένου
375 2952 572 3014 κυνός·
601 2953 691 3007 ἴνα
735 2952 810 3025 μὴ
856 2953 1117 3008 διασαπὲν
1150 2954 1215 3007 ἐκ
1253 2952 1353 3024 τῆς
1398 2952 1537 3022 ἄγαν
1573 2951 1691 3025 θερ-

114 3042 334 3113 μότητος
364 3044 429 3097 τὸ
471 3043 660 3116 ὑγρὸν,
692 3045 969 3099 νοσοποιὸν
1001 3043 1164 3116 σῆψιν
1198 3044 1519 3116 ἐργάσηται·
1561 3044 1689 3109 τοὺς

113 3131 163 3185 δὲ
189 3136 328 3189 κατά
366 3136 616 3191 διάνοιαν
649 3136 968 3209 ἐπιμελείας
994 3120 1294 3210 χρήζοῖθτας
1327 3137 1403 3210 μὴ
1436 3136 1684 3209 προφθά-
1712 3168 1756 3228 C

113 3242 216 3279 νειν
245 3228 338 3282 τοῦ
382 3228 621 3283 θανάτου
657 3229 753 3301 τὴν
797 3228 1021 3300 ἁδηλίαν
1055 3230 1151 3284 καὶ
1190 3228 1286 3284 τοῦ
1324 3230 1683 3302 κολαστηρίου

113 3318 271 3389 πυρὸς
294 3319 398 3390 τὴν
426 3318 609 3384 ζέσιν,
643 3320 737 3376 τοῦ
772 3320 1023 3394 ἀλήκτως
1062 3320 1370 3391 φλέγοντος,
1404 3323 1499 3376 καὶ
1528 3322 1682 3395 μηδέ-

113 3422 229 3460 ποτε
248 3408 583 3480 ψυχομένου.
608 3409 720 3482 Τὴν
743 3410 993 3483 δραχμὴν
1014 3406 1161 3481 εἶχες
1177 3412 1276 3483 τὴν
1302 3411 1680 3485 εύαγγελικήν,

114 3498 201 3550 καὶ
219 3499 399 3564 καλῶς
429 3501 714 3566 ἐπλούτεις
732 3502 811 3574 τῷ
836 3503 1117 3574 χρήματι·
1146 3499 1265 3558 εἶτα
1292 3504 1381 3558 διὰ
1409 3504 1683 3577 ῥᾳθυμίαν

112 3586 410 3654 ἀπώλεσας.
445 3592 619 3662 ’Ἄψον
646 3592 740 3646 τὸν
780 3594 845 3647 ὲκ
873 3594 971 3664 τῆς
1009 3593 1297 3665 μετανοίας
1323 3593 1546 3665 λύχνον·
1578 3612 1681 3650 κα-

113 3678 339 3752 τάκυψον
386 3683 703 3756 ἐπιμελῶς·
749 3684 983 3757 ζήτησον
1019 3685 1080 3739 τὸ
1115 3686 1397 3759 κειμήλιον
1430 3689 1541 3750 τοῖς
1567 3688 1681 3759 γηί-

113 3789 212 3838 vos;
241 3777 691 3848 ὲγκρυπτόμενον
743 3778 991 3834 πάθεσιν.
1056 3776 1325 3851 Εὑρηκὼς
1376 3778 1566 3834 ἀνελοῦ
1596 3780 1690 3834 καὶ

117 3865 309 3923 σῶσον·
348 3870 440 3924 ενα
476 3887 561 3924 σοι
601 3873 964 3944 συγχαρῶμεν
1007 3872 1057 3926 οἱ
1097 3873 1337 3941 γείτονες
1379 3874 1552 3945 χαρὰν
1591 3873 1690 3946 τὴν

117 3955 169 4009 ὲν
196 3959 436 4032 Χριστῷ.
458 3956 535 4033 Ὦ
574 3962 777 4036 πρέπει
800 3962 927 4028 δόξα
952 3960 1047 4017 νῦν
1086 3964 1181 4017 καὶ
1208 3962 1295 4017 ἀεὶ
1324 3965 1418 4018 καὶ
1460 3966 1540 4029 είς
1565 3965 1695 4029 τοὺς

117 4048 300 4115 ιίὦνας
318 4052 434 4106 τῶν
461 4053 698 4109 αἰώνων.
736 4053 931 4126 Ἀμήν.

1781 571 2011 638 Explora
2061 574 2311 632 celeriter
2361 585 2417 632 et
2456 575 2758 645 diligenter
2801 571 3169 627 animadverte
3213 584 3363 625 mor-

1781 665 1933 732 bum,
1964 680 2073 736 quo
2092 666 2315 724 affectus
2341 682 2424 724 es.
2453 666 2677 737 Suscipe
2707 680 2777 720 ex
2804 679 2872 721 eo
2890 664 3152 729 dolorem,
3179 678 3358 733 quan-

1784 768 1900 813 tum
1933 759 2227 817 maximum
2264 767 2436 829 potes;
2472 757 2647 826 alliige
2680 766 2756 825 te,
2787 756 3091 823 fratresque
3129 755 3363 817 benevo-

1784 851 1938 906 volos
1984 859 2143 919 atque
2177 849 2460 907 unanimes
2498 850 2716 914 adhibe,
2764 849 2857 918 qui
2927 846 3085 902 simul
3138 847 3359 903 doleant

1784 940 2201 1011 adjumentoque
2273 939 2418 1003 sint,
2481 950 2542 995 ut
2590 939 2855 994 libereris.
2927 935 3164 994 Ostende
3216 935 3352 992 mihi

1783 1046 1996 1088 amaras
2040 1042 2204 1102 atque
2238 1030 2431 1087 uberes
2467 1029 2732 1100 lacrymas
2779 1038 2918 1094 tuas,
2968 1037 3026 1083 ut
3063 1043 3212 1084 meas
3254 1042 3356 1097 ego

1784 1138 1999 1193 quoque
2069 1122 2475 1179 commisceam.
2535 1120 2853 1176 Aﬁlictionis
2918 1120 3239 1190 participem
3301 1127 3359 1174 et

1785 1215 1995 1270 socium
2048 1229 2205 1270 sume
2254 1213 2618 1279 sacerdotem,
2652 1220 2711 1266 ut
2758 1222 2990 1281 patrem.
3035 1210 3168 1277 Quis
3215 1210 3356 1266 enim

1789 1314 1895 1359 tam
1941 1304 2078 1360 falso
2117 1303 2425 1359 nominatur
2472 1301 2655 1367 Pater,
2704 1314 2798 1356 aut
2838 1310 2947 1356 tam
2994 1301 3130 1356 duro
3198 1311 3363 1370 atque

1787 1396 2136 1453 adamantina
2166 1396 2349 1451 animo
2379 1395 2638 1465 praeditus
2659 1404 2763 1459 est,
2801 1394 2893 1462 qui
2929 1409 3034 1450 non
3064 1392 3191 1449 filiis
3227 1407 3362 1448 mm-

1791 1488 2036 1545 rentibus
2065 1487 2267 1551 doleat,
2304 1496 2359 1542 et
2396 1487 2756 1557 gaudentibus
2797 1485 3054 1541 laetetur?
3091 1484 3360 1541 Sacerdos

1790 1579 1862 1634 ita
1905 1579 2152 1634 tristatur
2184 1580 2254 1633 ob
2284 1586 2567 1647 peccatum
2604 1575 2767 1639 illius,
2800 1588 2961 1645 quem
3006 1583 3232 1646 propter
3275 1587 3362 1628 re-

1789 1653 2037 1741 ligionem
2089 1669 2252 1724 habet
2292 1669 2414 1724 loco
2455 1667 2570 1734 ﬁlii,
2602 1677 2661 1722 ut
2694 1665 2863 1721 Jacob
2896 1664 3009 1720 visa
3044 1664 3225 1720 tunica
3270 1660 3364 1719 Jo-

1789 1763 1918 1832 seph
1971 1744 2239 1830 sanguine
2288 1775 2585 1832 conspersa
2645 1758 3033 1829 querebatur’,
3086 1765 3144 1809 ut
3196 1754 3362 1810 David

1785 1854 1918 1909 luxit
1946 1851 2231 1911 Absalonis
2260 1851 2535 1907 interitum
2556 1851 2624 1915 “,
2662 1859 2721 1904 ut
2744 1846 2865 1902 Heli
2893 1844 3124 1915 Ophnim
3151 1853 3205 1899 et
3228 1843 3356 1898 Phi-

1786 1960 1961 2008 neem,
2006 1945 2098 2015 qui
2134 1943 2187 1998 in
2223 1943 2341 1999 acie
2380 1941 2776 2005 ceciderant“,
2824 1948 2883 1993 ut
2922 1936 3098 1993 Moses
3138 1935 3363 2006 impium

1786 2035 2037 2107 populum
2095 2035 2186 2104 qui
2241 2050 2420 2090 rerum
2479 2047 2740 2089 novarum
2803 2030 3079 2087 studiosus
3133 2025 3363 2083 vitulum

1787 2129 1888 2184 sibi
1942 2124 2352 2184 conﬂaverat".
2388 2125 2751 2192 Quamobrem
2820 2121 2996 2192 major
3047 2119 3142 2174 tibi
3193 2119 3248 2174 in
3298 2131 3366 2174 eo

1788 2219 1980 2276 fiducia
2016 2219 2108 2285 sit,
2138 2217 2229 2288 qui
2276 2228 2325 2272 te
2374 2216 2428 2271 in
2482 2217 2589 2271 Deo
2637 2213 2845 2286 genuit.
2880 2226 3043 2282 quam
3084 2208 3139 2264 in
3175 2206 3302 2273 illis,
3332 2221 3365 2262 a

1788 2313 1981 2383 quibus
2013 2324 2238 2380 corpore
2272 2319 2583 2378 procreatus
2614 2321 2693 2362 es.
2725 2305 2993 2359 Audacter
3036 2299 3265 2356 ostende
3288 2299 3366 2355 illi

1786 2418 1906 2475 quae
1942 2412 2069 2457 sunt
2101 2399 2394 2457 recondita.
2419 2398 2597 2454 Animi
2627 2411 2828 2452 arcana
2861 2405 3111 2463 tanquam
3153 2389 3365 2448 occulta

1789 2495 2006 2550 vulnera
2069 2494 2280 2550 medico
2334 2502 2538 2563 relege.
2587 2490 2705 2559 Ipse
2751 2496 2806 2543 et
2854 2485 3093 2550 honoris,
3123 2492 3180 2538 et
3215 2481 3364 2538 vale-

1792 2572 1992 2642 tudinis
2051 2597 2154 2641 tuaa
2201 2584 2467 2641 rationem
2509 2580 2751 2637 habebit.
2799 2577 3056 2633 Filiorum
3101 2574 3369 2632 dedecore

1793 2679 1964 2750 magis
1996 2687 2282 2733 moventur
2327 2683 2601 2746 parentes,
2635 2687 2796 2744 quam
2851 2671 2949 2739 ipsi
2993 2668 3109 2725 filii.
3139 2664 3274 2722 Nam
3308 2674 3368 2721 ut

1791 2768 2022 2823 filiorum
2063 2766 2231 2838 gloria
2275 2766 2342 2820 ad
2388 2771 2642 2835 parentes
2687 2760 2940 2832 pertinet,
2971 2760 3049 2814 sic
3079 2757 3244 2813 etiam
3272 2756 3367 2812 de-

1791 2858 1955 2914 decus
1986 2868 2039 2913 ct
2067 2856 2361 2926 turpitudo.
2404 2853 2649 2908 Incertus
2696 2860 2802 2918 est,
2837 2850 3058 2919 fratres,
3104 2848 3369 2905 terminus

1791 2950 1940 3014 vitae,
1967 2951 2264 3005 discessum
2295 2961 2326 3002 e
2359 2946 2470 3000 vita
2500 2943 2776 3015 diligentia
2828 2951 3240 3014 praevertamus.
3265 2938 3371 2995 Ab-

1792 3041 2013 3095 surdunt
2040 3041 2183 3094 enim
2214 3047 2319 3104 est,
2343 3052 2465 3093 cum
2511 3034 2611 3100 illi,
2638 3033 2730 3104 qui
2773 3030 3016 3099 corporis
3044 3029 3370 3085 valetudinis

1792 3136 2054 3189 rationem
2101 3132 2323 3196 habent,
2352 3128 2562 3197 seipsos
2591 3133 2895 3195 expurgent
2939 3132 3065 3179 ante
3106 3119 3365 3177 caniculae

1791 3233 2064 3290 exortum,
2099 3239 2187 3287 ne,
2217 3221 2359 3290 quod
2390 3217 2669 3273 humidum
2702 3215 2755 3270 in
2788 3213 2890 3269 illis
2920 3224 3027 3280 est,
3061 3210 3368 3268 vehementi

1792 3317 1959 3386 ipsius
1997 3313 2192 3368 ardore
2223 3316 2619 3379 corrumpatur,
2645 3313 2701 3361 et
2744 3306 2963 3360 morbos
3011 3303 3220 3372 pariat;
3250 3317 3366 3369 eos,

1788 3409 1879 3479 qui
1907 3406 2071 3462 animi
2111 3417 2298 3460 curam
2320 3406 2539 3473 gerunt,
2573 3398 2839 3453 incertum
2867 3394 3060 3451 mortis
3085 3394 3227 3449 diem
3259 3408 3368 3449 non

1790 3504 2154 3565 antevenere,
2198 3500 2256 3547 et
2295 3488 2545 3544 ardorem
2588 3484 2953 3541 excruciantis
3004 3482 3151 3538 illius
3203 3482 3367 3552 ignis,

1792 3588 1884 3659 qui
1917 3597 2177 3641 aeternum
2219 3580 2510 3646 comburit,
2541 3584 2596 3635 et
2644 3575 2847 3632 nullttm
2875 3587 3113 3643 unquam
3145 3573 3371 3644 refrige-

1792 3683 1929 3744 rium
1955 3676 2215 3733 admittit.
2245 3673 2570 3731 Dracbmam
2594 3667 2984 3740 evangelicam,
3011 3681 3177 3737 quam
3207 3679 3363 3721 acce-

1788 3790 1967 3845 peras,
2014 3779 2070 3827 et
2111 3783 2217 3840 qua
2265 3767 2414 3822 dives
2471 3760 2695 3819 en‘ectus
2741 3760 2944 3826 fueras,
3006 3756 3221 3828 ignavia
3276 3763 3367 3810 tua

1790 3863 2096 3938 perdidisti,
2123 3856 2454 3932 poenitentiae
2488 3855 2761 3910 lucernam
2804 3849 3041 3907 accende
3063 3848 3129 3902 “.
3166 3846 3370 3903 Inclina

1792 3971 1845 4016 te
1877 3959 2181 4029 diligenter.
2217 3950 2369 4007 Illam
2399 3962 2591 4021 gazam
2632 3946 2686 4000 in
2728 3943 2959 4000 terrenis
2995 3939 3373 3996 aﬂectionibus

1791 4052 2062 4109 defossam
2094 4045 2379 4115 conquire,
2408 4042 2679 4096 inventam
2713 4037 2841 4091 tolle
2897 4043 3058 4104 atque
3085 4044 3369 4096 conserva,

120 4147 172 4190 ut
210 4156 303 4195 nos
339 4141 510 4196 vicini
560 4123 917 4213 gratulemur,
947 4152 1003 4200 et
1045 4156 1111 4200 eo
1137 4144 1335 4215 gaudio
1370 4144 1691 4217 aﬂlciamur,
1730 4146 1875 4219 quod
1917 4153 2002 4200 est
2053 4144 2108 4196 in
2156 4136 2394 4202 Christo,
2464 4132 2552 4189 cui
2621 4130 2789 4202 gloria
2823 4129 2877 4183 in
2910 4128 3105 4183 saecula
3142 4123 3372 4181 saeculo-

116 4243 241 4287 rum.
271 4233 472 4289 Amen.

849 4328 947 4381 IA'.

312 4415 511 4483 Λόγος
534 4414 622 4482 εις
646 4415 762 4485 τὴν
784 4416 985 4487 ἀρχὴν
1013 4416 1134 4473 τῶν
1153 4419 1471 4487 νηστειῶν.

179 4506 435 4563 Σύνθετον
495 4507 635 4572 ζῶον
686 4512 715 4564 ό
762 4511 1070 4585 ἄνθρωπος,
1128 4512 1237 4566 ἀπὸ
1289 4513 1541 4582 σώματος
1594 4513 1687 4567 τοῦ

120 4599 455 4668 φαινομένου,
510 4598 606 4653 καὶ
631 4598 734 4670 τῆς
762 4599 989 4671 λογικῆς
1040 4600 1137 4655 καὶ
1187 4601 1481 4673 ἀσωμάτου
1509 4600 1689 4673 ψυχῆς

120 4683 281 4759 λαχὼν
328 4685 475 4744 εἶναι
523 4691 663 4763 ὅπερ
703 4692 872 4748 ἐστίν.
925 4694 1047 4748 Τῶν
1103 4694 1163 4748 δὲ
1206 4692 1299 4747 δύο
1329 4692 1535 4748 τούτων
1578 4694 1687 4750 τῶν

123 4781 527 4852 προρρηθέντων
580 4782 681 4852 οὐχ
738 4782 999 4854 ὁμότιμος
1048 4785 1082 4855 ή
1135 4784 1296 4854 φύσις
1349 4782 1444 4838 καὶ
1472 4785 1509 4855 ή
1537 4782 1685 4850 ἀξία·

122 4870 244 4925 ἀλλὰ
276 4874 337 4927 τὸ
370 4874 473 4945 μὲν
504 4873 737 4947 ὄργανον
769 4875 1199 4947 ὲδημιουργήθη,
1235 4875 1373 4947 πρὸς
1415 4875 1516 4948 τὴν
1544 4876 1689 4929 οίκο-

124 4964 299 5035 νομίσν
323 4967 423 5037 τῆς
459 4965 772 5038 κρατούσης
804 4964 1141 5038 κινούμενον·
1174 4968 1210 5038 ὴ
1252 4966 1310 5020 δὲ
1337 4965 1690 5039 ἡγεμονεύειν

124 5055 308 5130 ἐτάχθη
340 5059 438 5113 καὶ
485 5058 813 5129 βασιλεύειν,
859 5059 936 5124 ὡς
979 5061 1245 5131 κρείττων
1285 5059 1381 5113 τοῦ
1424 5059 1686 5131 χείρονος.

126 5145 359 5201 Δαὸοὖσα
398 5147 458 5202 δὲ
487 5147 628 5218 αὕτη
659 5148 722 5201 τὸ
771 5147 1103 5219 διακριτικὸν
1149 5150 1259 5204 ἀπὸ
1301 5140 1396 5202 τοῦ
1430 5147 1545 5213 νοῦ,
1594 5147 1691 5203 καὶ

125 5234 206 5287 τοῦ
221 5236 398 5306 λόγου,
425 5238 521 5291 καὶ
540 5236 653 5293 τῶν
677 5237 880 5303 καλῶν,
914 5238 1142 5294 καὶτῶν
1181 5237 1437 5293 τοιούτων
1460 5238 1559 5309 τὴν
1575 5237 1693 5293 δια-

129 5326 281 5396 φορὰν
310 5328 632 5402 ὲξιυροῦσα,
688 5330 946 5402 γνωρίζει
1010 5331 1109 5402 μὲν
1146 5331 1241 5385 τὸν
1284 5330 1417 5385 Θεὸν
1460 5330 1695 5402 ποιητὴν

132 5416 213 5469 καὶ
230 5418 561 5492 δημιουργὸν
606 5421 719 5477 τῶν
764 5439 827 5478 τε
871 5425 931 5476 ὲν
975 5424 1105 5478 ποσὶ
1127 5423 1332 5479 τούτων
1357 5423 1453 5477 καὶ
1477 5424 1544 5494 τῇ
1605 5423 1693 5477 αἱ·

137 5503 306 5577 σθήσει
333 5511 724 5582 καταληπτῶν,
762 5513 825 5567 οὐ
865 5513 972 5585 μὴν
996 5513 1133 5569 ἀλλά
1161 5512 1258 5569 καὶ
1281 5513 1391 5567 τῶν
1422 5511 1694 5586 ἀοράτων,

1717 4338 1763 4421 ι)

2514 4307 2652 4364 XIV.

1997 4411 2182 4467 Oratio
2220 4422 2277 4461 ιη
2314 4403 2633 4474 ρι’ἱητὶρίιιζη
2666 4402 2992 4472 jejumornnt
3033 4396 3179 4468 (6l).'

1866 4505 2239 4574 Compositum
2276 4498 2477 4554 animal
2506 4504 2591 4550 est
2627 4495 2820 4558 homo,
2856 4507 2920 4548 ex
2954 4506 3184 4560 corpore
3209 4500 3371 4555 aspe-

1793 4599 1973 4658 ctabili
1993 4640 2006 4662 ,
2045 4606 2100 4652 et
2130 4609 2197 4651 ex
2232 4591 2412 4647 anima
2436 4586 2688 4645 rationali
2720 4594 2777 4641 et
2806 4585 3123 4653 incorporea
3162 4578 3374 4635 habens

1796 4700 1965 4748 totum
2008 4687 2152 4760 quod
2200 4694 2303 4740 est.
2352 4681 2621 4737 Caeterum
2662 4678 2926 4740 duorum,
2969 4671 3227 4744 quatiam
3279 4682 3373 4723 re~

1795 4781 2136 4845 censuimus,
2174 4788 2283 4833 non
2319 4786 2403 4832 est
2433 4770 2657 4843 aequalis
2689 4766 2909 4824 honoris
2939 4773 3162 4828 natura,
3193 4772 3373 4829 neque

1795 4876 2067 4944 dignitas:
2119 4872 2214 4926 sed
2268 4882 2467 4937 corpus
2515 4863 2732 4935 quidem
2785 4859 3062 4915 conditum
3110 4862 3195 4910 est
3252 4860 3372 4944 tan-

1795 4942 1961 5036 quam
2021 4964 2484 5023 instrumentum,
2553 4957 2622 5011 ad
2688 4953 2975 5023 imperium
3041 4942 3374 5005 dominantis

1795 5035 1989 5112 animas
2055 5053 2263 5112 moveri
2322 5050 2563 5108 solitum.
2619 5048 2691 5101 At
2726 5044 2923 5099 'anima
2975 5055 3041 5096 eo
3102 5035 3374 5092 destinata

1794 5157 1910 5214 est,
1957 5157 2017 5202 ut
2067 5149 2298 5217 imperet
2344 5141 2489 5199 velut
2533 5136 2880 5211 praestantior
2928 5129 3204 5188 deteriori.
3255 5125 3375 5193 Qua

1795 5239 2137 5297 discernendi
2179 5237 2436 5294 facultate
2473 5249 2503 5289 a
2546 5239 2726 5288 mente
2762 5237 2818 5285 et
2860 5225 3072 5281 ratione
3104 5229 3325 5291 accepta
3355 5256 3373 5282 ,

1796 5342 1850 5388 et
1881 5331 2093 5388 honesti
2128 5346 2195 5386 ac
2225 5327 2489 5386 contrarii
2534 5320 2839 5383 diﬂ'erentia
2886 5325 3093 5387 reperta
3114 5354 3129 5381 ,
3174 5325 3375 5380 cogno-

1795 5425 1901 5481 scit
1940 5423 2106 5479 Deum
2144 5436 2265 5478 esse
2301 5428 2605 5476 creatorem
2647 5425 2702 5473 et
2741 5411 3078 5470 conditorem
3123 5414 3233 5461 tam
3276 5416 3376 5457 eo-

1798 5533 1918 5573 rum
1940 5558 1957 5586 ,
1990 5530 2111 5588 quae
2139 5526 2266 5570 ante
2297 5513 2483 5570 oculos
2523 5520 2580 5568 et
2626 5510 2792 5582 pedes
2826 5512 3134 5566 versantur,
3178 5511 3376 5554 sensu-

195 5662 215 5694 ’
246 5666 376 5725 Cen.
405 5687 629 5739 sum,
659 5673 733 5728 53
760 5688 913 5744 seqq.
989 5675 1033 5707 ¹⁶
1058 5674 1098 5732 ll
1127 5676 1257 5747 Reg.
1290 5691 1404 5742 xu,
1433 5675 1486 5731 4.
1566 5675 1604 5705 ¹¹
1628 5674 1647 5729 Ι
1673 5675 1703 5731 Ε

1791 5718 1803 5732 .
1835 5691 1908 5741 ιν,
1940 5675 2021 5730 l8.
2101 5675 2144 5706 ¹¹
2179 5673 2347 5728 Exod.
2378 5686 2549 5738 xuii,
2583 5668 2651 5727 ﬁt)
2676 5682 2797 5738 sqq.
2879 5662 2921 5695 ¹³
2944 5660 3074 5722 Luc.
3106 5669 3196 5720 xv,
3231 5651 3285 5717 8,
3321 5648 3375 5703 9.

196 5780 303 5857 (⁸1)
338 5785 485 5846 Inter
542 5789 722 5865 Opera
784 5792 1028 5864 Gregorii
1081 5793 1307 5863 Nysseni
1337 5835 1352 5862 ,
1410 5795 1497 5851 cd.
1536 5791 1672 5850 1638
1699 5801 1829 5850 tom.
1867 5790 1946 5859 ll,
1979 5805 2102 5861 pag.
2134 5788 2260 5845 2H.
2295 5787 2446 5843 Edit.
