3828 6304
416 353 516 412 επ
1698 364 1754 422 s.
1797 362 2078 423 asrsau
2114 365 2416 426 musam
2686 360 2690 362 '
2780 353 2790 365 '
3609 374 3742 434 572

423 489 532 541 que
558 477 1118 546 comprehenduntur.
1144 496 1308 553 quam
1342 483 1812 548 inaspectabilium
1835 529 1851 555 ,
1884 503 2006 556 qum

2150 506 2208 544 ra
2231 489 2356 554 νοῦς
2389 481 2677 563 ἀσώματος
2698 493 2990 564 φαντασιού
2999 512 3158 567 μενος
3182 495 3386 568 βλέπει.
3447 499 3742 554 Δσκοῦσα

426 583 580 623 mens
619 573 860 640 corporis
908 590 1104 644 expers
1149 577 1478 647 c0gitatione
1526 577 1784 635 informat
1822 590 1878 636 et
1919 582 2005 636 in-

2150 582 2166 632 ὲ
2211 581 2562 656 δικαιοσύνην
2616 585 2710 638 καὶ
2763 587 2987 658 ἀρετὴν,
3025 589 3102 652 ὡς
3131 589 3249 661 Θεῷ
3297 591 3446 664 φίλη,
3489 592 3737 662 ἐφίεται

425 671 628 716 tuetur.
665 662 834 720 Porro
863 665 1133 734 justitiam
1177 678 1230 723 et
1266 669 1517 724 virtutem
1555 685 1652 726 ceu
1705 672 1813 727 Deo
1852 683 2004 744 grata

2153 674 2446 745 ιλοσοφίας,
2483 677 2577 730 καὶ¹
2628 681 2742 743 τοῖς
2784 681 3000 754 ἐκείνης
3032 683 3221 755 νόμοις
3259 686 3353 738 καὶ
3379 662 3737 758 παραγγέλ-

423 767 729 818 exercens,
783 769 995 810 sacram
1048 758 1442 814 institutionem
1497 762 1734 832 appetit,
1782 763 2007 835 ejusque

2150 785 2246 822 act.
2275 768 2593 843 πειθομένη,
2635 773 2840 843 ἀπάγει
2873 774 2971 846 μὲν
2996 777 3193 849 ἑαυτὴν
3218 778 3567 833 ὅτιπλεῖστον
3597 779 3740 832 τῶν

424 842 631 912 legibus
675 855 730 901 et
774 849 995 904 monitis
1031 849 1438 917 obseeundans,
1473 867 1636 923 quam
1693 853 2007 924 longissime

2150 861 2394 933 αρκικῶν
2441 842 2898 936 ἐπιθυμημάτων,
2955 842 3162 937 ἐγγίζει.
3213 870 3270 924 δὲ
3302 870 3421 942 Θεῷ
3465 872 3563 925 καὶ
3606 872 3733 942 ὅση

424 936 659 1004 seipsam
692 953 721 992 a
750 940 1058 994 carnalibus
1086 941 1371 997 desideriis
1394 943 1616 999 abducit
1641 959 1657 1010 ;
1689 943 1798 1000 Deo
1826 955 2004 1000 autem

2150 951 2339 1024 ὗναμις
2368 953 2700 1010 οἰκειοῦσθαι
2748 955 2826 1028 τῷ
2861 958 3052 1030 ἀγαθῷ
3083 961 3554 1032 πραγματεύεται.
3595 963 3736 1016 Αὐ-

426 1037 479 1082 et
515 1040 775 1098 quantum
812 1030 926 1087 ﬁeri
960 1044 1137 1104 potest
1169 1049 1381 1090 summo
1425 1035 1499 1091 illi
1544 1035 1684 1091 bono
1717 1037 2003 1092 assimilari

2150 1045 2210 1116 ἧς
2261 1045 2318 1098 δὲ
2388 1046 2490 1118 τῆς
2546 1048 2696 1119 ἱερᾶς
2748 1049 3070 1119 φιλοσοφίας
3123 1030 3253 1124 περί
3305 1053 3405 1124 τὴν
3455 1053 3726 1126 λεγομέο

423 1121 627 1176 studet.
674 1121 794 1192 Ipsa
847 1125 1011 1179 etiam
1060 1141 1215 1182 sacra
1267 1127 1606 1197 philosophia
1653 1128 1798 1183 circa
1847 1144 2002 1194 eam,

2150 1157 2208 1210 ην
2235 1139 2563 1212 ἐγκράτειαν
2593 1141 2654 1194 τὸ
2682 1141 2934 1197 πλεῖστον
2979 1143 3074 1197 καὶ
3102 1121 3436 1218 κυριώτερον
3468 1121 3735 1219 στρέφε-

422 1230 583 1282 quam
637 1219 1058 1289 temperantiam
1105 1235 1201 1274 seu
1247 1221 1641 1276 continentiam
1690 1221 2005 1290 appellant,

2150 1246 2220 1286 αι’
2253 1231 2488 1286 ἐνταῦθα
2535 1234 2644 1306 γὰρ
2675 1235 2704 1288 ό
2738 1235 2864 1299 νοῦς
2898 1235 3168 1302 ἀθόλωτος
3204 1239 3400 1309 μένων,
3431 1241 3528 1293 καὶ
3546 1239 3732 1294 οὐδε-

423 1307 718 1376 plurimum
776 1321 830 1365 et
885 1311 1146 1380 primario
1197 1323 1458 1383 occupata
1515 1323 1639 1368 est:
1688 1329 1810 1368 cum
1861 1313 2005 1368 enim

2150 1324 2244 1377 ,ίαν
2272 1322 2554 1396 ἐπιμιξίαν
2586 1325 2696 1380 τῶν
2723 1327 2832 1381 ἀπὸ
2873 1329 3112 1401 γαστρὸς
3236 1331 3346 1384 τῶν
3369 1331 3547 1386 ἄλλων
3619 1333 3734 1403 ῥυ-

427 1417 578 1456 ireus
625 1402 712 1458 hic
761 1404 966 1473 absque
1008 1404 1115 1458 ulla
1154 1405 1566 1475 perturbatione
1604 1414 1870 1472 versetur,
1912 1420 2009 1460 ne-

2150 1417 2416 1489 ἀσμάτων
2447 1418 2755 1490 δεχόμενος,
2789 1421 3188 1492 ἀνεμπόδιστον
3236 1424 3350 1496 ἔχει
3406 1424 3507 1497 τὴν
3551 1402 3730 1496 ἐνέρ-

423 1510 529 1562 que
562 1494 726 1549 ullam
774 1496 1150 1552 admistionem
1198 1498 1473 1563 sordium,
1512 1513 1632 1568 quae
1673 1496 1758 1551 vel
1801 1512 1832 1551 a
1877 1511 2008 1552 ven-

2150 1525 2287 1572 ειαν,
2311 1509 2406 1563 καὶ
2434 1507 2531 1582 τὴν
2555 1509 2686 1583 περὶ
2714 1511 2824 1565 τῶν
2851 1513 3124 1588 οὐρανίων
3150 1516 3244 1569 καὶ
3277 1516 3556 1592 συγγενῶν
3587 1517 3733 1570 ἐαυ-

427 1599 544 1651 tre,
579 1589 663 1641 vel
708 1588 925 1644 aliunde
961 1590 1327 1659 proveniunt,
1372 1590 1628 1660 patiatur,
1677 1589 1850 1644 libere
1899 1604 2011 1644 sua:
2109 1598 2185 1670 τῷ
2211 1599 2464 1673 θεωρίαν,

424 1683 762 1748 operationi',
820 1691 874 1737 et
920 1699 1099 1739 rerum
1149 1684 1450 1740 ccelestium
1501 1684 1603 1740 sibi
1657 1693 2010 1754 cognatarum

427 1774 868 1844 contemplationi
909 1788 1086 1833 vacat.

500 1863 668 1932 Igitur
720 1877 988 1937 quotquot
1041 1869 1394 1942 phi|030phia3
1443 1871 1678 1940 alumni,
1725 1880 1780 1931 et
1827 1887 2007 1928 rerum

425 1953 734 2011 sublimium
759 1967 1032 2016 amatores
1076 1975 1140 2016 ac
1171 1962 1416 2034 discipuli
1449 1964 1716 2021 sermonis
1744 1965 1901 2030 estis,
1927 1965 2011 2020 di-

427 2047 577 2117 ligite
606 2059 817 2121 tempus
853 2067 1130 2122 praesens,
1160 2065 1211 2109 et
1247 2065 1494 2112 sanctam
1527 2056 2007 2130 Quadragesimam

2183 1865 2395 1921 Οὐκοῦν
2445 1868 2562 1922 ὅσοι
2611 1867 2710 1939 τῆς
2753 1867 3075 1938 φιλοσοφίας
3129 1867 3408 1939 τρόφιμοι,
3449 1869 3545 1922 καὶ
3598 1868 3734 1924 τῶν

2113 1958 2334 2031 ὑψηλῶν
2359 1960 2587 2032 ἐρασταὶ
2613 1961 2710 2015 καὶ
2740 1960 2981 2032 μαθηταί⁸
3035 1959 3130 2014 τοῦ
3154 1959 3334 2030 λόγου,
3373 1962 3733 2031 ἀγαπήσατε

2112 2051 2204 2107 τὸν
2233 2053 2504 2108 ἐνεστῶτα
2534 2055 2747 2126 καιρὸν,
2784 2055 2879 2108 καὶ
2901 2054 3000 2126 τὴν
3035 2053 3196 2123 ἁγίαν
3241 2053 3732 2128 Τεσσαρακοστὴν

2078 2141 2085 2148 ’
2113 2147 2395 2219 χαίροντες
2429 2147 2784 2214 ὑποδέξασθε,
2840 2147 2917 2212 ὡς
2971 2147 3330 2220 σωφροσύνης
3357 2147 3725 2211 διδάσκαλον,

2113 2240 2209 2293 καὶ
2237 2241 2439 2314 ἀρετῆς
2481 2241 2714 2314 μητέρα,
2747 2243 2844 2297 καὶ
2881 2240 3081 2314 τροφὸν
3107 2240 3216 2295 τῶν
3243 2241 3376 2294 υίῶν
3411 2241 3506 2296 τοῦ
3543 2241 3726 2306 Θεοῦ,

2112 2333 2210 2388 κα)⁸
2244 2334 2591 2404 παιδαγωγὸν
2621 2334 2726 2388 τῶν
2767 2335 3043 2398 ἀτάκτων,
3079 2333 3176 2388 καὶ
3218 2334 3460 2407 γαλήνην
3491 2333 3724 2405 ψυχῶν,

2114 2427 2208 2480 καὶ
2243 2427 2564 2482 εὐστάθειαν
2623 2427 2762 2498 βίου,
2821 2426 2916 2478 καὶ
2969 2426 3195 2498 εἰρήνην
3246 2426 3553 2489 ἔνσπονδον,
3614 2429 3727 2480 καὶ

2113 2520 2409 2592 ἀτάραχον.
2439 2520 2658 2592 Ταύτης
2674 2520 2784 2591 γὰρ
2814 2520 2875 2573 τὸ
2909 2520 3184 2592 αὐστηρὸν
3205 2519 3300 2572 καὶ
3331 2519 3528 2591 σεμνὸν
3553 2519 3732 2594 πάθη

2114 2613 2377 2684 κοιμίζει,
2439 2611 2611 2684 ὀργὰς
2665 2613 2760 2666 καὶ
2809 2612 3016 2684 θυμοὺς
3077 2610 3463 2676 ἀποσϐέννυσι,
3525 2611 3728 2666 πάντα.

2114 2707 2360 2762 κλύδωνα
2391 2705 2484 2760 τὴν
2533 2707 2599 2759 ἐκ
2653 2705 2998 2776 πολυφαγίας
3051 2703 3350 2769 ἀναζέοντα
3400 2703 3728 2776 καταψύχει

2115 2802 2211 2856 καὶ
2259 2799 2638 2855 καταστέλλει.
2676 2797 2781 2852 Καὶ
2835 2798 2972 2870 ὅπερ
3028 2798 3123 2852 ἐπὶ
3173 2796 3265 2851 τοῦ
3314 2797 3526 2871 θέρους,
3579 2797 3728 2851 ὅταν

2113 2893 2266 2965 ἡλίου
2286 2893 2347 2947 τὸ
2373 2891 2647 2962 φλογῶδες
2676 2891 3012 2964 καταλάμπῃ
3061 2894 3128 2964 τῇ
3161 2893 3255 2964 γῇ,
3283 2891 3312 2945 ό
3349 2890 3554 2963 βορρᾶς
3579 2891 3727 2955 τοὺς

432 2992 600 3047 pore,
634 2981 851 3048 quando
886 2981 1086 3034 nimius
1115 2981 1247 3038 solis
1292 2981 1458 3037 ardor
1509 2991 1665 3037 terrm
1714 2983 2011 3048 incumbit,

2150 2985 2486 3057 αλπομένους
2523 2985 2824 3056 εὐεργετεῖ,
2857 2984 3114 3055 πραείαις
3147 2982 3340 3056 αὔραις
3385 2980 3728 3037 ἀπελαύνων

431 3068 614 3138 aquilo
646 3069 858 3126 leuibus
890 3071 1037 3129 auris
1069 3073 1250 3130 omnia
1296 3089 1554 3130 recreans
1575 3114 1590 3138 ,
1641 3075 1900 3146 impedit,
1946 3091 2014 3130 ne

2150 3078 2404 3147 δπνῖγος·
2440 3076 2600 3130 τοῦτο
2650 3077 2745 3132 καὶ
2785 3078 2818 3148 ἡ
2872 3076 3096 3147 νηστεία
3146 3077 3451 3149 χαρίζεται,
3503 3076 3611 3149 τὴν
3651 3077 3727 3130 ἐκ

430 3157 769 3214 suﬂ‘ocentur
798 3178 813 3227 ;
848 3161 918 3214 ita
955 3170 1009 3217 et
1031 3160 1300 3232 jejunium
1331 3161 1808 3219 inﬂammationem
1835 3182 1900 3219 ex
1927 3181 2010 3220 su-

2150 3167 2217 3239 ἧς
2268 3167 2714 3240 γαστριμαργίας
2737 3165 2985 3228 πύρωσιν
3013 3167 3123 3221 τῶν
3152 3167 3421 3239 σωμάτων
3467 3166 3734 3221 ἀποδιὼ-.

427 2156 552 2195 cum
609 2143 806 2212 gaudio
863 2145 1163 2215 suscipite,
1218 2147 1367 2203 velut
1416 2151 1788 2219 temperantia:
1839 2150 2010 2218 magi-

427 2244 596 2289 stram
622 2275 637 2302 ,
665 2236 881 2291 virtutis
910 2248 1142 2294 matrem
1163 2280 1179 2306 ,
1215 2242 1478 2296 nutricem
1512 2242 1742 2298 filiorum
1771 2243 1898 2304 Dei.
1925 2245 2010 2298 in-

425 2326 727 2398 composite
774 2331 1071 2386 viventium
1124 2331 1593 2402 informatricem,
1645 2335 2009 2405 tranquillita-

429 2429 533 2474 tem
566 2419 908 2489 animarum,
943 2425 1300 2480 constantiam
1345 2441 1438 2481 seu
1483 2426 1678 2481 bonam
1727 2428 2004 2483 habitudi-

431 2526 552 2566 nem
585 2511 708 2568 vita:
728 2553 743 2577 ,
781 2529 1076 2584 pacemque
1107 2515 1419 2570 inviolatam
1451 2525 1505 2570 et
1535 2517 2006 2588 i'mperturbalam.

433 2602 607 2674 Hujus
640 2607 782 2661 enim
819 2609 1082 2662 severitas
1116 2617 1171 2662 et
1220 2609 1458 2685 gravitas
1503 2625 1699 2679 pravas
1742 2613 2011 2682 cupidita-

429 2709 512 2752 tcs
542 2699 719 2768 sopit,
770 2699 905 2754 iram
959 2711 1014 2755 et
1067 2702 1461 2758 commotiones
1518 2704 1844 2773 exstinguit,
1896 2720 2012 2759 om-

428 2805 663 2860 nemque
696 2792 987 2860 procellam
1009 2835 1025 2859 ,
1057 2808 1181 2869 quae
1213 2810 1278 2849 ex
1319 2795 1486 2849 nimio
1517 2796 1638 2850 cibo
1671 2797 1892 2861 ehullit,
1927 2813 2013 2852 re-

429 2883 658 2954 frigerat
683 2895 740 2941 et
769 2898 1003 2944 coercet.
1042 2887 1108 2942 Et
1135 2891 1588 2959 quemadmodum
1622 2891 1830 2946 mstatis
1877 2901 2013 2945 lem-

435 3251 638 3322 perﬂuo
665 3253 786 3313 cibo
825 3264 1062 3326 potaque
1089 3265 1262 3312 ortam
1301 3271 1329 3310 a
1361 3257 1682 3328 corporibus
1721 3257 1975 3328 dispellit.

503 3367 571 3422 Et
617 3367 733 3424 haec
781 3369 998 3439 quidem
1045 3371 1310 3428 beneficia
1348 3369 1614 3442 jejunium
1667 3373 1719 3428 in
1778 3371 2014 3428 animam

431 3460 645 3517 cunfert
666 3501 683 3527 ,
731 3459 885 3532 cujus
934 3477 1039 3517 non
1070 3464 1282 3520 minora
1307 3474 1432 3520 sunt
1465 3464 1519 3520 in
1570 3478 1771 3536 corpus
1798 3466 2014 3526 merita.

433 3553 704 3611 Extenuat
736 3555 882 3610 enim
914 3557 1156 3612 materiae
1191 3556 1498 3613 crassitiem
1521 3596 1537 3622 ,
1591 3557 1787 3614 molem
1819 3573 2014 3628 corpo-

433 3660 582 3701 ream
618 3645 880 3713 destruit,
925 3660 1200 3716 venasque
1243 3662 1310 3702 ex
1353 3647 1690 3704 abundantia
1739 3651 2019 3719 sanguinis

430 3736 769 3806 rumpendas
797 3735 1048 3802 relaxat,
1079 3744 1134 3792 et
1166 3737 1324 3807 spatii
1359 3736 1563 3807 aliquid
1591 3739 1858 3810 angustiis
1890 3755 2020 3796 con-

431 3828 610 3894 cedit,
641 3842 710 3884 ne
739 3827 847 3883 illis
877 3827 1196 3900 contingat,
1223 3832 1366 3900 quod
1397 3829 1676 3887 canalibus
1698 3873 1713 3898 ,
1743 3833 1939 3902 quibus
1970 3834 2017 3890 si

431 3918 552 3991 plus
579 3934 732 3990 aqua:
756 3918 1091 3987 infundatur,
1118 3934 1279 3990 quam
1307 3922 2019 3994 capiant,,coufringuntur,

433 4013 562 4082 quia
622 4012 921 4068 violentum
966 4013 1114 4068 illum
1165 4014 1454 4086 impulsum
1505 4031 1843 4086 nequaquam
1871 4017 2017 4073 ferre

433 4116 699 4175 possunt,
731 4115 892 4177 caput
950 4115 1194 4176 pacatam
1251 4117 1308 4164 et
1357 4109 1707 4179 tranquillam
1755 4109 2020 4164 constitu-

436 4195 640 4253 tionem
680 4200 878 4265 habet,
908 4215 1086 4270 neque
1119 4200 1530 4258 subsilientibus
1559 4202 1807 4269 arteriis,
1843 4217 2021 4275 neque

435 4295 665 4350 cerebro
704 4309 802 4364 per
848 4295 1211 4350 ascendentes
1244 4308 1475 4366 vapores
1519 4294 1851 4351 obscurato:
1905 4307 2022 4352 sto-

435 4391 627 4446 macho
671 4390 785 4461 jam
830 4405 926 4447 sua
982 4390 1204 4447 libertas
1237 4406 1334 4460 per
1360 4391 1746 4447 continentiam
1789 4399 2018 4447 constat.

434 4482 592 4539 Tunc
620 4483 764 4540 enim
793 4499 823 4539 a
860 4493 1048 4540 coacta
1077 4484 1340 4540 servitute
1366 4483 1654 4549 liberatur,
1689 4499 1758 4539 ne
1786 4493 1846 4538 ut
1875 4482 2022 4540 Iebes

2117 3278 2307 3316 κουσα.

2184 3377 2440 3434 Τοσαῦτα
2468 3376 2524 3432 δὲ
2559 3376 2739 3450 ψυχὴν
2765 3375 3152 3449 εὐεργετοῦσα,
3188 3376 3289 3448 οὐχ
3319 3369 3481 3449 ἧττον
3506 3375 3729 3445 ὠφελεῖ

2118 3471 2212 3524 καὶ
2237 3470 2295 3524 τὸ
2322 3469 2500 3542 σῶμα.
2528 3468 2796 3523 Λεπτύνει
2825 3469 2934 3541 γὰρ
2965 3472 3061 3523 καὶ
3087 3469 3197 3522 τῶν
3231 3469 3372 3522 ὑλῶν
3405 3468 3503 3531 τὰς
3534 3467 3720 3539 παχύο

2117 3579 2309 3633 τητας,
2344 3561 2551 3616 καὶτὸν
2583 3561 2746 3631 ὄγκον
2796 3561 3167 3627 ἀποσκευάζει
3188 3561 3284 3616 τοῦ
3311 3560 3587 3633 σώματος,
3619 3562 3728 3616 καὶ

2117 3653 2218 3718 τὰς
2241 3653 2443 3724 φλέϐας
2466 3653 2544 3726 τῷ
2571 3652 2768 3725 πλήθει
2802 3654 3151 3727 ῥηγνυμένας
3182 3653 3276 3708 τοῦ
3307 3653 3543 3725 αἵματος
3563 3651 3729 3722 ἀνίη-

2121 3765 2196 3812 σι,
2239 3747 2334 3802 καὶ
2372 3746 2586 3802 δίδωσιν
2611 3746 2790 3817 ὀλίγον
2817 3745 3056 3820 χώρημα
3089 3750 3156 3820 τῇ
3192 3745 3490 3817 στενότητι,
3520 3745 3616 3798 ἵνα.
3642 3744 3726 3816 μὴ

2120 3839 2334 3896 πάθωσι
2387 3839 2450 3893 τὸ
2505 3838 2614 3893 τῶν
2649 3838 2903 3912 σωλήνων
2939 3837 3130 3903 πάθος.
3187 3837 3298 3893 Καὶ
3347 3837 3455 3910 γὰρ
3489 3838 3721 3903 ἐκεῖνοι,

2120 3931 2250 3986 ὅταν
2284 3931 2468 3995 αὐτοῖς
2497 3929 2633 3984 πολύ
2669 3947 2722 3984 τι
2768 3928 2864 3984 καὶ
2887 3929 3125 4001 ἄμετρον
3163 3928 3307 4001 ὑπὲρ
3329 3927 3428 4000 τὴν
3469 3925 3724 3999 χώρησιν

2122 4028 2458 4103 ἐποχετεύσῃ
2508 4028 2569 4082 τὸ
2600 4026 2766 4097 ὕδωρ,
2791 4027 3178 4098 ἐκρήγνυνται,
3231 4023 3322 4079 τὸν
3349 4025 3412 4078 ἐκ
3438 4023 3542 4094 τῆς
3592 4021 3724 4093 βίας

2121 4119 2514 4193 εἰσωθούμενον
2539 4119 2703 4191 ὄγκον
2721 4120 2796 4192 μὴ
2823 4117 3126 4188 στέγοντες.
3153 4116 3378 4189 Κεφαλὴ
3399 4115 3456 4169 δὲ
3478 4117 3724 4187 πραεῖαν

2122 4216 2236 4288 ἔχει
2261 4215 2355 4269 καὶ
2386 4213 2732 4286 γαληνιῶσαν
2756 4211 3112 4276 κατάστασιν,
3145 4211 3269 4266 οὐτε
3294 4211 3404 4265 τῶν
3432 4209 3724 4283 ἀρτηριῶν

2123 4306 2504 4378 παλλομένων,
2536 4305 2661 4360 οὕτε
2693 4305 2787 4361 τοῦ
2816 4305 3124 4376 ἐγκεφάλου
3165 4305 3254 4360 διὰ
3284 4305 3384 4376 τῆς
3407 4303 3725 4368 ἀναδόσεως

2123 4401 2231 4457 τῶν
2257 4400 2449 4474 ἀτμῶν
2483 4399 2840 4471 ζοφουμένου.
2879 4400 3162 4472 Στομάχου
3191 4398 3249 4452 δὲ
3279 4397 3583 4470 ἐλευθερία,
3625 4399 3724 4467 ἐγ·

2124 4495 2375 4569 κράτεια.
2422 4492 2555 4546 Τότε
2585 4491 2695 4564 γὰρ
2742 4491 2962 4562 ἀφίεται
2985 4491 3088 4562 τῆς
3129 4489 3559 4562 ἡναγκασμένης
3594 4489 3724 4543 δου-

437 4577 659 4643 hulliat,
692 4577 1136 4634 concoctiouihus
1164 4576 1443 4634 laborans.
1475 4575 1633 4634 Oculi
1660 4590 1794 4646 pure
1819 4584 1876 4632 et
1901 4575 2014 4631 sine

2150 4558 2300 4654 ιείας,
2329 4587 2426 4642 καὶ
2451 4583 2547 4638 τοῦ
2579 4558 2720 4649 ζέε-ιν
2749 4558 2826 4648 ὡς
2854 4558 3055 4656 λέϐης,
3070 4558 3295 4655 κάμνων
3319 4558 3439 4646 mi;
3461 4558 3717 4652 πέψεσιν.

435 4669 558 4724 ullis
589 4668 827 4726 tenebris
854 4669 1076 4735 vident,
1111 4667 1323 4725 sublata
1356 4668 1502 4744 omni
1548 4667 1811 4739 caligine,
1855 4680 2017 4737 quam

435 4759 665 4814 satietas
692 4759 864 4816 oculis
891 4758 1172 4815 oﬂ'undere
1199 4759 1479 4815 consuevit
1508 4775 1524 4825 ;
1570 4759 1765 4828 pedum
1805 4771 2021 4828 quoque

434 4851 644 4907 stabilis
675 4860 759 4908 est
788 4852 961 4918 actio,
992 4861 1047 4908 et
1091 4868 1352 4907 manuum
1387 4852 1506 4909 sine
1538 4852 1846 4907 turbatione
1889 4864 2021 4919 ope-

437 4947 596 5002 ratio.
620 4946 930 5019 Respiratio
959 4949 1206 5004 ordinata
1240 4955 1295 5004 et
1326 4948 1392 5003 ad
1420 4947 1847 5002 mediocritatem
1887 4947 2017 5002 red-

435 5049 587 5105 acta,
622 5041 820 5112 quippe
849 5057 972 5112 quae
1027 5042 1173 5096 intus
1208 5039 1518 5096 turbulento
1547 5039 1739 5109 spiritu
1773 5054 1879 5094 non
1930 5052 2022 5092 ur-

435 5144 654 5203 geatur.
705 5132 900 5190 Sermo
927 5132 1227 5206 jejunantis
1258 5140 1337 5189 est
1370 5137 1690 5203 perspicuus
1731 5140 1787 5187 et
1829 5130 2022 5186 distin-

432 5240 586 5293 ctus,
623 5243 777 5284 mens
803 5229 1041 5298 jucunda
1070 5247 1084 5283 :
1116 5241 1170 5284 et
1197 5238 1325 5284 tune
1352 5243 1479 5283 vere
1511 5227 1577 5282 ad
1607 5225 2017 5282 similitudinem

435 5323 676 5378 divinam
711 5323 958 5389 accedit,
985 5325 1204 5394 quando
1231 5321 1382 5393 quasi
1416 5322 1468 5376 in
1503 5323 1822 5391 incorporea
1852 5333 2018 5376 carne

434 5414 647 5482 absque
677 5413 783 5468 ulla
818 5414 1036 5468 tristitia
1062 5424 1116 5468 et
1144 5416 1372 5469 tumultu
1403 5414 1646 5469 actiones
1687 5427 1815 5467 suas
1861 5411 2023 5480 perli-

433 5506 528 5561 cit.
563 5506 799 5560 Somuus
825 5504 1098 5576 jucundus
1125 5517 1211 5562 est
1235 5547 1250 5573 ,
1279 5493 1752 5562 et‘insomniorum
1781 5511 2023 5573 spectro-

439 5611 669 5665 rumque
695 5611 889 5667 expers
909 5639 925 5664 ,
955 5607 1010 5652 et
1043 5608 1099 5652 ut
1127 5597 1311 5654 multis
1342 5598 1727 5670 pratermissis
1747 5640 1762 5666 ,
1807 5598 1981 5652 dicam
2005 5636 2018 5661 ,

437 5686 702 5757 jejunium
731 5698 814 5743 est
838 5703 940 5757 pax
971 5690 1275 5746 communis
1306 5690 1500 5745 animae
1529 5701 1583 5745 et
1610 5689 1888 5760 corporis,
1915 5689 2024 5743 vita

441 5778 566 5834 sine
597 5780 1003 5849 perturbatione
1023 5821 1038 5845 ,
1071 5789 1328 5836 constans
1355 5781 1548 5850 agendi
1575 5789 1631 5836 et
1657 5779 2016 5837 conversandi

443 5869 614 5940 ratio,
657 5871 769 5933 vita
815 5887 935 5943 qua:
985 5871 1152 5934 Deum
1197 5872 1472 5940 laetiﬁcat,
1522 5873 1796 5931 inimicum
1839 5882 2019 5930 autem

2142 4680 2442 4752 Ὀφθαλμοὶ
2459 4677 2698 4750 καθαρὸν
2729 4677 2825 4732 καὶ
2854 4676 3283 4749 ἀνεπισκότητον
3309 4675 3591 4748 βλέπουσι,
3622 4675 3726 4729 πά-

2131 4790 2232 4845 σης
2261 4771 2457 4843 ἀχλύος
2485 4770 2916 4844 ἀφαιρουμένης,
2931 4771 2997 4842 ἣν
3019 4772 3048 4824 ό
3085 4769 3249 4842 κόρος
3274 4772 3531 4840 καταχεῖν
3556 4767 3721 4822 εἴωθε

2129 4864 2237 4920 τῶν
2271 4864 2555 4935 ὀμμάτων·
2592 4862 2687 4916 καὶ
2717 4862 2826 4917 τῶν
2860 4863 3036 4917 ποδῶν
3074 4861 3286 4934 ἐδραία,
3332 4862 3628 4932 ἀκλόνητος
3660 4861 3720 4914 δὲ

2127 4957 2236 5011 τῶν
2263 4957 2459 5028 χειρῶν
2488 4959 2521 5029 ἡ
2554 4958 2824 5029 ἐνέργεια.
2865 4950 3090 5026 τΑσθμα
3122 4953 3456 5026 τεταγμένον
3486 4954 3582 5006 καὶ
3623 4953 3724 5024 μέ-

2128 5067 2296 5122 τριον,
2327 5051 2456 5122 παρ’
2505 5049 2722 5112 οὐδενὸς
2752 5046 2860 5102 τῶν
2907 5047 3208 5119 ὀχλούντων
3251 5046 3581 5119 πνευμάτων
3633 5046 3720 5098 ἐν-

2128 5143 2280 5198 δοθεν
2311 5143 2686 5215 ἐπειγόμενον.
2737 5142 2911 5211 Λόγος
2941 5140 3036 5194 τοῦ
3071 5140 3371 5214 νηστευτοῦ
3401 5141 3581 5210 σαφὴς
3624 5139 3723 5192 καὶ

2129 5235 2557 5310 διηρθρωμένος,
2604 5235 2730 5300 νοῦς
2779 5234 3039 5308 καθαρὸς,
3092 5234 3356 5289 καὶιτότε
3397 5232 3613 5304 ἀληθῶς
3663 5231 3723 5284 τὸ

2129 5327 2360 5392 θεοειδὲς
2399 5327 2559 5399 ἔχων,
2589 5327 2719 5382 ὅταν
2763 5325 2839 5390 ὡς
2864 5327 2922 5379 ἐν
2946 5325 3224 5397 ἀσωμάτῳ
3262 5329 3328 5396 τῇ
3377 5322 3541 5395 σαρκὶ
3588 5322 3722 5375 ἀλυ-

2130 5438 2233 5474 πον
2273 5421 2368 5474 καλ⁵
2404 5419 2742 5492 ἀθορύϐητον
2785 5419 3026 5472 ἐπιτελεί
3073 5418 3171 5490 τὴν
3229 5418 3365 5473 ἰδίαν
3415 5416 3715 5486 ἐνέργειαν.

2131 5513 2332 5566 ⁰Υπνοι
2372 5511 2568 5565 ἄλυποι
2603 5511 2697 5565 καὶ
2740 5509 3188 5579 ἀφαντασίαστοιο
3241 5509 3332 5562 καὶ
3364 5509 3451 5562 ἴνα
3488 5505 3558 5558 τά
3589 5505 3714 5558 πολ-

2131 5604 2199 5660 λὰ
2242 5603 2619 5677 παραδραμὼν
2663 5604 2823 5671 εἴπω,
2855 5602 3081 5673 νηστεία
3135 5602 3285 5654 ἐστὶν
3333 5599 3526 5670 εἰρήνη
3567 5596 3720 5667 κοινὴ

2133 5695 2314 5767 ψυχῆς
2348 5694 2445 5749 καὶ
2490 5692 2763 5764 σώματος,
2811 5694 3082 5764 ἀτάραχος
3130 5690 3265 5761 ζωὴ,
3308 5687 3577 5755 εὐσταθὴς
3620 5701 3722 5738 πο-

2128 5787 2323 5850 λιτεία,
2375 5786 2487 5856 βίος
2511 5785 2646 5839 Θεὸν
2682 5785 3012 5856 εὐφραίνων,
3051 5785 3144 5839 καὶ
3177 5781 3359 5843 λυπῶν
3387 5779 3476 5834 τὸν
3505 5775 3719 5849 ἐχθρόν.

2135 5876 2345 5944 ’Ὠσπερ
2387 5876 2494 5957 γὰρ
2538 5875 2567 5927 ὁ
2602 5874 2885 5957 πολέμιος,
2927 5875 3056 5929 ὅταν
3087 5872 3173 5957 ἴδῃ
3208 5871 3297 5926 τὸν
3332 5867 3570 5925 ἐναντίον
3591 5864 3723 5950 γρή·
