3828 6316
124 344 227 403 =75

1025 346 1317 406 HOMILIA
1354 346 1497 405 XIV.
1527 348 1597 405 IN
1635 344 2036 406 PRINCIPIUM
2066 340 2520 404 JEJUNIORUM.

3253 341 3261 350 ’
3303 347 3409 405 ειι

126 482 289 536 γορον
329 466 429 522 καὶ
456 467 745 540 νητράλιον,
785 466 1143 541 όπλιζόμενον
1187 468 1485 541 ἐπιμελῶς,
1522 470 1729 543 καὶτὴν
1759 473 1806 533 Α

1845 484 2070 527 maerore
2101 467 2282 525 aliicit.
2309 464 2776 537 Quemadmodum
2807 464 2950 522 enim
2979 464 3172 532 hostis,
3195 468 3408 536 quando

128 556 353 627 ἀνδρίαν
392 556 693 625 ἀσκοῦντα,
727 551 897 631 ἧτταν
948 559 1156 615 οἰκείαν
1196 562 1410 633 ἡγεῖται
1443 562 1543 635 τὴν
1573 561 1724 634 φιλό-

130 662 290 700 πονον
335 650 553 704 ἐκείνου
611 652 991 723 παρασκευήν·
1038 650 1183 706 οὕτω
1223 652 1318 707 καὶ
1359 653 1389 706 ὁ
1433 651 1536 723 τῆς
1587 654 1726 724 ἡμε-

128 741 294 811 τέρας
346 742 630 816 σωτηρίας
674 744 981 812 ἐπίϐουλος,
1024 746 1206 801 πᾶσαν
1259 744 1418 816 ἡμῶν
1462 745 1563 818 τὴν
1602 747 1723 803 κατ’

128 833 332 899 ripa-ritu
376 835 674 891 άκοίδειαν
745 835 822 901 ὡς
851 836 985 893 ίδίαν
1027 839 1178 909 μισεῖ
1220 836 1525 910 συμφοράν.

190 1098 309 1151 Καὶ
351 1099 444 1153 διά
482 1099 651 1156 τοῦτο
693 1102 955 1173 γίνωσκε,
1014 1103 1290 1178 ἄνθρωπε,
1335 1104 1436 1176 τῆς
1495 1105 1593 1178 μὲν
1633 1104 1726 1160 τοῦ

129 1191 431 1263 νηστευτοῦ
492 1195 697 1263 οἰκίας,
765 1196 1031 1266 ἀγγέλους
1098 1192 1239 1252 εῖναι
1294 1196 1543 1267 φύλακας
1567 1240 1582 1263 ,
1634 1200 1730 1255 καὶ

130 1283 412 1352 φρουροὺς
451 1283 787 1358 παρέδρους.
814 1286 922 1340 Τοῦ
958 1287 1017 1341 δέ
1053 1290 1175 1353 ταῖς
1207 1288 1541 1344 ἀπολαύσεσι
1589 1288 1731 1344 κατά

131 1373 225 1442 τῆς
263 1373 738 1447 Τεσσαρακοστῆς
771 1377 1141 1448 κωμάζοντος,
1188 1377 1470 1451 δαίμονας,
1497 1379 1731 1444 οἰκείους

133 1465 363 1535 κνίσσης
404 1465 621 1535 φίλους,
665 1466 761 1520 καὶ
815 1466 1054 1539 ἐραστὰς
1101 1468 1370 1540 αἱμάτων,
1426 1468 1732 1541 παρέδρους

137 1556 329 1627 μέθης.
391 1558 510 1611 Καὶ
564 1558 675 1631 γὰρ
726 1560 823 1613 καὶ
872 1559 983 1615 τῶν
1038 1560 1386 1632 πνευμάτων,
1452 1559 1564 1614 εἴτε
1623 1560 1731 1614 τῶν

130 1647 337 1715 ἁγίων,
390 1649 510 1704 εἴτε
560 1634 690 1706 ’τῶν
753 1650 1085 1725 ἀκαθάρτων
1136 1651 1370 1707 ἕκαστον
1420 1652 1735 1726 προσχωρεῖ

131 1743 241 1803 τᾶς
282 1741 518 1806 οἰκείοις
583 1744 680 1797 καὶ
725 1743 920 1814 φίλοις,
971 1742 1163 1817 ὥσπερ
1211 1744 1276 1818 δὴ
1321 1745 1415 1799 καὶ
1476 1744 1571 1799 ἐπὶ
1622 1743 1733 1799 τῶν

1825 562 2200 620 adversarium
2232 569 2392 616 suum
2420 559 2569 615 videt
2593 572 2714 615 esse
2745 556 3096 629 vigilantem,
3125 556 3367 614 sobrium
3389 598 3407 625 ,

1826 664 2082 712 accurate
2112 662 2383 710 armatum
2403 693 2420 720 ,
2453 659 2675 708 strenue
2697 658 2754 706 et
2788 648 3007 707 fortiter
3050 663 3172 706 sese
3213 663 3409 722 geren-

1825 753 1969 814 tem,
1999 747 2138 803 hanc
2164 760 2349 802 curam
2396 753 2454 801 et
2496 743 2835 815 diligentiam
2864 757 2965 814 pro
2999 758 3097 798 sua
3135 741 3289 799 clade
3327 744 3411 798 in-

1827 845 2198 910 terpretatur;
2229 837 2307 894 sic
2335 846 2392 893 et
2417 836 2611 894 salutis
2639 844 2844 891 nostra:
2866 835 3155 892 insidiator
3183 848 3412 892 omnem

1826 930 2047 986 virtutis
2072 930 2521 987 exercitationem
2539 970 2557 996 ,
2588 938 2853 998 tanquam
2881 927 3163 1000 propriam
3191 926 3408 984 calami-

1828 1030 1994 1077 tatem
2024 1023 2345 1080 detestatur.

1898 1115 2241 1186 Quapropter
2284 1114 2500 1171 noveris
2519 1154 2535 1181 ,
2568 1131 2603 1171 o
2630 1117 2794 1175 homo
2814 1157 2831 1185 ,
2861 1114 3012 1186 ejus.
3041 1114 3134 1186 qui
3160 1112 3409 1184 jejuni".

1830 1208 2022 1263 domus
2065 1207 2320 1263 custodes
2364 1221 2486 1264 esse
2529 1209 2783 1280 angelos,
2827 1217 2884 1266 et
2931 1206 3079 1264 velut
3122 1204 3412 1262 continuos

1830 1296 2141 1366 stipatores.
2190 1296 2320 1367 Ejus
2362 1306 2544 1354 autem
2579 1299 2836 1365 domum,
2873 1298 2963 1369 qui
2998 1297 3054 1353 in
3094 1296 3413 1368 Quadrage-

1831 1387 1965 1442 sima
1988 1386 2209 1444 deliciis
2235 1402 2360 1445 sese
2392 1388 2592 1455 tradit,
2624 1388 2918 1461 stipatores
2947 1401 3072 1446 esse
3100 1388 3409 1453 daemones,

1831 1479 2082 1549 proprios
2112 1479 2320 1537 nidoris
2350 1481 2590 1549 amicos,
2621 1490 2680 1538 et
2706 1481 2991 1553 sanguinis
3024 1486 3327 1545 amatores,
3357 1488 3415 1534 et

1832 1570 2112 1626 ebrietatis
2139 1584 2464 1629 assessores.
2493 1572 2707 1629 Etenim
2737 1573 3022 1644 spiritibus
3049 1586 3264 1642 quoque
3298 1569 3414 1626 sive

1832 1659 2032 1729 sanctis
2051 1701 2065 1725 ,
2096 1660 2212 1717 sive
2242 1661 2472 1733 impuris
2505 1662 2594 1720 hic
2625 1678 2745 1720 mos
2774 1672 2895 1730 est,
2921 1671 2988 1719 ut
3018 1661 3414 1728 familiaribus,

1834 1748 2046 1820 sibique
2072 1751 2260 1808 charis
2289 1767 2411 1810 sese
2445 1753 2743 1827 adiungant
2763 1795 2780 1823 ,
2810 1764 2972 1827 prout
2999 1757 3165 1813 etiam
3210 1756 3263 1811 in
3300 1754 3418 1810 avi-

129 1831 364 1904 δρνίθων
393 1834 548 1888 ἔστιν
592 1835 743 1890 ίδεῖν.
792 1835 1101 1909 Περιστερά
1139 1837 1236 1908 μὲν
1278 1836 1388 1911 γὰρ
1427 1837 1557 1910 περὶ
1603 1836 1731 1902 τοὺς
1760 1846 1803 1901 Β

1845 1844 1933 1897 bus
1972 1856 2197 1899 cernere
2240 1843 2387 1901 licet.
2422 1844 2560 1902 Nam
2601 1846 2848 1904 columba
2889 1848 3035 1903 circa
3068 1846 3187 1905 loca
3214 1844 3418 1901 munda

135 1922 413 1996 καθαροὺς
442 1925 556 1979 τῶν
580 1926 763 1980 τόπων
800 1925 1111 1999 φιλοχωρεῖ,
1148 1926 1245 1980 καὶ
1277 1927 1409 2000 περὶ
1438 1927 1538 1993 τὰς
1567 1926 1731 2001 ἀρού-

135 2032 232 2085 ρας
278 2018 612 2090 στρέφεται,
652 2018 820 2091 ἑαυτῇ
874 2020 969 2074 καὶ
1010 2021 1122 2084 τοῖς
1165 2019 1379 2085 τέκνοις
1423 2021 1730 2094 σπερμολο-

133 2109 322 2178 γοῦσα·
375 2112 478 2166 καὶ
582 2111 801 2186 τρυγὼν
842 2114 1017 2185 ἡδέως
1059 2116 1172 2178 τοῖς
1209 2114 1461 2179 πετάλοις
1482 2115 1592 2171 τῶν
1616 2115 1733 2170 δέν-

131 2203 271 2274 ὅρων
316 2206 662 2279 ἐγκάθηται,
709 2206 807 2278 ηδύ
856 2224 910 2262 τι
956 2206 1053 2263 καὶ
1091 2206 1287 2263 λεπτὸν
1328 2205 1727 2281 ὐποτρύζουσα.

143 2294 202 2350 Ὅ
229 2296 289 2352 δέ
334 2298 764 2372 γαστρίμαργος
794 2299 984 2372 κόραξ,
1020 2301 1133 2364 τοῖς
1153 2299 1539 2372 κρεοπωλείοις
1565 2317 1735 2373 προσ-

133 2388 403 2462 ιάθηται,
453 2391 596 2463 βαρύ
638 2410 690 2446 τι
733 2393 829 2447 καὶ
887 2393 1052 2466 ἀηδὲς
1106 2392 1216 2449 τῶν
1283 2392 1734 2467 κρεανομοῦντων

136 2484 441 2539 καταϐοῶν.
494 2484 681 2551 Ὥστε,
722 2484 822 2559 τὴν
866 2485 1192 2560 ἐγκράτειαν
1229 2486 1733 2558 ἀγαπήσωμεν,ἴνα

137 2578 263 2649 παρ’
292 2577 555 2647 ἀγγέλων
582 2577 981 2651 άγαπηθῶμεν’
1035 2580 1357 2652 μισήσωμεν
1392 2578 1449 2637 δὲ
1474 2579 1572 2652 τὴν
1601 2596 1733 2652 τρυ-

139 2668 237 2739 φὴν
267 2669 377 2741 τὴν
413 2669 741 2736 ἀκόλαστον,
789 2669 875 2724 ἴνα
916 2669 991 2742 μὴ
1033 2673 1152 2741 μετ’
1206 2671 1423 2743 ἐκείνης
1459 2672 1559 2743 τὴν
1597 2671 1737 2744 πρὸς

138 2761 401 2833 δαίμονας
465 2762 849 2836 ἐνεκδάλωμεν
904 2763 1212 2820 κοινωνίαν.
1270 2763 1459 2829 Οὐδεὶς
1512 2765 1735 2838 τρυφῶν

140 2855 357 2924 ἐγένετο
406 2858 723 2923 σπουδαῖος·
756 2857 878 2912 οὐδὲ
923 2858 1182 2930 εὐωχίαις
1215 2858 1511 2931 σχολάζων,
1536 2858 1739 2931 ἀρετῆς

145 2949 414 3022 μαθητής
451 2950 576 3004 οὐδέ
610 2950 891 3023 φιλήδονος
921 2949 1096 3021 ἅγιος,
1134 2950 1257 3005 οὐδὲ
1302 2949 1578 3026 σαρκικῶς
1606 2950 1736 3018 ζῶν,

142 3042 397 3108 ωνωνὺς
434 3043 740 3114 βασιλείας.

218 3135 375 3193 Ἑλῦέ
404 3138 474 3208 τῇ
504 3138 696 3209 μνήμῃ
727 3136 864 3210 πρὸς
877 3137 979 3209 τὴν
1002 3137 1179 3211 ἀρχὴν
1200 3136 1292 3194 τοῦ
1331 3136 1525 3207 γένους
1556 3136 1734 3210 ἡμῶν,

1832 1942 2103 1999 versatur.
2133 1943 2185 1989 et
2212 1949 2372 2007 agros
2399 1937 2557 2002 obit,
2583 1948 2645 1994 ut
2675 1939 2778 1996 sibi
2809 1946 2865 1995 et
2905 1940 3065 2010 pullis
3110 1938 3294 2009 aliqua
3327 1951 3421 1995 se-

1834 2025 1980 2081 mina
2011 2027 2247 2100 colligat.
2277 2029 2483 2086 Turtur
2520 2030 2705 2087 itidem
2736 2032 3029 2089 arboribus
3057 2031 3301 2088 suaviter
3334 2030 3421 2086 in-

1835 2117 1978 2174 sidet
2014 2119 2175 2177 dulce
2214 2121 2473 2192 quiddam
2515 2131 2569 2179 et
2610 2136 2867 2197 argutum
2899 2124 3312 2181 submodulans.
3349 2122 3423 2179 At

1834 2224 1964 2266 vero
2011 2225 2182 2267 vorax
2224 2228 2423 2271 corvus
2471 2216 2615 2272 circa
2665 2216 2889 2274 macella
2939 2216 3122 2288 degit,
3172 2215 3421 2273 odiosum

1836 2301 2093 2374 quiddam
2125 2313 2180 2359 et
2220 2303 2573 2374 iniucundum
2617 2309 2880 2366 adversus
2925 2322 3059 2374 eos,
3093 2308 3186 2380 qui
3225 2321 3422 2365 carnes

1839 2396 2125 2465 vendunt,
2155 2399 2454 2456 crocitans.
2481 2399 2671 2473 Itaque
2703 2401 3119 2473 temperantiam
3150 2413 3418 2465 amemus,

1837 2497 1898 2542 ut
1944 2487 2014 2543 ab
2068 2489 2278 2561 angelis
2323 2505 2606 2561 amemur;
2647 2492 2774 2549 odio
2824 2492 3121 2550 habeamus
3163 2490 3423 2548 lascivam

1839 2579 2169 2652 voluptatem
2193 2623 2208 2650 ,
2252 2597 2320 2639 ne
2357 2582 2517 2639 simul
2557 2599 2678 2641 cum
2719 2584 2810 2640 illa
2848 2585 2916 2641 ad
2956 2584 3277 2641 societatem
3309 2583 3427 2640 da:-

1841 2685 2060 2726 monum
2093 2673 2501 2743 pertrahamur.
2532 2674 2722 2731 Nullus
2754 2673 2970 2732 deliciis
3004 2674 3217 2731 deditus
3247 2674 3426 2730 evasit

1839 2778 2077 2837 unquam
2112 2765 2333 2822 sedulus
2364 2776 2418 2823 et
2443 2768 2761 2836 studiosu’s,
2797 2782 2976 2841 neque
3018 2767 3426 2826 conviviis'va-

1839 2870 2003 2925 cans,
2038 2855 2258 2912 virtutis
2289 2858 2583 2929 discipulus
2604 2901 2619 2928 ,
2655 2876 2834 2932 neque
2867 2862 3160 2934 voluptatis
3189 2868 3423 2927 amator,

1839 2955 2091 3013 sanctus,
2130 2962 2304 3020 neque
2343 2950 2434 3020 qui
2475 2951 2772 3008 secundum
2808 2967 3029 3010 carnem
3059 2953 3308 3018 viveret,
3335 2951 3428 3008 fa-

1841 3051 1963 3097 ctus
1997 3050 2080 3097 est
2114 3057 2349 3114 unquam
2384 3044 2534 3116 regni
2567 3045 2812 3104 ccelestis
2846 3049 3118 3119 particeps

1919 3129 2223 3202 Regredere
2262 3136 2526 3191 memoria
2578 3136 2645 3192 ad
2692 3136 3019 3198 incunabula
3066 3145 3284 3214 generis
3327 3144 3432 3201 bu-

143 3229 233 3283 xa‘t
267 3228 371 3300 τὴν
655 3204 911 3303 εὐρῆσεις
932 3204 1403 3304 -ὧνᾝε-μφόμεθα
1459 3204 1737 3303 μάρτυρα.
1766 3204 1811 3265 c

1846 3222 1991 3278 mani
2033 3223 2100 3290 “,
2153 3224 2438 3298 discesque
2488 3232 2884 3300 experientiam
2946 3248 3011 3290 ea
3065 3237 3256 3294 testari
3308 3252 3432 3310 qua:

144 3323 252 3376 Οὐκ
284 3324 355 3379 ἂν
389 3322 502 3397 γὰρ
540 3324 678 3395 ἡμῖν
706 3323 865 3395 ἐτέθη
908 3325 1072 3395 νόμος
1109 3325 1388 3398 νηστείας,
1426 3327 1475 3379 εί
1503 3325 1577 3397 μὴ
1601 3342 1745 3397 παρο

144 3416 311 3489 εεάθη
346 3418 453 3488 τῆς
503 3415 735 3490 πρώτης
801 3417 1134 3492 ἐγκρατείας
1189 3420 1219 3473 ὁ
1274 3418 1458 3490 νόμος·
1519 3417 1623 3472 οὐκ
1666 3416 1740 3473 ἂν

146 3504 442 3579 ὠνομάσθη
488 3506 708 3579 γαστὴρ
752 3506 1073 3574 ἐπίϐουλος,
1110 3506 1267 3580 εἰμὴ
1300 3507 1574 3580 πρόφασις
1620 3506 1743 3578 ἠδο-

146 3599 235 3668 νῆς
270 3598 373 3671 τὴν
404 3596 685 3689 ἁμαρτίαν
713 3599 1031 3672 εἰσήγαγεν.
1058 3599 1166 3655 οὐκ
1196 3594 1267 3671 ἦν
1304 3598 1537 3672 ἀρότρου
1559 3598 1741 3672 χρεία,

150 3692 237 3745 καὶ
269 3691 416 3764 βοῶν
453 3690 770 3763 ἀροτήρων,
824 3691 919 3745 καὶ
957 3690 1300 3763 τεμνομένης
1344 3689 1606 3756 αὐλακος,
1646 3691 1743 3746 οὐ·

148 3783 200 3843 δὲ
235 3786 343 3859 μὴν
380 3786 744 3859 σπερμάτων,
787 3786 886 3841 καὶ
939 3784 1132 3850 ὓδατος
1171 3785 1447 3859 άρδοντος,
1498 3786 1593 3841 καὶ
1645 3802 1744 3840 πε-

154 3880 321 3948 ριόδου
361 3880 598 3953 καιρῶν,
640 3879 737 3933 καὶ
789 3878 1058 3952 χειμῶνος
1104 3878 1459 3944 πυκνοῦντος,
1505 3877 1599 3932 καί
1649 3877 1740 3933 θέ-

153 3984 271 4039 ρους
307 3968 555 4035 λύοντος,
600 3969 695 4022 καὶ
729 3967 914 4039 πάσης
948 3966 1154 4040 ταύτης
1184 3968 1286 4039 τῆς
1319 3966 1610 4037 ἐγκυκλίου
1648 3984 1745 4022 τα-

152 4056 477 4132 λαιπωρίας,
536 4060 587 4112 εί
632 4058 708 4131 μὴ
748 4058 837 4113 διά
866 4058 1160 4133 πρόχειρον
1212 4058 1562 4133 προπάτορος
1602 4059 1743 4114 ἀπό-

154 4149 335 4212 λαυσιν
398 4150 631 4223 ταύτην,
686 4150 1068 4224 κατεψηφίσθη
1076 4167 1175 4222 μεν
1235 4150 1336 4223 τὴν
1388 4150 1498 4205 τῶν
1564 4150 1744 4205 πόνων

156 4244 416 4315 περίοδον·
449 4243 567 4298 ἀλλ’
600 4243 901 4317 ἐμέλλομεν
938 4244 1134 4317 ἑτέραν
1162 4243 1284 4298 τινὰ
1316 4242 1469 4317 παρὰ
1494 4242 1593 4317 τὴν
1614 4246 1748 4316 ὁρω-

157 4334 318 4408 μένην
347 4337 565 4407 διάγειν
591 4337 686 4392 τοῦ
722 4337 841 4409 βίου
886 4337 1239 4404 κατάστασιν,
1275 4332 1345 4412 ἧς
1387 4337 1552 4393 πάλιν
1593 4338 1747 4392 ἐλπί-

157 4425 311 4500 ζομεν
368 4431 675 4502 ἐπιτυχεῖν,
709 4431 840 4486 ὅταν
872 4430 971 4503 τὴν
1023 4430 1252 4503 ἐμπαθῆ
1313 4432 1460 4505 ζωὴν
1509 4431 1599 4486 διά
1645 4433 1746 4505 τῆς

157 4520 502 4587 ἀναστάσεως
528 4521 1060 4595 ἀποσκευασώμεθα.
1085 4521 1234 4596 Λύτη
1260 4522 1370 4597 γάρ
1386 4527 1427 4597 ⁵ὴ
1452 4525 1745 4598 εὐεργεσία
1777 4556 1821 4612 D

156 4613 244 4684 τῆς
267 4615 364 4670 τοῦ
406 4615 546 4670 Θεοῦ
594 4614 733 4688 πρὸς
754 4616 901 4686 ἡμᾶς
947 4615 1439 4685 συγκαταὸάσεως,
1473 4618 1561 4673 ἶνα
1608 4618 1745 4690 πρὸς

157 4704 244 4777 τὴν
272 4706 515 4761 παλαιὰν
544 4706 1019 4779 άποκαταστῶμεν
1044 4706 1223 4775 ἀξίαν·
1254 4702 1323 4780 ἧς
1346 4706 1746 4781 φιλανθρώπως

161 4799 572 4867 μεταλαϐόντες,
590 4798 931 4872 εὐαισθήτως
960 4798 1062 4872 τὴν
1081 4800 1241 4871 χάριν
1256 4799 1357 4854 οὐκ
1377 4799 1743 4872 ἐφυλάξαμεν.

160 4892 391 4967 Νηστεία
424 4895 529 4966 τῆς
582 4893 887 4966 μελλούσης
923 4893 1070 4965 ζωῆς
1103 4891 1287 4947 εἰκών·
1316 4892 1414 4965 τῆς
1459 4891 1743 4964 ἀφθάρτου

159 4983 425 5058 διαγωγῆς
456 4986 706 5060 μίμημα.
752 4986 900 5041 Ἐκεῖ
930 4985 1032 5039 οὐκ
1073 4985 1184 5048 εἰσὶ
1220 4984 1396 5050 πότοι,
1437 4984 1560 5044 οὐδὲ
1608 4985 1745 5043 ἀπο-

160 5074 387 5147 λαύσεις.

219 5336 423 5391 Ἐασον
444 5336 538 5391 τὸν
570 5335 789 5409 πρῶτον
830 5336 1143 5408 ἄνθρωπον,
1180 5335 1286 5409 ὁδῷ
1329 5336 1425 5391 καὶ
1451 5336 1587 5409 ,ἑξῆς
1619 5336 1744 5402 τοὺς

166 5428 269 5496 μετ’
300 5431 510 5483 ἐκεῖνον
544 5428 955 5502 ἀπαρίθμησαι.
984 5427 1050 5483 Τί
1082 5428 1173 5484 τὸν
1211 5430 1419 5483 δίκαιον
1432 5428 1555 5482 Νῶε
1581 5429 1748 5502 ἀσχη-

169 5525 331 5590 μονεῖν
364 5522 642 5595 ἐποίησεν,
673 5524 732 5576 ἐν
768 5521 1101 5594 ἀναισθησίᾳ
1129 5521 1485 5594 γυμνωθέντα
1514 5521 1623 5576 τῶν
1651 5540 1749 5595 με-

165 5609 282 5678 λῶν,
317 5613 356 5669 ἀ
381 5613 690 5669 σκέπεσθαι
722 5614 912 5685 νόμος,
943 5613 1153 5669 καὶτὸν
1176 5613 1428 5687 προπετῆ
1462 5614 1593 5686 Χάμ
1629 5615 1749 5669 ἐπι-

233 5814 275 5851 “
310 5814 447 5876 Gen.
484 5831 545 5871 ιιι
567 5842 587 5882 ,-
622 5814 644 5870 l
682 5830 806 5889 sqq.
890 5816 931 5849 ¹³
971 5815 1107 5872 Gen.
1144 5832 1234 5883 ιχ,
1262 5814 1328 5874 2i
1368 5830 1490 5893 sqq.
1575 5888 1580 5892 '

1844 3314 2317 3385 reprehendimus.
2354 3315 2540 3387 Neque
2573 3321 2719 3377 enim
2760 3321 2849 3379 lex
2883 3322 3077 3396 jejunii
3110 3327 3267 3384 nobis
3302 3329 3431 3384 data

1843 3415 2028 3475 esset,
2072 3408 2176 3464 nisi
2215 3407 2304 3465 lex
2337 3410 2528 3480 prima:
2571 3416 2950 3485 temperantia:
2987 3426 3044 3473 et
3080 3419 3431 3478 abstinentiae

1844 3499 2044 3556 violata
2084 3500 2299 3558 fuisset.
2339 3501 2455 3560 Nec
2493 3513 2686 3561 venter
2735 3507 3070 3567 insidiatoris
3107 3525 3304 3569 nomen
3346 3521 3434 3569 tu-

1846 3589 2018 3660 lisset,
2057 3594 2161 3650 nisi
2198 3606 2464 3667 praetextu
2512 3598 2805 3675 voluptatis
2845 3615 3134 3675 peccatum
3186 3604 3435 3663 induxis-

1847 3694 1950 3743 set.
1982 3684 2094 3742 Nec
2122 3701 2260 3758 opus
2291 3688 2489 3747 fuisset
2516 3701 2733 3760 aratro,
2761 3709 2865 3750 nee
2892 3695 3068 3752 bobus
3095 3696 3431 3765 aratoribus,

1847 3791 2025 3848 neque
2074 3780 2365 3848 proscissis
2421 3782 2622 3850 sulcis,
2663 3799 2843 3854 neque
2879 3787 3214 3855 seminibus,
3254 3804 3433 3861 neque

1847 3884 1986 3941 aqua
2021 3869 2089 3927 ad
2124 3870 2493 3944 irrigandum,
2533 3891 2713 3948 neque
2738 3877 2963 3948 periodo
2996 3887 3299 3951 temporum
3320 3922 3337 3948 ,
3374 3890 3437 3938 ut

1847 3961 2060 4028 hieme,
2095 3977 2216 4033 quae
2252 3965 2505 4038 astringit
2540 3976 2597 4024 et
2645 3970 2979 4036 condensat,
3010 3980 3066 4027 et
3094 3980 3285 4029 testate
3313 3987 3436 4042 qua

1847 4053 2055 4110 solvit:
2093 4056 2202 4113 imo
2241 4057 2310 4114 ab
2342 4059 2499 4114 omni
2549 4059 2650 4116 ista
2701 4060 2956 4118 circulari
3004 4064 3226 4120 miseria
3274 4064 3435 4121 liberi

1848 4142 2181 4213 fuissemus,
2223 4147 2329 4203 nisi
2369 4147 2440 4205 ob
2477 4148 2639 4220 primi
2679 4152 2921 4221 parentis
2972 4155 3147 4209 nostri
3193 4168 3436 4226 pmpro-

1848 4248 2029 4305 peram
2067 4234 2392 4307 voluptatem
2422 4240 2490 4295 ad
2527 4239 2666 4296 hanc
2710 4240 2955 4297 laborum
2990 4243 3273 4313 periodum
3302 4258 3438 4301 con-

1848 4324 2088 4381 demnati
2129 4326 2471 4397 fuissemus;
2510 4332 2606 4386 sed
2644 4330 2809 4386 aliam
2849 4333 3146 4402 quamdam
3186 4336 3311 4390 vitae
3342 4349 3436 4390 ra—

1851 4419 2051 4475 tionem
2093 4421 2162 4476 ab
2200 4422 2302 4478 ista
2356 4433 2627 4493 praesente
2666 4423 2899 4481 multum
2939 4423 3213 4482 diversam
3254 4427 3435 4482 acturi

1849 4522 2091 4574 eramus,
2115 4525 2279 4580 quam
2311 4526 2411 4567 nos
2442 4522 2861 4582 recuperaturos
2886 4529 3191 4585 speramus,
3219 4516 3437 4585 quando

1852 4598 2017 4653 vitam
2058 4599 2199 4655 hanc
2233 4601 2415 4671 pravis
2451 4598 2829 4659 alfectionibus
2865 4602 3156 4660 obnoxiam
3206 4618 3305 4675 per
3352 4620 3443 4662 re-

1852 4690 2245 4750 surrectionem
2286 4693 2621 4755 exuerimus.
2661 4693 2777 4752 Hoc
2812 4695 2959 4751 enim
2994 4695 3322 4753 beneﬁcium
3354 4706 3440 4755 est

1854 4778 1948 4836 Dei
1986 4782 2054 4835 ad
2086 4789 2185 4837 nos
2217 4781 2627 4851 descensionis,
2668 4792 2723 4839 ut
2762 4783 2817 4841 in
2872 4783 3152 4853 antiquam
3193 4783 3435 4855 dignita-

1854 4878 1963 4927 tem
2001 4871 2374 4939 restituamur,
2412 4874 2570 4946 cujus
2601 4888 2724 4931 cum
2763 4872 2995 4943 benigne
3024 4873 3321 4945 participes
3351 4872 3436 4928 fa-

1852 4967 1923 5022 ειί
1958 4980 2242 5035 essemus,
2283 4968 2517 5039 gratiam
2552 4968 2952 5038 circumspecte
2989 4981 3096 5023 non
3133 4965 3438 5023 custodivi-

1855 5074 1999 5114 mus.
2045 5059 2318 5127 Jejunium
2365 5062 2489 5117 vitae
2536 5059 2731 5117 futurae
2773 5060 2951 5131 imago
2981 5068 3086 5116 est.
3132 5058 3439 5130 lncorrupli

1856 5160 2031 5207 status
2070 5151 2322 5210 imitatio.
2356 5153 2434 5209 lbi
2467 5170 2576 5210 non
2604 5161 2733 5211 sunt
2761 5154 3227 5224 compotationes,
3265 5167 3441 5225 neque

1854 5243 2303 5301 comessationes.

1924 5335 1995 5389 At
2032 5335 2276 5408 relinque
2314 5337 2546 5408 primum
2589 5337 2866 5394 hominem
2892 5375 2908 5404 ,
2951 5352 3120 5410 perge
3158 5337 3386 5395 ulterius
3417 5355 3436 5405 ;

1852 5436 1908 5484 et
1941 5438 2186 5498 posteros
2214 5429 2334 5499 ejus
2376 5445 2657 5487 enumera.
2691 5430 2831 5499 Quid
2876 5428 3033 5501 justo
3062 5429 3178 5487 Noe
3209 5432 3441 5504 ignomi-

1856 5521 2002 5577 niam
2033 5520 2378 5589 conciliavit,
2413 5537 2537 5578 cum
2575 5524 2812 5579 nudatus
2851 5532 2997 5579 esset
3031 5523 3100 5579 iis
3139 5525 3402 5580 membris
3425 5563 3441 5587 .

1859 5631 1979 5688 quas
2018 5625 2216 5674 natura
2256 5617 2361 5689 tegi
2396 5618 2551 5691 jubet
2581 5619 2669 5674 “‘1'
2709 5617 2849 5687 Quid
2880 5616 3234 5677 temerarium
3267 5616 3441 5678 Citam
