  <div class='ocr_page' id='page_1' title='image "/cluster/home/n/w/nwhite01/storage/ocr_20150623/40/hvd.32044019207786/195.png"; bbox 0 0 3828 6334; ppageno 0'>
   <div class='ocr_carea' id='block_1_1' title="bbox 372 281 480 340">
    <p class='ocr_par' dir='ltr' id='par_1_1' title="bbox 372 281 480 340">
     <span class='ocr_line' id='line_1_1' title="bbox 372 281 480 340; baseline 0.019 -3"><span class='ocrx_word' id='word_1_1' title='bbox 372 281 480 340; x_wconf 74' lang='lat'><strong>575</strong></span> 
     </span>
    </p>
   </div>
   <div class='ocr_carea' id='block_1_2' title="bbox 1662 276 2372 352">
    <p class='ocr_par' dir='ltr' id='par_1_2' title="bbox 1662 276 2372 352">
     <span class='ocr_line' id='line_1_2' title="bbox 1662 276 2372 352; baseline 0.01 -7"><span class='ocrx_word' id='word_1_2' title='bbox 1662 289 1723 349; x_wconf 86' lang='lat' dir='ltr'><strong>s.</strong></span> <span class='ocrx_word' id='word_1_3' title='bbox 1761 276 2034 350; x_wconf 38' lang='grc' dir='ltr'>Αίδτειιιι</span> <span class='ocrx_word' id='word_1_4' title='bbox 2073 291 2372 352; x_wconf 79' lang='lat' dir='ltr'><strong>AMASENl</strong></span> 
     </span>
    </p>
   </div>
   <div class='ocr_carea' id='block_1_3' title="bbox 3536 298 3661 356">
    <p class='ocr_par' dir='ltr' id='par_1_3' title="bbox 3536 298 3661 356">
     <span class='ocr_line' id='line_1_3' title="bbox 3536 298 3661 356; baseline 0 0"><span class='ocrx_word' id='word_1_5' title='bbox 3536 298 3661 356; x_wconf 73' lang='lat'><strong>576</strong></span> 
     </span>
    </p>
   </div>
   <div class='ocr_carea' id='block_1_4' title="bbox 376 397 1964 489">
    <p class='ocr_par' dir='ltr' id='par_1_4' title="bbox 376 397 1959 471">
     <span class='ocr_line' id='line_1_4' title="bbox 376 397 1959 471; baseline 0.008 -19"><span class='ocrx_word' id='word_1_6' title='bbox 376 397 628 465; x_wconf 90' lang='lat' dir='ltr'><strong>induxit,</strong></span> <span class='ocrx_word' id='word_1_7' title='bbox 662 406 723 455; x_wconf 92' lang='lat' dir='ltr'><strong>ut</strong></span> <span class='ocrx_word' id='word_1_8' title='bbox 755 408 968 471; x_wconf 89' lang='lat' dir='ltr'><strong>patrem</strong></span> <span class='ocrx_word' id='word_1_9' title='bbox 1001 399 1304 457; x_wconf 83' lang='lat' dir='ltr'><strong>irrideret?</strong></span> <span class='ocrx_word' id='word_1_10' title='bbox 1332 402 1402 459; x_wconf 86' lang='lat' dir='ltr'><strong>ita</strong></span> <span class='ocrx_word' id='word_1_11' title='bbox 1437 412 1495 460; x_wconf 90' lang='lat' dir='ltr'><strong>ut</strong></span> <span class='ocrx_word' id='word_1_12' title='bbox 1525 419 1591 460; x_wconf 84' lang='lat' dir='ltr'><strong>ex</strong></span> <span class='ocrx_word' id='word_1_13' title='bbox 1621 422 1731 462; x_wconf 91' lang='lat' dir='ltr'><strong>uno</strong></span> <span class='ocrx_word' id='word_1_14' title='bbox 1766 410 1959 466; x_wconf 87' lang='lat' dir='ltr'><strong>delicto</strong></span> 
     </span>
    </p>
   </div>
   <div class='ocr_carea' id='block_1_5' title="bbox 2094 397 3660 489">
    <p class='ocr_par' dir='ltr' id='par_1_5' title="bbox 2094 411 3660 489">
     <span class='ocr_line' id='line_1_5' title="bbox 2094 411 3660 489; baseline 0.001 -24"><span class='ocrx_word' id='word_1_15' title='bbox 2094 411 2292 466; x_wconf 80' lang='grc' dir='ltr'><strong>ἐλάσαι</strong></span> <span class='ocrx_word' id='word_1_16' title='bbox 2312 415 2378 484; x_wconf 79' lang='grc' dir='ltr'>τῇ</span> <span class='ocrx_word' id='word_1_17' title='bbox 2415 412 2557 489; x_wconf 78' lang='grc' dir='ltr'>μέθῃ</span> <span class='ocrx_word' id='word_1_18' title='bbox 2586 412 2682 468; x_wconf 85' lang='grc' dir='ltr'><strong>τοῦ</strong></span> <span class='ocrx_word' id='word_1_19' title='bbox 2714 413 2920 486; x_wconf 78' lang='grc' dir='ltr'>πατρὸς</span> <span class='ocrx_word' id='word_1_20' title='bbox 2954 413 3389 487; x_wconf 80' lang='grc' dir='ltr'><strong>παρεσκεύασεν,</strong></span> <span class='ocrx_word' id='word_1_21' title='bbox 3420 414 3511 468; x_wconf 72' lang='grc' dir='ltr'>ἵνα</span> <span class='ocrx_word' id='word_1_22' title='bbox 3546 414 3660 483; x_wconf 76' lang='grc' dir='ltr'><strong>γέο</strong></span> 
     </span>
    </p>
   </div>
   <div class='ocr_carea' id='block_1_6' title="bbox 377 489 1958 568">
    <p class='ocr_par' dir='ltr' id='par_1_6' title="bbox 377 489 1958 568">
     <span class='ocr_line' id='line_1_6' title="bbox 377 489 1958 568; baseline 0.009 -23"><span class='ocrx_word' id='word_1_23' title='bbox 377 489 485 545; x_wconf 87' lang='lat' dir='ltr'><strong>duo</strong></span> <span class='ocrx_word' id='word_1_24' title='bbox 515 491 657 545; x_wconf 85' lang='lat' dir='ltr'><strong>mala</strong></span> <span class='ocrx_word' id='word_1_25' title='bbox 681 493 993 547; x_wconf 76' lang='lat' dir='ltr'><strong>exstiterint</strong></span> <span class='ocrx_word' id='word_1_26' title='bbox 1017 513 1031 548; x_wconf 88' lang='lat'><strong>:</strong></span> <span class='ocrx_word' id='word_1_27' title='bbox 1065 509 1170 548; x_wconf 87' lang='lat' dir='ltr'><strong>una</strong></span> <span class='ocrx_word' id='word_1_28' title='bbox 1198 495 1340 549; x_wconf 85' lang='lat' dir='ltr'><strong>enim</strong></span> <span class='ocrx_word' id='word_1_29' title='bbox 1366 496 1597 552; x_wconf 74' lang='lat' dir='ltr'><strong>ebrietas</strong></span> <span class='ocrx_word' id='word_1_30' title='bbox 1625 510 1831 568; x_wconf 89' lang='lat' dir='ltr'><strong>patrem</strong></span> <span class='ocrx_word' id='word_1_31' title='bbox 1862 504 1958 559; x_wconf 81' lang='lat' dir='ltr'><strong>de-</strong></span> 
     </span>
    </p>
   </div>
   <div class='ocr_carea' id='block_1_7' title="bbox 378 581 1732 658">
    <p class='ocr_par' dir='ltr' id='par_1_7' title="bbox 378 581 1732 658">
     <span class='ocr_line' id='line_1_7' title="bbox 378 581 1732 658; baseline 0.007 -21"><span class='ocrx_word' id='word_1_32' title='bbox 378 581 493 637; x_wconf 88' lang='lat' dir='ltr'><strong>bito</strong></span> <span class='ocrx_word' id='word_1_33' title='bbox 526 590 861 653; x_wconf 84' lang='lat' dir='ltr'><strong>tegumento,</strong></span> <span class='ocrx_word' id='word_1_34' title='bbox 895 592 949 639; x_wconf 91' lang='lat' dir='ltr'><strong>et</strong></span> <span class='ocrx_word' id='word_1_35' title='bbox 982 584 1149 640; x_wconf 89' lang='lat' dir='ltr'><strong>lilium</strong></span> <span class='ocrx_word' id='word_1_36' title='bbox 1200 585 1451 644; x_wconf 86' lang='lat' dir='ltr'><strong>libertate</strong></span> <span class='ocrx_word' id='word_1_37' title='bbox 1485 590 1732 658; x_wconf 86' lang='lat' dir='ltr'><strong>privavit.</strong></span> 
     </span>
    </p>
   </div>
   <div class='ocr_carea' id='block_1_8' title="bbox 455 758 1956 829">
    <p class='ocr_par' dir='ltr' id='par_1_8' title="bbox 455 758 1956 829">
     <span class='ocr_line' id='line_1_8' title="bbox 455 758 1956 829; baseline 0.009 -14"><span class='ocrx_word' id='word_1_38' title='bbox 455 758 728 816; x_wconf 57' lang='lat' dir='ltr'><strong>Caeterum</strong></span> <span class='ocrx_word' id='word_1_39' title='bbox 758 764 978 829; x_wconf 78' lang='lat' dir='ltr'><strong>quando</strong></span> <span class='ocrx_word' id='word_1_40' title='bbox 1014 764 1208 819; x_wconf 88' lang='lat' dir='ltr'><strong>iterum</strong></span> <span class='ocrx_word' id='word_1_41' title='bbox 1241 769 1425 822; x_wconf 90' lang='lat' dir='ltr'><strong>oculos</strong></span> <span class='ocrx_word' id='word_1_42' title='bbox 1460 782 1609 824; x_wconf 89' lang='lat' dir='ltr'><strong>meos</strong></span> <span class='ocrx_word' id='word_1_43' title='bbox 1642 770 1859 827; x_wconf 79' lang='lat' dir='ltr'><strong>reflecto</strong></span> <span class='ocrx_word' id='word_1_44' title='bbox 1890 775 1956 829; x_wconf 85' lang='lat' dir='ltr'><strong>ad</strong></span> 
     </span>
    </p>
   </div>
   <div class='ocr_carea' id='block_1_9' title="bbox 385 849 1960 933">
    <p class='ocr_par' dir='ltr' id='par_1_9' title="bbox 385 849 1960 933">
     <span class='ocr_line' id='line_1_9' title="bbox 385 849 1960 933; baseline 0.009 -28"><span class='ocrx_word' id='word_1_45' title='bbox 385 849 500 906; x_wconf 78' lang='lat' dir='ltr'><strong>Heli</strong></span> <span class='ocrx_word' id='word_1_46' title='bbox 537 855 875 910; x_wconf 71' lang='lat' dir='ltr'><strong>sacerdotem</strong></span> <span class='ocrx_word' id='word_1_47' title='bbox 911 856 978 924; x_wconf 79' lang='grc'><strong>³⁸,</strong></span> <span class='ocrx_word' id='word_1_48' title='bbox 1007 866 1064 912; x_wconf 92' lang='lat' dir='ltr'><strong>et</strong></span> <span class='ocrx_word' id='word_1_49' title='bbox 1090 858 1142 912; x_wconf 91' lang='lat' dir='ltr'><strong>in</strong></span> <span class='ocrx_word' id='word_1_50' title='bbox 1177 858 1340 914; x_wconf 83' lang='lat' dir='ltr'><strong>rebus</strong></span> <span class='ocrx_word' id='word_1_51' title='bbox 1379 861 1447 915; x_wconf 86' lang='lat' dir='ltr'><strong>ab</strong></span> <span class='ocrx_word' id='word_1_52' title='bbox 1475 862 1592 931; x_wconf 91' lang='lat' dir='ltr'><strong>ipso</strong></span> <span class='ocrx_word' id='word_1_53' title='bbox 1619 865 1783 933; x_wconf 84' lang='lat' dir='ltr'><strong>gestis</strong></span> <span class='ocrx_word' id='word_1_54' title='bbox 1810 881 1960 921; x_wconf 87' lang='lat' dir='ltr'><strong>men—</strong></span> 
     </span>
    </p>
   </div>
   <div class='ocr_carea' id='block_1_10' title="bbox 383 948 1959 1020">
    <p class='ocr_par' dir='ltr' id='par_1_10' title="bbox 383 948 1959 1020">
     <span class='ocr_line' id='line_1_10' title="bbox 383 948 1959 1020; baseline 0.013 -25"><span class='ocrx_word' id='word_1_55' title='bbox 383 952 490 997; x_wconf 88' lang='lat' dir='ltr'><strong>tem</strong></span> <span class='ocrx_word' id='word_1_56' title='bbox 530 960 767 1016; x_wconf 87' lang='lat' dir='ltr'><strong>occupo,</strong></span> <span class='ocrx_word' id='word_1_57' title='bbox 806 948 1075 1020; x_wconf 77' lang='lat' dir='ltr'><strong>integram</strong></span> <span class='ocrx_word' id='word_1_58' title='bbox 1112 960 1357 1006; x_wconf 83' lang='lat' dir='ltr'><strong>catenam</strong></span> <span class='ocrx_word' id='word_1_59' title='bbox 1393 954 1765 1011; x_wconf 89' lang='lat' dir='ltr'><strong>calamitatum</strong></span> <span class='ocrx_word' id='word_1_60' title='bbox 1799 974 1866 1014; x_wconf 89' lang='lat' dir='ltr'><strong>ex</strong></span> <span class='ocrx_word' id='word_1_61' title='bbox 1900 974 1959 1015; x_wconf 90' lang='lat' dir='ltr'><strong>se</strong></span> 
     </span>
    </p>
   </div>
   <div class='ocr_carea' id='block_1_11' title="bbox 382 1040 1955 1119">
    <p class='ocr_par' dir='ltr' id='par_1_11' title="bbox 382 1040 1955 1119">
     <span class='ocr_line' id='line_1_11' title="bbox 382 1040 1955 1119; baseline 0.013 -34"><span class='ocrx_word' id='word_1_62' title='bbox 382 1044 571 1089; x_wconf 87' lang='lat' dir='ltr'><strong>mutuo</strong></span> <span class='ocrx_word' id='word_1_63' title='bbox 612 1053 873 1092; x_wconf 75' lang='lat' dir='ltr'><strong>uexarum</strong></span> <span class='ocrx_word' id='word_1_64' title='bbox 934 1040 1185 1107; x_wconf 88' lang='lat' dir='ltr'><strong>invenio;</strong></span> <span class='ocrx_word' id='word_1_65' title='bbox 1232 1056 1355 1110; x_wconf 72' lang='lat' dir='ltr'><strong>qua:</strong></span> <span class='ocrx_word' id='word_1_66' title='bbox 1392 1045 1459 1097; x_wconf 90' lang='lat' dir='ltr'><strong>ab</strong></span> <span class='ocrx_word' id='word_1_67' title='bbox 1501 1060 1605 1100; x_wconf 88' lang='lat' dir='ltr'><strong>uno</strong></span> <span class='ocrx_word' id='word_1_68' title='bbox 1659 1048 1955 1119; x_wconf 90' lang='lat' dir='ltr'><strong>principio,</strong></span> 
     </span>
    </p>
   </div>
   <div class='ocr_carea' id='block_1_12' title="bbox 383 1135 1956 1206">
    <p class='ocr_par' dir='ltr' id='par_1_12' title="bbox 383 1135 1956 1206">
     <span class='ocr_line' id='line_1_12' title="bbox 383 1135 1956 1206; baseline 0.012 -28"><span class='ocrx_word' id='word_1_69' title='bbox 383 1139 574 1197; x_wconf 86' lang='lat' dir='ltr'><strong>nempe</strong></span> <span class='ocrx_word' id='word_1_70' title='bbox 594 1143 622 1181; x_wconf 92' lang='lat' dir='ltr'><strong>a</strong></span> <span class='ocrx_word' id='word_1_71' title='bbox 647 1140 836 1185; x_wconf 82' lang='lat' dir='ltr'><strong>ventre</strong></span> <span class='ocrx_word' id='word_1_72' title='bbox 862 1142 917 1187; x_wconf 91' lang='lat' dir='ltr'><strong>et</strong></span> <span class='ocrx_word' id='word_1_73' title='bbox 940 1135 1189 1189; x_wconf 81' lang='lat' dir='ltr'><strong>satietate</strong></span> <span class='ocrx_word' id='word_1_74' title='bbox 1215 1136 1477 1206; x_wconf 80' lang='lat' dir='ltr'><strong>originem</strong></span> <span class='ocrx_word' id='word_1_75' title='bbox 1507 1140 1793 1196; x_wconf 74' lang='lat' dir='ltr'><strong>duxerunt.</strong></span> <span class='ocrx_word' id='word_1_76' title='bbox 1822 1142 1956 1197; x_wconf 82' lang='lat' dir='ltr'><strong>Nam</strong></span> 
     </span>
    </p>
   </div>
   <div class='ocr_carea' id='block_1_13' title="bbox 387 1217 1961 1298">
    <p class='ocr_par' dir='ltr' id='par_1_13' title="bbox 387 1217 1961 1298">
     <span class='ocr_line' id='line_1_13' title="bbox 387 1217 1961 1298; baseline 0.014 -28"><span class='ocrx_word' id='word_1_77' title='bbox 387 1217 480 1273; x_wconf 84' lang='lat' dir='ltr'><strong>illii</strong></span> <span class='ocrx_word' id='word_1_78' title='bbox 515 1219 636 1277; x_wconf 83' lang='lat' dir='ltr'><strong>lleli</strong></span> <span class='ocrx_word' id='word_1_79' title='bbox 675 1224 848 1289; x_wconf 84' lang='lat' dir='ltr'><strong>patris</strong></span> <span class='ocrx_word' id='word_1_80' title='bbox 879 1226 962 1280; x_wconf 92' lang='lat' dir='ltr'><strong>sui</strong></span> <span class='ocrx_word' id='word_1_81' title='bbox 1000 1227 1361 1283; x_wconf 79' lang='lat' dir='ltr'><strong>sacerdotium</strong></span> <span class='ocrx_word' id='word_1_82' title='bbox 1394 1245 1491 1298; x_wconf 88' lang='lat' dir='ltr'><strong>pro</strong></span> <span class='ocrx_word' id='word_1_83' title='bbox 1523 1235 1813 1290; x_wconf 88' lang='lat' dir='ltr'><strong>occasione</strong></span> <span class='ocrx_word' id='word_1_84' title='bbox 1838 1236 1961 1291; x_wconf 86' lang='lat' dir='ltr'><strong>libi-</strong></span> 
     </span>
    </p>
   </div>
   <div class='ocr_carea' id='block_1_14' title="bbox 382 1311 1961 1394">
    <p class='ocr_par' dir='ltr' id='par_1_14' title="bbox 382 1311 1961 1394">
     <span class='ocr_line' id='line_1_14' title="bbox 382 1311 1961 1394; baseline 0.013 -31"><span class='ocrx_word' id='word_1_85' title='bbox 382 1311 523 1367; x_wconf 89' lang='lat' dir='ltr'><strong>diuis</strong></span> <span class='ocrx_word' id='word_1_86' title='bbox 547 1324 603 1368; x_wconf 92' lang='lat' dir='ltr'><strong>et</strong></span> <span class='ocrx_word' id='word_1_87' title='bbox 630 1315 788 1370; x_wconf 89' lang='lat' dir='ltr'><strong>luxus</strong></span> <span class='ocrx_word' id='word_1_88' title='bbox 819 1318 1162 1387; x_wconf 78' lang='lat' dir='ltr'><strong>arripientes,</strong></span> <span class='ocrx_word' id='word_1_89' title='bbox 1188 1322 1451 1378; x_wconf 76' lang='lat' dir='ltr'><strong>sacriﬁcia</strong></span> <span class='ocrx_word' id='word_1_90' title='bbox 1478 1326 1830 1393; x_wconf 79' lang='lat' dir='ltr'><strong>profanabant</strong></span> <span class='ocrx_word' id='word_1_91' title='bbox 1861 1369 1876 1394; x_wconf 89' lang='lat'><strong>,</strong></span> <span class='ocrx_word' id='word_1_92' title='bbox 1905 1339 1961 1384; x_wconf 89' lang='lat' dir='ltr'><strong>et</strong></span> 
     </span>
    </p>
   </div>
   <div class='ocr_carea' id='block_1_15' title="bbox 383 1404 1961 1487">
    <p class='ocr_par' dir='ltr' id='par_1_15' title="bbox 383 1404 1961 1487">
     <span class='ocr_line' id='line_1_15' title="bbox 383 1404 1961 1487; baseline 0.015 -35"><span class='ocrx_word' id='word_1_93' title='bbox 383 1404 533 1471; x_wconf 84' lang='lat' dir='ltr'><strong>prius</strong></span> <span class='ocrx_word' id='word_1_94' title='bbox 580 1406 756 1460; x_wconf 89' lang='lat' dir='ltr'><strong>ventri</strong></span> <span class='ocrx_word' id='word_1_95' title='bbox 805 1421 940 1474; x_wconf 89' lang='lat' dir='ltr'><strong>suo,</strong></span> <span class='ocrx_word' id='word_1_96' title='bbox 986 1424 1150 1478; x_wconf 81' lang='lat' dir='ltr'><strong>quam</strong></span> <span class='ocrx_word' id='word_1_97' title='bbox 1207 1412 1316 1468; x_wconf 90' lang='lat' dir='ltr'><strong>Deo</strong></span> <span class='ocrx_word' id='word_1_98' title='bbox 1362 1413 1429 1469; x_wconf 91' lang='lat' dir='ltr'><strong>de</strong></span> <span class='ocrx_word' id='word_1_99' title='bbox 1472 1416 1662 1475; x_wconf 89' lang='lat' dir='ltr'><strong>hostiis</strong></span> <span class='ocrx_word' id='word_1_100' title='bbox 1694 1420 1961 1487; x_wconf 81' lang='lat' dir='ltr'><strong>primitias</strong></span> 
     </span>
    </p>
   </div>
   <div class='ocr_carea' id='block_1_16' title="bbox 386 1495 1957 1571">
    <p class='ocr_par' dir='ltr' id='par_1_16' title="bbox 386 1495 1957 1571">
     <span class='ocr_line' id='line_1_16' title="bbox 386 1495 1957 1571; baseline 0.011 -22"><span class='ocrx_word' id='word_1_101' title='bbox 386 1495 708 1552; x_wconf 75' lang='lat' dir='ltr'><strong>oﬂ‘ercbant.</strong></span> <span class='ocrx_word' id='word_1_102' title='bbox 739 1499 938 1556; x_wconf 86' lang='lat' dir='ltr'><strong>Secuta</strong></span> <span class='ocrx_word' id='word_1_103' title='bbox 967 1512 1052 1557; x_wconf 92' lang='lat' dir='ltr'><strong>est</strong></span> <span class='ocrx_word' id='word_1_104' title='bbox 1082 1503 1373 1562; x_wconf 87' lang='lat' dir='ltr'><strong>fornicatio</strong></span> <span class='ocrx_word' id='word_1_105' title='bbox 1395 1549 1410 1571; x_wconf 91' lang='lat'><strong>,</strong></span> <span class='ocrx_word' id='word_1_106' title='bbox 1437 1524 1594 1565; x_wconf 90' lang='lat' dir='ltr'><strong>soror</strong></span> <span class='ocrx_word' id='word_1_107' title='bbox 1621 1511 1957 1568; x_wconf 87' lang='lat' dir='ltr'><strong>deliciarum.</strong></span> 
     </span>
    </p>
   </div>
   <div class='ocr_carea' id='block_1_17' title="bbox 394 1586 1958 1671">
    <p class='ocr_par' dir='ltr' id='par_1_17' title="bbox 394 1586 1958 1671">
     <span class='ocr_line' id='line_1_17' title="bbox 394 1586 1958 1671; baseline 0.012 -30"><span class='ocrx_word' id='word_1_108' title='bbox 394 1586 502 1644; x_wconf 85' lang='lat' dir='ltr'><strong>Sed</strong></span> <span class='ocrx_word' id='word_1_109' title='bbox 557 1588 642 1645; x_wconf 88' lang='lat' dir='ltr'><strong>his</strong></span> <span class='ocrx_word' id='word_1_110' title='bbox 686 1592 941 1648; x_wconf 89' lang='lat' dir='ltr'><strong>omnibus</strong></span> <span class='ocrx_word' id='word_1_111' title='bbox 1003 1598 1317 1665; x_wconf 79' lang='lat' dir='ltr'><strong>supervenit</strong></span> <span class='ocrx_word' id='word_1_112' title='bbox 1361 1596 1629 1666; x_wconf 89' lang='lat' dir='ltr'><strong>judicium</strong></span> <span class='ocrx_word' id='word_1_113' title='bbox 1681 1592 1958 1671; x_wconf 77' lang='lat' dir='ltr'><strong>divinum,</strong></span> 
     </span>
    </p>
   </div>
   <div class='ocr_carea' id='block_1_18' title="bbox 382 1680 1957 1750">
    <p class='ocr_par' dir='ltr' id='par_1_18' title="bbox 382 1680 1957 1750">
     <span class='ocr_line' id='line_1_18' title="bbox 382 1680 1957 1750; baseline 0.015 -22"><span class='ocrx_word' id='word_1_114' title='bbox 382 1680 526 1748; x_wconf 86' lang='lat' dir='ltr'><strong>quod</strong></span> <span class='ocrx_word' id='word_1_115' title='bbox 586 1695 830 1737; x_wconf 82' lang='lat' dir='ltr'><strong>severam</strong></span> <span class='ocrx_word' id='word_1_116' title='bbox 883 1684 1040 1740; x_wconf 76' lang='lat' dir='ltr'><strong>valde</strong></span> <span class='ocrx_word' id='word_1_117' title='bbox 1089 1697 1143 1742; x_wconf 88' lang='lat' dir='ltr'><strong>et</strong></span> <span class='ocrx_word' id='word_1_118' title='bbox 1197 1689 1585 1746; x_wconf 83' lang='lat' dir='ltr'><strong>inexorabilem</strong></span> <span class='ocrx_word' id='word_1_119' title='bbox 1631 1695 1957 1750; x_wconf 86' lang='lat' dir='ltr'><strong>sententiam</strong></span> 
     </span>
    </p>
   </div>
   <div class='ocr_carea' id='block_1_19' title="bbox 2061 501 3655 577">
    <p class='ocr_par' dir='ltr' id='par_1_19' title="bbox 2061 501 3655 577">
     <span class='ocr_line' id='line_1_19' title="bbox 2061 501 3655 577; baseline 0.001 -20"><span class='ocrx_word' id='word_1_120' title='bbox 2061 518 2220 575; x_wconf 86' lang='grc' dir='ltr'>νηται</span> <span class='ocrx_word' id='word_1_121' title='bbox 2244 501 2337 557; x_wconf 89' lang='grc' dir='ltr'><strong>δύο</strong></span> <span class='ocrx_word' id='word_1_122' title='bbox 2356 502 2504 558; x_wconf 86' lang='grc' dir='ltr'><strong>κακά</strong></span> <span class='ocrx_word' id='word_1_123' title='bbox 2547 504 2613 557; x_wconf 88' lang='grc' dir='ltr'>δι’</span> <span class='ocrx_word' id='word_1_124' title='bbox 2642 504 2760 570; x_wconf 80' lang='grc' dir='ltr'>ἐνὸς</span> <span class='ocrx_word' id='word_1_125' title='bbox 2804 504 3309 577; x_wconf 85' lang='grc' dir='ltr'>πλημμελήματος;</span> <span class='ocrx_word' id='word_1_126' title='bbox 3367 505 3485 559; x_wconf 84' lang='grc' dir='ltr'>Μία</span> <span class='ocrx_word' id='word_1_127' title='bbox 3528 504 3655 576; x_wconf 73' lang='grc' dir='ltr'><strong>γὰρ</strong></span> 
     </span>
    </p>
   </div>
   <div class='ocr_carea' id='block_1_20' title="bbox 2062 594 3657 668">
    <p class='ocr_par' dir='ltr' id='par_1_20' title="bbox 2062 594 3657 668">
     <span class='ocr_line' id='line_1_20' title="bbox 2062 594 3657 668; baseline 0.001 -21"><span class='ocrx_word' id='word_1_128' title='bbox 2062 594 2202 665; x_wconf 83' lang='grc' dir='ltr'>μέθη</span> <span class='ocrx_word' id='word_1_129' title='bbox 2236 594 2449 648; x_wconf 79' lang='grc' dir='ltr'>καὶτὸν</span> <span class='ocrx_word' id='word_1_130' title='bbox 2487 595 2697 666; x_wconf 80' lang='grc' dir='ltr'>πατέρα</span> <span class='ocrx_word' id='word_1_131' title='bbox 2756 596 2857 668; x_wconf 82' lang='grc' dir='ltr'>τῆς</span> <span class='ocrx_word' id='word_1_132' title='bbox 2908 595 3216 668; x_wconf 77' lang='grc' dir='ltr'><strong>εὐπρεποῦς</strong></span> <span class='ocrx_word' id='word_1_133' title='bbox 3253 594 3485 660; x_wconf 82' lang='grc' dir='ltr'>σκέπης,</span> <span class='ocrx_word' id='word_1_134' title='bbox 3545 594 3657 648; x_wconf 76' lang='grc' dir='ltr'><strong>καὶ</strong></span> 
     </span>
    </p>
   </div>
   <div class='ocr_carea' id='block_1_21' title="bbox 2056 685 3100 759">
    <p class='ocr_par' dir='ltr' id='par_1_21' title="bbox 2056 685 3100 759">
     <span class='ocr_line' id='line_1_21' title="bbox 2056 685 3100 759; baseline 0.004 -21"><span class='ocrx_word' id='word_1_135' title='bbox 2056 685 2260 740; x_wconf 84' lang='grc' dir='ltr'>τὸνυὶδν</span> <span class='ocrx_word' id='word_1_136' title='bbox 2284 686 2383 757; x_wconf 84' lang='grc' dir='ltr'>τῆς</span> <span class='ocrx_word' id='word_1_137' title='bbox 2405 685 2733 758; x_wconf 83' lang='grc' dir='ltr'>ἐλευθερίας,</span> <span class='ocrx_word' id='word_1_138' title='bbox 2764 685 3100 759; x_wconf 89' lang='grc' dir='ltr'>ἐγύμνωσεν.</span> 
     </span>
    </p>
   </div>
   <div class='ocr_carea' id='block_1_22' title="bbox 2132 776 3654 850">
    <p class='ocr_par' dir='ltr' id='par_1_22' title="bbox 2132 776 3654 850">
     <span class='ocr_line' id='line_1_22' title="bbox 2132 776 3654 850; baseline 0 -19"><span class='ocrx_word' id='word_1_139' title='bbox 2132 776 2300 831; x_wconf 82' lang='grc' dir='ltr'>Ὅταν</span> <span class='ocrx_word' id='word_1_140' title='bbox 2327 776 2384 831; x_wconf 74' lang='grc' dir='ltr'>δὲ</span> <span class='ocrx_word' id='word_1_141' title='bbox 2414 778 2574 833; x_wconf 89' lang='grc' dir='ltr'>πάλιν</span> <span class='ocrx_word' id='word_1_142' title='bbox 2614 779 2748 850; x_wconf 81' lang='grc' dir='ltr'>πρὸς</span> <span class='ocrx_word' id='word_1_143' title='bbox 2772 779 2898 841; x_wconf 76' lang='grc' dir='ltr'>τοὺς</span> <span class='ocrx_word' id='word_1_144' title='bbox 2927 778 3126 842; x_wconf 84' lang='grc' dir='ltr'>παῖδας</span> <span class='ocrx_word' id='word_1_145' title='bbox 3157 776 3335 832; x_wconf 82' lang='grc' dir='ltr'>ἀπίδω</span> <span class='ocrx_word' id='word_1_146' title='bbox 3373 776 3524 831; x_wconf 80' lang='grc' dir='ltr'>Ἦλεὶ</span> <span class='ocrx_word' id='word_1_147' title='bbox 3542 776 3654 831; x_wconf 81' lang='grc' dir='ltr'><strong>τοῦ</strong></span> 
     </span>
    </p>
   </div>
   <div class='ocr_carea' id='block_1_23' title="bbox 2063 868 3656 942">
    <p class='ocr_par' dir='ltr' id='par_1_23' title="bbox 2063 868 3656 942">
     <span class='ocr_line' id='line_1_23' title="bbox 2063 868 3656 942; baseline -0.001 -20"><span class='ocrx_word' id='word_1_148' title='bbox 2063 868 2252 940; x_wconf 79' lang='grc' dir='ltr'><strong>ἱερέως</strong></span> <span class='ocrx_word' id='word_1_149' title='bbox 2279 868 2376 922; x_wconf 78' lang='grc' dir='ltr'><strong>καὶ</strong></span> <span class='ocrx_word' id='word_1_150' title='bbox 2413 868 2549 938; x_wconf 77' lang='grc' dir='ltr'>πρὸς</span> <span class='ocrx_word' id='word_1_151' title='bbox 2581 871 2795 941; x_wconf 82' lang='grc' dir='ltr'>ἐκείνην</span> <span class='ocrx_word' id='word_1_152' title='bbox 2834 868 2933 942; x_wconf 80' lang='grc' dir='ltr'>τὴν</span> <span class='ocrx_word' id='word_1_153' title='bbox 2963 869 3203 941; x_wconf 76' lang='grc' dir='ltr'>ἱστορίαν</span> <span class='ocrx_word' id='word_1_154' title='bbox 3237 868 3524 940; x_wconf 81' lang='grc' dir='ltr'>ἀσχολήσω</span> <span class='ocrx_word' id='word_1_155' title='bbox 3550 868 3656 921; x_wconf 75' lang='grc' dir='ltr'><strong>τὸν</strong></span> 
     </span>
    </p>
   </div>
   <div class='ocr_carea' id='block_1_24' title="bbox 2059 959 3657 1033">
    <p class='ocr_par' dir='ltr' id='par_1_24' title="bbox 2059 959 3657 1033">
     <span class='ocr_line' id='line_1_24' title="bbox 2059 959 3657 1033; baseline -0.001 -19"><span class='ocrx_word' id='word_1_156' title='bbox 2059 959 2205 1023; x_wconf 92' lang='grc' dir='ltr'>νοῦν,</span> <span class='ocrx_word' id='word_1_157' title='bbox 2239 959 2481 1031; x_wconf 84' lang='grc' dir='ltr'>όρμαθὸν</span> <span class='ocrx_word' id='word_1_158' title='bbox 2530 961 2771 1033; x_wconf 77' lang='grc' dir='ltr'>εὑρίσκω</span> <span class='ocrx_word' id='word_1_159' title='bbox 2804 961 3126 1032; x_wconf 83' lang='grc' dir='ltr'>συμφορῶν,</span> <span class='ocrx_word' id='word_1_160' title='bbox 3157 960 3415 1033; x_wconf 81' lang='grc' dir='ltr'><strong>ἀλλήλαις</strong></span> <span class='ocrx_word' id='word_1_161' title='bbox 3452 960 3657 1014; x_wconf 87' lang='grc' dir='ltr'>συνδε-</span> 
     </span>
    </p>
   </div>
   <div class='ocr_carea' id='block_1_25' title="bbox 2057 1051 3652 1126">
    <p class='ocr_par' dir='ltr' id='par_1_25' title="bbox 2057 1051 3652 1126">
     <span class='ocr_line' id='line_1_25' title="bbox 2057 1051 3652 1126; baseline 0.003 -21"><span class='ocrx_word' id='word_1_162' title='bbox 2057 1051 2299 1123; x_wconf 87' lang='grc' dir='ltr'>δεμένων</span> <span class='ocrx_word' id='word_1_163' title='bbox 2331 1051 2440 1105; x_wconf 84' lang='grc' dir='ltr'><strong>ἀπὸ</strong></span> <span class='ocrx_word' id='word_1_164' title='bbox 2465 1053 2592 1123; x_wconf 79' lang='grc' dir='ltr'>μιᾶς</span> <span class='ocrx_word' id='word_1_165' title='bbox 2610 1053 2808 1125; x_wconf 85' lang='grc' dir='ltr'>ἀρχῆς,</span> <span class='ocrx_word' id='word_1_166' title='bbox 2835 1054 2935 1126; x_wconf 83' lang='grc' dir='ltr'>τῆς</span> <span class='ocrx_word' id='word_1_167' title='bbox 2949 1054 3039 1109; x_wconf 82' lang='grc' dir='ltr'>διὰ</span> <span class='ocrx_word' id='word_1_168' title='bbox 3054 1054 3315 1126; x_wconf 84' lang='grc' dir='ltr'>γαστέρα,</span> <span class='ocrx_word' id='word_1_169' title='bbox 3334 1054 3428 1109; x_wconf 71' lang='grc' dir='ltr'><strong>καὶ</strong></span> <span class='ocrx_word' id='word_1_170' title='bbox 3453 1054 3652 1125; x_wconf 81' lang='grc' dir='ltr'>κόρον.</span> 
     </span>
    </p>
   </div>
   <div class='ocr_carea' id='block_1_26' title="bbox 2062 1140 3657 1219">
    <p class='ocr_par' dir='ltr' id='par_1_26' title="bbox 2062 1140 3657 1219">
     <span class='ocr_line' id='line_1_26' title="bbox 2062 1140 3657 1219; baseline 0.002 -24"><span class='ocrx_word' id='word_1_171' title='bbox 2062 1141 2318 1195; x_wconf 86' lang='grc' dir='ltr'>Κάκεῖνοι</span> <span class='ocrx_word' id='word_1_172' title='bbox 2351 1140 2460 1212; x_wconf 83' lang='grc' dir='ltr'>γὰρ</span> <span class='ocrx_word' id='word_1_173' title='bbox 2489 1142 2589 1214; x_wconf 88' lang='grc' dir='ltr'><strong>τὴν</strong></span> <span class='ocrx_word' id='word_1_174' title='bbox 2627 1141 2724 1197; x_wconf 82' lang='grc' dir='ltr'><strong>τοῦ</strong></span> <span class='ocrx_word' id='word_1_175' title='bbox 2770 1144 2976 1216; x_wconf 82' lang='grc' dir='ltr'>πατρὸς</span> <span class='ocrx_word' id='word_1_176' title='bbox 3025 1145 3351 1219; x_wconf 75' lang='grc' dir='ltr'>ἱερωσύνην,</span> <span class='ocrx_word' id='word_1_177' title='bbox 3382 1145 3657 1217; x_wconf 83' lang='grc' dir='ltr'>ἀφορμὴν</span> 
     </span>
    </p>
   </div>
   <div class='ocr_carea' id='block_1_27' title="bbox 2064 1232 3659 1304">
    <p class='ocr_par' dir='ltr' id='par_1_27' title="bbox 2064 1232 3659 1304">
     <span class='ocr_line' id='line_1_27' title="bbox 2064 1232 3659 1304; baseline 0.001 -18"><span class='ocrx_word' id='word_1_178' title='bbox 2064 1233 2277 1303; x_wconf 81' lang='grc' dir='ltr'>θέμενοι</span> <span class='ocrx_word' id='word_1_179' title='bbox 2328 1232 2663 1304; x_wconf 78' lang='grc' dir='ltr'>ἡδυπαθείας</span> <span class='ocrx_word' id='word_1_180' title='bbox 2730 1236 2826 1289; x_wconf 76' lang='grc' dir='ltr'>καὶ</span> <span class='ocrx_word' id='word_1_181' title='bbox 2886 1236 3239 1301; x_wconf 78' lang='grc' dir='ltr'>ἀπολαύσεως</span> <span class='ocrx_word' id='word_1_182' title='bbox 3292 1236 3391 1300; x_wconf 83' lang='grc' dir='ltr'>τὰς</span> <span class='ocrx_word' id='word_1_183' title='bbox 3446 1236 3659 1298; x_wconf 79' lang='grc' dir='ltr'><strong>θυσίας</strong></span> 
     </span>
    </p>
   </div>
   <div class='ocr_carea' id='block_1_28' title="bbox 2062 1325 3658 1400">
    <p class='ocr_par' dir='ltr' id='par_1_28' title="bbox 2062 1325 3658 1400">
     <span class='ocr_line' id='line_1_28' title="bbox 2062 1325 3658 1400; baseline 0.003 -23"><span class='ocrx_word' id='word_1_184' title='bbox 2062 1325 2352 1399; x_wconf 79' lang='grc' dir='ltr'>ἐϐεϐήλουν</span> <span class='ocrx_word' id='word_1_185' title='bbox 2386 1325 2480 1381; x_wconf 78' lang='grc' dir='ltr'>καὶ</span> <span class='ocrx_word' id='word_1_186' title='bbox 2515 1329 2580 1400; x_wconf 79' lang='grc' dir='ltr'>τῇ</span> <span class='ocrx_word' id='word_1_187' title='bbox 2614 1327 2813 1400; x_wconf 83' lang='grc' dir='ltr'>γαστρὶ</span> <span class='ocrx_word' id='word_1_188' title='bbox 2845 1327 2951 1400; x_wconf 72' lang='grc' dir='ltr'><strong>πρὸ</strong></span> <span class='ocrx_word' id='word_1_189' title='bbox 2984 1328 3078 1383; x_wconf 87' lang='grc' dir='ltr'><strong>τοῦ</strong></span> <span class='ocrx_word' id='word_1_190' title='bbox 3110 1328 3246 1382; x_wconf 83' lang='grc' dir='ltr'>Θεοῦ</span> <span class='ocrx_word' id='word_1_191' title='bbox 3267 1328 3377 1383; x_wconf 86' lang='grc' dir='ltr'>τῶν</span> <span class='ocrx_word' id='word_1_192' title='bbox 3424 1328 3658 1400; x_wconf 85' lang='grc' dir='ltr'>ἱερείων</span> 
     </span>
    </p>
   </div>
   <div class='ocr_carea' id='block_1_29' title="bbox 2060 1421 3661 1495">
    <p class='ocr_par' dir='ltr' id='par_1_29' title="bbox 2060 1421 3661 1495">
     <span class='ocr_line' id='line_1_29' title="bbox 2060 1421 3661 1495; baseline 0.002 -21"><span class='ocrx_word' id='word_1_193' title='bbox 2060 1422 2387 1494; x_wconf 85' lang='grc' dir='ltr'>ἀπήρχοντο.</span> <span class='ocrx_word' id='word_1_194' title='bbox 2430 1421 2740 1477; x_wconf 82' lang='grc' dir='ltr'>Ἠκολούθει</span> <span class='ocrx_word' id='word_1_195' title='bbox 2776 1423 2833 1477; x_wconf 80' lang='grc' dir='ltr'>δὲ</span> <span class='ocrx_word' id='word_1_196' title='bbox 2854 1424 2948 1477; x_wconf 78' lang='grc' dir='ltr'>καὶ</span> <span class='ocrx_word' id='word_1_197' title='bbox 2973 1426 3007 1495; x_wconf 83' lang='grc' dir='ltr'><strong>ἡ</strong></span> <span class='ocrx_word' id='word_1_198' title='bbox 3033 1424 3278 1495; x_wconf 81' lang='grc' dir='ltr'>πορνεία,</span> <span class='ocrx_word' id='word_1_199' title='bbox 3308 1423 3513 1495; x_wconf 81' lang='grc' dir='ltr'>ἀδελφὴ</span> <span class='ocrx_word' id='word_1_200' title='bbox 3543 1423 3661 1494; x_wconf 83' lang='grc' dir='ltr'>τῆς</span> 
     </span>
    </p>
   </div>
   <div class='ocr_carea' id='block_1_30' title="bbox 2060 1514 3659 1587">
    <p class='ocr_par' dir='ltr' id='par_1_30' title="bbox 2060 1514 3659 1587">
     <span class='ocr_line' id='line_1_30' title="bbox 2060 1514 3659 1587; baseline 0.002 -20"><span class='ocrx_word' id='word_1_201' title='bbox 2060 1514 2269 1585; x_wconf 81' lang='grc' dir='ltr'>τρυφῆς</span> <span class='ocrx_word' id='word_1_202' title='bbox 2316 1514 2581 1587; x_wconf 86' lang='grc' dir='ltr'>ἁμαρτία,</span> <span class='ocrx_word' id='word_1_203' title='bbox 2635 1515 2729 1569; x_wconf 59' lang='grc' dir='ltr'><strong>καί⁹</strong></span> <span class='ocrx_word' id='word_1_204' title='bbox 2784 1515 2996 1579; x_wconf 85' lang='grc' dir='ltr'>τούτοις</span> <span class='ocrx_word' id='word_1_205' title='bbox 3058 1517 3225 1569; x_wconf 73' lang='grc' dir='ltr'>πᾶσιν</span> <span class='ocrx_word' id='word_1_206' title='bbox 3279 1517 3313 1586; x_wconf 80' lang='grc' dir='ltr'>ἡ</span> <span class='ocrx_word' id='word_1_207' title='bbox 3348 1515 3501 1587; x_wconf 82' lang='grc' dir='ltr'>παρᾶ</span> <span class='ocrx_word' id='word_1_208' title='bbox 3546 1514 3659 1570; x_wconf 79' lang='grc' dir='ltr'><strong>τοῦ</strong></span> 
     </span>
    </p>
   </div>
   <div class='ocr_carea' id='block_1_31' title="bbox 2060 1602 3663 1676">
    <p class='ocr_par' dir='ltr' id='par_1_31' title="bbox 2060 1602 3663 1676">
     <span class='ocr_line' id='line_1_31' title="bbox 2060 1602 3663 1676; baseline -0.001 -18"><span class='ocrx_word' id='word_1_209' title='bbox 2060 1603 2195 1658; x_wconf 88' lang='grc' dir='ltr'>Θεοῦ</span> <span class='ocrx_word' id='word_1_210' title='bbox 2232 1604 2434 1676; x_wconf 88' lang='grc' dir='ltr'>κρίσις,</span> <span class='ocrx_word' id='word_1_211' title='bbox 2464 1603 2744 1676; x_wconf 80' lang='grc' dir='ltr'>αὐστηράν</span> <span class='ocrx_word' id='word_1_212' title='bbox 2774 1605 2869 1659; x_wconf 77' lang='grc' dir='ltr'><strong>καὶ</strong></span> <span class='ocrx_word' id='word_1_213' title='bbox 2899 1604 3172 1675; x_wconf 82' lang='grc' dir='ltr'>ἀπότομον</span> <span class='ocrx_word' id='word_1_214' title='bbox 3221 1602 3321 1675; x_wconf 78' lang='grc' dir='ltr'><strong>τὴν</strong></span> <span class='ocrx_word' id='word_1_215' title='bbox 3348 1603 3506 1674; x_wconf 81' lang='grc' dir='ltr'>δίκην</span> <span class='ocrx_word' id='word_1_216' title='bbox 3546 1604 3663 1657; x_wconf 87' lang='grc' dir='ltr'>ἐπ-</span> 
     </span>
    </p>
   </div>
   <div class='ocr_carea' id='block_1_32' title="bbox 2061 1696 3662 1771">
    <p class='ocr_par' dir='ltr' id='par_1_32' title="bbox 2061 1696 3662 1771">
     <span class='ocr_line' id='line_1_32' title="bbox 2061 1696 3662 1771; baseline -0.002 -18"><span class='ocrx_word' id='word_1_217' title='bbox 2061 1697 2293 1767; x_wconf 86' lang='grc' dir='ltr'>άγουσα.</span> <span class='ocrx_word' id='word_1_218' title='bbox 2330 1697 2660 1771; x_wconf 82' lang='grc' dir='ltr'>Ἕθνος.γάρ</span> <span class='ocrx_word' id='word_1_219' title='bbox 2700 1698 2956 1771; x_wconf 85' lang='grc' dir='ltr'>πολέμιον</span> <span class='ocrx_word' id='word_1_220' title='bbox 2977 1698 3045 1751; x_wconf 81' lang='grc' dir='ltr'>δι’</span> <span class='ocrx_word' id='word_1_221' title='bbox 3086 1696 3324 1761; x_wconf 75' lang='grc' dir='ltr'>ἐκείνους</span> <span class='ocrx_word' id='word_1_222' title='bbox 3354 1696 3496 1752; x_wconf 86' lang='grc' dir='ltr'><strong>κατά</strong></span> <span class='ocrx_word' id='word_1_223' title='bbox 3534 1696 3662 1750; x_wconf 85' lang='grc' dir='ltr'>τῶν</span> 
     </span>
    </p>
   </div>
   <div class='ocr_carea' id='block_1_33' title="bbox 384 1771 1964 1865">
    <p class='ocr_par' dir='ltr' id='par_1_33' title="bbox 384 1771 1958 1853">
     <span class='ocr_line' id='line_1_33' title="bbox 384 1771 1958 1853; baseline 0.009 -28"><span class='ocrx_word' id='word_1_224' title='bbox 384 1771 647 1838; x_wconf 58' lang='lat' dir='ltr'><strong>induxit;</strong></span> <span class='ocrx_word' id='word_1_225' title='bbox 706 1790 830 1830; x_wconf 89' lang='lat' dir='ltr'><strong>nam</strong></span> <span class='ocrx_word' id='word_1_226' title='bbox 889 1786 1109 1848; x_wconf 87' lang='lat' dir='ltr'><strong>propter</strong></span> <span class='ocrx_word' id='word_1_227' title='bbox 1154 1779 1275 1836; x_wconf 88' lang='lat' dir='ltr'><strong>illos</strong></span> <span class='ocrx_word' id='word_1_228' title='bbox 1324 1797 1458 1853; x_wconf 83' lang='lat' dir='ltr'><strong>gens</strong></span> <span class='ocrx_word' id='word_1_229' title='bbox 1512 1784 1722 1839; x_wconf 82' lang='lat' dir='ltr'><strong>hostilis</strong></span> <span class='ocrx_word' id='word_1_230' title='bbox 1772 1796 1958 1841; x_wconf 85' lang='lat' dir='ltr'><strong>contra</strong></span> 
     </span>
    </p>
   </div>
   <div class='ocr_carea' id='block_1_34' title="bbox 2094 1771 3665 1865">
    <p class='ocr_par' dir='ltr' id='par_1_34' title="bbox 2094 1784 3665 1865">
     <span class='ocr_line' id='line_1_34' title="bbox 2094 1784 3665 1865; baseline -0.001 -21"><span class='ocrx_word' id='word_1_231' title='bbox 2094 1788 2460 1865; x_wconf 88' lang='grc' dir='ltr'>Ιεροσολύμων</span> <span class='ocrx_word' id='word_1_232' title='bbox 2495 1791 2846 1864; x_wconf 86' lang='grc' dir='ltr'>ἐστράτευσε.</span> <span class='ocrx_word' id='word_1_233' title='bbox 2879 1784 2991 1845; x_wconf 72' lang='grc' dir='ltr'><strong>Καὶ</strong></span> <span class='ocrx_word' id='word_1_234' title='bbox 3026 1790 3114 1844; x_wconf 86' lang='grc' dir='ltr'><strong>ἴνα</strong></span> <span class='ocrx_word' id='word_1_235' title='bbox 3140 1788 3345 1860; x_wconf 83' lang='grc' dir='ltr'>πλῆθος</span> <span class='ocrx_word' id='word_1_236' title='bbox 3395 1789 3665 1862; x_wconf 80' lang='grc' dir='ltr'>σκυθρω-</span> 
     </span>
    </p>
   </div>
   <div class='ocr_carea' id='block_1_35' title="bbox 386 1860 1962 1940">
    <p class='ocr_par' dir='ltr' id='par_1_35' title="bbox 386 1860 1962 1940">
     <span class='ocr_line' id='line_1_35' title="bbox 386 1860 1962 1940; baseline 0.011 -24"><span class='ocrx_word' id='word_1_237' title='bbox 386 1860 821 1938; x_wconf 75' lang='lat' dir='ltr'><strong>Hierosolymam</strong></span> <span class='ocrx_word' id='word_1_238' title='bbox 872 1872 1168 1940; x_wconf 84' lang='lat' dir='ltr'><strong>pugnabat.</strong></span> <span class='ocrx_word' id='word_1_239' title='bbox 1215 1873 1281 1928; x_wconf 88' lang='lat' dir='ltr'><strong>Et</strong></span> <span class='ocrx_word' id='word_1_240' title='bbox 1312 1882 1372 1929; x_wconf 90' lang='lat' dir='ltr'><strong>ut</strong></span> <span class='ocrx_word' id='word_1_241' title='bbox 1407 1875 1651 1931; x_wconf 87' lang='lat' dir='ltr'><strong>tristibus</strong></span> <span class='ocrx_word' id='word_1_242' title='bbox 1693 1878 1962 1933; x_wconf 80' lang='lat' dir='ltr'><strong>narratio-</strong></span> 
     </span>
    </p>
   </div>
   <div class='ocr_carea' id='block_1_36' title="bbox 385 1954 1959 2039">
    <p class='ocr_par' dir='ltr' id='par_1_36' title="bbox 385 1954 1959 2039">
     <span class='ocr_line' id='line_1_36' title="bbox 385 1954 1959 2039; baseline 0.009 -30"><span class='ocrx_word' id='word_1_243' title='bbox 385 1954 546 2010; x_wconf 80' lang='lat' dir='ltr'><strong>nibus</strong></span> <span class='ocrx_word' id='word_1_244' title='bbox 574 1959 956 2027; x_wconf 89' lang='lat' dir='ltr'><strong>compendium</strong></span> <span class='ocrx_word' id='word_1_245' title='bbox 997 1962 1260 2020; x_wconf 79' lang='lat' dir='ltr'><strong>faciamus</strong></span> <span class='ocrx_word' id='word_1_246' title='bbox 1282 2005 1297 2029; x_wconf 92' lang='lat'><strong>,</strong></span> <span class='ocrx_word' id='word_1_247' title='bbox 1329 1964 1515 2022; x_wconf 85' lang='lat' dir='ltr'><strong>lascivi</strong></span> <span class='ocrx_word' id='word_1_248' title='bbox 1544 1967 1621 2022; x_wconf 90' lang='lat' dir='ltr'><strong>illi</strong></span> <span class='ocrx_word' id='word_1_249' title='bbox 1650 1968 1878 2039; x_wconf 88' lang='lat' dir='ltr'><strong>juvenes</strong></span> <span class='ocrx_word' id='word_1_250' title='bbox 1905 1969 1959 2023; x_wconf 91' lang='lat' dir='ltr'><strong>in</strong></span> 
     </span>
    </p>
   </div>
   <div class='ocr_carea' id='block_1_37' title="bbox 383 2046 1957 2131">
    <p class='ocr_par' dir='ltr' id='par_1_37' title="bbox 383 2046 1957 2131">
     <span class='ocr_line' id='line_1_37' title="bbox 383 2046 1957 2131; baseline 0.009 -29"><span class='ocrx_word' id='word_1_251' title='bbox 383 2046 501 2103; x_wconf 81' lang='lat' dir='ltr'><strong>acie</strong></span> <span class='ocrx_word' id='word_1_252' title='bbox 527 2050 872 2116; x_wconf 87' lang='lat' dir='ltr'><strong>ceciderunt,</strong></span> <span class='ocrx_word' id='word_1_253' title='bbox 923 2054 1096 2122; x_wconf 89' lang='lat' dir='ltr'><strong>patria</strong></span> <span class='ocrx_word' id='word_1_254' title='bbox 1133 2056 1294 2111; x_wconf 89' lang='lat' dir='ltr'><strong>simul</strong></span> <span class='ocrx_word' id='word_1_255' title='bbox 1337 2074 1460 2113; x_wconf 92' lang='lat' dir='ltr'><strong>cum</strong></span> <span class='ocrx_word' id='word_1_256' title='bbox 1504 2061 1612 2116; x_wconf 86' lang='lat' dir='ltr'><strong>reis</strong></span> <span class='ocrx_word' id='word_1_257' title='bbox 1654 2061 1957 2131; x_wconf 80' lang='lat' dir='ltr'><strong>periclitata</strong></span> 
     </span>
    </p>
   </div>
   <div class='ocr_carea' id='block_1_38' title="bbox 384 2142 1960 2215">
    <p class='ocr_par' dir='ltr' id='par_1_38' title="bbox 384 2142 1960 2215">
     <span class='ocr_line' id='line_1_38' title="bbox 384 2142 1960 2215; baseline 0.011 -23"><span class='ocrx_word' id='word_1_258' title='bbox 384 2148 467 2195; x_wconf 85' lang='lat' dir='ltr'><strong>est</strong></span> <span class='ocrx_word' id='word_1_259' title='bbox 493 2181 509 2206; x_wconf 94' lang='lat'><strong>,</strong></span> <span class='ocrx_word' id='word_1_260' title='bbox 545 2156 671 2196; x_wconf 89' lang='lat' dir='ltr'><strong>arca</strong></span> <span class='ocrx_word' id='word_1_261' title='bbox 706 2142 796 2199; x_wconf 90' lang='lat' dir='ltr'><strong>Dei</strong></span> <span class='ocrx_word' id='word_1_262' title='bbox 829 2155 984 2215; x_wconf 86' lang='lat' dir='ltr'><strong>capta</strong></span> <span class='ocrx_word' id='word_1_263' title='bbox 1019 2158 1073 2202; x_wconf 91' lang='lat' dir='ltr'><strong>et</strong></span> <span class='ocrx_word' id='word_1_264' title='bbox 1102 2148 1171 2203; x_wconf 91' lang='lat' dir='ltr'><strong>ab</strong></span> <span class='ocrx_word' id='word_1_265' title='bbox 1202 2147 1447 2207; x_wconf 86' lang='lat' dir='ltr'><strong>hostibus</strong></span> <span class='ocrx_word' id='word_1_266' title='bbox 1479 2151 1711 2209; x_wconf 86' lang='lat' dir='ltr'><strong>abducta</strong></span> <span class='ocrx_word' id='word_1_267' title='bbox 1742 2173 1755 2208; x_wconf 89' lang='lat'>:</span> <span class='ocrx_word' id='word_1_268' title='bbox 1790 2166 1842 2209; x_wconf 92' lang='lat' dir='ltr'><strong>et</strong></span> <span class='ocrx_word' id='word_1_269' title='bbox 1871 2167 1960 2209; x_wconf 83' lang='lat' dir='ltr'><strong>se-</strong></span> 
     </span>
    </p>
   </div>
   <div class='ocr_carea' id='block_1_39' title="bbox 388 2232 1959 2304">
    <p class='ocr_par' dir='ltr' id='par_1_39' title="bbox 388 2232 1959 2304">
     <span class='ocr_line' id='line_1_39' title="bbox 388 2232 1959 2304; baseline 0.013 -21"><span class='ocrx_word' id='word_1_270' title='bbox 388 2232 477 2288; x_wconf 88' lang='lat' dir='ltr'><strong>nio</strong></span> <span class='ocrx_word' id='word_1_271' title='bbox 501 2233 788 2291; x_wconf 86' lang='lat' dir='ltr'><strong>confectus</strong></span> <span class='ocrx_word' id='word_1_272' title='bbox 822 2238 1079 2294; x_wconf 84' lang='lat' dir='ltr'><strong>sacerdos</strong></span> <span class='ocrx_word' id='word_1_273' title='bbox 1105 2242 1310 2298; x_wconf 88' lang='lat' dir='ltr'><strong>nuntiis</strong></span> <span class='ocrx_word' id='word_1_274' title='bbox 1337 2241 1586 2300; x_wconf 87' lang='lat' dir='ltr'><strong>infaustis</strong></span> <span class='ocrx_word' id='word_1_275' title='bbox 1615 2247 1959 2304; x_wconf 86' lang='lat' dir='ltr'><strong>immnrtuns.</strong></span> 
     </span>
    </p>
   </div>
   <div class='ocr_carea' id='block_1_40' title="bbox 383 2320 1961 2405">
    <p class='ocr_par' dir='ltr' id='par_1_40' title="bbox 383 2320 1961 2405">
     <span class='ocr_line' id='line_1_40' title="bbox 383 2320 1961 2405; baseline 0.013 -29"><span class='ocrx_word' id='word_1_276' title='bbox 383 2320 614 2378; x_wconf 82' lang='lat' dir='ltr'><strong>Tantum</strong></span> <span class='ocrx_word' id='word_1_277' title='bbox 646 2327 908 2383; x_wconf 83' lang='lat' dir='ltr'><strong>malorum</strong></span> <span class='ocrx_word' id='word_1_278' title='bbox 937 2330 1007 2385; x_wconf 89' lang='lat' dir='ltr'><strong>ob</strong></span> <span class='ocrx_word' id='word_1_279' title='bbox 1036 2332 1174 2402; x_wconf 76' lang='lat' dir='ltr'><strong>gula:</strong></span> <span class='ocrx_word' id='word_1_280' title='bbox 1201 2334 1530 2405; x_wconf 88' lang='lat' dir='ltr'><strong>voluptatem</strong></span> <span class='ocrx_word' id='word_1_281' title='bbox 1567 2338 1771 2394; x_wconf 80' lang='lat' dir='ltr'><strong>civitati</strong></span> <span class='ocrx_word' id='word_1_282' title='bbox 1807 2339 1961 2395; x_wconf 53' lang='lat' dir='ltr'><strong>inve.</strong></span> 
     </span>
    </p>
   </div>
   <div class='ocr_carea' id='block_1_41' title="bbox 380 2424 654 2473">
    <p class='ocr_par' dir='ltr' id='par_1_41' title="bbox 380 2424 654 2473">
     <span class='ocr_line' id='line_1_41' title="bbox 380 2424 654 2473; baseline 0.018 -4"><span class='ocrx_word' id='word_1_283' title='bbox 380 2424 527 2471; x_wconf 82' lang='lat' dir='ltr'><strong>ctum</strong></span> <span class='ocrx_word' id='word_1_284' title='bbox 553 2426 654 2473; x_wconf 70' lang='grc' dir='ltr'>εει.</span> 
     </span>
    </p>
   </div>
   <div class='ocr_carea' id='block_1_42' title="bbox 454 2506 1965 2584">
    <p class='ocr_par' dir='ltr' id='par_1_42' title="bbox 454 2506 1965 2584">
     <span class='ocr_line' id='line_1_42' title="bbox 454 2506 1965 2584; baseline 0.011 -19"><span class='ocrx_word' id='word_1_285' title='bbox 454 2506 654 2567; x_wconf 89' lang='lat' dir='ltr'><strong>Omnes</strong></span> <span class='ocrx_word' id='word_1_286' title='bbox 681 2511 845 2584; x_wconf 81' lang='lat' dir='ltr'><strong>igitur</strong></span> <span class='ocrx_word' id='word_1_287' title='bbox 861 2514 1189 2584; x_wconf 87' lang='lat' dir='ltr'><strong>jejunemus.</strong></span> <span class='ocrx_word' id='word_1_288' title='bbox 1214 2520 1282 2574; x_wconf 84' lang='lat' dir='ltr'><strong>At</strong></span> <span class='ocrx_word' id='word_1_289' title='bbox 1301 2522 1646 2578; x_wconf 81' lang='lat' dir='ltr'><strong>sacerdotum</strong></span> <span class='ocrx_word' id='word_1_290' title='bbox 1673 2523 1965 2581; x_wconf 80' lang='lat' dir='ltr'><strong>familiares</strong></span> 
     </span>
    </p>
   </div>
   <div class='ocr_carea' id='block_1_43' title="bbox 381 2595 1967 2681">
    <p class='ocr_par' dir='ltr' id='par_1_43' title="bbox 381 2595 1967 2681">
     <span class='ocr_line' id='line_1_43' title="bbox 381 2595 1967 2681; baseline 0.013 -30"><span class='ocrx_word' id='word_1_291' title='bbox 381 2595 649 2669; x_wconf 82' lang='lat' dir='ltr'><strong>jejunium</strong></span> <span class='ocrx_word' id='word_1_292' title='bbox 692 2619 793 2673; x_wconf 89' lang='lat' dir='ltr'><strong>pro</strong></span> <span class='ocrx_word' id='word_1_293' title='bbox 822 2607 1123 2663; x_wconf 85' lang='lat' dir='ltr'><strong>domestico</strong></span> <span class='ocrx_word' id='word_1_294' title='bbox 1153 2619 1206 2662; x_wconf 91' lang='lat' dir='ltr'><strong>ct</strong></span> <span class='ocrx_word' id='word_1_295' title='bbox 1229 2612 1381 2679; x_wconf 89' lang='lat' dir='ltr'><strong>quasi</strong></span> <span class='ocrx_word' id='word_1_296' title='bbox 1421 2609 1660 2681; x_wconf 80' lang='lat' dir='ltr'><strong>ejusdem</strong></span> <span class='ocrx_word' id='word_1_297' title='bbox 1691 2615 1826 2671; x_wconf 89' lang='lat' dir='ltr'><strong>laris</strong></span> <span class='ocrx_word' id='word_1_298' title='bbox 1852 2631 1967 2671; x_wconf 88' lang='lat' dir='ltr'><strong>ma-</strong></span> 
     </span>
    </p>
   </div>
   <div class='ocr_carea' id='block_1_44' title="bbox 384 2692 1966 2778">
    <p class='ocr_par' dir='ltr' id='par_1_44' title="bbox 384 2692 1966 2778">
     <span class='ocr_line' id='line_1_44' title="bbox 384 2692 1966 2778; baseline 0.011 -33"><span class='ocrx_word' id='word_1_299' title='bbox 384 2692 553 2762; x_wconf 86' lang='lat' dir='ltr'><strong>gistro</strong></span> <span class='ocrx_word' id='word_1_300' title='bbox 604 2699 978 2766; x_wconf 63' lang='lat' dir='ltr'><strong>temperantia:</strong></span> <span class='ocrx_word' id='word_1_301' title='bbox 1033 2700 1267 2767; x_wconf 88' lang='lat' dir='ltr'><strong>habere,</strong></span> <span class='ocrx_word' id='word_1_302' title='bbox 1321 2712 1374 2758; x_wconf 93' lang='lat' dir='ltr'><strong>et</strong></span> <span class='ocrx_word' id='word_1_303' title='bbox 1420 2706 1659 2773; x_wconf 84' lang='lat' dir='ltr'><strong>ejusdem</strong></span> <span class='ocrx_word' id='word_1_304' title='bbox 1697 2716 1966 2778; x_wconf 69' lang='lat' dir='ltr'><strong>praecepta</strong></span> 
     </span>
    </p>
   </div>
   <div class='ocr_carea' id='block_1_45' title="bbox 383 2778 1964 2857">
    <p class='ocr_par' dir='ltr' id='par_1_45' title="bbox 383 2778 1964 2857">
     <span class='ocr_line' id='line_1_45' title="bbox 383 2778 1964 2857; baseline 0.011 -19"><span class='ocrx_word' id='word_1_305' title='bbox 383 2785 575 2842; x_wconf 77' lang='lat' dir='ltr'><strong>audire</strong></span> <span class='ocrx_word' id='word_1_306' title='bbox 617 2789 862 2857; x_wconf 87' lang='lat' dir='ltr'><strong>debent;</strong></span> <span class='ocrx_word' id='word_1_307' title='bbox 922 2778 1218 2849; x_wconf 80' lang='lat' dir='ltr'><strong>absurdum</strong></span> <span class='ocrx_word' id='word_1_308' title='bbox 1270 2797 1416 2851; x_wconf 86' lang='lat' dir='ltr'><strong>enim</strong></span> <span class='ocrx_word' id='word_1_309' title='bbox 1476 2800 1964 2857; x_wconf 78' lang='lat' dir='ltr'><strong>nummulariorum</strong></span> 
     </span>
    </p>
   </div>
   <div class='ocr_carea' id='block_1_46' title="bbox 386 2878 1965 2958">
    <p class='ocr_par' dir='ltr' id='par_1_46' title="bbox 386 2878 1965 2958">
     <span class='ocr_line' id='line_1_46' title="bbox 386 2878 1965 2958; baseline 0.01 -26"><span class='ocrx_word' id='word_1_310' title='bbox 386 2878 526 2957; x_wconf 86' lang='lat' dir='ltr'><strong>filios</strong></span> <span class='ocrx_word' id='word_1_311' title='bbox 552 2885 762 2953; x_wconf 83' lang='lat' dir='ltr'><strong>argenti</strong></span> <span class='ocrx_word' id='word_1_312' title='bbox 789 2887 1052 2957; x_wconf 89' lang='lat' dir='ltr'><strong>probandi</strong></span> <span class='ocrx_word' id='word_1_313' title='bbox 1081 2888 1331 2958; x_wconf 89' lang='lat' dir='ltr'><strong>peritiam</strong></span> <span class='ocrx_word' id='word_1_314' title='bbox 1362 2899 1547 2946; x_wconf 90' lang='lat' dir='ltr'><strong>tenere</strong></span> <span class='ocrx_word' id='word_1_315' title='bbox 1573 2934 1587 2958; x_wconf 92' lang='lat'><strong>,</strong></span> <span class='ocrx_word' id='word_1_316' title='bbox 1611 2902 1667 2948; x_wconf 92' lang='lat' dir='ltr'><strong>et</strong></span> <span class='ocrx_word' id='word_1_317' title='bbox 1692 2892 1965 2950; x_wconf 87' lang='lat' dir='ltr'><strong>fabrorum</strong></span> 
     </span>
    </p>
   </div>
   <div class='ocr_carea' id='block_1_47' title="bbox 385 2968 1969 3052">
    <p class='ocr_par' dir='ltr' id='par_1_47' title="bbox 385 2968 1969 3052">
     <span class='ocr_line' id='line_1_47' title="bbox 385 2968 1969 3052; baseline 0.01 -26"><span class='ocrx_word' id='word_1_318' title='bbox 385 2968 681 3031; x_wconf 73' lang='lat' dir='ltr'><strong>familiares</strong></span> <span class='ocrx_word' id='word_1_319' title='bbox 709 2977 855 3033; x_wconf 89' lang='lat' dir='ltr'><strong>circa</strong></span> <span class='ocrx_word' id='word_1_320' title='bbox 889 2978 1066 3048; x_wconf 80' lang='lat' dir='ltr'><strong>ignem</strong></span> <span class='ocrx_word' id='word_1_321' title='bbox 1094 2990 1149 3034; x_wconf 93' lang='lat' dir='ltr'><strong>et</strong></span> <span class='ocrx_word' id='word_1_322' title='bbox 1171 2981 1420 3037; x_wconf 89' lang='lat' dir='ltr'><strong>incudem</strong></span> <span class='ocrx_word' id='word_1_323' title='bbox 1449 2986 1651 3038; x_wconf 85' lang='lat' dir='ltr'><strong>versari</strong></span> <span class='ocrx_word' id='word_1_324' title='bbox 1681 3003 1697 3052; x_wconf 89' lang='lat'><strong>;</strong></span> <span class='ocrx_word' id='word_1_325' title='bbox 1723 3000 1818 3041; x_wconf 92' lang='lat' dir='ltr'><strong>eos</strong></span> <span class='ocrx_word' id='word_1_326' title='bbox 1840 3002 1969 3042; x_wconf 90' lang='lat' dir='ltr'><strong>vero</strong></span> 
     </span>
    </p>
   </div>
   <div class='ocr_carea' id='block_1_48' title="bbox 386 3063 2041 3176">
    <p class='ocr_par' dir='ltr' id='par_1_48' title="bbox 386 3063 2041 3176">
     <span class='ocr_line' id='line_1_48' title="bbox 386 3063 2041 3176; baseline 0.009 -58"><span class='ocrx_word' id='word_1_327' title='bbox 386 3063 480 3170; x_wconf 66' lang='lat' dir='ltr'><strong>qui</strong></span> <span class='ocrx_word' id='word_1_328' title='bbox 698 3069 1075 3126; x_wconf 84' lang='lat' dir='ltr'><strong>sacerdotibus</strong></span> <span class='ocrx_word' id='word_1_329' title='bbox 1126 3073 1352 3142; x_wconf 83' lang='lat' dir='ltr'><strong>degunt,</strong></span> <span class='ocrx_word' id='word_1_330' title='bbox 1401 3075 1517 3129; x_wconf 89' lang='lat' dir='ltr'><strong>sive</strong></span> <span class='ocrx_word' id='word_1_331' title='bbox 1559 3077 1669 3131; x_wconf 85' lang='lat' dir='ltr'><strong>sint</strong></span> <span class='ocrx_word' id='word_1_332' title='bbox 1712 3077 1966 3146; x_wconf 82' lang='lat' dir='ltr'><strong>cognati,</strong></span> <span class='ocrx_word' id='word_1_333' title='bbox 1996 3112 2041 3176; x_wconf 65' lang='grc' dir='ltr'>ο</span> 
     </span>
    </p>
   </div>
   <div class='ocr_carea' id='block_1_49' title="bbox 386 3156 1968 3236">
    <p class='ocr_par' dir='ltr' id='par_1_49' title="bbox 386 3156 1968 3236">
     <span class='ocr_line' id='line_1_49' title="bbox 386 3156 1968 3236; baseline 0.009 -24"><span class='ocrx_word' id='word_1_334' title='bbox 386 3156 502 3213; x_wconf 85' lang='lat' dir='ltr'><strong>sive</strong></span> <span class='ocrx_word' id='word_1_335' title='bbox 543 3157 652 3214; x_wconf 82' lang='lat' dir='ltr'><strong>alio</strong></span> <span class='ocrx_word' id='word_1_336' title='bbox 696 3163 854 3216; x_wconf 89' lang='lat' dir='ltr'><strong>modo</strong></span> <span class='ocrx_word' id='word_1_337' title='bbox 895 3162 947 3216; x_wconf 94' lang='lat' dir='ltr'><strong>in</strong></span> <span class='ocrx_word' id='word_1_338' title='bbox 1001 3163 1257 3220; x_wconf 78' lang='lat' dir='ltr'><strong>familiam</strong></span> <span class='ocrx_word' id='word_1_339' title='bbox 1311 3168 1584 3236; x_wconf 85' lang='lat' dir='ltr'><strong>c00ptati.</strong></span> <span class='ocrx_word' id='word_1_340' title='bbox 1640 3184 1896 3227; x_wconf 82' lang='lat' dir='ltr'><strong>exerrare</strong></span> <span class='ocrx_word' id='word_1_341' title='bbox 1937 3187 1968 3226; x_wconf 87' lang='lat' dir='ltr'><strong>a</strong></span> 
     </span>
    </p>
   </div>
   <div class='ocr_carea' id='block_1_50' title="bbox 388 3251 1971 3322">
    <p class='ocr_par' dir='ltr' id='par_1_50' title="bbox 388 3251 1971 3322">
     <span class='ocr_line' id='line_1_50' title="bbox 388 3251 1971 3322; baseline 0.008 -17"><span class='ocrx_word' id='word_1_342' title='bbox 388 3263 588 3322; x_wconf 80' lang='lat' dir='ltr'><strong>scopo,</strong></span> <span class='ocrx_word' id='word_1_343' title='bbox 618 3251 685 3305; x_wconf 90' lang='lat' dir='ltr'><strong>ad</strong></span> <span class='ocrx_word' id='word_1_344' title='bbox 719 3267 878 3321; x_wconf 87' lang='lat' dir='ltr'><strong>quem</strong></span> <span class='ocrx_word' id='word_1_345' title='bbox 926 3254 1143 3311; x_wconf 63' lang='lat' dir='ltr'><strong>familias</strong></span> <span class='ocrx_word' id='word_1_346' title='bbox 1194 3256 1389 3314; x_wconf 89' lang='lat' dir='ltr'><strong>ductor</strong></span> <span class='ocrx_word' id='word_1_347' title='bbox 1427 3270 1481 3315; x_wconf 87' lang='lat' dir='ltr'><strong>et</strong></span> <span class='ocrx_word' id='word_1_348' title='bbox 1527 3258 1787 3317; x_wconf 85' lang='lat' dir='ltr'><strong>Dominus</strong></span> <span class='ocrx_word' id='word_1_349' title='bbox 1819 3277 1971 3318; x_wconf 90' lang='lat' dir='ltr'><strong>suam</strong></span> 
     </span>
    </p>
   </div>
   <div class='ocr_carea' id='block_1_51' title="bbox 386 3342 1888 3406">
    <p class='ocr_par' dir='ltr' id='par_1_51' title="bbox 386 3342 1888 3406">
     <span class='ocr_line' id='line_1_51' title="bbox 386 3342 1888 3406; baseline 0.012 -10"><span class='ocrx_word' id='word_1_350' title='bbox 386 3342 553 3397; x_wconf 80' lang='lat' dir='ltr'><strong>vitam</strong></span> <span class='ocrx_word' id='word_1_351' title='bbox 586 3344 931 3401; x_wconf 65' lang='lat' dir='ltr'><strong>conformare</strong></span> <span class='ocrx_word' id='word_1_352' title='bbox 958 3346 1136 3406; x_wconf 88' lang='lat' dir='ltr'><strong>debet.</strong></span> <span class='ocrx_word' id='word_1_353' title='bbox 1876 3348 1888 3372; x_wconf 68' lang='grc'><strong>³</strong></span> 
     </span>
    </p>
   </div>
   <div class='ocr_carea' id='block_1_52' title="bbox 458 3434 1969 3512">
    <p class='ocr_par' dir='ltr' id='par_1_52' title="bbox 458 3434 1969 3512">
     <span class='ocr_line' id='line_1_52' title="bbox 458 3434 1969 3512; baseline 0.007 -22"><span class='ocrx_word' id='word_1_354' title='bbox 458 3434 542 3491; x_wconf 88' lang='lat' dir='ltr'><strong>0b</strong></span> <span class='ocrx_word' id='word_1_355' title='bbox 568 3439 776 3493; x_wconf 84' lang='lat' dir='ltr'><strong>ventris</strong></span> <span class='ocrx_word' id='word_1_356' title='bbox 805 3438 1111 3509; x_wconf 89' lang='lat' dir='ltr'><strong>cupidinem</strong></span> <span class='ocrx_word' id='word_1_357' title='bbox 1141 3441 1342 3512; x_wconf 76' lang='lat' dir='ltr'><strong>ingenti</strong></span> <span class='ocrx_word' id='word_1_358' title='bbox 1373 3443 1572 3499; x_wconf 86' lang='lat' dir='ltr'><strong>damno</strong></span> <span class='ocrx_word' id='word_1_359' title='bbox 1610 3442 1836 3499; x_wconf 86' lang='lat' dir='ltr'><strong>affectus</strong></span> <span class='ocrx_word' id='word_1_360' title='bbox 1884 3455 1969 3500; x_wconf 90' lang='lat' dir='ltr'><strong>est</strong></span> 
     </span>
    </p>
   </div>
   <div class='ocr_carea' id='block_1_53' title="bbox 388 3527 1972 3606">
    <p class='ocr_par' dir='ltr' id='par_1_53' title="bbox 388 3527 1972 3606">
     <span class='ocr_line' id='line_1_53' title="bbox 388 3527 1972 3606; baseline 0.004 -21"><span class='ocrx_word' id='word_1_361' title='bbox 388 3527 531 3585; x_wconf 82' lang='lat' dir='ltr'><strong>Esau</strong></span> <span class='ocrx_word' id='word_1_362' title='bbox 562 3531 749 3586; x_wconf 83' lang='lat' dir='ltr'><strong>senior</strong></span> <span class='ocrx_word' id='word_1_363' title='bbox 782 3531 922 3588; x_wconf 86' lang='lat' dir='ltr'><strong>filius</strong></span> <span class='ocrx_word' id='word_1_364' title='bbox 955 3530 1126 3589; x_wconf 87' lang='lat' dir='ltr'><strong>lsaaci</strong></span> <span class='ocrx_word' id='word_1_365' title='bbox 1160 3535 1227 3586; x_wconf 75' lang='grc'><strong>³⁷.</strong></span> <span class='ocrx_word' id='word_1_366' title='bbox 1267 3533 1401 3589; x_wconf 88' lang='lat' dir='ltr'><strong>Cum</strong></span> <span class='ocrx_word' id='word_1_367' title='bbox 1443 3537 1585 3591; x_wconf 84' lang='lat' dir='ltr'><strong>enim</strong></span> <span class='ocrx_word' id='word_1_368' title='bbox 1624 3551 1690 3592; x_wconf 89' lang='lat' dir='ltr'><strong>ex</strong></span> <span class='ocrx_word' id='word_1_369' title='bbox 1731 3537 1972 3606; x_wconf 83' lang='lat' dir='ltr'><strong>professo</strong></span> 
     </span>
    </p>
   </div>
   <div class='ocr_carea' id='block_1_54' title="bbox 388 3624 1971 3696">
    <p class='ocr_par' dir='ltr' id='par_1_54' title="bbox 388 3624 1971 3696">
     <span class='ocr_line' id='line_1_54' title="bbox 388 3624 1971 3696; baseline 0.006 -22"><span class='ocrx_word' id='word_1_370' title='bbox 388 3630 616 3677; x_wconf 87' lang='lat' dir='ltr'><strong>venator</strong></span> <span class='ocrx_word' id='word_1_371' title='bbox 653 3632 829 3688; x_wconf 84' lang='lat' dir='ltr'><strong>esset,</strong></span> <span class='ocrx_word' id='word_1_372' title='bbox 871 3632 927 3678; x_wconf 91' lang='lat' dir='ltr'><strong>et</strong></span> <span class='ocrx_word' id='word_1_373' title='bbox 964 3625 1129 3679; x_wconf 90' lang='lat' dir='ltr'><strong>semel</strong></span> <span class='ocrx_word' id='word_1_374' title='bbox 1179 3634 1304 3694; x_wconf 89' lang='lat' dir='ltr'><strong>post</strong></span> <span class='ocrx_word' id='word_1_375' title='bbox 1349 3624 1572 3680; x_wconf 87' lang='lat' dir='ltr'><strong>multam</strong></span> <span class='ocrx_word' id='word_1_376' title='bbox 1629 3627 1971 3696; x_wconf 79' lang='lat' dir='ltr'><strong>defatigatio-</strong></span> 
     </span>
    </p>
   </div>
   <div class='ocr_carea' id='block_1_55' title="bbox 389 3714 1972 3787">
    <p class='ocr_par' dir='ltr' id='par_1_55' title="bbox 389 3714 1972 3787">
     <span class='ocr_line' id='line_1_55' title="bbox 389 3714 1972 3787; baseline 0.005 -19"><span class='ocrx_word' id='word_1_377' title='bbox 389 3727 515 3769; x_wconf 78' lang='lat' dir='ltr'><strong>nem</strong></span> <span class='ocrx_word' id='word_1_378' title='bbox 546 3714 767 3770; x_wconf 91' lang='lat' dir='ltr'><strong>domum</strong></span> <span class='ocrx_word' id='word_1_379' title='bbox 802 3730 1056 3771; x_wconf 85' lang='lat' dir='ltr'><strong>reversus</strong></span> <span class='ocrx_word' id='word_1_380' title='bbox 1085 3731 1211 3785; x_wconf 83' lang='lat' dir='ltr'><strong>erga</strong></span> <span class='ocrx_word' id='word_1_381' title='bbox 1246 3718 1579 3787; x_wconf 88' lang='lat' dir='ltr'><strong>propositam</strong></span> <span class='ocrx_word' id='word_1_382' title='bbox 1611 3735 1793 3774; x_wconf 90' lang='lat' dir='ltr'><strong>escam</strong></span> <span class='ocrx_word' id='word_1_383' title='bbox 1830 3718 1972 3776; x_wconf 85' lang='lat' dir='ltr'><strong>fame</strong></span> 
     </span>
    </p>
   </div>
   <div class='ocr_carea' id='block_1_56' title="bbox 397 3806 1973 3880">
    <p class='ocr_par' dir='ltr' id='par_1_56' title="bbox 397 3806 1973 3880">
     <span class='ocr_line' id='line_1_56' title="bbox 397 3806 1973 3880; baseline 0.003 -19"><span class='ocrx_word' id='word_1_384' title='bbox 397 3816 453 3861; x_wconf 87' lang='lat' dir='ltr'><strong>et</strong></span> <span class='ocrx_word' id='word_1_385' title='bbox 510 3807 788 3864; x_wconf 88' lang='lat' dir='ltr'><strong>desiderio</strong></span> <span class='ocrx_word' id='word_1_386' title='bbox 854 3807 1175 3863; x_wconf 88' lang='lat' dir='ltr'><strong>intolerabili</strong></span> <span class='ocrx_word' id='word_1_387' title='bbox 1233 3806 1559 3875; x_wconf 75' lang='lat' dir='ltr'><strong>afﬁceretur,</strong></span> <span class='ocrx_word' id='word_1_388' title='bbox 1614 3811 1973 3880; x_wconf 84' lang='lat' dir='ltr'><strong>primogenita</strong></span> 
     </span>
    </p>
   </div>
   <div class='ocr_carea' id='block_1_57' title="bbox 395 3899 1970 3971">
    <p class='ocr_par' dir='ltr' id='par_1_57' title="bbox 395 3899 1970 3971">
     <span class='ocr_line' id='line_1_57' title="bbox 395 3899 1970 3971; baseline 0.003 -18"><span class='ocrx_word' id='word_1_389' title='bbox 395 3914 493 3953; x_wconf 78' lang='lat' dir='ltr'><strong>sua</strong></span> <span class='ocrx_word' id='word_1_390' title='bbox 518 3914 618 3969; x_wconf 90' lang='lat' dir='ltr'><strong>pro</strong></span> <span class='ocrx_word' id='word_1_391' title='bbox 661 3899 916 3953; x_wconf 76' lang='lat' dir='ltr'><strong>lenticula</strong></span> <span class='ocrx_word' id='word_1_392' title='bbox 948 3899 1102 3954; x_wconf 89' lang='lat' dir='ltr'><strong>fratri</strong></span> <span class='ocrx_word' id='word_1_393' title='bbox 1132 3914 1232 3955; x_wconf 88' lang='lat' dir='ltr'><strong>suo</strong></span> <span class='ocrx_word' id='word_1_394' title='bbox 1277 3901 1537 3955; x_wconf 81' lang='lat' dir='ltr'><strong>vendidit.</strong></span> <span class='ocrx_word' id='word_1_395' title='bbox 1574 3901 1648 3955; x_wconf 83' lang='lat' dir='ltr'><strong>Ex</strong></span> <span class='ocrx_word' id='word_1_396' title='bbox 1676 3916 1782 3971; x_wconf 90' lang='lat' dir='ltr'><strong>quo</strong></span> <span class='ocrx_word' id='word_1_397' title='bbox 1808 3903 1970 3957; x_wconf 89' lang='lat' dir='ltr'><strong>etiam</strong></span> 
     </span>
    </p>
   </div>
   <div class='ocr_carea' id='block_1_58' title="bbox 390 3991 1971 4065">
    <p class='ocr_par' dir='ltr' id='par_1_58' title="bbox 390 3991 1971 4065">
     <span class='ocr_line' id='line_1_58' title="bbox 390 3991 1971 4065; baseline 0.003 -20"><span class='ocrx_word' id='word_1_398' title='bbox 390 3992 613 4055; x_wconf 83' lang='lat' dir='ltr'><strong>evenit,</strong></span> <span class='ocrx_word' id='word_1_399' title='bbox 648 3999 709 4045; x_wconf 91' lang='lat' dir='ltr'><strong>ut</strong></span> <span class='ocrx_word' id='word_1_400' title='bbox 749 4000 934 4059; x_wconf 85' lang='lat' dir='ltr'><strong>postea</strong></span> <span class='ocrx_word' id='word_1_401' title='bbox 983 3992 1157 4047; x_wconf 90' lang='lat' dir='ltr'><strong>eidem</strong></span> <span class='ocrx_word' id='word_1_402' title='bbox 1206 3991 1646 4049; x_wconf 88' lang='lat' dir='ltr'><strong>benedictionem</strong></span> <span class='ocrx_word' id='word_1_403' title='bbox 1690 4003 1971 4065; x_wconf 89' lang='lat' dir='ltr'><strong>paternam</strong></span> 
     </span>
    </p>
   </div>
   <div class='ocr_carea' id='block_1_59' title="bbox 391 4082 1974 4152">
    <p class='ocr_par' dir='ltr' id='par_1_59' title="bbox 391 4082 1974 4152">
     <span class='ocr_line' id='line_1_59' title="bbox 391 4082 1974 4152; baseline 0.006 -17"><span class='ocrx_word' id='word_1_404' title='bbox 391 4083 711 4152; x_wconf 67' lang='lat' dir='ltr'><strong>praeriperet</strong></span> <span class='ocrx_word' id='word_1_405' title='bbox 745 4082 830 4136; x_wconf 78' lang='lat' dir='ltr'><strong>“&#39;z</strong></span> <span class='ocrx_word' id='word_1_406' title='bbox 883 4093 941 4137; x_wconf 90' lang='lat' dir='ltr'><strong>et</strong></span> <span class='ocrx_word' id='word_1_407' title='bbox 988 4082 1067 4138; x_wconf 91' lang='lat' dir='ltr'><strong>sic</strong></span> <span class='ocrx_word' id='word_1_408' title='bbox 1113 4082 1369 4152; x_wconf 89' lang='lat' dir='ltr'><strong>paulatim</strong></span> <span class='ocrx_word' id='word_1_409' title='bbox 1409 4100 1441 4140; x_wconf 92' lang='lat' dir='ltr'><strong>a</strong></span> <span class='ocrx_word' id='word_1_410' title='bbox 1484 4084 1685 4141; x_wconf 91' lang='lat' dir='ltr'><strong>virtute</strong></span> <span class='ocrx_word' id='word_1_411' title='bbox 1730 4096 1834 4141; x_wconf 90' lang='lat' dir='ltr'><strong>cta</strong></span> <span class='ocrx_word' id='word_1_412' title='bbox 1866 4087 1974 4144; x_wconf 89' lang='lat' dir='ltr'><strong>Deo</strong></span> 
     </span>
    </p>
   </div>
   <div class='ocr_carea' id='block_1_60' title="bbox 336 4164 1975 4249">
    <p class='ocr_par' dir='ltr' id='par_1_60' title="bbox 336 4164 1975 4249">
     <span class='ocr_line' id='line_1_60' title="bbox 336 4164 1975 4249; baseline 0.008 -27"><span class='ocrx_word' id='word_1_413' title='bbox 336 4164 347 4171; x_wconf 79' lang='grc'><strong><em>’</em></strong></span> <span class='ocrx_word' id='word_1_414' title='bbox 393 4171 765 4239; x_wconf 84' lang='lat' dir='ltr'><strong>abalienatus,</strong></span> <span class='ocrx_word' id='word_1_415' title='bbox 797 4175 1220 4242; x_wconf 88' lang='lat' dir='ltr'><strong>patriarchalem</strong></span> <span class='ocrx_word' id='word_1_416' title='bbox 1282 4177 1509 4249; x_wconf 82' lang='lat' dir='ltr'><strong>gloriam</strong></span> <span class='ocrx_word' id='word_1_417' title='bbox 1556 4177 1757 4233; x_wconf 89' lang='lat' dir='ltr'><strong>amisit.</strong></span> <span class='ocrx_word' id='word_1_418' title='bbox 1804 4179 1870 4233; x_wconf 86' lang='lat' dir='ltr'><strong>Et</strong></span> <span class='ocrx_word' id='word_1_419' title='bbox 1907 4179 1975 4235; x_wconf 91' lang='lat' dir='ltr'><strong>ab</strong></span> 
     </span>
    </p>
   </div>
   <div class='ocr_carea' id='block_1_61' title="bbox 392 4258 1975 4336">
    <p class='ocr_par' dir='ltr' id='par_1_61' title="bbox 392 4258 1975 4336">
     <span class='ocr_line' id='line_1_61' title="bbox 392 4258 1975 4336; baseline 0.006 -21"><span class='ocrx_word' id='word_1_420' title='bbox 392 4258 611 4315; x_wconf 79' lang='lat' dir='ltr'><strong>lsraelis</strong></span> <span class='ocrx_word' id='word_1_421' title='bbox 638 4260 1009 4318; x_wconf 87' lang='lat' dir='ltr'><strong>familiaritate</strong></span> <span class='ocrx_word' id='word_1_422' title='bbox 1038 4275 1324 4333; x_wconf 89' lang='lat' dir='ltr'><strong>separatus</strong></span> <span class='ocrx_word' id='word_1_423' title='bbox 1346 4308 1363 4334; x_wconf 93' lang='lat'><strong>,</strong></span> <span class='ocrx_word' id='word_1_424' title='bbox 1400 4266 1515 4336; x_wconf 89' lang='lat' dir='ltr'><strong>ipse</strong></span> <span class='ocrx_word' id='word_1_425' title='bbox 1546 4277 1602 4322; x_wconf 93' lang='lat' dir='ltr'><strong>ct</strong></span> <span class='ocrx_word' id='word_1_426' title='bbox 1628 4268 1892 4324; x_wconf 84' lang='lat' dir='ltr'><strong>barbarus</strong></span> <span class='ocrx_word' id='word_1_427' title='bbox 1920 4280 1975 4327; x_wconf 92' lang='lat' dir='ltr'><strong>et</strong></span> 
     </span>
    </p>
   </div>
   <div class='ocr_carea' id='block_1_62' title="bbox 390 4351 1971 4431">
    <p class='ocr_par' dir='ltr' id='par_1_62' title="bbox 390 4351 1971 4431">
     <span class='ocr_line' id='line_1_62' title="bbox 390 4351 1971 4431; baseline 0.006 -25"><span class='ocrx_word' id='word_1_428' title='bbox 390 4351 694 4424; x_wconf 84' lang='lat' dir='ltr'><strong>alienigena</strong></span> <span class='ocrx_word' id='word_1_429' title='bbox 738 4353 953 4422; x_wconf 88' lang='lat' dir='ltr'><strong>factus,</strong></span> <span class='ocrx_word' id='word_1_430' title='bbox 984 4364 1092 4410; x_wconf 89' lang='lat' dir='ltr'><strong>tam</strong></span> <span class='ocrx_word' id='word_1_431' title='bbox 1135 4372 1483 4414; x_wconf 89' lang='lat' dir='ltr'><strong>numerosum</strong></span> <span class='ocrx_word' id='word_1_432' title='bbox 1516 4373 1581 4415; x_wconf 87' lang='lat' dir='ltr'><strong>ex</strong></span> <span class='ocrx_word' id='word_1_433' title='bbox 1618 4374 1676 4416; x_wconf 89' lang='lat' dir='ltr'><strong>se</strong></span> <span class='ocrx_word' id='word_1_434' title='bbox 1716 4360 1971 4431; x_wconf 89' lang='lat' dir='ltr'><strong>populum</strong></span> 
     </span>
    </p>
   </div>
   <div class='ocr_carea' id='block_1_63' title="bbox 389 4446 719 4516">
    <p class='ocr_par' dir='ltr' id='par_1_63' title="bbox 389 4446 719 4516">
     <span class='ocr_line' id='line_1_63' title="bbox 389 4446 719 4516; baseline -0.003 -17"><span class='ocrx_word' id='word_1_435' title='bbox 389 4446 719 4516; x_wconf 77' lang='lat' dir='ltr'><strong>procreavit.</strong></span> 
     </span>
    </p>
   </div>
   <div class='ocr_carea' id='block_1_64' title="bbox 465 4537 1978 4617">
    <p class='ocr_par' dir='ltr' id='par_1_64' title="bbox 465 4537 1978 4617">
     <span class='ocr_line' id='line_1_64' title="bbox 465 4537 1978 4617; baseline 0.005 -26"><span class='ocrx_word' id='word_1_436' title='bbox 465 4537 564 4593; x_wconf 88' lang='lat' dir='ltr'><strong>Hic</strong></span> <span class='ocrx_word' id='word_1_437' title='bbox 596 4539 710 4610; x_wconf 91' lang='lat' dir='ltr'><strong>ipse</strong></span> <span class='ocrx_word' id='word_1_438' title='bbox 749 4541 970 4597; x_wconf 90' lang='lat' dir='ltr'><strong>morbus</strong></span> <span class='ocrx_word' id='word_1_439' title='bbox 994 4542 1157 4597; x_wconf 89' lang='lat' dir='ltr'><strong>etiam</strong></span> <span class='ocrx_word' id='word_1_440' title='bbox 1200 4541 1417 4599; x_wconf 82' lang='lat' dir='ltr'><strong>Veteris</strong></span> <span class='ocrx_word' id='word_1_441' title='bbox 1443 4542 1779 4601; x_wconf 86' lang='lat' dir='ltr'><strong>Testamenti</strong></span> <span class='ocrx_word' id='word_1_442' title='bbox 1808 4561 1978 4617; x_wconf 88' lang='lat' dir='ltr'><strong>popu-</strong></span> 
     </span>
    </p>
   </div>
   <div class='ocr_carea' id='block_1_65' title="bbox 391 4630 1973 4708">
    <p class='ocr_par' dir='ltr' id='par_1_65' title="bbox 391 4630 1973 4708">
     <span class='ocr_line' id='line_1_65' title="bbox 391 4630 1973 4708; baseline 0.008 -25"><span class='ocrx_word' id='word_1_443' title='bbox 391 4630 503 4684; x_wconf 75' lang='lat' dir='ltr'><strong>lum</strong></span> <span class='ocrx_word' id='word_1_444' title='bbox 533 4630 602 4685; x_wconf 86' lang='lat' dir='ltr'><strong>ad</strong></span> <span class='ocrx_word' id='word_1_445' title='bbox 636 4633 1127 4703; x_wconf 82' lang='lat' dir='ltr'><strong>transgressionem</strong></span> <span class='ocrx_word' id='word_1_446' title='bbox 1175 4635 1478 4691; x_wconf 90' lang='lat' dir='ltr'><strong>divinarum</strong></span> <span class='ocrx_word' id='word_1_447' title='bbox 1524 4636 1701 4708; x_wconf 88' lang='lat' dir='ltr'><strong>legum</strong></span> <span class='ocrx_word' id='word_1_448' title='bbox 1745 4637 1973 4695; x_wconf 84' lang='lat' dir='ltr'><strong>induxit.</strong></span> 
     </span>
    </p>
   </div>
   <div class='ocr_carea' id='block_1_66' title="bbox 390 4724 1975 4802">
    <p class='ocr_par' dir='ltr' id='par_1_66' title="bbox 390 4724 1975 4802">
     <span class='ocr_line' id='line_1_66' title="bbox 390 4724 1975 4802; baseline 0.006 -25"><span class='ocrx_word' id='word_1_449' title='bbox 390 4724 527 4778; x_wconf 82' lang='lat' dir='ltr'><strong>Cum</strong></span> <span class='ocrx_word' id='word_1_450' title='bbox 579 4725 724 4779; x_wconf 90' lang='lat' dir='ltr'><strong>enim</strong></span> <span class='ocrx_word' id='word_1_451' title='bbox 777 4724 993 4799; x_wconf 79' lang='lat' dir='ltr'><strong>Moyses</strong></span> <span class='ocrx_word' id='word_1_452' title='bbox 1036 4730 1092 4783; x_wconf 89' lang='lat' dir='ltr'><strong>in</strong></span> <span class='ocrx_word' id='word_1_453' title='bbox 1134 4728 1250 4802; x_wconf 86' lang='lat' dir='ltr'><strong>lege</strong></span> <span class='ocrx_word' id='word_1_454' title='bbox 1288 4730 1603 4801; x_wconf 87' lang='lat' dir='ltr'><strong>accipienda</strong></span> <span class='ocrx_word' id='word_1_455' title='bbox 1649 4741 1702 4785; x_wconf 86' lang='lat' dir='ltr'><strong>et</strong></span> <span class='ocrx_word' id='word_1_456' title='bbox 1752 4730 1975 4786; x_wconf 82' lang='lat' dir='ltr'><strong>ferenda</strong></span> 
     </span>
    </p>
   </div>
   <div class='ocr_carea' id='block_1_67' title="bbox 391 4823 1976 4896">
    <p class='ocr_par' dir='ltr' id='par_1_67' title="bbox 391 4823 1976 4896">
     <span class='ocr_line' id='line_1_67' title="bbox 391 4823 1976 4896; baseline 0.006 -25"><span class='ocrx_word' id='word_1_457' title='bbox 391 4830 693 4890; x_wconf 83' lang='lat' dir='ltr'><strong>occupatus</strong></span> <span class='ocrx_word' id='word_1_458' title='bbox 722 4831 900 4889; x_wconf 90' lang='lat' dir='ltr'><strong>esset,</strong></span> <span class='ocrx_word' id='word_1_459' title='bbox 937 4823 1026 4879; x_wconf 91' lang='lat' dir='ltr'><strong>isti</strong></span> <span class='ocrx_word' id='word_1_460' title='bbox 1060 4825 1304 4895; x_wconf 89' lang='lat' dir='ltr'><strong>abruptis</strong></span> <span class='ocrx_word' id='word_1_461' title='bbox 1333 4827 1586 4881; x_wconf 90' lang='lat' dir='ltr'><strong>omnibus</strong></span> <span class='ocrx_word' id='word_1_462' title='bbox 1610 4826 1881 4896; x_wconf 79' lang='lat' dir='ltr'><strong>repagulis</strong></span> <span class='ocrx_word' id='word_1_463' title='bbox 1909 4828 1976 4881; x_wconf 88' lang='lat' dir='ltr'><strong>ad</strong></span> 
     </span>
    </p>
   </div>
   <div class='ocr_carea' id='block_1_68' title="bbox 390 4910 1978 4987">
    <p class='ocr_par' dir='ltr' id='par_1_68' title="bbox 390 4910 1978 4987">
     <span class='ocr_line' id='line_1_68' title="bbox 390 4910 1978 4987; baseline 0.005 -22"><span class='ocrx_word' id='word_1_464' title='bbox 390 4910 575 4966; x_wconf 84' lang='lat' dir='ltr'><strong>luxum</strong></span> <span class='ocrx_word' id='word_1_465' title='bbox 609 4920 666 4968; x_wconf 90' lang='lat' dir='ltr'><strong>et</strong></span> <span class='ocrx_word' id='word_1_466' title='bbox 698 4912 928 4970; x_wconf 83' lang='lat' dir='ltr'><strong>choreas</strong></span> <span class='ocrx_word' id='word_1_467' title='bbox 980 4918 1225 4971; x_wconf 87' lang='lat' dir='ltr'><strong>conversi</strong></span> <span class='ocrx_word' id='word_1_468' title='bbox 1267 4927 1393 4972; x_wconf 86' lang='lat' dir='ltr'><strong>sunt</strong></span> <span class='ocrx_word' id='word_1_469' title='bbox 1426 4918 1467 4948; x_wconf 80' lang='lat'>&quot;</span> <span class='ocrx_word' id='word_1_470' title='bbox 1497 4935 1511 4970; x_wconf 91' lang='lat'><strong>:</strong></span> <span class='ocrx_word' id='word_1_471' title='bbox 1547 4932 1684 4987; x_wconf 89' lang='lat' dir='ltr'><strong>quos</strong></span> <span class='ocrx_word' id='word_1_472' title='bbox 1734 4917 1978 4973; x_wconf 86' lang='lat' dir='ltr'><strong>diabolus</strong></span> 
     </span>
    </p>
   </div>
   <div class='ocr_carea' id='block_1_69' title="bbox 393 5003 1976 5072">
    <p class='ocr_par' dir='ltr' id='par_1_69' title="bbox 393 5003 1976 5072">
     <span class='ocr_line' id='line_1_69' title="bbox 393 5003 1976 5072; baseline 0.003 -17"><span class='ocrx_word' id='word_1_473' title='bbox 393 5003 465 5056; x_wconf 90' lang='lat' dir='ltr'><strong>ita</strong></span> <span class='ocrx_word' id='word_1_474' title='bbox 508 5003 854 5072; x_wconf 80' lang='lat' dir='ltr'><strong>vacillantes,</strong></span> <span class='ocrx_word' id='word_1_475' title='bbox 885 5015 942 5061; x_wconf 90' lang='lat' dir='ltr'><strong>et</strong></span> <span class='ocrx_word' id='word_1_476' title='bbox 969 5005 1255 5063; x_wconf 86' lang='lat' dir='ltr'><strong>honestam</strong></span> <span class='ocrx_word' id='word_1_477' title='bbox 1290 5006 1414 5062; x_wconf 69' lang='lat' dir='ltr'><strong>vitae</strong></span> <span class='ocrx_word' id='word_1_478' title='bbox 1445 5006 1710 5061; x_wconf 89' lang='lat' dir='ltr'><strong>rationem</strong></span> <span class='ocrx_word' id='word_1_479' title='bbox 1752 5006 1976 5061; x_wconf 79' lang='lat' dir='ltr'><strong>concul-</strong></span> 
     </span>
    </p>
   </div>
   <div class='ocr_carea' id='block_1_70' title="bbox 392 5098 1976 5172">
    <p class='ocr_par' dir='ltr' id='par_1_70' title="bbox 392 5098 1976 5172">
     <span class='ocr_line' id='line_1_70' title="bbox 392 5098 1976 5172; baseline 0.003 -24"><span class='ocrx_word' id='word_1_480' title='bbox 392 5107 582 5152; x_wconf 77' lang='lat' dir='ltr'><strong>cantes</strong></span> <span class='ocrx_word' id='word_1_481' title='bbox 637 5098 841 5154; x_wconf 88' lang='lat' dir='ltr'><strong>sensim</strong></span> <span class='ocrx_word' id='word_1_482' title='bbox 895 5100 964 5155; x_wconf 84' lang='lat' dir='ltr'><strong>ad</strong></span> <span class='ocrx_word' id='word_1_483' title='bbox 1016 5101 1347 5172; x_wconf 85' lang='lat' dir='ltr'><strong>impietatem</strong></span> <span class='ocrx_word' id='word_1_484' title='bbox 1389 5099 1623 5155; x_wconf 81' lang='lat' dir='ltr'><strong>induxit.</strong></span> <span class='ocrx_word' id='word_1_485' title='bbox 1661 5098 1793 5155; x_wconf 89' lang='lat' dir='ltr'><strong>llinc</strong></span> <span class='ocrx_word' id='word_1_486' title='bbox 1827 5098 1976 5153; x_wconf 87' lang='lat' dir='ltr'><strong>vituli</strong></span> 
     </span>
    </p>
   </div>
   <div class='ocr_carea' id='block_1_71' title="bbox 392 5187 1977 5262">
    <p class='ocr_par' dir='ltr' id='par_1_71' title="bbox 392 5187 1977 5262">
     <span class='ocr_line' id='line_1_71' title="bbox 392 5187 1977 5262; baseline 0.003 -21"><span class='ocrx_word' id='word_1_487' title='bbox 392 5187 706 5258; x_wconf 82' lang='lat' dir='ltr'><strong>fabricatio,</strong></span> <span class='ocrx_word' id='word_1_488' title='bbox 729 5191 1033 5249; x_wconf 86' lang='lat' dir='ltr'><strong>diabolicus</strong></span> <span class='ocrx_word' id='word_1_489' title='bbox 1062 5194 1261 5259; x_wconf 89' lang='lat' dir='ltr'><strong>cultus,</strong></span> <span class='ocrx_word' id='word_1_490' title='bbox 1288 5193 1470 5248; x_wconf 88' lang='lat' dir='ltr'><strong>Aaron</strong></span> <span class='ocrx_word' id='word_1_491' title='bbox 1505 5192 1702 5262; x_wconf 85' lang='lat' dir='ltr'><strong>piaculi</strong></span> <span class='ocrx_word' id='word_1_492' title='bbox 1731 5205 1977 5255; x_wconf 90' lang='lat' dir='ltr'><strong>consors,</strong></span> 
     </span>
    </p>
   </div>
   <div class='ocr_carea' id='block_1_72' title="bbox 391 5278 1981 5354">
    <p class='ocr_par' dir='ltr' id='par_1_72' title="bbox 391 5278 1981 5354">
     <span class='ocr_line' id='line_1_72' title="bbox 391 5278 1981 5354; baseline 0.003 -22"><span class='ocrx_word' id='word_1_493' title='bbox 391 5278 531 5352; x_wconf 82' lang='lat' dir='ltr'><strong>legis</strong></span> <span class='ocrx_word' id='word_1_494' title='bbox 553 5284 864 5352; x_wconf 84' lang='lat' dir='ltr'><strong>corruptio,</strong></span> <span class='ocrx_word' id='word_1_495' title='bbox 905 5284 1205 5339; x_wconf 89' lang='lat' dir='ltr'><strong>tabularum</strong></span> <span class='ocrx_word' id='word_1_496' title='bbox 1251 5284 1544 5347; x_wconf 89' lang='lat' dir='ltr'><strong>contritio,</strong></span> <span class='ocrx_word' id='word_1_497' title='bbox 1578 5292 1633 5338; x_wconf 92' lang='lat' dir='ltr'><strong>et</strong></span> <span class='ocrx_word' id='word_1_498' title='bbox 1667 5282 1866 5354; x_wconf 84' lang='lat' dir='ltr'><strong>Moysis</strong></span> <span class='ocrx_word' id='word_1_499' title='bbox 1893 5296 1981 5336; x_wconf 88' lang='lat' dir='ltr'><strong>se-</strong></span> 
     </span>
    </p>
   </div>
   <div class='ocr_carea' id='block_1_73' title="bbox 393 5371 1981 5446">
    <p class='ocr_par' dir='ltr' id='par_1_73' title="bbox 393 5371 1981 5446">
     <span class='ocr_line' id='line_1_73' title="bbox 393 5371 1981 5446; baseline 0.004 -23"><span class='ocrx_word' id='word_1_500' title='bbox 393 5371 605 5427; x_wconf 80' lang='lat' dir='ltr'><strong>cundus</strong></span> <span class='ocrx_word' id='word_1_501' title='bbox 654 5372 706 5427; x_wconf 89' lang='lat' dir='ltr'><strong>in</strong></span> <span class='ocrx_word' id='word_1_502' title='bbox 754 5384 992 5430; x_wconf 90' lang='lat' dir='ltr'><strong>montem</strong></span> <span class='ocrx_word' id='word_1_503' title='bbox 1041 5391 1334 5441; x_wconf 86' lang='lat' dir='ltr'><strong>ascensus,</strong></span> <span class='ocrx_word' id='word_1_504' title='bbox 1371 5387 1424 5430; x_wconf 91' lang='lat' dir='ltr'><strong>et</strong></span> <span class='ocrx_word' id='word_1_505' title='bbox 1455 5376 1637 5432; x_wconf 85' lang='lat' dir='ltr'><strong>omnia</strong></span> <span class='ocrx_word' id='word_1_506' title='bbox 1689 5378 1831 5441; x_wconf 66' lang='lat' dir='ltr'><strong>hace,</strong></span> <span class='ocrx_word' id='word_1_507' title='bbox 1860 5389 1981 5446; x_wconf 63' lang='lat' dir='ltr'><strong>quae</strong></span> 
     </span>
    </p>
   </div>
   <div class='ocr_carea' id='block_1_74' title="bbox 391 5465 1982 5533">
    <p class='ocr_par' dir='ltr' id='par_1_74' title="bbox 391 5465 1982 5533">
     <span class='ocr_line' id='line_1_74' title="bbox 391 5465 1982 5533; baseline 0.004 -18"><span class='ocrx_word' id='word_1_508' title='bbox 391 5478 547 5517; x_wconf 78' lang='lat' dir='ltr'><strong>sacra</strong></span> <span class='ocrx_word' id='word_1_509' title='bbox 595 5465 819 5521; x_wconf 84' lang='lat' dir='ltr'><strong>historia</strong></span> <span class='ocrx_word' id='word_1_510' title='bbox 874 5476 981 5521; x_wconf 91' lang='lat' dir='ltr'><strong>tam</strong></span> <span class='ocrx_word' id='word_1_511' title='bbox 1026 5465 1282 5524; x_wconf 87' lang='lat' dir='ltr'><strong>ﬂebiliter</strong></span> <span class='ocrx_word' id='word_1_512' title='bbox 1320 5467 1665 5533; x_wconf 79' lang='lat' dir='ltr'><strong>lamentatur,</strong></span> <span class='ocrx_word' id='word_1_513' title='bbox 1702 5482 1767 5521; x_wconf 87' lang='lat' dir='ltr'><strong>ex</strong></span> <span class='ocrx_word' id='word_1_514' title='bbox 1795 5467 1982 5522; x_wconf 88' lang='lat' dir='ltr'><strong>immo-</strong></span> 
     </span>
    </p>
   </div>
   <div class='ocr_carea' id='block_1_75' title="bbox 391 5546 1953 5629">
    <p class='ocr_par' dir='ltr' id='par_1_75' title="bbox 391 5546 1953 5629">
     <span class='ocr_line' id='line_1_75' title="bbox 391 5546 1953 5629; baseline 0.004 -21"><span class='ocrx_word' id='word_1_515' title='bbox 391 5553 517 5609; x_wconf 78' lang='lat' dir='ltr'><strong>dico</strong></span> <span class='ocrx_word' id='word_1_516' title='bbox 546 5552 1028 5629; x_wconf 37' lang='lat' dir='ltr'><strong>cibo‘principium</strong></span> <span class='ocrx_word' id='word_1_517' title='bbox 1057 5567 1111 5613; x_wconf 88' lang='lat' dir='ltr'><strong>et</strong></span> <span class='ocrx_word' id='word_1_518' title='bbox 1141 5572 1361 5613; x_wconf 88' lang='lat' dir='ltr'><strong>causam</strong></span> <span class='ocrx_word' id='word_1_519' title='bbox 1392 5567 1764 5629; x_wconf 88' lang='lat' dir='ltr'><strong>sumpserunt.</strong></span> <span class='ocrx_word' id='word_1_520' title='bbox 1936 5546 1953 5555; x_wconf 71' lang='grc'><strong>’</strong></span> 
     </span>
    </p>
   </div>
   <div class='ocr_carea' id='block_1_76' title="bbox 2062 1881 3662 1955">
    <p class='ocr_par' dir='ltr' id='par_1_76' title="bbox 2062 1881 3662 1955">
     <span class='ocr_line' id='line_1_76' title="bbox 2062 1881 3662 1955; baseline -0.002 -20"><span class='ocrx_word' id='word_1_521' title='bbox 2062 1881 2181 1936; x_wconf 84' lang='grc' dir='ltr'><strong>πῶν</strong></span> <span class='ocrx_word' id='word_1_522' title='bbox 2206 1882 2562 1955; x_wconf 80' lang='grc' dir='ltr'><strong>διηγημάτων</strong></span> <span class='ocrx_word' id='word_1_523' title='bbox 2601 1883 2869 1955; x_wconf 78' lang='grc' dir='ltr'>συντέμω,</span> <span class='ocrx_word' id='word_1_524' title='bbox 2920 1886 2968 1937; x_wconf 87' lang='grc' dir='ltr'><strong>οἱ</strong></span> <span class='ocrx_word' id='word_1_525' title='bbox 3003 1884 3103 1955; x_wconf 80' lang='grc' dir='ltr'>μὲν</span> <span class='ocrx_word' id='word_1_526' title='bbox 3141 1883 3429 1938; x_wconf 84' lang='grc' dir='ltr'>ἀκόλαστοι</span> <span class='ocrx_word' id='word_1_527' title='bbox 3465 1881 3662 1935; x_wconf 80' lang='grc' dir='ltr'>νεανί-</span> 
     </span>
    </p>
   </div>
   <div class='ocr_carea' id='block_1_77' title="bbox 2064 1960 3664 2048">
    <p class='ocr_par' dir='ltr' id='par_1_77' title="bbox 2064 1960 3664 2048">
     <span class='ocr_line' id='line_1_77' title="bbox 2064 1960 3664 2048; baseline -0.003 -19"><span class='ocrx_word' id='word_1_528' title='bbox 2064 1960 2204 2040; x_wconf 85' lang='grc' dir='ltr'>σκοι,</span> <span class='ocrx_word' id='word_1_529' title='bbox 2226 1976 2319 2030; x_wconf 71' lang='grc' dir='ltr'><strong>ἐπὶ</strong></span> <span class='ocrx_word' id='word_1_530' title='bbox 2350 1976 2452 2047; x_wconf 80' lang='grc' dir='ltr'>τῆς</span> <span class='ocrx_word' id='word_1_531' title='bbox 2483 1975 2841 2048; x_wconf 82' lang='grc' dir='ltr'>παρατάξεως</span> <span class='ocrx_word' id='word_1_532' title='bbox 2870 1975 3088 2039; x_wconf 75' lang='grc' dir='ltr'>ἔπεσον,</span> <span class='ocrx_word' id='word_1_533' title='bbox 3127 1975 3224 2030; x_wconf 74' lang='grc' dir='ltr'><strong>καὶ</strong></span> <span class='ocrx_word' id='word_1_534' title='bbox 3247 1976 3281 2046; x_wconf 79' lang='grc' dir='ltr'>ἡ</span> <span class='ocrx_word' id='word_1_535' title='bbox 3307 1974 3508 2046; x_wconf 73' lang='grc' dir='ltr'>πατρὶς</span> <span class='ocrx_word' id='word_1_536' title='bbox 3533 1975 3664 2036; x_wconf 65' lang='grc' dir='ltr'>τοῖς</span> 
     </span>
    </p>
   </div>
   <div class='ocr_carea' id='block_1_78' title="bbox 2062 2064 3663 2143">
    <p class='ocr_par' dir='ltr' id='par_1_78' title="bbox 2062 2064 3663 2143">
     <span class='ocr_line' id='line_1_78' title="bbox 2062 2064 3663 2143; baseline -0.004 -18"><span class='ocrx_word' id='word_1_537' title='bbox 2062 2068 2370 2143; x_wconf 76' lang='grc' dir='ltr'>ἁμαρτοῦσι</span> <span class='ocrx_word' id='word_1_538' title='bbox 2401 2068 2859 2129; x_wconf 84' lang='grc' dir='ltr'>συνεκινδύνευσε.</span> <span class='ocrx_word' id='word_1_539' title='bbox 2912 2069 3007 2123; x_wconf 76' lang='grc' dir='ltr'><strong>καὶ</strong></span> <span class='ocrx_word' id='word_1_540' title='bbox 3044 2070 3078 2139; x_wconf 83' lang='grc' dir='ltr'>ἡ</span> <span class='ocrx_word' id='word_1_541' title='bbox 3108 2065 3203 2121; x_wconf 85' lang='grc' dir='ltr'><strong>τοῦ</strong></span> <span class='ocrx_word' id='word_1_542' title='bbox 3243 2065 3377 2120; x_wconf 86' lang='grc' dir='ltr'>Θεοῦ</span> <span class='ocrx_word' id='word_1_543' title='bbox 3412 2064 3663 2128; x_wconf 74' lang='grc' dir='ltr'>κιϐωτδς</span> 
     </span>
    </p>
   </div>
   <div class='ocr_carea' id='block_1_79' title="bbox 2063 2154 3668 2235">
    <p class='ocr_par' dir='ltr' id='par_1_79' title="bbox 2063 2154 3668 2235">
     <span class='ocr_line' id='line_1_79' title="bbox 2063 2154 3668 2235; baseline -0.006 -19"><span class='ocrx_word' id='word_1_544' title='bbox 2063 2160 2407 2235; x_wconf 78' lang='grc' dir='ltr'>αἰχμάλωτος</span> <span class='ocrx_word' id='word_1_545' title='bbox 2439 2158 2593 2233; x_wconf 86' lang='grc' dir='ltr'><strong>παρά</strong></span> <span class='ocrx_word' id='word_1_546' title='bbox 2618 2159 2728 2215; x_wconf 83' lang='grc' dir='ltr'>τῶν</span> <span class='ocrx_word' id='word_1_547' title='bbox 2763 2159 3037 2230; x_wconf 90' lang='grc' dir='ltr'>πολεμίων</span> <span class='ocrx_word' id='word_1_548' title='bbox 3068 2157 3320 2231; x_wconf 81' lang='grc' dir='ltr'>ἀπήχθη,</span> <span class='ocrx_word' id='word_1_549' title='bbox 3358 2158 3452 2211; x_wconf 79' lang='grc' dir='ltr'>καὶ</span> <span class='ocrx_word' id='word_1_550' title='bbox 3497 2157 3527 2208; x_wconf 99' lang='lat'><strong>6</strong></span> <span class='ocrx_word' id='word_1_551' title='bbox 3556 2154 3668 2226; x_wconf 80' lang='grc' dir='ltr'>γέ-</span> 
     </span>
    </p>
   </div>
   <div class='ocr_carea' id='block_1_80' title="bbox 2068 2241 3661 2325">
    <p class='ocr_par' dir='ltr' id='par_1_80' title="bbox 2068 2241 3661 2325">
     <span class='ocr_line' id='line_1_80' title="bbox 2068 2241 3661 2325; baseline -0.009 -18"><span class='ocrx_word' id='word_1_552' title='bbox 2068 2270 2176 2325; x_wconf 88' lang='grc' dir='ltr'><strong>ρων</strong></span> <span class='ocrx_word' id='word_1_553' title='bbox 2203 2253 2232 2306; x_wconf 86' lang='grc' dir='ltr'><strong>ό</strong></span> <span class='ocrx_word' id='word_1_554' title='bbox 2255 2252 2435 2324; x_wconf 83' lang='grc' dir='ltr'>ἱερεὺς</span> <span class='ocrx_word' id='word_1_555' title='bbox 2465 2252 2587 2314; x_wconf 82' lang='grc' dir='ltr'>ταῖς</span> <span class='ocrx_word' id='word_1_556' title='bbox 2626 2247 2912 2318; x_wconf 81' lang='grc' dir='ltr'>ἀγγελίαις</span> <span class='ocrx_word' id='word_1_557' title='bbox 2958 2245 3067 2301; x_wconf 85' lang='grc' dir='ltr'>τῶν</span> <span class='ocrx_word' id='word_1_558' title='bbox 3097 2243 3282 2300; x_wconf 80' lang='grc' dir='ltr'>κακῶν</span> <span class='ocrx_word' id='word_1_559' title='bbox 3313 2241 3661 2305; x_wconf 83' lang='grc' dir='ltr'>ἐπαπέθανε,</span> 
     </span>
    </p>
   </div>
   <div class='ocr_carea' id='block_1_81' title="bbox 2066 2333 3667 2413">
    <p class='ocr_par' dir='ltr' id='par_1_81' title="bbox 2066 2333 3667 2413">
     <span class='ocr_line' id='line_1_81' title="bbox 2066 2333 3667 2413; baseline -0.007 -15"><span class='ocrx_word' id='word_1_560' title='bbox 2066 2345 2158 2398; x_wconf 74' lang='grc' dir='ltr'>καὶ</span> <span class='ocrx_word' id='word_1_561' title='bbox 2183 2342 2438 2407; x_wconf 88' lang='grc' dir='ltr'>τοσοῦτος</span> <span class='ocrx_word' id='word_1_562' title='bbox 2476 2341 2642 2413; x_wconf 83' lang='grc' dir='ltr'>ἐσμὸς</span> <span class='ocrx_word' id='word_1_563' title='bbox 2673 2339 2858 2394; x_wconf 84' lang='grc' dir='ltr'>κακῶν</span> <span class='ocrx_word' id='word_1_564' title='bbox 2901 2338 2990 2394; x_wconf 82' lang='grc' dir='ltr'><strong>διὰ</strong></span> <span class='ocrx_word' id='word_1_565' title='bbox 3029 2337 3306 2410; x_wconf 80' lang='grc' dir='ltr'>φάρυγγος</span> <span class='ocrx_word' id='word_1_566' title='bbox 3342 2333 3535 2406; x_wconf 76' lang='grc' dir='ltr'>ἡδονὴν</span> <span class='ocrx_word' id='word_1_567' title='bbox 3550 2334 3667 2387; x_wconf 71' lang='grc' dir='ltr'>ἐπ-</span> 
     </span>
    </p>
   </div>
   <div class='ocr_carea' id='block_1_82' title="bbox 2063 2434 2553 2509">
    <p class='ocr_par' dir='ltr' id='par_1_82' title="bbox 2063 2434 2553 2509">
     <span class='ocr_line' id='line_1_82' title="bbox 2063 2434 2553 2509; baseline -0.006 -19"><span class='ocrx_word' id='word_1_568' title='bbox 2063 2436 2267 2509; x_wconf 84' lang='grc' dir='ltr'>ηνὲχθη</span> <span class='ocrx_word' id='word_1_569' title='bbox 2300 2439 2363 2508; x_wconf 84' lang='grc' dir='ltr'>τῇ</span> <span class='ocrx_word' id='word_1_570' title='bbox 2384 2434 2553 2489; x_wconf 91' lang='grc' dir='ltr'>πόλει.</span> 
     </span>
    </p>
   </div>
   <div class='ocr_carea' id='block_1_83' title="bbox 2137 2517 3663 2598">
    <p class='ocr_par' dir='ltr' id='par_1_83' title="bbox 2137 2517 3663 2598">
     <span class='ocr_line' id='line_1_83' title="bbox 2137 2517 3663 2598; baseline -0.01 -15"><span class='ocrx_word' id='word_1_571' title='bbox 2137 2529 2346 2592; x_wconf 86' lang='grc' dir='ltr'>Πάντες</span> <span class='ocrx_word' id='word_1_572' title='bbox 2365 2523 2457 2582; x_wconf 75' lang='grc' dir='ltr'>οὗν</span> <span class='ocrx_word' id='word_1_573' title='bbox 2486 2524 2893 2598; x_wconf 57' lang='grc' dir='ltr'>νηστεύσωμεν</span> <span class='ocrx_word' id='word_1_574' title='bbox 2922 2524 2972 2576; x_wconf 91' lang='grc' dir='ltr'>οἱ</span> <span class='ocrx_word' id='word_1_575' title='bbox 3004 2521 3062 2575; x_wconf 83' lang='grc' dir='ltr'>δὲ</span> <span class='ocrx_word' id='word_1_576' title='bbox 3082 2519 3191 2574; x_wconf 84' lang='grc' dir='ltr'><strong>τῶν</strong></span> <span class='ocrx_word' id='word_1_577' title='bbox 3228 2519 3416 2590; x_wconf 90' lang='grc' dir='ltr'>ἱερέων</span> <span class='ocrx_word' id='word_1_578' title='bbox 3434 2517 3663 2577; x_wconf 76' lang='grc' dir='ltr'>οἰκεῖοι,</span> 
     </span>
    </p>
   </div>
   <div class='ocr_carea' id='block_1_84' title="bbox 2065 2605 3665 2694">
    <p class='ocr_par' dir='ltr' id='par_1_84' title="bbox 2065 2605 3665 2694">
     <span class='ocr_line' id='line_1_84' title="bbox 2065 2605 3665 2694; baseline -0.012 -17"><span class='ocrx_word' id='word_1_579' title='bbox 2065 2623 2162 2677; x_wconf 72' lang='grc' dir='ltr'>καὶ</span> <span class='ocrx_word' id='word_1_580' title='bbox 2224 2621 2446 2694; x_wconf 78' lang='grc' dir='ltr'>μᾶλλον,</span> <span class='ocrx_word' id='word_1_581' title='bbox 2502 2619 2579 2683; x_wconf 87' lang='grc' dir='ltr'>ὡς</span> <span class='ocrx_word' id='word_1_582' title='bbox 2629 2617 2877 2671; x_wconf 88' lang='grc' dir='ltr'>σύνοικον</span> <span class='ocrx_word' id='word_1_583' title='bbox 2909 2614 3126 2687; x_wconf 76' lang='grc' dir='ltr'>ἔχοντες</span> <span class='ocrx_word' id='word_1_584' title='bbox 3171 2607 3489 2665; x_wconf 81' lang='grc' dir='ltr'>διδάσκαλον</span> <span class='ocrx_word' id='word_1_585' title='bbox 3549 2605 3665 2677; x_wconf 82' lang='grc' dir='ltr'><strong>τῆς</strong></span> 
     </span>
    </p>
   </div>
   <div class='ocr_carea' id='block_1_85' title="bbox 2068 2696 3666 2789">
    <p class='ocr_par' dir='ltr' id='par_1_85' title="bbox 2068 2696 3666 2789">
     <span class='ocr_line' id='line_1_85' title="bbox 2068 2696 3666 2789; baseline -0.009 -25"><span class='ocrx_word' id='word_1_586' title='bbox 2068 2710 2416 2784; x_wconf 77' lang='grc' dir='ltr'>ἐγκρατείας,</span> <span class='ocrx_word' id='word_1_587' title='bbox 2447 2709 2540 2762; x_wconf 74' lang='grc' dir='ltr'><strong>καὶ</strong></span> <span class='ocrx_word' id='word_1_588' title='bbox 2567 2707 2666 2776; x_wconf 77' lang='grc' dir='ltr'>ἀφ’</span> <span class='ocrx_word' id='word_1_589' title='bbox 2699 2706 2909 2770; x_wconf 77' lang='grc' dir='ltr'>ἑστίας,</span> <span class='ocrx_word' id='word_1_590' title='bbox 2943 2702 3019 2758; x_wconf 83' lang='grc' dir='ltr'><strong>τά</strong></span> <span class='ocrx_word' id='word_1_591' title='bbox 3045 2702 3306 2789; x_wconf 75' lang='grc' dir='ltr'>φιλόσοφοι</span> <span class='ocrx_word' id='word_1_592' title='bbox 3338 2696 3666 2772; x_wconf 84' lang='grc' dir='ltr'>παραγγέλ-</span> 
     </span>
    </p>
   </div>
   <div class='ocr_carea' id='block_1_86' title="bbox 2072 2789 3666 2873">
    <p class='ocr_par' dir='ltr' id='par_1_86' title="bbox 2072 2789 3666 2873">
     <span class='ocr_line' id='line_1_86' title="bbox 2072 2789 3666 2873; baseline -0.008 -17"><span class='ocrx_word' id='word_1_593' title='bbox 2072 2820 2236 2873; x_wconf 85' lang='grc' dir='ltr'>ματα.</span> <span class='ocrx_word' id='word_1_594' title='bbox 2291 2802 2525 2854; x_wconf 71' lang='grc' dir='ltr'><strong>ΙἌτοπον</strong></span> <span class='ocrx_word' id='word_1_595' title='bbox 2572 2799 2679 2872; x_wconf 84' lang='grc' dir='ltr'>γὰρ</span> <span class='ocrx_word' id='word_1_596' title='bbox 2705 2798 2832 2860; x_wconf 77' lang='grc' dir='ltr'>τοὺς</span> <span class='ocrx_word' id='word_1_597' title='bbox 2880 2797 2979 2868; x_wconf 81' lang='grc' dir='ltr'><strong>μὲν</strong></span> <span class='ocrx_word' id='word_1_598' title='bbox 3010 2794 3207 2858; x_wconf 83' lang='grc' dir='ltr'>παῖδας</span> <span class='ocrx_word' id='word_1_599' title='bbox 3250 2791 3360 2846; x_wconf 83' lang='grc' dir='ltr'><strong>τῶν</strong></span> <span class='ocrx_word' id='word_1_600' title='bbox 3391 2789 3666 2862; x_wconf 74' lang='grc' dir='ltr'>τραπεζι-</span> 
     </span>
    </p>
   </div>
   <div class='ocr_carea' id='block_1_87' title="bbox 2068 2880 3666 2964">
    <p class='ocr_par' dir='ltr' id='par_1_87' title="bbox 2068 2880 3666 2964">
     <span class='ocr_line' id='line_1_87' title="bbox 2068 2880 3666 2964; baseline -0.009 -15"><span class='ocrx_word' id='word_1_601' title='bbox 2068 2895 2199 2960; x_wconf 81' lang='grc' dir='ltr'>τῶν,</span> <span class='ocrx_word' id='word_1_602' title='bbox 2245 2889 2747 2964; x_wconf 85' lang='grc' dir='ltr'>ἀργυρογνώμονας</span> <span class='ocrx_word' id='word_1_603' title='bbox 2780 2887 2944 2952; x_wconf 75' lang='grc' dir='ltr'>εἷναι,</span> <span class='ocrx_word' id='word_1_604' title='bbox 2972 2887 3068 2941; x_wconf 74' lang='grc' dir='ltr'>καὶ</span> <span class='ocrx_word' id='word_1_605' title='bbox 3111 2886 3240 2949; x_wconf 80' lang='grc' dir='ltr'>τοὺς</span> <span class='ocrx_word' id='word_1_606' title='bbox 3272 2883 3502 2947; x_wconf 75' lang='grc' dir='ltr'>οἰκείους</span> <span class='ocrx_word' id='word_1_607' title='bbox 3541 2880 3666 2936; x_wconf 79' lang='grc' dir='ltr'>τῶν</span> 
     </span>
    </p>
   </div>
   <div class='ocr_carea' id='block_1_88' title="bbox 2071 2972 3663 3056">
    <p class='ocr_par' dir='ltr' id='par_1_88' title="bbox 2071 2972 3663 3056">
     <span class='ocr_line' id='line_1_88' title="bbox 2071 2972 3663 3056; baseline -0.009 -17"><span class='ocrx_word' id='word_1_608' title='bbox 2071 2982 2316 3056; x_wconf 87' lang='grc' dir='ltr'>χαλκέων</span> <span class='ocrx_word' id='word_1_609' title='bbox 2346 2982 2476 3053; x_wconf 77' lang='grc' dir='ltr'>περὶ</span> <span class='ocrx_word' id='word_1_610' title='bbox 2507 2980 2571 3034; x_wconf 75' lang='grc' dir='ltr'>τὸ</span> <span class='ocrx_word' id='word_1_611' title='bbox 2604 2979 2717 3052; x_wconf 86' lang='grc' dir='ltr'><strong>πῦρ</strong></span> <span class='ocrx_word' id='word_1_612' title='bbox 2761 2977 3092 3051; x_wconf 89' lang='grc' dir='ltr'>στρέφεσθαι</span> <span class='ocrx_word' id='word_1_613' title='bbox 3140 2975 3235 3030; x_wconf 74' lang='grc' dir='ltr'><strong>καὶ</strong></span> <span class='ocrx_word' id='word_1_614' title='bbox 3279 2975 3369 3027; x_wconf 81' lang='grc' dir='ltr'><strong>τὸν</strong></span> <span class='ocrx_word' id='word_1_615' title='bbox 3413 2972 3663 3042; x_wconf 78' lang='grc' dir='ltr'><strong>ἄκμονα.⁸</strong></span> 
     </span>
    </p>
   </div>
   <div class='ocr_carea' id='block_1_89' title="bbox 2070 3063 3666 3144">
    <p class='ocr_par' dir='ltr' id='par_1_89' title="bbox 2070 3063 3666 3144">
     <span class='ocr_line' id='line_1_89' title="bbox 2070 3063 3666 3144; baseline -0.01 -14"><span class='ocrx_word' id='word_1_616' title='bbox 2070 3077 2198 3140; x_wconf 81' lang='grc' dir='ltr'>τοὺς</span> <span class='ocrx_word' id='word_1_617' title='bbox 2223 3074 2281 3127; x_wconf 81' lang='grc' dir='ltr'>δὲ</span> <span class='ocrx_word' id='word_1_618' title='bbox 2310 3072 2416 3128; x_wconf 86' lang='grc' dir='ltr'>τῶν</span> <span class='ocrx_word' id='word_1_619' title='bbox 2443 3071 2634 3144; x_wconf 78' lang='grc' dir='ltr'>ἱερέων</span> <span class='ocrx_word' id='word_1_620' title='bbox 2666 3072 2838 3142; x_wconf 82' lang='grc' dir='ltr'>ἐγγὺς</span> <span class='ocrx_word' id='word_1_621' title='bbox 2858 3069 2969 3123; x_wconf 81' lang='grc' dir='ltr'>είτε</span> <span class='ocrx_word' id='word_1_622' title='bbox 3002 3069 3304 3137; x_wconf 82' lang='grc' dir='ltr'>συγγενεῖς,</span> <span class='ocrx_word' id='word_1_623' title='bbox 3335 3064 3444 3118; x_wconf 83' lang='grc' dir='ltr'>είτε</span> <span class='ocrx_word' id='word_1_624' title='bbox 3476 3063 3666 3126; x_wconf 78' lang='grc' dir='ltr'>ἄλλως</span> 
     </span>
    </p>
   </div>
   <div class='ocr_carea' id='block_1_90' title="bbox 2072 3151 3666 3237">
    <p class='ocr_par' dir='ltr' id='par_1_90' title="bbox 2072 3151 3666 3237">
     <span class='ocr_line' id='line_1_90' title="bbox 2072 3151 3666 3237; baseline -0.011 -14"><span class='ocrx_word' id='word_1_625' title='bbox 2072 3167 2310 3230; x_wconf 77' lang='grc' dir='ltr'>οἰκείους</span> <span class='ocrx_word' id='word_1_626' title='bbox 2340 3163 2667 3237; x_wconf 76' lang='grc' dir='ltr'>ἀφηνιάζειν</span> <span class='ocrx_word' id='word_1_627' title='bbox 2683 3162 2782 3216; x_wconf 87' lang='grc' dir='ltr'><strong>τοῦ</strong></span> <span class='ocrx_word' id='word_1_628' title='bbox 2809 3161 3037 3227; x_wconf 88' lang='grc' dir='ltr'>σκοποῦ,</span> <span class='ocrx_word' id='word_1_629' title='bbox 3067 3151 3112 3228; x_wconf 80' lang='grc' dir='ltr'>ᾧ</span> <span class='ocrx_word' id='word_1_630' title='bbox 3136 3157 3236 3230; x_wconf 77' lang='grc' dir='ltr'><strong>ζῇν</strong></span> <span class='ocrx_word' id='word_1_631' title='bbox 3256 3156 3445 3227; x_wconf 76' lang='grc' dir='ltr'>ἔλαχεν</span> <span class='ocrx_word' id='word_1_632' title='bbox 3486 3157 3517 3208; x_wconf 88' lang='lat'><strong>6</strong></span> <span class='ocrx_word' id='word_1_633' title='bbox 3554 3156 3666 3226; x_wconf 79' lang='grc' dir='ltr'>τῆς</span> 
     </span>
    </p>
   </div>
   <div class='ocr_carea' id='block_1_91' title="bbox 2074 3254 2953 3331">
    <p class='ocr_par' dir='ltr' id='par_1_91' title="bbox 2074 3254 2953 3331">
     <span class='ocr_line' id='line_1_91' title="bbox 2074 3254 2953 3331; baseline -0.007 -17"><span class='ocrx_word' id='word_1_634' title='bbox 2074 3260 2257 3324; x_wconf 74' lang='grc' dir='ltr'>ἑστίας</span> <span class='ocrx_word' id='word_1_635' title='bbox 2281 3255 2511 3331; x_wconf 82' lang='grc' dir='ltr'>ἡγεμὼν</span> <span class='ocrx_word' id='word_1_636' title='bbox 2541 3256 2636 3310; x_wconf 72' lang='grc' dir='ltr'>καὶ</span> <span class='ocrx_word' id='word_1_637' title='bbox 2654 3254 2953 3326; x_wconf 84' lang='grc' dir='ltr'>Δεσπότης.</span> 
     </span>
    </p>
   </div>
   <div class='ocr_carea' id='block_1_92' title="bbox 2157 3433 3665 3512">
    <p class='ocr_par' dir='ltr' id='par_1_92' title="bbox 2157 3433 3665 3512">
     <span class='ocr_line' id='line_1_92' title="bbox 2157 3433 3665 3512; baseline -0.004 -17"><span class='ocrx_word' id='word_1_638' title='bbox 2157 3439 2389 3512; x_wconf 84' lang='grc' dir='ltr'>Ἐϐλάϐη</span> <span class='ocrx_word' id='word_1_639' title='bbox 2429 3438 2519 3493; x_wconf 82' lang='grc' dir='ltr'>διὰ</span> <span class='ocrx_word' id='word_1_640' title='bbox 2573 3438 2819 3511; x_wconf 78' lang='grc' dir='ltr'>γαστέρα</span> <span class='ocrx_word' id='word_1_641' title='bbox 2883 3437 3116 3510; x_wconf 87' lang='grc' dir='ltr'>μέγιστα</span> <span class='ocrx_word' id='word_1_642' title='bbox 3166 3436 3260 3491; x_wconf 78' lang='grc' dir='ltr'>καὶ</span> <span class='ocrx_word' id='word_1_643' title='bbox 3311 3438 3341 3491; x_wconf 87' lang='grc' dir='ltr'><strong>ό</strong></span> <span class='ocrx_word' id='word_1_644' title='bbox 3379 3435 3510 3499; x_wconf 83' lang='grc' dir='ltr'>παῖς</span> <span class='ocrx_word' id='word_1_645' title='bbox 3560 3433 3665 3489; x_wconf 72' lang='grc' dir='ltr'><strong>τοῦ</strong></span> 
     </span>
    </p>
   </div>
   <div class='ocr_carea' id='block_1_93' title="bbox 2085 3527 3666 3605">
    <p class='ocr_par' dir='ltr' id='par_1_93' title="bbox 2085 3527 3666 3605">
     <span class='ocr_line' id='line_1_93' title="bbox 2085 3527 3666 3605; baseline -0.005 -16"><span class='ocrx_word' id='word_1_646' title='bbox 2085 3534 2273 3589; x_wconf 80' lang='grc' dir='ltr'>Ἰσαὰκ</span> <span class='ocrx_word' id='word_1_647' title='bbox 2292 3535 2321 3588; x_wconf 89' lang='lat'><strong>6</strong></span> <span class='ocrx_word' id='word_1_648' title='bbox 2346 3531 2741 3605; x_wconf 82' lang='grc' dir='ltr'>πρεσϐύτερος.</span> <span class='ocrx_word' id='word_1_649' title='bbox 2787 3530 3008 3603; x_wconf 79' lang='grc' dir='ltr'>Ἐπειδὴ</span> <span class='ocrx_word' id='word_1_650' title='bbox 3047 3528 3156 3602; x_wconf 81' lang='grc' dir='ltr'>γὰρ</span> <span class='ocrx_word' id='word_1_651' title='bbox 3189 3527 3454 3601; x_wconf 77' lang='grc' dir='ltr'>θηρευτὴς</span> <span class='ocrx_word' id='word_1_652' title='bbox 3480 3527 3666 3599; x_wconf 82' lang='grc' dir='ltr'>ὑπάρ-</span> 
     </span>
    </p>
   </div>
   <div class='ocr_carea' id='block_1_94' title="bbox 2073 3619 3665 3697">
    <p class='ocr_par' dir='ltr' id='par_1_94' title="bbox 2073 3619 3665 3697">
     <span class='ocr_line' id='line_1_94' title="bbox 2073 3619 3665 3697; baseline -0.006 -17"><span class='ocrx_word' id='word_1_653' title='bbox 2073 3644 2183 3697; x_wconf 85' lang='grc' dir='ltr'><strong>χων</strong></span> <span class='ocrx_word' id='word_1_654' title='bbox 2208 3626 2269 3680; x_wconf 82' lang='grc' dir='ltr'><strong>τὸ</strong></span> <span class='ocrx_word' id='word_1_655' title='bbox 2294 3623 2655 3695; x_wconf 83' lang='grc' dir='ltr'>ἐπιτήδευμα,</span> <span class='ocrx_word' id='word_1_656' title='bbox 2682 3622 2772 3678; x_wconf 89' lang='grc' dir='ltr'><strong>καί</strong></span> <span class='ocrx_word' id='word_1_657' title='bbox 2806 3638 2934 3675; x_wconf 88' lang='grc' dir='ltr'>ποτε</span> <span class='ocrx_word' id='word_1_658' title='bbox 2965 3621 3102 3694; x_wconf 87' lang='grc' dir='ltr'><strong>μετά</strong></span> <span class='ocrx_word' id='word_1_659' title='bbox 3133 3620 3331 3695; x_wconf 86' lang='grc' dir='ltr'>δρόμον</span> <span class='ocrx_word' id='word_1_660' title='bbox 3366 3619 3537 3673; x_wconf 80' lang='grc' dir='ltr'>πολὺν</span> <span class='ocrx_word' id='word_1_661' title='bbox 3564 3619 3665 3671; x_wconf 74' lang='grc' dir='ltr'><strong>ἐπὶ</strong></span> 
     </span>
    </p>
   </div>
   <div class='ocr_carea' id='block_1_95' title="bbox 2072 3710 3663 3789">
    <p class='ocr_par' dir='ltr' id='par_1_95' title="bbox 2072 3710 3663 3789">
     <span class='ocr_line' id='line_1_95' title="bbox 2072 3710 3663 3789; baseline -0.006 -17"><span class='ocrx_word' id='word_1_662' title='bbox 2072 3719 2170 3789; x_wconf 86' lang='grc' dir='ltr'><strong>τὴν</strong></span> <span class='ocrx_word' id='word_1_663' title='bbox 2204 3716 2382 3771; x_wconf 77' lang='grc' dir='ltr'>οἰκίαν</span> <span class='ocrx_word' id='word_1_664' title='bbox 2410 3715 2757 3786; x_wconf 81' lang='grc' dir='ltr'>ὑποστρέψας</span> <span class='ocrx_word' id='word_1_665' title='bbox 2778 3714 2995 3784; x_wconf 82' lang='grc' dir='ltr'>ἀσχέτῳ</span> <span class='ocrx_word' id='word_1_666' title='bbox 3027 3712 3185 3784; x_wconf 81' lang='grc' dir='ltr'>πείνῃ</span> <span class='ocrx_word' id='word_1_667' title='bbox 3214 3711 3292 3783; x_wconf 81' lang='grc' dir='ltr'>τῷ</span> <span class='ocrx_word' id='word_1_668' title='bbox 3326 3710 3663 3783; x_wconf 74' lang='grc' dir='ltr'>προφανέντι</span> 
     </span>
    </p>
   </div>
   <div class='ocr_carea' id='block_1_96' title="bbox 2076 3801 3663 3881">
    <p class='ocr_par' dir='ltr' id='par_1_96' title="bbox 2076 3801 3663 3881">
     <span class='ocr_line' id='line_1_96' title="bbox 2076 3801 3663 3881; baseline -0.005 -18"><span class='ocrx_word' id='word_1_669' title='bbox 2076 3809 2324 3881; x_wconf 85' lang='grc' dir='ltr'>βρώματι</span> <span class='ocrx_word' id='word_1_670' title='bbox 2346 3808 2638 3879; x_wconf 86' lang='grc' dir='ltr'>περιέχειν,</span> <span class='ocrx_word' id='word_1_671' title='bbox 2670 3806 2897 3861; x_wconf 83' lang='grc' dir='ltr'>ἀπέδοτο</span> <span class='ocrx_word' id='word_1_672' title='bbox 2922 3806 3018 3877; x_wconf 82' lang='grc' dir='ltr'><strong>μὲν</strong></span> <span class='ocrx_word' id='word_1_673' title='bbox 3045 3804 3126 3877; x_wconf 84' lang='grc' dir='ltr'><strong>τῷ</strong></span> <span class='ocrx_word' id='word_1_674' title='bbox 3146 3802 3358 3875; x_wconf 82' lang='grc' dir='ltr'>ἀδελφῷ</span> <span class='ocrx_word' id='word_1_675' title='bbox 3386 3801 3562 3873; x_wconf 85' lang='grc' dir='ltr'>φακοῦ</span> <span class='ocrx_word' id='word_1_676' title='bbox 3590 3801 3663 3855; x_wconf 72' lang='grc' dir='ltr'>τὰ</span> 
     </span>
    </p>
   </div>
   <div class='ocr_carea' id='block_1_97' title="bbox 2074 3894 3665 3974">
    <p class='ocr_par' dir='ltr' id='par_1_97' title="bbox 2074 3894 3665 3974">
     <span class='ocr_line' id='line_1_97' title="bbox 2074 3894 3665 3974; baseline -0.004 -20"><span class='ocrx_word' id='word_1_677' title='bbox 2074 3898 2440 3974; x_wconf 86' lang='grc' dir='ltr'>πρωτοτόκια·</span> <span class='ocrx_word' id='word_1_678' title='bbox 2482 3897 2692 3953; x_wconf 83' lang='grc' dir='ltr'>ἐκεῖθέν</span> <span class='ocrx_word' id='word_1_679' title='bbox 2731 3914 2791 3952; x_wconf 87' lang='grc' dir='ltr'><strong>τε</strong></span> <span class='ocrx_word' id='word_1_680' title='bbox 2845 3897 3035 3951; x_wconf 83' lang='grc' dir='ltr'>λοιπὸν</span> <span class='ocrx_word' id='word_1_681' title='bbox 3088 3896 3183 3951; x_wconf 75' lang='grc' dir='ltr'><strong>καὶ</strong></span> <span class='ocrx_word' id='word_1_682' title='bbox 3236 3897 3335 3968; x_wconf 81' lang='grc' dir='ltr'><strong>τὴν</strong></span> <span class='ocrx_word' id='word_1_683' title='bbox 3381 3894 3665 3966; x_wconf 72' lang='grc' dir='ltr'>πατρικὴν</span> 
     </span>
    </p>
   </div>
   <div class='ocr_carea' id='block_1_98' title="bbox 2074 3978 3663 4061">
    <p class='ocr_par' dir='ltr' id='par_1_98' title="bbox 2074 3978 3663 4061">
     <span class='ocr_line' id='line_1_98' title="bbox 2074 3978 3663 4061; baseline -0.004 -15"><span class='ocrx_word' id='word_1_684' title='bbox 2074 3991 2321 4061; x_wconf 83' lang='grc' dir='ltr'>εὐλογίαν</span> <span class='ocrx_word' id='word_1_685' title='bbox 2354 3990 2593 4061; x_wconf 84' lang='grc' dir='ltr'>ἐκλάπη·</span> <span class='ocrx_word' id='word_1_686' title='bbox 2633 3990 2729 4044; x_wconf 72' lang='grc' dir='ltr'><strong>καὶ</strong></span> <span class='ocrx_word' id='word_1_687' title='bbox 2754 3988 2927 4053; x_wconf 74' lang='grc' dir='ltr'>οὕτως</span> <span class='ocrx_word' id='word_1_688' title='bbox 2971 3988 3109 4043; x_wconf 83' lang='grc' dir='ltr'><strong>κατά</strong></span> <span class='ocrx_word' id='word_1_689' title='bbox 3139 3978 3333 4060; x_wconf 75' lang='grc' dir='ltr'>μικρὸν</span> <span class='ocrx_word' id='word_1_690' title='bbox 3360 3986 3663 4057; x_wconf 85' lang='grc' dir='ltr'>ἀλλοτριω-</span> 
     </span>
    </p>
   </div>
   <div class='ocr_carea' id='block_1_99' title="bbox 2075 4075 3663 4155">
    <p class='ocr_par' dir='ltr' id='par_1_99' title="bbox 2075 4075 3663 4155">
     <span class='ocr_line' id='line_1_99' title="bbox 2075 4075 3663 4155; baseline -0.006 -17"><span class='ocrx_word' id='word_1_691' title='bbox 2075 4083 2189 4149; x_wconf 76' lang='grc' dir='ltr'>θεὶς</span> <span class='ocrx_word' id='word_1_692' title='bbox 2216 4083 2418 4155; x_wconf 84' lang='grc' dir='ltr'>ἀρετῆς</span> <span class='ocrx_word' id='word_1_693' title='bbox 2440 4082 2536 4135; x_wconf 73' lang='grc' dir='ltr'><strong>καὶ</strong></span> <span class='ocrx_word' id='word_1_694' title='bbox 2561 4080 2719 4145; x_wconf 78' lang='grc' dir='ltr'>Θεοῦ,</span> <span class='ocrx_word' id='word_1_695' title='bbox 2759 4080 2860 4153; x_wconf 80' lang='grc' dir='ltr'><strong>τὴν</strong></span> <span class='ocrx_word' id='word_1_696' title='bbox 2897 4079 3303 4152; x_wconf 83' lang='grc' dir='ltr'>πατριαρχικὴν</span> <span class='ocrx_word' id='word_1_697' title='bbox 3349 4076 3506 4143; x_wconf 83' lang='grc' dir='ltr'>δόξαν</span> <span class='ocrx_word' id='word_1_698' title='bbox 3549 4075 3663 4129; x_wconf 81' lang='grc' dir='ltr'>ἀπ-</span> 
     </span>
    </p>
   </div>
   <div class='ocr_carea' id='block_1_100' title="bbox 2074 4165 3664 4245">
    <p class='ocr_par' dir='ltr' id='par_1_100' title="bbox 2074 4165 3664 4245">
     <span class='ocr_line' id='line_1_100' title="bbox 2074 4165 3664 4245; baseline -0.006 -16"><span class='ocrx_word' id='word_1_699' title='bbox 2074 4173 2261 4229; x_wconf 61' lang='grc' dir='ltr'>ώλεσε</span> <span class='ocrx_word' id='word_1_700' title='bbox 2285 4172 2487 4228; x_wconf 75' lang='grc' dir='ltr'>καὶτοῦ</span> <span class='ocrx_word' id='word_1_701' title='bbox 2522 4173 2739 4245; x_wconf 75' lang='grc' dir='ltr'>Ἰσραὴλ</span> <span class='ocrx_word' id='word_1_702' title='bbox 2760 4170 2903 4226; x_wconf 88' lang='grc' dir='ltr'><strong>κατά</strong></span> <span class='ocrx_word' id='word_1_703' title='bbox 2932 4171 3031 4244; x_wconf 79' lang='grc' dir='ltr'><strong>τὴν</strong></span> <span class='ocrx_word' id='word_1_704' title='bbox 3054 4171 3323 4226; x_wconf 83' lang='grc' dir='ltr'>οίκείωσιν</span> <span class='ocrx_word' id='word_1_705' title='bbox 3346 4165 3664 4239; x_wconf 73' lang='grc' dir='ltr'>χωρισθεὶς,</span> 
     </span>
    </p>
   </div>
   <div class='ocr_carea' id='block_1_101' title="bbox 2075 4256 3665 4334">
    <p class='ocr_par' dir='ltr' id='par_1_101' title="bbox 2075 4256 3665 4334">
     <span class='ocr_line' id='line_1_101' title="bbox 2075 4256 3665 4334; baseline -0.008 -14"><span class='ocrx_word' id='word_1_706' title='bbox 2075 4265 2237 4328; x_wconf 82' lang='grc' dir='ltr'>αὑτός</span> <span class='ocrx_word' id='word_1_707' title='bbox 2298 4280 2358 4316; x_wconf 91' lang='grc' dir='ltr'><strong>τε</strong></span> <span class='ocrx_word' id='word_1_708' title='bbox 2424 4262 2700 4334; x_wconf 84' lang='grc' dir='ltr'>βάρϐαρος</span> <span class='ocrx_word' id='word_1_709' title='bbox 2757 4260 2976 4330; x_wconf 82' lang='grc' dir='ltr'>ἐγένετο</span> <span class='ocrx_word' id='word_1_710' title='bbox 3037 4260 3133 4315; x_wconf 76' lang='grc' dir='ltr'><strong>καὶ</strong></span> <span class='ocrx_word' id='word_1_711' title='bbox 3198 4257 3515 4328; x_wconf 81' lang='grc' dir='ltr'>ἀλλόφυλος,</span> <span class='ocrx_word' id='word_1_712' title='bbox 3564 4256 3665 4312; x_wconf 72' lang='grc' dir='ltr'>καὶ</span> 
     </span>
    </p>
   </div>
   <div class='ocr_carea' id='block_1_102' title="bbox 2075 4355 3180 4426">
    <p class='ocr_par' dir='ltr' id='par_1_102' title="bbox 2075 4355 3180 4426">
     <span class='ocr_line' id='line_1_102' title="bbox 2075 4355 3180 4426; baseline -0.007 -12"><span class='ocrx_word' id='word_1_713' title='bbox 2075 4357 2315 4414; x_wconf 87' lang='grc' dir='ltr'>τοιοῦτον</span> <span class='ocrx_word' id='word_1_714' title='bbox 2344 4357 2404 4423; x_wconf 80' lang='grc' dir='ltr'><strong>ἐξ</strong></span> <span class='ocrx_word' id='word_1_715' title='bbox 2441 4355 2607 4411; x_wconf 80' lang='grc' dir='ltr'>αὐτοῦ</span> <span class='ocrx_word' id='word_1_716' title='bbox 2638 4355 2764 4411; x_wconf 84' lang='grc' dir='ltr'>λαὸν</span> <span class='ocrx_word' id='word_1_717' title='bbox 2792 4355 3180 4426; x_wconf 83' lang='grc' dir='ltr'>ἀπεγέννησεν.</span> 
     </span>
    </p>
   </div>
   <div class='ocr_carea' id='block_1_103' title="bbox 2009 4442 3665 4524">
    <p class='ocr_par' dir='ltr' id='par_1_103' title="bbox 2009 4442 3665 4524">
     <span class='ocr_line' id='line_1_103' title="bbox 2009 4442 3665 4524; baseline -0.007 -17"><span class='ocrx_word' id='word_1_718' title='bbox 2009 4461 2056 4519; x_wconf 82' lang='grc' dir='ltr'><strong>ι)</strong></span> <span class='ocrx_word' id='word_1_719' title='bbox 2152 4452 2300 4524; x_wconf 78' lang='grc' dir='ltr'>Αῦτη</span> <span class='ocrx_word' id='word_1_720' title='bbox 2337 4453 2370 4523; x_wconf 85' lang='grc' dir='ltr'><strong>ή</strong></span> <span class='ocrx_word' id='word_1_721' title='bbox 2398 4450 2571 4516; x_wconf 79' lang='grc' dir='ltr'>νόσος,</span> <span class='ocrx_word' id='word_1_722' title='bbox 2598 4448 2693 4503; x_wconf 76' lang='grc' dir='ltr'>καὶ</span> <span class='ocrx_word' id='word_1_723' title='bbox 2720 4449 2814 4502; x_wconf 78' lang='grc' dir='ltr'><strong>τὸν</strong></span> <span class='ocrx_word' id='word_1_724' title='bbox 2841 4448 2941 4519; x_wconf 87' lang='grc' dir='ltr'>τῆς</span> <span class='ocrx_word' id='word_1_725' title='bbox 2968 4445 3213 4510; x_wconf 79' lang='grc' dir='ltr'>Παλαιᾶς</span> <span class='ocrx_word' id='word_1_726' title='bbox 3236 4442 3510 4516; x_wconf 81' lang='grc' dir='ltr'>Διαθήκης</span> <span class='ocrx_word' id='word_1_727' title='bbox 3533 4442 3665 4497; x_wconf 81' lang='grc' dir='ltr'>λαὸν</span> 
     </span>
    </p>
   </div>
   <div class='ocr_carea' id='block_1_104' title="bbox 2082 4535 3660 4616">
    <p class='ocr_par' dir='ltr' id='par_1_104' title="bbox 2082 4535 3660 4616">
     <span class='ocr_line' id='line_1_104' title="bbox 2082 4535 3660 4616; baseline -0.006 -18"><span class='ocrx_word' id='word_1_728' title='bbox 2082 4545 2164 4609; x_wconf 85' lang='grc' dir='ltr'><strong>εἱς</strong></span> <span class='ocrx_word' id='word_1_729' title='bbox 2191 4543 2503 4616; x_wconf 86' lang='grc' dir='ltr'>παράϐασιν</span> <span class='ocrx_word' id='word_1_730' title='bbox 2520 4541 2629 4595; x_wconf 85' lang='grc' dir='ltr'>τῶν</span> <span class='ocrx_word' id='word_1_731' title='bbox 2652 4540 2812 4595; x_wconf 84' lang='grc' dir='ltr'>θείων</span> <span class='ocrx_word' id='word_1_732' title='bbox 2831 4540 2925 4593; x_wconf 71' lang='grc' dir='ltr'><strong>καὶ</strong></span> <span class='ocrx_word' id='word_1_733' title='bbox 2953 4537 3113 4610; x_wconf 85' lang='grc' dir='ltr'>ἱερῶν</span> <span class='ocrx_word' id='word_1_734' title='bbox 3142 4538 3343 4607; x_wconf 88' lang='grc' dir='ltr'>νόμων,</span> <span class='ocrx_word' id='word_1_735' title='bbox 3368 4535 3660 4607; x_wconf 82' lang='grc' dir='ltr'>ἐξήγαγεν.</span> 
     </span>
    </p>
   </div>
   <div class='ocr_carea' id='block_1_105' title="bbox 2097 4626 3665 4708">
    <p class='ocr_par' dir='ltr' id='par_1_105' title="bbox 2097 4626 3665 4708">
     <span class='ocr_line' id='line_1_105' title="bbox 2097 4626 3665 4708; baseline -0.009 -17"><span class='ocrx_word' id='word_1_736' title='bbox 2097 4635 2321 4708; x_wconf 77' lang='grc' dir='ltr'>Ἐπειδὴ</span> <span class='ocrx_word' id='word_1_737' title='bbox 2346 4635 2456 4707; x_wconf 80' lang='grc' dir='ltr'><strong>γὰρ</strong></span> <span class='ocrx_word' id='word_1_738' title='bbox 2481 4632 2759 4695; x_wconf 85' lang='grc' dir='ltr'>Μωῦσέως</span> <span class='ocrx_word' id='word_1_739' title='bbox 2783 4633 2849 4702; x_wconf 80' lang='grc' dir='ltr'><strong>τῇ</strong></span> <span class='ocrx_word' id='word_1_740' title='bbox 2885 4627 3187 4698; x_wconf 73' lang='grc' dir='ltr'>ἐπαγγελίᾳ</span> <span class='ocrx_word' id='word_1_741' title='bbox 3208 4626 3303 4680; x_wconf 85' lang='grc' dir='ltr'><strong>τοῦ</strong></span> <span class='ocrx_word' id='word_1_742' title='bbox 3334 4626 3497 4697; x_wconf 86' lang='grc' dir='ltr'>νόμου</span> <span class='ocrx_word' id='word_1_743' title='bbox 3535 4642 3665 4696; x_wconf 86' lang='grc' dir='ltr'>σχο-</span> 
     </span>
    </p>
   </div>
   <div class='ocr_carea' id='block_1_106' title="bbox 2081 4716 3667 4796">
    <p class='ocr_par' dir='ltr' id='par_1_106' title="bbox 2081 4716 3667 4796">
     <span class='ocr_line' id='line_1_106' title="bbox 2081 4716 3667 4796; baseline -0.008 -15"><span class='ocrx_word' id='word_1_744' title='bbox 2081 4727 2337 4792; x_wconf 80' lang='grc' dir='ltr'>λάζοντος</span> <span class='ocrx_word' id='word_1_745' title='bbox 2356 4769 2371 4793; x_wconf 90' lang='grc'><strong>,</strong></span> <span class='ocrx_word' id='word_1_746' title='bbox 2412 4723 2848 4796; x_wconf 83' lang='grc' dir='ltr'>ἐκδιαιτηθέντες</span> <span class='ocrx_word' id='word_1_747' title='bbox 2872 4722 2920 4775; x_wconf 85' lang='grc' dir='ltr'><strong>οί</strong></span> <span class='ocrx_word' id='word_1_748' title='bbox 2951 4720 3254 4793; x_wconf 77' lang='grc' dir='ltr'>ἄνθρωποι,</span> <span class='ocrx_word' id='word_1_749' title='bbox 3288 4720 3424 4793; x_wconf 70' lang='grc' dir='ltr'><strong>πρρς</strong></span> <span class='ocrx_word' id='word_1_750' title='bbox 3452 4716 3667 4789; x_wconf 76' lang='grc' dir='ltr'>τρυφὴν</span> 
     </span>
    </p>
   </div>
   <div class='ocr_carea' id='block_1_107' title="bbox 2082 4808 3666 4891">
    <p class='ocr_par' dir='ltr' id='par_1_107' title="bbox 2082 4808 3666 4891">
     <span class='ocr_line' id='line_1_107' title="bbox 2082 4808 3666 4891; baseline -0.008 -17"><span class='ocrx_word' id='word_1_751' title='bbox 2082 4819 2178 4875; x_wconf 73' lang='grc' dir='ltr'><strong>καὶ</strong></span> <span class='ocrx_word' id='word_1_752' title='bbox 2204 4818 2424 4891; x_wconf 89' lang='grc' dir='ltr'>χορείας</span> <span class='ocrx_word' id='word_1_753' title='bbox 2452 4817 2789 4890; x_wconf 85' lang='grc' dir='ltr'>ἐτράπησαν,</span> <span class='ocrx_word' id='word_1_754' title='bbox 2825 4812 2969 4867; x_wconf 86' lang='grc' dir='ltr'><strong>κατά</strong></span> <span class='ocrx_word' id='word_1_755' title='bbox 2997 4812 3162 4885; x_wconf 85' lang='grc' dir='ltr'>μέρος</span> <span class='ocrx_word' id='word_1_756' title='bbox 3191 4811 3390 4874; x_wconf 79' lang='grc' dir='ltr'>αὐτοὺς</span> <span class='ocrx_word' id='word_1_757' title='bbox 3420 4808 3666 4863; x_wconf 86' lang='grc' dir='ltr'>ὀλισθαί-</span> 
     </span>
    </p>
   </div>
   <div class='ocr_carea' id='block_1_108' title="bbox 2086 4902 3668 4980">
    <p class='ocr_par' dir='ltr' id='par_1_108' title="bbox 2086 4902 3668 4980">
     <span class='ocr_line' id='line_1_108' title="bbox 2086 4902 3668 4980; baseline -0.008 -14"><span class='ocrx_word' id='word_1_758' title='bbox 2086 4929 2275 4974; x_wconf 84' lang='grc' dir='ltr'>νοντας</span> <span class='ocrx_word' id='word_1_759' title='bbox 2305 4911 2399 4965; x_wconf 75' lang='grc' dir='ltr'><strong>καὶ</strong></span> <span class='ocrx_word' id='word_1_760' title='bbox 2428 4909 2735 4974; x_wconf 85' lang='grc' dir='ltr'>πατοῦντας</span> <span class='ocrx_word' id='word_1_761' title='bbox 2765 4908 2865 4980; x_wconf 81' lang='grc' dir='ltr'>τὴν</span> <span class='ocrx_word' id='word_1_762' title='bbox 2896 4906 3157 4977; x_wconf 81' lang='grc' dir='ltr'>εὐνομίαν</span> <span class='ocrx_word' id='word_1_763' title='bbox 3206 4902 3302 4958; x_wconf 82' lang='grc' dir='ltr'><strong>τοῦ</strong></span> <span class='ocrx_word' id='word_1_764' title='bbox 3338 4902 3452 4974; x_wconf 88' lang='grc' dir='ltr'>βίου</span> <span class='ocrx_word' id='word_1_765' title='bbox 3479 4942 3493 4967; x_wconf 93' lang='grc'><strong>,</strong></span> <span class='ocrx_word' id='word_1_766' title='bbox 3530 4902 3668 4973; x_wconf 78' lang='grc' dir='ltr'>πρὸς</span> 
     </span>
    </p>
   </div>
   <div class='ocr_carea' id='block_1_109' title="bbox 2083 4994 3668 5069">
    <p class='ocr_par' dir='ltr' id='par_1_109' title="bbox 2083 4994 3668 5069">
     <span class='ocr_line' id='line_1_109' title="bbox 2083 4994 3668 5069; baseline -0.006 -12"><span class='ocrx_word' id='word_1_767' title='bbox 2083 5003 2342 5058; x_wconf 83' lang='grc' dir='ltr'>ἀσέϐειαν</span> <span class='ocrx_word' id='word_1_768' title='bbox 2383 5004 2412 5055; x_wconf 89' lang='lat'><strong>6</strong></span> <span class='ocrx_word' id='word_1_769' title='bbox 2451 5001 2701 5066; x_wconf 85' lang='grc' dir='ltr'>διάϐολος</span> <span class='ocrx_word' id='word_1_770' title='bbox 2745 4997 3123 5069; x_wconf 82' lang='grc' dir='ltr'>ἐφειλκύσατο.</span> <span class='ocrx_word' id='word_1_771' title='bbox 3165 4995 3434 5051; x_wconf 83' lang='grc' dir='ltr'>Κάκεῖθεν</span> <span class='ocrx_word' id='word_1_772' title='bbox 3480 4994 3668 5048; x_wconf 77' lang='grc' dir='ltr'>λοιπὸν</span> 
     </span>
    </p>
   </div>
   <div class='ocr_carea' id='block_1_110' title="bbox 2088 5084 3668 5166">
    <p class='ocr_par' dir='ltr' id='par_1_110' title="bbox 2088 5084 3668 5166">
     <span class='ocr_line' id='line_1_110' title="bbox 2088 5084 3668 5166; baseline -0.006 -18"><span class='ocrx_word' id='word_1_773' title='bbox 2088 5093 2497 5166; x_wconf 83' lang='grc' dir='ltr'>μοσχοποίησις,</span> <span class='ocrx_word' id='word_1_774' title='bbox 2548 5092 2897 5164; x_wconf 79' lang='grc' dir='ltr'>ἐπιτήδευσις</span> <span class='ocrx_word' id='word_1_775' title='bbox 2935 5088 3279 5161; x_wconf 83' lang='grc' dir='ltr'>δαιμονῶσα,</span> <span class='ocrx_word' id='word_1_776' title='bbox 3311 5088 3405 5141; x_wconf 75' lang='grc' dir='ltr'>καὶ</span> <span class='ocrx_word' id='word_1_777' title='bbox 3456 5084 3668 5157; x_wconf 85' lang='grc' dir='ltr'>Ἀαρὼν</span> 
     </span>
    </p>
   </div>
   <div class='ocr_carea' id='block_1_111' title="bbox 2084 5178 3665 5258">
    <p class='ocr_par' dir='ltr' id='par_1_111' title="bbox 2084 5178 3665 5258">
     <span class='ocr_line' id='line_1_111' title="bbox 2084 5178 3665 5258; baseline -0.008 -16"><span class='ocrx_word' id='word_1_778' title='bbox 2084 5185 2362 5242; x_wconf 84' lang='grc' dir='ltr'>κοινωνῶν</span> <span class='ocrx_word' id='word_1_779' title='bbox 2414 5185 2510 5240; x_wconf 86' lang='grc' dir='ltr'><strong>τοῦ</strong></span> <span class='ocrx_word' id='word_1_780' title='bbox 2552 5185 2881 5258; x_wconf 82' lang='grc' dir='ltr'>μιάσματος,</span> <span class='ocrx_word' id='word_1_781' title='bbox 2933 5180 3148 5237; x_wconf 79' lang='grc' dir='ltr'>καὶτοῦ</span> <span class='ocrx_word' id='word_1_782' title='bbox 3174 5182 3339 5252; x_wconf 88' lang='grc' dir='ltr'>νόμου</span> <span class='ocrx_word' id='word_1_783' title='bbox 3370 5178 3665 5250; x_wconf 69' lang='grc' dir='ltr'>διαφθορά,</span> 
     </span>
    </p>
   </div>
   <div class='ocr_carea' id='block_1_112' title="bbox 2084 5270 3668 5349">
    <p class='ocr_par' dir='ltr' id='par_1_112' title="bbox 2084 5270 3668 5349">
     <span class='ocr_line' id='line_1_112' title="bbox 2084 5270 3668 5349; baseline -0.008 -14"><span class='ocrx_word' id='word_1_784' title='bbox 2084 5283 2179 5335; x_wconf 67' lang='grc' dir='ltr'><strong>καὶ</strong></span> <span class='ocrx_word' id='word_1_785' title='bbox 2205 5280 2312 5334; x_wconf 83' lang='grc' dir='ltr'><strong>τῶν</strong></span> <span class='ocrx_word' id='word_1_786' title='bbox 2352 5276 2575 5334; x_wconf 83' lang='grc' dir='ltr'>πλακῶν</span> <span class='ocrx_word' id='word_1_787' title='bbox 2610 5276 2966 5349; x_wconf 80' lang='grc' dir='ltr'>συντριμμὸς,</span> <span class='ocrx_word' id='word_1_788' title='bbox 2994 5274 3087 5329; x_wconf 75' lang='grc' dir='ltr'><strong>καὶ</strong></span> <span class='ocrx_word' id='word_1_789' title='bbox 3113 5273 3393 5336; x_wconf 79' lang='grc' dir='ltr'>Μωῦσέως</span> <span class='ocrx_word' id='word_1_790' title='bbox 3418 5270 3668 5341; x_wconf 81' lang='grc' dir='ltr'>δεύτερος</span> 
     </span>
    </p>
   </div>
   <div class='ocr_carea' id='block_1_113' title="bbox 2085 5361 3669 5444">
    <p class='ocr_par' dir='ltr' id='par_1_113' title="bbox 2085 5361 3669 5444">
     <span class='ocr_line' id='line_1_113' title="bbox 2085 5361 3669 5444; baseline -0.008 -18"><span class='ocrx_word' id='word_1_791' title='bbox 2085 5372 2284 5444; x_wconf 87' lang='grc' dir='ltr'>δρόμος</span> <span class='ocrx_word' id='word_1_792' title='bbox 2314 5372 2406 5426; x_wconf 76' lang='grc' dir='ltr'><strong>ἐπὶ</strong></span> <span class='ocrx_word' id='word_1_793' title='bbox 2437 5371 2498 5425; x_wconf 83' lang='grc' dir='ltr'><strong>τὸ</strong></span> <span class='ocrx_word' id='word_1_794' title='bbox 2530 5371 2677 5442; x_wconf 76' lang='grc' dir='ltr'>ὅρος,</span> <span class='ocrx_word' id='word_1_795' title='bbox 2708 5370 2803 5424; x_wconf 77' lang='grc' dir='ltr'>καὶ</span> <span class='ocrx_word' id='word_1_796' title='bbox 2828 5368 3005 5423; x_wconf 86' lang='grc' dir='ltr'>πάντα</span> <span class='ocrx_word' id='word_1_797' title='bbox 3033 5367 3225 5429; x_wconf 84' lang='grc' dir='ltr'>ταῦτα,</span> <span class='ocrx_word' id='word_1_798' title='bbox 3267 5367 3367 5420; x_wconf 82' lang='grc' dir='ltr'>ὅσα</span> <span class='ocrx_word' id='word_1_799' title='bbox 3398 5364 3431 5435; x_wconf 79' lang='grc' dir='ltr'>ἡ</span> <span class='ocrx_word' id='word_1_800' title='bbox 3459 5361 3669 5434; x_wconf 86' lang='grc' dir='ltr'>ίστορία</span> 
     </span>
    </p>
   </div>
   <div class='ocr_carea' id='block_1_114' title="bbox 2086 5450 3670 5537">
    <p class='ocr_par' dir='ltr' id='par_1_114' title="bbox 2086 5450 3670 5537">
     <span class='ocr_line' id='line_1_114' title="bbox 2086 5450 3670 5537; baseline -0.009 -18"><span class='ocrx_word' id='word_1_801' title='bbox 2086 5463 2476 5537; x_wconf 79' lang='grc' dir='ltr'>σχετλιάζουσα</span> <span class='ocrx_word' id='word_1_802' title='bbox 2501 5464 2844 5537; x_wconf 83' lang='grc' dir='ltr'>ὀλοφύρεται,</span> <span class='ocrx_word' id='word_1_803' title='bbox 2871 5460 2980 5515; x_wconf 80' lang='grc' dir='ltr'><strong>ἀπὸ</strong></span> <span class='ocrx_word' id='word_1_804' title='bbox 3003 5458 3260 5533; x_wconf 81' lang='grc' dir='ltr'>βρώσεως</span> <span class='ocrx_word' id='word_1_805' title='bbox 3292 5457 3539 5528; x_wconf 84' lang='grc' dir='ltr'>ἀμέτρου</span> <span class='ocrx_word' id='word_1_806' title='bbox 3574 5450 3670 5525; x_wconf 71' lang='grc' dir='ltr'>τὴν</span> 
     </span>
    </p>
   </div>
   <div class='ocr_carea' id='block_1_115' title="bbox 2085 5554 2906 5631">
    <p class='ocr_par' dir='ltr' id='par_1_115' title="bbox 2085 5554 2906 5631">
     <span class='ocr_line' id='line_1_115' title="bbox 2085 5554 2906 5631; baseline -0.001 -20"><span class='ocrx_word' id='word_1_807' title='bbox 2085 5557 2259 5631; x_wconf 79' lang='grc' dir='ltr'>ἀρχὴν</span> <span class='ocrx_word' id='word_1_808' title='bbox 2292 5557 2419 5629; x_wconf 76' lang='grc' dir='ltr'>ἔσχε</span> <span class='ocrx_word' id='word_1_809' title='bbox 2453 5556 2549 5612; x_wconf 68' lang='grc' dir='ltr'><strong>καὶ</strong></span> <span class='ocrx_word' id='word_1_810' title='bbox 2579 5556 2679 5628; x_wconf 85' lang='grc' dir='ltr'><strong>τὴν</strong></span> <span class='ocrx_word' id='word_1_811' title='bbox 2706 5554 2906 5610; x_wconf 79' lang='grc' dir='ltr'>αἰτίαν.</span> 
     </span>
    </p>
   </div>
   <div class='ocr_carea' id='block_1_116' title="bbox 469 5728 3375 5811">
    <p class='ocr_par' dir='ltr' id='par_1_116' title="bbox 469 5728 3375 5811">
     <span class='ocr_line' id='line_1_116' title="bbox 469 5728 3375 5811; baseline 0.002 -18"><span class='ocrx_word' id='word_1_812' title='bbox 469 5735 516 5769; x_wconf 69' lang='grc' dir='ltr'>δ’</span> <span class='ocrx_word' id='word_1_813' title='bbox 549 5740 571 5794; x_wconf 90' lang='grc' dir='ltr'><strong>ι</strong></span> <span class='ocrx_word' id='word_1_814' title='bbox 602 5747 733 5811; x_wconf 80' lang='lat' dir='ltr'><strong>ttcg.</strong></span> <span class='ocrx_word' id='word_1_815' title='bbox 769 5753 846 5809; x_wconf 84' lang='lat' dir='ltr'><strong>tv,</strong></span> <span class='ocrx_word' id='word_1_816' title='bbox 879 5740 905 5794; x_wconf 81' lang='grc'><strong>1</strong></span> <span class='ocrx_word' id='word_1_817' title='bbox 937 5756 1057 5811; x_wconf 80' lang='lat' dir='ltr'><strong>sqq.</strong></span> <span class='ocrx_word' id='word_1_818' title='bbox 1139 5741 1178 5772; x_wconf 86' lang='lat'>”</span> <span class='ocrx_word' id='word_1_819' title='bbox 1220 5741 1355 5799; x_wconf 82' lang='lat' dir='ltr'><strong>Gen.</strong></span> <span class='ocrx_word' id='word_1_820' title='bbox 1390 5756 1512 5806; x_wconf 75' lang='lat' dir='ltr'><strong>xxv,</strong></span> <span class='ocrx_word' id='word_1_821' title='bbox 1544 5743 1613 5795; x_wconf 60' lang='lat' dir='ltr'><strong>eo</strong></span> <span class='ocrx_word' id='word_1_822' title='bbox 1642 5754 1763 5811; x_wconf 85' lang='lat' dir='ltr'><strong>sqq.</strong></span> <span class='ocrx_word' id='word_1_823' title='bbox 1834 5740 1880 5773; x_wconf 77' lang='lat'><strong>‘°</strong></span> <span class='ocrx_word' id='word_1_824' title='bbox 1904 5739 2040 5798; x_wconf 87' lang='lat' dir='ltr'><strong>Gen.</strong></span> <span class='ocrx_word' id='word_1_825' title='bbox 2066 5755 2239 5808; x_wconf 76' lang='lat' dir='ltr'><strong>xxvii,</strong></span> <span class='ocrx_word' id='word_1_826' title='bbox 2268 5739 2333 5797; x_wconf 86' lang='lat' dir='ltr'><strong>l9</strong></span> <span class='ocrx_word' id='word_1_827' title='bbox 2372 5752 2494 5807; x_wconf 85' lang='lat' dir='ltr'><strong>sqq.</strong></span> <span class='ocrx_word' id='word_1_828' title='bbox 2572 5738 2612 5770; x_wconf 77' lang='lat'>&quot;</span> <span class='ocrx_word' id='word_1_829' title='bbox 2649 5733 2819 5791; x_wconf 77' lang='lat' dir='ltr'><strong>Exod.</strong></span> <span class='ocrx_word' id='word_1_830' title='bbox 2848 5728 3149 5798; x_wconf 55' lang='lat' dir='ltr'><strong>suum”.</strong></span> <span class='ocrx_word' id='word_1_831' title='bbox 3188 5743 3306 5799; x_wconf 70' lang='grc' dir='ltr'>δίιίῐο</span> <span class='ocrx_word' id='word_1_832' title='bbox 3366 5760 3375 5765; x_wconf 90' lang='grc'>·</span> 
     </span>
    </p>
   </div>
   <div class='ocr_carea' id='block_1_117' title="bbox 1654 6076 1683 6097">
    <p class='ocr_par' dir='ltr' id='par_1_117' title="bbox 1654 6076 1683 6097">
     <span class='ocr_line' id='line_1_117' title="bbox 1654 6076 1683 6097; baseline 0 -2"><span class='ocrx_word' id='word_1_833' title='bbox 1654 6076 1683 6097; x_wconf 70' lang='grc' dir='ltr'><strong><em>ο</em></strong></span> 
     </span>
    </p>
   </div>
  </div>
