3828 6324
127 328 226 387 δ’ἵῖ

1042 328 1331 386 HOMiLlA
1368 330 1508 389 XIV.
1545 329 1611 387 ΙΝ
1644 331 2045 394 PRINCIPIUM
2079 335 2524 396 JEJUNIORUM.

3285 337 3391 395 373

188 446 411 501 eamea
438 448 571 519 ὑμῖν
599 448 698 503 καὶ
725 447 856 503 ἀλλο
897 449 1239 521 παραθέσθαι
1282 452 1546 525 διήγημα,
1583 454 1703 507 δεύ-

1879 455 2035 513 Libet
2062 473 2190 515 vero
2226 467 2280 515 et
2307 458 2451 514 aliud
2476 456 2733 529 quiddam
2775 472 3222 523 commemorare,
3253 468 3390 511 lem-

126 556 277 611 τερον
320 539 420 609 μὲν
461 539 559 592 τοῦ
602 539 994 613 προλεχθέντος
1035 545 1149 606 τοῖς
1199 543 1431 614 χρόνοις,
1471 545 1710 599 ἰσοδυνα-

130 631 260 700 μοῦν
288 630 342 683 δὲ
364 632 511 685 κατά
539 632 640 703 τὴν
669 633 888 706 πρᾶξιν.
930 634 988 687 '0
1022 635 1193 689 Σαοὺλ
1224 637 1252 689 ό
1282 636 1534 706 βασιλεὺς
1565 656 1706 709 παρ-

128 722 389 787 ετάττετο,
430 724 529 776 καὶ
572 724 662 777 διὰ
691 725 896 796 πολλῆς
915 727 1193 798 φροντίδος
1213 723 1314 798 ἦγε
1339 728 1427 781 τὸν
1452 729 1705 801 πόλεμονο

128 814 464 885 ἀπηγόρευσε
499 815 558 868 δὲ
588 815 667 886 τῷ
711 817 827 889 λαῷ
852 819 1061 889 τροφῆς
1093 820 1149 872 ἐν
1194 820 1376 893 ἐκείνῃ
1422 823 1487 891 τῇ
1525 822 1707 894 ἡμέρᾳ

130 905 468 973 μεταλαϐεῖν,
542 908 692 979 ὅρκῳ
742 910 842 980 τὴν
889 910 1068 981 κρίσιν
1121 911 1558 983 ἐπισφραγίσας,
1613 914 1705 967 καὶ

130 995 341 1062 θάνατος
386 994 457 1070 ἧν
504 1001 540 1072 ἡ
592 1000 765 1071 ζημία
811 1001 890 1072 τῷ
938 990 1368 1074 παράκούσαντι.
1417 1004 1604 1075 Πάσης
1649 1006 1706 1059 δὲ

126 1091 217 1163 τῆς
272 1095 533 1164 στρατιᾶς
583 1093 857 1158 εὐπειθῶς
902 1093 1204 1163 δεξαμένης
1246 1093 1308 1146 τὸ
1352 1094 1703 1166 πρόσταγμα,

130 1184 277 1254 μόνος
300 1188 329 1239 ὁ
361 1185 459 1239 τοῦ
492 1185 765 1256 βασιλέως
794 1187 921 1249 παῖς
963 1184 1219 1239 Ἵωνάθαν
1251 1188 1446 1256 σμήνει
1485 1204 1704 1258 περιτυ-

127 1274 246 1345 χὼν,
274 1276 366 1330 καὶ
387 1277 486 1330 τοῦ
518 1277 735 1348 μέλιτος
760 1277 1031 1348 ἡττηθεὶς,
1063 1277 1316 1349 ἐμπήξας
1347 1282 1459 1343 τοῖς
1493 1279 1703 1351 κηρίοις

126 1369 180 1419 τὸ
208 1368 512 1440 σκῆπτρον,
542 1368 640 1421 τοῦ
686 1368 1070 1440 γλυκάσματος
1118 1369 1479 1438 ἀπεγεύσατο.
1528 1369 1700 1425 Ἦλθε

125 1458 175 1509 δὲ
208 1460 377 1527 ἐγγὺς
408 1459 509 1513 τοῦ
542 1459 815 1524 κινδύνου,
850 1461 897 1513 εί
935 1460 1008 1532 μὴ
1045 1461 1104 1513 τὸ
1135 1461 1339 1531 πλῆθος
1372 1462 1517 1516 ἆπαν
1546 1466 1699 1536 κοινῇ

127 1550 250 1620 πρὸς
276 1549 376 1621 τὴν
403 1549 585 1623 ὁρμὴν
610 1549 706 1603 τοῦ
740 1551 944 1622 πατρὸς
985 1551 1080 1605 καὶ
1123 1551 1385 1621 βασιλέως
1418 1553 1696 1625 ἀντέσχεν,

125 1642 424 1710 ἀπαγαγεῖν
458 1643 557 1711 τὴν
591 1642 825 1714 ἀπειλὴν
851 1646 930 1707 είς
954 1644 1116 1715 ἔργον
1144 1644 1449 1716 ὁρίσαντος.

183 1731 326 1802 Πρὸς
354 1732 414 1785 δὲ
441 1734 557 1795 τοῖς
580 1732 893 1803 εἰρημένοις
918 1732 1087 1804 μυρία
1108 1733 1331 1787 τοιαῦτα
1358 1734 1564 1799 ἔξεστιν
1591 1737 1698 1791 ἀπὸ

1811 563 1939 616 pore
1985 549 2201 617 quidem
2252 550 2523 619 posterius
2563 550 2654 604 sed
2702 551 2843 618 quod
2902 549 2968 605 ad
3013 564 3124 603 rem
3172 550 3384 613 attinet,

1810 639 1966 707 plane
1990 640 2338 708 :eqnivalens.
2367 640 2492 695 Saul
2535 656 2625 695 rex
2678 642 2729 695 in
2759 639 2955 696 castris
2978 649 3117 704 erat,
3144 648 3197 694 et
3221 639 3386 693 multa

1810 731 2175 786 sollicitudine
2223 732 2422 785 bellant
2467 732 2909 787 administrabat.
2961 731 3242 785 lnterdixit
3283 745 3385 783 au-

1811 828 1916 874 tem
1940 820 2167 889 populo,
2199 837 2263 874 ne
2288 822 2409 888 quis
2456 821 2543 875 illo
2578 822 2666 875 die
2694 822 2871 876 cibum
2901 822 3227 885 sumeret“;
3256 835 3382 875 sen-

1808 911 2033 964 tentiam
2069 925 2225 965 suam
2263 910 2614 980 jurejurando
2644 912 2956 983 obsignans,
2987 913 3205 966 decreto
3239 926 3383 966 mor-

1808 1001 1876 1056 tis
1905 1001 2173 1071 snpplicio
2232 1002 2275 1057 si
2335 1004 2456 1072 quis
2508 1016 2612 1057 non
2650 1005 3090 1073 obtemperasset.
3125 1004 3256 1059 Cum
3287 1020 3384 1057 an-

1805 1099 1910 1147 tem
1946 1101 2088 1148 totus
2121 1093 2394 1147 exercitus
2444 1096 2757 1167 mandatum
2797 1095 2976 1150 debito
2998 1096 3256 1164 obsequio
3285 1110 3379 1149 ac-

1804 1184 2076 1252 cepisset,
2143 1185 2289 1239 solus
2346 1184 2608 1240 Jonathas
2631 1227 2646 1252 ,
2697 1185 2837 1241 ﬁlius
2867 1188 3008 1258 regis
3031 1230 3045 1251 ,
3078 1186 3129 1241 in
3165 1187 3381 1243 alveare

1804 1275 2064 1341 incidens,
2096 1276 2377 1348 mellisque
2407 1277 2689 1332 dulcedine
2738 1280 2933 1346 vietus,
2956 1277 3077 1334 favo
3105 1288 3377 1349 sceptrum

1802 1363 2058 1434 inﬁgens,
2100 1366 2436 1423 dulcedinem
2473 1368 2617 1422 illam
2669 1371 2929 1438 gustavit.
2965 1370 3249 1426 Proximus
3283 1387 3379 1424 an-

1803 1465 1909 1513 tem
1947 1460 2189 1528 perieulo
2213 1462 2335 1528 fuit,
2382 1464 2484 1519 nisi
2518 1474 2661 1520 totus
2689 1465 2917 1536 populus
2954 1465 3222 1521 communi
3252 1480 3381 1521 con-

1800 1561 1960 1602 sensu
2011 1550 2339 1606 retardasset
2393 1553 2653 1621 impetum
2710 1553 2915 1623 patris,
2964 1554 3053 1624 qui
3093 1554 3380 1611 intentans

1800 1638 1975 1693 minas
2000 1640 2067 1693 ad
2105 1655 2219 1696 rem
2256 1641 2505 1698 conferre
2547 1644 2778 1699 volebat.

1870 1729 2073 1786 Praeter
2110 1734 2246 1797 lucc,
2284 1747 2536 1789 sexcenta
2568 1735 2671 1790 alia
2709 1751 2776 1790 ex
2805 1735 3101 1804 Scripturis
3129 1738 3378 1803 eottigere

123 1794 491 1896 ﬁw'l‘parpibv
522 1794 937 1895 συλλεξάμενον,
973 1794 1160 1894 σαφῶς
1189 1794 1444 1894 κατιδεῖν,
1473 1828 1547 1890 ὡς
1570 1830 1697 1898 ἀγα-

1803 1820 1952 1887 licet,
1994 1824 2137 1879 unde
2183 1826 2413 1881 dilucide
2440 1828 2746 1893 elncescat,
2789 1829 2975 1899 quanti
3021 1826 3265 1883 facienda
3308 1827 3379 1880 sit

125 1913 204 1967 θον
223 1916 257 1984 ἡ
285 1916 612 1986 ἐγκράτεια,
639 1916 734 1969 καὶ
758 1915 1083 1980 τούναντίον,
1109 1914 1341 1987 χαλεπὸν
1367 1918 1399 1988 ἡ
1422 1917 1697 1982 ἀκώλυτος

122 2006 220 2059 τῶν
247 2009 433 2061 πότων
473 2008 568 2061 καὶ
617 2009 726 2061 τῶν
772 2008 916 2078 ὄψων
948 2008 1270 2071 ἀπόλαυσις.
1315 2009 1556 2079 Νηστεία
1587 2009 1696 2063 τῶν

124 2097 286 2165 ἁγίων
316 2097 656 2170 σύντροφοςο
709 2099 929 2170 νηστεία
974 2100 1157 2170 πάσης
1198 2099 1410 2169 ἀγαθῆς
1448 2100 1697 2173 πράξεως

122 2189 378 2259 ἀρχηγός.
414 2190 529 2242 Καὶ
552 2188 743 2260 ῶσπερ
775 2191 824 2243 οἱ
851 2192 1089 2260 τεχνῖται
1119 2189 1287 2260 χωρὶς
1319 2190 1565 2260 ὀργάνων
1597 2191 1698 2243 οὐκ

121 2281 396 2351 ἐνεργοῦσι
426 2280 530 2345 τάς
556 2282 754 2352 τέχνας
777 2299 792 2313 ·
828 2281 970 2334 οὕτω
998 2282 1093 2334 καὶ
1131 2282 1179 2334 οί
1213 2282 1488 2335 σπουδαῖοι
1516 2282 1609 2335 καὶ
1639 2283 1696 2335 ὲν

124 2378 516 2444 πνευματικαῖς
577 2377 761 2446 χάρισι
814 2374 1133 2445 βοηθέντες,
1187 2374 1316 2427 ἄνευ
1373 2375 1698 2447 ἐγκρατείας

120 2463 304 2518 οὔποτέ
338 2482 394 2517 τι
422 2465 533 2519 τῶν
562 2465 855 2534 θαυμάτων
889 2465 978 2519 καὶ
1019 2465 1322 2536 τεραστίων
1351 2467 1693 2538 εἰργάσαντο.

123 2555 411 2627 Νηστεύων
471 2557 738 2620 Ἐλισαῖος
794 2557 983 2628 ἤγειρε
1026 2556 1219 2627 νεκρὸν
1266 2558 1358 2610 καὶ
1403 2557 1651 2628 ὲψύχωσε
1678 2576 1692 2589 ·

126 2642 397 2713 νηστεύων
437 2643 644 2713 Μωσῆς
679 2638 784 2696 εἶδε
814 2644 975 2697 Θεόν’
1014 2643 1289 2714 νηστεύων
1320 2646 1554 2716 Δανιὴλ,
1597 2650 1697 2718 τῆς

124 2735 371 2804 γοητείας
400 2735 497 2788 καὶ
536 2734 744 2805 πλάνης
770 2733 878 2787 τῶν
923 2735 1222 2806 Ἀσσυρίων
1256 2736 1524 2807 ἐκράτησε
1551 2753 1697 2809 ἀνη-

128 2825 325 2878 στεύων
372 2825 464 2878 καὶ
503 2826 532 2878 ό
562 2826 770 2896 Κύριος
814 2824 907 2878 τοῦ
947 2825 1192 2878 διαϐόλου
1226 2826 1333 2878 τῶν
1375 2828 1696 2899 πειρασμῶν

124 2918 405 2987 ἠνέσχετο’
448 2916 801 2987 νηστεύοντες
844 2916 941 2969 καὶ
987 2918 1036 2969 οἱ
1066 2917 1375 2984 ἀπόστολοι,
1407 2919 1507 2983 τὰς
1554 2921 1695 2992 ὑπὲρ

122 3008 220 3061 τῶν
244 3008 557 3063 σπουδαίων
581 3008 922 3081 πραγμάτων
949 3008 1162 3079 δεήσεις
1187 3009 1405 3062 ἐτέλουν
1424 3024 1439 3040 ’
1473 3011 1697 3082 νηστείᾳ

1794 1918 2171 1981 temperantia,
2211 1926 2265 1971 et
2297 1932 2329 1970 e
2367 1918 2665 1985 contrario,
2688 1934 2850 1987 quam
2882 1934 3047 1987 grave
3075 1918 3274 1972 malum
3308 1917 3378 1971 sit

1795 2000 2222 2072 intemperanter
2262 2021 2323 2061 se
2369 2007 2492 2062 cibo
2542 2018 2778 2077 potuque
2832 2008 3189 2079 ingurgitare.
3226 2006 3372 2074 Jeju-

1797 2093 1943 2147 ninm
1999 2105 2311 2150 sanctorum
2359 2098 2692 2153 collactanea
2752 2108 2864 2165 est;
2909 2097 3168 2168 jejunium
3200 2097 3378 2153 omnis

1797 2182 1920 2238 boni
1944 2187 2124 2257 operis
2149 2186 2385 2242 initium.
2430 2189 2497 2243 Et
2530 2191 2982 2259 quemadmodum
3014 2190 3236 2261 opiﬁces
3257 2190 3376 2244 sine

1798 2275 2173 2333 instrumentis
2225 2294 2329 2332 non
2380 2291 2582 2350 agunt,
2615 2296 2733 2350 quae
2782 2280 2917 2335 artis
2951 2297 3058 2335 suae
3091 2290 3249 2346 sunt;
3301 2280 3374 2334 ita

1798 2368 1970 2422 seduli
1998 2379 2050 2424 et
2089 2369 2141 2425 in
2174 2352 2550 2440 spiritualibus
2592 2375 2785 2445 gratiis
2815 2375 3090 2437 celebrati,
3115 2373 3245 2428 nihil
3274 2373 3374 2451 mi-

1803 2460 2114 2515 raculorum
2148 2477 2385 2532 unquam
2424 2464 2543 2519 sine
2594 2466 2947 2534 temperantia
2977 2471 3370 2536 perpetrarent.

1797 2551 2055 2620 Jejnnans
2100 2556 2311 2610 Eliseus
2357 2567 2633 2613 mortuum
2660 2560 2919 2614 excitavit
2955 2568 3010 2614 et
3042 2560 3267 2625 revixit;
3295 2557 3378 2630 je-

1792 2644 2231 2718 junans‘Moyses
2263 2647 2425 2701 Deum
2462 2649 2616 2703 vidit.
2656 2648 2914 2719 .lejttnans
2949 2648 3157 2712 Daniel,
3185 2649 3376 2701 incan-

1801 2737 2035 2792 lationes
2079 2749 2134 2792 et
2179 2752 2397 2793 errores
2444 2739 2788 2810 Assyriorum
2848 2740 3071 2794 domuit.
3118 2737 3377 2805 Jejunans

1797 2830 1959 2883 etiam
2008 2829 2265 2885 Dominus
2313 2829 2512 2884 diaboli
2560 2831 2970 2902 impressionem
3021 2828 3374 2900 compescuit.

1799 2921 2044 2989 Apostoli
2075 2936 2295 2992 quoque
2321 2937 2409 2976 res
2442 2923 2613 2979 serias
2646 2938 2943 2992 precesque
2969 2938 3071 2977 non
3101 2922 3218 2976 sine
3244 2920 3378 2990 jeju-

1798 3007 1891 3061 nio
1936 3009 2307 3077 perticiebant.
2350 3010 2601 3065 Ninivita:
2647 3011 3120 3065 comminationem
3185 3008 3378 3063 morti.)

125 3099 397 3153 Νινευῖται
416 3101 517 3171 τὴν
543 3100 771 3170 ἀπειλὴν
793 3100 1051 3170 ἐνίκησαν
1079 3098 1173 3153 τοῦ
1201 3099 1432 3154 θανάτου
1453 3115 1469 3131 '
1499 3101 1593 3155 καὶ
1617 3102 1693 3165 ὡς

1803 3098 2355 3169 iejunioeﬁ'ugerunt;
2385 3114 2439 3156 et
2460 3110 2520 3156 ut
2543 3103 2781 3157 breviter
2814 3102 2998 3155 omnia
3028 3100 3373 3171 complectar,

124 3193 321 3247 ἐπίπαν
352 3195 544 3255 εἰπεῖν,
581 3191 720 3264 αὓτη
752 3191 887 3263 πρὸς
922 3191 1056 3245 θεὸν
1096 3192 1445 3263 παράκλητος
1467 3210 1480 3224 ·
1516 3191 1695 3257 αίδοῦς

1803 3190 2062 3259 jejunium
2099 3202 2183 3248 est
2218 3194 2438 3264 dignum
2472 3194 2629 3263 cujus
2652 3204 2909 3263 tanquam
2938 3194 3095 3263 legati
3124 3193 3260 3247 ratio
3280 3191 3379 3246 ba-

125 3283 267 3350 ἀξία,
303 3284 402 3337 καὶ
446 3283 687 3355 πρέσϐυς
722 3283 1065 3348 ἀξιόπιστος,
1117 3284 1329 3354 ταχέως
1370 3284 1695 3338 δυσωποῦσα

130 3374 257 3447 ειπερ
286 3369 363 3429 ὧν
401 3375 725 3447 προσαγάγῃ
754 3375 833 3446 τῷ
859 3376 977 3446 Θεῷ
1001 3375 1101 3447 τὴν
1137 3376 1436 3447 ἱκετηρίαν.
1469 3378 1559 3431 Διὸ
1588 3380 1697 3442 πᾶς

126 3466 255 3537 ἀνὴρ
288 3466 539 3539 εὐσεϐὴς,
583 3468 678 3521 καὶ
721 3468 869 3530 ὅστις
896 3464 1140 3537 φιλόθεος
1174 3467 1376 3538 μᾶλλον
1409 3468 1441 3539 ἢ
1474 3468 1567 3522 καὶ
1609 3485 1697 3538 φι-

127 3555 362 3627 λήδονος,
408 3560 621 3631 χαίρων
680 3578 768 3631 μοι
839 3560 935 3612 καὶ
976 3557 1378 3630 εὐθυμούμενος
1432 3560 1695 3631 πρόσελθε

125 3651 236 3713 ταῖς
262 3650 497 3721 ἡμέραις
526 3651 626 3722 τῆς
655 3652 1000 3724 ἐγκρατείας.
1027 3653 1217 3717 Οὐδεὶς
1238 3653 1349 3724 γάρ
1377 3654 1697 3725 σκυθρωπά-

129 3739 226 3803 ζων
255 3744 317 3795 ὲν
342 3743 487 3813 ἀρχῇ
529 3742 640 3794 τῶν
670 3740 918 3811 ἀγώνων,
954 3745 1199 3812 γενναῖος
1231 3745 1558 3815 ἀγωνιστής.
1603 3746 1695 3817 Μὴ

128 3830 269 3898 γίνου
299 3832 549 3901 στυγνὸς,
578 3832 657 3895 ὡς
690 3832 908 3905 βρέφος,
942 3833 1032 3886 ἐπὶ
1066 3833 1127 3885 τὸ
1151 3832 1513 3887 διδασκαλεῖον
1543 3834 1696 3887 ἑλκο-

133 3923 282 3991 μένου
306 3938 322 3953 ·
353 3925 429 3994 μὴ
458 3923 842 3992 καταγόγγυζε
884 3926 984 3995 τῆς
1026 3922 1135 3977 τῶν
1183 3924 1409 3996 ἡμερῶν
1458 3924 1697 3995 καθαρό-

129 4030 299 4085 τητος·
335 4015 413 4087 μὴ
462 4015 617 4085 ζήτει
649 4017 749 4085 τῆς
794 4013 1085 4086 ἑϐδομάδος
1124 4015 1187 4068 τὸ
1231 4015 1414 4081 τέλος,
1453 4016 1529 4079 ὼς
1562 4017 1698 4087 μετὰ

130 4105 359 4175 χειμῶνα
390 4107 613 4176 πικρὸν,
645 4106 950 4176 παρουσίαν
978 4105 1137 4178 ἔαρος
1158 4123 1171 4137 ·
1211 4109 1285 4178 μὴ
1316 4106 1571 4178 ὲπιθύμει
1602 4107 1696 4161 τοῦ

132 4196 400 4252 Σαεῦἀτον
425 4196 517 4250 διά
548 4196 739 4268 μέθην,
779 4197 855 4261 ὡς
911 4198 1195 4262 Ἰουδαῖος·
1231 4198 1305 4270 μὴ
1352 4199 1573 4271 ἀρίθμει
1598 4201 1699 4264 τὰς

132 4289 327 4362 ἡμέρας
376 4291 478 4361 τῆς
531 4290 1018 4362 Τεσσαρακοστῆς,
1066 4288 1142 4355 ὼς
1199 4291 1370 4362 ἀργὸς
1428 4292 1697 4362 μισθωτὸς

130 4381 400 4451 ἀναμένων
435 4382 537 4451 τῆς
578 4381 847 4451 ὲμμίσθου
889 4382 1226 4454 προθεσμίας
1270 4383 1332 4435 τὸ
1385 4382 1572 4446 τέλος’
1624 4384 1697 4456 μὴ

1797 3284 2010 3349 beatttr,
2040 3295 2095 3338 et
2126 3299 2357 3354 quorum
2402 3287 2615 3341 ratione
2640 3289 2704 3341 ad
2738 3287 2903 3341 Deum
2952 3286 3219 3356 legatione
3264 3284 3378 3339 fun-

1797 3375 1960 3445 gitur,
1997 3376 2341 3431 exaudiatur.
2367 3370 2631 3444 Quocirca
2654 3376 2904 3446 quisquis
2930 3383 3014 3430 est
3044 3376 3162 3445 pius
3187 3374 3375 3428 Deum-

1796 3482 1901 3536 que
1942 3466 2125 3523 colens
2169 3476 2223 3522 et
2278 3467 2451 3538 magis
2495 3483 2656 3537 quam
2700 3467 3001 3536 voluptates
3041 3478 3250 3529 amans,
3289 3463 3378 3519 ille

1797 3560 2049 3614 alacriter
2108 3558 2193 3613 his
2246 3559 2438 3614 diebus
2492 3546 2837 3616 abstinentiae
2879 3558 2946 3612 ad
2998 3572 3083 3611 me
3131 3556 3373 3617 accedat,

1800 3650 1980 3705 nullus
2035 3651 2214 3716 enim,
2264 3651 2355 3721 qui
2409 3651 2564 3707 initio
2605 3653 2964 3706 certaminum
3007 3647 3284 3703 vultuosus
3322 3656 3379 3701 et

1800 3744 1968 3799 tristis
2030 3752 2155 3810 est,
2214 3759 2510 3814 generosus
2568 3744 2770 3799 athleta
2830 3751 2935 3800 est.
2990 3740 3069 3796 Ne
3128 3737 3378 3795 eﬁiciaris

1798 3845 2025 3890 moestus
2046 3877 2061 3902 ,
2097 3844 2354 3912 tanquam
2382 3836 2663 3907 puerulus,
2692 3835 2783 3906 qni
2816 3834 3078 3890 violenter
3106 3832 3171 3887 ad
3193 3830 3375 3885 ludum

1798 3927 2118 3982 litterarium
2157 3929 2435 3994 trahitur;
2490 3943 2559 3984 ne
2614 3942 2920 3983 murmures
2964 3927 3227 3980 adversus
3279 3923 3377 3977 ho-

1800 4034 1916 4071 rum
1941 4019 2151 4072 dierum
2195 4019 2483 4089 puritatem
2511 4035 2526 4085 ;
2576 4033 2642 4073 ne
2666 4032 2877 4087 quartas
2909 4015 3066 4070 ﬁnem
3095 4013 3384 4069 hebdoma-

1799 4110 2059 4174 dte,sicnt
2082 4120 2202 4181 post
2236 4111 2616 4166 inclementem
2662 4111 2896 4165 hiemem
2948 4108 3210 4163 adventus
3236 4103 3379 4159 veris

1799 4204 2100 4273 expetitur;
2149 4219 2217 4259 ne
2259 4205 2537 4260 desideres
2579 4204 2874 4258 Sabbatum
2921 4204 2990 4256 ob
3034 4200 3373 4259 ebrietatem,

1802 4302 2055 4362 tanquam
2095 4293 2343 4361 Iudaeus;
2394 4310 2463 4349 ne
2515 4309 2771 4349 numeres
2804 4289 3236 4359 Quadragesimae
3265 4285 3383 4340 dies

1798 4384 1943 4439 velut
1965 4384 2189 4453 ignavus
2219 4386 2608 4451 mercenarius,
2634 4393 2958 4453 exspectans
2997 4381 3169 4434 donec
3198 4376 3380 4433 elaba-

133 4471 290 4526 λυπού
308 4515 324 4538 ,
360 4475 443 4527 ὅτι
472 4491 570 4527 σου
601 4474 711 4527 ἀπὸ
737 4473 960 4545 πρώτης
996 4474 1145 4546 ὧρας
1171 4475 1204 4545 ἡ
1236 4473 1382 4527 οἰκία
1410 4475 1472 4528 οὐ
1499 4475 1697 4529 καπνί-

1803 4474 2039 4543 turejus,
2065 4475 2130 4528 de
2149 4490 2255 4544 quo
2282 4481 2610 4529 conventum
2641 4480 2745 4539 est,
2776 4483 3016 4539 tempus;
3044 4484 3109 4523 ne
3141 4465 3376 4537 angaris,

138 4565 296 4632 ζεται,
324 4567 444 4620 οὐδὲ
472 4570 501 4620 ὁ
537 4568 801 4639 μάγειρος
825 4568 1021 4639 ἕστηκε
1061 4568 1199 4639 πρὸς
1225 4566 1288 4621 τὸ
1320 4566 1451 4639 πῦρ.

194 4747 426 4817 Χάρισαί
466 4765 519 4801 τι
550 4747 647 4801 καὶ
675 4748 741 4818 τῇ
771 4745 916 4817 ψυχῇ
938 4784 958 4811 ,
1003 4745 1078 4816 μὴ
1128 4745 1305 4800 πάντα
1349 4744 1428 4815 τῷ
1460 4744 1695 4816 σώματι.

132 4837 232 4910 τὴν
273 4840 367 4909 μὶν
390 4840 425 4909 ἡ
455 4838 635 4908 ἀποχὴ
664 4837 775 4891 τῶν
808 4837 990 4891 σιτίων
1018 4837 1239 4909 τρέφειο
1271 4835 1333 4889 τὸ
1362 4835 1421 4889 δὲ
1453 4837 1487 4906 ἡ
1522 4835 1695 4905 ἐμφό-

135 4945 302 5001 ρησις.
365 4930 504 4983 Ἀλλ’
542 4928 733 4999 ἐπειδὴ
775 4928 845 4982 τὰ
887 4928 981 4981 δύο
1017 4927 1268 4998 ἀλλήλοις
1308 4924 1691 4991 συνέζευκται,

138 5020 221 5071 καὶ
250 5018 319 5072 τά
349 5019 483 5073 πολὺ
516 5018 901 5090 κεχωρισμένα
945 5017 1086 5071 κατά
1117 5017 1217 5088 τὴν
1258 5017 1441 5086 φύσιν,
1482 5021 1548 5090 τῇ
1599 5015 1693 5071 τοῦ

135 5112 461 5183 Δημιουργοῧ
496 5111 753 5181 συνεδέθη
792 5111 1019 5181 προνοίᾳ
1050 5111 1145 5164 καὶ
1170 5110 1369 5182 τέχνῃ,
1401 5108 1699 5180 βουλευσώ-

139 5199 270 5266 μεθα
292 5202 435 5265 ὅπως
455 5200 523 5255 ἂν
548 5201 839 5273 ἀμφότερα
866 5201 1185 5269 διαγένοιτο,
1208 5200 1318 5255 τῶν
1344 5200 1697 5272 καταλλήλων

135 5288 349 5348 ἕκαστον
374 5293 576 5365 χρειῶν
617 5293 692 5366 μὴ
736 5293 1112 5366 στερούμενον.
1162 5294 1256 5348 Ἐκ
1297 5293 1407 5348 τῶν
1449 5294 1542 5348 δύο
1572 5312 1697 5349 συν-

135 5377 373 5451 έστηκας,
399 5383 677 5452 ἄνθρωπε,
707 5385 800 5437 καὶ
828 5383 1018 5438 σιωπῶ
1058 5384 1227 5449 τέως,
1262 5383 1343 5437 ὅτι
1384 5383 1518 5438 πολὺ
1563 5400 1696 5456 προ-

138 5472 457 5545 “mequ
484 5474 635 5547 ψυχὴ
654 5517 668 5540 ,
698 5475 796 5528 καὶ
840 5476 1114 5547 προσῆκεν
1146 5476 1333 5549 ἐκείνῃ
1372 5476 1559 5547 νέμειν
1595 5475 1698 5546 τῆς

139 5558 331 5629 ιὺνοίας
352 5565 413 5619 τὸ
437 5564 623 5619 πλέον.
654 5564 885 5620 Δίκασον
906 5567 964 5623 δὲ
992 5565 1343 5639 ἀμφοτέροις,
1376 5565 1452 5631 ὡς
1483 5565 1699 5637 λογικὸς

202 5762 248 5796 ⁸⁸
275 5763 294 5820 l
317 5764 447 5838 Reg.
482 5782 596 5834 xiv,
627 5765 700 5822 ει
722 5782 845 5839 sqq.

1796 4567 1842 4622 si
1872 4582 1900 4621 a
1938 4568 2108 4636 prima
2143 4566 2277 4620 hora
2303 4567 2495 4620 domus
2540 4579 2646 4620 non
2682 4562 3039 4634 perfundatur
3068 4559 3214 4613 l'umo
3237 4596 3253 4621 ,
3286 4570 3373 4610 ne-

1794 4672 1902 4729 que
1928 4672 2135 4727 coquus
2161 4667 2264 4712 stet
2299 4658 2367 4712 ad
2403 4657 2603 4728 ignem.

1868 4750 1942 4804 Da
1970 4748 2131 4803 etiam
2163 4748 2363 4820 aliquid
2411 4750 2639 4815 animae,
2681 4762 2786 4801 non
2826 4744 3009 4799 omnia
3049 4738 3287 4810 corpori.
3313 4737 3379 4792 ll-

1798 4839 1905 4895 lam
1954 4842 2123 4893 nutrit
2167 4839 2496 4894 abstinentia
2520 4838 2588 4893 ab
2613 4836 2888 4891 alimentis
2916 4874 2931 4899 ,
2966 4846 3163 4901 corpus
3197 4837 3374 4882 autem

1804 4931 2032 5002 repletio
2062 4946 2156 4987 seu
2185 4931 2436 5002 ingestio.
2472 4930 2578 4986 Sed
2621 4943 2744 4986 eum
2774 4929 2881 4984 duo
2914 4928 3027 4982 haec
3063 4925 3171 4992 jam
3197 4928 3380 4975 mutuo

1801 5022 1913 5078 sint
1939 5022 2215 5091 copulata,
2259 5024 2507 5094 quamvis
2537 5030 2729 5077 natura
2772 5018 3000 5073 multum
3040 5011 3380 5076 dissidentia,

1796 5113 2107 5171 Conditoris
2162 5122 2343 5170 tamen
2403 5114 2745 5184 providentia
2803 5122 2859 5166 et
2918 5118 3035 5165 arte
3098 5119 3377 5169 connexa,

1797 5207 2067 5277 dispicere
2087 5216 2328 5276 Oportet,
2353 5207 2629 5276 quomodo
2655 5204 2870 5274 utrique
2898 5204 3096 5259 horum
3126 5198 3376 5263 satisﬁat,

1796 5298 1870 5354 ita
1895 5306 1953 5352 ut
1985 5306 2232 5352 neutrum
2265 5298 2446 5353 debito
2489 5297 2732 5352 subsidio
2769 5296 3026 5368 privetur.
3058 5294 3136 5349 Ex
3172 5290 3379 5347 duabus

1801 5390 1966 5446 rebus
1998 5398 2410 5460 coagmentatus
2446 5404 2508 5445 es
2528 5430 2544 5456 ,
2573 5405 2607 5446 o
2637 5390 2818 5446 homo.
2850 5388 3005 5444 Mitto
3032 5386 3234 5449 dicere,
3268 5382 3383 5437 ani-

1802 5496 1946 5536 mam
2008 5481 2181 5537 multo
2234 5483 2663 5552 praestantiorem
2696 5494 2851 5549 esse,
2898 5495 2962 5536 ac
2991 5476 3215 5550 proinde
3256 5474 3382 5545 plus

1803 5573 2196 5631 benevolentiae
2225 5574 2277 5630 ei
2312 5571 2520 5632 deberi.
2556 5572 2654 5630 Jus
2684 5575 2774 5631 die
2804 5572 3077 5639 utrisque,
3120 5580 3377 5640 tanquam
