3828 6304
429 355 539 416 379

1716 356 1774 416 S.
1817 355 2094 415 ASTERll
2135 352 2440 413 AMASENI

3608 353 3727 410 580

427 477 659 532 rationis
705 476 976 550 particeps
1010 486 1065 531 et
1098 491 1285 548 aequus
1326 475 1518 547 index.
1572 474 1835 546 Exspecta
1884 491 2008 547 pan-

2140 474 2209 527 :ai
2242 472 2561 543 εὐγνώμων,
2628 470 2979 545 Ἀνάσχουιδὲ
3029 471 3261 545 μικρὸν,
3293 471 3389 526 καὶ
3421 472 3471 525 εἰ
3514 470 3729 544 βουλη-

426 568 634 639 lisper,
685 581 740 625 et
797 586 926 641 ego,
976 572 1020 626 si
1065 569 1248 636 lubet,
1280 585 1379 642 pro
1419 569 1601 625 anima
1628 577 1881 639 tanquam
1913 583 2014 639 pro

428 660 656 714 muliere
702 661 875 727 ﬁdeli,
923 675 1108 716 eorum
1134 701 1148 725 ,
1200 662 1252 715 in
1294 659 1489 731 quibus
1523 674 1581 715 se
1630 658 1828 730 injuria
1870 656 2014 713 afﬁci

428 754 624 805 merito
647 753 1020 821 conqueritur,
1067 753 1436 809 defensionem
1469 755 1771 809 instituam.
1818 752 2013 805 Anima

427 843 594 914 igitur
619 861 773 901 sacra
827 855 940 909 est,
985 857 1040 900 et
1068 862 1096 900 a
1142 849 1387 918 corporis
1423 848 1773 902 concretione
1819 844 2011 911 libera,

428 937 749 991 immortalis
796 948 854 994 et
902 939 1160 994 interitus
1224 942 1429 995 nescia.
1469 939 1657 1010 Neque
1710 954 1831 993 cum
1870 949 2014 992 ter-ra

424 1037 482 1081 et
508 1029 889 1096 terrestribus,
946 1033 1040 1086 sed
1089 1046 1211 1087 cum
1247 1029 1360 1085 Deo
1402 1030 1783 1101 cognationem
1830 1027 2012 1082 habet.

419 1116 558 1173 Cum
582 1135 711 1176 vero
744 1137 876 1191 pura
911 1122 1015 1189 sit,
1068 1125 1218 1193 puris
1242 1123 1561 1189 delectatur,
1601 1130 1656 1177 et
1701 1134 1823 1175 cum
1863 1118 2016 1187 origo

422 1210 543 1280 ejus
568 1213 797 1266 materia
827 1224 1044 1281 careat,
1087 1215 1217 1287 fugit
1243 1230 1460 1286 quoque
1506 1228 1594 1269 res
1645 1211 1885 1268 materia:
1917 1211 2017 1264 im-

425 1317 658 1359 mersas.
693 1303 962 1360 Caeterum
1012 1299 1300 1377 pestquam
1328 1323 1357 1362 a
1385 1307 1497 1361 Deo
1537 1314 1800 1363 statutum
1824 1314 1928 1370 est,
1959 1312 2017 1358 ut

421 1393 703 1447 vasculum
750 1409 814 1449 ex
868 1404 1011 1451 terra
1041 1396 1334 1452 lormatum
1377 1398 1632 1453 informet
1654 1408 1814 1467 atque
1844 1392 2018 1449 admi-

427 1483 647 1549 nistret,
689 1485 827 1557 ipsa,
860 1498 920 1544 ut
945 1489 1252 1561 obsequens
1272 1490 1483 1545 'l'antula
1511 1531 1524 1556 ,
1550 1490 1661 1544 luto
1708 1488 1930 1552 assidet,
1963 1496 2019 1540 et

421 1578 684 1634 excubias
717 1580 849 1650 agit,
882 1586 1055 1638 donec
1101 1585 1415 1638 mandatum
1448 1584 1724 1655 accipiat,
1758 1580 1901 1651 quod
1934 1591 2021 1632 se-

424 1670 764 1739 parationem
800 1674 1070 1744 impetret.
1104 1674 1241 1731 Huic
1278 1676 1463 1747 igitur,
1505 1691 1627 1747 qua:
1655 1687 1852 1743 corpus
1888 1669 2019 1724 vivi-

426 1759 574 1823 lieat,
610 1760 835 1827 prodest
856 1776 885 1815 a
908 1763 1044 1819 cibis
1076 1753 1408 1821 abstinentia
1429 1806 1445 1833 ,
1477 1774 1698 1821 terreno
1724 1774 1902 1818 autem
1936 1761 2020 1814 in-

2118 565 2217 636 θῇς
2240 605 2254 629 ,
2298 561 2410 631 ἐγὼ
2447 561 2537 615 τὸν
2572 561 2713 635 ὑπὲρ
2743 563 2845 633 τῆς
2876 563 3055 635 ψυχῆς
3080 563 3240 631 λόγον
3272 563 3615 633 ποιήσομαι,
3642 562 3729 627 ὡς

2115 654 2339 724 γυναικὶ
2382 655 2718 727 πιστευσάσῃ
2770 656 3121 726 συνηγορίαν,
3155 655 3241 725 ἐφ’
3273 648 3355 718 οἷς
3408 654 3729 708 ἀδικεῖσθαι

2115 746 2263 815 λέγει
2310 748 2405 800 καί⁴
2454 745 2904 819 καθυϐρίζεσθαι.
2957 746 3106 819 Αὕτη
3169 746 3352 800 τοίνυν
3393 747 3544 801 ἐστὶν
3593 746 3731 818 ίερᾶ

2118 838 2214 894 καὶ
2236 837 2549 909 ἀσώματος,
2572 837 2837 903 ἀθάνατος
2864 838 2959 893 καὶ
2978 837 3306 911 ἀνώλεθρος·
3326 837 3389 891 οὐ
3416 837 3558 910 πρὸς
3586 838 3728 907 γῆν,

2117 932 2212 983 καὶ
2238 930 2306 984 τά
2333 931 2482 1002 τῇδε,
2518 929 2657 986 ἀλλά
2687 931 2825 1003 πρὸς
2849 931 2982 986 Θεὸν
3008 930 3207 1002 ἔχουσα
3232 930 3333 1001 τὴν
3362 930 3724 999 συγγένειαν.

2117 1023 2349 1097 Καθαρά
2394 1023 2451 1078 δὲ
2492 1020 2628 1080 οὖσα
2676 1025 2859 1099 χαίρει
2906 1026 3019 1090 τοῖς
3064 1024 3363 1100 καθαροῖς,
3411 1024 3506 1079 καὶ
3548 1022 3728 1078 άῡλον

2118 1114 2315 1187 ἔχουσα
2344 1117 2443 1189 τὴν
2490 1116 2725 1185 γένεσιν,
2758 1117 2950 1189 φεύγει
2992 1118 3092 1181 τὰς
3136 1117 3289 1183 ὕλας.
3339 1117 3488 1190 Πλὴν
3520 1115 3726 1186 ἐπειδὴ

2119 1208 2465 1279 προσετάχθη
2492 1208 2553 1263 τὸ
2593 1211 2658 1262 ὲκ
2702 1211 2804 1281 γῆς
2836 1208 3123 1283 μορφωθὲν
3158 1209 3351 1275 σκεῦος
3378 1210 3724 1280 οἰκονομεῖν,

2117 1298 2193 1362 ὼς
2240 1299 2500 1371 εὐπειθὴς
2537 1299 2632 1354 τοῦ
2673 1300 2938 1355 δεσπότου
2984 1300 3146 1374 δούλη
3200 1300 3279 1374 τῷ
3334 1301 3491 1374 πηλῷ
3535 1316 3722 1371 προσ-

2119 1389 2327 1462 εδρεύει
2358 1391 2453 1445 καὶ
2504 1390 2604 1463 τῆς
2637 1392 2882 1464 φυλακῆς
2914 1392 3118 1464 ἔχεται,
3167 1396 3263 1448 καὶ
3296 1395 3393 1465 τῆς
3439 1393 3527 1446 ἐπ’
3560 1392 3723 1465 αὐτῷ

2119 1482 2396 1554 προνοίας,
2432 1484 2626 1556 μέχρις
2657 1484 2724 1539 ἂν
2768 1484 2897 1557 ἔλθῃ
2935 1485 3263 1557 πρόσταγμα
3309 1485 3400 1539 τὸν
3427 1486 3723 1561 χωρισμὸν

2118 1574 2432 1646 ὲπιτρέπον.
2467 1574 2683 1648 Ταύτην
2716 1576 2815 1648 μὲν
2844 1573 2938 1632 οὖν
2971 1578 3070 1652 τὴν
3118 1579 3180 1633 τὸ
3214 1578 3375 1651 σῶμα
3412 1578 3721 1644 ζωοποιοῦν

2108 1683 2220 1733 ,σαν
2250 1667 2488 1739 ὀνίνησιν
2518 1669 2550 1739 ἡ
2587 1668 2767 1741 ἀποχὴ
2818 1669 2928 1725 τῶν
2975 1670 3302 1744 βρωμάτων,
3333 1670 3411 1743 τῷ
3439 1671 3619 1745 γηίνῳ
3653 1672 3718 1725 δὲ

2119 1758 2335 1831 ὀργάνῳ
2367 1761 2400 1831 ή
2446 1759 2557 1815 τῶν
2594 1761 2778 1814 σιτίων
2807 1760 3107 1826 ἀπόλαυσις
3132 1802 3148 1826 ,
3200 1762 3495 1832 ἀναγκαία.
3539 1761 3719 1816 Οὐδὲν

425 1861 731 1907 strumenlo
778 1852 1020 1910 alimenti
1078 1859 1356 1927 perceptio
1402 1859 1709 1915 necessaria
1748 1866 1853 1911 est.
1889 1853 2005 1911 Non

2140 1854 2264 1923 ητεῖ
2294 1853 2475 1920 πλέον,
2515 1852 2592 1917 ὡς
2617 1855 2903 1924 κρείττων.
2945 1854 3184 1927 Μέρισόν
3219 1873 3349 1928 μοι,
3405 1855 3576 1928 φησὶ,
3609 1856 3716 1909 τοῦ

427 1942 579 2009 plura
605 1947 800 2013 quaerit
824 1956 1078 2019 tanquam
1109 1951 1483 2007 excellentior.
1506 1950 1729 2022 Largire
1747 1949 1880 2004 tnihi
1907 1951 2008 2003 hoc

427 2045 640 2105 tempus
677 2039 835 2103 anni,
882 2041 949 2096 da
988 2057 1083 2097 se:
1109 2057 1326 2099 menses
1353 2045 1404 2099 ei
1429 2083 1446 2109 ,
1477 2043 1622 2114 quod
1651 2042 2007 2113 gubernatur,

424 2122 664 2193 reliquos
715 2130 1102 2198 gubernatrici.
1151 2131 1303 2189 Justa
1348 2135 1583 2204 petitio;
1637 2148 1812 2205 neque
1866 2132 2011 2202 quis-

422 2228 586 2283 quam
644 2219 781 2274 atleo
824 2224 1072 2293 corporis
1094 2240 1284 2282 amans
1329 2233 1386 2282 et
1426 2226 1480 2282 in
1520 2225 1743 2281 alteram
1799 2235 2006 2295 partem

424 2310 842 2380 vergensjudex
869 2316 996 2384 erit,
1027 2318 1117 2387 qui
1150 2319 1310 2375 dictis
1348 2335 1455 2376 non
1483 2320 1828 2393 suﬂ‘ragetur.

497 2401 607 2472 Ego
651 2420 777 2461 vero
819 2409 985 2463 etiam
1034 2411 1325 2482 hyperbole
1358 2430 1487 2469 usus
1530 2424 1584 2470 et
1616 2416 1807 2486 aequali
1847 2415 2010 2487 parti-

424 2492 571 2550 tione
625 2511 736 2551 non
793 2509 1121 2567 contentus,
1176 2504 1534 2571 imbecillitati
1586 2508 1829 2577 corporis
1879 2522 2008 2562 con-

422 2585 767 2659 descendam.
808 2588 1017 2647 Habeat
1057 2593 1221 2663 igitur
1249 2609 1446 2664 corpus
1495 2597 1680 2653 decem
1720 2614 1934 2654 menses
1954 2608 2007 2653 et

422 2676 585 2744 paulo
612 2677 749 2748 plus.
799 2681 1077 2739 Concedat
1121 2686 1251 2741 mihi
1295 2688 1777 2761 Quadragesimam
1809 2700 1864 2746 et
1885 2692 2008 2761 qui-

424 2766 544 2822 dem
594 2770 822 2826 solidam
853 2813 870 2840 ,
910 2785 971 2830 ut
1007 2779 1285 2851 paulisper
1325 2795 1393 2837 ex
1449 2797 1607 2838 eteno
1637 2785 1856 2847 liberer,
1890 2784 2006 2839 luto

422 2873 522 2925 per
561 2865 967 2933 temperantiam
1011 2869 1353 2940 refrigerato.
1395 2872 1558 2940 lltec,
1612 2889 1647 2929 ο
1684 2874 2003 2940 Christiani.

420 2951 566 3021 iusta
594 2956 866 3023 postulata
906 2969 1067 3026 sunt,
1093 2962 1209 3017 sive
1239 2963 1404 3021 homo
1426 3007 1442 3033 ,
1473 2968 1588 3023 sive
1615 2968 1754 3024 Deus
1781 2968 2002 3038 iudicet.

424 3039 493 3095 Et
545 3052 635 3108 tu,
674 3046 765 3115 qui
818 3046 983 3115 judex
1030 3065 1124 3116 es,
1170 3051 1223 3106 in
1261 3063 1499 3125 tempore
1534 3057 1678 3110 enim
1715 3056 2003 3122 advenisti,

423 3133 723 3203 astipulare
751 3138 946 3194 animat
976 3150 1165 3197 contra
1209 3159 1406 3213 corpus
1434 3146 1778 3216 disceptanti.
1810 3145 2001 3218 Igitur,

421 3242 457 3280 ο
501 3228 848 3299 Christiane,
881 3233 1219 3305 voluptatum
1262 3237 1585 3307 illecebras,
1636 3256 1732 3296 ceu
1765 3240 2006 3311 juvenile

421 3318 701 3385 quiddam,
746 3325 976 3379 trucida.
1006 3325 1101 3383 Vir
1140 3343 1230 3399 es,
1262 3345 1330 3385 ne
1361 3333 1542 3402 sapias
1565 3347 1686 3402 quae
1719 3347 2006 3402 puerorum

422 3419 571 3477 sunt,
605 3413 697 3481 qui
722 3414 823 3469 nisi
861 3416 964 3471 mel
990 3419 1284 3489 accipiant,
1315 3422 1713 3494 lacrymantur;
1755 3423 1858 3477 nisi
1894 3439 2010 3478 car-

424 3517 549 3557 nem
601 3512 656 3559 et
690 3507 873 3561 vinum
914 3511 1253 3579 praebueris,
1310 3515 1664 3570 cuncidentes
1722 3515 2009 3585 palpitaut,

422 3594 570 3650 velut
594 3599 832 3654 animam
864 3602 1197 3659 exbalaturi.
1226 3605 1293 3660 Et
1321 3615 1527 3674 quanto
1571 3609 1744 3677 magis
1771 3610 2010 3679 plorant,

422 3700 489 3742 eo
520 3688 726 3758 majore
749 3693 909 3747 taedio
934 3708 1125 3750 omnes
1158 3696 1429 3752 alliciunt.
1462 3698 1756 3764 Erubesco,
1798 3703 2015 3770 quando

392 3777 640 3835 ‘iutneor
677 3785 952 3841 voracium
992 3789 1454 3856 mmstitudinem,
1509 3802 1564 3847 et
1617 3794 1889 3860 quomodo
1933 3794 2017 3848 in-

425 3872 563 3925 tuitu
599 3871 938 3931 abstinentia:
976 3878 1210 3949 ejulent;
1255 3882 1494 3937 oscitant
1546 3873 1838 3953 perpetuo;
1886 3899 2017 3954 pau-

425 3958 592 4015 Iulum
644 3965 1011 4032 decumhunt;
1061 3980 1407 4040 exsurgunt.
1455 3981 1511 4026 et
1561 3987 1750 4029 rursus
1779 3975 2019 4030 dormire

424 4066 722 4125 cOguutur;
761 4059 905 4114 diem
938 4061 1058 4119 sine
1097 4078 1258 4118 sensu
1296 4064 1597 4133 transigere
1623 4065 1872 4135 student;
1901 4082 2021 4137 gra-

424 4158 640 4216 vnntur,
664 4152 779 4207 sole
813 4155 1021 4210 tardius
1040 4157 1109 4210 ad
1139 4172 1392 4214 occasum
1420 4161 1705 4229 tendente;
1731 4161 1847 4218 dies
1860 4161 2021 4218 solito

357 4257 361 4262 ’
423 4237 699 4311 longiores
739 4245 1090 4314 appellitant;
1115 4249 1336 4320 insuper
1376 4252 1639 4308 stomachi
1679 4253 1896 4310 dolores
1920 4258 2022 4310 lin-

425 4344 579 4400 gunt,
621 4334 907 4402 spirituum
951 4338 1338 4408 intensiunetn,
1367 4344 1718 4413 gravedinem
1743 4345 1935 4416 capitis
1967 4355 2023 4403 et

425 4424 583 4480 bona?
608 4429 1012 4485 constitutionis
1036 4436 1399 4493 eversionem.
1447 4434 1612 4506 Atqui
1654 4438 1768 4492 haec
1800 4439 2021 4494 satieta-

2108 1944 2357 1997 ἐνιαυτοῦ
2384 1945 2475 1999 τὸν
2500 1944 2712 2017 χρόνον,
2743 1946 2833 2011 δὸς
2864 1948 2991 2012 τοὺς
3021 1947 3081 2015 ἐξ
3116 1948 3293 2019 μῆνας
3318 1947 3393 2020 τῷ
3425 1946 3719 2019 κυϐερνω-

2111 2035 2281 2108 μένῳ,
2316 2036 2564 2101 καὶτοὺς
2585 2036 2940 2109 λειπομένους
2971 2038 3051 2110 τῷ
3081 2039 3410 2113 κυϐερνήτῃ.
3440 2039 3646 2094 Δικαία
3675 2040 3713 2111 ἡ

2107 2124 2325 2197 αἴτησις
2352 2143 2366 2158 ·
2398 2127 2493 2181 καὶ
2520 2127 2698 2192 οὐδεὶς
2737 2128 2880 2182 οὓτω
2913 2126 3294 2201 φιλοσώματος
3325 2128 3712 2203 ἑτερορρεπής

2107 2219 2391 2293 δικαστὴς,
2419 2221 2495 2287 ὡς
2531 2221 2607 2294 μὴ
2639 2223 2753 2286 τοῖς
2785 2222 3102 2294 λεγομένοις
3132 2221 3485 2295 ἐπιψηφίσαι.

2191 2397 2333 2469 Ἐγὼ
2351 2398 2407 2453 δὲ
2440 2399 2535 2453 καὶ
2563 2399 2870 2473 ὑπερϐολὴν
2903 2402 3240 2474 ποιήσομαι,
3272 2402 3374 2458 οὐκ
3402 2403 3708 2476 ἀντέχομαι

2106 2489 2207 2561 τῆς
2245 2490 2568 2563 ἰσομοιρίας.
2605 2491 3034 2562 Συγκαταόαίνω
3082 2496 3149 2566 τῇ
3185 2493 3439 2565 ἀσθενείᾳ
3465 2493 3563 2548 τοῦ
3591 2494 3707 2548 σώ-

2111 2598 2294 2653 ματος.
2343 2582 2571 2654 Ἀφίημι
2598 2572 2748 2647 ’τοὺς
2790 2583 2921 2638 δέκα
2966 2584 3142 2656 μῆνας
3182 2583 3261 2657 τῷ
3304 2583 3553 2656 σώματι,
3602 2586 3707 2641 καὶ

2111 2674 2306 2749 μικρόν
2332 2692 2407 2729 τι.
2448 2675 2915 2747 Προσχαρισάσθω
2959 2676 3413 2748 Τεσσαρακοστὴν
3468 2677 3705 2749 ἀνύϐρι-

2110 2783 2254 2831 στον,
2296 2767 2383 2821 ἵνα
2411 2765 2604 2838 μικρὸν
2632 2766 2932 2836 ἀπαλλαγῶ
2957 2767 3051 2822 τοῦ
3081 2768 3363 2841 βορϐόρου,
3399 2768 3495 2822 τοῦ
3520 2769 3706 2840 πηλοῦ

2106 2863 2174 2932 τῇ
2205 2859 2500 2930 ἐγκρατείᾳ
2524 2857 2811 2929 ψυγέντος.
2842 2860 3048 2929 Ταῦτα,
3074 2854 3120 2914 ὦ
3146 2861 3485 2934 Χριστιανοὶ,
3509 2861 3710 2917 δίκαιά

2107 2969 2167 3006 τε
2216 2952 2311 3005 καὶ
2359 2952 2749 3025 ἁναντίῤῥητα.
2799 2951 2902 3007 κᾶν
2943 2952 3076 3018 Θεὸς
3101 2952 3327 3027 δικάζῃ,
3357 2952 3462 3007 κᾶν
3489 2953 3709 3026 ἄνθρω-

2110 3062 2227 3109 πος.
2274 3045 2386 3099 Καὶ
2432 3045 2497 3098 σὺ
2540 3044 2597 3098 δέ
2643 3062 2771 3115 μοι,
2812 3046 2841 3098 ὀ
2877 3045 3172 3118 δικαστὴς,
3234 3045 3571 3117 ὲπιψήφισον
3603 3046 3708 3117 (ἐν

2110 3134 2286 3207 καιρῴ
2334 3133 2441 3207 γὰρ
2512 3134 2841 3206 παρεγένου)
2906 3133 3333 3208 ἀμφισὸητούσῃ
3398 3138 3473 3208 ,τῇ
3551 3134 3707 3208 ψυχῇ

2032 3201 2075 3258 C
2112 3201 2549 3301 appetendum.
2585 3201 2776 3280 ';Avs)te
2805 3201 2986 3281 τοίνυν
3005 3201 3200 3299 ⁷μοιίό
3229 3201 3579 3298 Χρῖστιανός,

2110 3317 2471 3391 ἡδυπάθειαν,
2513 3318 2590 3384 ὡς
2625 3317 2987 3392 μειρακιώδη.
3049 3318 3214 3390 Ἀνὴρ
3248 3314 3336 3384 εἷ,
3390 3317 3467 3391 μὴ
3514 3318 3711 3389 φρόνει

2110 3411 2180 3465 τά
2209 3411 2316 3465 τῶν
2347 3410 2578 3482 νηπίων.
2623 3411 2840 3464 Ἐκεῖνα
2871 3408 2937 3463 ἂν
2962 3408 3038 3481 μὴ
3063 3408 3206 3483 λάϐῃ
3231 3409 3464 3482 μέλιτος,
3493 3408 3709 3482 θρηνεῖ·

2114 3504 2180 3559 ἂν
2216 3502 2292 3576 μὴ
2316 3501 2410 3557 τοῦ
2438 3502 2635 3575 κρέους
2657 3501 2852 3574 ὀρέξῃς
2881 3502 2915 3573 ἢ
2940 3499 3032 3555 τοῦ
3059 3500 3228 3567 οἴνου,
3265 3501 3536 3557 πίπτοντα
3564 3505 3712 3556 ἀπο-

2115 3596 2335 3668 σπαίρει
2357 3633 2372 3660 ,
2425 3594 2712 3648 ἀποκναίει
2765 3593 2823 3648 δὲ
2878 3593 3086 3657 πάντας
3140 3594 3233 3647 ἐπὶ
3274 3593 3527 3649 πλεῖστον
3582 3596 3713 3648 ὅσον

2115 3683 2653 3757 κλαυθμυριζόμενα.
2690 3681 2963 3756 Ἐρυθριῶ
2984 3682 3122 3757 πρὸς
3151 3684 3250 3755 τὴν
3274 3684 3579 3756 κατήφειαν
3598 3684 3714 3739 τῶν

2115 3777 2569 3849 γαστριμάργων,
2590 3777 2739 3840 ὅπως
2761 3774 3049 3830 σπενδοῦσι
3064 3775 3199 3847 πρὸς
3223 3776 3322 3847 τὴν
3339 3763 3571 3830 ἀσιτίαν.
3599 3778 3715 3832 Χα-

2120 3871 2366 3942 σμῶνται
2413 3869 2674 3942 συνεχῶς,
2699 3868 3112 3924 κατακλίνονται
3146 3869 3340 3942 μικρόν
3362 3885 3376 3899 ·
3406 3870 3714 3925 διανίσταν-

2118 3982 2242 4033 ται,
2264 3964 2427 4019 πάλιν
2449 3962 2801 4019 καθεύδουσιν
2821 3963 3249 4034 ἠναγκασμένοι.
3278 3963 3365 4016 Ἐν
3387 3963 3716 4039 ἀναισθησία

2122 4056 2480 4123 σπουδάζουσι
2503 4058 2601 4122 τὰς
2634 4056 2849 4129 ἡμέρας
2876 4055 3162 4122 διατελεῖν,
3195 4054 3448 4127 ἄχθονται
3474 4056 3553 4128 τῷ
3576 4057 3714 4129 ήλίῳ

2122 4152 2261 4224 πρὸς
2291 4150 2390 4223 τὴν
2418 4151 2569 4207 δύσιν
2593 4150 2930 4223 βραδύνοντι.
2962 4151 3329 4224 Μακροτέρας
3366 4150 3464 4214 τάς
3494 4149 3712 4221 ἡμέρας

2121 4248 2222 4319 τῆς
2255 4244 2544 4318 συνηθείας
2588 4244 3078 4318 προσαγορεύουσι.
3127 4244 3465 4299 Πλάσσονται
3498 4243 3557 4298 δὲ
3601 4244 3713 4297 λοι-

2125 4339 2225 4393 πὸν
2251 4337 2539 4409 στομάχων
2566 4336 2884 4409 ἀλγηδόνας,
2916 4336 3014 4391 καὶ
3065 4335 3392 4408 πνευμάτων
3427 4335 3674 4399 ὲντάσεις
3693 4375 3710 4398 ,

2125 4432 2220 4487 καὶ
2254 4429 2395 4502 βάρη
2441 4431 2540 4501 τῆς
2573 4429 2849 4500 κεφαλῆς,
2884 4431 2980 4484 καὶ
3011 4428 3325 4501 ἀνατροπὴν
3361 4427 3462 4498 τῆς
3507 4426 3709 4493 ἕξεως,

426 4516 515 4581 tis,
553 4532 657 4571 non
685 4518 881 4587 jejunii
907 4522 1100 4577 indicia
1142 4535 1288 4578 sunt.
1323 4525 1627 4583 Fastidiose
1664 4529 1733 4583 ad
1764 4521 2008 4585 severam

2140 4524 2386 4592 Καίτοιγε
2418 4520 2630 4587 ταῦτα,
2676 4522 2775 4594 τῆς
2818 4521 3138 4594 πλησμονῆς
3185 4524 3345 4584 εἰσιν,
3390 4519 3452 4574 ού
3495 4520 3595 4591 τῆς
3622 4536 3707 4590 νη-

426 4622 667 4663 tnensant
696 4615 981 4683 accedunt,
1021 4627 1363 4674 murmurant
1397 4628 1590 4677 contra
1610 4622 1718 4677 olet
1756 4623 2007 4693 ,Convi-

425 4700 510 4756 cia
550 4700 760 4770 jaciunt
813 4705 865 4760 in
911 4708 1180 4779 legumina
1205 4751 1220 4777 ,
1250 4711 1405 4781 quasi
1439 4714 1641 4768 lrustra
1681 4722 1864 4771 creata
1900 4714 2011 4770 l'ue-

427 4793 562 4859 rint;
594 4810 718 4849 nant
761 4798 1095 4869 voluptattln
1121 4811 1394 4858 amatores
1422 4803 1586 4859 etiam
1624 4804 2010 4873 philosonhan-

426 4891 515 4939 tur
536 4895 728 4941 contra
759 4889 961 4958 edulia,
987 4905 1107 4961 qua:
1136 4894 1491 4965 temperantia
1516 4897 1758 4967 apponit.

498 5064 621 5129 Uno
644 5067 886 5125 anhelitu
914 5086 1112 5142 aquam
1137 5074 1454 5144 extrahunt,
1482 5076 1638 5145 quasi
1659 5086 1808 5133 esset
1825 5092 2013 5132 amara

424 5169 456 5208 a
485 5158 709 5213 medicis
755 5163 982 5231 prtebita
1024 5165 1193 5235 potio.
1243 5164 1396 5221 Multi
1433 5169 1599 5222 etiam
1628 5169 1812 5223 viuum
1859 5169 2011 5238 iuge-

426 5246 580 5302 niose
610 5248 915 5319 imitantur,
948 5270 1211 5327 suamque
1249 5257 1602 5328 cupiditatem
1651 5258 1876 5314 laetitiis
1898 5259 2015 5328 qui-

426 5339 653 5395 busdam
678 5344 986 5412 potionibus
1019 5350 1386 5407 consolantur.
1414 5352 1520 5407 Alii
1551 5351 1715 5407 etiam
1754 5352 1809 5407 in
1858 5351 2015 5406 oleri-

426 5428 530 5485 bus
576 5431 798 5490 delicias
840 5448 1129 5506 quazrunt,
1191 5443 1438 5514 ﬁuntque
1489 5444 1613 5501 miri
1657 5445 2011 5517 cupediarum

424 5530 729 5583 structores
767 5537 823 5583 et
864 5531 1125 5587 artiﬁces.
1154 5534 1310 5602 Quod
1336 5537 1493 5593 valde
1521 5538 1731 5594 fatuum
1758 5539 2012 5594 stultum-

422 5629 535 5684 que
594 5618 860 5690 arbitror;
904 5638 1026 5677 uant
1053 5624 1319 5695 jejunium
1365 5630 1685 5687 voluntaria:
1727 5641 1781 5688 et
1829 5631 2009 5687 liberte

423 5709 627 5763 mentis
668 5725 1046 5784 argumentum
1073 5728 1179 5785 est,
1216 5736 1322 5776 non
1349 5722 1564 5778 servilis
1583 5722 1831 5794 quaedam
1875 5721 2011 5779 sini-

418 5799 683 5872 steritas,
724 5818 845 5877 qum
880 5809 1022 5879 quod
1052 5808 1359 5868 faciendum
1389 5820 1502 5881 est,
1544 5828 1650 5871 non
1681 5814 1810 5872 facit
1837 5822 1895 5876 ut
1924 5814 2012 5873 dc-

2115 4617 2297 4681 στείας
2325 4614 2708 4687 γνωρίσματα.
2756 4612 2961 4683 Ἀηδῶς
2986 4613 3080 4667 ἐπὶ
3105 4613 3205 4685 τὴν
3232 4611 3437 4684 σεμνὴν
3462 4610 3709 4683 ἔρχονται

2112 4707 2413 4782 τράπεζαν,
2441 4705 2921 4775 καταγογγύςουσι
2953 4703 3065 4761 τῶν
3094 4704 3367 4775 λαχάνων,
3404 4701 3710 4775 λοιδοροῦσι

2112 4802 2181 4855 τὰ
2211 4801 2417 4873 δσπρια
2466 4799 2541 4862 ὡς
2579 4799 2758 4870 μάτην
2795 4797 3196 4869 ὲπεισαχθέντα
3244 4797 3312 4867 τῇ
3364 4794 3542 4849 κτίσει
3568 4811 3583 4823 ·
3622 4795 3709 4862 γί-

2112 4911 2291 4949 νονται
2343 4893 2451 4964 γὰρ
2503 4892 2609 4953 καὶ,
2652 4891 2963 4961 φυσιολόγοι
3001 4891 3051 4945 oi
3096 4887 3371 4960 φιλήδονοι
3419 4885 3563 4941 κατά
3603 4884 3715 4941 τῶν

2115 4986 2263 5057 ὄψων
2292 4985 2392 5056 τῆς
2426 4982 2777 5055 ἐγκρατείας.

2196 5078 2482 5131 Ἀπνευστὶ
2527 5078 2588 5131 τὸ
2623 5076 2771 5149 ὕδωρ
2805 5076 3079 5140 ἕλκουσιν,
3106 5074 3184 5140 ὡς
3216 5074 3380 5147 ἀηδὲς
3420 5073 3710 5146 φάρμακον

2113 5170 2269 5243 παρὰ
2282 5171 2483 5244 ἰατρῶν
2500 5170 2759 5236 Λαϐόντες
2784 5172 2950 5224 πιεῖν.
2965 5169 3031 5223 Oi
3049 5167 3238 5223 πολλοὶ
3255 5167 3314 5223 δὲ
3339 5165 3544 5221 καὶτὸν
3567 5161 3727 5219 οἶνον

2115 5264 2449 5335 σοφίζονται,
2473 5264 2651 5329 νόθοις
2671 5264 3039 5327 κατασκευαῖς
3060 5263 3160 5333 τὴν
3191 5258 3504 5331 φιληδονίαν
3531 5274 3709 5330 παρα-

2119 5355 2470 5429 μυθούμενοι.
2501 5356 2610 5410 Καὶ
2637 5355 2787 5409 ἄλλοι
2806 5354 3095 5427 τοιγαροῦν
3114 5353 3216 5425 τὴν
3237 5351 3431 5424 χρείαν
3457 5349 3709 5421 λαχάνοις

2115 5448 2519 5523 ἐπιτηδεύουσι,
2545 5450 2640 5504 καὶ
2671 5447 2907 5502 ποικίλοι
2928 5448 3170 5517 γίνονται
3206 5445 3310 5516 τῆς
3353 5442 3711 5506 ἀπολαύσεως»

2116 5542 2389 5601 σοφισταί.
2420 5540 2592 5597 Τοῦτο
2610 5540 2730 5595 λίαν
2754 5539 2949 5612 εὔηθες
2972 5539 3068 5593 καὶ
3090 5538 3337 5611 ἀνόητον.
3384 5537 3706 5608 Ἑγκράτεια

2114 5631 2458 5699 αὑτεξουσίου
2480 5631 2574 5686 καὶ
2587 5630 2872 5702 ἐλευθέρου
2897 5628 3249 5704 φρονήματός
3265 5629 3383 5683 ἐστι
3400 5627 3697 5700 γνώρισμα,

2117 5727 2178 5780 ού
2209 5724 2564 5797 δουλότροπος
2595 5723 2868 5796 σκαιωρία
2907 5709 3148 5795 ζητοῦσα
3171 5723 3235 5777 τὸ
3265 5722 3628 5795 προκείμενον
3646 5722 3701 5776 οὐ

2118 5816 2299 5884 καθὼς
2347 5816 2625 5891 προσῆκεν
2669 5813 3068 5888 ἐξεργάσασθαι
3093 5856 3109 5888 ,
3155 5815 3289 5871 ἀλλὰ
3328 5815 3705 5892 δουλοπρεπῶς
