  <div class='ocr_page' id='page_1' title='image "/cluster/home/n/w/nwhite01/storage/ocr_20150623/40/hvd.32044019207786/198.png"; bbox 0 0 3828 6310; ppageno 0'>
   <div class='ocr_carea' id='block_1_1' title="bbox 180 331 267 392">
    <p class='ocr_par' dir='ltr' id='par_1_1' title="bbox 180 331 267 392">
     <span class='ocr_line' id='line_1_1' title="bbox 180 331 267 392; baseline -0.034 0"><span class='ocrx_word' id='word_1_1' title='bbox 180 331 267 392; x_wconf 71' lang='lat'><strong>$8!</strong></span> 
     </span>
    </p>
   </div>
   <div class='ocr_carea' id='block_1_2' title="bbox 1098 341 2570 420">
    <p class='ocr_par' dir='ltr' id='par_1_2' title="bbox 1098 341 2570 420">
     <span class='ocr_line' id='line_1_2' title="bbox 1098 341 2570 420; baseline 0.016 -22"><span class='ocrx_word' id='word_1_2' title='bbox 1098 341 1381 403; x_wconf 76' lang='lat' dir='ltr'><strong>HOMILIA</strong></span> <span class='ocrx_word' id='word_1_3' title='bbox 1407 346 1544 404; x_wconf 77' lang='lat' dir='ltr'><strong>XIV.</strong></span> <span class='ocrx_word' id='word_1_4' title='bbox 1581 347 1648 405; x_wconf 77' lang='lat' dir='ltr'><strong>IN</strong></span> <span class='ocrx_word' id='word_1_5' title='bbox 1686 349 2087 414; x_wconf 71' lang='lat' dir='ltr'><strong>PRINClPlUM</strong></span> <span class='ocrx_word' id='word_1_6' title='bbox 2116 354 2570 420; x_wconf 69' lang='lat' dir='ltr'><strong>JEJUNIORUM.</strong></span> 
     </span>
    </p>
   </div>
   <div class='ocr_carea' id='block_1_3' title="bbox 184 455 1740 553">
    <p class='ocr_par' dir='ltr' id='par_1_3' title="bbox 184 455 1740 544">
     <span class='ocr_line' id='line_1_3' title="bbox 184 455 1740 544; baseline 0.013 -36"><span class='ocrx_word' id='word_1_7' title='bbox 184 455 526 527; x_wconf 69' lang='grc' dir='ltr'>ωιωρῆσαι.</span> <span class='ocrx_word' id='word_1_8' title='bbox 554 456 765 515; x_wconf 79' lang='grc' dir='ltr'>Μισθδν</span> <span class='ocrx_word' id='word_1_9' title='bbox 792 458 1038 527; x_wconf 84' lang='grc' dir='ltr'>ἀπαιτεῖς</span> <span class='ocrx_word' id='word_1_10' title='bbox 1062 465 1147 534; x_wconf 81' lang='grc' dir='ltr'>ἐφ’</span> <span class='ocrx_word' id='word_1_11' title='bbox 1172 462 1255 531; x_wconf 74' lang='grc' dir='ltr'>οἷς</span> <span class='ocrx_word' id='word_1_12' title='bbox 1282 465 1380 540; x_wconf 76' lang='grc' dir='ltr'><strong>ζῇς</strong></span> <span class='ocrx_word' id='word_1_13' title='bbox 1411 471 1549 525; x_wconf 85' lang='grc' dir='ltr'><strong>κατά</strong></span> <span class='ocrx_word' id='word_1_14' title='bbox 1579 472 1740 544; x_wconf 88' lang='grc' dir='ltr'>νόμον</span> 
     </span>
    </p>
   </div>
   <div class='ocr_carea' id='block_1_4' title="bbox 1827 455 3414 553">
    <p class='ocr_par' dir='ltr' id='par_1_4' title="bbox 1840 480 3414 553">
     <span class='ocr_line' id='line_1_4' title="bbox 1840 480 3414 553; baseline 0.012 -23"><span class='ocrx_word' id='word_1_15' title='bbox 1840 488 1950 543; x_wconf 88' lang='lat' dir='ltr'><strong>cet,</strong></span> <span class='ocrx_word' id='word_1_16' title='bbox 1990 480 2084 534; x_wconf 87' lang='lat' dir='ltr'><strong>sed</strong></span> <span class='ocrx_word' id='word_1_17' title='bbox 2113 497 2179 536; x_wconf 83' lang='lat' dir='ltr'><strong>ex</strong></span> <span class='ocrx_word' id='word_1_18' title='bbox 2209 484 2394 538; x_wconf 79' lang='lat' dir='ltr'><strong>servili</strong></span> <span class='ocrx_word' id='word_1_19' title='bbox 2427 483 2662 553; x_wconf 84' lang='lat' dir='ltr'><strong>quadam</strong></span> <span class='ocrx_word' id='word_1_20' title='bbox 2688 485 2989 546; x_wconf 88' lang='lat' dir='ltr'><strong>coactione.</strong></span> <span class='ocrx_word' id='word_1_21' title='bbox 3024 488 3172 546; x_wconf 79' lang='lat' dir='ltr'><strong>Petis</strong></span> <span class='ocrx_word' id='word_1_22' title='bbox 3201 506 3414 548; x_wconf 76' lang='lat' dir='ltr'><strong>merce-</strong></span> 
     </span>
    </p>
   </div>
   <div class='ocr_carea' id='block_1_5' title="bbox 180 546 1738 637">
    <p class='ocr_par' dir='ltr' id='par_1_5' title="bbox 180 546 1738 637">
     <span class='ocr_line' id='line_1_5' title="bbox 180 546 1738 637; baseline 0.014 -40"><span class='ocrx_word' id='word_1_23' title='bbox 180 546 268 617; x_wconf 74' lang='grc' dir='ltr'><strong>τῆς</strong></span> <span class='ocrx_word' id='word_1_24' title='bbox 280 547 497 637; x_wconf 75' lang='grc' dir='ltr'>ἀρετῆς.</span> <span class='ocrx_word' id='word_1_25' title='bbox 526 550 736 615; x_wconf 80' lang='grc' dir='ltr'><strong>Μισθὸς</strong></span> <span class='ocrx_word' id='word_1_26' title='bbox 754 551 810 605; x_wconf 87' lang='grc' dir='ltr'>δὲ</span> <span class='ocrx_word' id='word_1_27' title='bbox 832 554 924 607; x_wconf 79' lang='grc' dir='ltr'>καὶ</span> <span class='ocrx_word' id='word_1_28' title='bbox 943 555 1198 627; x_wconf 76' lang='grc' dir='ltr'><strong>ἐπίχειρα</strong></span> <span class='ocrx_word' id='word_1_29' title='bbox 1218 560 1331 623; x_wconf 87' lang='grc' dir='ltr'>τοῖς</span> <span class='ocrx_word' id='word_1_30' title='bbox 1348 560 1553 628; x_wconf 83' lang='grc' dir='ltr'><strong>ἀδόλοις</strong></span> <span class='ocrx_word' id='word_1_31' title='bbox 1574 565 1738 637; x_wconf 83' lang='grc' dir='ltr'>ἐργά-</span> 
     </span>
    </p>
   </div>
   <div class='ocr_carea' id='block_1_6' title="bbox 176 634 1260 715">
    <p class='ocr_par' dir='ltr' id='par_1_6' title="bbox 176 634 1260 715">
     <span class='ocr_line' id='line_1_6' title="bbox 176 634 1260 715; baseline 0.014 -30"><span class='ocrx_word' id='word_1_32' title='bbox 176 648 306 697; x_wconf 84' lang='grc' dir='ltr'>ταις,</span> <span class='ocrx_word' id='word_1_33' title='bbox 334 634 394 690; x_wconf 81' lang='grc' dir='ltr'><strong>ού</strong></span> <span class='ocrx_word' id='word_1_34' title='bbox 416 636 531 700; x_wconf 76' lang='grc' dir='ltr'>τοῖς</span> <span class='ocrx_word' id='word_1_35' title='bbox 557 637 885 711; x_wconf 76' lang='grc' dir='ltr'><strong>κακούργοις</strong></span> <span class='ocrx_word' id='word_1_36' title='bbox 913 643 1260 715; x_wconf 78' lang='grc' dir='ltr'>ἐπήγγελται.</span> 
     </span>
    </p>
   </div>
   <div class='ocr_carea' id='block_1_7' title="bbox 234 817 1739 903">
    <p class='ocr_par' dir='ltr' id='par_1_7' title="bbox 234 817 1739 903">
     <span class='ocr_line' id='line_1_7' title="bbox 234 817 1739 903; baseline 0.013 -33"><span class='ocrx_word' id='word_1_37' title='bbox 234 817 323 890; x_wconf 72' lang='grc' dir='ltr'><strong>Μὴ</strong></span> <span class='ocrx_word' id='word_1_38' title='bbox 375 819 561 873; x_wconf 86' lang='grc' dir='ltr'>νόθευε</span> <span class='ocrx_word' id='word_1_39' title='bbox 604 820 705 892; x_wconf 78' lang='grc' dir='ltr'>τὴν</span> <span class='ocrx_word' id='word_1_40' title='bbox 740 825 1014 894; x_wconf 74' lang='grc' dir='ltr'><strong>νηστείαν,</strong></span> <span class='ocrx_word' id='word_1_41' title='bbox 1063 826 1147 881; x_wconf 82' lang='grc' dir='ltr'><strong>ἵνα</strong></span> <span class='ocrx_word' id='word_1_42' title='bbox 1188 828 1263 901; x_wconf 76' lang='grc' dir='ltr'>μὴ</span> <span class='ocrx_word' id='word_1_43' title='bbox 1297 829 1477 903; x_wconf 81' lang='grc' dir='ltr'>πάθῃς</span> <span class='ocrx_word' id='word_1_44' title='bbox 1522 831 1590 887; x_wconf 85' lang='grc' dir='ltr'><strong>τὰ</strong></span> <span class='ocrx_word' id='word_1_45' title='bbox 1629 834 1739 890; x_wconf 85' lang='grc' dir='ltr'><strong>τῶν</strong></span> 
     </span>
    </p>
   </div>
   <div class='ocr_carea' id='block_1_8' title="bbox 172 910 1737 997">
    <p class='ocr_par' dir='ltr' id='par_1_8' title="bbox 172 910 1737 997">
     <span class='ocr_line' id='line_1_8' title="bbox 172 910 1737 997; baseline 0.012 -34"><span class='ocrx_word' id='word_1_46' title='bbox 172 910 438 983; x_wconf 72' lang='grc' dir='ltr'>καπήλων.</span> <span class='ocrx_word' id='word_1_47' title='bbox 470 914 536 967; x_wconf 77' lang='lat' dir='ltr'><strong>Ei</strong></span> <span class='ocrx_word' id='word_1_48' title='bbox 560 914 670 986; x_wconf 78' lang='grc' dir='ltr'><strong>γὰρ</strong></span> <span class='ocrx_word' id='word_1_49' title='bbox 699 917 895 971; x_wconf 83' lang='grc' dir='ltr'>ἐκεῖνοι</span> <span class='ocrx_word' id='word_1_50' title='bbox 925 918 1004 990; x_wconf 84' lang='grc' dir='ltr'>τῷ</span> <span class='ocrx_word' id='word_1_51' title='bbox 1032 919 1159 992; x_wconf 80' lang='grc' dir='ltr'>οϊνῳ</span> <span class='ocrx_word' id='word_1_52' title='bbox 1188 921 1333 995; x_wconf 76' lang='grc' dir='ltr'>ὕδωρ</span> <span class='ocrx_word' id='word_1_53' title='bbox 1363 927 1737 997; x_wconf 79' lang='grc' dir='ltr'>παραμιγνύν-</span> 
     </span>
    </p>
   </div>
   <div class='ocr_carea' id='block_1_9' title="bbox 172 1002 1737 1086">
    <p class='ocr_par' dir='ltr' id='par_1_9' title="bbox 172 1002 1737 1086">
     <span class='ocr_line' id='line_1_9' title="bbox 172 1002 1737 1086; baseline 0.009 -26"><span class='ocrx_word' id='word_1_54' title='bbox 172 1020 260 1066; x_wconf 67' lang='grc' dir='ltr'><strong>τες</strong></span> <span class='ocrx_word' id='word_1_55' title='bbox 295 1002 633 1072; x_wconf 70' lang='grc' dir='ltr'>κολάζονται,</span> <span class='ocrx_word' id='word_1_56' title='bbox 676 1007 741 1069; x_wconf 80' lang='grc' dir='ltr'>σὺ</span> <span class='ocrx_word' id='word_1_57' title='bbox 781 1008 859 1080; x_wconf 74' lang='grc' dir='ltr'>τῷ</span> <span class='ocrx_word' id='word_1_58' title='bbox 901 1010 1158 1084; x_wconf 78' lang='grc' dir='ltr'><strong>αὐστηρῷ</strong></span> <span class='ocrx_word' id='word_1_59' title='bbox 1206 1014 1306 1085; x_wconf 84' lang='grc' dir='ltr'><strong>τῆς</strong></span> <span class='ocrx_word' id='word_1_60' title='bbox 1348 1017 1599 1086; x_wconf 76' lang='grc' dir='ltr'><strong>νηστείας</strong></span> <span class='ocrx_word' id='word_1_61' title='bbox 1638 1020 1737 1085; x_wconf 79' lang='grc' dir='ltr'><strong>τὰς</strong></span> 
     </span>
    </p>
   </div>
   <div class='ocr_carea' id='block_1_10' title="bbox 171 1098 1735 1182">
    <p class='ocr_par' dir='ltr' id='par_1_10' title="bbox 171 1098 1735 1182">
     <span class='ocr_line' id='line_1_10' title="bbox 171 1098 1735 1182; baseline 0.01 -33"><span class='ocrx_word' id='word_1_62' title='bbox 171 1098 556 1168; x_wconf 63' lang='grc' dir='ltr'>σεσοφισμένας</span> <span class='ocrx_word' id='word_1_63' title='bbox 580 1099 912 1166; x_wconf 80' lang='grc' dir='ltr'><strong>ἀπολαύσεις</strong></span> <span class='ocrx_word' id='word_1_64' title='bbox 949 1102 1203 1173; x_wconf 78' lang='grc' dir='ltr'><strong>εἰσάγων,</strong></span> <span class='ocrx_word' id='word_1_65' title='bbox 1241 1107 1360 1171; x_wconf 88' lang='grc' dir='ltr'><strong>πῶς</strong></span> <span class='ocrx_word' id='word_1_66' title='bbox 1388 1107 1735 1182; x_wconf 79' lang='grc' dir='ltr'><strong>ἀτιμώρητος</strong></span> 
     </span>
    </p>
   </div>
   <div class='ocr_carea' id='block_1_11' title="bbox 168 1188 1732 1271">
    <p class='ocr_par' dir='ltr' id='par_1_11' title="bbox 168 1188 1732 1271">
     <span class='ocr_line' id='line_1_11' title="bbox 168 1188 1732 1271; baseline 0.01 -31"><span class='ocrx_word' id='word_1_67' title='bbox 168 1188 497 1264; x_wconf 70' lang='grc' dir='ltr'>παρελεύσῃς</span> <span class='ocrx_word' id='word_1_68' title='bbox 528 1192 623 1263; x_wconf 85' lang='grc' dir='ltr'><strong>Μή</strong></span> <span class='ocrx_word' id='word_1_69' title='bbox 654 1209 745 1262; x_wconf 90' lang='grc' dir='ltr'><strong>μοι</strong></span> <span class='ocrx_word' id='word_1_70' title='bbox 769 1194 1008 1266; x_wconf 81' lang='grc' dir='ltr'><strong>πρόφερε</strong></span> <span class='ocrx_word' id='word_1_71' title='bbox 1032 1196 1131 1260; x_wconf 77' lang='grc' dir='ltr'><strong>τὰς</strong></span> <span class='ocrx_word' id='word_1_72' title='bbox 1159 1198 1547 1271; x_wconf 82' lang='grc' dir='ltr'><strong>πεπλασμένας</strong></span> <span class='ocrx_word' id='word_1_73' title='bbox 1570 1201 1732 1255; x_wconf 84' lang='grc' dir='ltr'>ἀσθε-</span> 
     </span>
    </p>
   </div>
   <div class='ocr_carea' id='block_1_12' title="bbox 164 1277 1734 1359">
    <p class='ocr_par' dir='ltr' id='par_1_12' title="bbox 164 1277 1734 1359">
     <span class='ocr_line' id='line_1_12' title="bbox 164 1277 1734 1359; baseline 0.01 -29"><span class='ocrx_word' id='word_1_74' title='bbox 164 1277 319 1343; x_wconf 81' lang='grc' dir='ltr'>νείας.</span> <span class='ocrx_word' id='word_1_75' title='bbox 359 1281 454 1352; x_wconf 77' lang='grc' dir='ltr'><strong>Μὴ</strong></span> <span class='ocrx_word' id='word_1_76' title='bbox 483 1281 825 1351; x_wconf 79' lang='grc' dir='ltr'><strong>καταψεύδου</strong></span> <span class='ocrx_word' id='word_1_77' title='bbox 861 1285 958 1355; x_wconf 88' lang='grc' dir='ltr'><strong>τῆς</strong></span> <span class='ocrx_word' id='word_1_78' title='bbox 988 1286 1464 1359; x_wconf 85' lang='grc' dir='ltr'>Τεσσαρακοστῆς,</span> <span class='ocrx_word' id='word_1_79' title='bbox 1487 1291 1563 1355; x_wconf 83' lang='grc' dir='ltr'><strong>ὡς</strong></span> <span class='ocrx_word' id='word_1_80' title='bbox 1584 1308 1734 1346; x_wconf 74' lang='lat' dir='ltr'><strong>voco-</strong></span> 
     </span>
    </p>
   </div>
   <div class='ocr_carea' id='block_1_13' title="bbox 162 1370 1730 1455">
    <p class='ocr_par' dir='ltr' id='par_1_13' title="bbox 162 1370 1730 1455">
     <span class='ocr_line' id='line_1_13' title="bbox 162 1370 1730 1455; baseline 0.009 -33"><span class='ocrx_word' id='word_1_81' title='bbox 162 1370 342 1423; x_wconf 67' lang='grc' dir='ltr'>ττοιοῦθ</span> <span class='ocrx_word' id='word_1_82' title='bbox 390 1374 707 1429; x_wconf 80' lang='grc' dir='ltr'>τούναντίον</span> <span class='ocrx_word' id='word_1_83' title='bbox 753 1375 863 1447; x_wconf 81' lang='grc' dir='ltr'><strong>γάρ</strong></span> <span class='ocrx_word' id='word_1_84' title='bbox 904 1376 1093 1445; x_wconf 84' lang='grc' dir='ltr'>ὑγείας</span> <span class='ocrx_word' id='word_1_85' title='bbox 1136 1379 1253 1432; x_wconf 76' lang='grc' dir='ltr'>ἐστὶ</span> <span class='ocrx_word' id='word_1_86' title='bbox 1307 1382 1586 1453; x_wconf 83' lang='grc' dir='ltr'>ποιητική.</span> <span class='ocrx_word' id='word_1_87' title='bbox 1638 1383 1730 1455; x_wconf 80' lang='grc' dir='ltr'><strong>Μὴ</strong></span> 
     </span>
    </p>
   </div>
   <div class='ocr_carea' id='block_1_14' title="bbox 161 1462 1733 1545">
    <p class='ocr_par' dir='ltr' id='par_1_14' title="bbox 161 1462 1733 1545">
     <span class='ocr_line' id='line_1_14' title="bbox 161 1462 1733 1545; baseline 0.01 -34"><span class='ocrx_word' id='word_1_88' title='bbox 161 1462 490 1534; x_wconf 71' lang='grc' dir='ltr'>προφασίζου</span> <span class='ocrx_word' id='word_1_89' title='bbox 525 1465 827 1536; x_wconf 71' lang='grc' dir='ltr'><strong>προφάσεις</strong></span> <span class='ocrx_word' id='word_1_90' title='bbox 867 1467 925 1519; x_wconf 83' lang='grc' dir='ltr'><strong>ἐν</strong></span> <span class='ocrx_word' id='word_1_91' title='bbox 948 1468 1268 1542; x_wconf 76' lang='grc' dir='ltr'>ἁμαρτίαις,</span> <span class='ocrx_word' id='word_1_92' title='bbox 1304 1471 1400 1524; x_wconf 78' lang='grc' dir='ltr'>σὺν</span> <span class='ocrx_word' id='word_1_93' title='bbox 1425 1470 1733 1545; x_wconf 83' lang='grc' dir='ltr'>ἀνθρώποις</span> 
     </span>
    </p>
   </div>
   <div class='ocr_carea' id='block_1_15' title="bbox 158 1554 1729 1636">
    <p class='ocr_par' dir='ltr' id='par_1_15' title="bbox 158 1554 1729 1636">
     <span class='ocr_line' id='line_1_15' title="bbox 158 1554 1729 1636; baseline 0.008 -31"><span class='ocrx_word' id='word_1_94' title='bbox 158 1554 544 1625; x_wconf 69' lang='grc' dir='ltr'><strong>ἐργαζομένοις</strong></span> <span class='ocrx_word' id='word_1_95' title='bbox 579 1555 907 1629; x_wconf 71' lang='grc' dir='ltr'>φιληδονίαν.</span> <span class='ocrx_word' id='word_1_96' title='bbox 950 1557 1050 1612; x_wconf 84' lang='grc' dir='ltr'>Διά</span> <span class='ocrx_word' id='word_1_97' title='bbox 1093 1560 1383 1632; x_wconf 83' lang='grc' dir='ltr'>συνήθειάν</span> <span class='ocrx_word' id='word_1_98' title='bbox 1414 1578 1494 1615; x_wconf 90' lang='grc' dir='ltr'><strong>σοι</strong></span> <span class='ocrx_word' id='word_1_99' title='bbox 1531 1563 1729 1636; x_wconf 82' lang='grc' dir='ltr'>κακὴν,</span> 
     </span>
    </p>
   </div>
   <div class='ocr_carea' id='block_1_16' title="bbox 154 1647 1731 1726">
    <p class='ocr_par' dir='ltr' id='par_1_16' title="bbox 154 1647 1731 1726">
     <span class='ocr_line' id='line_1_16' title="bbox 154 1647 1731 1726; baseline 0.006 -27"><span class='ocrx_word' id='word_1_100' title='bbox 154 1647 406 1718; x_wconf 68' lang='grc' dir='ltr'>πολέμιος</span> <span class='ocrx_word' id='word_1_101' title='bbox 446 1648 734 1718; x_wconf 78' lang='grc' dir='ltr'><strong>νομίζεται</strong></span> <span class='ocrx_word' id='word_1_102' title='bbox 781 1651 813 1721; x_wconf 83' lang='grc' dir='ltr'><strong>ἡ</strong></span> <span class='ocrx_word' id='word_1_103' title='bbox 857 1650 1186 1723; x_wconf 82' lang='grc' dir='ltr'>ἐγκράτεια’</span> <span class='ocrx_word' id='word_1_104' title='bbox 1233 1653 1294 1706; x_wconf 81' lang='grc' dir='ltr'>οὐ</span> <span class='ocrx_word' id='word_1_105' title='bbox 1344 1653 1451 1726; x_wconf 82' lang='grc' dir='ltr'>μὴν</span> <span class='ocrx_word' id='word_1_106' title='bbox 1491 1655 1731 1723; x_wconf 81' lang='grc' dir='ltr'>φυσικῶς</span> 
     </span>
    </p>
   </div>
   <div class='ocr_carea' id='block_1_17' title="bbox 153 1737 1730 1819">
    <p class='ocr_par' dir='ltr' id='par_1_17' title="bbox 153 1737 1730 1819">
     <span class='ocr_line' id='line_1_17' title="bbox 153 1737 1730 1819; baseline 0.007 -30"><span class='ocrx_word' id='word_1_107' title='bbox 153 1738 291 1790; x_wconf 76' lang='grc' dir='ltr'>ἐστιν</span> <span class='ocrx_word' id='word_1_108' title='bbox 314 1737 592 1809; x_wconf 80' lang='grc' dir='ltr'>ἐπαχθής.</span> <span class='ocrx_word' id='word_1_109' title='bbox 621 1739 929 1811; x_wconf 86' lang='grc' dir='ltr'>Τεκμήριον</span> <span class='ocrx_word' id='word_1_110' title='bbox 951 1741 1006 1795; x_wconf 81' lang='grc' dir='ltr'>δὲ</span> <span class='ocrx_word' id='word_1_111' title='bbox 1034 1742 1131 1796; x_wconf 82' lang='grc' dir='ltr'>τοῦ</span> <span class='ocrx_word' id='word_1_112' title='bbox 1155 1742 1336 1812; x_wconf 83' lang='grc' dir='ltr'><strong>λόγου,</strong></span> <span class='ocrx_word' id='word_1_113' title='bbox 1362 1746 1562 1810; x_wconf 84' lang='grc' dir='ltr'>πάντες</span> <span class='ocrx_word' id='word_1_114' title='bbox 1598 1746 1730 1819; x_wconf 85' lang='grc' dir='ltr'>βάρ-</span> 
     </span>
    </p>
   </div>
   <div class='ocr_carea' id='block_1_18' title="bbox 1839 570 3414 641">
    <p class='ocr_par' dir='ltr' id='par_1_18' title="bbox 1839 570 3414 641">
     <span class='ocr_line' id='line_1_18' title="bbox 1839 570 3414 641; baseline 0.013 -21"><span class='ocrx_word' id='word_1_115' title='bbox 1839 570 1980 633; x_wconf 85' lang='lat' dir='ltr'><strong>dem,</strong></span> <span class='ocrx_word' id='word_1_116' title='bbox 2003 587 2070 626; x_wconf 90' lang='lat' dir='ltr'><strong>eo</strong></span> <span class='ocrx_word' id='word_1_117' title='bbox 2089 577 2234 641; x_wconf 88' lang='lat' dir='ltr'><strong>quod</strong></span> <span class='ocrx_word' id='word_1_118' title='bbox 2264 592 2331 630; x_wconf 83' lang='lat' dir='ltr'><strong>ex</strong></span> <span class='ocrx_word' id='word_1_119' title='bbox 2356 576 2559 632; x_wconf 84' lang='lat' dir='ltr'><strong>virtute</strong></span> <span class='ocrx_word' id='word_1_120' title='bbox 2586 579 2749 632; x_wconf 80' lang='lat' dir='ltr'><strong>vitam</strong></span> <span class='ocrx_word' id='word_1_121' title='bbox 2796 579 3073 637; x_wconf 94' lang='lat' dir='ltr'><strong>instituas.</strong></span> <span class='ocrx_word' id='word_1_122' title='bbox 3108 583 3178 638; x_wconf 88' lang='lat' dir='ltr'><strong>At</strong></span> <span class='ocrx_word' id='word_1_123' title='bbox 3205 599 3414 639; x_wconf 83' lang='lat' dir='ltr'><strong>merces</strong></span> 
     </span>
    </p>
   </div>
   <div class='ocr_carea' id='block_1_19' title="bbox 1837 666 3412 743">
    <p class='ocr_par' dir='ltr' id='par_1_19' title="bbox 1837 666 3412 743">
     <span class='ocr_line' id='line_1_19' title="bbox 1837 666 3412 743; baseline 0.01 -29"><span class='ocrx_word' id='word_1_124' title='bbox 1837 671 1893 714; x_wconf 92' lang='lat' dir='ltr'><strong>et</strong></span> <span class='ocrx_word' id='word_1_125' title='bbox 1915 666 2314 734; x_wconf 75' lang='lat' dir='ltr'><strong>manupretium</strong></span> <span class='ocrx_word' id='word_1_126' title='bbox 2349 669 2596 738; x_wconf 73' lang='lat' dir='ltr'><strong>genuinis</strong></span> <span class='ocrx_word' id='word_1_127' title='bbox 2627 679 2679 725; x_wconf 92' lang='lat' dir='ltr'><strong>et</strong></span> <span class='ocrx_word' id='word_1_128' title='bbox 2713 670 2944 728; x_wconf 82' lang='lat' dir='ltr'><strong>sinceris</strong></span> <span class='ocrx_word' id='word_1_129' title='bbox 2974 675 3240 743; x_wconf 88' lang='lat' dir='ltr'><strong>operariis</strong></span> <span class='ocrx_word' id='word_1_130' title='bbox 3260 715 3275 740; x_wconf 89' lang='lat'><strong>,</strong></span> <span class='ocrx_word' id='word_1_131' title='bbox 3303 691 3412 731; x_wconf 81' lang='lat' dir='ltr'><strong>non</strong></span> 
     </span>
    </p>
   </div>
   <div class='ocr_carea' id='block_1_20' title="bbox 1838 752 2776 829">
    <p class='ocr_par' dir='ltr' id='par_1_20' title="bbox 1838 752 2776 829">
     <span class='ocr_line' id='line_1_20' title="bbox 1838 752 2776 829; baseline 0.01 -22"><span class='ocrx_word' id='word_1_132' title='bbox 1838 752 2045 809; x_wconf 75' lang='lat' dir='ltr'><strong>dolosis</strong></span> <span class='ocrx_word' id='word_1_133' title='bbox 2068 765 2124 811; x_wconf 86' lang='lat' dir='ltr'><strong>et</strong></span> <span class='ocrx_word' id='word_1_134' title='bbox 2146 758 2395 829; x_wconf 72' lang='lat' dir='ltr'><strong>malignis</strong></span> <span class='ocrx_word' id='word_1_135' title='bbox 2426 761 2776 828; x_wconf 80' lang='lat' dir='ltr'><strong>promittitur.</strong></span> 
     </span>
    </p>
   </div>
   <div class='ocr_carea' id='block_1_21' title="bbox 1907 842 3414 924">
    <p class='ocr_par' dir='ltr' id='par_1_21' title="bbox 1907 842 3414 924">
     <span class='ocr_line' id='line_1_21' title="bbox 1907 842 3414 924; baseline 0.009 -25"><span class='ocrx_word' id='word_1_136' title='bbox 1907 842 2026 900; x_wconf 77' lang='lat' dir='ltr'><strong>Noli</strong></span> <span class='ocrx_word' id='word_1_137' title='bbox 2081 847 2385 924; x_wconf 76' lang='lat' dir='ltr'><strong>adulterare</strong></span> <span class='ocrx_word' id='word_1_138' title='bbox 2426 850 2933 923; x_wconf 83' lang='lat' dir='ltr'><strong>Quadragesimam,</strong></span> <span class='ocrx_word' id='word_1_139' title='bbox 2992 869 3067 911; x_wconf 88' lang='lat' dir='ltr'><strong>ne</strong></span> <span class='ocrx_word' id='word_1_140' title='bbox 3124 857 3218 912; x_wconf 91' lang='lat' dir='ltr'><strong>tibi</strong></span> <span class='ocrx_word' id='word_1_141' title='bbox 3270 858 3414 913; x_wconf 85' lang='lat' dir='ltr'><strong>idem</strong></span> 
     </span>
    </p>
   </div>
   <div class='ocr_carea' id='block_1_22' title="bbox 1836 935 3415 1009">
    <p class='ocr_par' dir='ltr' id='par_1_22' title="bbox 1836 935 3415 1009">
     <span class='ocr_line' id='line_1_22' title="bbox 1836 935 3415 1009; baseline 0.009 -20"><span class='ocrx_word' id='word_1_142' title='bbox 1836 935 1983 1005; x_wconf 90' lang='lat' dir='ltr'><strong>quod</strong></span> <span class='ocrx_word' id='word_1_143' title='bbox 2026 940 2360 1007; x_wconf 80' lang='lat' dir='ltr'><strong>cauponibus</strong></span> <span class='ocrx_word' id='word_1_144' title='bbox 2409 942 2644 997; x_wconf 77' lang='lat' dir='ltr'><strong>eveniat.</strong></span> <span class='ocrx_word' id='word_1_145' title='bbox 2693 943 2750 999; x_wconf 90' lang='lat' dir='ltr'><strong>Si</strong></span> <span class='ocrx_word' id='word_1_146' title='bbox 2799 946 2942 1002; x_wconf 87' lang='lat' dir='ltr'><strong>enim</strong></span> <span class='ocrx_word' id='word_1_147' title='bbox 2996 947 3068 1009; x_wconf 75' lang='lat' dir='ltr'><strong>illi</strong></span> <span class='ocrx_word' id='word_1_148' title='bbox 3118 962 3239 1003; x_wconf 83' lang='lat' dir='ltr'><strong>eum</strong></span> <span class='ocrx_word' id='word_1_149' title='bbox 3281 951 3415 1004; x_wconf 83' lang='lat' dir='ltr'><strong>vino</strong></span> 
     </span>
    </p>
   </div>
   <div class='ocr_carea' id='block_1_23' title="bbox 1835 1029 3410 1109">
    <p class='ocr_par' dir='ltr' id='par_1_23' title="bbox 1835 1029 3410 1109">
     <span class='ocr_line' id='line_1_23' title="bbox 1835 1029 3410 1109; baseline 0.01 -28"><span class='ocrx_word' id='word_1_150' title='bbox 1835 1041 2033 1096; x_wconf 88' lang='lat' dir='ltr'><strong>aquam</strong></span> <span class='ocrx_word' id='word_1_151' title='bbox 2075 1029 2380 1098; x_wconf 80' lang='lat' dir='ltr'><strong>aﬂ‘undunt,</strong></span> <span class='ocrx_word' id='word_1_152' title='bbox 2434 1036 2751 1101; x_wconf 89' lang='lat' dir='ltr'><strong>puniuntur,</strong></span> <span class='ocrx_word' id='word_1_153' title='bbox 2783 1043 3059 1107; x_wconf 86' lang='lat' dir='ltr'><strong>quomodo</strong></span> <span class='ocrx_word' id='word_1_154' title='bbox 3074 1049 3166 1105; x_wconf 83' lang='lat' dir='ltr'><strong>tu,</strong></span> <span class='ocrx_word' id='word_1_155' title='bbox 3191 1042 3280 1109; x_wconf 87' lang='lat' dir='ltr'><strong>qui</strong></span> <span class='ocrx_word' id='word_1_156' title='bbox 3311 1058 3410 1096; x_wconf 83' lang='lat' dir='ltr'><strong>an-</strong></span> 
     </span>
    </p>
   </div>
   <div class='ocr_carea' id='block_1_24' title="bbox 1833 1119 3411 1197">
    <p class='ocr_par' dir='ltr' id='par_1_24' title="bbox 1833 1119 3411 1197">
     <span class='ocr_line' id='line_1_24' title="bbox 1833 1119 3411 1197; baseline 0.011 -25"><span class='ocrx_word' id='word_1_157' title='bbox 1833 1119 2064 1174; x_wconf 86' lang='lat' dir='ltr'><strong>steritati</strong></span> <span class='ocrx_word' id='word_1_158' title='bbox 2096 1120 2287 1190; x_wconf 88' lang='lat' dir='ltr'><strong>jejunii</strong></span> <span class='ocrx_word' id='word_1_159' title='bbox 2320 1124 2653 1181; x_wconf 82' lang='lat' dir='ltr'><strong>adulterinas</strong></span> <span class='ocrx_word' id='word_1_160' title='bbox 2699 1131 2962 1197; x_wconf 87' lang='lat' dir='ltr'><strong>quasdam</strong></span> <span class='ocrx_word' id='word_1_161' title='bbox 3006 1132 3288 1188; x_wconf 80' lang='lat' dir='ltr'><strong>illecebras</strong></span> <span class='ocrx_word' id='word_1_162' title='bbox 3312 1150 3411 1188; x_wconf 50' lang='lat' dir='ltr'><strong>sua</strong></span> 
     </span>
    </p>
   </div>
   <div class='ocr_carea' id='block_1_25' title="bbox 1833 1212 3413 1288">
    <p class='ocr_par' dir='ltr' id='par_1_25' title="bbox 1833 1212 3413 1288">
     <span class='ocr_line' id='line_1_25' title="bbox 1833 1212 3413 1288; baseline 0.01 -23"><span class='ocrx_word' id='word_1_163' title='bbox 1833 1212 2171 1281; x_wconf 86' lang='lat' dir='ltr'><strong>perinducis,</strong></span> <span class='ocrx_word' id='word_1_164' title='bbox 2199 1230 2413 1284; x_wconf 63' lang='lat' dir='ltr'><strong>pinnam</strong></span> <span class='ocrx_word' id='word_1_165' title='bbox 2444 1217 2710 1288; x_wconf 67' lang='lat' dir='ltr'><strong>eﬂuigies?</strong></span> <span class='ocrx_word' id='word_1_166' title='bbox 2739 1222 2821 1277; x_wconf 74' lang='lat' dir='ltr'><strong>Ne</strong></span> <span class='ocrx_word' id='word_1_167' title='bbox 2855 1223 2987 1278; x_wconf 84' lang='lat' dir='ltr'><strong>mihi</strong></span> <span class='ocrx_word' id='word_1_168' title='bbox 3012 1227 3413 1281; x_wconf 85' lang='lat' dir='ltr'><strong>commentitias</strong></span> 
     </span>
    </p>
   </div>
   <div class='ocr_carea' id='block_1_26' title="bbox 1832 1297 3412 1384">
    <p class='ocr_par' dir='ltr' id='par_1_26' title="bbox 1832 1297 3412 1384">
     <span class='ocr_line' id='line_1_26' title="bbox 1832 1297 3412 1384; baseline 0.013 -31"><span class='ocrx_word' id='word_1_169' title='bbox 1832 1297 2233 1360; x_wconf 86' lang='lat' dir='ltr'><strong>imbecillitates</strong></span> <span class='ocrx_word' id='word_1_170' title='bbox 2281 1306 2550 1376; x_wconf 78' lang='lat' dir='ltr'><strong>proferas.</strong></span> <span class='ocrx_word' id='word_1_171' title='bbox 2582 1308 2658 1364; x_wconf 83' lang='lat' dir='ltr'><strong>Ne</strong></span> <span class='ocrx_word' id='word_1_172' title='bbox 2708 1313 2992 1369; x_wconf 88' lang='lat' dir='ltr'><strong>mentiaris</strong></span> <span class='ocrx_word' id='word_1_173' title='bbox 3046 1315 3228 1373; x_wconf 87' lang='lat' dir='ltr'><strong>inesse</strong></span> <span class='ocrx_word' id='word_1_174' title='bbox 3271 1317 3412 1384; x_wconf 85' lang='lat' dir='ltr'><strong>Qua-</strong></span> 
     </span>
    </p>
   </div>
   <div class='ocr_carea' id='block_1_27' title="bbox 1832 1388 3416 1475">
    <p class='ocr_par' dir='ltr' id='par_1_27' title="bbox 1832 1388 3416 1475">
     <span class='ocr_line' id='line_1_27' title="bbox 1832 1388 3416 1475; baseline 0.013 -32"><span class='ocrx_word' id='word_1_175' title='bbox 1832 1388 2236 1459; x_wconf 80' lang='lat' dir='ltr'><strong>dragesimatn,</strong></span> <span class='ocrx_word' id='word_1_176' title='bbox 2294 1396 2436 1475; x_wconf 72' lang='lat' dir='ltr'><strong>velut</strong></span> <span class='ocrx_word' id='word_1_177' title='bbox 2488 1400 2797 1456; x_wconf 84' lang='lat' dir='ltr'><strong>morborum</strong></span> <span class='ocrx_word' id='word_1_178' title='bbox 2862 1401 3226 1471; x_wconf 67' lang='lat' dir='ltr'><strong>effectricem;</strong></span> <span class='ocrx_word' id='word_1_179' title='bbox 3282 1423 3416 1463; x_wconf 82' lang='lat' dir='ltr'><strong>nam</strong></span> 
     </span>
    </p>
   </div>
   <div class='ocr_carea' id='block_1_28' title="bbox 1830 1483 3409 1559">
    <p class='ocr_par' dir='ltr' id='par_1_28' title="bbox 1830 1483 3409 1559">
     <span class='ocr_line' id='line_1_28' title="bbox 1830 1483 3409 1559; baseline 0.011 -25"><span class='ocrx_word' id='word_1_180' title='bbox 1830 1492 1863 1534; x_wconf 87' lang='lat' dir='ltr'><strong>e</strong></span> <span class='ocrx_word' id='word_1_181' title='bbox 1885 1483 2179 1549; x_wconf 86' lang='lat' dir='ltr'><strong>contrario,</strong></span> <span class='ocrx_word' id='word_1_182' title='bbox 2218 1486 2469 1543; x_wconf 77' lang='lat' dir='ltr'><strong>sanitatis</strong></span> <span class='ocrx_word' id='word_1_183' title='bbox 2495 1489 2736 1551; x_wconf 76' lang='lat' dir='ltr'><strong>eﬂ&#39;ectrix</strong></span> <span class='ocrx_word' id='word_1_184' title='bbox 2760 1502 2859 1548; x_wconf 91' lang='lat' dir='ltr'><strong>est.</strong></span> <span class='ocrx_word' id='word_1_185' title='bbox 2892 1492 2970 1555; x_wconf 84' lang='lat' dir='ltr'><strong>Ne</strong></span> <span class='ocrx_word' id='word_1_186' title='bbox 2990 1509 3216 1559; x_wconf 82' lang='lat' dir='ltr'><strong>excuses</strong></span> <span class='ocrx_word' id='word_1_187' title='bbox 3243 1512 3409 1553; x_wconf 75' lang='lat' dir='ltr'><strong>excu-</strong></span> 
     </span>
    </p>
   </div>
   <div class='ocr_carea' id='block_1_29' title="bbox 1829 1573 3417 1656">
    <p class='ocr_par' dir='ltr' id='par_1_29' title="bbox 1829 1573 3417 1656">
     <span class='ocr_line' id='line_1_29' title="bbox 1829 1573 3417 1656; baseline 0.005 -27"><span class='ocrx_word' id='word_1_188' title='bbox 1829 1573 2068 1631; x_wconf 86' lang='lat' dir='ltr'><strong>sationes</strong></span> <span class='ocrx_word' id='word_1_189' title='bbox 2093 1577 2145 1631; x_wconf 95' lang='lat' dir='ltr'><strong>in</strong></span> <span class='ocrx_word' id='word_1_190' title='bbox 2167 1580 2406 1646; x_wconf 76' lang='lat' dir='ltr'><strong>peccatis</strong></span> <span class='ocrx_word' id='word_1_191' title='bbox 2429 1597 2551 1637; x_wconf 91' lang='lat' dir='ltr'><strong>cum</strong></span> <span class='ocrx_word' id='word_1_192' title='bbox 2595 1583 2905 1640; x_wconf 85' lang='lat' dir='ltr'><strong>hominibus</strong></span> <span class='ocrx_word' id='word_1_193' title='bbox 2930 1589 3282 1656; x_wconf 86' lang='lat' dir='ltr'><strong>operantibus</strong></span> <span class='ocrx_word' id='word_1_194' title='bbox 3309 1590 3417 1643; x_wconf 33' lang='lat' dir='ltr'><strong>ini...</strong></span> 
     </span>
    </p>
   </div>
   <div class='ocr_carea' id='block_1_30' title="bbox 1829 1666 3415 1742">
    <p class='ocr_par' dir='ltr' id='par_1_30' title="bbox 1829 1666 3415 1742">
     <span class='ocr_line' id='line_1_30' title="bbox 1829 1666 3415 1742; baseline 0.009 -21"><span class='ocrx_word' id='word_1_195' title='bbox 1829 1666 2087 1736; x_wconf 86' lang='lat' dir='ltr'><strong>quitatem</strong></span> <span class='ocrx_word' id='word_1_196' title='bbox 2111 1710 2128 1737; x_wconf 93' lang='lat'><strong>,</strong></span> <span class='ocrx_word' id='word_1_197' title='bbox 2176 1679 2231 1724; x_wconf 91' lang='lat' dir='ltr'><strong>et</strong></span> <span class='ocrx_word' id='word_1_198' title='bbox 2259 1671 2548 1742; x_wconf 84' lang='lat' dir='ltr'><strong>voluptatis</strong></span> <span class='ocrx_word' id='word_1_199' title='bbox 2601 1674 2838 1734; x_wconf 86' lang='lat' dir='ltr'><strong>studium</strong></span> <span class='ocrx_word' id='word_1_200' title='bbox 2869 1676 3202 1732; x_wconf 82' lang='lat' dir='ltr'><strong>sectantibus</strong></span> <span class='ocrx_word' id='word_1_201' title='bbox 3223 1676 3292 1733; x_wconf 79' lang='lat'><strong>“.</strong></span> <span class='ocrx_word' id='word_1_202' title='bbox 3324 1677 3415 1735; x_wconf 81' lang='lat' dir='ltr'><strong>0b</strong></span> 
     </span>
    </p>
   </div>
   <div class='ocr_carea' id='block_1_31' title="bbox 1831 1760 3408 1839">
    <p class='ocr_par' dir='ltr' id='par_1_31' title="bbox 1831 1760 3408 1839">
     <span class='ocr_line' id='line_1_31' title="bbox 1831 1760 3408 1839; baseline 0.008 -26"><span class='ocrx_word' id='word_1_203' title='bbox 1831 1760 2024 1815; x_wconf 88' lang='lat' dir='ltr'><strong>malam</strong></span> <span class='ocrx_word' id='word_1_204' title='bbox 2070 1765 2513 1820; x_wconf 86' lang='lat' dir='ltr'><strong>consuetudinem</strong></span> <span class='ocrx_word' id='word_1_205' title='bbox 2547 1767 2755 1822; x_wconf 84' lang='lat' dir='ltr'><strong>videtur</strong></span> <span class='ocrx_word' id='word_1_206' title='bbox 2783 1770 2877 1824; x_wconf 87' lang='lat' dir='ltr'><strong>tibi</strong></span> <span class='ocrx_word' id='word_1_207' title='bbox 2920 1771 3271 1839; x_wconf 84' lang='lat' dir='ltr'><strong>temperantia</strong></span> <span class='ocrx_word' id='word_1_208' title='bbox 3314 1770 3408 1825; x_wconf 81' lang='lat' dir='ltr'><strong>ad-</strong></span> 
     </span>
    </p>
   </div>
   <div class='ocr_carea' id='block_1_32' title="bbox 151 1817 1740 1929">
    <p class='ocr_par' dir='ltr' id='par_1_32' title="bbox 151 1817 1727 1905">
     <span class='ocr_line' id='line_1_32' title="bbox 151 1817 1727 1905; baseline 0.008 -24"><span class='ocrx_word' id='word_1_209' title='bbox 151 1828 297 1899; x_wconf 81' lang='grc' dir='ltr'>6αροι</span> <span class='ocrx_word' id='word_1_210' title='bbox 322 1830 444 1883; x_wconf 82' lang='grc' dir='ltr'>ὅσοι</span> <span class='ocrx_word' id='word_1_211' title='bbox 490 1829 616 1884; x_wconf 70' lang='grc' dir='ltr'>οὔτε</span> <span class='ocrx_word' id='word_1_212' title='bbox 639 1831 915 1900; x_wconf 80' lang='grc' dir='ltr'><strong>ἀμπέλους</strong></span> <span class='ocrx_word' id='word_1_213' title='bbox 950 1834 1290 1905; x_wconf 79' lang='grc' dir='ltr'>φυτεύουσιν,</span> <span class='ocrx_word' id='word_1_214' title='bbox 1333 1835 1455 1891; x_wconf 71' lang='grc' dir='ltr'>οὔτε</span> <span class='ocrx_word' id='word_1_215' title='bbox 1485 1817 1727 1893; x_wconf 77' lang='grc' dir='ltr'>πίνουσιν</span> 
     </span>
    </p>
   </div>
   <div class='ocr_carea' id='block_1_33' title="bbox 1827 1817 3410 1929">
    <p class='ocr_par' dir='ltr' id='par_1_33' title="bbox 1831 1817 3410 1929">
     <span class='ocr_line' id='line_1_33' title="bbox 1831 1817 3410 1929; baseline 0.008 -27"><span class='ocrx_word' id='word_1_216' title='bbox 1831 1863 2007 1907; x_wconf 90' lang='lat' dir='ltr'><strong>versa.</strong></span> <span class='ocrx_word' id='word_1_217' title='bbox 2036 1852 2200 1922; x_wconf 84' lang='lat' dir='ltr'><strong>Atqui</strong></span> <span class='ocrx_word' id='word_1_218' title='bbox 2246 1868 2316 1908; x_wconf 92' lang='lat' dir='ltr'><strong>ne</strong></span> <span class='ocrx_word' id='word_1_219' title='bbox 2337 1854 2562 1929; x_wconf 86' lang='lat' dir='ltr'><strong>physice</strong></span> <span class='ocrx_word' id='word_1_220' title='bbox 2582 1857 2803 1925; x_wconf 83' lang='lat' dir='ltr'><strong>quidem</strong></span> <span class='ocrx_word' id='word_1_221' title='bbox 2825 1817 3058 1914; x_wconf 61' lang='lat' dir='ltr'><strong>adversa</strong></span> <span class='ocrx_word' id='word_1_222' title='bbox 3070 1870 3169 1915; x_wconf 89' lang='lat' dir='ltr'><strong>est.</strong></span> <span class='ocrx_word' id='word_1_223' title='bbox 3184 1859 3410 1916; x_wconf 82' lang='lat' dir='ltr'><strong>Testan-</strong></span> 
     </span>
    </p>
   </div>
   <div class='ocr_carea' id='block_1_34' title="bbox 150 1918 1724 2005">
    <p class='ocr_par' dir='ltr' id='par_1_34' title="bbox 150 1918 1724 2005">
     <span class='ocr_line' id='line_1_34' title="bbox 150 1918 1724 2005; baseline 0.006 -30"><span class='ocrx_word' id='word_1_224' title='bbox 150 1918 315 1976; x_wconf 75' lang='grc' dir='ltr'>οἶνον·</span> <span class='ocrx_word' id='word_1_225' title='bbox 347 1922 491 1977; x_wconf 75' lang='grc' dir='ltr'>ἀλλὰ</span> <span class='ocrx_word' id='word_1_226' title='bbox 518 1924 583 1977; x_wconf 81' lang='grc' dir='ltr'>τὸ</span> <span class='ocrx_word' id='word_1_227' title='bbox 619 1925 920 1997; x_wconf 84' lang='grc' dir='ltr'>αὐτόματον</span> <span class='ocrx_word' id='word_1_228' title='bbox 945 1926 1280 1982; x_wconf 75' lang='grc' dir='ltr'>ἐπισπῶνται</span> <span class='ocrx_word' id='word_1_229' title='bbox 1313 1930 1406 1983; x_wconf 76' lang='grc' dir='ltr'><strong>καὶ</strong></span> <span class='ocrx_word' id='word_1_230' title='bbox 1437 1929 1724 2005; x_wconf 80' lang='grc' dir='ltr'>ἀγεώργη-</span> 
     </span>
    </p>
   </div>
   <div class='ocr_carea' id='block_1_35' title="bbox 147 2015 1726 2092">
    <p class='ocr_par' dir='ltr' id='par_1_35' title="bbox 147 2015 1726 2092">
     <span class='ocr_line' id='line_1_35' title="bbox 147 2015 1726 2092; baseline 0.007 -25"><span class='ocrx_word' id='word_1_231' title='bbox 147 2032 239 2069; x_wconf 80' lang='grc' dir='ltr'><strong>τον</strong></span> <span class='ocrx_word' id='word_1_232' title='bbox 275 2016 433 2087; x_wconf 76' lang='grc' dir='ltr'>πόμα</span> <span class='ocrx_word' id='word_1_233' title='bbox 468 2016 532 2070; x_wconf 79' lang='grc' dir='ltr'>τὸ</span> <span class='ocrx_word' id='word_1_234' title='bbox 575 2015 722 2089; x_wconf 76' lang='grc' dir='ltr'>ὕδωρ</span> <span class='ocrx_word' id='word_1_235' title='bbox 744 2056 761 2082; x_wconf 92' lang='grc'><strong>,</strong></span> <span class='ocrx_word' id='word_1_236' title='bbox 814 2019 909 2072; x_wconf 77' lang='grc' dir='ltr'>καὶ</span> <span class='ocrx_word' id='word_1_237' title='bbox 957 2017 1311 2091; x_wconf 78' lang='grc' dir='ltr'>γνωρίζονται</span> <span class='ocrx_word' id='word_1_238' title='bbox 1354 2026 1589 2092; x_wconf 87' lang='grc' dir='ltr'>γενναῖοι</span> <span class='ocrx_word' id='word_1_239' title='bbox 1632 2024 1726 2078; x_wconf 84' lang='grc' dir='ltr'>καὶ</span> 
     </span>
    </p>
   </div>
   <div class='ocr_carea' id='block_1_36' title="bbox 146 2108 1722 2184">
    <p class='ocr_par' dir='ltr' id='par_1_36' title="bbox 146 2108 1722 2184">
     <span class='ocr_line' id='line_1_36' title="bbox 146 2108 1722 2184; baseline 0.008 -25"><span class='ocrx_word' id='word_1_240' title='bbox 146 2108 387 2178; x_wconf 76' lang='grc' dir='ltr'>ἀριστεῖς</span> <span class='ocrx_word' id='word_1_241' title='bbox 415 2110 477 2162; x_wconf 88' lang='grc' dir='ltr'><strong>ἐν</strong></span> <span class='ocrx_word' id='word_1_242' title='bbox 507 2108 797 2181; x_wconf 77' lang='grc' dir='ltr'>πολέμοις,</span> <span class='ocrx_word' id='word_1_243' title='bbox 830 2111 923 2165; x_wconf 79' lang='grc' dir='ltr'>καὶ</span> <span class='ocrx_word' id='word_1_244' title='bbox 956 2112 1213 2184; x_wconf 79' lang='grc' dir='ltr'>κρατοῦσι</span> <span class='ocrx_word' id='word_1_245' title='bbox 1250 2114 1362 2168; x_wconf 88' lang='grc' dir='ltr'><strong>τῶν</strong></span> <span class='ocrx_word' id='word_1_246' title='bbox 1403 2115 1722 2184; x_wconf 88' lang='grc' dir='ltr'>πολυοίνων,</span> 
     </span>
    </p>
   </div>
   <div class='ocr_carea' id='block_1_37' title="bbox 145 2196 1724 2275">
    <p class='ocr_par' dir='ltr' id='par_1_37' title="bbox 145 2196 1724 2275">
     <span class='ocr_line' id='line_1_37' title="bbox 145 2196 1724 2275; baseline 0.008 -26"><span class='ocrx_word' id='word_1_247' title='bbox 145 2196 221 2260; x_wconf 80' lang='grc' dir='ltr'><strong>ὡς</strong></span> <span class='ocrx_word' id='word_1_248' title='bbox 248 2198 421 2263; x_wconf 68' lang='grc' dir='ltr'>εἰκὸς,</span> <span class='ocrx_word' id='word_1_249' title='bbox 467 2199 778 2269; x_wconf 82' lang='grc' dir='ltr'>μεθυόντων</span> <span class='ocrx_word' id='word_1_250' title='bbox 801 2202 851 2254; x_wconf 81' lang='grc' dir='ltr'>οἱ</span> <span class='ocrx_word' id='word_1_251' title='bbox 878 2202 1161 2273; x_wconf 80' lang='grc' dir='ltr'>νήφοντες.</span> <span class='ocrx_word' id='word_1_252' title='bbox 1192 2202 1429 2275; x_wconf 82' lang='grc' dir='ltr'>Σώματα</span> <span class='ocrx_word' id='word_1_253' title='bbox 1453 2205 1510 2259; x_wconf 83' lang='grc' dir='ltr'>δὲ</span> <span class='ocrx_word' id='word_1_254' title='bbox 1540 2206 1724 2272; x_wconf 85' lang='grc' dir='ltr'>αὐτοῖς</span> 
     </span>
    </p>
   </div>
   <div class='ocr_carea' id='block_1_38' title="bbox 144 2287 1724 2366">
    <p class='ocr_par' dir='ltr' id='par_1_38' title="bbox 144 2287 1724 2366">
     <span class='ocr_line' id='line_1_38' title="bbox 144 2287 1724 2366; baseline 0.007 -25"><span class='ocrx_word' id='word_1_255' title='bbox 144 2287 324 2358; x_wconf 73' lang='grc' dir='ltr'>κοῦφα</span> <span class='ocrx_word' id='word_1_256' title='bbox 357 2290 455 2343; x_wconf 71' lang='grc' dir='ltr'>καὶ</span> <span class='ocrx_word' id='word_1_257' title='bbox 487 2290 759 2363; x_wconf 78' lang='grc' dir='ltr'>μοχθηρά,</span> <span class='ocrx_word' id='word_1_258' title='bbox 801 2293 895 2346; x_wconf 70' lang='grc' dir='ltr'>καὶ</span> <span class='ocrx_word' id='word_1_259' title='bbox 920 2294 1104 2364; x_wconf 84' lang='grc' dir='ltr'>ταχεῖς</span> <span class='ocrx_word' id='word_1_260' title='bbox 1133 2294 1232 2365; x_wconf 79' lang='grc' dir='ltr'>μὲν</span> <span class='ocrx_word' id='word_1_261' title='bbox 1258 2295 1523 2366; x_wconf 78' lang='grc' dir='ltr'>ἀναϐῆναι</span> <span class='ocrx_word' id='word_1_262' title='bbox 1558 2297 1724 2352; x_wconf 79' lang='grc' dir='ltr'>ἵππον</span> 
     </span>
    </p>
   </div>
   <div class='ocr_carea' id='block_1_39' title="bbox 143 2378 1724 2456">
    <p class='ocr_par' dir='ltr' id='par_1_39' title="bbox 143 2378 1724 2456">
     <span class='ocr_line' id='line_1_39' title="bbox 143 2378 1724 2456; baseline 0.007 -25"><span class='ocrx_word' id='word_1_263' title='bbox 143 2378 195 2431; x_wconf 74' lang='grc' dir='ltr'>οἱ</span> <span class='ocrx_word' id='word_1_264' title='bbox 226 2378 484 2444; x_wconf 80' lang='grc' dir='ltr'>τοιοῦτοι,</span> <span class='ocrx_word' id='word_1_265' title='bbox 518 2381 737 2449; x_wconf 72' lang='grc' dir='ltr'>εὐφυεῖς</span> <span class='ocrx_word' id='word_1_266' title='bbox 781 2380 838 2435; x_wconf 82' lang='grc' dir='ltr'>δὲ</span> <span class='ocrx_word' id='word_1_267' title='bbox 880 2381 1184 2454; x_wconf 74' lang='grc' dir='ltr'>τολμηταὶ,</span> <span class='ocrx_word' id='word_1_268' title='bbox 1216 2384 1311 2437; x_wconf 77' lang='grc' dir='ltr'>καὶ</span> <span class='ocrx_word' id='word_1_269' title='bbox 1344 2384 1483 2456; x_wconf 76' lang='grc' dir='ltr'>πρὸς</span> <span class='ocrx_word' id='word_1_270' title='bbox 1513 2384 1724 2450; x_wconf 80' lang='grc' dir='ltr'>τοξείαν</span> 
     </span>
    </p>
   </div>
   <div class='ocr_carea' id='block_1_40' title="bbox 141 2469 1723 2548">
    <p class='ocr_par' dir='ltr' id='par_1_40' title="bbox 141 2469 1723 2548">
     <span class='ocr_line' id='line_1_40' title="bbox 141 2469 1723 2548; baseline 0.006 -24"><span class='ocrx_word' id='word_1_271' title='bbox 141 2469 408 2542; x_wconf 67' lang='grc' dir='ltr'>εὔστοχοι.</span> <span class='ocrx_word' id='word_1_272' title='bbox 465 2472 754 2541; x_wconf 76' lang='grc' dir='ltr'>’Δσφαλεῖς</span> <span class='ocrx_word' id='word_1_273' title='bbox 786 2472 843 2526; x_wconf 76' lang='grc' dir='ltr'>δὲ</span> <span class='ocrx_word' id='word_1_274' title='bbox 879 2473 1016 2545; x_wconf 80' lang='grc' dir='ltr'>μετὰ</span> <span class='ocrx_word' id='word_1_275' title='bbox 1040 2474 1133 2528; x_wconf 79' lang='grc' dir='ltr'>τοῦ</span> <span class='ocrx_word' id='word_1_276' title='bbox 1167 2474 1428 2546; x_wconf 87' lang='grc' dir='ltr'>θάρσους,</span> <span class='ocrx_word' id='word_1_277' title='bbox 1459 2478 1553 2531; x_wconf 75' lang='grc' dir='ltr'>καὶ</span> <span class='ocrx_word' id='word_1_278' title='bbox 1581 2477 1723 2548; x_wconf 82' lang='grc' dir='ltr'>γνώ-</span> 
     </span>
    </p>
   </div>
   <div class='ocr_carea' id='block_1_41' title="bbox 122 2564 1723 2643">
    <p class='ocr_par' dir='ltr' id='par_1_41' title="bbox 122 2564 1723 2643">
     <span class='ocr_line' id='line_1_41' title="bbox 122 2564 1723 2643; baseline 0.006 -28"><span class='ocrx_word' id='word_1_279' title='bbox 122 2580 252 2633; x_wconf 60' lang='grc' dir='ltr'>εμην</span> <span class='ocrx_word' id='word_1_280' title='bbox 276 2565 340 2617; x_wconf 79' lang='grc' dir='ltr'><strong>ἐν</strong></span> <span class='ocrx_word' id='word_1_281' title='bbox 368 2564 599 2636; x_wconf 85' lang='grc' dir='ltr'>ἀπόροις</span> <span class='ocrx_word' id='word_1_282' title='bbox 635 2565 814 2636; x_wconf 81' lang='grc' dir='ltr'>εὑρεῖν</span> <span class='ocrx_word' id='word_1_283' title='bbox 843 2565 1037 2621; x_wconf 80' lang='grc' dir='ltr'>ἱκανοί.</span> <span class='ocrx_word' id='word_1_284' title='bbox 1068 2566 1159 2639; x_wconf 80' lang='grc' dir='ltr'><strong>Μὴ</strong></span> <span class='ocrx_word' id='word_1_285' title='bbox 1188 2564 1280 2621; x_wconf 79' lang='grc' dir='ltr'>οὖν</span> <span class='ocrx_word' id='word_1_286' title='bbox 1308 2570 1723 2643; x_wconf 83' lang='grc' dir='ltr'>κατηγόρειτοῦ</span> 
     </span>
    </p>
   </div>
   <div class='ocr_carea' id='block_1_42' title="bbox 141 2652 1724 2729">
    <p class='ocr_par' dir='ltr' id='par_1_42' title="bbox 141 2652 1724 2729">
     <span class='ocr_line' id='line_1_42' title="bbox 141 2652 1724 2729; baseline 0.005 -22"><span class='ocrx_word' id='word_1_287' title='bbox 141 2652 358 2719; x_wconf 69' lang='grc' dir='ltr'>ὕδατος,</span> <span class='ocrx_word' id='word_1_288' title='bbox 382 2655 462 2720; x_wconf 85' lang='grc' dir='ltr'><strong>ὡς</strong></span> <span class='ocrx_word' id='word_1_289' title='bbox 490 2654 775 2722; x_wconf 82' lang='grc' dir='ltr'>νοσώδους,</span> <span class='ocrx_word' id='word_1_290' title='bbox 798 2656 873 2720; x_wconf 83' lang='grc' dir='ltr'>ὡς</span> <span class='ocrx_word' id='word_1_291' title='bbox 900 2656 1178 2729; x_wconf 78' lang='grc' dir='ltr'>ἐξιτήλους</span> <span class='ocrx_word' id='word_1_292' title='bbox 1214 2658 1309 2712; x_wconf 76' lang='grc' dir='ltr'>καὶ</span> <span class='ocrx_word' id='word_1_293' title='bbox 1330 2659 1577 2726; x_wconf 84' lang='grc' dir='ltr'>ἀσθενεῖς</span> <span class='ocrx_word' id='word_1_294' title='bbox 1598 2662 1724 2727; x_wconf 77' lang='grc' dir='ltr'>τοὺς</span> 
     </span>
    </p>
   </div>
   <div class='ocr_carea' id='block_1_43' title="bbox 139 2746 1724 2824">
    <p class='ocr_par' dir='ltr' id='par_1_43' title="bbox 139 2746 1724 2824">
     <span class='ocr_line' id='line_1_43' title="bbox 139 2746 1724 2824; baseline 0.007 -27"><span class='ocrx_word' id='word_1_295' title='bbox 139 2746 462 2816; x_wconf 80' lang='grc' dir='ltr'>χρωμένους</span> <span class='ocrx_word' id='word_1_296' title='bbox 490 2746 945 2818; x_wconf 78' lang='grc' dir='ltr'>ἐνεργαζομένου·</span> <span class='ocrx_word' id='word_1_297' title='bbox 978 2746 1187 2820; x_wconf 80' lang='grc' dir='ltr'>ἐλέγχει</span> <span class='ocrx_word' id='word_1_298' title='bbox 1224 2749 1334 2823; x_wconf 86' lang='grc' dir='ltr'><strong>γάρ</strong></span> <span class='ocrx_word' id='word_1_299' title='bbox 1378 2768 1472 2805; x_wconf 91' lang='grc' dir='ltr'><strong>σου</strong></span> <span class='ocrx_word' id='word_1_300' title='bbox 1501 2753 1600 2824; x_wconf 78' lang='grc' dir='ltr'>τὴν</span> <span class='ocrx_word' id='word_1_301' title='bbox 1630 2770 1724 2807; x_wconf 90' lang='grc' dir='ltr'>συ-</span> 
     </span>
    </p>
   </div>
   <div class='ocr_carea' id='block_1_44' title="bbox 139 2839 729 2912">
    <p class='ocr_par' dir='ltr' id='par_1_44' title="bbox 139 2839 729 2912">
     <span class='ocr_line' id='line_1_44' title="bbox 139 2839 729 2912; baseline 0.005 -20"><span class='ocrx_word' id='word_1_302' title='bbox 139 2839 442 2899; x_wconf 60' lang='grc' dir='ltr'>κοφαντίαν</span> <span class='ocrx_word' id='word_1_303' title='bbox 476 2840 512 2910; x_wconf 80' lang='grc' dir='ltr'><strong>ή</strong></span> <span class='ocrx_word' id='word_1_304' title='bbox 541 2843 729 2912; x_wconf 83' lang='grc' dir='ltr'>πεῖρα.</span> 
     </span>
    </p>
   </div>
   <div class='ocr_carea' id='block_1_45' title="bbox 1827 1942 3415 2020">
    <p class='ocr_par' dir='ltr' id='par_1_45' title="bbox 1827 1942 3415 2020">
     <span class='ocr_line' id='line_1_45' title="bbox 1827 1942 3415 2020; baseline 0.004 -25"><span class='ocrx_word' id='word_1_305' title='bbox 1827 1950 1915 1996; x_wconf 86' lang='grc' dir='ltr'><strong>ιιιι·</strong></span> <span class='ocrx_word' id='word_1_306' title='bbox 1947 1942 2051 1997; x_wconf 84' lang='lat' dir='ltr'><strong>hoc</strong></span> <span class='ocrx_word' id='word_1_307' title='bbox 2084 1951 2164 1999; x_wconf 89' lang='lat' dir='ltr'><strong>tot</strong></span> <span class='ocrx_word' id='word_1_308' title='bbox 2200 1946 2451 2011; x_wconf 89' lang='lat' dir='ltr'><strong>barbari,</strong></span> <span class='ocrx_word' id='word_1_309' title='bbox 2485 1947 2575 2016; x_wconf 91' lang='lat' dir='ltr'><strong>qui</strong></span> <span class='ocrx_word' id='word_1_310' title='bbox 2624 1963 2799 2019; x_wconf 86' lang='lat' dir='ltr'><strong>neque</strong></span> <span class='ocrx_word' id='word_1_311' title='bbox 2829 1950 2964 2005; x_wconf 87' lang='lat' dir='ltr'><strong>vites</strong></span> <span class='ocrx_word' id='word_1_312' title='bbox 3002 1950 3246 2020; x_wconf 89' lang='lat' dir='ltr'><strong>plantant</strong></span> <span class='ocrx_word' id='word_1_313' title='bbox 3272 1995 3288 2019; x_wconf 89' lang='lat'><strong>,</strong></span> <span class='ocrx_word' id='word_1_314' title='bbox 3320 1967 3415 2008; x_wconf 88' lang='lat' dir='ltr'><strong>ne-.</strong></span> 
     </span>
    </p>
   </div>
   <div class='ocr_carea' id='block_1_46' title="bbox 1825 2034 3407 2114">
    <p class='ocr_par' dir='ltr' id='par_1_46' title="bbox 1825 2034 3407 2114">
     <span class='ocr_line' id='line_1_46' title="bbox 1825 2034 3407 2114; baseline 0.008 -29"><span class='ocrx_word' id='word_1_315' title='bbox 1825 2048 1932 2104; x_wconf 89' lang='lat' dir='ltr'><strong>que</strong></span> <span class='ocrx_word' id='word_1_316' title='bbox 1973 2034 2158 2089; x_wconf 88' lang='lat' dir='ltr'><strong>vinum</strong></span> <span class='ocrx_word' id='word_1_317' title='bbox 2189 2035 2380 2092; x_wconf 87' lang='lat' dir='ltr'><strong>bibunt</strong></span> <span class='ocrx_word' id='word_1_318' title='bbox 2405 2049 2438 2103; x_wconf 83' lang='lat'><strong>,‘</strong></span> <span class='ocrx_word' id='word_1_319' title='bbox 2469 2039 2561 2095; x_wconf 89' lang='lat' dir='ltr'><strong>sed</strong></span> <span class='ocrx_word' id='word_1_320' title='bbox 2587 2055 2809 2109; x_wconf 87' lang='lat' dir='ltr'><strong>aquam,</strong></span> <span class='ocrx_word' id='word_1_321' title='bbox 2853 2058 2972 2114; x_wconf 70' lang='lat' dir='ltr'><strong>qua:</strong></span> <span class='ocrx_word' id='word_1_322' title='bbox 2996 2053 3189 2113; x_wconf 86' lang='lat' dir='ltr'><strong>sponte</strong></span> <span class='ocrx_word' id='word_1_323' title='bbox 3228 2058 3326 2098; x_wconf 87' lang='lat' dir='ltr'><strong>sua</strong></span> <span class='ocrx_word' id='word_1_324' title='bbox 3351 2052 3407 2098; x_wconf 83' lang='lat' dir='ltr'><strong>et</strong></span> 
     </span>
    </p>
   </div>
   <div class='ocr_carea' id='block_1_47' title="bbox 1823 2124 3413 2204">
    <p class='ocr_par' dir='ltr' id='par_1_47' title="bbox 1823 2124 3413 2204">
     <span class='ocr_line' id='line_1_47' title="bbox 1823 2124 3413 2204; baseline 0.007 -25"><span class='ocrx_word' id='word_1_325' title='bbox 1823 2124 2028 2195; x_wconf 82' lang='lat' dir='ltr'><strong>absque</strong></span> <span class='ocrx_word' id='word_1_326' title='bbox 2065 2125 2172 2180; x_wconf 88' lang='lat' dir='ltr'><strong>ulla</strong></span> <span class='ocrx_word' id='word_1_327' title='bbox 2206 2126 2418 2183; x_wconf 90' lang='lat' dir='ltr'><strong>cultura</strong></span> <span class='ocrx_word' id='word_1_328' title='bbox 2462 2131 2727 2198; x_wconf 86' lang='lat' dir='ltr'><strong>nascitur,</strong></span> <span class='ocrx_word' id='word_1_329' title='bbox 2776 2149 2873 2202; x_wconf 87' lang='lat' dir='ltr'><strong>pro</strong></span> <span class='ocrx_word' id='word_1_330' title='bbox 2922 2145 3048 2204; x_wconf 90' lang='lat' dir='ltr'><strong>potu</strong></span> <span class='ocrx_word' id='word_1_331' title='bbox 3086 2135 3307 2190; x_wconf 84' lang='lat' dir='ltr'><strong>habent.</strong></span> <span class='ocrx_word' id='word_1_332' title='bbox 3341 2136 3413 2190; x_wconf 65' lang='lat' dir='ltr'><strong>Et,</strong></span> 
     </span>
    </p>
   </div>
   <div class='ocr_carea' id='block_1_48' title="bbox 1823 2218 3408 2296">
    <p class='ocr_par' dir='ltr' id='par_1_48' title="bbox 1823 2218 3408 2296">
     <span class='ocr_line' id='line_1_48' title="bbox 1823 2218 3408 2296; baseline 0.005 -25"><span class='ocrx_word' id='word_1_333' title='bbox 1823 2222 2002 2271; x_wconf 82' lang='lat' dir='ltr'><strong>tamen</strong></span> <span class='ocrx_word' id='word_1_334' title='bbox 2031 2218 2283 2289; x_wconf 75' lang='lat' dir='ltr'><strong>generosi</strong></span> <span class='ocrx_word' id='word_1_335' title='bbox 2310 2231 2434 2275; x_wconf 91' lang='lat' dir='ltr'><strong>sunt</strong></span> <span class='ocrx_word' id='word_1_336' title='bbox 2455 2261 2472 2288; x_wconf 91' lang='lat'><strong>,</strong></span> <span class='ocrx_word' id='word_1_337' title='bbox 2502 2229 2558 2277; x_wconf 92' lang='lat' dir='ltr'><strong>et</strong></span> <span class='ocrx_word' id='word_1_338' title='bbox 2601 2222 2654 2276; x_wconf 93' lang='lat' dir='ltr'><strong>in</strong></span> <span class='ocrx_word' id='word_1_339' title='bbox 2689 2222 2888 2291; x_wconf 60' lang='lat' dir='ltr'><strong>praeliis</strong></span> <span class='ocrx_word' id='word_1_340' title='bbox 2911 2226 3159 2293; x_wconf 89' lang='lat' dir='ltr'><strong>strenui,</strong></span> <span class='ocrx_word' id='word_1_341' title='bbox 3188 2227 3408 2296; x_wconf 84' lang='lat' dir='ltr'><strong>vinique</strong></span> 
     </span>
    </p>
   </div>
   <div class='ocr_carea' id='block_1_49' title="bbox 1821 2309 3409 2385">
    <p class='ocr_par' dir='ltr' id='par_1_49' title="bbox 1821 2309 3409 2385">
     <span class='ocr_line' id='line_1_49' title="bbox 1821 2309 3409 2385; baseline 0.005 -25"><span class='ocrx_word' id='word_1_342' title='bbox 1821 2315 2041 2376; x_wconf 86' lang='lat' dir='ltr'><strong>potores</strong></span> <span class='ocrx_word' id='word_1_343' title='bbox 2074 2309 2296 2365; x_wconf 88' lang='lat' dir='ltr'><strong>domant</strong></span> <span class='ocrx_word' id='word_1_344' title='bbox 2321 2348 2337 2374; x_wconf 89' lang='lat'><strong>,</strong></span> <span class='ocrx_word' id='word_1_345' title='bbox 2388 2311 2584 2381; x_wconf 89' lang='lat' dir='ltr'><strong>quippe</strong></span> <span class='ocrx_word' id='word_1_346' title='bbox 2626 2311 2793 2367; x_wconf 91' lang='lat' dir='ltr'><strong>sobrii</strong></span> <span class='ocrx_word' id='word_1_347' title='bbox 2821 2314 3024 2369; x_wconf 89' lang='lat' dir='ltr'><strong>ebrios.</strong></span> <span class='ocrx_word' id='word_1_348' title='bbox 3052 2314 3289 2385; x_wconf 87' lang='lat' dir='ltr'><strong>Corpora</strong></span> <span class='ocrx_word' id='word_1_349' title='bbox 3318 2315 3409 2368; x_wconf 76' lang='lat' dir='ltr'><strong>lia-</strong></span> 
     </span>
    </p>
   </div>
   <div class='ocr_carea' id='block_1_50' title="bbox 1823 2396 3402 2481">
    <p class='ocr_par' dir='ltr' id='par_1_50' title="bbox 1823 2396 3402 2481">
     <span class='ocr_line' id='line_1_50' title="bbox 1823 2396 3402 2481; baseline 0.002 -27"><span class='ocrx_word' id='word_1_350' title='bbox 1823 2396 1952 2454; x_wconf 86' lang='lat' dir='ltr'><strong>bent</strong></span> <span class='ocrx_word' id='word_1_351' title='bbox 1992 2400 2151 2471; x_wconf 84' lang='lat' dir='ltr'><strong>agilia</strong></span> <span class='ocrx_word' id='word_1_352' title='bbox 2189 2412 2245 2457; x_wconf 84' lang='lat' dir='ltr'><strong>et</strong></span> <span class='ocrx_word' id='word_1_353' title='bbox 2295 2403 2819 2481; x_wconf 80' lang='lat' dir='ltr'><strong>laborispatientia.</strong></span> <span class='ocrx_word' id='word_1_354' title='bbox 2874 2406 2941 2460; x_wconf 84' lang='lat' dir='ltr'><strong>Et</strong></span> <span class='ocrx_word' id='word_1_355' title='bbox 3004 2406 3137 2461; x_wconf 87' lang='lat' dir='ltr'><strong>tales</strong></span> <span class='ocrx_word' id='word_1_356' title='bbox 3182 2405 3402 2475; x_wconf 87' lang='lat' dir='ltr'><strong>quidem</strong></span> 
     </span>
    </p>
   </div>
   <div class='ocr_carea' id='block_1_51' title="bbox 1823 2490 3412 2569">
    <p class='ocr_par' dir='ltr' id='par_1_51' title="bbox 1823 2490 3412 2569">
     <span class='ocr_line' id='line_1_51' title="bbox 1823 2490 3412 2569; baseline 0.001 -21"><span class='ocrx_word' id='word_1_357' title='bbox 1823 2491 2027 2548; x_wconf 89' lang='lat' dir='ltr'><strong>celeres</strong></span> <span class='ocrx_word' id='word_1_358' title='bbox 2054 2502 2213 2559; x_wconf 87' lang='lat' dir='ltr'><strong>sunt,</strong></span> <span class='ocrx_word' id='word_1_359' title='bbox 2254 2495 2299 2550; x_wconf 90' lang='lat' dir='ltr'><strong>si</strong></span> <span class='ocrx_word' id='word_1_360' title='bbox 2339 2510 2510 2569; x_wconf 89' lang='lat' dir='ltr'><strong>equus</strong></span> <span class='ocrx_word' id='word_1_361' title='bbox 2553 2498 2624 2552; x_wconf 89' lang='lat' dir='ltr'><strong>sit</strong></span> <span class='ocrx_word' id='word_1_362' title='bbox 2659 2497 3071 2569; x_wconf 74' lang='lat' dir='ltr'><strong>ascendendus,</strong></span> <span class='ocrx_word' id='word_1_363' title='bbox 3138 2490 3412 2566; x_wconf 73' lang='lat' dir='ltr'><strong>ingeniosi</strong></span> 
     </span>
    </p>
   </div>
   <div class='ocr_carea' id='block_1_52' title="bbox 1822 2586 3401 2665">
    <p class='ocr_par' dir='ltr' id='par_1_52' title="bbox 1822 2586 3401 2665">
     <span class='ocr_line' id='line_1_52' title="bbox 1822 2586 3401 2665; baseline 0.007 -28"><span class='ocrx_word' id='word_1_364' title='bbox 1822 2598 1954 2639; x_wconf 84' lang='lat' dir='ltr'><strong>vero</strong></span> <span class='ocrx_word' id='word_1_365' title='bbox 1984 2595 2039 2640; x_wconf 93' lang='lat' dir='ltr'><strong>et</strong></span> <span class='ocrx_word' id='word_1_366' title='bbox 2065 2586 2298 2643; x_wconf 87' lang='lat' dir='ltr'><strong>audaces</strong></span> <span class='ocrx_word' id='word_1_367' title='bbox 2329 2597 2385 2645; x_wconf 90' lang='lat' dir='ltr'><strong>et</strong></span> <span class='ocrx_word' id='word_1_368' title='bbox 2405 2590 2471 2643; x_wconf 92' lang='lat' dir='ltr'><strong>ad</strong></span> <span class='ocrx_word' id='word_1_369' title='bbox 2514 2589 2617 2649; x_wconf 90' lang='lat' dir='ltr'><strong>tela</strong></span> <span class='ocrx_word' id='word_1_370' title='bbox 2643 2587 2889 2665; x_wconf 81' lang='lat' dir='ltr'><strong>jacienda</strong></span> <span class='ocrx_word' id='word_1_371' title='bbox 2926 2604 3178 2661; x_wconf 87' lang='lat' dir='ltr'><strong>sagaces;</strong></span> <span class='ocrx_word' id='word_1_372' title='bbox 3221 2588 3401 2649; x_wconf 73' lang='lat' dir='ltr'><strong>securi</strong></span> 
     </span>
    </p>
   </div>
   <div class='ocr_carea' id='block_1_53' title="bbox 1823 2680 3406 2747">
    <p class='ocr_par' dir='ltr' id='par_1_53' title="bbox 1823 2680 3406 2747">
     <span class='ocr_line' id='line_1_53' title="bbox 1823 2680 3406 2747; baseline 0.007 -19"><span class='ocrx_word' id='word_1_373' title='bbox 1823 2690 2041 2747; x_wconf 87' lang='lat' dir='ltr'><strong>quoque</strong></span> <span class='ocrx_word' id='word_1_374' title='bbox 2069 2693 2192 2736; x_wconf 89' lang='lat' dir='ltr'><strong>cum</strong></span> <span class='ocrx_word' id='word_1_375' title='bbox 2225 2694 2321 2734; x_wconf 90' lang='lat' dir='ltr'><strong>sna</strong></span> <span class='ocrx_word' id='word_1_376' title='bbox 2349 2680 2697 2746; x_wconf 78' lang='lat' dir='ltr'><strong>conﬁdentia,</strong></span> <span class='ocrx_word' id='word_1_377' title='bbox 2750 2682 2802 2737; x_wconf 90' lang='lat' dir='ltr'><strong>in</strong></span> <span class='ocrx_word' id='word_1_378' title='bbox 2851 2683 3014 2738; x_wconf 89' lang='lat' dir='ltr'><strong>rebus</strong></span> <span class='ocrx_word' id='word_1_379' title='bbox 3034 2682 3216 2738; x_wconf 88' lang='lat' dir='ltr'><strong>dubiis</strong></span> <span class='ocrx_word' id='word_1_380' title='bbox 3247 2680 3406 2739; x_wconf 83' lang='lat' dir='ltr'><strong>facile</strong></span> 
     </span>
    </p>
   </div>
   <div class='ocr_carea' id='block_1_54' title="bbox 1824 2769 3411 2845">
    <p class='ocr_par' dir='ltr' id='par_1_54' title="bbox 1824 2769 3411 2845">
     <span class='ocr_line' id='line_1_54' title="bbox 1824 2769 3411 2845; baseline 0.006 -23"><span class='ocrx_word' id='word_1_381' title='bbox 1824 2769 1952 2838; x_wconf 86' lang='lat' dir='ltr'><strong>quid</strong></span> <span class='ocrx_word' id='word_1_382' title='bbox 1995 2769 2139 2826; x_wconf 82' lang='lat' dir='ltr'><strong>facto</strong></span> <span class='ocrx_word' id='word_1_383' title='bbox 2177 2771 2250 2825; x_wconf 89' lang='lat' dir='ltr'><strong>sit</strong></span> <span class='ocrx_word' id='word_1_384' title='bbox 2292 2786 2463 2840; x_wconf 88' lang='lat' dir='ltr'><strong>opus,</strong></span> <span class='ocrx_word' id='word_1_385' title='bbox 2494 2773 2796 2830; x_wconf 88' lang='lat' dir='ltr'><strong>inveniunt.</strong></span> <span class='ocrx_word' id='word_1_386' title='bbox 2844 2772 2924 2829; x_wconf 82' lang='lat' dir='ltr'><strong>Ne</strong></span> <span class='ocrx_word' id='word_1_387' title='bbox 2948 2774 3111 2845; x_wconf 86' lang='lat' dir='ltr'><strong>igitur</strong></span> <span class='ocrx_word' id='word_1_388' title='bbox 3133 2775 3411 2845; x_wconf 71' lang='lat' dir='ltr'><strong>vituperes</strong></span> 
     </span>
    </p>
   </div>
   <div class='ocr_carea' id='block_1_55' title="bbox 1823 2863 3415 2935">
    <p class='ocr_par' dir='ltr' id='par_1_55' title="bbox 1823 2863 3415 2935">
     <span class='ocr_line' id='line_1_55' title="bbox 1823 2863 3415 2935; baseline 0.007 -21"><span class='ocrx_word' id='word_1_389' title='bbox 1823 2873 2053 2929; x_wconf 86' lang='lat' dir='ltr'><strong>aquam,</strong></span> <span class='ocrx_word' id='word_1_390' title='bbox 2088 2871 2148 2917; x_wconf 91' lang='lat' dir='ltr'><strong>ut</strong></span> <span class='ocrx_word' id='word_1_391' title='bbox 2179 2863 2490 2916; x_wconf 87' lang='lat' dir='ltr'><strong>morborum</strong></span> <span class='ocrx_word' id='word_1_392' title='bbox 2544 2879 2762 2919; x_wconf 88' lang='lat' dir='ltr'><strong>causam</strong></span> <span class='ocrx_word' id='word_1_393' title='bbox 2789 2904 2805 2930; x_wconf 90' lang='lat'><strong>,</strong></span> <span class='ocrx_word' id='word_1_394' title='bbox 2863 2874 2918 2919; x_wconf 89' lang='lat' dir='ltr'><strong>et</strong></span> <span class='ocrx_word' id='word_1_395' title='bbox 2957 2867 3111 2935; x_wconf 77' lang='lat' dir='ltr'><strong>quasi</strong></span> <span class='ocrx_word' id='word_1_396' title='bbox 3153 2866 3415 2925; x_wconf 78' lang='lat' dir='ltr'><strong>bibentes.</strong></span> 
     </span>
    </p>
   </div>
   <div class='ocr_carea' id='block_1_56' title="bbox 1823 2953 3407 3024">
    <p class='ocr_par' dir='ltr' id='par_1_56' title="bbox 1823 2953 3407 3024">
     <span class='ocr_line' id='line_1_56' title="bbox 1823 2953 3407 3024; baseline 0.004 -17"><span class='ocrx_word' id='word_1_397' title='bbox 1823 2953 2085 3010; x_wconf 89' lang='lat' dir='ltr'><strong>evanidos</strong></span> <span class='ocrx_word' id='word_1_398' title='bbox 2105 2963 2160 3009; x_wconf 91' lang='lat' dir='ltr'><strong>et</strong></span> <span class='ocrx_word' id='word_1_399' title='bbox 2175 2953 2464 3024; x_wconf 87' lang='lat' dir='ltr'><strong>languidos</strong></span> <span class='ocrx_word' id='word_1_400' title='bbox 2483 2955 2688 3011; x_wconf 78' lang='lat' dir='ltr'><strong>efﬁciat</strong></span> <span class='ocrx_word' id='word_1_401' title='bbox 2705 2973 2720 3010; x_wconf 89' lang='lat'><strong>:</strong></span> <span class='ocrx_word' id='word_1_402' title='bbox 2737 2956 3058 3013; x_wconf 82' lang='lat' dir='ltr'><strong>calumniam</strong></span> <span class='ocrx_word' id='word_1_403' title='bbox 3091 2957 3234 3014; x_wconf 90' lang='lat' dir='ltr'><strong>enim</strong></span> <span class='ocrx_word' id='word_1_404' title='bbox 3255 2965 3407 3014; x_wconf 88' lang='lat' dir='ltr'><strong>tuam</strong></span> 
     </span>
    </p>
   </div>
   <div class='ocr_carea' id='block_1_57' title="bbox 1823 3044 2411 3112">
    <p class='ocr_par' dir='ltr' id='par_1_57' title="bbox 1823 3044 2411 3112">
     <span class='ocr_line' id='line_1_57' title="bbox 1823 3044 2411 3112; baseline 0.002 -14"><span class='ocrx_word' id='word_1_405' title='bbox 1823 3044 2158 3112; x_wconf 82' lang='lat' dir='ltr'><strong>experientia</strong></span> <span class='ocrx_word' id='word_1_406' title='bbox 2194 3045 2411 3100; x_wconf 74' lang='lat' dir='ltr'><strong>refellit.</strong></span> 
     </span>
    </p>
   </div>
   <div class='ocr_carea' id='block_1_58' title="bbox 210 3095 1740 3215">
    <p class='ocr_par' dir='ltr' id='par_1_58' title="bbox 210 3111 1719 3190">
     <span class='ocr_line' id='line_1_58' title="bbox 210 3111 1719 3190; baseline 0.005 -20"><span class='ocrx_word' id='word_1_407' title='bbox 210 3113 280 3171; x_wconf 78' lang='grc' dir='ltr'>Τί</span> <span class='ocrx_word' id='word_1_408' title='bbox 307 3113 450 3181; x_wconf 81' lang='grc' dir='ltr'>λέγω</span> <span class='ocrx_word' id='word_1_409' title='bbox 477 3113 607 3186; x_wconf 75' lang='grc' dir='ltr'>περὶ</span> <span class='ocrx_word' id='word_1_410' title='bbox 641 3111 736 3168; x_wconf 79' lang='grc' dir='ltr'><strong>τοῦ</strong></span> <span class='ocrx_word' id='word_1_411' title='bbox 768 3112 948 3182; x_wconf 73' lang='grc' dir='ltr'>οἴνους</span> <span class='ocrx_word' id='word_1_412' title='bbox 980 3115 1265 3172; x_wconf 83' lang='grc' dir='ltr'>Σκύθαιιοὶ</span> <span class='ocrx_word' id='word_1_413' title='bbox 1317 3119 1579 3190; x_wconf 80' lang='grc' dir='ltr'>νομάδες,</span> <span class='ocrx_word' id='word_1_414' title='bbox 1607 3122 1719 3177; x_wconf 79' lang='grc' dir='ltr'>ὅσοι</span> 
     </span>
    </p>
   </div>
   <div class='ocr_carea' id='block_1_59' title="bbox 1827 3095 3417 3215">
    <p class='ocr_par' dir='ltr' id='par_1_59' title="bbox 1832 3095 3417 3210">
     <span class='ocr_line' id='line_1_59' title="bbox 1832 3095 3417 3210; baseline 0.001 -22"><span class='ocrx_word' id='word_1_415' title='bbox 2551 3095 2768 3209; x_wconf 72' lang='lat' dir='ltr'><strong>Scytha:</strong></span> <span class='ocrx_word' id='word_1_416' title='bbox 2795 3139 3054 3195; x_wconf 88' lang='lat' dir='ltr'><strong>nomades</strong></span> <span class='ocrx_word' id='word_1_417' title='bbox 3078 3178 3096 3204; x_wconf 86' lang='lat'><strong>,</strong></span> <span class='ocrx_word' id='word_1_418' title='bbox 3136 3139 3230 3210; x_wconf 87' lang='lat' dir='ltr'><strong>qui</strong></span> <span class='ocrx_word' id='word_1_419' title='bbox 3256 3139 3417 3196; x_wconf 45' lang='lat' dir='ltr'><strong>habia</strong></span> 
     </span>
    </p>
   </div>
   <div class='ocr_carea' id='block_1_60' title="bbox 139 3205 1713 3285">
    <p class='ocr_par' dir='ltr' id='par_1_60' title="bbox 139 3205 1713 3285">
     <span class='ocr_line' id='line_1_60' title="bbox 139 3205 1713 3285; baseline 0.006 -26"><span class='ocrx_word' id='word_1_420' title='bbox 139 3205 495 3281; x_wconf 71' lang='grc' dir='ltr'>προσοικοῦσι</span> <span class='ocrx_word' id='word_1_421' title='bbox 527 3205 619 3261; x_wconf 76' lang='grc' dir='ltr'><strong>τὸν</strong></span> <span class='ocrx_word' id='word_1_422' title='bbox 651 3206 925 3280; x_wconf 84' lang='grc' dir='ltr'>Βόσπορον</span> <span class='ocrx_word' id='word_1_423' title='bbox 944 3248 961 3274; x_wconf 92' lang='grc'><strong>,</strong></span> <span class='ocrx_word' id='word_1_424' title='bbox 988 3211 1082 3263; x_wconf 82' lang='grc' dir='ltr'>καὶ</span> <span class='ocrx_word' id='word_1_425' title='bbox 1115 3210 1229 3264; x_wconf 77' lang='grc' dir='ltr'>ὅσοι</span> <span class='ocrx_word' id='word_1_426' title='bbox 1268 3210 1347 3283; x_wconf 79' lang='grc' dir='ltr'>τῷ</span> <span class='ocrx_word' id='word_1_427' title='bbox 1400 3214 1576 3285; x_wconf 84' lang='grc' dir='ltr'><strong>Ῥήνῳ</strong></span> <span class='ocrx_word' id='word_1_428' title='bbox 1617 3232 1713 3269; x_wconf 70' lang='grc' dir='ltr'>που</span> 
     </span>
    </p>
   </div>
   <div class='ocr_carea' id='block_1_61' title="bbox 135 3297 1710 3371">
    <p class='ocr_par' dir='ltr' id='par_1_61' title="bbox 135 3297 1710 3371">
     <span class='ocr_line' id='line_1_61' title="bbox 135 3297 1710 3371; baseline 0.006 -21"><span class='ocrx_word' id='word_1_429' title='bbox 135 3297 301 3369; x_wconf 70' lang='grc' dir='ltr'>τςμῷ</span> <span class='ocrx_word' id='word_1_430' title='bbox 337 3297 748 3370; x_wconf 73' lang='grc' dir='ltr'>προσκάθηνται</span> <span class='ocrx_word' id='word_1_431' title='bbox 770 3340 787 3365; x_wconf 93' lang='grc'><strong>,</strong></span> <span class='ocrx_word' id='word_1_432' title='bbox 822 3298 998 3361; x_wconf 69' lang='grc' dir='ltr'>ἄοικοι</span> <span class='ocrx_word' id='word_1_433' title='bbox 1041 3300 1143 3371; x_wconf 82' lang='grc' dir='ltr'>μέν</span> <span class='ocrx_word' id='word_1_434' title='bbox 1178 3302 1286 3357; x_wconf 75' lang='lat' dir='ltr'><strong>alat</strong></span> <span class='ocrx_word' id='word_1_435' title='bbox 1324 3304 1419 3357; x_wconf 70' lang='grc' dir='ltr'>καὶ</span> <span class='ocrx_word' id='word_1_436' title='bbox 1457 3305 1710 3360; x_wconf 84' lang='grc' dir='ltr'>ἀνέστιοι.</span> 
     </span>
    </p>
   </div>
   <div class='ocr_carea' id='block_1_62' title="bbox 136 3388 1715 3460">
    <p class='ocr_par' dir='ltr' id='par_1_62' title="bbox 136 3388 1715 3460">
     <span class='ocr_line' id='line_1_62' title="bbox 136 3388 1715 3460; baseline 0.007 -21"><span class='ocrx_word' id='word_1_437' title='bbox 136 3388 415 3460; x_wconf 81' lang='grc' dir='ltr'>Σκηνῆται</span> <span class='ocrx_word' id='word_1_438' title='bbox 455 3388 513 3441; x_wconf 84' lang='grc' dir='ltr'>δὲ</span> <span class='ocrx_word' id='word_1_439' title='bbox 543 3388 748 3459; x_wconf 76' lang='grc' dir='ltr'>βιοῦσιν</span> <span class='ocrx_word' id='word_1_440' title='bbox 795 3392 861 3444; x_wconf 90' lang='grc' dir='ltr'><strong>ἐκ</strong></span> <span class='ocrx_word' id='word_1_441' title='bbox 906 3390 1075 3451; x_wconf 85' lang='grc' dir='ltr'>πίλων</span> <span class='ocrx_word' id='word_1_442' title='bbox 1108 3392 1211 3454; x_wconf 78' lang='grc' dir='ltr'>καὶ.</span> <span class='ocrx_word' id='word_1_443' title='bbox 1234 3392 1443 3448; x_wconf 85' lang='grc' dir='ltr'>κωδίων</span> <span class='ocrx_word' id='word_1_444' title='bbox 1472 3396 1568 3450; x_wconf 67' lang='grc' dir='ltr'><strong>καὶ¹</strong></span> <span class='ocrx_word' id='word_1_445' title='bbox 1607 3398 1715 3450; x_wconf 90' lang='grc' dir='ltr'><strong>τῶν</strong></span> 
     </span>
    </p>
   </div>
   <div class='ocr_carea' id='block_1_63' title="bbox 137 3479 1714 3561">
    <p class='ocr_par' dir='ltr' id='par_1_63' title="bbox 137 3479 1714 3561">
     <span class='ocr_line' id='line_1_63' title="bbox 137 3479 1714 3561; baseline 0.007 -29"><span class='ocrx_word' id='word_1_446' title='bbox 137 3479 555 3552; x_wconf 75' lang='grc' dir='ltr'>προστυχόντων</span> <span class='ocrx_word' id='word_1_447' title='bbox 598 3481 1078 3553; x_wconf 82' lang='grc' dir='ltr'>προκαλυμμάτων</span> <span class='ocrx_word' id='word_1_448' title='bbox 1114 3484 1326 3549; x_wconf 76' lang='grc' dir='ltr'>ἑαυτοῖς</span> <span class='ocrx_word' id='word_1_449' title='bbox 1365 3485 1465 3558; x_wconf 79' lang='grc' dir='ltr'>τὴν</span> <span class='ocrx_word' id='word_1_450' title='bbox 1505 3488 1714 3561; x_wconf 83' lang='grc' dir='ltr'>σκέπην</span> 
     </span>
    </p>
   </div>
   <div class='ocr_carea' id='block_1_64' title="bbox 135 3569 1721 3646">
    <p class='ocr_par' dir='ltr' id='par_1_64' title="bbox 135 3569 1721 3646">
     <span class='ocr_line' id='line_1_64' title="bbox 135 3569 1721 3646; baseline 0.006 -24"><span class='ocrx_word' id='word_1_451' title='bbox 135 3569 497 3642; x_wconf 79' lang='grc' dir='ltr'>πηγνύμενοι.</span> <span class='ocrx_word' id='word_1_452' title='bbox 527 3571 619 3624; x_wconf 85' lang='grc' dir='ltr'><strong>Διὸ</strong></span> <span class='ocrx_word' id='word_1_453' title='bbox 668 3570 761 3625; x_wconf 76' lang='grc' dir='ltr'>καὶ</span> <span class='ocrx_word' id='word_1_454' title='bbox 820 3569 984 3644; x_wconf 80' lang='grc' dir='ltr'>ἄρτον</span> <span class='ocrx_word' id='word_1_455' title='bbox 1035 3573 1097 3625; x_wconf 83' lang='grc' dir='ltr'>οὐ</span> <span class='ocrx_word' id='word_1_456' title='bbox 1144 3574 1578 3646; x_wconf 81' lang='grc' dir='ltr'>προσφέρονται,</span> <span class='ocrx_word' id='word_1_457' title='bbox 1620 3580 1721 3633; x_wconf 69' lang='grc' dir='ltr'>καὶ</span> 
     </span>
    </p>
   </div>
   <div class='ocr_carea' id='block_1_65' title="bbox 136 3659 1714 3742">
    <p class='ocr_par' dir='ltr' id='par_1_65' title="bbox 136 3659 1714 3742">
     <span class='ocr_line' id='line_1_65' title="bbox 136 3659 1714 3742; baseline 0.005 -28"><span class='ocrx_word' id='word_1_458' title='bbox 136 3662 366 3736; x_wconf 75' lang='grc' dir='ltr'>ἄροτρον</span> <span class='ocrx_word' id='word_1_459' title='bbox 393 3661 499 3715; x_wconf 79' lang='grc' dir='ltr'>οὐκ</span> <span class='ocrx_word' id='word_1_460' title='bbox 526 3659 704 3715; x_wconf 76' lang='grc' dir='ltr'>ἴσασιν</span> <span class='ocrx_word' id='word_1_461' title='bbox 720 3677 734 3692; x_wconf 72' lang='grc'><strong><em>⁸</em></strong></span> <span class='ocrx_word' id='word_1_462' title='bbox 759 3659 879 3714; x_wconf 83' lang='grc' dir='ltr'>οὐδὲ</span> <span class='ocrx_word' id='word_1_463' title='bbox 908 3662 1009 3732; x_wconf 88' lang='grc' dir='ltr'><strong>γῆν</strong></span> <span class='ocrx_word' id='word_1_464' title='bbox 1031 3662 1391 3735; x_wconf 72' lang='grc' dir='ltr'>ἀνατέμνουσι</span> <span class='ocrx_word' id='word_1_465' title='bbox 1418 3680 1432 3695; x_wconf 86' lang='grc'><strong>·</strong></span> <span class='ocrx_word' id='word_1_466' title='bbox 1468 3666 1584 3742; x_wconf 87' lang='grc' dir='ltr'><strong>πῶς</strong></span> <span class='ocrx_word' id='word_1_467' title='bbox 1606 3668 1714 3741; x_wconf 82' lang='grc' dir='ltr'>γὰρ</span> 
     </span>
    </p>
   </div>
   <div class='ocr_carea' id='block_1_66' title="bbox 133 3747 1734 3831">
    <p class='ocr_par' dir='ltr' id='par_1_66' title="bbox 133 3747 1734 3831">
     <span class='ocr_line' id='line_1_66' title="bbox 133 3747 1734 3831; baseline 0.006 -28"><span class='ocrx_word' id='word_1_468' title='bbox 133 3752 181 3803; x_wconf 79' lang='grc' dir='ltr'>οἱ</span> <span class='ocrx_word' id='word_1_469' title='bbox 202 3747 303 3803; x_wconf 79' lang='grc' dir='ltr'>τοῦ</span> <span class='ocrx_word' id='word_1_470' title='bbox 331 3748 480 3803; x_wconf 90' lang='grc' dir='ltr'>σίτου</span> <span class='ocrx_word' id='word_1_471' title='bbox 508 3750 604 3804; x_wconf 76' lang='grc' dir='ltr'>καὶ</span> <span class='ocrx_word' id='word_1_472' title='bbox 636 3749 746 3804; x_wconf 88' lang='grc' dir='ltr'><strong>τῶν</strong></span> <span class='ocrx_word' id='word_1_473' title='bbox 776 3752 840 3803; x_wconf 84' lang='grc' dir='ltr'><strong>ἐκ</strong></span> <span class='ocrx_word' id='word_1_474' title='bbox 864 3751 970 3821; x_wconf 85' lang='grc' dir='ltr'><strong>γῆς</strong></span> <span class='ocrx_word' id='word_1_475' title='bbox 999 3754 1328 3825; x_wconf 84' lang='grc' dir='ltr'>σπερμάτων</span> <span class='ocrx_word' id='word_1_476' title='bbox 1355 3756 1431 3826; x_wconf 84' lang='grc' dir='ltr'>μὴ</span> <span class='ocrx_word' id='word_1_477' title='bbox 1466 3756 1734 3831; x_wconf 67' lang='grc' dir='ltr'>μεμαθη-,</span> 
     </span>
    </p>
   </div>
   <div class='ocr_carea' id='block_1_67' title="bbox 135 3842 1712 3916">
    <p class='ocr_par' dir='ltr' id='par_1_67' title="bbox 135 3842 1712 3916">
     <span class='ocr_line' id='line_1_67' title="bbox 135 3842 1712 3916; baseline 0.006 -22"><span class='ocrx_word' id='word_1_478' title='bbox 135 3843 295 3906; x_wconf 79' lang='grc' dir='ltr'>κότες</span> <span class='ocrx_word' id='word_1_479' title='bbox 344 3842 445 3915; x_wconf 80' lang='grc' dir='ltr'>τὴν</span> <span class='ocrx_word' id='word_1_480' title='bbox 477 3842 788 3915; x_wconf 85' lang='grc' dir='ltr'>γεωργίαν;</span> <span class='ocrx_word' id='word_1_481' title='bbox 822 3842 1009 3913; x_wconf 86' lang='grc' dir='ltr'>Ὅμως</span> <span class='ocrx_word' id='word_1_482' title='bbox 1038 3844 1206 3916; x_wconf 78' lang='grc' dir='ltr'>χωρὶς</span> <span class='ocrx_word' id='word_1_483' title='bbox 1239 3846 1404 3916; x_wconf 75' lang='grc' dir='ltr'>ἄρτου</span> <span class='ocrx_word' id='word_1_484' title='bbox 1435 3846 1531 3901; x_wconf 78' lang='grc' dir='ltr'>καὶ</span> <span class='ocrx_word' id='word_1_485' title='bbox 1569 3849 1712 3907; x_wconf 87' lang='grc' dir='ltr'>οίνου</span> 
     </span>
    </p>
   </div>
   <div class='ocr_carea' id='block_1_68' title="bbox 133 3931 1716 4006">
    <p class='ocr_par' dir='ltr' id='par_1_68' title="bbox 133 3931 1716 4006">
     <span class='ocr_line' id='line_1_68' title="bbox 133 3931 1716 4006; baseline 0.003 -20"><span class='ocrx_word' id='word_1_486' title='bbox 133 3931 452 3998; x_wconf 75' lang='grc' dir='ltr'>διαζῶντες,</span> <span class='ocrx_word' id='word_1_487' title='bbox 487 3933 625 3986; x_wconf 75' lang='grc' dir='ltr'>εἰσὶν</span> <span class='ocrx_word' id='word_1_488' title='bbox 661 3932 916 4003; x_wconf 86' lang='grc' dir='ltr'>ἀνδρεῖοι,</span> <span class='ocrx_word' id='word_1_489' title='bbox 957 3932 1052 3986; x_wconf 78' lang='grc' dir='ltr'>καὶ</span> <span class='ocrx_word' id='word_1_490' title='bbox 1076 3932 1217 3997; x_wconf 81' lang='grc' dir='ltr'>ὅλοις</span> <span class='ocrx_word' id='word_1_491' title='bbox 1243 3934 1419 3988; x_wconf 74' lang='grc' dir='ltr'>ἔθνεσι</span> <span class='ocrx_word' id='word_1_492' title='bbox 1454 3937 1590 4006; x_wconf 83' lang='grc' dir='ltr'>πρὸς</span> <span class='ocrx_word' id='word_1_493' title='bbox 1617 3938 1716 3991; x_wconf 86' lang='grc' dir='ltr'>πό-</span> 
     </span>
    </p>
   </div>
   <div class='ocr_carea' id='block_1_69' title="bbox 134 4021 1715 4096">
    <p class='ocr_par' dir='ltr' id='par_1_69' title="bbox 134 4021 1715 4096">
     <span class='ocr_line' id='line_1_69' title="bbox 134 4021 1715 4096; baseline 0.004 -20"><span class='ocrx_word' id='word_1_494' title='bbox 134 4022 298 4095; x_wconf 73' lang='grc' dir='ltr'>λεμον</span> <span class='ocrx_word' id='word_1_495' title='bbox 334 4023 664 4095; x_wconf 82' lang='grc' dir='ltr'>ἀξιόμαχοι,</span> <span class='ocrx_word' id='word_1_496' title='bbox 709 4021 818 4076; x_wconf 89' lang='grc' dir='ltr'><strong>τῶν</strong></span> <span class='ocrx_word' id='word_1_497' title='bbox 854 4040 914 4077; x_wconf 88' lang='grc' dir='ltr'><strong>τε</strong></span> <span class='ocrx_word' id='word_1_498' title='bbox 953 4023 1160 4077; x_wconf 85' lang='grc' dir='ltr'>πολλῶν</span> <span class='ocrx_word' id='word_1_499' title='bbox 1205 4024 1568 4096; x_wconf 80' lang='grc' dir='ltr'>κρατοῦντες·</span> <span class='ocrx_word' id='word_1_500' title='bbox 1619 4028 1715 4090; x_wconf 77' lang='grc' dir='ltr'>καὶ</span> 
     </span>
    </p>
   </div>
   <div class='ocr_carea' id='block_1_70' title="bbox 134 4112 1711 4193">
    <p class='ocr_par' dir='ltr' id='par_1_70' title="bbox 134 4112 1711 4193">
     <span class='ocr_line' id='line_1_70' title="bbox 134 4112 1711 4193; baseline 0.006 -26"><span class='ocrx_word' id='word_1_501' title='bbox 134 4117 284 4179; x_wconf 60' lang='grc' dir='ltr'>οῇδὲν</span> <span class='ocrx_word' id='word_1_502' title='bbox 312 4117 516 4178; x_wconf 76' lang='grc' dir='ltr'>αὐτοὺς</span> <span class='ocrx_word' id='word_1_503' title='bbox 544 4113 779 4185; x_wconf 71' lang='grc' dir='ltr'>ἔϐλαψεν</span> <span class='ocrx_word' id='word_1_504' title='bbox 803 4115 966 4188; x_wconf 79' lang='grc' dir='ltr'>ἄρτος</span> <span class='ocrx_word' id='word_1_505' title='bbox 1009 4116 1104 4174; x_wconf 78' lang='grc' dir='ltr'>καὶ</span> <span class='ocrx_word' id='word_1_506' title='bbox 1132 4112 1275 4181; x_wconf 76' lang='grc' dir='ltr'>οἶνος</span> <span class='ocrx_word' id='word_1_507' title='bbox 1302 4116 1457 4171; x_wconf 81' lang='grc' dir='ltr'>ἀπών</span> <span class='ocrx_word' id='word_1_508' title='bbox 1481 4136 1494 4149; x_wconf 90' lang='grc'><strong>·</strong></span> <span class='ocrx_word' id='word_1_509' title='bbox 1535 4118 1651 4175; x_wconf 83' lang='grc' dir='ltr'>ἀλλ’</span> <span class='ocrx_word' id='word_1_510' title='bbox 1676 4124 1711 4193; x_wconf 83' lang='grc' dir='ltr'>ἡ</span> 
     </span>
    </p>
   </div>
   <div class='ocr_carea' id='block_1_71' title="bbox 136 4206 1627 4287">
    <p class='ocr_par' dir='ltr' id='par_1_71' title="bbox 136 4206 1627 4287">
     <span class='ocr_line' id='line_1_71' title="bbox 136 4206 1627 4287; baseline 0.003 -26"><span class='ocrx_word' id='word_1_511' title='bbox 136 4207 390 4280; x_wconf 79' lang='grc' dir='ltr'>πατρῷος</span> <span class='ocrx_word' id='word_1_512' title='bbox 417 4206 695 4279; x_wconf 83' lang='grc' dir='ltr'>συνήθεια,</span> <span class='ocrx_word' id='word_1_513' title='bbox 730 4206 894 4277; x_wconf 80' lang='grc' dir='ltr'>φύσις</span> <span class='ocrx_word' id='word_1_514' title='bbox 914 4209 1027 4280; x_wconf 83' lang='grc' dir='ltr'>τοῖς</span> <span class='ocrx_word' id='word_1_515' title='bbox 1057 4206 1363 4278; x_wconf 66' lang='grc' dir='ltr'>ἀνθρώποις</span> <span class='ocrx_word' id='word_1_516' title='bbox 1388 4210 1627 4287; x_wconf 68' lang='grc' dir='ltr'>ἐγένετο.</span> 
     </span>
    </p>
   </div>
   <div class='ocr_carea' id='block_1_72' title="bbox 198 4292 1714 4371">
    <p class='ocr_par' dir='ltr' id='par_1_72' title="bbox 198 4292 1714 4371">
     <span class='ocr_line' id='line_1_72' title="bbox 198 4292 1714 4371; baseline 0.002 -19"><span class='ocrx_word' id='word_1_517' title='bbox 198 4297 302 4352; x_wconf 77' lang='grc' dir='ltr'>Διά</span> <span class='ocrx_word' id='word_1_518' title='bbox 345 4298 401 4351; x_wconf 89' lang='grc' dir='ltr'><strong>τί</strong></span> <span class='ocrx_word' id='word_1_519' title='bbox 433 4292 510 4351; x_wconf 78' lang='grc' dir='ltr'><strong>’δὲ</strong></span> <span class='ocrx_word' id='word_1_520' title='bbox 541 4297 730 4351; x_wconf 78' lang='grc' dir='ltr'>τοῦτον</span> <span class='ocrx_word' id='word_1_521' title='bbox 782 4299 812 4352; x_wconf 88' lang='grc' dir='ltr'><strong>ό</strong></span> <span class='ocrx_word' id='word_1_522' title='bbox 857 4297 1013 4367; x_wconf 80' lang='grc' dir='ltr'>λόγος</span> <span class='ocrx_word' id='word_1_523' title='bbox 1046 4300 1533 4371; x_wconf 78' lang='grc' dir='ltr'>ἀπεμνημόνευσεν</span> <span class='ocrx_word' id='word_1_524' title='bbox 1555 4318 1571 4368; x_wconf 86' lang='grc'><strong>;</strong></span> <span class='ocrx_word' id='word_1_525' title='bbox 1596 4303 1714 4357; x_wconf 84' lang='grc' dir='ltr'>Ἵνα</span> 
     </span>
    </p>
   </div>
   <div class='ocr_carea' id='block_1_73' title="bbox 140 4389 1716 4463">
    <p class='ocr_par' dir='ltr' id='par_1_73' title="bbox 140 4389 1716 4463">
     <span class='ocr_line' id='line_1_73' title="bbox 140 4389 1716 4463; baseline 0.005 -20"><span class='ocrx_word' id='word_1_526' title='bbox 140 4390 421 4462; x_wconf 67' lang='grc' dir='ltr'>μᾶοωμεν,</span> <span class='ocrx_word' id='word_1_527' title='bbox 448 4389 527 4454; x_wconf 85' lang='grc' dir='ltr'>ὡς</span> <span class='ocrx_word' id='word_1_528' title='bbox 550 4390 745 4462; x_wconf 87' lang='grc' dir='ltr'>ἀγωγὴ</span> <span class='ocrx_word' id='word_1_529' title='bbox 781 4390 877 4443; x_wconf 69' lang='grc' dir='ltr'>καὶ</span> <span class='ocrx_word' id='word_1_530' title='bbox 905 4390 1140 4462; x_wconf 71' lang='grc' dir='ltr'>ἄσκησις</span> <span class='ocrx_word' id='word_1_531' title='bbox 1178 4391 1315 4463; x_wconf 85' lang='grc' dir='ltr'>πρὸς</span> <span class='ocrx_word' id='word_1_532' title='bbox 1348 4393 1527 4448; x_wconf 84' lang='grc' dir='ltr'>ἐκεῖνο</span> <span class='ocrx_word' id='word_1_533' title='bbox 1551 4399 1716 4451; x_wconf 86' lang='grc' dir='ltr'>τυποῖ</span> 
     </span>
    </p>
   </div>
   <div class='ocr_carea' id='block_1_74' title="bbox 1808 3224 3395 3298">
    <p class='ocr_par' dir='ltr' id='par_1_74' title="bbox 1808 3224 3395 3298">
     <span class='ocr_line' id='line_1_74' title="bbox 1808 3224 3395 3298; baseline 0.006 -21"><span class='ocrx_word' id='word_1_534' title='bbox 1808 3233 1938 3277; x_wconf 13' lang='lat' dir='ltr'><strong>stant</strong></span> <span class='ocrx_word' id='word_1_535' title='bbox 1967 3226 2033 3279; x_wconf 88' lang='lat' dir='ltr'><strong>ad</strong></span> <span class='ocrx_word' id='word_1_536' title='bbox 2062 3224 2393 3293; x_wconf 84' lang='lat' dir='ltr'><strong>Bosphorum</strong></span> <span class='ocrx_word' id='word_1_537' title='bbox 2413 3265 2430 3290; x_wconf 93' lang='lat'><strong>,</strong></span> <span class='ocrx_word' id='word_1_538' title='bbox 2461 3237 2515 3281; x_wconf 92' lang='lat' dir='ltr'><strong>et</strong></span> <span class='ocrx_word' id='word_1_539' title='bbox 2548 3228 2640 3298; x_wconf 88' lang='lat' dir='ltr'><strong>qni</strong></span> <span class='ocrx_word' id='word_1_540' title='bbox 2668 3229 2736 3283; x_wconf 88' lang='lat' dir='ltr'><strong>ad</strong></span> <span class='ocrx_word' id='word_1_541' title='bbox 2773 3228 3052 3296; x_wconf 73' lang='lat' dir='ltr'><strong>Rhenum,</strong></span> <span class='ocrx_word' id='word_1_542' title='bbox 3085 3229 3204 3284; x_wconf 85' lang='lat' dir='ltr'><strong>sine</strong></span> <span class='ocrx_word' id='word_1_543' title='bbox 3230 3230 3395 3288; x_wconf 85' lang='lat' dir='ltr'><strong>domo</strong></span> 
     </span>
    </p>
   </div>
   <div class='ocr_carea' id='block_1_75' title="bbox 1819 3314 3404 3392">
    <p class='ocr_par' dir='ltr' id='par_1_75' title="bbox 1819 3314 3404 3392">
     <span class='ocr_line' id='line_1_75' title="bbox 1819 3314 3404 3392; baseline 0.006 -23"><span class='ocrx_word' id='word_1_544' title='bbox 1819 3324 1873 3369; x_wconf 89' lang='lat' dir='ltr'><strong>et</strong></span> <span class='ocrx_word' id='word_1_545' title='bbox 1916 3314 2030 3370; x_wconf 87' lang='lat' dir='ltr'><strong>lare</strong></span> <span class='ocrx_word' id='word_1_546' title='bbox 2089 3317 2311 3384; x_wconf 81' lang='lat' dir='ltr'><strong>degunt.</strong></span> <span class='ocrx_word' id='word_1_547' title='bbox 2369 3316 2603 3373; x_wconf 65' lang='lat' dir='ltr'><strong>Scenitae</strong></span> <span class='ocrx_word' id='word_1_548' title='bbox 2636 3319 2823 3374; x_wconf 84' lang='lat' dir='ltr'><strong>vivunt</strong></span> <span class='ocrx_word' id='word_1_549' title='bbox 2862 3335 2927 3375; x_wconf 85' lang='lat' dir='ltr'><strong>ex</strong></span> <span class='ocrx_word' id='word_1_550' title='bbox 2961 3320 3083 3389; x_wconf 90' lang='lat' dir='ltr'><strong>pilis</strong></span> <span class='ocrx_word' id='word_1_551' title='bbox 3111 3321 3404 3392; x_wconf 81' lang='lat' dir='ltr'><strong>oviumque</strong></span> 
     </span>
    </p>
   </div>
   <div class='ocr_carea' id='block_1_76' title="bbox 1818 3404 3406 3481">
    <p class='ocr_par' dir='ltr' id='par_1_76' title="bbox 1818 3404 3406 3481">
     <span class='ocr_line' id='line_1_76' title="bbox 1818 3404 3406 3481; baseline 0.006 -22"><span class='ocrx_word' id='word_1_552' title='bbox 1818 3404 2141 3469; x_wconf 75' lang='lat' dir='ltr'><strong>velleribus,</strong></span> <span class='ocrx_word' id='word_1_553' title='bbox 2189 3416 2243 3460; x_wconf 92' lang='lat' dir='ltr'><strong>et</strong></span> <span class='ocrx_word' id='word_1_554' title='bbox 2283 3406 2492 3477; x_wconf 83' lang='lat' dir='ltr'><strong>seipsos</strong></span> <span class='ocrx_word' id='word_1_555' title='bbox 2520 3408 2682 3463; x_wconf 86' lang='lat' dir='ltr'><strong>obvio</strong></span> <span class='ocrx_word' id='word_1_556' title='bbox 2709 3410 2904 3479; x_wconf 82' lang='lat' dir='ltr'><strong>quovis</strong></span> <span class='ocrx_word' id='word_1_557' title='bbox 2930 3420 3243 3481; x_wconf 80' lang='lat' dir='ltr'><strong>tegnmento</strong></span> <span class='ocrx_word' id='word_1_558' title='bbox 3281 3424 3406 3480; x_wconf 64' lang='grc' dir='ltr'><strong>ουδ’</strong></span> 
     </span>
    </p>
   </div>
   <div class='ocr_carea' id='block_1_77' title="bbox 1819 3501 3409 3567">
    <p class='ocr_par' dir='ltr' id='par_1_77' title="bbox 1819 3501 3409 3567">
     <span class='ocr_line' id='line_1_77' title="bbox 1819 3501 3409 3567; baseline 0.004 -15"><span class='ocrx_word' id='word_1_559' title='bbox 1819 3501 1999 3565; x_wconf 85' lang='lat' dir='ltr'><strong>riunt;</strong></span> <span class='ocrx_word' id='word_1_560' title='bbox 2050 3512 2224 3567; x_wconf 83' lang='lat' dir='ltr'><strong>neque</strong></span> <span class='ocrx_word' id='word_1_561' title='bbox 2270 3513 2411 3567; x_wconf 87' lang='lat' dir='ltr'><strong>pane</strong></span> <span class='ocrx_word' id='word_1_562' title='bbox 2454 3508 2847 3566; x_wconf 83' lang='lat' dir='ltr'><strong>sustentantur,</strong></span> <span class='ocrx_word' id='word_1_563' title='bbox 2891 3516 2993 3558; x_wconf 78' lang='lat' dir='ltr'><strong>nec</strong></span> <span class='ocrx_word' id='word_1_564' title='bbox 3026 3513 3266 3558; x_wconf 86' lang='lat' dir='ltr'><strong>aratrum</strong></span> <span class='ocrx_word' id='word_1_565' title='bbox 3302 3518 3409 3559; x_wconf 84' lang='lat' dir='ltr'><strong>no-.</strong></span> 
     </span>
    </p>
   </div>
   <div class='ocr_carea' id='block_1_78' title="bbox 1820 3592 3403 3663">
    <p class='ocr_par' dir='ltr' id='par_1_78' title="bbox 1820 3592 3403 3663">
     <span class='ocr_line' id='line_1_78' title="bbox 1820 3592 3403 3663; baseline 0.005 -19"><span class='ocrx_word' id='word_1_566' title='bbox 1820 3598 1983 3656; x_wconf 86' lang='lat' dir='ltr'><strong>runt,</strong></span> <span class='ocrx_word' id='word_1_567' title='bbox 2029 3603 2207 3660; x_wconf 83' lang='lat' dir='ltr'><strong>neque</strong></span> <span class='ocrx_word' id='word_1_568' title='bbox 2259 3599 2462 3646; x_wconf 87' lang='lat' dir='ltr'><strong>terram</strong></span> <span class='ocrx_word' id='word_1_569' title='bbox 2507 3592 2905 3662; x_wconf 88' lang='lat' dir='ltr'><strong>proscindunt:</strong></span> <span class='ocrx_word' id='word_1_570' title='bbox 2937 3597 3207 3663; x_wconf 89' lang='lat' dir='ltr'><strong>quomodo</strong></span> <span class='ocrx_word' id='word_1_571' title='bbox 3256 3597 3403 3652; x_wconf 82' lang='lat' dir='ltr'><strong>enim</strong></span> 
     </span>
    </p>
   </div>
   <div class='ocr_carea' id='block_1_79' title="bbox 1820 3680 3403 3751">
    <p class='ocr_par' dir='ltr' id='par_1_79' title="bbox 1820 3680 3403 3751">
     <span class='ocr_line' id='line_1_79' title="bbox 1820 3680 3403 3751; baseline 0.003 -15"><span class='ocrx_word' id='word_1_572' title='bbox 1820 3680 1911 3746; x_wconf 88' lang='lat' dir='ltr'><strong>bi,</strong></span> <span class='ocrx_word' id='word_1_573' title='bbox 1952 3682 2147 3751; x_wconf 88' lang='lat' dir='ltr'><strong>quibus</strong></span> <span class='ocrx_word' id='word_1_574' title='bbox 2179 3683 2436 3738; x_wconf 84' lang='lat' dir='ltr'><strong>frumenti</strong></span> <span class='ocrx_word' id='word_1_575' title='bbox 2484 3694 2538 3739; x_wconf 86' lang='lat' dir='ltr'><strong>et</strong></span> <span class='ocrx_word' id='word_1_576' title='bbox 2582 3684 2811 3739; x_wconf 87' lang='lat' dir='ltr'><strong>aliorum</strong></span> <span class='ocrx_word' id='word_1_577' title='bbox 2853 3700 2921 3741; x_wconf 82' lang='lat' dir='ltr'><strong>ex</strong></span> <span class='ocrx_word' id='word_1_578' title='bbox 2960 3695 3101 3742; x_wconf 87' lang='lat' dir='ltr'><strong>terra</strong></span> <span class='ocrx_word' id='word_1_579' title='bbox 3131 3686 3403 3742; x_wconf 77' lang='lat' dir='ltr'><strong>seminum</strong></span> 
     </span>
    </p>
   </div>
   <div class='ocr_carea' id='block_1_80' title="bbox 1821 3772 3402 3845">
    <p class='ocr_par' dir='ltr' id='par_1_80' title="bbox 1821 3772 3402 3845">
     <span class='ocr_line' id='line_1_80' title="bbox 1821 3772 3402 3845; baseline 0.003 -19"><span class='ocrx_word' id='word_1_580' title='bbox 1821 3788 1949 3827; x_wconf 89' lang='lat' dir='ltr'><strong>usus</strong></span> <span class='ocrx_word' id='word_1_581' title='bbox 1971 3772 2146 3828; x_wconf 90' lang='lat' dir='ltr'><strong>nullus</strong></span> <span class='ocrx_word' id='word_1_582' title='bbox 2172 3781 2278 3841; x_wconf 89' lang='lat' dir='ltr'><strong>est,</strong></span> <span class='ocrx_word' id='word_1_583' title='bbox 2299 3784 2354 3828; x_wconf 88' lang='lat' dir='ltr'><strong>et</strong></span> <span class='ocrx_word' id='word_1_584' title='bbox 2380 3774 2470 3844; x_wconf 91' lang='lat' dir='ltr'><strong>qni</strong></span> <span class='ocrx_word' id='word_1_585' title='bbox 2494 3774 2883 3845; x_wconf 80' lang='lat' dir='ltr'><strong>agriculturam</strong></span> <span class='ocrx_word' id='word_1_586' title='bbox 2907 3791 3013 3833; x_wconf 87' lang='lat' dir='ltr'><strong>non</strong></span> <span class='ocrx_word' id='word_1_587' title='bbox 3053 3776 3402 3832; x_wconf 76' lang='lat' dir='ltr'><strong>didicerunt?-</strong></span> 
     </span>
    </p>
   </div>
   <div class='ocr_carea' id='block_1_81' title="bbox 1821 3862 3409 3937">
    <p class='ocr_par' dir='ltr' id='par_1_81' title="bbox 1821 3862 3409 3937">
     <span class='ocr_line' id='line_1_81' title="bbox 1821 3862 3409 3937; baseline 0.003 -20"><span class='ocrx_word' id='word_1_588' title='bbox 1821 3862 2004 3919; x_wconf 82' lang='lat' dir='ltr'><strong>Vitam</strong></span> <span class='ocrx_word' id='word_1_589' title='bbox 2029 3865 2234 3934; x_wconf 83' lang='lat' dir='ltr'><strong>absque</strong></span> <span class='ocrx_word' id='word_1_590' title='bbox 2272 3880 2412 3934; x_wconf 85' lang='lat' dir='ltr'><strong>pane</strong></span> <span class='ocrx_word' id='word_1_591' title='bbox 2453 3875 2509 3920; x_wconf 91' lang='lat' dir='ltr'><strong>et</strong></span> <span class='ocrx_word' id='word_1_592' title='bbox 2546 3866 2675 3922; x_wconf 89' lang='lat' dir='ltr'><strong>vino</strong></span> <span class='ocrx_word' id='word_1_593' title='bbox 2700 3867 3005 3937; x_wconf 84' lang='lat' dir='ltr'><strong>agitantes,</strong></span> <span class='ocrx_word' id='word_1_594' title='bbox 3055 3867 3409 3924; x_wconf 84' lang='lat' dir='ltr'><strong>nihilominus</strong></span> 
     </span>
    </p>
   </div>
   <div class='ocr_carea' id='block_1_82' title="bbox 1818 3954 3395 4032">
    <p class='ocr_par' dir='ltr' id='par_1_82' title="bbox 1818 3954 3395 4032">
     <span class='ocr_line' id='line_1_82' title="bbox 1818 3954 3395 4032; baseline 0.003 -23"><span class='ocrx_word' id='word_1_595' title='bbox 1818 3954 2004 4011; x_wconf 78' lang='lat' dir='ltr'><strong>viriles</strong></span> <span class='ocrx_word' id='word_1_596' title='bbox 2024 3967 2152 4011; x_wconf 84' lang='lat' dir='ltr'><strong>sunt</strong></span> <span class='ocrx_word' id='word_1_597' title='bbox 2173 3998 2188 4022; x_wconf 89' lang='lat'><strong>,</strong></span> <span class='ocrx_word' id='word_1_598' title='bbox 2213 3967 2269 4012; x_wconf 92' lang='lat' dir='ltr'><strong>et</strong></span> <span class='ocrx_word' id='word_1_599' title='bbox 2287 3956 2355 4011; x_wconf 91' lang='lat' dir='ltr'><strong>ad</strong></span> <span class='ocrx_word' id='word_1_600' title='bbox 2387 3957 2585 4013; x_wconf 85' lang='lat' dir='ltr'><strong>bellum</strong></span> <span class='ocrx_word' id='word_1_601' title='bbox 2616 3958 2845 4031; x_wconf 82' lang='lat' dir='ltr'><strong>integris</strong></span> <span class='ocrx_word' id='word_1_602' title='bbox 2870 3962 3121 4032; x_wconf 84' lang='lat' dir='ltr'><strong>gentibus</strong></span> <span class='ocrx_word' id='word_1_603' title='bbox 3159 3959 3395 4017; x_wconf 84' lang='lat' dir='ltr'><strong>inferen-</strong></span> 
     </span>
    </p>
   </div>
   <div class='ocr_carea' id='block_1_83' title="bbox 1820 4036 3410 4124">
    <p class='ocr_par' dir='ltr' id='par_1_83' title="bbox 1820 4036 3410 4124">
     <span class='ocr_line' id='line_1_83' title="bbox 1820 4036 3410 4124; baseline 0.001 -22"><span class='ocrx_word' id='word_1_604' title='bbox 1820 4047 1946 4103; x_wconf 90' lang='lat' dir='ltr'><strong>dum</strong></span> <span class='ocrx_word' id='word_1_605' title='bbox 1979 4052 2217 4120; x_wconf 84' lang='lat' dir='ltr'><strong>expediti</strong></span> <span class='ocrx_word' id='word_1_606' title='bbox 2244 4094 2259 4118; x_wconf 91' lang='lat'><strong>,</strong></span> <span class='ocrx_word' id='word_1_607' title='bbox 2291 4050 2596 4121; x_wconf 84' lang='lat' dir='ltr'><strong>multosque</strong></span> <span class='ocrx_word' id='word_1_608' title='bbox 2633 4036 2738 4108; x_wconf 85' lang='lat' dir='ltr'><strong>sibi</strong></span> <span class='ocrx_word' id='word_1_609' title='bbox 2765 4054 3096 4124; x_wconf 78' lang='lat' dir='ltr'><strong>subjugant;</strong></span> <span class='ocrx_word' id='word_1_610' title='bbox 3124 4068 3224 4109; x_wconf 90' lang='lat' dir='ltr'><strong>nec</strong></span> <span class='ocrx_word' id='word_1_611' title='bbox 3251 4055 3410 4123; x_wconf 83' lang='lat' dir='ltr'><strong>quid-.</strong></span> 
     </span>
    </p>
   </div>
   <div class='ocr_carea' id='block_1_84' title="bbox 1820 4140 3402 4215">
    <p class='ocr_par' dir='ltr' id='par_1_84' title="bbox 1820 4140 3402 4215">
     <span class='ocr_line' id='line_1_84' title="bbox 1820 4140 3402 4215; baseline 0.006 -23"><span class='ocrx_word' id='word_1_612' title='bbox 1820 4153 1983 4208; x_wconf 91' lang='lat' dir='ltr'><strong>quam</strong></span> <span class='ocrx_word' id='word_1_613' title='bbox 2011 4140 2314 4195; x_wconf 84' lang='lat' dir='ltr'><strong>detrimenti</strong></span> <span class='ocrx_word' id='word_1_614' title='bbox 2363 4142 2469 4198; x_wconf 87' lang='lat' dir='ltr'><strong>illis</strong></span> <span class='ocrx_word' id='word_1_615' title='bbox 2513 4143 2669 4211; x_wconf 91' lang='lat' dir='ltr'><strong>panis</strong></span> <span class='ocrx_word' id='word_1_616' title='bbox 2697 4154 2751 4199; x_wconf 91' lang='lat' dir='ltr'><strong>et</strong></span> <span class='ocrx_word' id='word_1_617' title='bbox 2783 4144 2893 4199; x_wconf 87' lang='lat' dir='ltr'><strong>vini</strong></span> <span class='ocrx_word' id='word_1_618' title='bbox 2938 4146 3183 4201; x_wconf 85' lang='lat' dir='ltr'><strong>absentia</strong></span> <span class='ocrx_word' id='word_1_619' title='bbox 3237 4146 3402 4215; x_wconf 88' lang='lat' dir='ltr'><strong>parit.</strong></span> 
     </span>
    </p>
   </div>
   <div class='ocr_carea' id='block_1_85' title="bbox 1822 4231 3403 4300">
    <p class='ocr_par' dir='ltr' id='par_1_85' title="bbox 1822 4231 3403 4300">
     <span class='ocr_line' id='line_1_85' title="bbox 1822 4231 3403 4300; baseline 0.005 -14"><span class='ocrx_word' id='word_1_620' title='bbox 1822 4231 1927 4286; x_wconf 88' lang='lat' dir='ltr'><strong>Sed</strong></span> <span class='ocrx_word' id='word_1_621' title='bbox 1945 4232 2113 4300; x_wconf 89' lang='lat' dir='ltr'><strong>patria</strong></span> <span class='ocrx_word' id='word_1_622' title='bbox 2133 4235 2467 4290; x_wconf 89' lang='lat' dir='ltr'><strong>consuetudo</strong></span> <span class='ocrx_word' id='word_1_623' title='bbox 2482 4236 2569 4290; x_wconf 85' lang='lat' dir='ltr'><strong>bis</strong></span> <span class='ocrx_word' id='word_1_624' title='bbox 2585 4236 2892 4293; x_wconf 85' lang='lat' dir='ltr'><strong>hominibus</strong></span> <span class='ocrx_word' id='word_1_625' title='bbox 2910 4237 2963 4292; x_wconf 86' lang='lat' dir='ltr'><strong>in</strong></span> <span class='ocrx_word' id='word_1_626' title='bbox 2979 4249 3228 4293; x_wconf 87' lang='lat' dir='ltr'><strong>naturam</strong></span> <span class='ocrx_word' id='word_1_627' title='bbox 3245 4238 3403 4294; x_wconf 84' lang='lat' dir='ltr'><strong>abiit.</strong></span> 
     </span>
    </p>
   </div>
   <div class='ocr_carea' id='block_1_86' title="bbox 1891 4320 3401 4395">
    <p class='ocr_par' dir='ltr' id='par_1_86' title="bbox 1891 4320 3401 4395">
     <span class='ocr_line' id='line_1_86' title="bbox 1891 4320 3401 4395; baseline 0.005 -18"><span class='ocrx_word' id='word_1_628' title='bbox 1891 4320 2056 4390; x_wconf 87' lang='lat' dir='ltr'><strong>Cujus</strong></span> <span class='ocrx_word' id='word_1_629' title='bbox 2103 4323 2181 4377; x_wconf 90' lang='lat' dir='ltr'><strong>rei</strong></span> <span class='ocrx_word' id='word_1_630' title='bbox 2228 4327 2400 4395; x_wconf 89' lang='lat' dir='ltr'><strong>gratia</strong></span> <span class='ocrx_word' id='word_1_631' title='bbox 2449 4326 2640 4380; x_wconf 88' lang='lat' dir='ltr'><strong>horum</strong></span> <span class='ocrx_word' id='word_1_632' title='bbox 2679 4329 2941 4383; x_wconf 77' lang='lat' dir='ltr'><strong>memini?</strong></span> <span class='ocrx_word' id='word_1_633' title='bbox 2987 4328 3055 4385; x_wconf 87' lang='lat' dir='ltr'><strong>Ut</strong></span> <span class='ocrx_word' id='word_1_634' title='bbox 3100 4330 3401 4394; x_wconf 80' lang='lat' dir='ltr'><strong>discamus,</strong></span> 
     </span>
    </p>
   </div>
   <div class='ocr_carea' id='block_1_87' title="bbox 1822 4412 3400 4488">
    <p class='ocr_par' dir='ltr' id='par_1_87' title="bbox 1822 4412 3400 4488">
     <span class='ocr_line' id='line_1_87' title="bbox 1822 4412 3400 4488; baseline 0.004 -22"><span class='ocrx_word' id='word_1_635' title='bbox 1822 4412 2198 4468; x_wconf 85' lang='lat' dir='ltr'><strong>educationem</strong></span> <span class='ocrx_word' id='word_1_636' title='bbox 2250 4425 2307 4470; x_wconf 89' lang='lat' dir='ltr'><strong>et</strong></span> <span class='ocrx_word' id='word_1_637' title='bbox 2345 4416 2790 4488; x_wconf 83' lang='lat' dir='ltr'><strong>exercitationem</strong></span> <span class='ocrx_word' id='word_1_638' title='bbox 2844 4418 3083 4475; x_wconf 80' lang='lat' dir='ltr'><strong>formare</strong></span> <span class='ocrx_word' id='word_1_639' title='bbox 3123 4420 3400 4474; x_wconf 81' lang='lat' dir='ltr'><strong>hominem</strong></span> 
     </span>
    </p>
   </div>
   <div class='ocr_carea' id='block_1_88' title="bbox 135 4481 1740 4580">
    <p class='ocr_par' dir='ltr' id='par_1_88' title="bbox 135 4481 1714 4558">
     <span class='ocr_line' id='line_1_88' title="bbox 135 4481 1714 4558; baseline 0.004 -23"><span class='ocrx_word' id='word_1_640' title='bbox 135 4484 221 4536; x_wconf 70' lang='grc' dir='ltr'><strong>τὸν</strong></span> <span class='ocrx_word' id='word_1_641' title='bbox 259 4483 571 4555; x_wconf 71' lang='grc' dir='ltr'>ἄνθρωπον,</span> <span class='ocrx_word' id='word_1_642' title='bbox 607 4481 742 4554; x_wconf 84' lang='grc' dir='ltr'>πρὸς</span> <span class='ocrx_word' id='word_1_643' title='bbox 767 4482 906 4555; x_wconf 83' lang='grc' dir='ltr'>ὅπερ</span> <span class='ocrx_word' id='word_1_644' title='bbox 944 4482 1012 4537; x_wconf 81' lang='grc' dir='ltr'>ἂν</span> <span class='ocrx_word' id='word_1_645' title='bbox 1046 4481 1395 4555; x_wconf 85' lang='grc' dir='ltr'>βουληθῶμεν</span> <span class='ocrx_word' id='word_1_646' title='bbox 1432 4485 1526 4539; x_wconf 75' lang='grc' dir='ltr'><strong>καὶ</strong></span> <span class='ocrx_word' id='word_1_647' title='bbox 1557 4486 1714 4558; x_wconf 88' lang='grc' dir='ltr'>μελε-</span> 
     </span>
    </p>
   </div>
   <div class='ocr_carea' id='block_1_89' title="bbox 1827 4481 3398 4580">
    <p class='ocr_par' dir='ltr' id='par_1_89' title="bbox 1828 4482 3398 4580">
     <span class='ocr_line' id='line_1_89' title="bbox 1828 4482 3398 4580; baseline 0.003 -21"><span class='ocrx_word' id='word_1_648' title='bbox 1828 4505 1895 4559; x_wconf 89' lang='lat' dir='ltr'><strong>ad</strong></span> <span class='ocrx_word' id='word_1_649' title='bbox 1927 4504 2054 4559; x_wconf 86' lang='lat' dir='ltr'><strong>illud</strong></span> <span class='ocrx_word' id='word_1_650' title='bbox 2083 4507 2224 4575; x_wconf 90' lang='lat' dir='ltr'><strong>quod</strong></span> <span class='ocrx_word' id='word_1_651' title='bbox 2270 4482 2536 4573; x_wconf 80' lang='lat' dir='ltr'><strong>volumus,</strong></span> <span class='ocrx_word' id='word_1_652' title='bbox 2579 4520 2635 4564; x_wconf 83' lang='lat' dir='ltr'><strong>et</strong></span> <span class='ocrx_word' id='word_1_653' title='bbox 2682 4511 2736 4564; x_wconf 85' lang='lat' dir='ltr'><strong>in</strong></span> <span class='ocrx_word' id='word_1_654' title='bbox 2768 4525 2878 4580; x_wconf 89' lang='lat' dir='ltr'><strong>quo</strong></span> <span class='ocrx_word' id='word_1_655' title='bbox 2924 4525 3026 4565; x_wconf 85' lang='lat' dir='ltr'><strong>nos</strong></span> <span class='ocrx_word' id='word_1_656' title='bbox 3056 4524 3398 4565; x_wconf 76' lang='lat' dir='ltr'><strong>exercemus.</strong></span> 
     </span>
    </p>
   </div>
   <div class='ocr_carea' id='block_1_90' title="bbox 135 4574 1722 4651">
    <p class='ocr_par' dir='ltr' id='par_1_90' title="bbox 135 4574 1722 4651">
     <span class='ocr_line' id='line_1_90' title="bbox 135 4574 1722 4651; baseline 0.001 -21"><span class='ocrx_word' id='word_1_657' title='bbox 135 4577 408 4648; x_wconf 72' lang='grc' dir='ltr'>τητωμεν.</span> <span class='ocrx_word' id='word_1_658' title='bbox 454 4574 677 4628; x_wconf 84' lang='grc' dir='ltr'>Ἔθισον</span> <span class='ocrx_word' id='word_1_659' title='bbox 721 4574 917 4629; x_wconf 87' lang='grc' dir='ltr'>σαυτὸν</span> <span class='ocrx_word' id='word_1_660' title='bbox 954 4574 1091 4647; x_wconf 83' lang='grc' dir='ltr'>πρὸς</span> <span class='ocrx_word' id='word_1_661' title='bbox 1132 4575 1481 4647; x_wconf 85' lang='grc' dir='ltr'>ἐγκράτειαν,</span> <span class='ocrx_word' id='word_1_662' title='bbox 1510 4578 1604 4632; x_wconf 67' lang='grc' dir='ltr'><strong>καὶ¹</strong></span> <span class='ocrx_word' id='word_1_663' title='bbox 1643 4579 1722 4651; x_wconf 87' lang='grc' dir='ltr'><strong>τῷ</strong></span> 
     </span>
    </p>
   </div>
   <div class='ocr_carea' id='block_1_91' title="bbox 136 4665 1725 4741">
    <p class='ocr_par' dir='ltr' id='par_1_91' title="bbox 136 4665 1725 4741">
     <span class='ocr_line' id='line_1_91' title="bbox 136 4665 1725 4741; baseline 0.001 -18"><span class='ocrx_word' id='word_1_664' title='bbox 136 4671 303 4741; x_wconf 78' lang='grc' dir='ltr'>χρόνῳ</span> <span class='ocrx_word' id='word_1_665' title='bbox 326 4669 623 4738; x_wconf 80' lang='grc' dir='ltr'>γενήσεται</span> <span class='ocrx_word' id='word_1_666' title='bbox 656 4666 969 4738; x_wconf 79' lang='grc' dir='ltr'>ἀνεπαχθὴς</span> <span class='ocrx_word' id='word_1_667' title='bbox 1006 4665 1270 4731; x_wconf 84' lang='grc' dir='ltr'>σύνοικος.</span> <span class='ocrx_word' id='word_1_668' title='bbox 1295 4669 1392 4721; x_wconf 79' lang='grc' dir='ltr'>Ἂν</span> <span class='ocrx_word' id='word_1_669' title='bbox 1417 4668 1474 4722; x_wconf 87' lang='grc' dir='ltr'><strong>δέ</strong></span> <span class='ocrx_word' id='word_1_670' title='bbox 1503 4671 1725 4726; x_wconf 79' lang='grc' dir='ltr'>τούναν-</span> 
     </span>
    </p>
   </div>
   <div class='ocr_carea' id='block_1_92' title="bbox 135 4754 1724 4839">
    <p class='ocr_par' dir='ltr' id='par_1_92' title="bbox 135 4754 1724 4839">
     <span class='ocr_line' id='line_1_92' title="bbox 135 4754 1724 4839; baseline 0.001 -28"><span class='ocrx_word' id='word_1_671' title='bbox 135 4758 260 4823; x_wconf 77' lang='grc' dir='ltr'>τίον,</span> <span class='ocrx_word' id='word_1_672' title='bbox 293 4758 395 4820; x_wconf 83' lang='grc' dir='ltr'><strong>τάς</strong></span> <span class='ocrx_word' id='word_1_673' title='bbox 432 4755 766 4820; x_wconf 84' lang='grc' dir='ltr'>ἀπολαύσεις</span> <span class='ocrx_word' id='word_1_674' title='bbox 799 4755 893 4809; x_wconf 74' lang='grc' dir='ltr'>καὶ</span> <span class='ocrx_word' id='word_1_675' title='bbox 930 4754 1030 4819; x_wconf 81' lang='grc' dir='ltr'><strong>τὰς</strong></span> <span class='ocrx_word' id='word_1_676' title='bbox 1070 4755 1304 4827; x_wconf 83' lang='grc' dir='ltr'>εὐωχίας</span> <span class='ocrx_word' id='word_1_677' title='bbox 1345 4756 1476 4837; x_wconf 71' lang='grc' dir='ltr'><strong>ἔχῃς</strong></span> <span class='ocrx_word' id='word_1_678' title='bbox 1504 4761 1724 4839; x_wconf 79' lang='grc' dir='ltr'>συντρό-</span> 
     </span>
    </p>
   </div>
   <div class='ocr_carea' id='block_1_93' title="bbox 137 4849 1727 4922">
    <p class='ocr_par' dir='ltr' id='par_1_93' title="bbox 137 4849 1727 4922">
     <span class='ocr_line' id='line_1_93' title="bbox 137 4849 1727 4922; baseline 0.004 -21"><span class='ocrx_word' id='word_1_679' title='bbox 137 4869 257 4920; x_wconf 70' lang='grc' dir='ltr'>φους</span> <span class='ocrx_word' id='word_1_680' title='bbox 279 4854 379 4906; x_wconf 76' lang='grc' dir='ltr'>καὶ</span> <span class='ocrx_word' id='word_1_681' title='bbox 413 4852 622 4920; x_wconf 77' lang='grc' dir='ltr'>φίλους,</span> <span class='ocrx_word' id='word_1_682' title='bbox 658 4849 912 4903; x_wconf 83' lang='grc' dir='ltr'>οὐδέποτε</span> <span class='ocrx_word' id='word_1_683' title='bbox 946 4849 1201 4922; x_wconf 86' lang='grc' dir='ltr'>νηστείαν</span> <span class='ocrx_word' id='word_1_684' title='bbox 1236 4851 1560 4922; x_wconf 61' lang='grc' dir='ltr'>ἀγαπήσεις</span> <span class='ocrx_word' id='word_1_685' title='bbox 1589 4853 1727 4920; x_wconf 84' lang='grc' dir='ltr'><strong>ἀλλά</strong></span> 
     </span>
    </p>
   </div>
   <div class='ocr_carea' id='block_1_94' title="bbox 139 4941 1724 5016">
    <p class='ocr_par' dir='ltr' id='par_1_94' title="bbox 139 4941 1724 5016">
     <span class='ocr_line' id='line_1_94' title="bbox 139 4941 1724 5016; baseline 0.003 -18"><span class='ocrx_word' id='word_1_686' title='bbox 139 4960 213 5007; x_wconf 74' lang='grc' dir='ltr'><strong>σοι</strong></span> <span class='ocrx_word' id='word_1_687' title='bbox 254 4947 508 5015; x_wconf 77' lang='grc' dir='ltr'>φανεῖται</span> <span class='ocrx_word' id='word_1_688' title='bbox 555 4943 770 5015; x_wconf 82' lang='grc' dir='ltr'>βαρεῖα,</span> <span class='ocrx_word' id='word_1_689' title='bbox 812 4942 888 5007; x_wconf 83' lang='grc' dir='ltr'>ὡς</span> <span class='ocrx_word' id='word_1_690' title='bbox 938 4941 1062 5014; x_wconf 80' lang='grc' dir='ltr'>ξένη</span> <span class='ocrx_word' id='word_1_691' title='bbox 1112 4942 1208 4997; x_wconf 61' lang='grc' dir='ltr'><strong>καλ⁸</strong></span> <span class='ocrx_word' id='word_1_692' title='bbox 1257 4944 1553 5016; x_wconf 79' lang='grc' dir='ltr'>ἀσυνήθης.</span> <span class='ocrx_word' id='word_1_693' title='bbox 1598 4947 1724 5012; x_wconf 88' lang='grc' dir='ltr'>Βίος</span> 
     </span>
    </p>
   </div>
   <div class='ocr_carea' id='block_1_95' title="bbox 139 5033 1718 5112">
    <p class='ocr_par' dir='ltr' id='par_1_95' title="bbox 139 5033 1718 5112">
     <span class='ocr_line' id='line_1_95' title="bbox 139 5033 1718 5112; baseline 0.004 -25"><span class='ocrx_word' id='word_1_694' title='bbox 139 5036 403 5112; x_wconf 63' lang='grc' dir='ltr'>ἐγκρατὴς</span> <span class='ocrx_word' id='word_1_695' title='bbox 433 5035 736 5112; x_wconf 87' lang='grc' dir='ltr'>μελλούσης</span> <span class='ocrx_word' id='word_1_696' title='bbox 760 5035 855 5089; x_wconf 76' lang='grc' dir='ltr'>καὶ</span> <span class='ocrx_word' id='word_1_697' title='bbox 878 5034 1154 5106; x_wconf 74' lang='grc' dir='ltr'>ἀφθάρτου</span> <span class='ocrx_word' id='word_1_698' title='bbox 1179 5033 1324 5107; x_wconf 77' lang='grc' dir='ltr'>ζωῆς</span> <span class='ocrx_word' id='word_1_699' title='bbox 1356 5038 1504 5090; x_wconf 85' lang='grc' dir='ltr'>ἐστιν</span> <span class='ocrx_word' id='word_1_700' title='bbox 1530 5037 1718 5095; x_wconf 78' lang='grc' dir='ltr'>εἰκών.</span> 
     </span>
    </p>
   </div>
   <div class='ocr_carea' id='block_1_96' title="bbox 152 5110 1723 5201">
    <p class='ocr_par' dir='ltr' id='par_1_96' title="bbox 152 5110 1723 5201">
     <span class='ocr_line' id='line_1_96' title="bbox 152 5110 1723 5201; baseline 0.002 -20"><span class='ocrx_word' id='word_1_701' title='bbox 152 5124 231 5192; x_wconf 74' lang='grc' dir='ltr'>ὀς</span> <span class='ocrx_word' id='word_1_702' title='bbox 259 5110 375 5198; x_wconf 75' lang='grc' dir='ltr'><strong>γάρ</strong></span> <span class='ocrx_word' id='word_1_703' title='bbox 398 5110 545 5191; x_wconf 85' lang='grc' dir='ltr'>τότε,</span> <span class='ocrx_word' id='word_1_704' title='bbox 582 5124 684 5198; x_wconf 75' lang='grc' dir='ltr'>τὴν</span> <span class='ocrx_word' id='word_1_705' title='bbox 716 5125 938 5198; x_wconf 78' lang='grc' dir='ltr'>ἐμπαθῆ</span> <span class='ocrx_word' id='word_1_706' title='bbox 959 5127 1138 5199; x_wconf 85' lang='grc' dir='ltr'>σάρκα</span> <span class='ocrx_word' id='word_1_707' title='bbox 1161 5127 1363 5197; x_wconf 86' lang='grc' dir='ltr'>ταύτην</span> <span class='ocrx_word' id='word_1_708' title='bbox 1378 5128 1723 5201; x_wconf 83' lang='grc' dir='ltr'>ἀποδυσάμε-</span> 
     </span>
    </p>
   </div>
   <div class='ocr_carea' id='block_1_97' title="bbox 140 5217 1720 5296">
    <p class='ocr_par' dir='ltr' id='par_1_97' title="bbox 140 5217 1720 5296">
     <span class='ocr_line' id='line_1_97' title="bbox 140 5217 1720 5296; baseline 0.005 -27"><span class='ocrx_word' id='word_1_709' title='bbox 140 5235 211 5269; x_wconf 81' lang='grc' dir='ltr'><strong>νοι</strong></span> <span class='ocrx_word' id='word_1_710' title='bbox 256 5217 540 5288; x_wconf 85' lang='grc' dir='ltr'>ἐλεύθεροι</span> <span class='ocrx_word' id='word_1_711' title='bbox 579 5217 856 5289; x_wconf 80' lang='grc' dir='ltr'>διάξομεν,</span> <span class='ocrx_word' id='word_1_712' title='bbox 904 5218 1166 5289; x_wconf 77' lang='grc' dir='ltr'>οὐδεμίαν</span> <span class='ocrx_word' id='word_1_713' title='bbox 1206 5219 1429 5293; x_wconf 67' lang='grc' dir='ltr'>ἐχοντες</span> <span class='ocrx_word' id='word_1_714' title='bbox 1476 5222 1720 5296; x_wconf 85' lang='grc' dir='ltr'>ἀνάγκην</span> 
     </span>
    </p>
   </div>
   <div class='ocr_carea' id='block_1_98' title="bbox 141 5311 1719 5389">
    <p class='ocr_par' dir='ltr' id='par_1_98' title="bbox 141 5311 1719 5389">
     <span class='ocr_line' id='line_1_98' title="bbox 141 5311 1719 5389; baseline 0.004 -26"><span class='ocrx_word' id='word_1_715' title='bbox 141 5312 331 5383; x_wconf 74' lang='grc' dir='ltr'>γαστρὶ</span> <span class='ocrx_word' id='word_1_716' title='bbox 364 5311 725 5389; x_wconf 81' lang='grc' dir='ltr'>λειτουργεῖν,</span> <span class='ocrx_word' id='word_1_717' title='bbox 759 5311 856 5365; x_wconf 76' lang='grc' dir='ltr'>καὶ</span> <span class='ocrx_word' id='word_1_718' title='bbox 882 5314 996 5375; x_wconf 91' lang='grc' dir='ltr'>τοῖς</span> <span class='ocrx_word' id='word_1_719' title='bbox 1028 5311 1210 5376; x_wconf 82' lang='grc' dir='ltr'>ἄλλοις</span> <span class='ocrx_word' id='word_1_720' title='bbox 1237 5311 1506 5367; x_wconf 86' lang='grc' dir='ltr'>δουλεύειν</span> <span class='ocrx_word' id='word_1_721' title='bbox 1551 5314 1719 5369; x_wconf 87' lang='grc' dir='ltr'>πάθε-</span> 
     </span>
    </p>
   </div>
   <div class='ocr_carea' id='block_1_99' title="bbox 145 5401 1718 5479">
    <p class='ocr_par' dir='ltr' id='par_1_99' title="bbox 145 5401 1718 5479">
     <span class='ocr_line' id='line_1_99' title="bbox 145 5401 1718 5479; baseline 0.006 -26"><span class='ocrx_word' id='word_1_722' title='bbox 145 5417 247 5461; x_wconf 60' lang='lat' dir='ltr'><strong>cur</strong></span> <span class='ocrx_word' id='word_1_723' title='bbox 278 5402 451 5467; x_wconf 71' lang='grc' dir='ltr'>οὕτως</span> <span class='ocrx_word' id='word_1_724' title='bbox 480 5403 577 5459; x_wconf 71' lang='grc' dir='ltr'><strong>καὶ</strong></span> <span class='ocrx_word' id='word_1_725' title='bbox 598 5401 697 5460; x_wconf 69' lang='grc' dir='ltr'>νῦν</span> <span class='ocrx_word' id='word_1_726' title='bbox 727 5402 793 5456; x_wconf 84' lang='grc' dir='ltr'>ἂν</span> <span class='ocrx_word' id='word_1_727' title='bbox 815 5402 914 5476; x_wconf 82' lang='grc' dir='ltr'>τὴν</span> <span class='ocrx_word' id='word_1_728' title='bbox 943 5403 1143 5474; x_wconf 84' lang='grc' dir='ltr'>πολλὴν</span> <span class='ocrx_word' id='word_1_729' title='bbox 1172 5402 1439 5475; x_wconf 86' lang='grc' dir='ltr'>ἀνάγκην,</span> <span class='ocrx_word' id='word_1_730' title='bbox 1473 5405 1567 5460; x_wconf 77' lang='grc' dir='ltr'><strong>καὶ</strong></span> <span class='ocrx_word' id='word_1_731' title='bbox 1585 5405 1718 5479; x_wconf 78' lang='grc' dir='ltr'>ὓλην</span> 
     </span>
    </p>
   </div>
   <div class='ocr_carea' id='block_1_100' title="bbox 143 5492 1718 5569">
    <p class='ocr_par' dir='ltr' id='par_1_100' title="bbox 143 5492 1718 5569">
     <span class='ocr_line' id='line_1_100' title="bbox 143 5492 1718 5569; baseline 0.005 -26"><span class='ocrx_word' id='word_1_732' title='bbox 143 5492 308 5547; x_wconf 73' lang='grc' dir='ltr'>αὐτῶν</span> <span class='ocrx_word' id='word_1_733' title='bbox 326 5493 716 5566; x_wconf 81' lang='grc' dir='ltr'>ἀποϐάλωμεν,</span> <span class='ocrx_word' id='word_1_734' title='bbox 728 5494 895 5565; x_wconf 75' lang='grc' dir='ltr'>ἐγγὺς</span> <span class='ocrx_word' id='word_1_735' title='bbox 918 5495 1017 5566; x_wconf 88' lang='grc' dir='ltr'><strong>τῆς</strong></span> <span class='ocrx_word' id='word_1_736' title='bbox 1036 5494 1490 5568; x_wconf 85' lang='grc' dir='ltr'>προσδοκωμένης</span> <span class='ocrx_word' id='word_1_737' title='bbox 1506 5496 1718 5569; x_wconf 84' lang='grc' dir='ltr'>ἀφθαρ-</span> 
     </span>
    </p>
   </div>
   <div class='ocr_carea' id='block_1_101' title="bbox 104 5584 1717 5697">
    <p class='ocr_par' dir='ltr' id='par_1_101' title="bbox 104 5584 1717 5697">
     <span class='ocr_line' id='line_1_101' title="bbox 104 5584 1717 5697; baseline 0.007 -62"><span class='ocrx_word' id='word_1_738' title='bbox 104 5584 253 5697; x_wconf 56' lang='lat' dir='ltr'><strong>lain;</strong></span> <span class='ocrx_word' id='word_1_739' title='bbox 300 5584 562 5657; x_wconf 75' lang='grc' dir='ltr'>ἐσόμεθα.</span> <span class='ocrx_word' id='word_1_740' title='bbox 606 5585 718 5640; x_wconf 77' lang='grc' dir='ltr'><strong>Καὶ</strong></span> <span class='ocrx_word' id='word_1_741' title='bbox 762 5587 1042 5660; x_wconf 88' lang='grc' dir='ltr'>συντόμως</span> <span class='ocrx_word' id='word_1_742' title='bbox 1088 5589 1282 5656; x_wconf 75' lang='grc' dir='ltr'>εἰπεῖν,</span> <span class='ocrx_word' id='word_1_743' title='bbox 1320 5588 1580 5667; x_wconf 70' lang='grc' dir='ltr'>φύγωμεν</span> <span class='ocrx_word' id='word_1_744' title='bbox 1618 5591 1717 5673; x_wconf 79' lang='grc' dir='ltr'>τὴν</span> 
     </span>
    </p>
   </div>
   <div class='ocr_carea' id='block_1_102' title="bbox 216 5763 670 5834">
    <p class='ocr_par' dir='ltr' id='par_1_102' title="bbox 216 5763 670 5834">
     <span class='ocr_line' id='line_1_102' title="bbox 216 5763 670 5834; baseline 0.011 -16"><span class='ocrx_word' id='word_1_745' title='bbox 216 5764 259 5811; x_wconf 61' lang='grc' dir='ltr'><strong>ει</strong></span> <span class='ocrx_word' id='word_1_746' title='bbox 287 5763 433 5832; x_wconf 72' lang='lat' dir='ltr'><strong>Psal.</strong></span> <span class='ocrx_word' id='word_1_747' title='bbox 460 5780 588 5834; x_wconf 70' lang='lat' dir='ltr'><strong>cu,</strong></span> <span class='ocrx_word' id='word_1_748' title='bbox 620 5768 670 5823; x_wconf 83' lang='grc' dir='ltr'>ι.</span> 
     </span>
    </p>
   </div>
   <div class='ocr_carea' id='block_1_103' title="bbox 1823 4596 3401 4671">
    <p class='ocr_par' dir='ltr' id='par_1_103' title="bbox 1823 4596 3401 4671">
     <span class='ocr_line' id='line_1_103' title="bbox 1823 4596 3401 4671; baseline 0.003 -20"><span class='ocrx_word' id='word_1_749' title='bbox 1823 4596 2083 4653; x_wconf 68' lang='grc' dir='ltr'>Δεειιείιιιο</span> <span class='ocrx_word' id='word_1_750' title='bbox 2114 4608 2166 4653; x_wconf 87' lang='lat' dir='ltr'><strong>te</strong></span> <span class='ocrx_word' id='word_1_751' title='bbox 2202 4599 2270 4653; x_wconf 86' lang='lat' dir='ltr'><strong>ad</strong></span> <span class='ocrx_word' id='word_1_752' title='bbox 2307 4600 2738 4668; x_wconf 86' lang='lat' dir='ltr'><strong>temperantiam,</strong></span> <span class='ocrx_word' id='word_1_753' title='bbox 2771 4611 2829 4655; x_wconf 90' lang='lat' dir='ltr'><strong>et</strong></span> <span class='ocrx_word' id='word_1_754' title='bbox 2854 4616 2977 4655; x_wconf 89' lang='lat' dir='ltr'><strong>cum</strong></span> <span class='ocrx_word' id='word_1_755' title='bbox 3013 4611 3254 4671; x_wconf 74' lang='lat' dir='ltr'><strong>tempore</strong></span> <span class='ocrx_word' id='word_1_756' title='bbox 3280 4602 3401 4657; x_wconf 78' lang='lat' dir='ltr'><strong>sine</strong></span> 
     </span>
    </p>
   </div>
   <div class='ocr_carea' id='block_1_104' title="bbox 1823 4686 3396 4759">
    <p class='ocr_par' dir='ltr' id='par_1_104' title="bbox 1823 4686 3396 4759">
     <span class='ocr_line' id='line_1_104' title="bbox 1823 4686 3396 4759; baseline 0.003 -18"><span class='ocrx_word' id='word_1_757' title='bbox 1823 4686 2066 4743; x_wconf 87' lang='lat' dir='ltr'><strong>molestia</strong></span> <span class='ocrx_word' id='word_1_758' title='bbox 2098 4698 2275 4743; x_wconf 87' lang='lat' dir='ltr'><strong>tecum</strong></span> <span class='ocrx_word' id='word_1_759' title='bbox 2317 4690 2763 4746; x_wconf 89' lang='lat' dir='ltr'><strong>commorabitur.</strong></span> <span class='ocrx_word' id='word_1_760' title='bbox 2797 4691 2841 4746; x_wconf 88' lang='lat' dir='ltr'><strong>E</strong></span> <span class='ocrx_word' id='word_1_761' title='bbox 2873 4691 3166 4759; x_wconf 85' lang='lat' dir='ltr'><strong>contrario,</strong></span> <span class='ocrx_word' id='word_1_762' title='bbox 3200 4691 3247 4746; x_wconf 88' lang='lat' dir='ltr'><strong>si</strong></span> <span class='ocrx_word' id='word_1_763' title='bbox 3294 4704 3396 4746; x_wconf 78' lang='lat' dir='ltr'><strong>vo-</strong></span> 
     </span>
    </p>
   </div>
   <div class='ocr_carea' id='block_1_105' title="bbox 1822 4776 3397 4855">
    <p class='ocr_par' dir='ltr' id='par_1_105' title="bbox 1822 4776 3397 4855">
     <span class='ocr_line' id='line_1_105' title="bbox 1822 4776 3397 4855; baseline 0.004 -24"><span class='ocrx_word' id='word_1_764' title='bbox 1822 4776 2059 4844; x_wconf 88' lang='lat' dir='ltr'><strong>luptates</strong></span> <span class='ocrx_word' id='word_1_765' title='bbox 2087 4786 2142 4832; x_wconf 87' lang='lat' dir='ltr'><strong>et</strong></span> <span class='ocrx_word' id='word_1_766' title='bbox 2175 4779 2602 4834; x_wconf 86' lang='lat' dir='ltr'><strong>comessationes</strong></span> <span class='ocrx_word' id='word_1_767' title='bbox 2630 4796 2805 4855; x_wconf 46' lang='lat' dir='ltr'><strong>anteﬁ</strong></span> <span class='ocrx_word' id='word_1_768' title='bbox 2832 4796 3107 4851; x_wconf 88' lang='lat' dir='ltr'><strong>nunquam</strong></span> <span class='ocrx_word' id='word_1_769' title='bbox 3133 4780 3397 4852; x_wconf 82' lang='lat' dir='ltr'><strong>jejunium</strong></span> 
     </span>
    </p>
   </div>
   <div class='ocr_carea' id='block_1_106' title="bbox 1822 4867 3402 4942">
    <p class='ocr_par' dir='ltr' id='par_1_106' title="bbox 1822 4867 3402 4942">
     <span class='ocr_line' id='line_1_106' title="bbox 1822 4867 3402 4942; baseline 0.003 -20"><span class='ocrx_word' id='word_1_770' title='bbox 1822 4867 2045 4937; x_wconf 84' lang='lat' dir='ltr'><strong>diliges;</strong></span> <span class='ocrx_word' id='word_1_771' title='bbox 2080 4869 2176 4924; x_wconf 89' lang='lat' dir='ltr'><strong>sed</strong></span> <span class='ocrx_word' id='word_1_772' title='bbox 2209 4870 2564 4939; x_wconf 85' lang='lat' dir='ltr'><strong>temperantia</strong></span> <span class='ocrx_word' id='word_1_773' title='bbox 2601 4872 2877 4941; x_wconf 83' lang='lat' dir='ltr'><strong>apparebit</strong></span> <span class='ocrx_word' id='word_1_774' title='bbox 2915 4872 3008 4926; x_wconf 90' lang='lat' dir='ltr'><strong>tibi</strong></span> <span class='ocrx_word' id='word_1_775' title='bbox 3038 4873 3252 4942; x_wconf 85' lang='lat' dir='ltr'><strong>gravis,</strong></span> <span class='ocrx_word' id='word_1_776' title='bbox 3283 4880 3402 4927; x_wconf 82' lang='lat' dir='ltr'><strong>tan-</strong></span> 
     </span>
    </p>
   </div>
   <div class='ocr_carea' id='block_1_107' title="bbox 1822 4961 3404 5031">
    <p class='ocr_par' dir='ltr' id='par_1_107' title="bbox 1822 4961 3404 5031">
     <span class='ocr_line' id='line_1_107' title="bbox 1822 4961 3404 5031; baseline 0.004 -19"><span class='ocrx_word' id='word_1_777' title='bbox 1822 4972 1983 5027; x_wconf 89' lang='lat' dir='ltr'><strong>quam</strong></span> <span class='ocrx_word' id='word_1_778' title='bbox 2023 4961 2306 5029; x_wconf 87' lang='lat' dir='ltr'><strong>peregrina</strong></span> <span class='ocrx_word' id='word_1_779' title='bbox 2341 4973 2396 5015; x_wconf 91' lang='lat' dir='ltr'><strong>et</strong></span> <span class='ocrx_word' id='word_1_780' title='bbox 2427 4961 2658 5017; x_wconf 87' lang='lat' dir='ltr'><strong>insueta.</strong></span> <span class='ocrx_word' id='word_1_781' title='bbox 2698 4961 2818 5017; x_wconf 82' lang='lat' dir='ltr'><strong>Vita</strong></span> <span class='ocrx_word' id='word_1_782' title='bbox 2852 4973 3157 5031; x_wconf 85' lang='lat' dir='ltr'><strong>temperans</strong></span> <span class='ocrx_word' id='word_1_783' title='bbox 3204 4964 3404 5018; x_wconf 68' lang='lat' dir='ltr'><strong>futurae</strong></span> 
     </span>
    </p>
   </div>
   <div class='ocr_carea' id='block_1_108' title="bbox 1818 5052 3400 5125">
    <p class='ocr_par' dir='ltr' id='par_1_108' title="bbox 1818 5052 3400 5125">
     <span class='ocr_line' id='line_1_108' title="bbox 1818 5052 3400 5125; baseline 0.003 -21"><span class='ocrx_word' id='word_1_784' title='bbox 1818 5059 1873 5104; x_wconf 90' lang='lat' dir='ltr'><strong>et</strong></span> <span class='ocrx_word' id='word_1_785' title='bbox 1900 5052 2264 5121; x_wconf 87' lang='lat' dir='ltr'><strong>corruptionis</strong></span> <span class='ocrx_word' id='word_1_786' title='bbox 2290 5054 2485 5108; x_wconf 82' lang='lat' dir='ltr'><strong>nesciae</strong></span> <span class='ocrx_word' id='word_1_787' title='bbox 2516 5056 2638 5110; x_wconf 73' lang='lat' dir='ltr'><strong>vita:</strong></span> <span class='ocrx_word' id='word_1_788' title='bbox 2677 5054 3024 5110; x_wconf 86' lang='lat' dir='ltr'><strong>simulacrum</strong></span> <span class='ocrx_word' id='word_1_789' title='bbox 3050 5065 3133 5110; x_wconf 84' lang='lat' dir='ltr'><strong>est</strong></span> <span class='ocrx_word' id='word_1_790' title='bbox 3158 5072 3175 5110; x_wconf 92' lang='lat'><strong>:</strong></span> <span class='ocrx_word' id='word_1_791' title='bbox 3205 5070 3400 5125; x_wconf 79' lang='lat' dir='ltr'><strong>quem-</strong></span> 
     </span>
    </p>
   </div>
   <div class='ocr_carea' id='block_1_109' title="bbox 1817 5141 3459 5215">
    <p class='ocr_par' dir='ltr' id='par_1_109' title="bbox 1817 5141 3459 5215">
     <span class='ocr_line' id='line_1_109' title="bbox 1817 5141 3459 5215; baseline 0.004 -23"><span class='ocrx_word' id='word_1_792' title='bbox 1817 5141 2110 5195; x_wconf 86' lang='lat' dir='ltr'><strong>admodum</strong></span> <span class='ocrx_word' id='word_1_793' title='bbox 2154 5142 2299 5195; x_wconf 89' lang='lat' dir='ltr'><strong>enim</strong></span> <span class='ocrx_word' id='word_1_794' title='bbox 2363 5150 2488 5196; x_wconf 87' lang='lat' dir='ltr'><strong>tunc</strong></span> <span class='ocrx_word' id='word_1_795' title='bbox 2544 5142 2881 5212; x_wconf 86' lang='lat' dir='ltr'><strong>corruptibili</strong></span> <span class='ocrx_word' id='word_1_796' title='bbox 2958 5158 3126 5200; x_wconf 89' lang='lat' dir='ltr'><strong>carne</strong></span> <span class='ocrx_word' id='word_1_797' title='bbox 3194 5155 3397 5208; x_wconf 83' lang='lat' dir='ltr'><strong>exuta,</strong></span> <span class='ocrx_word' id='word_1_798' title='bbox 3444 5196 3459 5215; x_wconf 59' lang='grc'><em>,</em></span> 
     </span>
    </p>
   </div>
   <div class='ocr_carea' id='block_1_110' title="bbox 1817 5232 3398 5303">
    <p class='ocr_par' dir='ltr' id='par_1_110' title="bbox 1817 5232 3398 5303">
     <span class='ocr_line' id='line_1_110' title="bbox 1817 5232 3398 5303; baseline 0.003 -17"><span class='ocrx_word' id='word_1_799' title='bbox 1817 5232 1971 5288; x_wconf 88' lang='lat' dir='ltr'><strong>liberi</strong></span> <span class='ocrx_word' id='word_1_800' title='bbox 2001 5233 2266 5301; x_wconf 81' lang='lat' dir='ltr'><strong>vivemus,</strong></span> <span class='ocrx_word' id='word_1_801' title='bbox 2312 5233 2455 5289; x_wconf 84' lang='lat' dir='ltr'><strong>nulla</strong></span> <span class='ocrx_word' id='word_1_802' title='bbox 2504 5237 2833 5291; x_wconf 38' lang='lat' dir='ltr'><strong>necessitate.</strong></span> <span class='ocrx_word' id='word_1_803' title='bbox 2863 5236 3100 5303; x_wconf 85' lang='lat' dir='ltr'><strong>astricti,</strong></span> <span class='ocrx_word' id='word_1_804' title='bbox 3133 5247 3192 5291; x_wconf 93' lang='lat' dir='ltr'><strong>ut</strong></span> <span class='ocrx_word' id='word_1_805' title='bbox 3224 5236 3398 5292; x_wconf 88' lang='lat' dir='ltr'><strong>ventri</strong></span> 
     </span>
    </p>
   </div>
   <div class='ocr_carea' id='block_1_111' title="bbox 1820 5322 3401 5391">
    <p class='ocr_par' dir='ltr' id='par_1_111' title="bbox 1820 5322 3401 5391">
     <span class='ocr_line' id='line_1_111' title="bbox 1820 5322 3401 5391; baseline 0.002 -12"><span class='ocrx_word' id='word_1_806' title='bbox 1820 5333 1877 5379; x_wconf 89' lang='lat' dir='ltr'><strong>et</strong></span> <span class='ocrx_word' id='word_1_807' title='bbox 1903 5323 2025 5378; x_wconf 87' lang='lat' dir='ltr'><strong>aliis</strong></span> <span class='ocrx_word' id='word_1_808' title='bbox 2057 5322 2436 5381; x_wconf 78' lang='lat' dir='ltr'><strong>all‘ectionibus</strong></span> <span class='ocrx_word' id='word_1_809' title='bbox 2478 5327 2806 5391; x_wconf 84' lang='lat' dir='ltr'><strong>serviamus,</strong></span> <span class='ocrx_word' id='word_1_810' title='bbox 2848 5329 2924 5383; x_wconf 90' lang='lat' dir='ltr'><strong>ita</strong></span> <span class='ocrx_word' id='word_1_811' title='bbox 2973 5337 3029 5383; x_wconf 90' lang='lat' dir='ltr'><strong>et</strong></span> <span class='ocrx_word' id='word_1_812' title='bbox 3074 5342 3218 5382; x_wconf 91' lang='lat' dir='ltr'><strong>nunc</strong></span> <span class='ocrx_word' id='word_1_813' title='bbox 3253 5327 3300 5381; x_wconf 82' lang='lat' dir='ltr'><strong>si</strong></span> <span class='ocrx_word' id='word_1_814' title='bbox 3330 5340 3401 5382; x_wconf 77' lang='lat' dir='ltr'><strong>ex</strong></span> 
     </span>
    </p>
   </div>
   <div class='ocr_carea' id='block_1_112' title="bbox 1823 5416 3401 5486">
    <p class='ocr_par' dir='ltr' id='par_1_112' title="bbox 1823 5416 3401 5486">
     <span class='ocr_line' id='line_1_112' title="bbox 1823 5416 3401 5486; baseline 0 -16"><span class='ocrx_word' id='word_1_815' title='bbox 1823 5417 2132 5471; x_wconf 87' lang='lat' dir='ltr'><strong>necessaria</strong></span> <span class='ocrx_word' id='word_1_816' title='bbox 2163 5416 2265 5470; x_wconf 91' lang='lat' dir='ltr'><strong>ista</strong></span> <span class='ocrx_word' id='word_1_817' title='bbox 2294 5419 2578 5486; x_wconf 84' lang='lat' dir='ltr'><strong>servitute,</strong></span> <span class='ocrx_word' id='word_1_818' title='bbox 2607 5430 2662 5475; x_wconf 92' lang='lat' dir='ltr'><strong>et</strong></span> <span class='ocrx_word' id='word_1_819' title='bbox 2691 5434 2759 5475; x_wconf 81' lang='lat' dir='ltr'><strong>ex</strong></span> <span class='ocrx_word' id='word_1_820' title='bbox 2789 5419 3029 5476; x_wconf 66' lang='lat' dir='ltr'><strong>materia:</strong></span> <span class='ocrx_word' id='word_1_821' title='bbox 3049 5416 3401 5474; x_wconf 87' lang='lat' dir='ltr'><strong>concretione</strong></span> 
     </span>
    </p>
   </div>
   <div class='ocr_carea' id='block_1_113' title="bbox 1821 5506 3402 5583">
    <p class='ocr_par' dir='ltr' id='par_1_113' title="bbox 1821 5506 3402 5583">
     <span class='ocr_line' id='line_1_113' title="bbox 1821 5506 3402 5583; baseline 0.002 -22"><span class='ocrx_word' id='word_1_822' title='bbox 1821 5520 1921 5562; x_wconf 82' lang='lat' dir='ltr'><strong>nos</strong></span> <span class='ocrx_word' id='word_1_823' title='bbox 1954 5506 2199 5562; x_wconf 87' lang='lat' dir='ltr'><strong>nonnihil</strong></span> <span class='ocrx_word' id='word_1_824' title='bbox 2227 5509 2684 5580; x_wconf 84' lang='lat' dir='ltr'><strong>expediverimus,</strong></span> <span class='ocrx_word' id='word_1_825' title='bbox 2732 5527 2897 5583; x_wconf 85' lang='lat' dir='ltr'><strong>prope</strong></span> <span class='ocrx_word' id='word_1_826' title='bbox 2919 5510 2987 5566; x_wconf 88' lang='lat' dir='ltr'><strong>ad</strong></span> <span class='ocrx_word' id='word_1_827' title='bbox 3027 5518 3402 5579; x_wconf 78' lang='lat' dir='ltr'><strong>exspectatam</strong></span> 
     </span>
    </p>
   </div>
   <div class='ocr_carea' id='block_1_114' title="bbox 1820 5599 3406 5680">
    <p class='ocr_par' dir='ltr' id='par_1_114' title="bbox 1820 5599 3406 5680">
     <span class='ocr_line' id='line_1_114' title="bbox 1820 5599 3406 5680; baseline 0.003 -24"><span class='ocrx_word' id='word_1_828' title='bbox 1820 5599 2283 5673; x_wconf 85' lang='lat' dir='ltr'><strong>incorruptionem</strong></span> <span class='ocrx_word' id='word_1_829' title='bbox 2311 5602 2634 5665; x_wconf 84' lang='lat' dir='ltr'><strong>accedemus</strong></span> <span class='ocrx_word' id='word_1_830' title='bbox 2663 5609 2763 5678; x_wconf 72' lang='lat' dir='ltr'><strong>:et;</strong></span> <span class='ocrx_word' id='word_1_831' title='bbox 2786 5615 2847 5663; x_wconf 90' lang='lat' dir='ltr'><strong>ut</strong></span> <span class='ocrx_word' id='word_1_832' title='bbox 2870 5603 3191 5680; x_wconf 82' lang='lat' dir='ltr'><strong>compendio</strong></span> <span class='ocrx_word' id='word_1_833' title='bbox 3213 5600 3406 5668; x_wconf 62' lang='lat' dir='ltr'><strong>omnia</strong></span> 
     </span>
    </p>
   </div>
   <div class='ocr_carea' id='block_1_115' title="bbox 3307 356 3527 434">
    <p class='ocr_par' dir='ltr' id='par_1_115' title="bbox 3307 356 3527 434">
     <span class='ocr_line' id='line_1_115' title="bbox 3307 356 3527 434; baseline 0 -1"><span class='ocrx_word' id='word_1_834' title='bbox 3307 373 3419 434; x_wconf 76' lang='lat' dir='ltr'><strong>asa</strong></span> <span class='ocrx_word' id='word_1_835' title='bbox 3524 356 3527 357; x_wconf 35' lang='grc' dir='ltr'>ί</span> 
     </span>
    </p>
   </div>
  </div>
