3828 6302
384 361 490 417 585

1663 356 1722 413 S.
1761 345 2038 411 ASTERII
2078 346 2384 406 AHASENI

3537 350 3652 405 σει

393 477 746 546 complectar,
792 475 1061 545 fugiamus
1100 488 1200 545 pro
1239 472 1449 533 viribus
1487 471 1672 527 luxum
1716 481 1774 527 et
1816 470 1967 525 volu-

2075 466 2386 537 φιληδονίαν
2423 467 2505 529 είς
2547 464 2775 537 δύναμιν
2796 481 2808 497 ο
2861 466 3140 537 ἀμήχανον
3187 463 3295 536 γάρ
3336 463 3429 519 τὸν
3479 464 3654 520 αὐτὸν

388 578 597 640 ptatum
625 569 1006 622 illectamenta.
1036 565 1179 620 Fieri
1212 567 1355 621 enim
1387 581 1492 619 non
1523 572 1716 633 potest,
1744 572 1802 616 ut
1821 562 1961 617 idem

390 659 461 714 sit
488 667 540 711 et
569 657 901 726 voluptatum
950 665 1003 710 et
1052 655 1143 711 Dei
1183 665 1435 722 amator;
1488 671 1610 708 nam
1644 653 1736 722 qui
1769 665 1964 720 corpus

392 758 559 815 amat,
592 749 680 804 ille
716 747 1019 804 necessario
1060 762 1273 817 quoque
1324 747 1610 817 pecuniam
1643 744 1864 800 amabit.
1894 744 1967 798 At

394 843 486 912 qui
512 841 792 912 pecuniam
816 849 982 903 amat,
1002 840 1051 895 is
1074 840 1302 908 injustas
1318 847 1430 904 est;
1463 847 1521 892 at
1543 838 1632 906 qui
1665 838 1717 891 in
1742 837 1965 905 laqueos

393 932 676 1001 iniustitia:
704 932 913 997 incidit,
963 931 1009 986 is
1057 930 1217 986 facile
1266 931 1429 985 etiam
1484 931 1704 984 decreta
1751 928 1965 997 pietatis

397 1024 845 1094 transgrediemr,
899 1031 957 1077 et
1021 1022 1323 1091 sapientum
1394 1020 1541 1090 leges
1606 1018 1961 1084 conculcabit,

393 1117 553 1174 facile
582 1120 746 1174 etiam
780 1117 839 1171 in
871 1117 1059 1172 illicita
1095 1116 1326 1178 labetur,
1364 1114 1490 1169 inde
1537 1114 1638 1168 sibi
1680 1111 1964 1167 materiam

395 1212 463 1267 ad
511 1211 809 1266 suavitates
861 1223 1158 1281 corrogans
1207 1217 1264 1264 et
1317 1208 1611 1278 colligens;
1677 1206 1967 1274 omniaque

394 1303 676 1371 iniustitia:
705 1302 878 1374 spolia
920 1300 1185 1373 voluptati
1284 1310 1543 1370 tauquam
1579 1298 1810 1354 domina:
1853 1309 1967 1350 sua:

391 1395 622 1452 donans.

466 1529 547 1586 Ne
578 1496 778 1602 fugeiis
808 1529 1024 1585 labores
1054 1539 1110 1585 et
1138 1528 1501 1594 difficultates,
1528 1543 1647 1599 qua:
1676 1543 1729 1583 tn
1760 1536 1966 1597 tempe-

396 1622 577 1676 rantia
605 1624 808 1677 insunt.
847 1621 953 1675 Sed
985 1636 1134 1691 spem
1175 1636 1384 1691 Oppone
1417 1620 1665 1690 prazsenti
1697 1617 1884 1680 labori,
1914 1624 1967 1669 et

2068 552 2208 612 εἶναι
2246 556 2524 629 φιλήδονον
2572 557 2666 609 καὶ
2722 556 2986 626 φιλόθεον.
3024 557 3082 610 '0
3114 556 3222 629 γὰρ
3272 556 3654 627 φιλοσώματος

2065 647 2123 714 ἐξ
2154 648 2400 718 ἀνάγκης
2419 647 2569 702 ἔσται
2594 648 2687 701 καὶ
2712 647 3139 719 φιλοχρήματος,
3170 649 3199 701 6
3224 648 3280 702 δὲ
3304 647 3531 718 φιλοχρή
3541 663 3651 716 μα-

2070 758 2181 805 τος,
2232 740 2415 804 ἄδικος
2434 758 2449 774 ’
2485 744 2514 794 6
2541 741 2597 794 δὲ
2621 743 2720 814 τῆς
2750 740 2963 806 ἀδικίας
2992 743 3121 795 είσω
3160 740 3362 804 πεσὼν,
3399 740 3652 811 ὐπερὸή-

2070 848 2224 885 σεται
2244 832 2444 903 ῥᾳδίως
2462 831 2694 903 θεσμοὺς
2729 833 3029 896 εὐσεϐείας,
3066 833 3158 886 καὶ
3189 836 3420 904 πατήσει
3444 833 3651 902 νόμους

2067 922 2275 992 σοφῶν·
2307 925 2616 994 ὲγχειρήσει
2651 924 2709 977 δὲ
2737 927 2852 981 τοῖς
2878 922 3345 994 ἀπηγορευμένοις
3384 921 3644 984 εὐκόλως,

2066 1015 2283 1069 ἐκεῖθεν
2314 1014 2493 1085 ἑαυτῷ
2518 1015 2617 1080 τάς
2660 1015 2790 1080 ὔλας
2827 1015 3095 1087 ἀθροίζων
3121 1016 3224 1086 τῆς
3266 1013 3644 1077 ἀπολαύσεως,

2070 1107 2167 1160 καὶ
2194 1108 2372 1162 πάντα
2394 1107 2463 1160 τά
2483 1108 2698 1179 λάφυρα
2720 1108 2821 1178 τῆς
2848 1104 3063 1170 ἀδικίας
3113 1108 3180 1178 τῇ
3206 1105 3370 1177 ἡδονῇ
3403 1106 3649 1177 δωροφο-

2067 1199 2198 1266 οῶν,
2232 1199 2311 1263 ὡς
2331 1198 2605 1271 δεσποίνῃ.

2141 1522 2232 1594 Μὴ
2285 1522 2462 1595 φύγῃς
2496 1523 2596 1596 τὴν
2646 1523 2946 1598 μοχθηρίαν
2989 1524 3088 1595 τῆς
3122 1524 3470 1596 ἐγκρατείας*
3506 1523 3647 1578 ἀλλὰ

2067 1613 2167 1679 τάς
2193 1615 2414 1680 ἐλπίδας
2458 1616 2671 1681 ἀντίθες
2704 1615 2779 1687 τῷ
2807 1616 3038 1687 παρόντι
3073 1613 3239 1687 πόνῳ,
3289 1616 3383 1669 καὶ
3425 1615 3651 1685 κούφως

394 1714 589 1767 leniter
621 1712 1002 1767 abstinentiam
1047 1713 1114 1767 ab
1153 1712 1426 1766 alimentis
1462 1710 1622 1765 feres.
1658 1710 1844 1780 Ingere
1872 1706 1963 1761 tibi

2074 1706 2382 1780 παρελεύσῃ
2411 1708 2511 1779 τὴν
2549 1707 2650 1777 τῆς
2697 1707 3053 1779 μεταλήψεως
3086 1708 3295 1780 ἁποχήν
3314 1725 3327 1737 ⁸
3356 1708 3477 1762 είπὲ
3508 1708 3652 1780 πρὸς

395 1807 507 1860 lucc
538 1804 621 1858 vel
650 1805 751 1858 alia
780 1804 995 1875 pietatis
1026 1804 1227 1858 monita
1256 1823 1269 1858 :
1294 1804 1551 1858 Amarum
1583 1811 1664 1857 est
1683 1800 1966 1872 jejunium,

2074 1796 2263 1850 ἑαυτὸν
2315 1798 2537 1869 ῥήματα
2592 1797 2902 1864 εὐσεϐείας·
2942 1798 3122 1871 Πικρά
3165 1801 3197 1870 ή
3236 1800 3479 1871 νηστεία,
3525 1797 3649 1853 ἀλλ’

395 1895 489 1951 sed
517 1896 687 1951 dulcis
711 1896 1018 1966 paradisus.
1075 1895 1295 1951 Molesta
1347 1904 1429 1950 est
1482 1895 1626 1961 sitis,
1676 1893 1767 1949 sed
1804 1906 1967 1963 prope

2074 1890 2201 1961 ἡδὺς
2246 1889 2276 1942 6
2319 1890 2678 1961 παράδεισος
2722 1890 2969 1963 ἐπαχθὴς
3015 1893 3050 1963 ή
3082 1890 3231 1962 δίψα,
3265 1892 3380 1945 ἀλλ’
3411 1893 3581 1961 ἐγγὺς
3613 1893 3649 1963 ἠ

392 1998 476 2044 est
513 1988 669 2053 fons,
713 2004 780 2043 ex
810 2004 916 2058 quo
956 1989 1046 2057 qui
1100 1989 1315 2053 biberit,
1365 2003 1472 2043 non
1515 1987 1662 2042 sitiet
1710 1986 1763 2040 in
1808 1994 1968 2040 aeter-

395 2098 520 2137 num
551 2084 620 2138 “.
660 2082 1022 2151 Importunum
1074 2092 1157 2136 est
1204 2096 1422 2151 corpus,
1479 2081 1575 2137 sed
1616 2078 1843 2133 validior
1884 2086 1969 2132 est

395 2171 712 2239 incorporea
746 2171 947 2224 anima.
989 2168 1263 2224 Emortum
1304 2180 1429 2224 sunt
1465 2170 1629 2235 vires,
1675 2171 1766 2225 sed
1804 2182 1969 2238 prope

393 2269 478 2314 est
531 2261 876 2316 resurrectio.
934 2260 1026 2316 Dic
1071 2260 1272 2326 ventri,
1316 2275 1440 2314 cum
1482 2260 1647 2316 instat
1695 2268 1750 2314 et
1788 2267 1963 2327 urget,

378 2346 526 2406 ‘illnd
554 2352 763 2406 Domini
801 2352 1021 2408 verbum
1056 2371 1069 2407 :
1105 2351 1226 2406 Non
1258 2352 1310 2405 in
1340 2352 1451 2405 solo
1479 2368 1613 2419 pane
1640 2351 1759 2404 vivit
1789 2352 1963 2413 homo,

391 2444 485 2497 sed
518 2443 572 2498 in
596 2446 737 2498 omni
770 2446 940 2512 verba,
982 2447 1122 2515 quod
1159 2446 1389 2516 procedit
1417 2444 1480 2497 de
1505 2460 1592 2497 ore
1620 2442 1714 2496 Dei
1747 2442 1827 2509 ”;
1861 2457 1966 2496 non

392 2543 477 2590 est
514 2535 705 2605 fames,
742 2538 835 2591 sed
869 2538 1061 2608 exigua
1095 2537 1311 2601 dilatio;
1353 2552 1458 2591 non
1510 2545 1592 2590 est
1631 2548 1809 2604 pmna,
1846 2548 1965 2601 quze

397 2625 556 2679 vitari
591 2637 846 2696 nequeat,
878 2629 972 2681 sed
1008 2627 1173 2681 libera
1207 2625 1565 2691 abstinentia;
1613 2640 1716 2678 non
1757 2623 1966 2677 servilis

394 2722 711 2785 necessitas,
760 2719 853 2773 sed
897 2718 1067 2773 libere
1116 2728 1364 2787 suscepta
1418 2717 1579 2771 actio.
1629 2715 1882 2779 Precare,
1916 2724 1969 2768 et

340 2834 343 2837 ι
396 2809 541 2864 vires
571 2808 1080 2881 suppeditabantur.
1114 2808 1385 2879 luvocato,
1418 2821 1473 2863 et
1506 2807 1559 2862 in
1586 2815 1838 2877 promptu
1865 2806 1965 2860 eri‘

396 2900 631 2974 adjutor.

470 3032 672 3089 Recole
705 3036 966 3092 memoria
996 3045 1230 3093 veterem
1271 3036 1557 3093 historiam
1595 3038 1662 3104 “,
1693 3046 1751 3093 et
1771 3036 1969 3093 intelli-

397 3138 493 3192 ges
555 3127 825 3194 quomodo
879 3128 970 3197 qui
1022 3128 1242 3198 pietatis
1285 3143 1445 3184 causa
1492 3144 1687 3198 corpus
1735 3129 1966 3200 castiga-

2069 1980 2243 2053 πηγὴ,
2272 1979 2332 2046 ἐξ
2358 1977 2425 2055 ἦς
2458 1983 2487 2036 6
2519 1982 2690 2036 πίνων
2713 1983 2774 2036 οὐ
2798 1982 3015 2054 διψήσει
3036 1986 3116 2059 είς
3140 1983 3231 2037 τὸν
3260 1981 3448 2036 αἰῶνα.
3484 1983 3651 2035 Ἀτο-

2068 2091 2169 2128 πον
2208 2073 2269 2127 τὸ
2312 2074 2491 2145 σῶμα,
2535 2073 2649 2128 ἀλλ’
2688 2074 3009 2147 ἰσχυροτέρα
3052 2074 3216 2147 ψυχὴ,
3249 2076 3283 2147 ἡ
3331 2074 3644 2146 ἀσώματος.

2068 2165 2257 2238 Νεκρὰ
2283 2168 2315 2238 ἡ
2342 2165 2592 2238 δύναμις,
2616 2165 2732 2219 ἀλλ’
2755 2167 2924 2235 ἐγγὺς
2946 2168 2979 2237 ἡ
3005 2166 3318 2230 ἀνάστασις.
3348 2164 3485 2220 Εἰπὲ
3507 2165 3650 2236 πρὸς

2068 2257 2165 2329 τὴν
2193 2257 2515 2326 ἐπείγουσαν
2541 2258 2783 2328 γαστέρα
2812 2257 2907 2311 καὶ
2941 2258 3004 2311 σύ
3030 2257 3125 2311 τοῦ
3160 2259 3363 2330 Κυρίου
3388 2257 3449 2311 τὸ
3473 2258 3645 2328 pitu“

2074 2351 2195 2402 Οὐκ
2215 2348 2308 2401 ἐπ’
2346 2349 2501 2419 ἄρτῳ
2520 2348 2688 2418 μόνῳ
2722 2347 2963 2419 ζήσεται
3004 2350 3341 2420 ἄνθρωπος,
3377 2351 3516 2405 ἀλλ’
3543 2348 3647 2405 ἐπὶ

2069 2424 2246 2495 παντί
2264 2439 2485 2510 ῥήματι
2516 2440 2686 2495 Θεοῦ.
2746 2442 2819 2513 Οὐ
2870 2441 3030 2513 λιμός
3081 2445 3251 2506 ἐστιν,
3302 2442 3436 2495 ἀλλά
3472 2441 3649 2513 μικρὰ

2070 2533 2318 2605 παρολκή
2337 2549 2349 2563 ·
2369 2533 2470 2587 οὐκ
2493 2532 2862 2604 ἀπαραίτητος
2888 2534 3146 2606 τιμωρία,
3182 2535 3298 2589 ἀλλ’
3322 2534 3649 2607 αὐθαίρετος

2068 2625 2248 2697 ἀποχή
2272 2642 2286 2657 ο
2333 2627 2394 2678 οὐ
2439 2624 2810 2698 δουλοπρεπὴς
2845 2627 3079 2697 ἀνάγκη,
3129 2626 3243 2680 ἀλλ’
3280 2627 3535 2699 ἐλευθέρα
3560 2644 3649 2696 φι-

2068 2716 2310 2786 λοσοφία.
2328 2713 2517 2783 Εὗξαι,
2536 2717 2629 2771 καὶ
2653 2717 2892 2788 ἰσχύσεις
2909 2735 2924 2749 ·
2955 2718 3301 2785 ὲπικάλεσαι,
3321 2719 3415 2773 καὶ
3428 2721 3648 2791 ἕτοιμος
3675 2718 3695 2734 ⁹

2069 2808 2478 2879 παραστήσεταί
2510 2826 2590 2862 σοι
2617 2808 2828 2879 βοηθός.

2151 3031 2410 3085 Ἀνάλαϐε
2435 3034 2500 3103 τῇ
2529 3032 2718 3106 μνήμῃ
2744 3033 2979 3088 παλαιὰν
3020 3034 3280 3105 ἱστορίαν,
3303 3033 3396 3087 καὶ
3425 3032 3647 3107 μαθήσῃ

2071 3123 2222 3187 ὅπως
2241 3125 2290 3177 oi
2321 3124 2388 3177 δι’
2412 3124 2689 3178 εὐσέϐειαν
2720 3142 2880 3197 σωμα
2911 3126 3211 3191 πιέζοντες,
3251 3124 3361 3178 τῶν
3393 3124 3644 3197 τρυφών-

400 3222 545 3283 ruat,
605 3217 832 3273 delicate
890 3218 1199 3275 viventibus
1255 3231 1313 3275 et
1368 3236 1578 3276 merum
1637 3221 1755 3277 sine
1811 3222 1967 3276 modo

2074 3233 2200 3280 των,
2242 3217 2338 3270 καὶ
2373 3216 2540 3270 πολὺν
2580 3218 2922 3287 ἐγχεομένων
2958 3217 3051 3270 τὸν
3095 3216 3351 3287 ἄκρατον,
3392 3213 3516 3269 οὐτε
3565 3218 3648 3281 είς

396 3303 867 3372 esbaurientibus,
892 3322 1067 3377 neque
1098 3308 1299 3365 viribus
1320 3313 1429 3364 sint
1451 3308 1765 3376 inferiores,
1795 3325 1970 3378 neque

398 3406 621 3465 aspectu
673 3397 989 3464 deteriores,
1032 3402 1185 3469 quasi
1232 3403 1430 3458 amissa
1471 3413 1753 3459 venustate
1803 3402 1969 3458 deﬂo-

403 3490 801 3544 ruerintzuam
846 3489 1193 3562 Assyriorum
1254 3507 1373 3557 rex,
1432 3493 1526 3562 qui
1583 3493 1761 3547 omnia
1817 3493 1969 3548 carni

400 3581 749 3653 largiebatur,
778 3584 977 3654 quique
1003 3585 1073 3638 ad
1110 3585 1463 3655 voluptariam
1499 3585 1688 3651 vitam,
1721 3585 1870 3640 velut
1899 3586 1967 3639 ad

399 3687 662 3744 tmpe,
693 3691 801 3729 uno
829 3677 994 3731 verbo
1019 3691 1209 3731 omnes
1243 3677 1542 3747 voluptatis
1593 3678 1968 3744 administros,

400 3762 599 3818 eximie
650 3778 883 3834 corpore
912 3766 1137 3820 decoros
1180 3776 1235 3820 et
1283 3777 1504 3836 aspectu
1549 3767 1806 3823 amabiles
1851 3783 1971 3823 esse

397 3851 587 3915 voluit,
628 3858 691 3906 ut
714 3868 820 3908 non
867 3853 1042 3909 solum
1085 3870 1147 3910 os
1174 3866 1229 3911 et
1258 3867 1483 3925 gustus,
1542 3857 1637 3913 sed
1683 3866 1739 3912 et
1784 3858 1969 3912 oculus

400 3942 597 3997 intuitu
636 3943 1054 4013 pulchritudinis
1083 3947 1466 4005 oblcctaretur.
1498 3948 1651 4005 Tunc
1675 3957 1788 4006 tres
1818 3951 1969 4020 pueri

399 4032 469 4086 de
511 4032 828 4100 captivitate
880 4031 1048 4088 Israel
1110 4035 1164 4089 in
1241 4034 1543 4106 catalogum
1602 4035 1969 4092 ministrorum

401 4123 674 4194 regiorum
703 4126 952 4196 ascripti,
994 4128 1063 4183 ab
1091 4128 1232 4183 escis
1265 4129 1426 4198 regiae
1450 4145 1649 4186 mensa:
1667 4169 1682 4195 ,
1713 4140 1968 4201 tanquam

400 4213 732 4273 admistione
788 4217 1210 4290 idolothytorum
1274 4218 1490 4289 pollutis
1516 4257 1534 4285 ,
1596 4220 1928 4277 abstinentes
1954 4262 1971 4288 ,

399 4304 534 4362 solis
586 4305 952 4378 leguminibus
1004 4310 1388 4365 vescebantur.
1445 4310 1743 4381 Oportebat
1791 4322 1969 4369 autem

399 4395 588 4451 viuum
609 4412 826 4468 quoque
853 4397 1038 4468 fugere
1067 4408 1289 4470 prapter
1316 4401 1649 4467 libationem,
1672 4412 1726 4458 et
1757 4418 1970 4460 omnem

2070 3308 2297 3379 δύναμίν
2320 3310 2457 3362 είσιν
2494 3309 2896 3382 ἀσθενέστεροι,
2929 3308 3052 3364 οὐτε
3076 3310 3183 3381 μὴν
3212 3311 3296 3373 είς
3323 3307 3384 3362 τὸ
3411 3309 3648 3380 φανῆναι

2077 3398 2552 3471 σκυθρωπότεροι,
2589 3400 2623 3471 ἢ
2667 3400 3048 3472 ἀπηνθηκότες
3094 3400 3192 3472 τὴν
3237 3401 3434 3473 χάριν·
3472 3403 3502 3455 6
3537 3400 3647 3474 γὰρ

2076 3488 2326 3560 βασιλεὺς
2360 3489 2468 3543 τῶν
2515 3491 2821 3564 ’Δσσυρίων
2860 3493 3067 3556 ἐκεῖνος
3106 3494 3135 3546 6
3174 3493 3353 3547 πάντα
3376 3495 3443 3564 τῇ
3481 3493 3652 3565 σαρκὶ

2073 3580 2202 3648 ζῶν,
2228 3583 2321 3637 καὶ
2338 3581 2417 3654 τῷ
2445 3583 2720 3655 τρυφῶντι
2758 3583 2859 3656 βίῳ
2890 3584 2966 3648 ὡς
2992 3584 3169 3656 φάτνῃ
3200 3582 3650 3655 προσδεδεμένας,

2072 3672 2260 3743 ἐπειδὴ
2293 3674 2420 3736 τοὺς
2447 3673 2719 3743 οἰνοχόους
2746 3673 2895 3745 αὐτῷ
2933 3675 3026 3728 καὶ
3050 3674 3510 3745 τραπεζοποιοὺς,
3554 3676 3653 3730 καὶ

2071 3763 2278 3827 πάντας
2310 3764 2495 3828 ἁπλῶς
2526 3766 2650 3828 τοὺς
2680 3765 2961 3837 ὑπηρέτας
2988 3767 3087 3837 τῆς
3109 3765 3483 3830 ἀπολαύσεως,
3528 3766 3654 3819 ἐκέ-

2069 3856 2227 3909 λευσε
2253 3857 2376 3910 κατ’
2403 3856 2630 3929 ἐκλογὴν
2655 3859 2872 3928 εὐφυεῖς
2893 3853 3033 3912 εἶναι
3058 3857 3119 3911 τὺ
3147 3859 3325 3929 σῶμα,
3350 3859 3445 3912 καὶ
3476 3856 3652 3931 ὀφθῆ-

2071 3966 2158 4002 ναι
2196 3948 2507 4021 χαρίεντας,
2532 3950 2619 4003 ῐνα
2645 3950 2719 4023 μὴ
2760 3950 2919 4022 μόνον
2948 3951 3008 4003 τὸ
3042 3950 3218 4021 στόμα
3250 3950 3344 4004 καὶ
3372 3951 3406 4020 ἡ
3436 3948 3649 4019 γεῦσις,

2070 4041 2206 4096 ἀλλά
2246 4042 2339 4095 καὶ
2373 4041 2652 4114 ὀφθαλμὸς
2681 4041 2830 4113 αὐτῷ
2866 4042 3010 4096 κατά
3051 4042 3159 4096 τῶν
3193 4042 3488 4113 δρωμένων
3513 4058 3651 4113 τρυ-

2070 4132 2207 4202 φῶν.
2241 4133 2375 4186 Τότε
2415 4132 2481 4205 δὴ
2517 4134 2612 4187 καὶ
2652 4135 2702 4187 oi
2734 4136 2883 4205 τρεῖς
2911 4131 3184 4187 νεανίσκοι
3219 4136 3283 4187 ὲκ
3314 4134 3413 4205 τῆς
3442 4136 3653 4206 αἰχμαο

2070 4225 2272 4290 λωσίας
2312 4224 2407 4279 τοῦ
2473 4224 2687 4296 Ἰσραὴλ
2742 4224 2822 4296 τῷ
2864 4225 3147 4296 καταλόγῳ
3198 4226 3306 4279 τῶν
3358 4225 3655 4297 ὑπηρετῶν

2071 4318 2436 4389 ὲγκριθέντες,
2456 4318 2787 4389 ἀπεχόμενοι
2817 4317 2874 4372 δὲ
2903 4317 3011 4372 τῶν
3049 4317 3194 4388 ὄψων
3220 4319 3321 4389 τῆς
3360 4317 3654 4388 βασιλικῆς

2070 4407 2375 4483 τραπέζης,
2400 4392 2478 4475 ὥς
2510 4412 2576 4481 τῇ
2612 4408 2862 4483 ἐπιμιξίᾳ
2884 4410 2993 4464 τῶν
3037 4408 3399 4462 εἰδωλοθύτων
3443 4425 3654 4479 μεμια-

398 4502 644 4555 carnem,
692 4500 911 4559 propter
950 4493 1260 4562 praedictam
1303 4508 1544 4550 causam.
1590 4494 1725 4551 Cum
1763 4512 1895 4554 vero
1938 4512 1967 4552 a

2074 4501 2300 4575 σμένης,
2324 4501 2612 4574 σπέρματα
2632 4501 2904 4556 ἐσιτοῦντο
2950 4502 3132 4575 μόνον.
3152 4497 3263 4555 Ἦν
3287 4501 3343 4555 δὲ
3373 4500 3465 4554 καὶ
3505 4496 3654 4567 οἶνος

397 4581 655 4650 praefecto
671 4593 1012 4654 cogerentur,
1045 4595 1105 4641 ut
1124 4588 1467 4644 comederunt
1492 4603 1557 4643 ea
1586 4603 1706 4657 qua:
1734 4605 1967 4660 appone-

2077 4563 2310 4664 φέυκὲδξ
2360 4563 2592 4666 διά1τὴν
2626 4593 2856 4665 σπονδὴν
2886 4563 2981 4648 καὶ
3023 4596 3134 4680 πᾶν
3182 4593 3369 4665 κρέας,
3416 4590 3505 4645 διὰ

396 4672 596 4729 bantur
621 4689 692 4731 ne
727 4674 868 4731 forte
893 4691 989 4747 per
1016 4678 1399 4735 abstinentiam
1426 4681 1604 4737 vultus
1632 4691 1967 4737 venustatem

2082 4683 2486 4758 προρρηθεῖσαν
2517 4687 2717 4741 αἰτίαν.
2764 4686 2852 4750 Ὠς
2894 4685 2953 4738 δὲ
2997 4672 3150 4757 παρὰ
3200 4683 3295 4739 τοῦ
3342 4683 3655 4754 ἐφεστῶτος

397 4763 783 4833 deperderent;
838 4776 895 4821 et
945 4766 1069 4841 ips.
1105 4768 1177 4822 ob
1218 4782 1324 4823 non
1356 4768 1495 4824 bene
1530 4778 1750 4824 curatos
1784 4770 1967 4826 adole-

2082 4774 2456 4844 ἠναγκάζοντο
2489 4776 2738 4850 μετέχειν
2784 4776 2892 4830 τῶν
2932 4777 3392 4848 προσφερομένων
3441 4776 3653 4841 αὐτοῖς,

395 4864 612 4911 sceatcs
633 4857 685 4911 in
710 4857 1004 4927 periculum
1023 4861 1213 4928 capitis
1239 4860 1536 4915 incideret:
1559 4859 1707 4925 Sine,
1730 4862 1965 4931 aiebant,

2076 4866 2162 4919 ἵνα
2192 4868 2400 4937 μήποτε
2426 4868 2505 4930 είς
2525 4866 2861 4939 δυσμορφίαν
2884 4868 3062 4923 αὐτῶν
3100 4870 3165 4922 ὲκ
3201 4868 3299 4942 τῆς
3323 4868 3656 4940 ἐγκρατείας

396 4955 455 5001 et
480 4947 764 5017 permitte;
796 4964 903 5005 non
930 4952 1310 5020 apparebimus
1340 4952 1450 5023 regi
1475 4954 1648 5009 forma
1679 4954 1967 5022 deteriore,

2074 4957 2134 5014 τὸ
2164 4959 2359 5023 κάλλος
2394 4959 2729 5032 μεταϐληθῇ,
2763 4959 3012 5032 ἔγκλημα
3035 4961 3091 5014 δὲ
3116 4961 3322 5015 ἐκείνου
3349 4960 3441 5015 καὶ
3470 4976 3653 5031 τιμω-

396 5054 562 5105 quam
594 5040 669 5095 illi
695 5041 785 5110 qui
815 5044 868 5097 in
908 5043 1117 5099 deliciis
1139 5044 1343 5111 vivunt,
1382 5059 1559 5114 neque
1583 5046 1762 5103 vultus
1796 5047 1966 5103 nostri

2079 5049 2168 5123 ρία
2197 5049 2422 5123 γένηται
2453 5051 2514 5104 τὸ
2535 5051 2643 5104 τῶν
2663 5050 2959 5105 νεανίσκων
2977 5051 3214 5123 είδεχθές
3232 5068 3290 5104 τε
3326 5053 3418 5105 καὶ
3442 5050 3650 5122 ἀθερά-

395 5131 727 5201 elegantiam
746 5149 900 5189 suam
933 5137 1203 5192 amittent.
1241 5136 1427 5209 Neque
1462 5146 1516 5193 te
1541 5139 1774 5205 crucies,
1813 5141 1968 5211 quasi

397 5224 510 5293 regi
553 5224 833 5295 ministros
863 5226 1133 5283 deformes
1169 5229 1505 5285 adducturus
1540 5229 1660 5284 sis:
1691 5246 1815 5285 nam
1854 5230 1966 5298 ille,

396 5314 488 5380 qui
514 5330 615 5370 nos
633 5315 876 5371 condidit
901 5326 954 5372 et
970 5318 1246 5385 formavit,
1275 5320 1505 5387 gratiam
1527 5320 1697 5387 dabit,
1727 5330 1781 5375 et
1801 5335 1970 5390 expe-

400 5406 591 5459 rientia
634 5408 809 5463 disces
861 5418 1063 5463 nostra:
1099 5409 1515 5478 pulchritudinis
1554 5423 1609 5466 et
1650 5415 1966 5478 venustatis,

397 5511 519 5563 qua
552 5509 898 5569 procuratur,
938 5502 1346 5569 temperantiam
1380 5516 1503 5559 esse
1529 5504 1966 5562 conciliatriccm.

398 5588 553 5656 Ουοά
580 5603 637 5648 et
663 5591 868 5649 factum
892 5604 977 5649 est
1007 5615 1020 5650 :
1046 5607 1168 5649 nam
1196 5593 1566 5654 adolescentes
1588 5597 1674 5654 isti
1700 5597 1896 5654 decore
1916 5605 1972 5653 et

2078 5156 2272 5193 πευτον
2292 5157 2305 5172 ·
2338 5141 2462 5207 Ἔα,
2500 5141 2654 5212 φησὶ,
2680 5143 2773 5195 καὶ
2800 5140 3172 5213 συγχώρησον,
3203 5142 3263 5196 οὐ
3295 5141 3653 5213 φανησόμεθα

2074 5232 2152 5304 τῷ
2169 5232 2378 5304 βασιλεῖ
2396 5232 2504 5286 τῶν
2529 5232 2859 5304 τρυφώντων
2886 5233 3216 5306 ἀτιμότεροι,
3236 5233 3357 5287 οὐδὲ
3388 5233 3456 5287 τὰ
3479 5233 3653 5304 πρόσ-

2075 5343 2200 5379 ωπα
2242 5326 2398 5398 ἡμῶν
2427 5325 2750 5398 ἀπανθὴσει.
2773 5324 2907 5379 Οὐδὲ
2938 5325 3269 5398 ἀγωνιάσῃς,
3301 5325 3376 5389 ὡς
3411 5324 3652 5397 δυσμόρο

2073 5433 2205 5487 φους
2229 5416 2376 5488 αὐτῷ
2400 5417 2679 5489 ὑπηρέτας
2704 5417 3012 5489 προσάγων.
3050 5417 3106 5470 '0
3144 5418 3254 5487 γὰρ
3278 5415 3525 5487 τεχνίτης
3547 5416 3653 5484 τῆς

2071 5506 2407 5570 διαπλάσεως
2441 5505 2600 5579 ἡμῶν
2624 5505 2784 5559 δώσει
2808 5506 2907 5577 τὴν
2932 5506 3112 5579 χάριν,
3138 5508 3231 5560 καὶ
3260 5507 3479 5579 μαθήσῃ
3497 5505 3654 5576 παρὰ

2072 5599 2171 5672 τῆς
2200 5601 2414 5672 πεῖρας,
2442 5597 2638 5655 ὃτιτοῦ
2662 5597 2928 5672 ἡμετέρου
2965 5597 3213 5664 κάλλους,
3238 5599 3332 5653 καὶ
3353 5596 3451 5670 τῆς
3479 5611 3651 5650 σπου·-

467 5792 515 5827 ¹²
552 5789 707 5847 Joan.
745 5808 818 5858 tv,
854 5792 938 5848 l3.
1014 5795 1060 5829 "
1090 5796 1279 5853 Matth.
1322 5812 1393 5864 Iv,
1427 5796 1479 5851 4.
1558 5796 1760 5855 “Dan.
1810 5814 1847 5868 ι,
1891 5802 1923 5856 3
1948 5816 2067 5871 sqq.

1100 5978 1137 6007 Ν
