3828 6310
110 295 213 355 585

1031 284 1321 345 HOMILIA
1351 284 1499 344 XIV.
1535 281 1607 341 IN
1641 283 2047 345 PRINCIPIUM
2078 281 2535 355 JEJUNJORUM.

3288 289 3395 348 586

114 411 427 483 δαζομένης
464 409 803 484 εὐμορφίας,
829 410 864 481 ἠ
904 406 1129 478 νηστεία
1163 403 1516 477 κομμώτρια.
1550 403 1617 457 Ὀ
1649 401 1714 474 δὴ

1833 370 2444 459 aulchritudine‘vultus
2497 414 2690 457 omnes
2725 398 2881 485 alios,
2936 401 3098 459 etiam
3145 406 3397 463 carnivo-

112 509 203 564 καὶ
241 508 471 577 γέγονε.
518 505 633 561 Καὶ
664 505 776 578 γὰρ
816 501 1158 574 ὑπερήνθουν
1201 501 1253 553 οί
1295 499 1589 563 νεανίσκοι,
1621 498 1717 552 καὶ

1833 509 1931 562 τοι,
1964 493 2122 565 longe
2150 500 2569 566 exsuperarunt.
3304 508 3308 515 '

112 600 326 660 πάντας
365 597 501 661 τοὺς
528 597 878 669 κρεοφάγους
915 592 1434 665 παρηυδοκίμησαν.

177 689 246 743 Τί
284 689 410 743 δὲό
447 685 730 760 Σαμψὼνς
766 686 965 751 Εὐθὺς,
1006 684 1118 739 ἀπὸ
1142 683 1446 753 γάλακτος,
1481 682 1585 735 οὐκ
1607 680 1714 735 ὲδι-
1748 704 1751 709 ·

1886 668 2024 735 Quid
2052 684 2180 725 vero
2215 668 2446 725 Samson
2487 670 2568 725 ἐἳ
2610 669 2692 725 An
2736 684 2844 724 non
2897 670 3083 725 statim
3119 672 3186 726 ab
3230 672 3398 728 ubere

114 781 283 852 δάχθη
331 780 658 852 νηστεύεινς
694 778 869 843 οὕτως
925 775 1380 847 τοῦλπνεύματος
1420 777 1486 847 τῇ
1549 775 1718 847 μητρὶ

1833 763 2009 817 toctus
2041 772 2125 817 est
2145 760 2425 832 ieiunare?
2456 761 2693 834 Angelus
2736 763 2879 819 enim
2911 763 3074 817 matri
3119 767 3394 852 praecepit,
3444 772 3449 777 λ

116 871 585 943 χρηματίσαντος,
640 870 718 933 ὼς
775 860 1022 939 προσῆκε
1075 866 1138 919 τὸ
1192 864 1405 919 παιδίον
1454 863 1716 930 ἄγευστον

117 968 254 1019 ςξνου
288 964 395 1018 καὶ
424 964 612 1033 πάσης
651 959 981 1030 διαφυλάξαι
1014 957 1254 1030 τρυφῆς.
1300 955 1412 1031 Καὶ
1448 954 1531 1019 τίς
1554 955 1713 1041 ,ίσχυ-

126 1056 209 1125 ρὶς
232 1055 367 1107 κατ’
393 1055 605 1125 ἐκεῖνον
628 1068 645 1118 ;
678 1053 763 1115 τίς
795 1052 850 1105 δὲ
878 1050 1139 1121 ἀριστεὺς
1179 1047 1353 1109 οὕτως
1373 1044 1673 1116 ὀνομαστός
1698 1062 1717 1109 ;

120 1148 297 1212 Μόνος
345 1146 648 1217 ἀξιόμαχος
679 1141 770 1215 ἦν,
817 1143 959 1214 πρὸς
988 1143 1168 1196 πᾶσαν
1206 1138 1516 1211 παράταξιν
1559 1137 1716 1191 πολε-

127 1241 259 1311 μίων
296 1240 397 1294 καὶ
452 1238 658 1310 πλῆθος
687 1234 1081 1307 ἀναρίθμητον,
1114 1235 1236 1287 κατ’
1265 1230 1515 1299 ἐξουσίαν
1559 1229 1715 1301 ὲτρέ-

126 1348 279 1385 πετο·
298 1331 362 1395 ὃς
390 1330 459 1400 γέ
485 1345 618 1382 ποτε
648 1328 838 1397 ξίφους
860 1326 894 1395 ἢ
916 1325 1142 1397 δόρατος
1164 1324 1470 1395 ἀπορήσας,
1489 1322 1718 1390 σιαγόνα

124 1422 177 1474 δὲ
202 1421 538 1492 ἀνελόμενος
568 1418 714 1481 δνου,
745 1416 951 1487 χιλίους
975 1415 1174 1486 ἄνδρας
1209 1412 1542 1486 πολεμιστὰς
1585 1429 1716 1466 κατ-

127 1515 390 1585 έστρωσε,
423 1512 573 1584 μόνῳ
598 1510 677 1582 τῷ
694 1510 867 1581 ὀστέῳ
891 1509 1345 1580 διαχρησάμενος.

195 1606 390 1668 υῦτως
434 1603 623 1658 τοίνυν
664 1601 762 1656 καὶ
798 1601 864 1655 σὺ
899 1598 1108 1665 ἔλπιζε,
1137 1600 1233 1654 καὶ
1271 1598 1543 1670 ἰσχύσεις·
1583 1615 1729 1671 προο.

131 1694 333 1765 θυμοῦ,
374 1694 472 1746 καὶ
493 1690 864 1764 δυναμωθήσῃ
883 1708 898 1722 ο
939 1689 1027 1755 δὸς
1055 1689 1153 1761 τὴν
1185 1688 1355 1759 ἀκοὴν
1388 1690 1453 1760 τῇ
1480 1689 1716 1760 μαθήσει

1817 862 1877 907 ttt
1914 851 2177 908 infantem
2223 868 2254 907 a
2291 853 2416 908 vino
2465 862 2521 910 et
2567 856 2637 909 ah
2696 855 2842 910 omni
2886 842 3158 926 voluptate
3211 856 3397 924 procul

1820 946 2047 1001 haberet
2075 956 2129 1001 et
2150 945 2527 1001 educaret.-At
2554 947 2676 1016 quis
2705 946 2810 1001 isto
2840 947 3065 1002 fortior?
3099 946 3233 1018 Quis
3261 949 3398 1005 adeo

1818 1037 2125 1093 celebratus
2172 1036 2409 1093 hostium
2466 1037 2876 1108 triumphator?
2921 1037 3079 1094 Solus
3120 1053 3240 1094 cum
3278 1040 3398 1093 uni-

1815 1141 1977 1182 versa
2001 1127 2118 1181 acie
2146 1125 2327 1182 hostili
2360 1128 2637 1197 congredi,
2684 1137 2739 1182 et
2784 1128 2835 1182 in
2874 1129 3192 1186 innumeras
3213 1131 3398 1202 copias

1818 1219 2080 1290 impetum
2110 1229 2364 1291 potenter
2388 1218 2570 1276 facere
2598 1235 2798 1286 ausus;
2828 1221 2919 1290 qui
2955 1221 3243 1290 aliquando
3269 1237 3401 1277 ense

1817 1320 1874 1367 et
1915 1310 2072 1364 basta
2119 1309 2428 1377 destitutus,
2478 1320 2694 1380 arrepta
2725 1312 3034 1367 mandibula
3063 1314 3204 1369 asini
3242 1312 3393 1370 mille

1817 1402 1964 1459 viros
1992 1401 2207 1467 stravit,
2243 1400 2361 1458 solo
2394 1402 2500 1458 hoc
2528 1415 2654 1457 osse
2677 1417 2827 1459 usus.

1894 1569 1969 1625 ita
1999 1571 2164 1643 igitur
2194 1580 2249 1627 tu
2279 1588 2496 1645 quoque
2528 1573 2672 1631 bona
2702 1591 2797 1647 spe
2823 1586 2940 1633 esto
2975 1595 2991 1633 :
3020 1585 3073 1632 et
3110 1577 3256 1635 vires
3304 1579 3396 1636 tibi

1820 1663 2107 1720 addentur.
2150 1664 2348 1720 Alacer
2396 1676 2785 1738 promptusque
2823 1683 2938 1724 rem
2983 1670 3296 1740 aggredere,
3345 1682 3403 1727 et

130 1756 233 1841 τῶν
266 1756 698 1858 κεκρυμμένων,
739 1756 1276 1854 καὶ-’ἀμνημονήσεις
1574 1756 1662 1845 ’ἀς
1692 1783 1720 1834 ό

1833 1756 2285 1811 corroboraberis.
2334 1756 2411 1811 Da
2453 1772 2616 1813 aures
2648 1768 2769 1814 tuas
2814 1760 3115 1829 disciplinis
3163 1760 3405 1816 occulto-

130 1878 301 1949 δῆμος
325 1877 404 1948 τῷ
431 1874 609 1947 Ἰησοῦ
634 1874 918 1943 ἑπόμενος,
938 1872 1080 1942 λόγῳ
1103 1873 1197 1927 καὶ
1216 1871 1362 1942 ἔργῳ
1388 1871 1718 1936 παιδεύοντι,

133 1967 495 2038 ιίδεσθῶμεν,
528 1966 578 2019 οἱ
602 1964 865 2034 ἀκρατεῖς
896 1961 991 2015 καὶ
1011 1961 1304 2032 φιλήδονοι,
1342 1960 1607 2032 ’Έλληνας
1626 1962 1722 2016 καί

146 2058 436 2120 Ἰουδαίους
458 2053 845 2126 νηστεύοντας,
874 2052 1051 2124 μάτην
1079 2052 1177 2124 μὲν
1205 2051 1298 2107 καὶ
1337 2052 1477 2124 ὑπὲρ
1508 2052 1722 2117 οὐδενὸς

135 2152 227 2205 τοῦ
255 2151 466 2215 τέλους
493 2149 621 2220 εικῆ
650 2149 760 2221 γὰρ
784 2151 980 2202 ἐκεῖνοι
1009 2144 1329 2218 ζημιοῦνται
1349 2145 1378 2200 ὃ
1418 2145 1491 2217 μὴ
1516 2145 1723 2201 ἐσθίου-

138 2260 221 2295 σι·
257 2242 404 2313 πλὴν
444 2241 522 2306 ὡς
565 2239 809 2310 ζηλωτὸν
852 2237 949 2293 καὶ
997 2237 1208 2311 πρέπον
1255 2238 1370 2300 τοῖς
1414 2236 1722 2302 σπουδαίοις

144 2333 427 2405 μετιόντας
466 2331 530 2386 τὸ
576 2330 933 2404 πρόσταγμα.
964 2330 1313 2400 Χριστιανοῖς
1344 2328 1544 2398 πρέπει
1571 2328 1724 2381 πολιο

140 2425 289 2488 τείας
311 2423 585 2495 ἀκρίϐεια,
610 2423 705 2476 καὶ
737 2420 1051 2491 φιλοσοφίας
1086 2419 1371 2491 σεμνότης.
1387 2415 1469 2484 οἷς
1490 2421 1723 2492 πάρεστι

142 2517 378 2590 καθαρὸς
406 2516 503 2571 καὶ
552 2513 759 2585 ἀληθὴς
808 2515 908 2584 τῆς
943 2512 1226 2574 εὐσεϐείας
1269 2513 1298 2566 ὁ
1342 2510 1518 2580 λόγος.
1560 2515 1620 2567 υἱ
1656 2512 1717 2566 δὲ

142 2610 332 2663 τούτου
365 2608 535 2680 χωρὶς
573 2608 674 2679 τὴν
708 2606 905 2677 ⁴ἠθικὴν
942 2604 1235 2669 πονοῦντες
1277 2605 1531 2674 ἄσκησιν,
1561 2606 1727 2676 ὅμοιά

148 2718 236 2771 μοι
264 2699 549 2762 δοκοῦντες
585 2696 936 2771 ἐργάζεσθαι,
969 2696 1079 2751 τῶν
1098 2695 1226 2750 ἄνευ
1259 2696 1510 2767 θεμελίου
1546 2698 1724 2763 οἰκίας

145 2789 661 2854 κατασκευαζόντων
686 2828 701 2853 ,
737 2790 770 2861 ἢ
813 2788 947 2845 ναῦν
1010 2787 1396 2858 πηγνυμένων,
1434 2789 1508 2859 μὴ
1552 2806 1724 2843 κατα-

145 2882 431 2954 ϐληθείσης
458 2881 557 2953 τῆς
589 2880 861 2953 τροπεδος.
886 2878 1128 2934 Τοιοῦτοι
1153 2879 1211 2933 δὲ
1250 2876 1489 2950 Ἑϐραῖοι
1521 2879 1725 2951 δυσμα-

149 2974 280 3039 θεῖς.

215 3233 320 3288 Καί
348 3250 439 3305 μοι
486 3232 719 3305 σφοδρὸς
755 3231 786 3283 ό
825 3230 1001 3299 γέλως
1030 3229 1293 3302 ἐμπίπτει
1317 3268 1333 3293 ,
1377 3229 1506 3283 ὅταν
1529 3228 1724 3294 αὐτοὺς

160 3325 434 3397 θεάσωμαι
469 3323 854 3389 ἀνυποδὲτους,
891 3324 948 3376 ὲν
977 3321 1191 3385 λευκοῖς
1229 3321 1459 3393 τρίϐωσι
1506 3338 1726 3393 περινο-

156 3414 395 3478 στοῦντας
412 3413 487 3467 τά
512 3412 747 3484 ἀμφοδα·
779 3411 979 3474 ὃνειδος
1001 3410 1298 3473 Μωῦσέως,
1329 3408 1592 3480 αἰσχύνην
1617 3409 1727 3464 τῶν

157 3506 436 3578 πωτῶν
463 3546 481 3571 ,
527 3506 848 3576 γεννήματα
894 3502 990 3557 τοῦ
1034 3501 1291 3574 ’Δϐραὰμ
1314 3500 1686 3574 ἀμϐλωθρίδια
1711 3518 1723 3531 ο

156 3594 357 3659 δούλους
378 3595 483 3665 τῆς
507 3592 842 3664 ἀφροσύνης,
878 3593 1005 3655 τοὺς
1029 3591 1128 3661 τῆς
1177 3589 1493 3661 ἐλευθερίας
1541 3589 1690 3654 υἱούς
1710 3607 1723 3619 ·

157 3687 373 3758 ἀμαθεῖς
407 3686 508 3740 καὶ
540 3685 777 3756 ἀνόμους
798 3700 811 3714 ’
845 3684 973 3747 τοὺς
1012 3683 1172 3755 δῆθεν
1210 3682 1459 3753 μαθητὰς
1507 3681 1600 3738 τοῦ
1640 3682 1728 3736 v6-

158 3795 270 3847 μου,
292 3777 672 3839 ἀπολέσαντας
703 3775 805 3845 τῆς
836 3774 1116 3838 ἐκϐάσεως
1142 3774 1242 3845 τὴν
1275 3772 1497 3849 ἐλπίδα,
1539 3773 1728 3847 ἐπειδὴ

156 3868 265 3932 τοὺς
298 3866 509 3928 minus;
543 3863 638 3918 τοῦ
683 3862 970 3935 μέλλοντος
1026 3861 1264 3925 συνετῶς
1304 3862 1406 3915 οὐκ
1456 3862 1725 3927 ἐδέξαντο.

157 3958 383 4029 Μωῦσῆς
399 3958 511 4028 γὰρ
528 3958 636 4011 πᾶν
662 3955 691 4009 ὂ
711 3954 966 4028 ἔπραττε,
987 3954 1094 4007 τῶν
1115 3955 1195 4017 είς
1219 3953 1344 4007 ὓστε
1353 3970 1441 4024 ρον
1458 3954 1729 4023 ἐσομένων

160 4048 338 4102 εἴδωλα
372 4046 722 4121 προετύπου·
781 4045 888 4099 κᾶν
934 4043 1031 4117 τὴν
1080 4046 1455 4118 σκηνοπηγίαν
1499 4047 1592 4100 καὶ
1631 4045 1728 4117 τὴν

161 4140 453 4211 ὑπόμνησιν
486 4138 599 4192 τῶν
644 4137 984 4207 σαλπίγγων,
1022 4136 1224 4207 ὁμοίως
1257 4135 1356 4207 τὴν
1401 4137 1727 4209 περιτομὴν,

160 4231 219 4285 τὰ
258 4233 470 4303 ἄζυμα,
513 4229 615 4293 τὰς
662 4228 943 4300 πικρίδας.
988 4228 1175 4281 Πάντα
1201 4223 1269 4299 ἦν
1300 4229 1484 4281 ἐκεῖνα
1526 4229 1625 4298 τῆς
1671 4228 1730 4280 ὲν

161 4305 677 4393 Χριστῴπολιτείας
720 4319 1036 4392 μηνύματα,
1072 4320 1285 4393 εἰκόνες
1313 4321 1723 4393 ,προχαραχθεῖ-

165 4430 243 4466 σαι
269 4417 379 4477 τοῖς
407 4416 474 4467 ἐκ
500 4412 870 4483 προσαγωγῆς
901 4428 1262 4483 μυσταγωγου
1271 4412 1451 4483 μένοις
1474 4413 1610 4484 πρὸς
1629 4414 1727 4487 τὴν

163 4502 440 4557 τελείωσιν.

238 4680 371 4750 Ἐγὼ
398 4681 501 4754 μὲν
521 4680 632 4753 γὰρ
655 4681 683 4733 ὁ
709 4679 1055 4751 Χριστιανὸς,
1084 4678 1179 4733 καὶ
1198 4676 1292 4732 τοῦ
1325 4678 1732 4750 σταυρωθέντος

166 4773 352 4839 δοῦλος,
386 4773 640 4846 νηστεύω
687 4772 890 4837 καλῶς,
927 4771 1037 4825 εἴτε
1079 4770 1217 4843 πρὸς
1257 4769 1356 4842 τὴν
1398 4769 1589 4824 ἐλπίδα
1633 4772 1732 4841 τῆς

168 4866 497 4931 ἀναστάσεως
531 4865 768 4937 ἐμαυτὸν
792 4862 1157 4933 ἐκκαθαίρων,
1183 4861 1294 4915 εἴτε
1323 4861 1731 4931 ὲπιστυγνάζων

168 4957 645 5025 ὡς’φιλοδὲσποτος
671 4955 858 5018 δοῦλος
886 4956 998 5018 τοῖς
1020 4952 1112 5006 τοῦ
1146 4950 1352 5024 Κυρίου
1385 4968 1485 5023 μου
1512 4952 1731 5006 πάθεσι.

170 5046 233 5099 Σὺ
259 5047 312 5101 δὲ
333 5047 361 5100 ό
384 5047 495 5101 τῶν
518 5045 727 5116 φονέων
757 5044 871 5108 υἱὸς
904 5045 998 5099 καὶ
1032 5043 1140 5099 τῶν
1165 5043 1258 5096 τὸν
1295 5043 1466 5114 ἀμνὸν
1499 5042 1733 5112 σφαξάν-

170 5153 264 5192 των
292 5140 580 5209 ἀπόγονος,
640 5138 733 5191 καὶ
760 5138 860 5208 τὴν
894 5135 1258 5209 κληρονομίαν
1287 5135 1379 5189 τοῦ
1419 5135 1735 5207 ὲκχεθέντος

171 5229 379 5299 αἵματος
409 5233 474 5285 ὲκ
500 5229 611 5283 τῶν
642 5229 897 5300 πατέρων
927 5228 1239 5298 δεξάμενος,
1268 5227 1378 5281 τῶν
1402 5226 1577 5293 οὕτως
1610 5230 1737 5282 ὲαυ-

172 5325 270 5386 τοῖς
319 5324 411 5375 καὶ
466 5323 581 5385 τοῖς
636 5321 849 5385 τέκνοις
906 5319 1294 5391 ἐπευξαμένων
1322 5359 1338 5384 ,
1392 5318 1532 5392 ὑπὲρ
1589 5320 1732 5385 τίνος

174 5413 462 5489 νηστεύειςς
500 5413 646 5468 είπέ.
677 5412 739 5467 El
786 5413 885 5485 μὲν
909 5412 984 5477 ὡς
1020 5410 1296 5483 μετανοῶν
1321 5411 1405 5482 ἐφ’
1439 5405 1519 5474 οἷς
1548 5410 1734 5483 ἦμαρ-

174 5518 270 5570 τες,
296 5503 760 5576 ύπερασπάζομαί
787 5521 846 5557 σε
870 5504 972 5576 τῆς
1003 5501 1249 5575 γνώμης,
1285 5502 1379 5558 καὶ
1413 5500 1733 5559 καταλιπὼν

242 5710 284 5744 ⁸³
306 5710 484 5768 Judic.
516 5682 639 5773 xttt,
675 5706 708 5762 5
746 5721 867 5775 sqq.

1825 1863 1965 1912 rum,
2021 1857 2075 1903 et
2122 1847 2463 1904 Oblivisceris
2498 1850 2626 1917 cibi,
2692 1852 2851 1907 sicuti
2904 1855 3130 1923 p0pulus
3166 1865 3404 1926 _secutus

1822 1936 2029 2004 Iesum,
2086 1943 2177 2011 qui
2219 1942 2384 1996 verbo
2431 1950 2487 1996 et
2536 1956 2699 2012 opere
2732 1944 2981 2000 docebat.
3027 1944 3402 2002 Revereantur

1825 2031 2248 2101 intemperantes
2300 2044 2356 2089 et
2393 2035 2758 2106 voluptatibus
2797 2036 2960 2093 dediti
2995 2037 3235 2105 Graecos,
3300 2040 3404 2096 boc

1826 2129 1931 2186 est,
1967 2122 2197 2192 gentiles
2227 2132 2280 2177 et
2312 2121 2550 2192 Judwos,
2578 2127 2668 2196 qui
2699 2126 2968 2198 jejunant,
3019 2130 3222 2185 frustra
3271 2133 3399 2200 qui-

1823 2212 1946 2266 dem
1988 2222 2042 2267 et
2090 2213 2209 2270 sine
2263 2214 2666 2284 emolumento;
2718 2233 2844 2272 nam
2877 2226 3081 2276 temere
3122 2236 3182 2277 se
3224 2221 3402 2278 inedia

1825 2305 2056 2359 multant
2087 2315 2142 2359 et
2170 2314 2485 2371 macerant;
2522 2307 2873 2364 nihilominus
2903 2319 3080 2366 tamen
3111 2312 3400 2382 jejunium,

1823 2406 1881 2452 ut
1910 2412 2020 2451 rem
2056 2396 2215 2453 seriis
2240 2409 2294 2454 et
2326 2400 2588 2472 gravibus
2602 2401 2910 2458 hominibus
2930 2402 3145 2474 dignam
3167 2416 3220 2461 et
3241 2421 3401 2461 aemu-

1824 2489 2060 2557 laudam,
2088 2494 2409 2562 suscipiunt.
2452 2495 2794 2551 Christianos
2837 2497 2994 2552 decet
3041 2498 3270 2556 instituti
3319 2503 3401 2557 sui

1825 2590 2074 2638 accurata
2105 2583 2438 2651 observatio,
2467 2596 2524 2641 et
2553 2602 2721 2644 sacrae
2754 2589 3101 2645 institutionis
3144 2593 3401 2659 gravitas,

1823 2675 2017 2745 quippe
2045 2678 2240 2746 quibus
2271 2694 2397 2733 vera
2438 2687 2493 2735 et
2528 2695 2662 2750 pura
2714 2682 2929 2750 pietatis
2981 2684 3216 2741 colenda
3265 2687 3409 2742 ratio

1824 2772 2093 2834 suppetat,
2128 2765 2228 2834 Qui
2251 2767 2368 2825 siue
2394 2767 2496 2824 hac
2523 2770 2574 2823 in
2611 2770 2803 2826 morali
2827 2773 2979 2842 quasi
3011 2774 3409 2831 exercitatione

1795 2854 2123 2931 'elaboraut,
2146 2858 2353 2915 similes
2395 2860 2529 2915 mihi
2562 2861 2812 2918 videntur
2868 2864 2998 2929 illis,
3046 2866 3137 2934 qui
3184 2866 3406 2921 domum

1825 2947 1941 3003 sine
1996 2946 2346 3007 fundamento
2390 2952 2684 3019 adiﬁcant,
2745 2964 2839 3009 aut
2887 2954 3010 3019 illis,
3066 2957 3158 3027 qui
3213 2973 3407 3013 navem

1826 3050 2172 3108 construunt,
2222 3043 2426 3100 omissa
2482 3044 2691 3105 carina.
2753 3042 2912 3104 Tales
2963 3060 3092 3105 sunt
3146 3049 3409 3106 indociles

1752 3120 1795 3177 ο
1829 3129 2059 3186 Ηθιπασί.

1894 3220 2005 3277 Nec
2046 3224 2214 3279 risum
2251 3234 2438 3282 tenere
2484 3226 2659 3293 valeo,
2716 3230 2933 3300 quando
2975 3233 3179 3302 aspicio
3228 3248 3411 3290 excat-

1826 3321 2029 3379 ceatos,
2054 3323 2108 3369 et
2131 3316 2378 3372 candidis
2403 3318 2583 3387 palliis
2610 3320 2825 3377 indutos
2861 3323 3096 3381 circuire
3123 3327 3359 3396 compita
3386 3344 3406 3396 ;

1827 3403 2082 3475 probrum
2112 3405 2334 3477 Moysis,
2379 3416 2433 3463 et
2479 3409 2714 3467 dedecus
2738 3416 3147 3484 pmpbetarum,
3191 3428 3246 3477 et
3288 3435 3409 3486 eos,

1827 3497 1919 3567 qui
1957 3508 2113 3553 erant
2141 3500 2415 3570 genimina
2460 3502 2714 3571 Abrahae,
2748 3522 2894 3562 nunc
2932 3509 3191 3565 abortivis
3234 3526 3407 3567 annu«

1828 3590 2067 3657 merari;
2098 3607 2391 3663 servosque
2423 3594 2748 3665 insipientia:
2770 3598 2942 3658 factos
2969 3600 3109 3666 illos,
3132 3603 3224 3672 qui
3251 3615 3409 3659 erant

1828 3679 1924 3733 lilii
1959 3679 2248 3748 libertatis,
2293 3682 2542 3741 indoctos
2573 3695 2631 3743 et
2676 3687 2913 3759 exleges,
2946 3692 3038 3761 qui
3085 3692 3215 3748 olim
3250 3706 3408 3750 erant

1829 3771 2078 3841 discipuli
2117 3772 2286 3844 legis;
2321 3776 2414 3845 qui
2455 3792 2605 3848 spem
2650 3777 2991 3838 liberationis
3033 3792 3089 3838 et
3137 3785 3408 3842 evasiouis

1829 3865 2148 3932 amiserunt,
2184 3875 2467 3939 postquam
2502 3868 2704 3941 ﬁguras
2725 3869 3026 3929 futurorum
3054 3874 3219 3932 stulte
3252 3893 3410 3948 repu-

1831 3955 2331 4031 diarunt:Moyses
2379 3958 2559 4025 enim,
2610 3961 2664 4016 in
2706 3962 2959 4019 omnibus
3021 3979 3140 4032 quae
3191 3968 3407 4036 agebat,

1831 4044 2133 4101 futurorum
2196 4047 2459 4118 imagines
2520 4048 2931 4120 prmformabat;
2983 4052 3100 4108 sive
3143 4055 3408 4126 jejunium

1832 4137 2130 4202 intuearis,
2174 4137 2290 4194 sive
2356 4142 2733 4212 scenopegiam
2783 4157 2879 4199 seu
2939 4145 3410 4202 tabernaculorum

1831 4229 2281 4295 exstructionem,
2334 4232 2453 4288 sive
2503 4244 3073 4291 commemorattonem
3118 4237 3408 4304 tubarum,

1833 4320 1946 4375 sive
1990 4322 2486 4393 circumcisionem,
2536 4340 2722 4397 azyma
2756 4335 2812 4381 et
2849 4327 3089 4384 lactucas
3131 4338 3399 4399 agrestes.

1833 4410 2022 4467 Omnia
2052 4413 2168 4469 haec
2198 4410 2521 4475 Christianae
2550 4417 2825 4487 religionis
2866 4427 3183 4489 argumenta
3233 4429 3407 4483 erant,

1835 4509 1889 4555 et
1920 4500 2181 4570 imagines
2217 4503 2323 4581 illis
2350 4503 2768 4573 praedeliueatae,
2802 4506 2892 4575 qui
2937 4506 3001 4562 ad
3030 4505 3407 4575 perfectionem

1786 4618 1793 4624 -
1834 4591 2205 4648 initiabantur.

1904 4681 2018 4753 Ego
2048 4684 2262 4752 quidem
2302 4685 2648 4743 Christianus
2682 4697 2738 4744 et
2765 4687 3020 4744 Crucilixi
3067 4704 3257 4747 servus
3285 4704 3411 4760 gra-

1835 4775 1980 4830 viter
2006 4775 2059 4829 in
2083 4774 2304 4847 jejunit's
2335 4793 2420 4832 me
2455 4793 2704 4843 exerceo.
2731 4780 2845 4836 sive
2874 4790 2931 4836 ut
2956 4780 3024 4836 ad
3053 4795 3202 4850 spem
3234 4796 3413 4836 resur-

1839 4867 2094 4924 rectionis
2143 4884 2228 4924 me
2284 4870 2460 4940 ipsum
2518 4884 2854 4941 expurgem,
2932 4872 3048 4929 sive
3101 4879 3161 4926 ut
3201 4871 3409 4926 Domini

1832 4973 2023 5014 amans
2075 4975 2268 5017 servus
2312 4962 2645 5018 cruciatibus
2677 4963 2889 5019 Domini
2940 4962 3043 5019 mei
3089 4962 3411 5031 compatiar.

1833 5048 1918 5105 Tu
1968 5066 2120 5119 vero,
2174 5068 2208 5107 o
2269 5053 2670 5109 homicidarum
2719 5054 2920 5125 proles,
2973 5063 3029 5110 et
3084 5066 3268 5109 eorum
3322 5053 3414 5123 qui

1833 5144 2043 5214 Agnum
2074 5153 2381 5200 mactarunt
2406 5161 2699 5215 pronepos,
2735 5146 2827 5215 qui
2857 5145 3228 5202 bznreditatem
3257 5144 3413 5200 eﬂusi

1838 5234 2118 5304 sanguinis
2170 5250 2200 5288 a
2249 5237 2494 5306 patribus
2534 5236 2947 5308 accepisti,'qui
2981 5252 3102 5293 eam
3151 5235 3276 5292 ﬁliis
3305 5238 3418 5292 suis

1842 5325 2124 5394 ituprecati
2149 5338 2297 5394 sunt,
2330 5328 2489 5399 cujus
2518 5343 2684 5385 causa
2726 5329 2976 5401 jejunae?
3015 5330 3071 5386 Si
3105 5329 3417 5402 pmnitentia

1844 5415 2036 5473 ductus
2064 5417 2133 5471 ob
2168 5432 2231 5473 ea
2257 5433 2379 5489 qum
2404 5419 2654 5488 patrasti,
2675 5419 3022 5476 vehementer
3053 5419 3212 5476 laudo
3232 5419 3409 5475 volun-

1848 5514 2010 5563 tatem
2058 5516 2204 5564 tuam
2237 5527 2251 5565 :
2285 5509 2472 5573 relicta
2503 5510 2668 5584 igitur
2706 5510 3114 5584 maliguautium
3146 5524 3420 5583 synagoga
