3828 6306
386 284 492 351 331
1665 276 1727 337 ε.
1762 258 1993 335 Λετεῆ

2111 269 2379 330 .MASENI
3550 261 3676 323 388

392 409 590 466 Iuntina
636 408 704 465 ad
733 405 944 479 piorum
989 402 1309 461 Ecclesiam.
1357 400 1491 458 Veni
1538 391 1606 456 ad
1652 399 1968 466 sanguinem

2111 392 2171 465 ην
2201 387 2523 460 συναγωγήν
2561 387 2672 443 τῶν
2715 387 3188 461 πονηρευομένων,
3241 385 3478 479 σπεῦσον
3517 382 3675 459 πρὸς

392 503 555 572 Agni,
588 510 644 559 et
673 472 961 572 aspergere
994 517 1010 555 :
1035 498 1160 553 inde
1184 496 1328 555 enim
1355 494 1450 550 tibi
1479 491 1715 561 expiatio
1734 489 1968 555 eveniet,

2111 485 2169 553 ην
2198 479 2527 550 Ἐκκλησίαν
2547 478 2657 533 τῶν
2681 478 2939 533 εὐσεϐῶν.
2976 477 3131 532 Ἐλθὲ
3152 476 3292 549 πρὸς
3311 475 3375 530 τὸ
3394 472 3538 548 αἷμα
3560 474 3673 531 τοῦ

394 595 541 649 unde
574 603 851 662 peccatum
906 589 1249 646 contraxisti.
1288 585 1344 642 Si
1395 599 1524 639 vero
1566 598 1707 638 nunc
1756 595 1971 650 quoque

2111 571 2240 645 μνοῦ
2274 572 2367 625 καὶ
2395 570 2730 642 ῥαντίσθητι.
2773 569 3013 624 Ἐκεῖθεν
3045 571 3156 642 γάρ
3185 586 3269 623 σοι
3302 568 3537 640 ὑπάρξει
3563 568 3675 621 καὶ

398 658 635 754 antiquis
661 683 914 752 alligatus
956 695 1035 745 es,
1091 680 1220 751 quid
1266 678 1368 733 sibi
1411 676 1526 731 vult
1569 666 1895 730 abstinentia
1926 674 1970 741 fa

2147 662 2436 735 κάθαρσις,
2484 661 2608 716 ὅθεν
2655 662 2970 733 συνεστήσω
3017 660 3116 732 τὴν
3163 659 3457 732 ἁμαρτίαν.
3502 661 3569 714 Εἰ
3605 658 3674 712 δὲ

397 774 578 831 cibis?
613 776 694 829 An
722 773 979 833 Niloticos
1006 770 1310 827 crocodilos
1348 768 1602 832 imitaris,
1633 779 1769 835 quos
1798 764 1968 827 aiunt,

398 867 666 934 capitibus
702 850 1022 927 hominum,
1041 878 1177 933 quos
1226 862 1579 920 devorarunt,
1620 859 1970 929 illacrymari,

397 972 451 1016 et
483 962 610 1015 ﬁetu
641 956 898 1028 prosequi
934 957 1133 1010 caedem
1162 972 1177 1009 :
1206 968 1309 1007 non
1338 952 1479 1021 qund
1505 951 1611 1005 ulla
1640 949 1976 1019 paenitudine

401 1060 714 1122 tangantur,
746 1047 1039 1122 (quomodo
1070 1046 1213 1100 enim
1244 1042 1576 1115 poenitentia:
1607 1056 1768 1097 sensu
1799 1040 1977 1095 allice-

400 1152 591 1197 rentur
629 1137 882 1194 animalia
928 1134 1154 1190 rationis
1180 1132 1421 1202 expertia
1468 1138 1525 1186 et
1555 1127 1857 1200 aquatica?)
1883 1126 1978 1183 sed

402 1233 683 1304 deplorant
702 1238 884 1300 caput,
915 1239 979 1282 eo
1006 1226 1288 1297 quodcum
1318 1237 1484 1279 carne
1509 1229 1712 1287 careat,
1738 1221 1976 1290 ineptum

401 1325 474 1379 sit
515 1325 584 1377 ad
620 1319 841 1378 cibum?
878 1318 1070 1374 Simile
1112 1316 1239 1388 quid
1274 1326 1329 1372 et
1353 1316 1494 1371 circa
1520 1312 1783 1385 jejunium
1814 1326 1982 1382 appa-

403 1424 505 1470 ret.
537 1412 761 1470 Cltoreze
805 1418 861 1466 et
893 1408 1210 1465 saltationes
1248 1407 1313 1460 ad
1349 1405 1736 1463 abstinentiam
1778 1405 1982 1459 media-

404 1502 587 1566 triees,
632 1499 905 1555 adversari
945 1498 1000 1553 in
1047 1497 1279 1565 speciem
1306 1494 1589 1559 videntur;
1638 1509 1760 1548 nam
1811 1493 1981 1548 absti-

405 1593 588 1648 nentia
615 1600 698 1646 est
722 1586 1105 1645 contractioris
1138 1586 1273 1641 vitae
1304 1593 1359 1640 et
1403 1583 1667 1640 decentia;
1701 1581 1981 1654 magistra,

405 1685 602 1738 eborea
631 1692 811 1736 autem
856 1680 1051 1735 mentis
1095 1693 1189 1747 per
1228 1675 1422 1733 multas
1452 1674 1835 1733 immoderatas
1885 1690 1983 1731 vo-

406 1774 637 1837 luptates
672 1771 878 1830 diﬁ‘usae
913 1771 1075 1826 index
1101 1780 1204 1828 est.

479 1951 787 2007 Memineris
829 1949 1050 2007 Mosaici
1101 1948 1246 2005 illius
1293 1947 1420 2004 dicti
1459 1946 1721 2003 :Decima
1771 1944 1985 2015 septimi

410 2046 617 2102 mensis
647 2054 858 2115 oportet
877 2044 1127 2115 jejunare
1148 2043 1217 2096 “.
1241 2039 1519 2112 Signiﬁcat
1553 2041 1695 2096 enim
1728 2039 1986 2109 septimus

413 2138 618 2194 mensis
658 2137 944 2205 septimum
999 2135 1161 2202 diem,
1204 2143 1259 2190 et
1300 2134 1509 2188 decima
1565 2133 1679 2188 dies
1720 2132 1986 2188 decimam

411 2232 621 2296 horam,
665 2244 767 2302 qua
796 2227 1046 2284 Christus
1072 2228 1124 2282 in
1158 2240 1318 2282 cruce
1342 2226 1523 2280 emisit
1560 2224 1829 2295 spiritum.
1865 2221 1990 2278 Cui-

412 2324 542 2379 Iibet
567 2323 728 2377 etiam
759 2322 833 2377 rei
862 2333 973 2375 suae
1010 2329 1135 2375 sunt
1166 2319 1266 2373 sub
1294 2332 1511 2375 sensum
1545 2317 1798 2372 cadentes
1827 2323 1987 2380 nota),

410 2429 482 2471 ex
515 2414 711 2483 quibus
740 2410 1143 2482 inaspectabilis
1174 2408 1389 2464 affectio
1417 2417 1471 2464 et
1493 2406 1773 2477 dispositio
1796 2405 1990 2487 animae

412 2500 775 2577 cognoscitur.
813 2501 892 2559 Tu
937 2516 1065 2557 vero
1103 2517 1219 2566 cur,
1256 2516 1375 2571 quze
1427 2500 1644 2555 misceri
1699 2504 1991 2568 nequeunt,

414 2599 666 2664 miscere,
710 2605 762 2652 et
814 2597 866 2650 in
912 2596 1051 2650 idem
1099 2608 1217 2663 quae
1265 2601 1512 2662 separata
1576 2601 1704 2647 sunt
1749 2591 1994 2660 redigere

414 2685 629 2741 tentas?
657 2683 867 2738 Habent
899 2693 950 2738 et
977 2683 1112 2737 alias
1142 2682 1531 2745 solemnitates,
1570 2695 1801 2749 quarum
1832 2679 1991 2734 aliam

414 2785 614 2832 vocant
643 2774 1056 2846 Scenopegiam,
1091 2789 1186 2829 seu
1216 2772 1413 2828 festum
1447 2769 1943 2827 Tabernaculorum
1975 2784 1992 2833 ;

416 2864 583 2923 aliam
617 2866 890 2921 'i‘ubarum
921 2866 1352 2921 recordationem
1398 2879 1496 2919 seu
1523 2863 1995 2917 commemoratio-

416 2974 581 3025 nem;
634 2971 734 3012 nec
766 2957 1071 3029 intelligunt
1124 2956 1333 3021 miseri,
1385 2969 1445 3010 se
1489 2953 1800 3009 Christiana
1857 2952 1996 3009 festa

414 3049 590 3113 obire,
628 3048 754 3118 quia
778 3048 1078 3102 exstructio
1112 3045 1585 3102 tabernaculorum
1629 3056 1712 3099 est
1738 3057 1993 3113 expressa

421 3139 591 3209 ﬁgura
626 3138 904 3201 Ecclesiae,
931 3153 1090 3209 quam
1123 3137 1262 3194 Deus
1293 3137 1527 3193 Verbum
1559 3136 1830 3191 excitavit.
1866 3134 1997 3188 Eant

417 3232 491 3287 ob
520 3246 741 3286 causam
774 3230 917 3285 foliis
954 3239 1153 3285 ornant
1199 3229 1630 3294 tabernaculum,
1679 3236 1735 3282 et
1791 3241 2001 3296 proscc-

408 3324 571 3381 .nium
605 3323 720 3378 sive
746 3322 1069 3378 vestibulum
1101 3322 1380 3377 frondibus
1411 3331 1466 3376 et
1497 3319 1762 3375 fructibus
1797 3319 1998 3375 conde-

419 3421 632 3476 corant,
665 3421 721 3467 ut
756 3412 1114 3484 signiﬁcetur,
1163 3427 1358 3467 novam
1403 3412 1545 3467 hanc
1575 3420 1631 3466 et
1664 3410 1998 3466 fructiferam

421 3503 718 3561 Ecclesiam
765 3506 867 3577 legi
915 3505 1261 3571 successisse,
1317 3513 1372 3558 et
1423 3506 1578 3574 quasi
1625 3503 1997 3569 succrevisse;

421 3597 699 3652 Tubarum
730 3612 858 3651 vero
890 3596 1085 3651 festum
1127 3596 1368 3651 incendit
1396 3597 1625 3659 animos,
1674 3604 1733 3650 ut
1777 3595 2003 3665 quilibet

423 3690 584 3743 homo
609 3688 839 3743 sollicite
861 3702 921 3742 se
941 3688 1010 3743 ad
1036 3689 1491 3743 resurrectionem
1521 3696 1820 3757 praeparet;
1851 3702 2000 3752 nam,

326 3798 332 3804 ·
400 3781 591 3855 Paulo
629 3790 765 3836 teste
788 3782 856 3837 ’τι
879 3780 1027 3836 Tuba
1050 3791 1221 3846 canet,
1256 3791 1303 3836 et
1331 3782 1523 3835 mortui
1545 3791 1831 3850 resurgant.
1856 3780 2001 3835 Idem

424 3870 583 3927 docet
627 3870 874 3927 Salvator
925 3873 978 3927 in
1039 3872 1327 3943 Evangelia
1364 3886 1380 3925 :
1422 3871 1597 3926 Mittet
1637 3872 1848 3943 angelos
1879 3888 2003 3926 suos

424 3979 543 4017 cum
569 3964 691 4017 tuba
722 3973 772 4018 et
796 3980 918 4018 race
937 3980 1155 4035 magna,
1181 3975 1230 4019 et
1259 3965 1643 4036 congregabunt
1675 3967 1863 4020 electos
1887 3965 2002 4035 ejus

424 4072 459 4107 α
483 4065 707 4123 quatuor
748 4056 962 4111 ventisa
985 4059 1204 4111 summis
1242 4058 1487 4112 calorum
1525 4073 1685 4128 usque
1725 4058 1794 4112 ad
1824 4058 2005 4113 terrui-

428 4162 520 4201 nos
558 4163 737 4201 eorum
774 4147 841 4202 ".

498 4319 623 4375 Haec
650 4332 700 4375 et
744 4322 941 4377 similia
971 4338 1095 4378 eum
1125 4323 1364 4381 Hebraeis
1403 4342 1431 4381 a
1467 4326 1623 4383 nobis
1655 4327 1997 4400 objiciuntur,

2073 756 2153 809 ἔτι
2173 756 2268 808 καὶ
2290 754 2385 808 νῦν
2408 756 2521 816 τοῖς
2548 754 2730 817 αὐτοῖς
2755 752 3130 825 προσδέδεσαι,
3153 752 3208 807 τί
3241 766 3323 806 σοι
3350 752 3607 823 βούλεται
3630 750 3671 822 ἡ

2074 846 2255 919 ἀποχὴ
2294 845 2402 899 τῶν
2450 845 2671 911 σιτίων;
2701 846 2774 899 "H
2812 844 2941 908 τοὺς
2965 845 3240 917 Νειλῴους
3279 844 3674 915 κροκοδείλους

2079 943 2249 1012 μιμῇ,
2274 935 2370 1001 οῦς
2399 953 2529 1005 φασι
2552 940 2672 1002 ταῖς
2691 936 2957 1008 κεφαλαῖς
2986 937 3304 1009 ἐπιθρηνεῖν
3317 936 3426 990 τῶν
3448 935 3675 1006 ἀνθρώ-

2077 1046 2196 1084 πων
2229 1013 2305 1083 ὧν
2345 1028 2571 1099 ἔφαγον,
2606 1028 2704 1083 καὶ
2739 1027 2999 1099 δακρύειν
3028 1028 3121 1082 τὸν
3167 1027 3348 1097 φόνον,
3394 1025 3456 1079 ού
3491 1025 3674 1097 μετά-

2077 1138 2224 1177 νοιαν
2242 1120 2337 1176 τοῦ
2352 1121 2646 1192 γενομένου
2679 1120 3054 1192 λαμϐάνοντας
3086 1119 3229 1190 (πῶς
3252 1117 3361 1193 γὰρ
3385 1117 3455 1172 τά
3489 1117 3676 1186 ἄλογα

2079 1213 2245 1285 θηρία
2284 1215 2378 1268 καὶ
2404 1213 2601 1286 ἔνυδρα
2620 1232 2635 1278 ;
2654 1212 2700 1284 ),
2747 1212 2885 1266 ἀλλὰ
2931 1213 2994 1266 τὸ
3024 1212 3264 1283 άσαρκον
3285 1210 3387 1282 τῆς
3418 1209 3675 1280 κεφαλῆς

2079 1304 2458 1377 ὀδυρομένους,
2487 1303 2563 1368 ὡς
2597 1305 2678 1367 είς
2707 1302 2909 1376 βρῶσιν
2951 1303 3055 1356 ούκ
3092 1300 3417 1372 ἐπιτήδειον;
3451 1292 3581 1354 Οἷον
3609 1297 3677 1351 δὲ

2082 1394 2175 1450 καὶ
2203 1396 2267 1448 τὸ
2294 1396 2424 1469 περὶ
2446 1394 2547 1466 τὴν
2570 1395 2824 1467 νηστείαν
2854 1394 3058 1465 σχῆμα.
3099 1392 3326 1464 Χορεϊαι
3361 1391 3456 1444 καὶ⁸
3496 1389 3680 1462 ὀρχή-

2084 1508 2218 1556 σεις,
2244 1489 2345 1562 τῆς
2377 1489 2622 1554 άσιτείας
2666 1488 2738 1543 τά
2785 1488 2927 1561 μέσα
2969 1487 3064 1542 καὶ
3108 1485 3402 1551 ἐπεισόδια,
3428 1485 3680 1556 πρᾶγμα

2080 1584 2162 1655 τῷ
2190 1585 2432 1655 σχήματι
2458 1581 2539 1653 τῷ
2567 1583 2879 1653 φαινομένῳ
2916 1580 3255 1651 μαχόμενον·
3290 1576 3516 1649 νηστεία
3558 1576 3681 1646 γάρ

2088 1674 2421 1738 πυκνώσεως
2459 1674 2553 1728 καὶ
2583 1672 2820 1743 ιωσμίας
2853 1670 3193 1742 καταπολῆς
3232 1672 3434 1723 νοεῖται
3471 1666 3682 1723 παιδα-

2014 1737 2060 1795 B
2083 1768 2296 1840 γωγδς,
2334 1766 2525 1838 χορεία
2566 1766 2625 1820 δὲ
2672 1737 2963 1838 έρμηνεύει
3005 1763 3068 1818 τὺ
3108 1737 3500 1834 διακεχυμένον
3546 1763 3682 1825 ταῖς

2082 1861 2344 1933 ἀκράτοις
2373 1860 2470 1913 καὶ
2493 1858 2716 1921 πολλαῖς
2738 1856 3075 1920 εὐπαθείαις.

2155 1951 2548 2023 Μνημόνευσον
2581 1950 2690 2022 γὰρ
2734 1947 2973 2003 ἐνταῦθα
3016 1945 3182 2019 ῥητοῦ
3220 1944 3316 1999 τοῦ
3367 1942 3682 2001 Μωσαῖκοῦ

2087 2043 2179 2099 τοῦ
2220 2043 2494 2112 λέγοντος,
2534 2044 2602 2114 τῇ
2641 2040 2846 2113 δεκάτῃ
2876 2039 2972 2094 τοῦ
3007 2039 3235 2111 ἑϐδόμου
3265 2037 3435 2110 μηνὸς
3472 2037 3682 2109 χρῆναι

2087 2134 2390 2208 νηστεύειν.
2435 2133 2598 2206 Δηλοῖ
2644 2132 2753 2205 γάρ
2786 2135 2816 2189 ὀ
2853 2132 3081 2204 ἕϐδομος
3136 2132 3242 2203 μὴν
3282 2130 3383 2201 τὴν
3436 2129 3687 2199 ἑϐδόμην

2090 2226 2331 2298 ἡμέραψ
2364 2228 2398 2296 ή
2426 2226 2483 2279 δὲ
2513 2225 2717 2295 δεκάτη
2752 2225 2966 2296 ἡμέρα,
2998 2223 3098 2295 τὴν
3123 2222 3359 2294 δεκάτην
3391 2220 3565 2293 ὥραν,
3616 2222 3683 2273 ἐν

2089 2313 2124 2393 ᾖ
2154 2319 2183 2371 ὁ
2214 2317 2418 2390 Κύριος
2450 2318 2544 2370 ἐπὶ
2576 2316 2670 2371 τοῦ
2714 2316 2947 2388 σταυροῦ
2983 2317 3162 2387 ἀφῆκε
3190 2317 3267 2380 τὸ,
3291 2313 3532 2386 πνεῦμα.
3562 2312 3685 2367 Καὶ

2091 2411 2306 2480 ἑκάστῳ
2326 2409 2614 2481 πράγματι
2646 2408 2903 2480 ἑξαίρετά
2945 2409 3061 2462 ἔστι
3096 2408 3190 2462 καὶ
3219 2407 3288 2462 τά
3319 2423 3580 2478 σχήματα
3612 2407 3685 2459 ὲκ

2091 2499 2190 2572 τῆς
2229 2498 2555 2571 αίσθητικῆς
2603 2498 2927 2565 ἐπιφανείας
2978 2497 3079 2569 τὴν
3120 2497 3298 2569 ἄωρον
3344 2498 3444 2568 τῆς
3494 2497 3685 2566 ψυχῆς

2091 2590 2353 2663 δηλοῦντα
2372 2590 2636 2644 διάθεσινδ
2661 2591 2732 2643 Σὺ
2770 2590 2830 2644 δὲ
2860 2590 2913 2643 τί
2943 2589 3204 2662 μιγνύεις
3227 2589 3296 2642 τά
3323 2589 3552 2660 ἄμικτα,
3580 2588 3687 2642 καὶ

2095 2682 2287 2755 φύρεις
2326 2682 2387 2735 ὲν
2422 2678 2609 2750 ταυτῷ
2638 2679 2709 2733 τά
2742 2679 3165 2752 κεχωρισμένας
3201 2677 3354 2733 Εἰσὶν
3374 2680 3557 2740 αὐτοῖς
3585 2678 3688 2731 καὶ

2095 2774 2252 2830 ἄλλαι
2296 2772 2655 2845 πανηγύρεις.
2688 2771 2800 2844 Τήν
2850 2773 2948 2844 μὲν
2983 2771 3368 2844 Σκηνοπηγίαν
3407 2769 3639 2825 καλοῦσι
3661 2785 3680 2801 ·

2094 2866 2195 2936 τὴν
2241 2863 2298 2918 δὲ
2338 2863 2525 2919 ἀκούω
2569 2862 2896 2932 Σαλπίγγων
2940 2864 3279 2935 ὑπόμνησιν.
3303 2862 3574 2934 Λελήθασι
3623 2861 3687 2915 δὲ

2097 2954 2443 3030 Χριστιανῶν
2477 2956 2753 3026 μυστήρια
2797 2954 3169 3027 ἑορτάζοντες,
3216 2953 3399 3025 ἐπειδὴ
3445 2954 3546 3026 τῆς
3580 2952 3689 3024 μὲν

2023 3079 2069 3139 c
2101 3049 2308 3121 σκηνῆς
2330 3049 2363 3120 ή
2386 3047 2718 3139 δημιουργία
2743 3045 3061 3118 ἐμπρακτός
3090 3049 3223 3139 ὲστιῌ
3246 3043 3551 3118 προφητεία
3581 3048 3687 3119 τῆ,

2112 3138 2436 3209 Ἐκκλησίας
2479 3137 2682 3209 ταύτης
2705 3181 2720 3205 ,
2755 3140 2821 3209 ήν
2846 3140 2875 3191 6
2900 3139 3071 3208 Λόγος
3106 3136 3265 3209 ήμῶν
3293 3140 3687 3211 συνεστήσατο.

2098 3231 2197 3284 Διὰ
2222 3228 2404 3296 τοῦτο,
2459 3231 2553 3284 καὶ
2582 3217 2800 3300 φύλλοις
2842 3229 3107 3302 κοσμοῦσι
3158 3230 3259 3302 τὴν
3314 3230 3541 3302 σκηνὴν,
3587 3233 3692 3286 καὶ

2097 3320 2345 3393 ὀπώραις
2373 3321 2781 3387 καλλωπίζουσι
2802 3321 2873 3377 τά
2895 3323 3226 3395 προσκήνια,
3277 3325 3356 3388 είς
3388 3323 3560 3378 τύπον
3586 3324 3690 3378 τοῦ

2096 3414 2199 3486 τὴν
2242 3414 2370 3468 νέαν
2416 3415 2745 3487 Ἐκκλησίαν
2788 3414 2887 3487 τὴν
2933 3413 3215 3487 εὔκαρπον
3257 3415 3692 3471 ὑποϐλαστάνειν

2098 3505 2177 3578 τῷ
2201 3506 2371 3578 νόμῳ.
2411 3507 2477 3559 Ἠ
2505 3506 2563 3559 δὲ
2587 3506 2696 3561 τῶν
2734 3505 3056 3577 Σαλπίγγων
3087 3508 3269 3580 ἑορτὴ,
3307 3507 3565 3581 διεγείρει
3584 3508 3692 3574 τὰς

2099 3598 2279 3670 ψυχὰς
2308 3598 2446 3671 πρὸς
2470 3599 2788 3670 ἐτοιμασίαν
2810 3599 2910 3671 τῆς
2932 3600 3303 3665 ἀναστάσεως,
3331 3598 3517 3664 καθὼς
3540 3599 3683 3655 ΙΙαῶ

2100 3690 2190 3755 λός
2227 3708 2361 3762 φησι
2383 3707 2398 3721 ⁸
2430 3692 2729 3746 Σαλπίσει
2775 3692 2906 3763 γὰρ,
2962 3691 3061 3746 καὶ
3092 3695 3147 3747 οἱ
3179 3690 3379 3761 νεκροὶ
3415 3690 3691 3759 ἀγαστὴ.

2102 3796 2337 3837 vortat.
2387 3781 2642 3835 Διδάσκει
2686 3781 2745 3836 δὲ
2774 3783 2939 3848 αὐτὸς
2985 3783 3014 3833 6
3063 3783 3197 3848 Θεὸς
3250 3783 3343 3837 καὶ
3388 3782 3579 3854 Σωτήρ
3627 3785 3690 3837 ἐν

2104 3872 2460 3942 Εὐαγγελίοις
2507 3873 2718 3943 λέγων’
2778 3874 3129 3931 Ἀποστελεῖ
3180 3873 3323 3939 τοὺς
3389 3873 3689 3944 ἀγγέλους

2102 3964 2292 4023 αὑτοῦ
2315 3969 2467 4035 μετὰ
2500 3965 2841 4036 σάλπιγγος
2885 3966 2982 4020 καὶ
3017 3965 3225 4036 φωνῆς
3255 3964 3547 4036 μεγάλης,
3586 3965 3689 4020 καὶ

2100 4057 2454 4123 ἐπισυνάξει
2477 4058 2623 4124 τοὺς
2651 4057 2978 4125 ἐκλεκτοὺς
3008 4058 3196 4113 αὐτοῦ
3218 4058 3287 4113 ἐκ
3320 4057 3440 4112 τῶν
3464 4057 3691 4112 τεσσά-

2095 4171 2223 4223 ρων
2249 4150 2488 4222 ἀνέμων
2512 4151 2613 4205 ἀπ’
2641 4148 2841 4220 ἄκρων
2868 4149 3163 4220 οὐρανῶν,
3211 4149 3322 4218 ἓως
3348 4150 3548 4219 ἇκρων
3575 4151 3688 4203 αὐ-

2102 4261 2241 4299 των.

2175 4335 2393 4390 Τούτων
2408 4335 2464 4388 δὲ
2480 4333 2588 4389 τῶν
2619 4334 2793 4404 λόγων
2813 4333 3123 4399 ἀκούοντες,
3141 4334 3282 4406 τάχα
3305 4332 3528 4406 τοιαύτῃ
3554 4336 3691 4408 χρή-

427 4424 529 4463 nac
571 4409 883 4467 defensione
912 4414 1171 4469 adversus
1204 4430 1300 4471 nos
1333 4426 1586 4486 utuntur;
1619 4434 1678 4475 se
1723 4420 1837 4474 haec
1864 4418 1993 4473 festa

2111 4444 2287 4481 σονται
2343 4427 2481 4499 πρὸς
2533 4427 2682 4497 ἡμᾶς
2742 4427 3097 4499 άντιρῥήσει’
3145 4427 3227 4481 ὅτι
3282 4427 3392 4481 τῶν
3446 4428 3689 4499 ἀρχαίων

426 4501 726 4568 celebrare,
760 4503 812 4557 in
841 4505 1161 4560 memoriam
1188 4508 1599 4576 miraculorum,
1630 4522 1685 4567 et
1716 4514 1768 4567 in
1798 4512 2004 4582 gratia-

425 4606 546 4646 rum
594 4594 861 4649 actionem
918 4611 1016 4666 pro
1053 4599 1329 4655 beneﬁciis
1378 4604 1616 4673 acceptis
1658 4603 1721 4657 ad
1767 4617 2004 4658 montem

428 4681 599 4749 Sinai,
630 4693 687 4738 et
723 4688 958 4754 quando,
1008 4688 1133 4742 dum
1171 4688 1254 4743 lex
1283 4689 1534 4760 ferretur,
1575 4695 1701 4748 tuba
1748 4696 2003 4748 insonuit.

424 4768 537 4825 Nec
594 4773 1031 4831 animadvertunt
1086 4779 1275 4844 stulti,
1339 4781 1499 4834 etiam
1568 4784 1623 4837 in
1672 4781 2009 4852 legislatione

428 4864 611 4918 tubam
666 4864 993 4937 ad‘aliquid
1048 4870 1192 4926 aliud
1237 4871 1650 4942 signiﬁcandum
1710 4876 2005 4930 adhibitam

425 4970 565 5010 esse.
595 4953 731 5010 Nam
766 4973 886 5012 cum
917 4959 1007 5028 qui
1038 4960 1207 5032 legem
1253 4978 1348 5032 pro
1399 4964 1576 5027 regula
1609 4967 1732 5020 vitae
1768 4978 1913 5022 recte
1944 4983 2008 5023 ac

427 5046 623 5102 decore
648 5050 1031 5117 componenda:
1060 5052 1278 5122 accipit,
1328 5053 1516 5110 timere
1557 5056 1748 5111 debeat
1790 5072 2006 5126 ptenam

426 5149 492 5187 ex
550 5140 1027 5205 transgressione:
1066 5141 1185 5195 ideo
1247 5141 1391 5198 Deus
1456 5155 1720 5215 praecepta
1767 5147 1893 5201 vita:
1952 5147 2006 5203 in

430 5228 624 5282 tabulis
669 5228 890 5299 lapideis
940 5244 1160 5288 exarata
1205 5227 1516 5291 hominibus
1571 5240 1757 5303 edens,
1811 5242 1996 5294 statim

424 5332 610 5372 vocem
640 5322 778 5375 tuba:
804 5325 1050 5391 apposuit
1090 5326 1159 5390 ’³,
1201 5337 1258 5380 ut
1285 5336 1430 5382 esset
1464 5328 1772 5399 symbolum
1818 5347 2001 5387 resur-

426 5410 683 5465 rectionis
719 5425 787 5465 ex
815 5414 1061 5482 mortuis,
1096 5422 1159 5469 ut
1202 5419 1578 5472 mandatorum
1624 5420 1868 5491 discipuli
1905 5437 2002 5493 per

426 5502 875 5558 resurrectionem
902 5506 1250 5575 subsequeuti
1271 5506 1477 5575 judicio
1502 5510 1554 5565 in
1579 5520 1815 5569 mentem
1845 5530 2003 5571 revo-

2106 4520 2445 4593 μεμνημὲνοι
2469 4519 2788 4590 θαυμάτων,
2815 4518 2922 4571 τῶν
2944 4518 3042 4573 τοῦ
3074 4519 3209 4574 Θεοῦ
3237 4520 3566 4591 εὐεργεσιῶν
3592 4538 3690 4591 χα-

2106 4614 2262 4685 ριστή
2273 4630 2362 4684 ρια
2380 4611 2556 4665 ταῦτα
2579 4612 2947 4683 προσάγουσιν
2962 4612 3104 4685 ὑπὲρ
3123 4612 3217 4666 τοῦ
3237 4612 3396 4684 ὅρους
3422 4613 3573 4678 Σινά,
3594 4616 3691 4668 καὶ

2101 4703 2201 4773 τῆς
2240 4701 2543 4770 σάλπιγγος
2574 4689 2673 4772 τῆς
2695 4702 2981 4773 ήχησάσης
3003 4702 3063 4754 ὲν
3105 4705 3172 4773 τῇ
3203 4702 3348 4756 δόσει
3382 4702 3475 4755 τοῦ
3498 4703 3686 4773 νόμου.

2105 4793 2219 4845 Ούκ
2242 4792 2390 4845 ἴσασι
2418 4792 2474 4844 δὲ
2511 4793 2559 4845 οἱ
2588 4793 3003 4865 ματαιὸφρονες,
3032 4793 3116 4847 ὅτι
3141 4795 3234 4847 καὶ
3259 4792 3430 4866 τότεὴ
3457 4793 3691 4864 σάλπιγξ

2104 4882 2351 4946 τυπικῶς
2394 4882 2721 4954 παρελήφθη
2774 4882 3053 4956 διδομένου
3100 4884 3193 4938 τοῦ
3239 4885 3427 4956 νόμου.
3471 4884 3690 4958 Ἐπειδὴ

2105 4974 2215 5045 γάρ
2236 4975 2264 5027 ὀ
2291 4974 2453 5044 νόμον
2482 4973 2777 5045 λαμϐάνων
2816 4977 2894 5038 είς
2924 4976 3126 5030 κανόνα
3156 4975 3270 5046 βίου
3306 4976 3403 5028 καὶ
3431 4967 3692 5030 εὔτακτον

2106 5064 2405 5132 πολιτείαν,
2436 5066 2644 5135 ὀφείλει
2685 5065 2986 5121 δεδοικέναι
3032 5068 3131 5140 τήν
3170 5072 3233 5121 ὲκ
3271 5070 3372 5138 τῆς
3403 5068 3693 5140 παρακοῆς

2105 5157 2412 5228 τιμωρίαν·
2446 5156 2534 5211 διὰ
2563 5157 2725 5212 τοῦτο
2751 5160 2779 5211 6
2813 5158 2946 5223 Θεὸς
2971 5160 3038 5213 τὰ
3063 5160 3161 5230 τῆς
3189 5157 3335 5231 ζωῆς
3362 5158 3524 5229 ἡμῶν
3554 5176 3694 5232 παρ-

2108 5248 2430 5319 αγγέλματα
2488 5248 2746 5321 ἔγγραφα
2806 5254 2919 5314 τοῖς
2975 5250 3283 5321 ἀνθρώποις
3346 5250 3649 5321 ἐκπέμπων
3673 5290 3690 5315 ,

2110 5340 2272 5419 εὐθὺς
2326 5339 2635 5413 προσέθηκε
2686 5343 2780 5395 καὶ
2837 5343 2938 5413 τὴν
2997 5343 3180 5416 φωνὴν
3222 5343 3321 5413 τῆς
3369 5342 3690 5410 σάλπιγγος,

2112 5430 2378 5503 σύμϐολον
2406 5432 2507 5503 τῆς
2532 5435 2597 5485 ἐκ
2628 5434 2836 5504 νεκρῶν
2859 5435 3233 5501 ἀναστάσεως,
3264 5436 3350 5488 ἵνα
3379 5434 3429 5487 οἱ
3455 5432 3693 5504 μαθηταὶ

2082 5521 2220 5575 -τῶν
2246 5521 2713 5593 προσταγμάτων,
2741 5523 2830 5577 διὰ
2869 5524 2967 5595 τῆς
3001 5526 3353 5589 ἀναστάσεως
3381 5524 3483 5596 τὴν
3513 5525 3695 5596 κρίσιν

533 5700 581 5734 ⁸⁸
614 5701 783 5760 Levit.
814 5720 924 5776 xvr,
955 5707 1047 5766 29.
1122 5711 1167 5744 ⁸⁷
1200 5709 1222 5767 1
1254 5713 1378 5770 Cor.
1410 5730 1499 5782 xv,
1528 5716 1617 5776 52.
1689 5718 1733 5750 ’⁸
1764 5717 1955 5776 Matth.
1998 5736 2145 5791 xxiv,
2176 5723 2266 5779 31.
2349 5724 2394 5756 ³⁸
2431 5722 2605 5779 Exod.
2643 5739 2756 5789 ιιι,
2791 5724 2855 5779 19
