3828 6304
1348 309 1634 368 HOMILIA
1669 310 1785 369 XV.
1822 309 1894 369 IN
1923 311 2122 371 PSAL.
2161 314 2227 370 ν.

129 445 233 498 τεν
254 429 282 484 6
308 427 595 504 Σαλομὼν.
616 427 826 495 Σύνες,
843 425 964 483 ἀντὶ
989 421 1106 493 τοῦ,
1137 425 1373 497 Θέλησον
1391 425 1462 480 τά
1482 427 1600 480 κατ’
1625 426 1702 496 ἐμὲ

1827 425 1942 480 dit:
1970 424 2214 495 Intellige
2265 423 2542 480 clamorem
2586 437 2755 478 meum
2790 421 2908 477 :Tu
2965 425 3124 490 enim,
3184 424 3384 495 inquit,

1416 522 1456 550 κ

127 520 357 591 γνῶναι.

194 705 372 760 τοῦτο
391 703 507 778 γὰρ
529 702 752 774 ἐπάγει,
795 703 859 756 τὸ
890 702 1066 757 εἰπεῖν
1084 718 1098 732 ·
1139 700 1412 772 Πρός-χες
1443 698 1520 768 τῇ
1548 699 1718 769 φωνῇ

125 797 245 866 τῆς
264 797 538 866 ὄεήσεώς
579 815 721 868 μου.
765 797 878 851 Καὶ
925 795 1032 867 μὴν
1075 795 1224 865 φωνῇ
1275 793 1337 845 οὐ
1370 791 1714 864 προσέχεται.

137 889 301 946 ’Δλλά
329 891 428 944 καὶ
457 892 494 962 ἡ
527 889 704 962 φωνὴ,
725 889 802 944 ὅτ’
827 888 896 944 ἂν
926 887 1026 960 μὲν
1057 885 1322 958 ἀγράφως
1352 885 1712 956 προφέρηται,

125 985 248 1041 est:
271 986 446 1056 ἀκοῆς
468 985 662 1058 χρῄζει
685 1002 699 1015 -
731 985 806 1038 ὅτ’
822 982 889 1037 ἂν
907 983 965 1037 δὲ
993 983 1028 1054 ἡ
1055 981 1206 1053 φωνὴ
1231 982 1288 1034 ὲν
1309 978 1484 1053 χάρτῃ
1506 982 1711 1052 γραφῇ.

123 1078 222 1130 καὶ
250 1076 328 1146 τῷ
355 1074 576 1146 βασιλεί
612 1072 967 1147 προσενεχθῇ,
1009 1072 1129 1125 τότε
1167 1070 1244 1134 ὡς
1273 1069 1362 1122 διά
1391 1069 1498 1124 τῶν
1529 1085 1713 1140 γραμ-

124 1169 314 1239 μάτων
356 1166 625 1231 λαλοῦσα,
685 1165 980 1238 ὀφθαλμῶν
1035 1163 1223 1235 χρείαν
1267 1161 1400 1232 ἔχει.
1447 1161 1713 1225 Πολλάκις

121 1262 233 1333 γὰρ
280 1262 359 1334 μὴ
414 1259 598 1316 λαλῶν
639 1257 999 1328 ἀναγινώσκει
1042 1259 1072 1310 6
1107 1257 1310 1327 ἄρχων,
1353 1252 1448 1308 καὶ
1495 1255 1596 1324 ὁρᾷ
1623 1251 1712 1305 τὸν

121 1355 332 1423 χάρτην
383 1352 464 1416 ὡς
515 1351 726 1424 ἱκέτην,
768 1351 861 1404 καὶ
914 1349 1014 1412 τὰς
1058 1347 1367 1419 ἐγγράφους
1416 1345 1600 1414 φωνάς
1635 1345 1711 1408 ὡς

118 1445 366 1508 ὲλεειῦἀς
393 1443 628 1510 ἱκεσίας,
660 1443 756 1496 καὶ⁸
793 1441 918 1505 τοὺς
955 1439 1147 1509 λόγους
1183 1437 1276 1502 οὒς
1316 1433 1461 1507 εἶχεν
1498 1436 1585 1490 διά
1613 1435 1708 1488 τοῦ

117 1533 375 1597 πυλῶνος
417 1533 523 1604 τῆς
563 1533 735 1603 ἀκοῆς
781 1532 1095 1600 εἰσαγαγεῖν
1134 1531 1201 1600 τῇ
1234 1527 1461 1599 διανοίᾳ,
1488 1525 1710 1591 τούτους

114 1623 195 1688 ὡς
231 1624 328 1678 διὰ
383 1623 730 1695 τιμιωτέρων
782 1622 969 1692 θυμῶν
1019 1620 1128 1674 τῶν
1179 1619 1438 1690 ὀμμάτων
1474 1617 1702 1686 εἰσάγει.

117 1715 401 1783 Πρόσχες
453 1714 532 1783 τῇ
585 1712 756 1784 φωνῇ
801 1711 912 1781 τῆς
966 1709 1228 1778 δεήσεώς
1273 1726 1412 1780 μου.
1449 1710 1538 1774 Ὠς
1574 1711 1706 1781 ὁρᾷς

112 1775 836 1868 ἀκούειςίκαὶυιὶιςῠάκοιίεις
859 1775 1083 1872 ’βλέπεις
1106 1800 1214 1873 (8‘2)
1231 1817 1245 1830 °
1273 1775 1572 1871 ἀνόργανον
1737 1775 1779 1830 Β

114 1895 210 1948 καὶ
231 1895 451 1966 ἀμερὲς
483 1895 580 1949 καὶ
612 1894 818 1949 ἁπλοῦν
843 1894 904 1946 τὸ
920 1893 1093 1947 Θεῖον.
1122 1892 1230 1946 Καὶ
1255 1892 1441 1962 ἐπειδὴ
1468 1891 1704 1963 δεήσεως

113 1989 372 2060 ἐμνήσθη
396 2005 410 2019 ·
442 1988 627 2060 δέησιν
668 1987 724 2042 δὲ
774 1988 1048 2059 ἔγγραφον
1080 1986 1256 2051 οὐδεὶς
1286 1985 1560 2057 ἀρχόντων
1588 1987 1706 2038 ἐπι-

111 2082 368 2153 δέχηται,
405 2083 539 2136 ἀλλά
589 2081 842 2152 βασιλεὺς
890 2081 1083 2152 μόνον’
1135 2079 1224 2134 διά
1265 2080 1422 2134 τοῦτο
1471 2080 1562 2133 καί
1605 2081 1704 2150 τὴν

111 2175 273 2240 ἀξίαν
298 2174 400 2229 τοῦ
427 2174 803 2245 ίκετευομένου
827 2174 1098 2244 ὁμολογεῖ.
1139 2173 1203 2226 '0
1237 2173 1538 2238 ,ϐασιλεύς
1560 2188 1699 2241 μου.

109 2268 439 2333 Βασιλεύεις
469 2267 577 2339 γάρ
616 2267 712 2320 καὶ
752 2266 846 2320 τοῦ
885 2265 1185 2337 συνηγόρου
1222 2266 1318 2318 καὶ
1354 2264 1453 2335 τῆς
1478 2279 1704 2334 συνηγο-

113 2360 414 2431 ρουμὲνης.
448 2358 684 2414 Βασιλέα
730 2359 787 2412 δὲ
832 2357 1089 2423 καλέσας,
1123 2356 1210 2409 ἵνα
1248 2356 1322 2428 μὴ
1355 2355 1581 2426 νομισθῇ
1605 2355 1702 2408 ἀν-

110 2451 344 2521 Θρωπον
397 2450 740 2517 ὲπιϐοᾶσθαι,
811 2451 872 2504 τὸ
924 2450 1122 2522 κράτος
1179 2449 1274 2502 καὶ
1327 2447 1424 2520 τὴν
1469 2447 1701 2520 ὕπαρξιν

107 2542 374 2611 ὁμολογεῖ
411 2543 503 2596 τοῦ
540 2543 821 2614 βασιλέως.
864 2541 1244 2614 Προλαμόάνει
1283 2542 1375 2594 τὸν
1407 2541 1608 2611 Θωμᾶν
1643 2541 1701 2594 ὲν

107 2637 171 2706 τῇ
207 2634 480 2706 ὁμολογίᾳ
513 2635 615 2704 τῆς
643 2634 920 2704 ἀληθείας.
965 2633 1175 2704 Ὥσπερ
1223 2631 1330 2705 γὰρ
1365 2632 1570 2694 ἐκεῖνος
1618 2624 1699 2682 εἷ-

107 2743 237 2779 πενο
313 2725 376 2778 Ὀ
423 2726 641 2794 Κύριός
681 2741 799 2794 μου
857 2721 955 2778 καὶ
1008 2726 1042 2778 ό
1088 2724 1232 2788 Θεός
1276 2739 1424 2792 μουο
1459 2723 1554 2776 καὶ
1600 2722 1700 2776 οὐκ

106 2817 362 2892 1ᾕρκέσθη
414 2817 562 2889 μόνῳ
598 2816 677 2888 τῷ
732 2818 934 2881 εἰπεῖν,
980 2815 1042 2869 '0
1085 2815 1299 2884 Κύριός
1337 2831 1476 2884 μου,
1513 2815 1699 2886 ἐπειδὴ

107 2909 204 2964 καὶ
250 2907 547 2981 ἄνθρωπος
600 2906 702 2977 τῆς
765 2905 1137 2978 προσηγορίας
1192 2905 1396 2988 ταύτης
1447 2904 1651 2976 ἠξιώθη
1681 2921 1695 2936 ο

107 3000 288 3064 οὕτως
331 2998 445 3070 γὰρ
483 2997 614 3070 περὶ
660 2997 755 3051 τοῦ
803 2996 1053 3068 Ἀϐραὰμ
1098 2995 1282 3064 ἔλεγεν
1309 2997 1342 3066 ή
1373 2995 1588 3068 Σάρῤα³
1637 2995 1700 3049 '0

1822 517 1963 571 solus
1997 519 2133 572 nosti
2161 517 2320 572 corda
2345 516 2632 581 hominum,
2666 514 2805 570 dixit
2851 514 3107 572 Salomon
3123 517 3190 572 “.
3213 515 3383 574 Intel-

1820 607 1920 679 lige
1940 649 1956 672 ,
1990 609 2042 662 id
2064 619 2169 673 est,
2189 606 2336 663 Velis
2365 623 2486 662 mea
2518 621 2873 677 cognoscere.

1895 699 2011 755 Hoc
2037 700 2237 770 quippe
2275 698 2570 769 subjuugit,
2599 713 2664 753 ac
2700 700 2831 754 dicit
2864 717 2877 754 :
2921 700 2978 755 5.
3013 699 3236 754 Intende
3271 700 3383 754 soci

1817 789 2077 844 orationis
2104 805 2253 845 meae.
2284 790 2536 845 Altamen
2585 790 2707 844 voci
2754 804 2860 844 non
2908 791 3224 846 intenditur.
3275 790 3384 846 Sed

1815 898 1940 950 vox,
1987 883 2204 954 quando
2242 883 2447 952 absque
2496 884 2697 955 scripto
2738 882 3032 953 profertur,
3085 893 3210 939 tunc
3251 897 3384 938 aure

1815 973 2054 1045 indiget;
2088 973 2170 1029 sin
2200 983 2381 1055 autem
2412 989 2514 1029 vox
2557 973 2614 1029 in
2646 975 2832 1029 charta
2865 974 3066 1043 scripta
3096 973 3189 1042 sit,
3219 982 3383 1044 atque

1813 1067 1928 1138 regi
1958 1066 2235 1132 offeratur,
2265 1075 2393 1122 tunc
2415 1081 2536 1137 quae
2569 1065 2712 1122 velut
2732 1082 2829 1138 per
2865 1067 3074 1122 litteras
3107 1065 3378 1134 loquatur,

1811 1159 1984 1216 oculis
2030 1174 2166 1228 opus
2215 1159 2396 1214 habet.
2445 1157 2600 1228 Saepe
2648 1157 2793 1213 enim
2840 1157 2956 1213 sine
3000 1155 3212 1226 loquela
3253 1154 3382 1224 legit

1811 1253 2186 1324 magistratus,
2234 1260 2290 1308 et
2340 1249 2560 1320 respicit
2606 1251 2674 1305 ad
2728 1249 2969 1304 chartam
3019 1259 3274 1318 tauquam
3309 1246 3378 1300 ad

1809 1345 2127 1414 supplicem,
2155 1343 2222 1398 ad
2254 1343 2488 1412 scriptas
2520 1354 2682 1396 voces
2711 1348 2963 1410 tanquam
2997 1339 3064 1392 ad
3093 1335 3376 1394 miserabi-

1808 1439 1887 1493 les
1921 1437 2382 1508 supplicationes;
2424 1445 2480 1491 et
2522 1449 2802 1491 sermones
2835 1449 2971 1504 quos
3016 1448 3112 1503 per
3153 1433 3376 1502 januam

1809 1531 1958 1586 auris
1985 1531 2390 1586 introducturus
2419 1527 2594 1585 fuerat
2624 1527 2690 1583 ad
2714 1537 2972 1593 mentem,
2997 1528 3096 1582 bos
3119 1535 3374 1594 tanquam

1806 1637 1904 1693 per
1932 1622 2228 1678 nobiliores
2259 1623 2424 1687 fores,
2455 1636 2649 1692 nempe
2673 1621 2883 1688 oculos,
2917 1619 3148 1676 inducit.
3189 1617 3375 1672 Inten-

1807 1716 1871 1770 de
1919 1717 2034 1770 soei
2078 1715 2332 1771 orationis
2362 1730 2510 1771 meae.
2547 1715 2701 1770 Sicut
2731 1715 2906 1780 vides,
2936 1713 3118 1778 audis;
3149 1720 3206 1767 et
3233 1711 3376 1768 sicut

1807 1811 1978 1875 audis,
2015 1809 2226 1876 cernis;
2267 1824 2390 1864 nam
2432 1809 2574 1864 Deus
2607 1807 2825 1879 organis
2853 1816 2907 1862 et
2938 1803 3178 1876 partibus
3202 1810 3375 1872 caret,

1805 1900 2142 1971 simplexque
2168 1910 2272 1955 est.
2307 1900 2374 1955 Et
2402 1899 2526 1970 quia
2556 1899 2818 1956 orationis
2839 1913 2931 1954 seu
2966 1910 3185 1967 precum
3221 1909 3376 1949 men-

1806 1993 2006 2048 tionem
2036 1992 2198 2058 lecit,
2234 1993 2465 2061 scriptas
2493 2007 2622 2048 vero
2655 2006 2844 2062 preces
2885 2005 3043 2046 nemo
3080 1989 3377 2060 magistra-

1807 2094 1952 2138 tuum
1980 2084 2224 2154 recipiat,
2257 2085 2350 2140 sed
2388 2084 2537 2140 solus
2572 2083 2864 2152 imperator
2888 2097 2952 2137 ac
2989 2096 3119 2144 rex;
3156 2079 3280 2134 ideo
3305 2086 3360 2133 et

1803 2174 1922 2244 ejus
1947 2175 2034 2230 cui
2077 2174 2346 2244 supplicat
2379 2172 2668 2230 conﬁtetur
2689 2174 3029 2243 dignitatem.
3068 2169 3180 2226 Rea:
3204 2185 3375 2223 meus.

1804 2265 2021 2336 Regnas
2049 2265 2192 2320 enim
2232 2279 2397 2336 super
2423 2265 2830 2335 deprecatorem
2859 2272 2912 2318 et
2935 2276 3097 2333 super
3128 2275 3247 2316 eam
3275 2274 3373 2329 pro

1802 2372 1906 2428 qua
1941 2359 2222 2428 deprecor.
2257 2358 2394 2412 Cum
2444 2366 2623 2412 autem
2653 2355 2864 2412 vocarit
2890 2368 3090 2423 regem,
3117 2365 3184 2406 ne
3213 2358 3370 2420 pute-

1803 2462 1892 2506 tur
1931 2452 2167 2508 hominis
2207 2451 2466 2506 auxilium
2523 2449 2832 2519 implorare,
2884 2446 3175 2502 conﬁtetur
3224 2441 3371 2512 regis

1801 2546 2101 2615 potentiam
2135 2554 2191 2600 et
2242 2545 2621 2600 substantiam.
2683 2541 2952 2598 Prmvenit
3003 2540 3266 2594 Thomam
3318 2534 3372 2588 in

1802 2637 2144 2695 confessione
2173 2636 2440 2692 veritatis.
2486 2634 2622 2689 Nam
2657 2634 2796 2689 sicut
2853 2632 2943 2688 ille
2984 2630 3120 2686 dixit
3149 2647 3162 2683 :
3189 2627 3374 2682 Domi-

1801 2746 1900 2784 nus
1933 2746 2078 2784 meus
2103 2737 2154 2784 et
2183 2729 2324 2784 Deus
2350 2744 2493 2784 meus
2518 2727 2563 2759 ⁶³
2593 2765 2609 2791 ,
2642 2739 2817 2795 neque
2849 2733 3134 2781 contentus
3161 2720 3261 2775 iuit
3287 2719 3371 2774 di—

1801 2835 1926 2877 cere
1953 2822 2232 2888 duntaxat,
2261 2820 2513 2874 Dominus
2541 2835 2684 2874 meus
2703 2861 2718 2884 ,
2743 2815 3173 2888 quandoquidem
3208 2812 3372 2867 homo

1801 2927 2016 2983 quoque
2073 2911 2175 2968 hac
2221 2911 2583 2983 appellatione
2635 2911 2829 2980 dignus
2878 2908 3096 2963 habitus
3149 2913 3264 2972 est;
3295 2903 3375 2957 sic

1801 3006 1998 3075 quippe
2022 3005 2088 3060 de
2111 3004 2421 3060 Abrahamo
2449 3003 2626 3058 locuta
2667 3011 2751 3058 est
2781 3001 2913 3056 Sara
2939 3018 2953 3054 :
2991 2998 3244 3053 Dominus
3273 3012 3373 3048 au-

107 3092 174 3146 se
215 3092 431 3159 κύριός
467 3107 588 3160 μου
618 3089 1048 3158 πρεσϐύτερος·
1093 3088 1293 3160 ὁμοίως
1323 3087 1380 3140 δὲ
1407 3088 1501 3140 κα)⁵
1529 3089 1557 3140 6
1599 3087 1700 3142 Ἰα-

1809 3107 1905 3151 tem
1969 3112 2115 3153 meus
2152 3113 2308 3152 senem
2343 3104 2420 3152 est
2439 3096 2520 3163 “;
2557 3095 2784 3167 parique
2831 3093 2990 3148 modo
3039 3089 3206 3146 Jacob
3240 3087 3376 3143 dixit

109 3178 229 3231 κ.ὼὸ
275 3178 467 3248 ἔλεγεν
507 3177 588 3248 τῷ
631 3177 843 3249 βεϐήλῳ
882 3177 1085 3231 Ἦσαῖν
1137 3177 1200 3231 '0
1225 3178 1428 3246 κύριός
1464 3195 1585 3248 μου
1613 3196 1700 3248 τι·

108 3271 353 3337 νὼσκει,
388 3270 480 3324 ὅτι
513 3271 586 3326 τὰ
621 3269 829 3323 παιδία
862 3269 1213 3338 ἁπαλώτερα
1235 3285 1250 3300 ·
1292 3269 1467 3333 οὐδεὶς
1509 3269 1567 3323 δὲ
1591 3269 1700 3324 τῶν

109 3366 286 3432 ἁγίων
314 3359 505 3418 εἶπεν·
545 3363 605 3417 '0
644 3362 776 3428 Θεὸς
812 3363 842 3415 6
884 3363 996 3418 ἀνω
1032 3381 1156 3434 μου.
1201 3363 1350 3417 Ἐπεὶ
1388 3359 1482 3418 οὖν
1514 3363 1594 3431 τὸ,
1637 3363 1701 3418 ’0

110 3457 316 3526 κύριός
348 3474 494 3525 μου,
526 3456 620 3510 καὶ
650 3454 957 3528 ἀνθρώποις
981 3455 1198 3526 ἐλέχθη,
1227 3457 1286 3510 οὐ
1322 3456 1480 3528 μόνον
1507 3457 1698 3526 ἁγίοις,

111 3549 246 3604 ἀλλά
291 3549 390 3602 καὶ
443 3547 715 3620 βεϐήλοις,
749 3547 923 3612 οὐδεὶς
966 3548 1024 3601 δὲ
1075 3547 1183 3601 τῶν
1221 3547 1525 3620 ἀνθρώπων
1552 3528 1702 3622 ⁸παρίει

113 3659 254 3706 τινος
287 3641 398 3695 τῶν
428 3641 602 3710 ἁγίων
633 3641 886 3712 ἤκουσεν,
923 3641 987 3694 '0
1011 3642 1154 3708 Θεός
1178 3657 1192 3672 ο
1234 3642 1322 3696 ἵνα
1353 3641 1498 3714 δείξῃ
1526 3642 1555 3694 6
1581 3643 1700 3696 Θω-

115 3738 241 3806 μᾶς,
270 3737 355 3790 ὃτι
384 3735 479 3789 τὸν
510 3735 744 3808 Χριστὸν
776 3736 876 3806 οὐχ
909 3734 984 3799 ὡς
1014 3734 1301 3806 ἄνθρωπον
1338 3734 1700 3806 έκυριολόγει,

112 3830 222 3882 ἀλλ’
249 3831 329 3894 ὡς
359 3829 498 3883 Θεὸν
523 3827 797 3900 ὁμολόγει,
819 3828 920 3880 οὐκ
956 3821 1111 3880 εἶπεν
1141 3827 1346 3893 ἁπλῶς,
1395 3826 1456 3881 '0
1489 3828 1703 3896 Κύριός

113 3940 246 3989 μου,
299 3921 461 3985 ἀλλά,
505 3921 568 3975 '0
615 3919 829 3988 Κύριός
860 3935 980 3988 μου
1031 3918 1131 3973 καὶ
1184 3922 1217 3973 ὁ
1267 3920 1412 3987 Θεός
1444 3937 1595 3990 μοιν
1628 3919 1703 3984 ὡς

115 4013 393 4087 ἀγοράσας
436 4029 506 4084 με
539 4011 617 4082 τῷ
649 4011 1005 4082 ἰδίῳιαῖματι,
1037 4011 1317 4083 πραθέντα
1337 4015 1404 4084 τῇ
1438 4012 1699 4084 ἁμαρτίᾳ.

124 4104 186 4157 '0
213 4107 363 4170 Θεός
384 4119 536 4174 μονα
564 4102 642 4166 ὡς
667 4103 860 4173 ἄφεσιν
892 4104 1176 4174 ἁμαρτιῶν
1201 4121 1293 4174 μοι
1317 4104 1700 4176 χαρισάμενοςσ

116 4199 283 4262 οὐδεὶς
328 4197 442 4268 γάρ
471 4193 695 4250 δύναται
749 4196 966 4266 ἀφιέναι
1017 4196 1310 4267 ἁμαρτίας,
1361 4199 1409 4250 εί
1457 4197 1534 4269 μὴ
1565 4191 1644 4262 εἷς
1675 4199 1703 4250 6

119 4289 263 4354 Θεός.
305 4290 374 4344 '0
405 4289 624 4357 Κύριός
643 4306 764 4358 μου
792 4289 890 4342 καὶ
920 4291 952 4343 ὀ
980 4289 1125 4354 Θεός
1143 4305 1262 4358 μου
1289 4304 1304 4318 ο
1339 4289 1458 4342 ἀντὶ
1484 4287 1599 4353 τοῦ,
1643 4290 1703 4342 '0

117 4383 382 4453 δεσπότης
414 4397 519 4452 μου
577 4381 672 4435 καὶ
709 4383 738 4435 6
773 4381 1107 4453 δημιουργός
1153 4380 1264 4451 (83)
1318 4399 1440 4452 μου.
1479 4383 1554 4436 Τὸ
1581 4383 1702 4455 ,γάρ

119 4475 423 4541 δεσπόζειν,
471 4473 684 4528 πολλῶν
715 4475 861 4528 ἐστιν
885 4488 901 4503 ⁶
933 4473 994 4526 τὸ
1033 4472 1090 4526 δὲ
1131 4473 1501 4546 δημιουργεῖν,
1537 4475 1698 4547 μόνου

119 4567 269 4622 Θεοῦ.

185 4661 360 4716 Τοῦτο
416 4660 600 4714 τοίνυν
641 4659 748 4730 πρὸ
792 4657 888 4712 τοῦ
936 4657 1112 4729 Θωμᾶ
1151 4657 1498 4730 ὡμολόγησεν
1550 4660 1644 4713 καὶ
1672 4663 1701 4714 6

120 4755 424 4826 προφήτης.
456 4751 694 4806 Βασιλέα
723 4749 828 4821 γὰρ
855 4750 948 4804 τὸν
990 4748 1476 4821 παρακαλούμενον
1509 4752 1699 4817 εἰπὼν,

1805 3186 2032 3258 profano
2082 3187 2272 3243 Esau:
2305 3187 2562 3241 Dominus
2621 3201 2766 3240 meus
2832 3184 2929 3238 scit
2980 3181 3118 3252 quod
3171 3177 3377 3250 parvuli

1800 3290 1920 3334 sunt
1977 3279 2365 3345 teneriores";
2419 3278 2600 3334 nullus
2661 3291 2794 3331 vero
2849 3282 3163 3328 sanctorum
3215 3269 3374 3330 dixit.

1800 3371 1943 3427 Deus
1972 3372 2211 3428 caelestis
2257 3386 2447 3433 meus;
2483 3371 2632 3440 quia,
2661 3370 2905 3436 inquam,
2933 3365 3087 3428 illud,
3117 3362 3375 3416 Dominus

1800 3479 1966 3532 meus,
1998 3464 2162 3519 etiam
2192 3463 2497 3518 hominibus
2532 3461 2734 3516 dictum
2770 3460 2893 3525 fuit,
2927 3472 3034 3512 non
3071 3455 3227 3510 modo
3254 3468 3377 3508 san-

1802 3555 1930 3622 ctis,
1957 3555 2053 3610 sed
2099 3564 2155 3610 et
2196 3553 2476 3625 profanis,
2517 3553 2696 3608 nullus
2729 3563 2911 3608 autem
2962 3551 3124 3604 homo
3165 3563 3196 3601 a
3240 3561 3379 3616 quo-

1801 3663 1963 3719 quam
2002 3657 2312 3704 sanctorum
2353 3647 2543 3712 audiit,
2584 3647 2761 3710 Deus;
2801 3654 2859 3700 ut
2891 3643 3204 3699 ostenderet
3230 3638 3376 3693 Tho-

1803 3756 1944 3806 mas,
1977 3741 2121 3813 quod
2161 3741 2439 3797 Christum
2468 3756 2576 3796 non
2611 3739 2754 3795 velut
2775 3737 3049 3794 hominem
3084 3732 3380 3805 appellaret

1805 3831 2116 3899 Dominum,
2171 3835 2266 3888 sed
2320 3833 2488 3888 Deum
2540 3847 2662 3888 esse
2694 3833 3068 3890 conﬁteretur,
3106 3842 3211 3882 non
3240 3823 3380 3878 dixit

1803 3927 2122 3998 simpliciter
2151 3946 2164 3977 :
2199 3927 2455 3980 Dominus
2501 3941 2644 3980 meus
2666 3966 2682 3992 ,
2711 3925 2825 3990 sed,
2863 3922 3120 3976 Dominus
3152 3935 3296 3973 meus
3329 3927 3378 3970 et

1803 4020 1945 4075 Deus
1990 4034 2174 4084 meus;
2212 4029 2463 4087 tanquam
2503 4015 2596 4086 qui
2631 4015 2910 4070 redemisti
2963 4027 3050 4067 me
3109 4019 3203 4066 tuo
3251 4025 3380 4065 san-

1803 4112 1984 4180 guiue,
2012 4111 2380 4166 venundatum
2433 4119 2674 4181 peccato.
2727 4107 2869 4162 Deus
2923 4122 3089 4170 meus,
3126 4114 3379 4171 tanquam

1804 4207 1894 4275 qui
1926 4204 2060 4259 mihi
2095 4204 2322 4279 largitus
2346 4202 2422 4257 sis
2458 4201 2832 4256 remissionem
2872 4207 3235 4269 peccatorum.
3273 4194 3380 4248 Ne-

1805 4312 1894 4352 mo
1918 4298 2062 4352 enim
2082 4295 2548 4366 potestdimittere
2574 4303 2821 4358 peccata,
2850 4293 2952 4347 nisi
2979 4290 3123 4345 solus
3153 4287 3376 4343 Deus“.

1807 4388 2065 4444 Dominus
2112 4403 2258 4442 meus
2293 4397 2341 4439 et
2373 4385 2513 4440 Deus
2567 4402 2737 4450 meus,
2768 4384 2946 4454 quasi,
2986 4381 3167 4437 Herus
3204 4393 3378 4441 meus,

1807 4491 1866 4535 et
1903 4489 2122 4535 creator
2164 4492 2337 4533 meus.
2368 4477 2500 4530 Nam
2531 4477 2719 4531 herum
2750 4491 2892 4542 esse,
2923 4474 2993 4529 ad
3031 4471 3228 4526 multos
3257 4483 3378 4538 per~

1808 4573 1972 4639 tinet;
2008 4585 2196 4625 creare
2225 4577 2428 4632 autem,
2459 4568 2625 4624 solius
2647 4578 2732 4624 est
2772 4568 2884 4622 Dei.

1878 4663 1995 4720 Hoc
2024 4681 2156 4734 ergo
2192 4678 2318 4721 ante
2357 4664 2618 4718 Thomam
2659 4661 2938 4731 professus
2970 4665 3054 4713 est
3093 4653 3377 4726 propheta.

1811 4757 1947 4814 Cum
1977 4758 2122 4815 enim
2157 4771 2280 4813 eum
2313 4769 2475 4826 quem
2510 4753 2737 4824 rogabat
2774 4756 3144 4819 nuncupasset
3173 4757 3377 4813 regem,

182 4919 229 4951 ⁶¹
249 4916 318 4973 III
345 4915 483 4988 Reg.
521 4931 640 4980 vttt,
679 4914 768 4971 '59.
850 4913 896 4947 “
924 4913 1080 4970 Joan.
1105 4930 1200 4978 xx,
1231 4914 1320 4969 28.
1398 4915 1445 4947 ⁸⁵
1467 4915 1602 4972 Gen.
1642 4934 1702 4972 xv

1831 4919 1920 4974 12.
1996 4920 2042 4951 ⁸⁸
2071 4918 2209 4976 Gen.
2250 4889 2441 4985 χχχιιι,
2475 4918 2561 4973 15.
2656 4917 2703 4949 ⁸⁸
2732 4914 2896 4970 Marc.
2929 4909 3065 4977 11,7.

182 5076 453 5147 (82))ος
479 5071 646 5147 ρρᾷς
692 5073 972 5139 ἀκούεις,
1002 5073 1101 5147 καὶ
1149 5072 1230 5139 ὡς
1272 5073 1512 5141 ἀκούεις
1545 5074 1702 5147 ,βλέ-

117 5143 442 5216 πεις.’ριιίο
478 5143 619 5198 Deus
655 5156 740 5197 est
781 5154 922 5216 totus
950 5145 1158 5216 oculus,
1183 5153 1240 5216 e_t
1271 5153 1419 5198 totus
1452 5146 1697 5216 auditus,

118 5213 255 5273 totus
286 5216 473 5277 audit,
510 5225 567 5267 et
605 5224 749 5267 totus
794 5215 966 5278 videt,
1006 5213 1159 5277 juxta
1207 5213 1470 5269 Irenaeum
1517 5214 1612 5268 lib.
1651 5232 1698 5281 ι,

117 5306 230 5357 cap.
256 5288 328 5357 6;
365 5297 422 5341 et
467 5284 561 5338 lib.
596 5300 636 5338 ιι
657 5283 959 5357 ,Acap._{64;
992 5284 1346 5357 C_|_eme_ntem
1376 5285 1698 5357 Alexandri-

117 5352 274 5423 num,
304 5356 627 5413 Stromateo
655 5355 712 5420 7,
753 5354 968 5425 p.72l';
1020 5352 1281 5408 Hilarium
1331 5356 1389 5409 in
1436 5355 1698 5423 psalmum

113 5444 295 5494 cutx,
326 5427 751 5497 compluresque
789 5426 926 5480 alios
958 5443 976 5497 7:
1013 5440 1135 5480 cum
1155 5427 1368 5497 quibus
1410 5435 1460 5479 et
1505 5426 1700 5497 iunges

121 5494 476 5571 llippolytuni
507 5495 586 5571 De
625 5495 894 5559 Susanna,
939 5494 1205 5571 auctarii
1237 5494 1517 5571 novissimi
1547 5494 1706 5571 Cdm-

125 5565 364 5624 Imﬁ'siani
422 5582 476 5634 p.
506 5566 597 5630 55,
636 5575 920 5634 postquam
956 5567 1059 5620 hoc
1086 5565 1246 5618 modo
1275 5566 1707 5620 emaculaveris:

125 5639 374 5704 Ἔκδικος
399 5639 431 5690 6
458 5637 595 5700 Θεὸς
643 5637 773 5706 περ).
802 5637 1021 5690 πάντων
1048 5635 1278 5703 γίνεται,
1305 5635 1465 5695 αὐτὸς
1496 5634 1570 5687 ὣν
1594 5635 1712 5698 ὅλος

123 5710 420 5782 ὀφθαλμὸς,
457 5705 729 5782 λανθάνει
755 5707 812 5782 δέ
840 5706 1041 5782 τοῦτον⁵
1071 5705 1178 5758 τῶν
1205 5708 1270 5782 μὲν
1311 5706 1498 5782 κόσμῳ
1541 5723 1712 5776 πρατ-

126 5776 372 5854 τομένων
414 5778 610 5832 οὐδέν·
660 5776 862 5832 Vindex
893 5788 966 5834 est
1004 5777 1143 5832 Deus
1181 5777 1244 5831 de
1285 5776 1521 5832 omnibus
1535 5795 1554 5844 ,°
1595 5792 1712 5830 cum

1809 5079 1917 5145 ipse
1940 5079 2008 5133 sit
2039 5087 2177 5135 totus
2206 5079 2411 5141 oculus,
2439 5077 2667 5146 nihilque
2695 5073 2844 5146 illum
2872 5071 3034 5146 lateat
3062 5084 3242 5146 eorum
3265 5083 3382 5146 quin

1804 5139 1860 5202 in
1896 5151 2090 5202 mundo
2125 5151 2280 5217 ﬁunt.
2316 5139 2622 5217 Perperatn
2652 5145 2853 5217 quippe
2897 5142 3100 5217 editum
3139 5140 3270 5217 fuit,
3303 5139 3389 5192 ὣν-

1803 5220 1830 5271 ὁ
1877 5219 2033 5287 λόγος
2081 5209 2377 5289 ὀφθαλμός.
2407 5209 2964 5289 ApudLa'ertiuuliu
3013 5209 3336 5280 Xenopltane
3361 5224 3381 5263 :

1807 5283 1966 5344 Ὀλον
2016 5283 2170 5361 όρᾷν,
2219 5283 2314 5342 καὶ
2362 5283 2481 5361 ὅλον
2535 5285 2786 5361 ἀκαρειν·
2848 5283 3008 5361 Totus
3061 5291 3135 5336 est
3171 5297 3378 5361 sensu-f9

1803 5369 1942 5414 totus
1976 5349 2138 5426 visus,
2160 5349 2304 5414 totus
2338 5359 2572 5412 auditus.
2614 5356 2822 5410 Plinius
2847 5355 2938 5408 lib.
2971 5367 3029 5417 tt,
3057 5366 3176 5420 cap.
3205 5351 3264 5416 7,
3303 5349 3383 5404 De

1813 5429 1990 5571 {)e(08.5)
2030 5501 2412 5570 Δημιουργίτς.
2451 5497 2605 5571 Apud
2663 5495 2922 5571 erillum
2960 5491 3379 5571 Alexandrinum

1809 5562 2052 5624 Julianus
2083 5562 2466 5641 Ᾰιιυδιύίίιξρζ
2496 5562 2603 5641 {Si
2629 5587 2641 5621 :
2672 5562 2747 5641 Τὸ
2784 5565 2892 5641 τῶν
2935 5563 3239 5641 φιλοσόφων
3285 5562 3382 5641 γέ-

1809 5658 1916 5704 νος,
1948 5642 2007 5693 τὸ
2039 5633 2145 5694 τῶν
2189 5633 2534 5712 στρατηγῶν,
2559 5638 2619 5691 τὸ
2645 5639 2752 5712 τῷν
2787 5633 3153 5706 δημιουργῶν,
3185 5633 3245 5684 τὸ
3277 5633 3397 5684 τῶν.

1813 5712 2138 5783 νομοθετῶν.
2167 5709 2272 5768 Sed
2307 5712 2486 5767 malim
2518 5709 2864 5781 δημηγόρων.
