3828 6328
451 277 564 339 m
1727 283 1787 340 s.
1829 282 2107 340 asmnn
2142 283 2444 340 AMASENI
3611 285 3729 355 tos

454 395 520 450 tis
548 409 702 464 super
725 410 956 450 mensam
992 411 1184 451 meum.
1215 396 1278 451 Et
1307 397 1450 467 quod
1477 395 1620 452 velut
1653 405 2021 452 testamentum

2135 395 2228 459 τὸς
2253 396 2495 463 ἐσθίητε
2544 393 2642 449 καὶ
2683 395 2896 465 πίνητε
2937 395 3037 450 ἐπὶ
3067 413 3178 465 της
3229 395 3519 466 τραπέζης
3567 413 3728 466 μου.

459 487 697 556 scriptus
744 488 815 542 sit
851 487 1092 555 psalmus
1125 491 1190 542 de
1215 503 1275 542 ea
1310 503 1428 558 quze
1475 487 1842 543 hzereditatem
1888 487 2021 552 adit.

2135 488 2247 540 Καὶ
2276 485 2460 556 ἐπειδὴ
2483 484 2557 549 ὡς
2584 486 2815 557 διαθήκη
2843 487 3055 558 ἐγράφη
3090 489 3118 540 6
3173 488 3264 540 ἐπὶ
3298 489 3397 558 τῆς
3449 487 3725 558 κληρονο-

452 578 622 648 legito
669 593 790 633 eum
840 579 1146 647 diligenter,
1182 589 1346 648 atque
1383 581 1435 634 in
1483 594 1548 632 eo
1580 580 1816 649 reperies
1857 578 2021 649 qualis

2137 579 2343 650 μούσης
2374 578 2607 650 ψαλμὸς,
2650 578 2922 648 ἀνάγνωθι
2974 578 3135 632 αὐτὸν
3187 579 3451 650 ἀκριϐῶς,
3507 580 3606 633 καὶ
3663 582 3728 634 ὲν

451 685 576 726 esse
601 670 800 725 debeat
828 670 1003 724 anima
1037 671 1226 725 lunares.
1273 670 1447 739 Atque
1493 671 1684 724 iterum
1721 708 1734 723 .
1759 669 1894 724 Ecce
1935 687 2021 738 ego

2131 671 2279 741 αὑτῷ
2311 671 2584 742 εὑρίσκεις
2605 672 2690 724 οἵα
2718 667 2854 724 εἶναι
2893 669 3097 739 ὀφείλει
3125 672 3158 741 ἡ
3181 671 3513 742 κληρονόμος
3541 670 3727 740 ψυχή.

453 763 672 830 dispono
701 771 1062 816 testamentum
1087 778 1270 816 novum
1301 761 1480 814 domui
1511 761 1680 816 Israel
1696 778 1715 826 ;
1746 779 1849 815 non
1868 763 2021 832 juxta

2131 764 2241 817 Καὶ
2265 762 2460 816 πάλινο
2501 761 2644 817 Ἰδοὺ
2673 763 2788 832 ἐγὼ
2809 761 3133 831 διατίθεμαι
3162 760 3457 830 διαθήκην
3489 761 3723 828 καινὴν

452 861 818 906 testamentum
857 850 998 920 quod
1028 853 1261 919 disposui
1288 853 1522 919 patribus
1558 855 1736 908 vestris
1777 855 1843 910 ⁷⁸.
1873 854 2030 908 Chri-

451 951 570 996 stus
621 955 744 994 cum
799 941 1066 1009 disposuit
1121 953 1272 997 vetus
1331 953 1746 1008 testamentum,
1787 928 2028 1000 mortuus

449 1047 561 1086 non
606 1041 709 1096 est,
744 1040 799 1085 et
833 1030 1049 1088 indecus
1091 1033 1456 1087 hacreditatem
1508 1049 1614 1088 non
1659 1045 1743 1089 est
1782 1035 2023 1103 adeptus.

448 1122 507 1177 In
536 1122 883 1192 dispositione
909 1125 1050 1192 {novi
1092 1135 1336 1180 mortuus
1364 1135 1466 1192 est,
1504 1137 1558 1180 et
1587 1127 1824 1181 Ecclesia
1853 1127 2024 1181 luere-

450 1215 672 1268 ditatem
709 1223 792 1269 est
825 1225 1134 1269 consecuta.
1187 1215 1242 1270 Si
1301 1217 1574 1281 audieris,
1629 1217 1818 1284 frater,
1874 1217 2022 1271 illum

448 1305 538 1374 qui
571 1305 726 1369 obiit,
755 1305 808 1358 in
842 1306 916 1359 tui
956 1307 1181 1375 gratiam
1220 1317 1470 1362 testatum
1501 1323 1644 1374 esse,
1692 1324 1755 1361 ac
1785 1319 1835 1361 te
1864 1309 2023 1361 insti-

450 1395 618 1450 tuisse
652 1397 936 1459 lneredent,
971 1398 1150 1450 statim
1177 1401 1371 1464 curris,
1425 1400 1709 1450 tumultum
1739 1413 1858 1450 cum
1891 1415 2021 1467 gau-

447 1487 536 1540 dio
567 1486 868 1555 conjungis,
897 1496 949 1541 et
983 1487 1328 1555 agitationem
1354 1489 1546 1542 misces
1573 1505 1693 1542 cum
1725 1489 2018 1551 hilaritate,

446 1588 612 1644 atque
647 1577 934 1646 diligeneer
968 1578 1220 1645 inquiris,
1251 1579 1496 1649 publicos
1526 1579 1826 1634 libelliones
1854 1581 2018 1633 inter-
2050 1617 2054 1623 .

446 1683 626 1737 rogas,
684 1670 939 1737 pecunias
995 1669 1240 1734 insumis,
1298 1671 1432 1724 emis
1487 1671 1717 1736 tabulas,
1776 1674 2018 1739 exempla

2127 854 2209 919 τῷ
2237 855 2378 918 οἴκῳ
2409 850 2649 920 Ἰσραήλ
2672 869 2686 884 ο
2719 853 2794 905 οὺ
2824 851 2973 906 κατὰ
3027 851 3143 918 τὴν
3167 849 3459 918 διαθήκην
3506 849 3593 917 ῆν
3627 850 3722 903 δι-

2129 945 2348 1013 εθέμην
2373 943 2499 1009 τοῖς
2533 943 2830 1010 πατράσιν
2848 941 3034 1011 ὑμῶν.
3054 943 3164 1014 Τὴν
3189 942 3423 996 παλαιὰν
3442 942 3722 1013 διαθήκην

2126 1035 2156 1086 6
2189 1033 2421 1105 Χριστὸς
2452 1020 2765 1104 διαθέμενος
2789 1034 2889 1086 οὒκ
2926 1032 3219 1096 ἀπέθανεν,
3251 1035 3344 1087 καὶ
3387 1035 3418 1086 6
3453 1034 3720 1096 Ἰουδαῖος

2126 1127 2225 1180 οὐκ
2245 1125 2696 1197 ἐκληρονόμησεν.
2734 1127 2844 1197 Τὴν
2895 1127 3088 1198 καινὴν
3139 1125 3453 1195 διαθέμενος
3492 1125 3717 1179 ἀπέθαο

2126 1236 2234 1283 νεν,
2263 1218 2357 1272 καὶ
2379 1218 2719 1288 ἡἘκκλησία
2768 1219 3226 1290 ἐκληρονόμησεν.
3251 1219 3378 1271 Ἐὰν
3401 1217 3511 1288 γὰρ
3539 1217 3716 1270 ἀκού-

2127 1327 2244 1380 σῃς,
2274 1309 2491 1378 ἀδελφὲ,
2517 1310 2600 1363 ὅτι
2635 1312 2664 1362 6
2696 1310 2845 1364 δεῖνα
2871 1312 2898 1362 6
2924 1309 3210 1364 ἀποθανὼν
3244 1311 3324 1372 είς
3374 1309 3433 1362 σὲ
3471 1308 3716 1374 διέθετο,

2124 1401 2218 1452 καί
2239 1417 2298 1452 σε
2324 1399 2656 1470 κληρονόμον
2677 1401 3025 1472 ὲνεστήσατο,
3057 1401 3257 1464 εὐθέως
3279 1400 3516 1470 τρέχεις,
3545 1398 3715 1470 069's-

2124 1492 2215 1544 6ov
2239 1493 2378 1563 χαρᾷ
2398 1493 2653 1562 κεράσας,
2674 1493 2767 1546 καὶ
2791 1492 2957 1563 ζάλην
2981 1492 3188 1563 γαλήνῃ
3219 1491 3398 1562 μίξας,
3416 1491 3512 1544 καὶ
3542 1507 3713 1561 περι-

2122 1583 2329 1654 εργάζῃ
2378 1584 2637 1654 ἀκριϐῶς,
2681 1583 2776 1637 καὶ
2807 1585 2934 1646 τοὺς
2963 1583 3255 1654 δημοσίους
3281 1582 3712 1653 χαρτοφύλακας

2123 1676 2441 1746 ὲπερωτᾷς,
2484 1675 2577 1728 καὶ
2628 1676 2885 1745 χρήματα
2931 1674 3202 1744 δαπανᾷς,
3258 1674 3353 1726 καὶ
3408 1672 3712 1742 ἀγοράζεις

449 1761 754 1815 testamenti
780 1761 937 1830 petis,
961 1771 1018 1814 ut
1046 1761 1421 1831 corruptibiles
1445 1763 1699 1832 pecunias
1715 1764 2021 1820 haereditate

2129 1765 2451 1837 γράμματα,
2486 1765 2579 1819 καὶ
2613 1767 2922 1837 ἀντίγραφα
2960 1765 3058 1835 τῆς
3078 1764 3343 1835 διαθήκης
3369 1765 3564 1826 αἰτεῖς,
3615 1763 3712 1817 ἵνα

447 1867 706 1920 accipias.

517 1943 616 1999 Hic
643 1959 769 1998 vero
802 1943 889 1999 ubi
918 1944 1166 2001 Christus
1210 1946 1446 2002 moriens
1487 1954 1538 2001 te
1567 1947 1834 2003 haeredem
1871 1949 2025 2004 insti-

446 2035 570 2098 tuit,
605 2037 694 2090 ubi
723 2045 849 2089 sunt
882 2038 1080 2091 divitiae
1104 2053 1226 2107 quae
1270 2037 1414 2093 furto
1465 2038 1672 2094 auferri
1729 2053 2019 2110 nequeunt,

445 2126 538 2181 ubi
598 2127 881 2182 Inereditas
927 2128 1182 2194 cmlestis,
1238 2139 1292 2185 et
1331 2139 1713 2185 testamentum
1765 2148 1870 2187 non
1924 2134 2023 2187 ob-

447 2222 666 2274 noxium
716 2221 928 2287 damno,
983 2222 1219 2288 psalmus
1255 2223 1540 2289 videlicet;
1593 2234 1799 2294 quanto
1855 2227 2023 2294 magis

448 2314 616 2368 debes
654 2313 821 2368 instar
851 2315 1155 2368 testamenti
1196 2315 1250 2368 in
1283 2315 1468 2370 charta
1517 2331 1670 2386 pura,
1717 2317 2024 2370 describere

445 2417 567 2455 eum
605 2403 656 2456 in
707 2403 908 2467 anima,
957 2413 1014 2458 ut
1065 2419 1356 2473 cognoscas
1391 2417 1570 2460 utrum
1613 2406 1679 2459 ad
1739 2417 1789 2461 te
1823 2417 2024 2475 spectet

444 2496 752 2560 liazreditas,
792 2497 996 2550 necne!
1041 2496 1155 2550 Non
1209 2498 1354 2552 enim
1411 2498 1657 2552 absolute
1705 2500 1889 2552 relicta
1941 2509 2025 2553 est

445 2585 754 2652 hzereditas,
795 2586 889 2639 sed
926 2587 1024 2639 sub
1054 2595 1199 2640 certa
1234 2587 1558 2642 conditione.
1607 2587 1745 2641 Audi
1795 2588 2026 2656 prophe-

446 2687 556 2730 tam
587 2676 680 2745 qui
703 2675 845 2730 velut
877 2675 1092 2730 tabellio
1119 2678 1311 2731 recitat
1341 2677 1484 2731 illam
1512 2677 1620 2732 Deo
1652 2679 1704 2732 in
1738 2678 2018 2746 proposito

446 2765 676 2835 psalmo,
713 2781 775 2822 ac
809 2767 939 2821 dicit
965 2768 1029 2822 de
1056 2767 1426 2823 exhzeredibus
1459 2782 1475 2820 :
1512 2767 1568 2823 5.
1625 2767 1885 2833 Quoniam
1919 2785 2022 2822 non

445 2858 588 2912 Deus
620 2860 788 2913 volens
814 2859 1142 2928 iniquitatem
1175 2868 1230 2912 tu
1255 2876 1327 2913 es.
1356 2860 1408 2914 6.
1441 2859 1564 2913 Non
1592 2860 2021 2929 Itabitabitjuxta

448 2968 496 3003 ,δ
520 2951 822 3020 malignus;
860 2967 1021 3017 neque
1046 2952 1419 3018 permanebunt
1465 2952 1649 3020 injusti
1687 2963 1806 3005 ante
1845 2953 2022 3006 oculos

445 3055 584 3095 ἀοι.
620 3040 671 3097 7.
715 3040 890 3095 Odisti
944 3059 1120 3095 onmes
1171 3043 1262 3111 qui
1310 3055 1594 3110 operantur
1651 3045 2018 3112 iniquitatem;

444 3133 627 3200 perdes
653 3149 830 3187 omnes
873 3133 963 3201 qui
1007 3132 1294 3199 loquuntur
1335 3135 1685 3188 mendacium.
1721 3134 1932 3190 Judazos
1965 3149 2021 3189 ιιι

447 3223 574 3277 odio
624 3222 815 3292 dignos
857 3223 1034 3278 fecisti
1067 3225 1417 3290 exhzeredes;
1466 3225 1677 3280 Domini
1719 3225 2022 3281 interfecto-

443 3331 556 3380 res,
591 3316 844 3386 quoniam
873 3316 1037 3372 falsos
1074 3327 1238 3373 testes
1269 3329 1518 3373 emerunt
1553 3329 1740 3375 contra
1779 3329 1850 3373 te.
1885 3319 2022 3374 Ecce

446 3408 780 3477 descripsisti
811 3411 1159 3475 exhazredes;
1186 3409 1368 3475 profer
1439 3413 1662 3480 quinam
1704 3411 2020 3467 haereditate

444 3501 740 3570 potiantur.
781 3499 1055 3569 Quinam?
1083 3502 1426 3557 Hzereditatis
1445 3512 1779 3574 symmystaa.
1812 3503 1876 3557 Et
1903 3505 2022 3573 qui-

443 3609 570 3647 nam
597 3594 690 3648 hi?
721 3594 922 3650 Omnes
957 3595 1226 3666 discipuli,
1263 3597 1356 3665 qui
1389 3595 1441 3650 in
1477 3595 1641 3649 Deum
1661 3604 1897 3664 sperant.
1931 3596 2018 3650 i2.

380 3715 392 3730 ι
444 3685 514 3738 Et
545 3669 868 3739 [relabuntur
913 3703 1088 3740 omnes
1125 3687 1214 3755 qui
1246 3697 1452 3754 sperant
1488 3687 1540 3739 in
1569 3696 1648 3751 te;
1691 3688 1742 3739 in
1773 3696 2019 3741 azternum

443 3775 798 3842 exsultabant,
823 3786 869 3830 et
897 3777 1156 3831 habitabis
1191 3779 1245 3830 in
1271 3778 1360 3831 eis.
1391 3777 1524 3844 Quia
1558 3779 1702 3832 enim
1737 3778 1788 3831 in
1817 3787 1870 3832 te
1897 3789 2021 3833 sunt

443 3883 634 3923 omnes
652 3869 892 3923 thesauri
910 3869 1148 3924 scientia:
1169 3878 1225 3924 et
1246 3869 1523 3939 sapientia;
1541 3869 1612 3932 ⁸ο,
1635 3869 1686 3922 in
1714 3869 1818 3923 illis
1840 3879 2019 3923 autem

445 3959 682 4025 habitas,
719 3960 1064 4015 exsultabant
1093 3959 1336 4022 omnino,
1371 3959 1516 4014 velut
1545 3961 1633 4028 qui
1670 3960 1723 4014 in
1759 3970 1809 4015 te
1849 3960 2022 4015 barre-

351 4103 354 4106 .
445 4051 616 4106 ditate
660 4051 973 4120 possideant
1005 4065 1230 4120 magnos
1281 4050 1587 4105 thesauros.
1634 4049 1700 4104 In
1737 4053 1893 4120 linem
1927 4068 2021 4120 pro

443 4159 506 4198 ea
531 4159 649 4208 quw
686 4143 1045 4196 Itazreditatem
1073 4144 1431 4211 consequitur.
1476 4143 1543 4197 Et
1585 4145 1806 4212 quinam
1853 4144 2023 4198 linere-

445 4233 580 4289 des?
609 4232 788 4287 Miles.
825 4233 964 4286 Dicit
988 4233 1042 4287 in
1075 4242 1398 4288 testamento
1421 4249 1519 4289 suo
1541 4233 1794 4289 Christus
1825 4253 1837 4288 :
1868 4233 2022 4288 Beati

445 4326 620 4388 mites,
643 4323 891 4392 quoniam
917 4324 1014 4392 ipsi
1044 4325 1349 4378 haereditate
1377 4325 1710 4394 possidebunt
1736 4335 1928 4379 terram
1949 4327 2018 4380 ⁸⁸.

2129 1859 2380 1930 χρήματα
2402 1857 2811 1927 κληρονομήσῃς
2839 1855 3070 1926 φθαρτά.

2212 1947 2470 2002 Ἐνταῦθα
2495 1948 2570 2012 δὲ,
2587 1949 2718 2000 ὅπου
2741 1947 2974 2018 Χριστὸς
3003 1947 3032 1998 6
3052 1945 3336 2000 ἀποθανὼν
3365 1945 3712 2016 κληρονόμον

2132 2058 2190 2094 σε
2217 2041 2562 2112 ὲνεστήσατο,
2593 2042 2725 2093 ὅπου
2752 2038 2980 2101 πλοῦτος
2995 2038 3340 2108 ἀλῄστευτος,
3373 2036 3468 2089 καὶ
3500 2035 3709 2105 κληρο-

2129 2133 2288 2203 νομία
2310 2132 2578 2203 οὐράνιος,
2605 2133 2696 2184 καὶ
2710 2131 2939 2202 διαθήκη
2961 2130 3212 2201 ἀζήμιος,
3234 2130 3262 2181 6
3293 2127 3528 2198 ψαλμὸς,

2132 2223 2328 2295 μᾶλλον
2387 2221 2641 2290 ὀφείλεις,
2697 2221 2772 2284 ὡς
2809 2219 3073 2291 διαθήκην
3119 2220 3402 2290 ὲνχάρτῃ
3447 2217 3704 2287 καθαρῷ,

2132 2311 2478 2384 μεταγράψαι
2506 2312 2664 2365 αὐτὸν
2695 2313 2752 2363 ὲν
2793 2313 2859 2380 τῇ
2894 2309 3059 2380 ψυχῇ,
3095 2310 3182 2362 ἵνα
3201 2309 3349 2379 είδῃς
3386 2307 3441 2360 εἴ
3477 2325 3560 2360 σοι
3596 2307 3707 2378 ἁρ-

2132 2405 2282 2476 μόζει
2315 2408 2348 2476 ἡ
2379 2404 2730 2475 κληρονομία,
2776 2402 2810 2472 ἥ
2840 2399 2934 2454 ob!
2975 2401 3047 2454 Οὐ
3082 2400 3189 2471 γάρ
3225 2398 3407 2461 ἁπλῶς
3432 2400 3465 2468 ἡ
3500 2397 3708 2468 κληρο-

2129 2496 2288 2566 νομία
2314 2494 2748 2558 καταλέλειπται,
2779 2491 2894 2545 ἀλλ’
2911 2491 3003 2543 ἐπὶ
3022 2490 3227 2561 αἱρέσει
3244 2490 3470 2560 φανερᾷ.
3500 2491 3707 2541 Ἀκου-

2132 2603 2220 2639 σον
2254 2583 2461 2638 καὶτοῦ
2492 2585 2768 2654 προφήτου
2797 2583 2872 2645 ὡς
2918 2581 3426 2652 συμϐολαιογράφου
3453 2596 3707 2650 παρανα-

2128 2679 2482 2748 γινώσκοντος
2504 2677 2670 2747 αὐτὴν
2700 2675 2777 2746 τῷ
2805 2675 2924 2745 Θεῷ
2941 2677 2996 2728 ὲν
3015 2675 3091 2746 τῷ
3107 2673 3448 2744 προκειμένῳ
3473 2672 3704 2743 ψαλμῷ,

2129 2773 2221 2825 καὶ
2251 2770 2498 2836 λέγοντος
2536 2769 2662 2840 περὶ
2687 2768 2794 2820 τῶν
2832 2766 3324 2838 ἀποκληρονόμων·
3382 2764 3510 2816 ’Ότι
3557 2764 3704 2831 οὐχὶ

2130 2863 2272 2930 Θεὸς
2303 2864 2493 2917 θέλων
2538 2861 2795 2930 ἀνομίαν
2825 2860 2904 2913 σὺ
2939 2855 3011 2913 εἷ.
3060 2861 3142 2912 Οὐ
3198 2855 3552 2926 παροικήσει
3595 2870 3706 2909 σοι

2127 2956 2599 3023 πονηρευόμενος
2627 2993 2643 3018 ,
2727 2951 2869 3006 οὐδὲ
2923 2949 3309 3019 διαμενοῦσιν
3369 2945 3708 3015 παράνομοι

2129 3049 2439 3104 κατέναντι
2493 3047 2612 3100 τῶν
2643 3043 2965 3114 ὀφθαλμῶν
2997 3061 3132 3098 σου.
3177 3041 3500 3111 Ἐμίσησας
3546 3039 3708 3092 πάν-

2123 3158 2226 3207 τας
2247 3141 2386 3206 τοὺς
2407 3138 2834 3208 ἐργαζομένους
2856 3136 2970 3205 τὴν
2983 3135 3255 3205 ἀνομίαν,
3278 3131 3525 3196 ἀπολεῖς
3550 3131 3708 3184 πάν-

2120 3250 2226 3296 τας
2252 3230 2392 3297 τοὺς
2420 3229 2762 3293 λαλοῦντας
2809 3226 2875 3280 τὸ
2923 3225 3169 3295 ψεῦδος.
3225 3225 3362 3288 Τοὺς
3411 3222 3707 3286 Ἰουδαίους

2118 3326 2192 3388 ὼς
2227 3324 2485 3394 μισητοὺς
2511 3319 2988 3391 ἀποκληρονὸμους
3015 3318 3300 3387 ἐποίησας,
3350 3317 3475 3378 τοὺς
3504 3316 3710 3383 Κυριο-

2120 3418 2370 3478 κτόνους·
2395 3417 2476 3468 ὅτι
2511 3414 2792 3485 μάρτυρας
2826 3411 3039 3482 ψευδεῖς
3091 3407 3231 3462 κατὰ
3262 3407 3355 3461 σοῦ
3390 3405 3701 3477 ⁴ηγόρασαν.

2135 3507 2262 3559 Ἰδοὺ
2287 3498 2439 3568 οὗτος
2459 3501 2934 3574 ὰποκληρονόμους
2963 3497 3123 3563 εἴπας
3145 3516 3160 3531 ο
3190 3495 3310 3550 εἰπὲ
3343 3497 3486 3558 τίνες
3517 3497 3567 3548 οἱ
3593 3495 3704 3564 τῆς

2121 3597 2481 3669 κληρονομίας
2511 3594 2936 3656 ἀπολαύσαντες.
2969 3592 3157 3655 Τίνες;
3191 3592 3253 3644 Οἱ
3299 3589 3398 3660 τῆς
3432 3588 3704 3658 κληρονο-

2125 3693 2252 3762 μίας
2281 3688 2614 3760 συμμύσται.
2644 3687 2754 3740 Καὶ
2786 3686 2927 3750 τίνες
2946 3679 3131 3749 οὗτοι,
3174 3680 3430 3752 Μαθηταὶ
3472 3679 3708 3744 πάντες,

2120 3786 2170 3836 οἱ
2225 3782 2317 3834 ἐπὶ
2340 3781 2430 3834 τὸν
2473 3779 2604 3832 Θεὸν
2635 3777 2964 3842 ἐλπίζοντες.
3001 3776 3114 3830 Καὶ
3171 3769 3706 3843 εὐφρανθήσονται

2122 3874 2342 3939 πάντες
2376 3877 2429 3927 οἱ
2465 3870 2810 3935 ἐλπίζοντες
2841 3869 2939 3922 ἐπὶ
2969 3869 3072 3921 σοί
3097 3883 3113 3901 ο
3148 3870 3234 3933 εις
3282 3863 3466 3918 αίῶνα
3509 3863 3706 3932 ἀγαλ-

2121 3953 2455 4028 λιάσόνται,
2489 3964 2587 4018 καὶ
2614 3959 3106 4028 κατασκηνώσεις
3129 3959 3198 4013 ἐν
3217 3955 3440 4022 αὐτοῖς.
3481 3955 3706 4024 Ἐπειδὴ

2123 4057 2230 4127 γὰρ
2252 4057 2309 4110 ὲν
2345 4056 2424 4109 σοί
2447 4058 2582 4109 εἰσιν
2614 4058 2813 4118 πάντες
2839 4057 2887 4107 οἱ
2916 4052 3182 4123 θησαυροὶ
3208 4050 3308 4120 τῆς
3329 4047 3584 4117 γνώσεως
3607 4047 3707 4099 καὶ

2121 4150 2219 4220 τῆς
2251 4147 2461 4216 σοφίας,
2499 4150 2557 4201 ὲν
2588 4147 2774 4207 αὐτοῖς
2811 4145 2867 4198 δὲ
2897 4145 3264 4214 κατασκηνοῖς
3285 4182 3300 4204 ,
3336 4139 3703 4208 ἀγαλλιῶνται

2121 4238 2315 4300 διόλου,
2346 4237 2421 4301 ὡς
2444 4239 2502 4292 ὲν
2525 4237 2608 4290 σοι
2641 4235 3100 4307 κληρονομοῦντες
3149 4235 3275 4297 τοὺς
3306 4232 3576 4303 μεγάλους
3606 4230 3706 4302 θη-

2124 4330 2376 4402 σαυρούς.
2409 4332 2514 4395 Εἰς
2560 4330 2626 4382 τὸ
2653 4328 2825 4393 τέλος
2857 4327 3010 4396 ὑπὲρ
3049 4325 3158 4393 τῆς
3182 4324 3701 4393 κληρονομούσης.

444 4415 510 4470 Si
545 4417 702 4470 mites
750 4416 989 4470 baredes
1021 4425 1184 4481 sunt,
1227 4417 1300 4470 ab
1337 4419 1653 4472 [nereditate
1693 4419 1874 4483 alieni,
1925 4420 2015 4488 qui

2128 4421 2236 4476 Καὶ
2263 4421 2407 4482 τίνες
2439 4421 2487 4472 oi
2535 4417 2894 4489 κληρονόμοι;
2931 4418 2996 4469 Οἱ
3025 4417 3222 4486 πραεῖς
3261 4414 3392 4483 (87).
3446 4411 3609 4477 Λέγει
3645 4411 3704 4461 ὲν

441 4510 513 4564 ad
538 4509 673 4564 iram
705 4516 760 4563 et
783 4508 1208 4578 indignationem
1230 4511 1382 4578 proni
1415 4521 1540 4565 sunt
1569 4526 1632 4565 ac
1657 4527 2023 4579 percussores.

437 4600 554 4656 Pro
594 4617 656 4656 ea
697 4616 814 4667 qua:
850 4601 1212 4656 hereditatem.
1257 4604 1613 4669 consequitur.
1670 4601 1798 4668 Quae
1848 4605 2024 4657 anima

441 4693 662 4750 haeres?
689 4693 820 4760 Qum
850 4709 1116 4764 pauperes
1147 4695 1298 4760 aluit,
1333 4711 1397 4750 ac
1429 4710 1526 4764 per
1568 4710 1833 4764 pauperes
1873 4697 2028 4749 Chri-

442 4797 606 4843 stum.
640 4784 758 4856 lpse
781 4787 858 4840 ait
891 4803 906 4840 :
935 4785 1139 4852 Venite,
1165 4787 1419 4841 benedicti
1459 4785 1638 4840 Patris
1678 4789 1798 4849 mei,
1841 4789 2025 4841 inita:-

440 4878 661 4932 reditate
685 4879 944 4948 possidete
969 4888 1214 4946 paratum
1254 4878 1394 4930 vobis
1423 4894 1657 4947 regnum.
1695 4879 1833 4944 Quid
1873 4880 2014 4931 enim

442 4969 536 5022 tibi
604 4967 854 5033 fecimus,
919 4967 1193 5022 bzeredes?
1255 4967 1490 5024 Esurivi.
1531 4978 1578 5020 et
1622 4969 1839 5020 dedistis
1887 4970 2017 5020 mihi

439 5059 762 5112 manducare
796 5075 815 5111 :
851 5057 1010 5119 sitivi,
1062 5068 1110 5111 et
1167 5057 1379 5110 dedistis
1427 5057 1553 5110 mihi
1611 5057 1828 5121 bibere;
1859 5069 2018 5126 atqae

439 5151 671 5219 reliqua.
705 5149 958 5216 Quandiu
999 5150 1196 5220 fecistis
1238 5150 1331 5203 uni
1361 5149 1425 5202 de
1463 5149 1543 5202 his
1594 5150 1841 5214 minimis,
1891 5151 2019 5204 milii

511 5266 558 5300 τ’
591 5265 794 5321 Jerem.
828 5281 981 5331 uxr,
1027 5267 1116 5328 51,
1152 5266 1243 5321 32.
1317 5265 1363 5298 ⁸⁰
1389 5266 1502 5322 Col.
1536 5281 1597 5330 ιι,
1632 5267 1684 5319 5.
1759 5265 1803 5296 ⁸¹
1837 5265 2023 5320 Matth.
2056 5282 2107 5331 ν,

513 5358 626 5429 (87)
658 5360 723 5412 Ol
783 5359 1010 5426 πραεῖς.
1057 5358 1214 5423 Quia,
1271 5359 1464 5429 utait
1499 5357 1742 5429 Cyrinus
1763 5358 1832 5408 ad
1858 5358 2017 5429 Joan.

441 5427 540 5491 vn,
565 5430 654 5492 55,
689 5429 769 5482 δεῖ
791 5429 1020 5500 θορύϐου
1044 5429 1242 5500 παντὸς
1274 5428 1507 5500 καὶτῶν
1535 5427 1781 5500 έξμόργῆς
1809 5427 2021 5500 quam.

443 5517 554 5552 οων
582 5497 898 5569 κινημάτων
951 5499 1054 5565 ἔξω
1087 5497 1298 5569 κεῖσθαι
1336 5497 1715 5569 τὸν-φιλόθεον
1749 5497 1893 5559 νοῦν,
1930 5498 2021 5550 καὶ

443 5569 630 5637 ὥσπερ
652 5567 771 5622 τινὰ
799 5571 1058 5639 κυμάτων
1085 5567 1282 5639 ἀργίαν
1304 5636 1312 5639 _
1331 5567 1534 5637 (malim
1581 5568 1803 5637 ἀγρίαν.)
1835 5571 2021 5620 ἐπεισ-

443 5636 614 5712 ιρορὰν
655 5636 1035 5712 παραιτεῖσθαι
1054 5636 1237 5712 ,φιλεῖν
1262 5636 1850 5712 τὰἐκῌμικροψυχίας
1885 5657 2017 5707 συμ-

444 5707 714 5778 ϐαίνοντα,
736 5707 997 5782 ’νηνέμοις
1048 5709 1103 5762 δὲ
1152 5707 1337 5774 ὥσπερ
1371 5708 1569 5770 εὐδίαις
1604 5710 1886 5778 ἐφήδεσθαι
1913 5714 2018 5772 τοῖς

2125 4513 2193 4580 τῇ
2231 4509 2462 4578 διαθήκῃ
2500 4506 2664 4562 αὑτοῦ
2705 4508 2732 4559 6
2758 4505 3026 4576 Χριστός-⁸
3055 4505 3343 4570 Μακάριοι
3376 4503 3428 4553 al
3469 4498 3700 4566 πραεῖς,

2126 4601 2215 4655 ὅτι
2264 4600 2434 4654 αὐτοὶ
2493 4597 3033 4667 κληρονομήσουσι
3061 4594 3174 4662 τὴν
3209 4593 3345 4664 γῆν.
3411 4593 3474 4645 Ei
3504 4593 3702 4660 πραεῖς

2125 4691 2473 4762 κληρονόμοι,
2501 4691 2549 4743 οἱ
2573 4689 2780 4761 ὀργίλοι
2805 4688 2943 4754 ξένοι
2976 4690 3075 4758 τῆς
3114 4685 3497 4756 κληρονομίας,
3528 4684 3624 4735 καὶ
3653 4683 3703 4733 οἱ

2125 4783 2345 4854 θυμικοὶ
2373 4783 2466 4835 καὶ
2510 4783 2767 4854 πλῆκται.
2811 4781 2994 4848 ’Υπὲρ
3019 4778 3128 4846 τῆς
3175 4775 3699 4844 κληρονομούσης.

2124 4875 2229 4930 Καὶ
2256 4877 2339 4938 τίς
2372 4877 2405 4946 ὴ
2431 4875 2763 4947 κληρονόμος
2791 4873 2934 4944 ψυχή
2960 4889 2975 4938 ;
3046 4872 3108 4924 Ἡ
3139 4870 3379 4938 πένητας
3427 4865 3697 4936 θρέψασα,

2125 4968 2220 5022 καὶ
2247 4967 2335 5020 διὰ
2352 4967 2458 5019 τῶν
2485 4969 2730 5038 πενήτων
2757 4965 2846 5018 τὸν
2877 4963 3129 5034 Χριστόν.
3159 4961 3328 5022 Αὐτὸς
3351 4958 3519 5025 λέγει’
3559 4955 3699 5008 Δεῦ-

2125 5075 2207 5121 τε,
2237 5061 2291 5110 οί
2341 5059 2731 5128 εὐλογημένοι
2761 5056 2866 5109 τοῦ
2897 5055 3126 5123 Πατρός
3146 5071 3284 5122 μου,
3328 5047 3699 5116 κληρονομή-

2124 5165 2272 5203 σατε
2298 5149 2413 5218 τὴν
2434 5146 2883 5218 ἡτοιμασμένην
2914 5145 3056 5217 ὑμῖν
3103 5143 3449 5210 βασιλείαν.
3490 5140 3557 5192 Τί
3592 5139 3698 5207 γάρ

2136 5267 2188 5320 4.

2127 5361 2191 5411 ἐκ
2223 5360 2532 5429 πραΰτητος
2557 5359 2852 5427 λογισμοῖς.
2911 5353 3067 5429 Decet
3099 5353 3329 5405 animum
3390 5348 3488 5401 Dei
3511 5354 3695 5429 σηιαηῖ

2127 5440 2224 5481 tem
2252 5423 2472 5495 positum
2501 5445 2609 5480 esse
2632 5423 2785 5480 ext—ra
2841 5425 3119 5477 tumultum
3163 5437 3388 5495 omnem,
3423 5423 3694 5495 motusque

2126 5500 2219 5551 ira:
2252 5492 2508 5561 immites;
2537 5515 2600 5549 ac
2646 5496 2797 5549 veluti
2846 5495 3097 5563 ﬂuctuum
3148 5493 3365 5567 ferocem
3414 5492 3692 5567 guemdnm

2127 5570 2371 5634 impetum
2397 5585 2457 5619 ea
2481 5567 2692 5632 reficere
2722 5582 2837 5629 qua:
2862 5579 2970 5637 pra:
3002 5564 3187 5637 mentis
3217 5564 3462 5626 angustia
3485 5564 3692 5637 conti-n-

2127 5625 2272 5702 guitt.
2312 5649 2462 5703 atque
2487 5625 2772 5690 rninmuetis
2822 5625 3241 5702 cogitationibus,
3286 5625 3378 5682 ceu
3405 5625 3689 5696 tranquilla

2125 5710 2396 5762 serenitate
2424 5707 2680 5762 delectari.
