3828 6308
131 282 235 337 ιω

1150 285 1436 344 ιιοιιιιιΑ
1471 287 1614 344 ιιι.
1653 287 1720 344 ΙΝ
1755 288 2048 352 EUMDEM
2079 296 2274 354 PSAL.
2305 295 2369 353 ν.

3283 301 3390 359 410

132 416 213 452 σοι
239 397 593 468 ἐποιήσαμεν
614 397 666 452 οἱ
693 397 1020 472 κληρονόμοι
1045 417 1059 467 ;
1093 401 1442 470 Ἐπείνασα,
1461 403 1560 460 καὶ
1591 405 1729 460 ἐδώ-

1834 411 2047 479 fecistis.
2073 413 2353 484 Tanquam
2383 413 2626 470 heredes
2654 415 2924 471 nutriistis
2943 431 3058 472 me:
3078 417 3390 475 hereditate

133 489 273 543 κατέ
289 507 400 558 μοι
430 487 649 558 φαγεῖν
667 507 682 522 ·
711 491 996 560 ἐδίψησα,
1029 493 1125 546 καὶ
1155 494 1474 548 ἐποτίσατέ
1493 513 1598 564 με·
1631 498 1723 550 καὶ

133 583 373 653 τὰὲξῆς.
423 583 554 651 Ἐφ’
594 582 748 636 ὅσον
799 582 1124 649 ἐποιήσατε
1183 584 1276 638 ἐνὶ
1338 587 1563 640 τούτων
1607 587 1727 641 τῶν

131 673 504 738 ἐλαχίστων,
540 671 671 741 ἐμοὶ
725 671 1071 741 ἐποιήσατε.
1141 674 1231 738 Ὠς
1278 674 1600 747 κληρονόμοι
1658 694 1726 748 με

133 762 402 830 ἐθρέψατε
422 777 436 792 ο
473 760 578 830 τῆς
609 762 974 833 κληρονομίας
1005 763 1370 819 ἁπολαύσατε.
1417 767 1476 819 Ὺ
1475 765 1589 835 πὲρ
1619 767 1726 837 τῆς

132 852 666 921 κληρονομούσης.
719 853 872 924 Τίςή
911 853 1243 926 κληρονόμος
1269 856 1449 928 ψυχή;
1505 859 1569 912 Ἦ
1594 859 1726 930 δρα-

135 943 316 1012 μοῦσα
338 944 443 1014 τὴν
471 944 591 998 ὁδὸν
610 944 722 997 τῶν
751 945 977 998 ἐντολῶν
1005 945 1100 998 τοῦ
1130 946 1445 1020 Χριστοῦ,ή
1474 949 1723 1019 λέγουσα·

144 1037 314 1090 ’θεὸν
334 1038 618 1092 ἐντολῶν
645 1055 763 1092 σου
807 1039 1099 1108 ἔδραμον·
1154 1042 1617 1114 ἐκληρονόμησα
1656 1046 1728 1101 τὰ

133 1128 429 1196 μαρτύριά
451 1145 596 1184 σου.
628 1159 695 1169 —-
726 1130 904 1198 ’Υπὲρ
926 1130 1038 1198 τῆς
1059 1135 1574 1204 κληρονομούσης.
1629 1137 1726 1202 Τίς

134 1219 658 1292 ήκληρονομοῦσας
700 1223 768 1275 Ἦ
811 1223 1130 1294 Ἐκκλησία,
1185 1227 1219 1290 ἡ
1258 1226 1584 1300 διωκομένη,
1633 1233 1726 1284 καὶ

137 1315 545 1383 συμπάσχουσα
570 1313 649 1384 τῷ
702 1315 943 1385 Χριστῷ.
985 1319 1360 1387 Κληρονόμοι
1398 1321 1503 1375 τοῦ
1557 1323 1725 1389 Θεοῦ,

135 1407 636 1474 συγκληρονόμοι
663 1405 733 1459 δὲ
760 1407 1042 1475 Χριστοῦ.
1071 1409 1230 1475 Πῶς;
1255 1411 1439 1481 Εἴπερ
1489 1415 1728 1483 συμπά-

137 1492 388 1564 σχομεν,
439 1498 550 1550 ἵνα
601 1498 703 1551 καὶ
750 1498 1282 1571 συνδοξασθῶμεν.
1305 1534 1374 1544 -
1406 1505 1583 1574 Ὑπὲρ
1622 1505 1729 1575 τῆς

1824 505 2086 566 fruimini.
2140 507 2247 562 Pro
2309 525 2372 563 ea
2444 523 2562 578 qua:
2620 508 2973 564 hereditatem
3037 512 3385 581 consequitur.

1829 595 2085 662 Quaenam
2118 599 2290 654 haeres
2319 599 2533 654 anima?
2556 600 2685 667 Qua:
2717 601 2887 656 currit
2913 602 2968 656 in
2992 601 3074 655 via
3106 603 3390 658 mandato-

1827 701 1948 741 rum
2001 687 2224 753 Christi,
2257 705 2376 758 qua:
2421 690 2554 746 dicit
2623 709 2637 746 :
2680 689 2832 745 Viam
2871 693 3238 747 mandatorum
3275 702 3393 749 tuo-

1829 793 1944 832 rum
1971 781 2181 834 cucurri
2205 796 2224 834 :
2247 781 2554 836 hereditate
2585 784 2838 854 acquisiui
2877 784 3176 838 testimonia
3201 794 3291 838 tua
3320 786 3389 840 “.

1823 870 2005 926 —Pro
2032 888 2093 926 ea
2117 888 2234 941 que
2259 874 2614 929 hereditatem
2641 877 2990 945 consequitur.
3015 876 3246 943 Que'est
3266 876 3352 930 illa
3369 877 3395 930 ?

1824 961 2065 1018 Ecclesia
2095 1003 2111 1030 ,
2175 978 2296 1032 quae
2361 967 2740 1033 persecutione
2791 977 3040 1027 vexatur.
3096 982 3214 1036 quae
3265 981 3389 1022 cum

1823 1053 2038 1109 Christo
2085 1055 2308 1123 patitur.
2370 1055 2618 1110 Heredes
2669 1047 2803 1123 Dei,
2855 1057 3149 1112 coheredes
3213 1066 3389 1112 autem

1823 1146 2016 1201 Christi
2045 1147 2112 1199 ⁸⁸.
2149 1147 2262 1212 Quo
2291 1149 2481 1202 modo?
2514 1147 2575 1203 Si
2609 1160 2781 1203 tamen
2829 1153 3190 1218 compatimur,
3235 1158 3291 1202 ut
3343 1160 3392 1202 et

1823 1239 2271 1308 congloriﬁcemur
2305 1238 2559 1293 “.—-Pro
2582 1257 2642 1294 ea
2685 1257 2801 1310 que
2824 1243 3177 1295 hereditatem
3213 1257 3394 1294 conse-

1822 1332 2021 1400 quitur.
2058 1331 2187 1396 Quae
2215 1332 2389 1386 haeres
2418 1333 2643 1386 anima?
2685 1333 2817 1398 Quae
2846 1333 2913 1388 ad
2940 1333 3196 1387 mundum
3230 1335 3392 1400 pertl-

1824 1423 2006 1476 nentia
2062 1439 2164 1476 una
2216 1437 2336 1476 ctuu
2377 1424 2576 1477 mundo
2613 1423 2830 1494 abjecit,
2880 1431 3043 1493 atque
3093 1422 3392 1477 cmlestium

1827 1509 2096 1562 desiderio
2131 1519 2364 1564 tenetur.

134 1591 673 1660 κληρονομούσης.
729 1593 826 1658 Τίς
877 1595 910 1666 ὴ
966 1596 1303 1668 κληρονόμος
1339 1597 1521 1670 thum;
1565 1599 1632 1653 Ἢ
1661 1601 1730 1655 τὰ
1766 1601 1860 1656 τοῦ
1895 1603 2100 1673 κόσμου
2150 1603 2229 1674 τῷ
2296 1605 2486 1676 κόσμῳ
2519 1605 2868 1677 προσρίψασα
2890 1647 2906 1674 ,
2933 1605 3027 1660 καὶ
3078 1605 3144 1660 τὰ
3173 1607 3398 1678 οὐράνια

135 1682 546 1752 ὲπιποθὴσασα.

213 1775 273 1828 Ὀ
293 1774 544 1844 Χριστος
563 1774 746 1844 λέγει’
777 1775 903 1845 Πᾶς
939 1777 1110 1844 ὅστις
1141 1779 1377 1848 ἀφῆκεν
1399 1782 1595 1837 οὶκίαν
1622 1824 1639 1850 ,
1691 1785 1730 1854 ἢ

1908 1780 2083 1838 Verba
2113 1780 2311 1834 Christi
2340 1790 2465 1835 sunt
2504 1803 2515 1836 :
2549 1781 2732 1837 Omnis
2759 1783 2848 1852 qui
2876 1782 3133 1852 reiiquerit
3162 1783 3400 1836 domum

137 1867 468 1936 ἀδελφοὺς,
516 1869 613 1921 καὶ
640 1868 708 1921 τὰ
738 1867 883 1941 ἑξῆς,
911 1870 1506 1927 ἑκατονταπλασίονα
1533 1875 1726 1943 λήψε-

140 1977 248 2020 ται,
273 1960 376 2012 καὶ
407 1959 569 2027 ζωὴν
599 1959 839 2014 αἰώνιον
866 1962 1330 2032 κληρονομήσει.
1354 1965 1488 2017 Εἰπὲ
1518 1965 1612 2019 καὶ
1644 1958 1734 2020 οὗ-

141 2069 222 2115 τος
253 2054 773 2125 ἁποκληρονὸμους.
803 2053 1014 2119 Παῦλος
1041 2055 1190 2124 λέγει
1213 2071 1226 2085 ·
1279 2055 1400 2109 Ὅτι
1440 2055 1560 2123 πᾶς
1593 2060 1734 2128 πόρ-

139 2164 262 2211 νος,
293 2146 336 2212 ἢ
374 2146 743 2214 ἀκάθαρτος,
793 2146 832 2215 ἢ
877 2148 1266 2214 πλεονέκτης,
1303 2151 1412 2202 οὐκ
1440 2150 1562 2218 ἔχει
1587 2153 1734 2219 κλη-

137 2239 432 2307 ρονομίαν
471 2239 547 2291 ἐν
579 2237 651 2306 τῇ
675 2239 967 2305 βασιλείᾳ
992 2239 1098 2293 τοῦ
1141 2239 1399 2306 Χριστοῦ
1427 2241 1527 2294 καὶ
1562 2243 1731 2296 Θεοῦ.

139 2332 244 2382 Καὶ
270 2331 410 2383 ποτε
438 2332 474 2401 ἠ
517 2330 881 2401 κληρονομίας
916 2334 1019 2396 Εἰς
1050 2331 1116 2384 τὸ
1149 2330 1343 2398 τέλος.
1374 2333 1492 2385 Ἵνα
1515 2333 1620 2397 ’ἐως
1651 2333 1734 2387 τέ-

138 2424 255 2486 λους
288 2423 790 2493 εὐχαριστήσωμεν
818 2421 895 2493 τῷ
927 2421 1044 2492 Θεῷ
1063 2421 1140 2492 τῷ
1170 2422 1466 2494 κληροδότῃ
1485 2441 1500 2454 θ
1535 2425 1622 2476 ἵνα
1657 2425 1731 2495 μὴ

137 2513 440 2584 ἀρξάμενοι
472 2515 809 2584 εὐαρεστεῖν,
871 2513 1365 2584 λιποτακτήσαντες
1415 2515 1733 2586 ἀποϐληΘῶ-

139 2623 256 2674 μεν.
307 2607 377 2659 Ὀ
408 2605 524 2674 γὰρ
551 2605 879 2673 ὑπομείνας
900 2607 988 2668 εἰς
1016 2604 1208 2670 τέλος,
1243 2601 1421 2671 οὗτος
1457 2607 1731 2675 σωθήσεο

141 2713 333 2749 ται.-
357 2695 614 2765 Ψαλμὸς
631 2693 712 2759 τῷ
739 2695 932 2748 Δαϐίδ.
962 2697 1118 2748 Πᾶσα
1140 2696 1337 2767 πρᾶξις
1357 2697 1535 2769 ἀγαθὴ
1569 2698 1732 2752 παντὶ

138 2787 214 2856 τῷ
245 2787 426 2856 ἱκανῷ
446 2789 516 2857 τῇ
542 2785 687 2857 χειρί
713 2786 844 2856 (88).
882 2785 935 2838 Ὀ
957 2788 1065 2857 γὰρ
1088 2786 1492 2856 ἐναρξάμενος
1532 2788 1642 2859 (89)
1664 2789 1734 2843 ἐν

139 2879 281 2948 ὑμῖν
315 2880 506 2948 ἔργον
537 2880 785 2948 ἀγαθὸν,
803 2879 1133 2933 ἐπιτελέσει
1161 2879 1334 2948 ἄχρις
1357 2877 1580 2949 ’ἡμέρας
1602 2883 1733 2950 Χρι-

140 2974 290 3028 στοῦ
339 2971 566 3040 Ἰησοῦ.
605 2973 719 3026 Οὐκ
745 2972 1063 3031 ἐθεάσασθε,
1095 2973 1245 3035 ὅπως
1279 2973 1461 3026 πολλοὶ
1485 2974 1571 3027 διὰ
1599 2974 1731 3044 κλη-

146 3063 404 3134 ρονομίαν
447 3062 772 3134 χρημάτων,
833 3062 1092 3134 γέροντας
1126 3062 1413 3126 πλουσίους
1460 3062 1730 3133 ζητοῦσιν,

142 3157 233 3209 καὶ
273 3157 583 3218 ἀδυνάτους
635 3155 794 3218 ὄντας
839 3154 1244 3226 νοσοκομοῠσιν,
1307 3155 1402 3210 καὶ
1453 3156 1732 3226 ἀνέχονται

142 3246 248 3298 τῶν
272 3245 374 3298 τοῦ
393 3248 468 3317 γή
475 3264 604 3317 ρους
626 3247 1040 3316 ἐλαττωμάτων,
1069 3247 1233 3319 βηχὸς
1253 3247 1346 3300 καὶ
1371 3248 1600 3318 τρισμοῦ
1628 3247 1733 3300 θώ-

147 3355 336 3406 ρακος,
369 3338 471 3391 καὶ
502 3337 760 3407 κορύζης,
794 3339 888 3391 καὶ
915 3338 1229 3406 ποδαλγίας,
1261 3339 1355 3391 καὶ
1386 3338 1534 3410 βοῆς.
1558 3341 1615 3392 ἐν
1646 3356 1736 3392 νυ-

146 3437 231 3487 xci.
254 3435 354 3487 καὶ
375 3434 587 3506 ἡμέρᾳ.
619 3435 714 3487 καὶ
765 3435 992 3505 νεότητα
1045 3436 1206 3504 γήρει
1259 3433 1734 3506 προσδαπανῶσιν,

147 3527 236 3578 καὶ
265 3526 377 3596 πρὸ
406 3525 519 3579 τῶν
571 3525 682 3594 (90)
714 3527 1008 3596 χρημάτων
1041 3526 1301 3590 πολλάκις
1325 3526 1564 3595 γίνονται
1600 3525 1733 3596 κλη-

148 3619 370 3688 ρονόμοι
393 3636 410 3684 ;
449 3617 561 3671 Καὶ
585 3616 724 3688 μετὰ
748 3617 921 3672 ταῦτα
950 3618 1148 3684 πάντα,
1172 3617 1363 3690 ἄδηλος
1390 3619 1422 3689 ἡ
1445 3617 1598 3681 ἐλπὶς
1623 3615 1732 3672 τῶν

146 3708 657 3780 προσδοκηθέντων.

216 3805 290 3856 Ἦ
323 3801 438 3872 γὰρ
465 3802 494 3855 ὁ
521 3799 641 3863 νέος
668 3799 954 3868 προλαϐὼν
978 3801 1270 3865 ἀπέθανεν,
1297 3800 1330 3872 ἢ
1361 3801 1390 3854 ὁ
1426 3800 1602 3874 γέρων
1639 3817 1735 3872 με·

1830 1869 1906 1925 vel
1955 1867 2174 1940 fratres,
2221 1881 2275 1923 et
2309 1885 2427 1938 qua:
2457 1881 2784 1939 sequuntur,
2825 1872 3118 1939 centuplum
3159 1873 3397 1941 accipiet,

1827 1971 1876 2016 et
1918 1962 2077 2015 vitam
2114 1970 2360 2014 eternam
2395 1978 2489 2029 pro
2522 1963 2827 2016 hereditate
2867 1964 3150 2032 possidebit
3179 1963 3246 2017 ".
3293 1961 3401 2017 Re-

1829 2053 1935 2108 cita
1968 2068 2181 2122 quoque
2219 2057 2554 2111 exheredes.
2583 2056 2722 2111 Dicit
2761 2056 2962 2111 Paulus
2998 2075 3012 2111 :
3046 2057 3198 2122 Quod
3230 2057 3398 2110 omnis

1829 2147 2137 2216 fornicator,
2193 2158 2284 2201 aut
2340 2149 2661 2212 immundus,
2711 2158 2803 2202 aut
2850 2166 3061 2214 avarus,
3101 2167 3204 2204 non
3247 2150 3400 2204 habet

1829 2239 2185 2293 hereditatem
2218 2240 2272 2292 in
2306 2255 2461 2309 regno
2489 2239 2686 2294 Christi
2728 2249 2777 2293 et
2819 2239 2915 2294 Dei
2961 2242 3029 2296 ⁸⁸.
3071 2241 3138 2294 Ει
3183 2241 3400 2311 quando

1829 2329 2155 2384 hereditas?
2207 2328 2274 2383 In
2307 2330 2482 2398 ﬁnem.
2529 2328 2599 2384 Ut
2639 2331 2704 2384 ad
2739 2331 2898 2383 linem
2961 2344 3130 2399 usque
3193 2330 3400 2400 gratias

1829 2434 2052 2488 agamus
2080 2419 2209 2482 Deo,
2241 2419 2331 2487 qui
2359 2419 2689 2473 hereditatis
2717 2421 2870 2473 dator
2902 2428 3012 2474 est:
3039 2434 3104 2473 ne
3127 2434 3248 2473 cum
3289 2433 3402 2476 caa-

1827 2512 2064 2580 perimus
2094 2509 2324 2574 placere,
2351 2523 2534 2579 postea
2561 2509 2866 2564 desertores
2886 2509 3032 2576 facti,
3057 2511 3398 2579 abjiciamur.

1829 2604 1932 2669 Qui
1959 2604 2098 2658 enim
2133 2605 2531 2672 perseveraverit
2576 2620 2735 2670 usque
2779 2605 2834 2657 in
2874 2603 3053 2671 ﬁnem,
3107 2603 3192 2656 hic
3226 2601 3402 2656 salvus

1827 2694 1925 2749 erit
1955 2694 2023 2748 δ”.
2043 2723 2112 2734 -
2133 2691 2379 2748 Psalmus
2410 2692 2618 2748 Davidi.
2646 2691 2834 2749 Omnis
2859 2692 2996 2748 bdna
3026 2695 3203 2761 actio,
3255 2693 3401 2748 omni

1827 2786 2020 2841 idoneo
2046 2800 2226 2840 manu.
2261 2784 2393 2840 Nam
2424 2785 2514 2856 qui
2539 2785 2687 2852 cepit
2730 2786 2784 2837 in
2831 2785 2975 2838 vobis
3017 2801 3146 2854 apris
3187 2784 3401 2850 bonum,

1827 2879 2054 2948 perﬁciet
2073 2895 2232 2949 usque
2254 2880 2307 2932 in
2331 2879 2468 2932 diem
2494 2877 2691 2932 Christi
2709 2877 2836 2931 Jesu
2865 2878 2933 2932 ⁸⁸.
2959 2877 3147 2932 Nonne
3173 2877 3404 2943 vidistis,

1831 2971 2285 3041 quemadmodum
2326 2970 2478 3025 mulli
2509 2971 2578 3026 ob
2613 2985 2772 3040 opum
2803 2971 3199 3035 hereditatem,
3241 2984 3405 3025 senes

1832 3065 2024 3118 divites
2088 3072 2368 3132 queruut,
2416 3077 2709 3134 eorumque
2759 3063 2810 3116 in
2863 3063 3034 3118 morbi
3095 3061 3406 3116 inﬁrmitate

1834 3171 2019 3211 curam
2082 3165 2296 3225 gerunt,
2358 3155 2632 3223 patiuntur
2687 3155 2983 3211 senectutis
3039 3153 3404 3220 incommoda,

1834 3249 2046 3312 tussim,
2069 3247 2356 3302 stridorem
2379 3246 2669 3310 Stomachi,
2698 3247 3064 3316 gravedinem,
3090 3246 3406 3315 podagram,

1835 3340 2145 3404 clamorem,
2177 3347 2334 3394 nocte
2372 3353 2436 3393 ac
2477 3339 2604 3405 die;
2645 3339 2987 3409 iuventutem
3029 3337 3082 3390 in
3128 3335 3407 3391 toleranda

1835 3439 2114 3486 senectute
2141 3439 2493 3495 consumunt;
2543 3436 2597 3484 et
2631 3429 2823 3482 horum
2854 3427 3006 3498 prius
3032 3438 3404 3496 saepenumero

1837 3525 1972 3579 liunt
2015 3524 2278 3591 heredes,
2323 3537 2482 3592 quam
2529 3522 2825 3586 bonorum;
2897 3529 3059 3589 atque
3110 3527 3236 3588 post
3289 3518 3407 3573 haec

1835 3617 2052 3682 omnia,
2108 3617 2314 3672 incerta
2365 3630 2487 3686 spes
2544 3623 2628 3670 est.
2689 3627 2874 3669 eorum
2927 3627 3048 3682 qua:
3097 3619 3408 3681 exspectata

1836 3708 2010 3765 fuere.

1900 3802 2009 3856 Aut
2059 3803 2203 3857 enim
2245 3801 2458 3870 juVenis
2511 3808 2637 3856 ante
2675 3813 2860 3854 senem
2914 3799 3070 3863 obiit,
3107 3806 3198 3853 aut
3242 3811 3408 3853 senex

144 3895 421 3966 τανοήσας
486 3893 569 3956 εἰς
618 3891 777 3946 ἄλλον
833 3893 1062 3959 διέθετο,
1113 3894 1146 3947 ἢ
1203 3893 1412 3966 γάρτης
1450 3894 1730 3962 τυραννίδα

1834 3901 2043 3947 mutata
2084 3891 2363 3948 voluntate
2406 3890 2570 3945 alium
2614 3890 2882 3946 heredem
2925 3889 3167 3960 reliquit,
3202 3896 3296 3942 aut
3327 3897 3407 3959 ty-

211 4048 261 4078 “
307 4045 459 4100 Psal.
489 4116 498 4117 ί
525 4061 720 4109 cxvm,
745 4045 841 4117 52,
899 4045 1021 4100 ill.
1094 4046 1144 4078 ⁸³
1175 4046 1332 4103 Rom.
1375 4063 1491 4112 νιιι,
1530 4047 1612 4100 l7.
1689 4045 1736 4079 “
1762 4045 1895 4102 ibid.
1969 4045 2015 4078 ⁸⁸
2044 4045 2236 4102 Matth.
2280 4062 2396 4116 xix,
2436 4045 2528 4103 29.
2602 4046 2652 4080 ⁸⁸
2686 4047 2881 4117 Ephes.
2912 4063 2970 4116 v,
2997 4047 3051 4102 5.
3127 4047 3172 4080 ⁸⁷
3216 4045 3405 4102 Matth-

148 4133 199 4185 x,
229 4117 325 4171 ea.
404 4117 452 4148 ιε
483 4116 712 4184 Philipp.
748 4132 786 4182 ι,
815 4115 866 4168 6.

216 4253 334 4322 (88)
369 4251 458 4324 Τῷ
491 4252 676 4324 ἕκανῷ
695 4252 770 4319 τῇ
793 4251 1024 4324 χειρί-ει
1046 4266 1098 4320 p.
1242 4250 1319 4324 _Ex
1342 4249 1730 4324 signiﬁcatione

1838 4255 1984 4324 ganti
2022 4256 2078 4308 in
2138 4253 2420 4309 certamine
2456 4269 2818 4324 comparatus.
2875 4254 3091 4311 Necnon
3152 4255 3406 4312 Dorothei

149 4319 388 4379 nominis
409 4322 614 4404 David,
637 4323 696 4386 ὃς
728 4319 1087 4404 ἑρμηνεύεται
1120 4319 1297 4404 ἱκανὸς
1327 4319 1487 4392 χειρί,
1517 4322 1590 4374 ait
1614 4321 1733 4376 Ori-

147 4411 314 4459 genes
346 4394 421 4445 ad
451 4390 645 4445 Matth.
678 4409 726 4458 ν,
760 4390 813 4457 9,
853 4390 914 4446 in
939 4391 1268 4454 Philocalia;
1303 4390 1458 4458 quem
1494 4406 1732 4458 sequun-

150 4477 236 4517 tur
261 4463 535 4517 Eusebius
563 4464 618 4515 in
648 4463 921 4516 Canticum
973 4461 1316 4532 canticorum,
1349 4461 1522 4532 p.711;
1555 4459 1734 4532 Olym-

147 4535 413 4603 piodorus
444 4534 513 4584 ad
535 4543 718 4603 kcaput
746 4548 761 4586 ι
795 4533 1147 4603 Ecclesiastis;
1188 4529 1653 4603 EliasLCretensi's
1680 4533 1734 4603 _in

147 4600 441 4655 orationem
471 4617 484 4653 ι
521 4600 764 4668 Gregorii
807 4601 1154 4661 Nazianzeni,
1186 4600 1290 4656 col.
1324 4601 1445 4656 182.
1499 4601 1735 4664 Δυνατὸς

147 4673 294 4744 χειρί
331 4673 561 4744 vertitur
593 4674 661 4744 ab
693 4671 918 4726 Eusebio
950 4669 1438 4744 Demonstrationis
1472 4673 1732 4744 euangeli-

146 4740 247 4809 ἔω,
293 4743 401 4812 lib.
426 4756 522 4804 vn,
557 4758 610 4810 p.
639 4743 743 4795 558
775 4761 791 4808 ;
827 4741 1005 4803 ἱκανὸς
1035 4740 1178 4810 χειρὶ
1204 4741 1296 4793 καὶ
1335 4742 1574 4812 *ἰσχυρὸς
1603 4741 1732 4812 ὁρά-

147 4831 231 4866 σει
278 4816 330 4866 iu
362 4811 781 4866 Commentariis
841 4814 999 4866 trium
1051 4813 1272 4863 Patrum
1321 4810 1731 4866 GraicorUItrad

147 4883 304 4938 Cant.
340 4893 484 4934 cant.
510 4880 845 4935 Biblimhece
875 4880 1097 4935 Patrum
1137 4890 1173 4933 t.
1212 4879 1276 4940 ll,
1305 4895 1356 4949 p.
1385 4881 1490 4934 722
1520 4898 1534 4945 ;
1570 4881 1724 4946 ἐξου-

146 4953 375 5015 δένωσις
404 4953 542 5020 apud
571 4950 863 5005 Maximum
891 4950 1189 5016 quaestione
1221 4951 1290 5005 53
1327 4961 1380 5005 ct
1400 4953 1468 5004 65
1494 4953 1550 5004 in
1577 4953 1724 5007 Scri-

146 5035 388 5091 pturam,
454 5033 492 5076 ι.
523 5020 562 5085 Ι,
624 5037 678 5090 p.
713 5021 832 5082 147,
868 5020 990 5078 279.
1019 5021 1108 5087 qui
1151 5032 1204 5073 et
1235 5023 1286 5074 in
1323 5023 1511 5074 ultimo
1536 5024 1650 5076 loco
1680 5029 1734 5074 et

149 5108 204 5172 ιλ.
237 5094 346 5172 290
366 5092 580 5172 profert
621 5091 1004 5172 etymolOgiam
1035 5091 1254 5172 taxupb;
1282 5092 1492 5172 ὁράσει.
1526 5095 1730 5147 Anctor

153 5163 338 5230 Operis
358 5163 650 5232 imperfecti
678 5161 732 5215 in
773 5161 1100 5232 Mattheum,
1155 5163 1218 5213 ad
1257 5161 1397 5215 vers.
1430 5162 1484 5224 6,
1517 5177 1628 5230 cap.
1670 5176 1725 5214 ιε

151 5234 320 5286 Dat-id
381 5230 759 5299 interpretatur
795 5230 1064 5285 sulIiciens
1125 5247 1306 5295 manu,
1360 5231 1438 5284 vel
1484 5232 1725 5286 dilectus.

154 5300 628 5372 IlieronymusiDe
679 5301 980 5372 nominibu_s
1035 5299 1330 5372 Hebraicis,
1383 5302 1729 5356 Promittioin

152 5369 506 5430 librum'xvu.
527 5371 902 5426 Commentar.
927 5369 1116 5433 Esaize,
1146 5375 1215 5424 ad
1238 5371 1315 5426 Is.
1343 5387 1490 5435 val,
1521 5374 1606 5436 19,
1639 5372 1728 5436 ‘20,

150 5443 204 5493 in
225 5441 425 5494 Psalm.
458 5457 574 5505 xvi,
622 5455 756 5504 xvu,
799 5455 997 5506 χχχιιι,
1027 5455 1080 5504 1.,
1133 5457 1218 5494 1.x:
1255 5453 1309 5494 et
1359 5456 1534 5506 saepe:
1577 5441 1732 5508 {ortis

155 5528 330 5574 manu,
355 5512 462 5564 sive
489 5511 877 5564 desiderabilis.
937 5511 989 5564 In
1046 5509 1180 5564 Galli
1213 5525 1463 5564 sermone
1485 5512 1733 5564 Barthia-

155 5597 231 5635 ne
251 5581 527 5646 editionis,
552 5597 608 5650 p.
639 5580 727 5644 18,
761 5579 949 5643 David,
971 5581 1132 5648 juxta
1161 5597 1343 5634 nomen
1369 5596 1543 5650 suum,
1573 5597 1732 5634 manu

157 5651 326 5705 fortis.
367 5651 519 5707 Unde
550 5649 665 5704 tum
698 5652 784 5704 lux
819 5652 998 5704 verbis
1048 5652 1292 5704 Cassiani
1323 5649 1610 5704 collatione
1640 5651 1728 5716 24,

157 5737 268 5792 cap.
295 5721 365 5776 8:
395 5719 498 5777 Ille
521 5736 685 5775 manu
736 5721 886 5790 fortis
926 5735 1075 5789 puer,
1112 5719 1498 5776 bellicosissima
1543 5719 1621 5775 illi
1649 5720 1731 5790 gi-

1839 4323 2318 4404 ;li‘lon'embasi‘ensis
2356 4323 2663 4404 ἰπὶ-διίησι)ξὶ
2719 4325 3079 4404 historiarum,
3126 4326 3282 4404 bxiip
3304 4329 3408 4404 ρα-

1833 4394 1917 4447 6ὶδ
1940 4389 2379 4466 ἦτον-ἄνθρωπος
2397 4389 2887 4466 ὡμδςίᾶνανδρος,
2920 4395 3134 4459 ἀνάξιος
3159 4389 3262 4466 τού
3293 4396 3407 4448 ὀνό-

1836 4463 2024 4533 ματος,
2066 4463 2318 4517 Dominus
2347 4463 2512 4518 David
2557 4476 2667 4518 erat
2691 4463 2843 4518 homo
2865 4466 3115 4526 crudelis,
3162 4465 3405 4527 imbellis,

1832 4534 2080 4602 indignus
2129 4535 2336 4586 nomine
2378 4551 2491 4586 suo.
2547 4533 2864 4603 Quanquam
2897 4535 3070 4603 potuit
3106 4534 3406 4589 Dorotheus

1833 4604 2069 4658 alludere
2092 4604 2353 4656 duntaxat
2378 4603 2443 4654 ad
2481 4603 2700 4658 Davidis
2751 4604 2894 4672 regis
2948 4605 3218 4672 propheta:
3246 4617 3403 4657 man-

1835 4675 2171 4728 suetudinem
2233 4681 2290 4726 et
2346 4672 2742 4738 fortitudinem,
2799 4689 2902 4726 non
2936 4688 3064 4726 vero
3095 4673 3160 4726 ad
3211 4687 3406 4728 nomen

1826 4746 2011 4798 etiam.
2036 4741 2498 4812 Tumemendatio
2520 4743 2698 4796 forsan
2724 4744 2860 4812 apud
2883 4743 3138 4812 Cyrillum
3164 4743 3216 4812 in
3246 4739 3407 4797 Colle-

1831 4815 2048 4885 ctaueis,
2074 4825 2120 4885 _t.
2147 4811 2242 4885 Vl.
2265 4827 2320 4881 p.
2352 4813 2442 4885 δῇ,
2466 4812 2628 4866 Δαόἱδ
2660 4810 3017 4885 ἑρμηνεύεται
3039 4810 3404 4885 ἐξουδένωσις,

1831 4884 1925 4937 καὶ
1949 4883 2130 4946 ἱκανὸς
2145 4883 2366 4955 νὸράσαι.
2396 4883 2529 4937 Nam
2559 4883 2756 4954 δράσαι
2789 4885 2935 4955 malit
2967 4883 3254 4955 quispiam,
3289 4897 3409 4955 pro-

1833 4965 1950 5024 pter
1975 4955 2115 5008 hunc
2143 4951 2339 5018 locum,
2392 4969 2445 5024 μ.
2471 4955 2569 5024 68,
2596 4951 2771 5008 ’Δαϐὶδ
2803 4951 3163 5024 ἑρμηνεύεται
3192 4953 3288 5022 μὲν
3319 4951 3407 5018 ἐξ-

1827 5023 2128 5094 ουδένωσις,
2163 5023 2528 5094 ἑρμηνεύεται
2552 5023 2613 5094 δὲ
2633 5027 2726 5078 καὶ
2759 5023 2936 5086 ἱκανὸς
2964 5023 3126 5094 χειρί.

1901 5093 2014 5161 (89)
2052 5092 2504 5163 Ἐναρξἁμενος.
2537 5093 2605 5148 In
2631 5095 2823 5148 Jonam
2848 5092 3103 5163 Cyrillus,
3137 5107 3284 5146 num.
3311 5092 3403 5160 20,

1829 5164 2104 5237 στέλλεται
2205 5165 2640 5237 προφήτηςηκαὶ
2681 5163 3008 5237 προύυμίριὶς
3062 5164 3294 5237 ἀμᾲχοις
3324 5163 3406 5216 δι-

1832 5235 2143 5306 εζωσμένος
2169 5228 2460 5306 ἐξέρχεταί
2481 5235 2589 5287 τῶν
2605 5228 2934 5306 πρακτέων)
2950 5228 3252 5306 Legeuduin
3278 5243 3405 5302 puto

1828 5303 2141 5377 ἐξάρχεται.
2173 5303 2424 5377 _Mi'ttitur
2463 5303 2730 5372 prophela,
2771 5315 2818 5356 et
2860 5306 3059 5377 invicta
3107 5305 3402 5358 succinctus

1835 5375 2131 5437 alacritate,
2165 5375 2344 5442 incipit
2378 5378 2629 5428 mandata
2659 5376 2890 5442 exsequi.

1908 5446 2017 5516 (90)
2045 5444 2153 5498 Kal
2176 5443 2287 5516 πρὸ
2316 5445 2454 5497 τῶν.
2499 5443 2720 5498 Videtur
2763 5446 2964 5514 aliquid
2993 5445 3202 5500 deesse.
3234 5443 3405 5516 Porro

1837 5513 1936 5569 ista
1969 5513 2019 5568 iu
2058 5513 2429 5582 hmredipetas,
2483 5524 2542 5568 ut
2588 5524 2644 5568 et
2679 5516 2783 5569 alia
2811 5513 3062 5569 nonnulla
3094 5515 3400 5577 Asteriaua,

1835 5585 2084 5638 conferre
2117 5598 2292 5650 opere
2336 5585 2568 5655 pretium
2613 5584 2776 5641 fuerit
2808 5603 2926 5641 cum
2960 5584 3400 5655 Cbrysostomia-

1836 5657 1920 5712 nis
1948 5653 2494 5724 interpretationibus.
