3828 6326
500 279 610 340 415

1747 309 1808 367 S.
1852 309 2126 368 ASTERII
2162 311 2304 369 AMA
2313 313 2463 371 SEN]

3651 334 3796 389 416

497 405 714 474 quidem
763 409 1016 479 occulta,
1068 415 1178 471 Deo
1227 427 1406 476 autem
1459 423 1766 485 manifesta.
1824 431 2009 503 Intelli

2093 443 2139 500 Α
2169 439 2278 491 Καὶ
2297 434 2366 510 ἦν
2388 440 2420 509 ἡ
2444 437 2592 510 φωνὴ
2615 438 2706 493 τοῦ
2733 440 3034 512 στεναγμοῦ
3055 441 3359 517 ἀνθρώποις
3397 447 3496 520 μὲν
3519 447 3629 519 ἀδη
3638 449 3790 516 λος,

496 497 780 556 clamorem
845 520 1036 562 meum.
1095 509 1231 575 Quid
1294 511 1550 582 loqueris,
1611 521 1915 590 propheta?
1957 497 2066 582 Deo

495 602 820 661 praeceptum
866 597 1134 667 imponis?
1183 600 1473 672 Sapientiae
1520 607 1802 668 thesaurus
1852 626 1955 680 est,
2009 626 2062 672 et

494 677 865 752 intelligentia:
892 690 1146 756 ubertas,
1179 691 1334 762 juxta
1377 697 1505 752 illud
1543 700 1836 771 Scriptura:
1864 724 1878 760 :
1906 677 2060 775 Apud

491 786 611 826 enm
641 776 900 843 sapientia
925 789 972 833 et
996 781 1333 852 intelligentia
1371 789 1426 843 ἐ
1453 799 1614 862 tuque
1647 796 1694 850 ei
1719 797 1876 862 dicis,
1900 798 2060 855 Intel-

489 863 610 930 lige,
641 867 1044 926 animadverte?
1077 875 1240 943 Atqui
1287 879 1331 933 si
1373 882 1570 937 eximio
1598 885 1800 943 homini
1829 891 2050 956 dixeris,

487 954 891 1027 Animadverte,
923 965 1174 1023 irascitur
1208 970 1316 1035 ille,
1345 975 1490 1041 quod
1527 985 1779 1048 tanquam
1808 983 2054 1054 imperito

457 1045 696 1104 locutus
732 1050 919 1121 fueris,
964 1073 1063 1114 nec
1091 1064 1442 1133 percipienti;
1494 1067 1606 1124 Deo
1648 1083 1826 1128 autem
1875 1077 2046 1145 dicis,

481 1133 761 1210 Inlellige’
791 1144 983 1201 Verum
1017 1167 1124 1205 non
1153 1153 1380 1224 imperat
1410 1158 1638 1216 Domino
1671 1181 1685 1217 :
1719 1165 1858 1220 absit
1885 1169 1898 1222 ί
1952 1185 2048 1224 ne-

479 1241 584 1296 que
621 1236 864 1291 mortalis
913 1239 1269 1299 immortalem
1321 1250 1386 1302 ad
1428 1251 1831 1324 intelligendum
1868 1271 2042 1330 urget,

477 1334 574 1374 nec
597 1337 716 1391 qua:
751 1328 1028 1386 ebriorum
1069 1347 1195 1391 sunt
1221 1340 1380 1396 homo
1437 1345 1652 1403 sobrius
1696 1347 1904 1419 eﬂ'utit;
1943 1328 2044 1408 sed

473 1415 614 1479 quod
645 1416 736 1480 ait,
775 1419 877 1476 hoc
909 1435 993 1479 est
1025 1442 1041 1480 :
1072 1427 1220 1484 Multi
1254 1447 1441 1488 eorum
1486 1440 1574 1507 qui
1611 1439 1821 1509 judices
1845 1415 2044 1502 adeunt

472 1513 530 1555 ut
557 1505 624 1560 de
654 1513 864 1580 magnis
905 1523 1334 1592 necessariisque
1368 1505 1632 1597 capitibus
1670 1532 2037 1604 interpellent,

472 1597 720 1652 nesciunt
765 1618 828 1657 ea
891 1607 957 1664 de
1028 1613 1224 1679 quibus
1274 1619 1450 1686 agitur
1513 1622 1814 1693 explicare,
1866 1643 2041 1698 neque

470 1688 666 1756 valent,
693 1696 833 1758 quod
869 1701 1108 1768 cupiunt,
1143 1708 1422 1764 evidenter
1453 1727 1514 1766 ac
1545 1716 1826 1785 perspicue
1855 1720 2036 1775 decla-

471 1787 632 1842 rare;
669 1783 863 1839 deinde
887 1791 1011 1857 quia
1041 1792 1206 1861 judex
1228 1799 1292 1850 ad
1326 1803 1598 1869 negotium
1629 1783 2032 1877 intelligendum

464 1867 716 1925 solertior
767 1887 849 1930 est
897 1896 1058 1948 quam
1102 1867 1496 1958 interpellatur,
1563 1899 1822 1968 novitque
1875 1903 2034 1971 quale

462 1955 655 2015 debeat
694 1967 917 2026 reddere
966 1989 1281 2043 responsum
1325 1998 1339 2034 :
1375 1986 1466 2052 qui
1502 1989 1725 2056 supplex
1757 2002 1860 2059 est,
1911 2005 2032 2051 orat

458 2235 621 2291 etiam
663 2245 945 2314 propheta,
969 2235 1402 2327 quandoquidem
1430 2264 1590 2321 homo
1619 2267 1728 2323 Deo
1773 2235 2027 2342 loqueba;

457 2333 564 2395 tur,
601 2342 761 2403 atque
795 2339 847 2393 in
883 2352 1106 2416 stupore
1152 2355 1511 2423 cousﬁtutus,
1553 2359 1726 2414 instar
1761 2366 2025 2432 guberna-

457 2420 588 2475 toris
625 2423 678 2477 in
711 2429 915 2498 pelago,
955 2435 1285 2507 jactabatur,
1319 2447 1569 2502 obsecrat
1602 2450 1804 2521 Deum,
1851 2457 2022 2513 Intel-

451 2505 552 2578 lige
602 2515 884 2576 clamorem
943 2543 1139 2594 meum;
1174 2534 1274 2589 hoc
1323 2548 1424 2603 est,
1471 2539 1591 2596 Noli
1636 2548 1902 2614 respicere
1954 2553 2020 2607 ad

451 2597 828 2673 indignitatem
854 2615 1160 2687 verborum,
1190 2637 1363 2693 neque
1380 2629 1446 2683 ad
1472 2635 1737 2691 sermonis
1760 2637 2016 2708 inopiam,

448 2693 544 2746 sed
567 2695 730 2764 legito
758 2701 808 2753 in
846 2716 1023 2761 mente
1048 2725 1166 2765 mea
1197 2732 1210 2767 :
1245 2719 1385 2784 quod
1411 2721 1635 2778 decstin
1666 2693 1866 2794 verbis:
1891 2747 2017 2799 sup-

447 2782 534 2851 ple
564 2785 616 2839 in
649 2789 866 2849 edictis.
898 2794 1031 2854 Illud
1062 2816 1211 2871 ergo,
1240 2782 1500 2879 Intellige,
1529 2815 1766 2882 positum
1791 2831 1873 2874 est
1897 2839 2013 2891 pro,

444 2873 620 2932 Cerne
678 2896 774 2938 cor
823 2902 1020 2953 meum,
1073 2893 1188 2964 lege
1230 2913 1366 2968 quas
1412 2903 1466 2958 in
1506 2907 1699 2964 anima:
1744 2910 1854 2969 imo
1887 2930 2015 2985 gero

446 2961 641 2985 :---.2n-
689 2971 722 2985 μ·

1134 2961 1147 2964 -
1246 2961 1265 2968 -
1640 2961 1696 2964 π’
1744 2961 1849 2969 ""'
1887 2961 2010 2985 δ”-ν

442 2961 878 3042 iustificationes,
927 2993 1063 3049 quas
1112 2985 1291 3044 verbis
1323 3005 1581 3052 enarrare
1625 3014 1733 3056 non
1773 3017 2010 3072 possum.

506 3229 731 3291 Intende
771 3240 882 3295 voci
933 3247 1190 3305 orationis
1220 3268 1368 3310 mete.
1419 3256 1699 3330 Tanquam
1740 3267 1823 3321 sol
1876 3271 2008 3327 mihi

433 3335 677 3393 exorere,
708 3343 772 3386 ac
809 3336 994 3392 statim
1023 3339 1391 3402 calamitatum
1416 3349 1587 3428 frigus
1617 3370 1647 3423 a
1677 3371 1762 3412 me
1789 3362 2005 3428 expule-

430 3411 528 3468 ris.
555 3413 687 3472 Nam
715 3421 771 3475 si
799 3427 1070 3485 sensibilis
1112 3435 1212 3500 sol,
1261 3427 1499 3498 caelestis
1533 3447 1742 3517 oculus,
1790 3459 2004 3522 quando

429 3503 485 3558 in
520 3505 699 3567 hieme
729 3519 992 3588 exoritur,
1015 3522 1238 3593 glaciem
1269 3531 1452 3599 solvit,
1481 3545 1536 3590 et
1567 3539 1698 3596 solis
1725 3557 2000 3612 aspectum

427 3598 518 3654 nix
558 3616 662 3658 non
716 3606 842 3672 fert,
897 3612 990 3666 sed
1045 3615 1358 3674 dissolvitur
1393 3638 1652 3694 ;quanto
1701 3636 1872 3704 magis
1918 3649 1999 3706 tu,

1470 3687 1483 3694 -
1792 3687 1868 3704 υα
1920 3687 1999 3706 --ι

427 3687 671 3762 Domine,
705 3706 961 3769 tanquam
1007 3706 1085 3760 sol
1118 3711 1342 3777 justitia:
1373 3717 1500 3770 mihi
1542 3733 1780 3792 exortus,
1831 3729 2001 3786 instar

422 3785 627 3850 pruina:
655 3803 719 3843 ac
748 3790 965 3861 frigoris
987 3799 1226 3856 resolves
1252 3807 1606 3865 tentationes!
1641 3813 1793 3870 Sicut
1818 3828 1993 3876 autem

424 3888 549 3928 cum
590 3878 720 3934 dicit
749 3879 882 3950 Deo,
914 3885 1157 3957 Intende,
1188 3910 1291 3949 non
1329 3909 1482 3969 rogat
1521 3917 1643 3957 eum
1681 3916 1738 3960 ut
1768 3912 1995 3980 aspiciat

419 3968 516 4034 per
543 3983 790 4040 sensum,
830 3986 887 4030 at
916 3992 1076 4046 prout
1105 3983 1273 4041 Deum
1303 3968 1491 4058 decet;
1523 3993 1593 4048 ita
1628 4011 1812 4054 vocem
1839 4017 1992 4059 suam

417 4056 571 4125 dicit,
598 4061 866 4132 loquelam
893 4071 946 4124 iu
971 4075 1150 4129 anima
1182 4093 1316 4134 sono
1340 4096 1633 4154 carentem,
1663 4091 1818 4160 cujus
1843 4096 1991 4154 solus

414 4151 631 4208 auditor
700 4169 784 4214 est
853 4165 1012 4224 Deus.
1076 4167 1200 4239 Ipse
1261 4176 1405 4229 enim
1473 4181 1615 4233 novit
1680 4185 1988 4246 abscondita

413 4243 586 4297 cordis
625 4246 666 4299 ³.
701 4247 906 4310 Deinde
935 4267 994 4310 ut
1028 4261 1278 4316 ostendat
1306 4280 1553 4336 magnam
1587 4280 1642 4326 et
1665 4273 1984 4335 immensam

411 4335 524 4388 lteri
546 4335 884 4408 dignitatem,
910 4351 1051 4417 quod
1085 4349 1370 4409 Dominum
1401 4372 1522 4412 eum
1552 4369 1844 4433 vocaverit,
1877 4388 1979 4428 non
2013 4402 2056 4458 Ι)

411 4431 662 4458 lanna-nn.
703 4446 864 4458 nn“-..
919 4437 975 4458 ,1,
1125 4442 1178 4458 ιη
1371 4447 1382 4458 .
1490 4449 1500 4458 .
1684 4457 1687 4458 ,

408 4431 662 4494 tauquam
703 4446 867 4488 unum
913 4437 979 4493 de
1027 4442 1230 4507 multis,
1287 4447 1382 4500 sed
1420 4449 1565 4506 velut
1601 4457 1974 4519 universorum

406 4518 592 4570 herum
624 4528 679 4574 et
717 4537 1040 4596 creatorem,
1082 4539 1318 4608 subjicit,
1379 4542 1490 4598 [lex
1541 4563 1685 4604 meus
1735 4563 1782 4606 et
1837 4554 1978 4611 Dens

404 4619 544 4659 meus
584 4634 648 4649 ε·-
670 4610 783 4668 Rea:
815 4633 959 4674 meus
982 4638 1002 4676 :
1023 4627 1145 4693 quia
1173 4645 1256 4685 me
1290 4635 1511 4692 militem
1535 4656 1657 4695 cum
1696 4644 1979 4716 delegeris,

401 4697 618 4755 nomine
676 4713 768 4760 tuo
828 4713 1178 4783 consignasti.
1245 4724 1382 4781 Deus
1445 4739 1802 4804 meus:quod
1851 4755 1972 4794 cum

399 4797 560 4844 antea
588 4808 693 4848 non
718 4811 917 4868 essem,
949 4805 1000 4858 iu
1031 4823 1210 4866 rerum
1242 4826 1490 4875 naturam
1520 4825 1813 4883 adduxisti.
1857 4830 1973 4886 Rex

397 4890 850 4956 meumquoniam
888 4911 992 4963 me,
1023 4903 1115 4970 qui
1159 4907 1257 4960 sub
1285 4915 1568 4980 tyrannide
1594 4922 1800 4986 peccati
1830 4925 1975 4992 posi-

397 4980 483 5027 tus
512 4991 685 5044 eram,
710 4983 857 5039 velut
877 4991 1146 5059 captivum
1177 4997 1435 5058 liberasti.
1461 5006 1601 5063 Deus
1631 5028 1773 5068 metu
1800 5031 1820 5071 .'
1844 5020 1968 5084 quia

395 5076 644 5124 naturam
697 5081 939 5144 mutasti,
979 5093 1034 5139 et
1082 5095 1486 5161 corruptibilem
1546 5117 1720 5157 meum
1778 5106 1962 5164 limum

392 5153 522 5210 dum
573 5172 778 5233 gestas,
831 5170 1290 5247 incorruptibilem
1334 5187 1579 5246 ell‘ccisti.
1619 5193 1728 5250 Rea:
1772 5215 1916 5254 meus
1945 5217 1964 5254 .°

460 5292 605 5350 ’.ἰοὺ
634 5315 732 5362 xtl,
774 5303 859 5359 15.
939 5309 958 5339 ³
983 5308 1121 5368 Psal.
1161 5333 1311 5385 mn,
1347 5322 1438 5376 2‘2.

598 5430 1157 5534 indecus
1179 5451 1440 5534 _Pi’t‘ilo,De
1462 5463 1696 5528 somniis,
1722 5480 1772 5527 ρ.
1801 5467 1960 5534 1127,

1132 5500 1152 5504 ἡ
1186 5500 1205 5504 -
1233 5500 1330 5507 γ-,-ν
1366 5500 1438 5510 ..νυ
1462 5500 1674 5516 uua-czqu
1742 5500 1772 5520 ν.
1806 5500 1930 5522 lla!

464 5500 474 5549 i
509 5501 575 5552 de
593 5500 1086 5602 λδρὲρωιί-Ξοιιιηίο
1125 5522 1190 5574 ad
1229 5500 1363 5578 Gen:
1411 5545 1618 5602 χιι-μη,
1676 5500 1796 5588 τίνα
1849 5511 1960 5602 ἓξεί

464 5583 589 5602 Inuu-
684 5591 748 5602 λιι
809 5596 829 5602 -
912 5599 935 5602 ι
1061 5587 1072 5602 ¹
1115 5591 1127 5602 ⁸
1312 5597 1336 5602 “

1312 5597 1368 5665 ᾷν
1420 5600 1497 5672 τῷ
1523 5602 1618 5672 τὴν
1646 5605 1766 5657 καθ’
1791 5607 1957 5662 ὕπνον

1191 5642 1252 5644 ιν-
1289 5642 1361 5649 --ν,
1431 5642 1495 5651 -κν
1531 5642 1568 5655 uc
1600 5642 1615 5655 υ
1649 5642 1746 5657 ηψν
1795 5642 1953 5662 υιινυν

384 5642 688 5734 φιαντασίαν
715 5646 872 5731 ἰδόντι
892 5668 904 5716 ;
927 5654 1242 5734 ¹Ωιιαηιηιιιη
1263 5642 1488 5722 rhabebit
1523 5647 1772 5730 ra‘tionem
1799 5679 1879 5732 ira
1904 5693 1953 5734 el

2163 530 2280 600 Θεῷ
2305 532 2362 585 δὲ
2391 533 2707 603 κατάδηλος.
2743 537 2933 601 Σύνες
2960 537 3069 607 τῆς
3093 540 3358 610 κραυγῆς
3376 560 3516 611 μου.
3548 543 3621 596 Τί
3667 543 3783 596 λέ-

2163 638 2298 690 γεις,
2330 625 2613 696 προφήτας
2654 627 3008 702 Παρακελεύῃ
3041 631 3191 702 Θεῷ;
3235 635 3434 704 Σοφίας
3476 637 3600 690 ἐστὶ
3664 636 3794 706 θη-

2163 713 2362 784 σαυρὸς
2399 716 2492 769 καὶ
2531 716 2796 784 συνέσεως
2839 721 3085 787 πλοῦτος,
3121 724 3197 787 ὡς
3236 725 3572 797 γέγραπται’
3595 728 3787 796 Παρ’

2158 803 2318 868 αὐτῷ
2341 807 2526 874 σοφία
2559 808 2658 861 καὶ
2689 811 2962 879 σύνεσις-ο
2996 814 3088 868 καὶ
3121 815 3269 886 αὐτῷ
3289 816 3484 886 λέγεις,
3521 820 3781 886 Σύνες,

2157 895 2378 966 νόησον;
2424 899 2534 953 Καὶ
2591 901 2861 975 ἀνθρώπῳ
2920 906 3018 977 μὲν
3078 907 3349 980 ἐλλογίμῳ
3397 910 3491 964 ἐὰν
3546 911 3773 983 εἴπῃς,

2156 987 2385 1060 Νόησον,
2441 991 2716 1064 ὀργίζεται
2747 996 2878 1068 (96),
2922 999 3004 1052 ὅτι
3052 999 3128 1064 ὼς
3166 1002 3492 1074 ἀπαιδεύτῳ,
3531 1004 3634 1058 καὶ
3674 1006 3772 1076 μὴ

2154 1082 2647 1151 παρακολουθοῦντι
2727 1087 3015 1160 ἐλάλησας·
3085 1093 3182 1146 καὶ
3229 1093 3306 1165 τῷ
3353 1095 3470 1166 Θεῷ
3523 1096 3766 1165 λέγεις’

2150 1171 2369 1237 Σύνες;
2409 1173 2543 1227 Ἀλλ’
2565 1177 2664 1230 οὐκ
2688 1178 2969 1234 ἐπιτάσσει
2994 1182 3069 1252 τῷ
3092 1185 3357 1256 Δεσπὸτῃ·
3385 1185 3459 1257 μὴ
3481 1187 3724 1255 γένοιτο
3746 1191 3759 1241 !

2149 1261 2282 1316 Οὐδὲ
2317 1267 2346 1319 6
2377 1265 2567 1338 θνητὸς
2598 1269 2688 1324 τὸν
2721 1271 2985 1328 ἀθάνατον
3011 1278 3203 1348 ἐφιστᾷ
3229 1280 3308 1342 είς
3335 1279 3570 1343 σύνεσιν,
3604 1281 3761 1334 οὐδὲ

2145 1351 2214 1404 τὰ
2246 1354 2351 1408 τῶν
2387 1357 2691 1426 μεθυόντων
2713 1363 2742 1414 6
2768 1363 2952 1434 νήφων
2986 1367 3305 1438 παραλαλεῖ⁶
3335 1370 3447 1424 ἀλλ’
3473 1372 3502 1424 ὃ
3544 1373 3755 1441 λέγει,

2139 1443 2297 1499 τοῦτό
2336 1449 2504 1502 ἐστιν·
2539 1451 2730 1506 Πολλοὶ
2771 1455 2878 1507 τῶν
2915 1461 3367 1530 προσερχομένων
3407 1467 3521 1528 τοῖς
3563 1465 3752 1519 δικα-

2139 1538 2292 1601 σταῖς
2342 1541 2470 1610 περὶ
2526 1543 2775 1612 μεγάλων
2823 1547 2917 1600 καὶ
2951 1550 3261 1618 ἀναγκαίων
3297 1554 3612 1622 κεφαλαίων
3642 1559 3750 1609 ὲν-

2135 1630 2507 1700 τυγχάνοντες,
2561 1635 2663 1689 οὐκ
2705 1637 2884 1691 ῐσασιν
2916 1641 3244 1710 ἀπαγγεῖλαι
3283 1645 3352 1699 τὰ
3387 1647 3486 1717 τῆς
3519 1649 3746 1702 ὑποθέ-

2135 1736 2292 1784 σεως,
2326 1723 2446 1776 οὐδὲ
2474 1727 2617 1798 σαφῆ
2647 1729 2742 1782 καὶ
2773 1730 3100 1786 εὐσύνοπτον
3137 1735 3235 1807 τὴν
3259 1737 3466 1792 ἑαυτῶν
3483 1739 3742 1810 γνώμην

2135 1815 2481 1884 παραστῆσαι
2511 1817 2786 1875 δύνανται’
2837 1817 2957 1878 εἶτα
2989 1827 3174 1897 ἐπειδὴ
3216 1829 3244 1882 6
3272 1829 3533 1901 δικαστὴς
3576 1833 3740 1903 πρὶς

2131 1901 2192 1954 τὸ
2227 1904 2416 1974 νοῆσαι
2450 1908 2510 1961 τὸ
2535 1913 2767 1984 πρᾶγμα
2793 1916 3120 1989 γοργότερός
3147 1921 3292 1973 ἐστιν
3323 1921 3416 1975 τοῦ
3448 1901 3739 1994 ἐντυγχά-

2130 2013 2329 2061 νοντος,
2356 2000 2449 2052 καὶ
2475 1999 2613 2055 οἶδεν
2643 2007 2802 2060 ποίαν
2833 2008 3023 2082 ὀφείλῃ
3049 2009 3230 2064 δοῦναι
3257 2011 3570 2083 ἀπόκρισινο
3606 2032 3737 2066 πα-

2003 2117 2009 2128 1

2133 2089 2356 2158 ρακαλεῖ
2384 2094 2412 2145 6
2443 2094 2623 2167 ἱκέτης
2657 2098 2733 2169 μὴ
2766 2099 2976 2154 ἀπιδεῖν
3023 2103 3158 2172 πρὸς
3200 2104 3270 2157 τά
3300 2104 3492 2169 ἀνάξια
3529 2105 3735 2176 6139.1-

2126 2194 2212 2241 τα,
2244 2179 2379 2236 ἀλλά
2415 2186 2549 2256 πρὸς
2587 2188 2686 2260 τὴν
2712 2192 2875 2246 αὑτοῦ
2910 2195 3170 2265 φρόνησιν
3197 2196 3290 2249 καὶ
3322 2197 3422 2268 τὴν
3449 2199 3730 2252 ὑπόθεσιν

2124 2266 2304 2322 δοῦναι
2329 2272 2427 2344 τὴν
2462 2277 2751 2348 ἀπόφασιν.
2783 2283 2970 2350 Οὕτως
2994 2288 3088 2340 καὶ
3119 2289 3148 2341 6
3174 2266 3478 2362 προφήτης,
3510 2292 3724 2364 ἐπειδὴ

2089 2405 2093 2410 ,
2124 2355 2408 2432 ἄνθρωπος
2433 2365 2506 2421 ὢν
2535 2369 2654 2440 Θεῷ
2677 2371 2966 2444 διελέγετο,
2990 2378 3083 2432 καὶ
3117 2381 3174 2432 ἐν
3198 2355 3452 2436 ἐκστάσει
3474 2355 3728 2451 γενόμε-ἰ

2124 2464 2232 2513 νος,
2267 2452 2341 2516 ὼς
2372 2457 2708 2532 κυϐερνήτης
2733 2465 2792 2516 ἐν
2821 2465 3045 2536 πελάγει
3071 2471 3410 2541 ἐχειμάζετο,
3442 2490 3721 2544 παρακαέ

2121 2544 2203 2597 λεῖ
2225 2545 2315 2597 τὸν
2338 2547 2488 2601 Θεόνο
2522 2554 2710 2620 Σύνες
2733 2555 2844 2624 τῆς
2864 2561 3125 2630 κραυγῆς
3152 2581 3292 2632 [tow
3321 2566 3440 2618 ἀντὶ
3460 2565 3578 2631 τοῦ,
3609 2567 3721 2639 Μὴ

2120 2638 2256 2708 πρὸς
2303 2639 2404 2710 τὴν
2448 2640 2556 2694 τῶν
2615 2646 2874 2715 ῥημάτων
2921 2650 3117 2723 ἀπίδῃς
3159 2652 3504 2727 ἀναξιὸτητα,
3565 2638 3722 2727 μηδέ

2119 2731 2253 2802 πρὸς
2280 2732 2378 2804 τὴν
2411 2734 2517 2789 τῶν
2559 2736 2731 2806 λόγων
2772 2741 3064 2811 πτωχείαν,
3105 2745 3241 2798 ἀλλὰ
3283 2747 3556 2816 ἀνάγνωθί
3593 2766 3717 2819 μου

2113 2821 2214 2891 τὴν
2236 2822 2492 2877 διάνοιανο
2529 2826 2590 2880 τὸ
2633 2827 2816 2884 λεῖπον
2857 2833 2913 2885 ἐν
2936 2836 3046 2896 τοῖς
3072 2837 3333 2906 ῥήμασιν,
3370 2839 3717 2912 ἀναπλήρω-

2117 2929 2207 2965 σον
2255 2915 2312 2968 ἐν
2356 2920 2477 2981 ταῖς
2527 2919 2884 2989 ἀποφάσεσιν.
2931 2926 3003 2978 Τὸ
3029 2921 3144 2995 οὖν,
3175 2930 3385 2996 Σύνες,
3423 2931 3544 2983 ἀντὶ
3571 2932 3710 2999 τοῦ,

2119 3005 2220 3058 Ἴδε
2253 3006 2351 3078 τὴν
2371 3010 2508 3081 ἐμὴν
2532 3013 2776 3082 καρδίαν,
2810 3016 3082 3084 ἀνάγνωθί
3117 3038 3218 3090 μου
3251 3021 3320 3074 τὰ
3343 3023 3400 3075 ἐν
3429 3023 3506 3094 τῷ
3537 3024 3711 3094 βάθει

2039 3121 2080 3178 C
2113 3096 2212 3166 τῆς
2247 3098 2423 3170 ψυχῆς
2457 3102 2822 3176 δικαιώματα,
2863 3109 3006 3181 ἅπερ
3033 3111 3120 3165 διὰ
3155 3115 3415 3184 ῥημάτων
3453 3116 3710 3181 ἐξειπεῖν

2112 3187 2171 3238 οὐ
2199 3187 2452 3260 δύναμαι.

2181 3283 2451 3351 Πρόσχες
2479 3285 2556 3354 τῇ
2588 3288 2758 3358 φωνῇ
2797 3289 2905 3361 τῆς
2932 3292 3195 3363 δεήσεως
3230 3315 3370 3366 μου.
3417 3298 3506 3363 Ὠς
3534 3301 3704 3372 ἥλιός

2111 3388 2200 3440 μοι
2231 3373 2527 3440 ἀνάτειλον,
2558 3381 2651 3433 καὶ
2675 3381 2876 3447 εὐθέως
2910 3402 2998 3454 μοι
3026 3387 3117 3441 τὸν
3149 3390 3392 3459 χειμῶνα
3413 3391 3521 3444 τῶν
3548 3410 3614 3446 συ
3623 3413 3702 3464 μ.-

2107 3465 2289 3535 φορῶν
2323 3467 2538 3532 ἔλυσας.
2570 3472 2635 3524 El
2676 3473 2784 3545 γὰρ
2811 3475 2841 3526 6
2869 3477 3124 3549 αίσοητὺς
3167 3481 3336 3551 ἥλιος,
3377 3485 3405 3536 6
3431 3484 3699 3554 οὐράνιος

2104 3556 2399 3629 ὀφθαλμὸς,
2450 3563 2736 3630 ἀνατείλας
2781 3570 2840 3622 ἐν
2886 3570 3113 3641 χειμῶνι
3155 3573 3287 3643 (97),
3313 3575 3403 3630 τὸν
3441 3579 3697 3645 παγετὸν

2103 3643 2308 3713 ἔλυσεν,
2355 3653 2446 3704 καὶ
2491 3652 2710 3725 βλέμμα
2757 3657 2850 3711 τοῦ
2889 3659 3038 3731 ἡλίου
3084 3664 3116 3733 ἠ
3161 3663 3293 3735 χιὼν
3331 3666 3407 3738 μὴ
3436 3643 3694 3740 φέρουσα

2099 3740 2304 3796 λύεται·
2335 3745 2484 3815 πόσῳ
2528 3749 2728 3816 μᾶλλον
2765 3751 2946 3817 αὐτὸς,
2994 3754 3258 3822 Δέσποτα,
3302 3758 3378 3822 ὡς
3407 3759 3561 3830 ἥλιος
3601 3762 3692 3816 δυ-

2096 3833 2389 3904 καιοσύνης
2411 3837 2696 3904 ἀνατείλας
2727 3859 2837 3913 μοι,
2869 3844 2943 3909 ὡς
2968 3847 3177 3920 πάχνην
3200 3851 3295 3903 καὶ
3317 3852 3562 3922 χειμῶνα
3587 3855 3690 3908 ἐκ-

2093 3921 2235 3988 λύεις
2268 3927 2395 3990 τοὺς
2424 3933 2792 4002 πειρασμούςί
2825 3938 3036 4009 Ὥσπερ
3091 3939 3147 3993 δὲ
3193 3941 3367 4009 λέγων
3419 3944 3497 4014 τῷ
3522 3945 3676 4017 Θεῷ,

2091 4018 2384 4086 Πρόσχες,
2410 4021 2508 4073 οὐκ
2531 4023 2805 4095 αἰσθητῶς
2831 4028 2993 4084 αὑτὸν
3022 4032 3331 4101 παρακαλεῖ
3356 4034 3680 4105 ἐπιϐλέψαι,

2089 4105 2222 4159 ἀλλά
2274 4107 2613 4182 Θεοπρεπῶςο
2666 4114 2840 4179 οὕτως
2890 4119 3076 4190 φωνὴν
3130 4120 3294 4173 αὑτοῦ
3341 4121 3512 4190 λέγει,
3574 4124 3683 4194 τὴν

2086 4199 2358 4270 ἄφθογγον
2391 4204 2451 4256 ἐν
2482 4208 2548 4276 τῇ
2580 4204 2725 4278 ψυχῇ
2770 4208 2978 4276 λαλιὰν,
3024 4207 3094 4283 ἦς
3137 4213 3297 4283 μόνος
3331 4214 3612 4287 ἀκροατὴς
3645 4219 3680 4272 ὁ

2083 4290 2234 4355 Θεός.
2259 4295 2453 4362 Αὐτὸς
2478 4299 2588 4367 γὰρ
2611 4299 2885 4370 γινώσκει
2916 4303 2988 4357 τὰ
3009 4307 3228 4374 κρύφια
3257 4305 3367 4376 τῆς
3393 4307 3673 4376 καρδίας.

2086 4377 2218 4434 Εἶτα
2249 4383 2336 4438 ἵνα
2363 4385 2514 4460 δείξῃ
2547 4388 2606 4441 τὸ
2634 4389 2777 4460 μέγα
2802 4394 2896 4446 καὶ
2932 4395 3306 4466 ὑπερμέγεθες
3333 4398 3426 4451 τοῦ
3455 4401 3674 4453 Δεσπό-

2082 4490 2176 4526 του
2209 4475 2444 4546 ἀξίωμα·
2485 4480 2566 4532 ὅτι
2596 4481 2800 4552 Κύριον
2829 4485 2990 4538 αὐτὸν
3019 4487 3294 4553 ἐκάλεσεν,
3335 4490 3432 4559 οὑχ
3459 4489 3536 4552 ὡς
3568 4490 3672 4544 ἕνα

2081 4565 2188 4619 τῶν
2240 4567 2469 4630 πολλῶν,
2528 4572 2644 4626 ἀλλ’
2686 4575 2761 4639 ὡς
2802 4576 2910 4630 τῶν
2949 4579 3388 4651 ὄλων.Δεσπύτην
3430 4583 3521 4635 καὶ
3559 4585 3667 4654 Δη-

2083 4659 2360 4728 μιουργὸν,
2391 4662 2606 4731 ἐπάγει’
2649 4665 2711 4720 Ὃ
2751 4668 3052 4737 βασιλεὺς
3099 4689 3220 4740 μου
3269 4673 3367 4726 καὶ
3418 4676 3452 4727 ὁ
3515 4677 3665 4743 Θεός

2071 4768 2210 4818 μου.
2243 4783 2313 4791 -
2353 4755 2416 4808 '0
2453 4758 2754 4826 βασιλεύς
2792 4780 2931 4832 μου·
2962 4767 3043 4819 ὅτι
3085 4784 3153 4836 με
3199 4769 3662 4841 στρατολογήσας,

2075 4845 2153 4914 τῷ
2176 4845 2398 4917 ὀνόματί
2438 4867 2531 4904 σου
2557 4853 2913 4924 ἐσφράγισας.
2943 4858 2998 4910 Ὁ
3031 4861 3174 4925 Θεός
3182 4879 3321 4930 μου·
3349 4863 3428 4915 ὅτι
3460 4863 3535 4935 μὴ
3564 4865 3661 4918 δν-

2074 4953 2142 4989 τα
2173 4954 2241 5007 με
2270 4940 2557 5012 πρότερον,
2596 4945 2677 5008 είς
2708 4947 2768 5000 τὸ
2801 4942 2941 5002 εἶναι
2978 4951 3204 5021 ἤγαγες.
3262 4953 3316 5006 '0
3354 4956 3658 5026 ,ϐασιλεύς

2069 5042 2208 5094 μου·
2239 5027 2322 5081 ὅτι
2348 5033 2754 5105 τυραννηθέντα
2781 5054 2850 5106 με
2877 5041 2944 5111 τῇ
2974 5041 3242 5114 ἁμαρτίᾳ,
3267 5043 3342 5108 ὡς
3371 5047 3654 5116 αἰχμάλω-

2072 5134 2162 5171 τον
2193 5119 2587 5190 ὴλευθέρωσας.
2628 5125 2690 5179 '0
2717 5130 2862 5195 Θεός
2893 5134 3146 5199 μου·,ὄτι
3195 5135 3295 5207 τὴν
3325 5136 3483 5206 φύσιν
3517 5156 3654 5208 μετ-

2071 5209 2279 5277 έϐαλες,
2303 5216 2494 5271 καὶτὸν
2513 5217 2746 5290 φθαρτὸν
2775 5223 2941 5294 πηλόν
2967 5243 3067 5296 μου
3096 5226 3349 5298 φορέσας,
3372 5228 3651 5302 ἄφθαρτον

2069 5476 2256 5558 viderit
2275 5479 2642 5558 {Ediderunu
2667 5487 2967 5558 ὁρίζεσθαι,
3003 5493 3148 5549 nullo
3175 5512 3356 5553 sensu.

2137 5549 2248 5616 (97)
2289 5550 2384 5602 Ἐν
2411 5549 2671 5626 χειμῷνι.
2697 5549 2998 5617 Βινίιηιαίειιι
3025 5549 3456 5623 εἱνιιιίιῖιιιῗνόοεδι
3487 5569 3643 5626 Rha-

2062 5616 2253 5711 l’tanus,
2285 5616 2473 5711 capiti
2486 5616 2534 5686 1⁷,
2561 5623 2656 5711 lib.
2680 5628 2758 5682 De
2783 5616 3041 5699 computo.
3077 5616 3155 5711 Ita
3352 5640 3422 5692 ibi
3454 5640 3609 5711 legcn

2061 5687 2206 5780 dum,
2262 5700 2316 5745 et
2352 5687 2408 5745 in
2451 5693 2758 5766 brumalem,
2813 5687 2915 5757 non
2945 5687 3236 5770 pruinalem
3267 5721 3321 5765 et
3358 5687 3642 5780 ἱηρηιῖιια-
