3828 6306
99 315 194 375 ΗἸ

1164 319 1443 377 IIOMILIA
1466 321 1628 381 XVII.
1661 321 1730 378 IN
1761 320 2051 378 EUMDEM
2082 319 2276 378 PSAL.
2318 319 2380 375 γ.

3255 318 3363 381 ιιι

99 432 384 503 ἐποίησας.
439 434 508 490 Ὀ
533 436 840 502 ,βασιλεύς
865 452 1007 506 μου*
1033 435 1114 488 ὅτι
1151 435 1227 500 ὡς
1267 436 1516 507 βασιλεὺς
1562 455 1691 508 πορ-

1797 438 1934 506 quod
1989 445 2241 507 tanquam
2291 450 2381 490 rex
2419 447 2504 488 me
2557 446 2813 502 purpura,
2878 433 3048 499 gratia
3090 433 3362 502 videlicet,
3411 432 3413 434 ’

99 526 265 597 φύραν
295 543 396 596 με,
433 528 536 598 τὴν
560 529 720 599 χάριν
749 527 1024 590 ὲνέδυσας.
1066 527 1129 580 '0
1163 527 1307 593 Θεός
1323 544 1463 596 μουο
1493 529 1573 582 ὅτι
1607 545 1691 598 μοι

1803 529 2040 583 induisti.
2068 528 2206 582 Deus
2233 543 2376 581 meus
2406 544 2425 583 :
2453 525 2706 594 quoniam
2747 524 2875 579 mihi
2913 525 3078 582 caelos
3109 535 3362 595 tanquam

97 621 211 680 τοὺς
256 621 543 690 οὐρανοὺς
592 622 670 684 ὡς
719 621 850 684 Θεὸς
909 617 1146 691 ἤνοιξας,
1189 619 1424 673 καὶτῶν
1461 622 1695 689 ἐπουρα-

95 711 211 764 νίων
240 727 339 764 σου
370 712 607 780 ἀγαθῶν
634 713 858 782 μέτοχον
888 712 1168 782 ἐποίησας.
1198 710 1307 765 Καί
1326 727 1408 764 σοι
1441 711 1692 783 πρέπειὴ

93 802 206 864 {diu
236 803 336 854 καὶ
371 802 441 855 τὸ
471 803 696 873 κράτος,
729 801 848 872 ἅμα
868 802 946 871 τῷ
983 801 1122 872 ἁγίῳ
1152 802 1246 855 καὶ
1273 800 1518 872 ζωοποιῷ
1567 818 1694 855 σαυ-

1801 619 1941 674 Deus
1975 618 2252 687 aperuisti,
2289 629 2480 686 meque
2505 614 2681 671 fecisti
2710 616 2970 670 bonorum
3007 626 3216 672 tuorum
3249 633 3362 674 cas-

1800 709 2010 764 lestium
2051 709 2388 778 participem.
2425 707 2600 776 Atque
2626 718 2678 762 te
2716 709 2869 762 decet
2898 707 3066 778 gloria
3091 717 3144 762 et
3187 709 3360 780 impe-

1799 801 1959 867 rium,
1995 816 2097 854 una
2124 815 2246 855 cum
2289 806 2476 854 sancto
2506 807 2562 853 et
2599 799 2810 853 viviﬁco
2848 809 2936 853 tuo
2961 799 3187 870 Spiritu,
3221 815 3364 856 nunc

93 893 174 948 τοῦ
197 895 524 966 Πνεῦματι,
555 895 655 949 νῦν
690 897 784 950 καὶ
810 898 889 959 εἰς
909 896 1037 959 τοὺς
1063 893 1448 966 ἀτελευτήτους
1491 895 1691 960 αἰῶνας

1797 900 1851 952 et
1879 890 1932 944 in
1961 891 2170 945 inﬁnita
2199 889 2393 945 saecula
2417 888 2756 944 saeculorum.
2783 889 2974 944 Amen.

93 984 190 1035 τῶν
221 985 477 1039 αἰώνων.
519 986 580 1038 ’Δ
587 986 716 1057 μήν.

853 1078 955 1132 ΙΖ’.

165 1169 270 1232 Εἰς
300 1167 424 1221 τὸν
444 1168 642 1223 αὐτὸν
675 1174 718 1222 ε’
753 1169 1020 1237 ψαλμὸν,
1051 1167 1272 1234 ἄλλως.
1309 1168 1499 1238 Λόγος
1529 1166 1597 1238 τ’.

155 1260 384 1330 Ὠσπερ
415 1263 466 1314 0i
518 1260 652 1332 παρ’
677 1263 806 1332 ἡμῖν
857 1261 1224 1332 λαμπρότεροι
1269 1261 1513 1331 νυμφίοι,
1551 1260 1689 1332 μετὰ

94 1352 173 1402 τὸν
189 1351 454 1421 θάλαμον
478 1354 580 1406 καὶ
601 1352 699 1423 τὴν
721 1353 905 1424 κοίτην
933 1353 1282 1415 ἀναστάντες,
1301 1354 1419 1415 ταῖς
1448 1351 1686 1422 νύμφαις

95 1443 553 1497 ὑποδεικνύουσιν
592 1443 684 1498 τὸν
725 1442 950 1496 πλοῦτον
975 1444 1069 1496 καὶ
1091 1444 1190 1515 τὴν
1214 1442 1571 1514 κληρονομίαν
1590 1443 1686 1510 τὴν

93 1533 388 1603 πατρῴανο
423 1533 608 1597 οὕτως
635 1536 663 1587 ὁ
685 1534 918 1605 Χριστὸς
942 1535 971 1586 ὁ
1004 1534 1293 1605 μονογενὴς
1317 1532 1564 1602 νυμφίος,
1593 1533 1686 1586 καὶ

92 1623 178 1675 τοῦ
212 1627 338 1678 Πατ
349 1626 446 1697 ρὺς
477 1625 833 1696 κληρονόμος,
891 1625 1028 1696 μετὰ
1077 1625 1168 1679 τὸν
1216 1623 1441 1678 θάνατον
1481 1623 1685 1678 καὶτὸν

93 1717 254 1785 sigea:
284 1719 548 1782 ἀναστὰς
575 1721 641 1774 ἐκ
671 1717 900 1790 νεκρῶν,
939 1720 1004 1789 τῇ
1045 1715 1210 1771 αὐτοῦ
1246 1716 1429 1788 νύμφῃ
1465 1719 1530 1787 τῇ
1566 1717 1686 1769 Ἐκ·-

2496 1064 2652 1120 XVII.

1795 1151 1862 1208 In
1891 1155 2124 1208 eumdem
2152 1155 2391 1224 quintum
2425 1156 2706 1223 psalmum,
2745 1159 2917 1213 aliter.
2955 1158 3137 1214 Oratio
3180 1160 3358 1216 tertia.

1864 1247 2325 1314 Quemadmodum
2351 1249 2491 1304 inter
2517 1266 2613 1305 nos
2629 1253 2810 1320 sponsi
2833 1253 3172 1316 illustriores,
3191 1267 3220 1306 e
3244 1253 3363 1307 tha-

1792 1338 1934 1401 lamo
1971 1348 2025 1393 et
2046 1339 2210 1395 cubili
2241 1356 2360 1395 cum
2389 1343 2745 1409 surrexerint,
2788 1345 2998 1413 sponsis
3038 1345 3149 1400 suis
3181 1352 3362 1400 osten-

1792 1431 1926 1485 dunt
1954 1432 2170 1488 divitias
2201 1440 2256 1488 et
2285 1442 2562 1502 paternam
2609 1433 2975 1491 baereditatem
3008 1438 3128 1492 :sic
3174 1439 3364 1507 unige-

1792 1522 1936 1578 nitus
1973 1538 2208 1591 sponsus
2249 1524 2525 1589 Christus,
2575 1534 2739 1596 atque
2783 1527 2958 1583 Patris
3009 1529 3200 1593 haeres,
3245 1537 3366 1598 pust

1791 1624 2020 1669 mortem
2045 1626 2100 1671 et
2125 1618 2454 1688 sepulturam
2495 1635 2790 1688 exsurgens
2817 1638 2846 1676 a
2874 1624 3121 1688 mortuis,
3151 1638 3364 1692 sponsa:

1791 1721 1903 1762 suae
1931 1706 2184 1763 Ecclesiae
2206 1711 2441 1765 ostendit
2486 1711 2700 1766 divitias
2735 1720 2791 1765 et
2835 1713 3226 1780 haereditatem,
3261 1713 3364 1768 hoc

93 1809 291 1880 κλησίᾳ
359 1809 574 1876 ἔδειξεν
626 1811 716 1865 τὸν
763 1807 990 1863 πλοῦτον
1032 1808 1128 1863 καὶ
1173 1808 1273 1880 τὴν
1307 1807 1691 1880 κληρονομίαν,

1797 1805 1893 1862 est,
1960 1797 2305 1869 Evangelium
2345 1815 2409 1855 ac
2469 1815 2713 1872 regnum.
2760 1802 2894 1870 Quia
2946 1819 3076 1874 ergo
3109 1807 3164 1858 in
3207 1803 3364 1873 ﬁnem

93 1901 381 1954 τουτέστιν
407 1903 471 1955 τὸ
496 1901 828 1970 Εὑαγγέλιον
850 1899 946 1954 καὶ
969 1901 1068 1971 τὴν
1095 1898 1386 1969 βασιλείαν.
1423 1899 1577 1953 Ἐπεὶ
1599 1893 1692 1954 οὖν

93 1994 175 2056 εἰς
216 1993 286 2046 τὸ
326 1993 537 2059 τέλος,
574 1993 998 2063 τελευτήσαντος
1020 1990 1115 2044 τοῦ
1143 1990 1395 2061 νυμφίου,
1430 1990 1692 2060 κληρονο-

100 2085 186 2152 μεῖ
235 2085 273 2153 ἡ
332 2083 554 2154 νύμφη·
593 2082 681 2137 διὰ
725 2082 901 2145 τοῦτο,
947 2085 1052 2148 Εἰς
1077 2080 1144 2134 τὸ
1184 2079 1376 2147 τέλος,
1404 2080 1555 2148 ὑπὲρ
1582 2078 1692 2149 τῆς

97 2175 638 2244 κληρονομούσης,
663 2177 693 2228 ὁ
721 2173 885 2228 Δαδὶδ
914 2173 1222 2244 ἐπέγραψεν
1240 2173 1339 2244 τὴν
1357 2171 1688 2243 ψαλμῳδίαν.

98 2265 223 2317 Ὅτε
248 2267 374 2338 γὰρ
413 2267 479 2318 τὸ
504 2266 655 2330 τέλος
683 2267 779 2320 καὶ
824 2267 853 2319 ὁ
885 2268 944 2319 ὲν
977 2266 1140 2336 σαρκὶ
1170 2265 1397 2329 Θάνατος
1427 2263 1519 2319 τοῦ
1559 2265 1691 2335 Χρι-

102 2355 224 2407 στοῦ
269 2356 570 2427 ἐτελέσθη,
606 2358 728 2412 τότε
761 2349 840 2422 εἲς
868 2358 966 2422 τὰς
995 2359 1167 2430 νομὰς
1192 2359 1290 2430 τῆς
1328 2357 1691 2430 κληρονομίας

100 2447 132 2514 ἡ
155 2447 355 2519 νύμφη
384 2447 590 2520 ἐκλήθη
616 2447 776 2520 αὕτη.
805 2448 902 2502 Διὰ
920 2435 994 2515 τί,
1019 2450 1202 2519 φησὶν,
1231 2449 1549 2522 ἐσταυρώθη
1576 2447 1689 2518 (98)

103 2533 454 2607 ἧπαρεδόθη
502 2537 532 2588 ό
558 2537 830 2608 Χριστός;
876 2536 1188 2607 Ἀμαρτίαν
1238 2539 1349 2591 οὐκ
1379 2538 1686 2606 ἐποίησεν,

103 2627 243 2682 οὐδὲ
270 2629 468 2694 δόλος
493 2628 715 2698 ηὑρέθη
736 2628 804 2682 ἐν
822 2626 903 2693 τῷ
921 2630 1169 2698 στόματι
1185 2628 1390 2684 αὐτοῦ.
1418 2658 1490 2670 —-
1512 2628 1691 2698 ’Υπὲρ

107 2717 211 2786 τῆς
261 2721 794 2789 κληρονομούσης.
833 2749 904 2761 -
945 2720 1152 2788 Καθὼς
1199 2721 1298 2775 καί
1363 2723 1395 2775 ό
1437 2719 1690 2790 Χριστὸς

107 2809 436 2878 ἠγάπησεν
466 2810 582 2880 τὴν
619 2811 1010 2879 Ἐκκλησίαν,
1053 2811 1154 2866 καὶ
1185 2811 1522 2879 παρέδωκεν
1554 2811 1692 2866 ἐαυ-

111 2903 210 2953 τὸν
241 2901 411 2970 ὑπὲρ
438 2901 650 2971 αὐτῆς.
699 2901 838 2957 Ἀλλ’
865 2903 1052 2974 ἐπειδὴ
1077 2905 1110 2974 ή
1140 2903 1420 2974 ἀντίζηλος
1452 2902 1619 2973 αὐτῆς
1653 2905 1686 2975 ἡ

110 2994 415 3063 Συναγωγὴ
450 2993 640 3064 ἧριζεν
664 2993 753 3048 διὰ
785 2993 883 3066 τὴν
905 2994 1286 3065 κληρονομίαν,
1323 2994 1520 3064 βιϐλίον
1558 2995 1691 3049 ἀπο-

115 3087 332 3140 στασίου
374 3084 638 3152 λαϐοῦσα,
681 3085 760 3150 ὡς
798 3085 1127 3157 κληρονόμος
1166 3086 1440 3151 ἐδικάζετο
1477 3087 1590 3156 (99)
1621 3089 1686 3159 τῇ

1791 1897 2007 1942 mortuo
2035 1904 2253 1957 sponso,
2293 1891 2657 1947 barreditatem
2697 1894 2843 1962 capit
2885 1909 3112 1965 sponsa:
3139 1895 3362 1959 idcirco,

1796 1976 1864 2032 In
1883 1979 2061 2047 ﬁnem,
2087 1996 2180 2049 pro
2200 1997 2260 2035 ea
2289 1998 2406 2051 qua:
2436 1983 2792 2037 hereditatem
2817 1987 3168 2054 consequitur,
3199 1985 3364 2040 David

1790 2071 2000 2139 psalmo
2032 2072 2242 2126 titulum
2275 2072 2420 2129 fecit.
2453 2072 2554 2128 Ubi
2581 2075 2724 2129 enim
2755 2076 2877 2131 ﬁnis
2901 2086 2955 2132 et
2981 2076 3182 2133 Christi
3218 2093 3365 2131 mors

1790 2175 1888 2231 per
1919 2176 2137 2218 carnem
2163 2161 2305 2218 facta
2339 2166 2578 2232 advenit,
2612 2176 2740 2222 tunc
2777 2169 2828 2222 in
2857 2169 2995 2224 bona
3038 2169 3365 2224 hmreditatis

1791 2251 1908 2320 ipsa
1939 2261 2128 2307 vocata
2161 2263 2244 2309 est
2279 2269 2502 2323 sponsa.
2538 2257 2709 2323 Quam
2742 2259 2812 2313 ob
2847 2274 2983 2327 rem,
3013 2259 3208 2330 inquit,
3235 2275 3362 2314 cru-

1790 2346 1980 2401 ciﬁxus
2039 2354 2131 2400 aut
2174 2347 2403 2403 traditus
2454 2349 2556 2404 fuit
2580 2351 2879 2406 Christus?
2933 2351 3215 2406 Peccatum
3261 2369 3366 2407 non

1791 2436 1936 2506 fecit,
1954 2452 2044 2491 nec
2069 2437 2389 2492 inventusest
2411 2439 2561 2493 dolus
2581 2441 2634 2493 in
2663 2458 2750 2494 ore
2775 2442 2888 2511 ejus
2920 2440 3144 2496 ‘.—Pro
3160 2459 3220 2496 ea
3248 2457 3365 2511 quw

1789 2529 2145 2584 hereditatem
2195 2532 2617 2600 consequitur.-—
2636 2532 2784 2588 Sicut
2829 2543 2876 2587 et
2905 2532 3141 2588 Christus
3181 2534 3365 2588 dilexit

1791 2618 2104 2686 Ecclesium,
2148 2633 2196 2675 et
2234 2623 2568 2692 semetipsum
2610 2626 2832 2678 tradidit
2862 2643 2957 2694 pro
2996 2642 3056 2680 ea
3083 2626 3127 2680 ⁸.
3168 2625 3364 2680 Verum

1790 2713 2044 2780 quoniam
2088 2727 2185 2782 pro
2234 2713 2546 2771 haereditate
2584 2716 2943 2771 contendebat
2986 2717 3173 2772 aemula
3223 2718 3366 2772 illius

1791 2802 2106 2874 Synagoga,
2137 2819 2256 2874 quae
2283 2806 2521 2860 libellum
2546 2808 2755 2876 repudii
2785 2817 3096 2878 acceperat,
3121 2820 3175 2864 et
3202 2809 3364 2864 veluti

1802 2896 1975 2952 haeres
2030 2896 2272 2966 litigabat
2311 2907 2495 2952 contra
2539 2898 2840 2955 Ecclesium
2873 2902 3060 2963 ,venit
3108 2903 3366 2972 prOpheta

1790 2992 2046 3056 tanquam
2095 2987 2419 3052 causidicus,
2482 2988 2676 3043 recitat
2712 2990 2992 3060 repudium
3046 2989 3365 3062 Synagogze.

1791 3075 2000 3132 Invenit
2041 3077 2451 3148 suscriptiouem
2499 3080 2588 3134 Dei
2618 3097 2737 3150 quae
2802 3083 2916 3136 haec
2968 3083 3208 3138 continet
3243 3099 3258 3136 :
3297 3081 3368 3136 Et

123 3177 324 3248 Ἐκκλη
333 3177 448 3247 σία*
487 3139 654 3246 ἦλθεν
705 3139 756 3230 ό*
774 3139 1064 3250 προφήτης
1085 3139 1161 3240 ῶς
1183 3139 1691 3247 δικολόγοςοὶαναγιῖ

1797 3167 1903 3222 lucc
1935 3186 2037 3223 non
2067 3185 2201 3223 uxor
2251 3187 2386 3237 mea,
2432 3181 2480 3224 et
2517 3189 2608 3241 ego
2641 3189 2744 3226 non
2784 3175 2860 3226 uir
2887 3176 3000 3239 eius
3031 3177 3084 3240 ⁶;
3113 3185 3165 3229 et
3192 3193 3206 3229 :
3236 3175 3366 3228 Dedi

112 3268 308 3324 νὼσκει
358 3270 422 3323 τὸ
455 3270 599 3324 κατὰ
637 3271 737 3342 τῆς
770 3271 1096 3342 Συναγωγῆς
1129 3271 1472 3327 ἀποστάσιον.
1521 3265 1694 3344 Εὗρεν

113 3360 204 3429 τὴν
230 3353 572 3432 ὑπογραφὴν
601 3359 695 3413 τοῦ
726 3360 860 3414 Θεοῦ
887 3361 1265 3434 περιέχουσαν·
1301 3362 1411 3417 Καὶ
1441 3363 1694 3430 αὕτη.οῠ

116 3453 261 3521 γυνή
317 3470 466 3522 μου,
510 3452 675 3522 κάγὼ
709 3454 821 3507 οὐκ
859 3453 1015 3523 ἀνὴρ
1057 3453 1266 3523 αὐτῆς·
1311 3454 1427 3517 καὶ,
1463 3454 1696 3510 Ἐὃωκα

116 3542 262 3612 αὐτῇ
295 3543 551 3608 βιϐλίον
574 3543 952 3598 ἀποστασίου
991 3545 1079 3608 εἰς
1113 3544 1220 3608 τὰς
1248 3543 1448 3612 χεῖρας
1482 3543 1696 3612 αὐτῆςδ

128 3633 521 3703 Ἀναγινώσκει
539 3634 709 3688 καὶτὸ
735 3633 1005 3705 προικῷον
1019 3637 1118 3706 τῆς
1157 3633 1502 3704 Ἐκκλησίας·
1535 3627 1694 3708 εὗρεν

116 3725 200 3778 τὸν
229 3725 475 3795 νυμφίον
502 3725 599 3779 καὶ
618 3724 718 3796 τὴν
745 3725 981 3796 νύμφην·
1020 3725 1082 3777 '0
1109 3724 1266 3792 ἔχων
1291 3724 1405 3793 τὴν
1453 3726 1695 3794 νύμφην

116 3821 376 3888 νυμφίος
412 3819 609 3873 ἐστιν.
662 3820 816 3872 Ἐπεὶ
851 3814 964 3882 οὖν,
995 3818 1071 3882 ὡς
1114 3818 1280 3871 αὐτοῦ
1333 3819 1696 3884 ἀποθανόντος

119 3913 201 3966 τοῦ
238 3912 507 3983 νυμφίου,
541 3911 818 3975 ἐδικάζετο
861 3913 896 3983 ἡ
947 3910 1244 3982 Συναγωγὴ
1292 3914 1357 3982 τῇ
1402 3912 1694 3984 Ἐκκλησία

119 4005 240 4074 api.
260 4003 365 4073 τῆς
399 4000 785 4072 κληρονομίας,
815 4000 1015 4071 ἀνέστη
1039 3999 1272 4072 Χριστὸς
1301 4002 1330 4052 ὁ
1361 3999 1454 4054 τοῦ
1481 4001 1694 4072 Πατρὸς

118 4094 478 4165 κληρονόμος·
516 4092 611 4145 καὶ
634 4091 788 4160 ὑπὲρ
815 4091 926 4161 τῆς
958 4093 1454 4160 κληρονομούσης
1477 4092 1696 4164 νύμφης

117 4184 296 4255 rienes;
325 4182 482 4253 αύτῷ
514 4181 716 4247 εὐθέως
748 4183 1110 4254 προσηνέχθη.
1133 4185 1237 4248 Εἰς
1273 4183 1337 4236 τὸ
1367 4183 1541 4249 τέλος
1561 4182 1690 4254 γὰρ,

121 4276 305 4346 φησιν,
340 4273 499 4341 ὑπὲρ
533 4271 643 4341 τῆς
683 4273 1199 4343 κληρονομούσης,
1237 4272 1315 4344 τῷ
1353 4272 1690 4345 κληρονόμῳ.

121 4367 210 4430 Τίς
238 4368 275 4436 ἡ
307 4363 724 4435 κληρονομοῦσα
742 4379 758 4427 ;
795 4363 862 4417 Ἡ
893 4363 954 4428 ἐξ
981 4363 1150 4417 ἐθνῶν
1191 4364 1501 4434 Ἐκκλησία.
1531 4365 1692 4434 Λέγει

118 4455 330 4518 Παῦλος
352 4450 507 4508 εἶναι
539 4454 609 4507 τὰ
644 4455 788 4522 ἔθνη
816 4455 1280 4524 συγκληρονόμα
1314 4456 1412 4508 καὶ
1445 4456 1691 4509 σύσσω-

1797 4464 2031 4522 paratum
2085 4455 2229 4508 vobis
2266 4469 2478 4522 regnum
2529 4455 2593 4509 ¹¹.
2639 4455 2897 4520 Quaenam
2947 4464 3029 4509 est
3087 4454 3369 4510 abdicata!
3441 4473 3450 4481 '

117 4564 215 4613 μα.
260 4575 332 4587 —
355 4545 730 4614 Κληρονόμοι
760 4546 927 4612 Θεοῦ,
957 4547 1433 4616 συγκληρονόμοι
1464 4547 1532 4600 δέ
1559 4549 1692 4616 Χριο

121 4639 294 4693 moi).
319 4638 418 4699 Τίς
455 4638 490 4708 ἡ
517 4636 886 4708 κληρονομίας
924 4637 991 4690 Ἥ
1023 4636 1128 4690 τῶν
1155 4637 1398 4709 οὐρανῶν
1427 4637 1691 4708 βασιλεία.

1793 3262 1841 3314 ei
1865 3261 2095 3315 libellum
2124 3264 2327 3332 repudii
2355 3265 2408 3317 in
2440 3265 2676 3319 manibus
2711 3267 2857 3320 illius
2887 3268 2930 3319 ".
2969 3266 3176 3322 Recitat
3205 3269 3365 3322 etiam

1794 3352 1970 3408 dotale
1999 3352 2280 3421 Ecclesiae;
2319 3365 2508 3408 nactus
2540 3365 2623 3410 est
2671 3372 2924 3425 sponsum
2967 3369 3020 3411 et
3065 3373 3316 3427 sponsam
3353 3381 3364 3414 :

1781 3440 1901 3506 Qui
1933 3442 2083 3495 habet
2132 3457 2398 3510 sponsam,
2443 3460 2658 3512 sponsus
2696 3457 2769 3499 est
2814 3447 2855 3499 ⁸.
2910 3447 3045 3513 Quia
3101 3448 3264 3514 igitur
3312 3457 3364 3501 ut

1791 3543 1912 3603 post
1938 3545 2162 3589 mortem
2197 3535 2364 3604 ipsius
2407 3537 2611 3605 sponsi,
2658 3538 2805 3592 litem
2839 3540 3083 3592 movebat
3111 3540 3361 3595 Ecclesia:

1795 3625 2072 3698 Synagoga
2102 3628 2170 3682 ob
2202 3627 2594 3696 haereditatem,
2630 3631 2926 3683 resurrexit
2969 3631 3217 3685 Christus
3255 3632 3360 3686 ha:-

1795 3732 1880 3772 res
1909 3717 2106 3781 Patris,
2147 3724 2201 3770 et
2229 3726 2345 3786 ,‘pro
2373 3734 2566 3788 sponsa
2617 3737 2730 3787 quia
2780 3719 3136 3774 Itwreditatem
3183 3738 3363 3775 conse-

1795 3813 2002 3882 quitur,
2033 3813 2133 3882 ipsi
2170 3814 2350 3868 statim
2393 3815 2585 3870 oblata:
2625 3824 2753 3868 sunt
2792 3828 3000 3882 preces.
3059 3817 3146 3869 Ait
3177 3817 3317 3869 enim
3350 3836 3366 3872 :

1792 3902 1858 3956 In
1888 3904 2063 3972 ﬁnem,
2101 3921 2193 3972 pro
2222 3921 2283 3959 ea
2313 3921 2428 3974 qua:
2459 3905 2812 3959 Iiwreditatem
2857 3912 3214 3974 consequitur,
3251 3908 3365 3960 hae-

1793 3994 1928 4048 redi.
1985 3993 2238 4059 Quaenam
2272 4003 2356 4050 est
2390 4011 2513 4064 qua:
2548 3995 2912 4051 haereditatem
2974 3998 3369 4067 consequitur?

1795 4085 2034 4140 Ecclesia
2064 4101 2130 4140 ex
2161 4088 2431 4155 gentibus.
2461 4087 2597 4140 Dicit
2632 4086 2830 4143 Paulus
2858 4099 3034 4158 gentes
3061 4105 3171 4144 esse
3199 4090 3363 4144 cohae-

1794 4178 1938 4231 redes
1966 4186 2012 4230 et
2049 4178 2437 4244 concorporales
2458 4184 2501 4232 ο.
2533 4209 2605 4221 -
2633 4179 2883 4234 eredes
2921 4180 3046 4248 Dei,
3077 4181 3369 4235 cohwredes

1794 4281 1964 4323 autem
1994 4267 2190 4324 Christi
2218 4271 2282 4325 ιο.
2321 4271 2576 4337 Quaenam
2619 4281 2704 4326 est
2751 4273 3074 4327 haereditas?
3123 4273 3367 4344 Regnum

1795 4363 2072 4418 caelorum.
2137 4361 2341 4427 Venite,
2387 4363 2645 4418 benedicti
2699 4363 2878 4418 Patris
2931 4367 3066 4431 mei,
3117 4367 3369 4433 possidete

1798 4545 2077 4616 Synagoga
2106 4554 2159 4600 et
2184 4544 2411 4614 populus
2442 4543 2580 4613 ejus.
2606 4544 2803 4615 Ejicite
2835 4545 3082 4599 ancillam
3115 4556 3164 4600 et
3198 4545 3369 4612 ﬁlium

1798 4638 1932 4706 ejus.
1989 4635 2112 4690 Non
2156 4636 2292 4690 enim
2338 4637 2500 4691 Itwrcs
2529 4639 2625 4691 erit
2671 4637 2814 4706 ﬁlius
2855 4635 3063 4690 ancilla:
3101 4652 3220 4689 cum
3257 4636 3368 4704 ﬁlio

119 4730 321 4794 Δεῦτε,
351 4731 409 4782 οἱ
438 4728 831 4798 εὐλογημένοι
862 4726 969 4782 τοῦ
1000 4729 1228 4796 Πατρός
1249 4744 1387 4797 μου,
1413 4733 1691 4798 κληρονο-

1801 4731 1976 4784 liberte
2007 4731 2070 4779 ι’.
2103 4727 2318 4783 Iudaeus
2345 4730 2515 4782 instar
2544 4727 2974 4798 chartophylacis
3010 4731 3112 4782 seu
3151 4728 3368 4781 charta-

189 4867 213 4897 ⁸
241 4863 264 4919 ι
292 4865 440 4919 Petr.
470 4879 532 4930 ιι,
569 4864 662 4919 22.
761 4865 784 4897 ⁸
815 4864 1010 4935 Ephes.
1036 4879 1092 4926 ν,
1123 4863 1226 4935 25.
1317 4864 1340 4935 ε
1367 4862 1503 4935 oss.
1541 4879 1600 4930 ιι,
1634 4865 1688 4917 2.

1793 4865 1813 4897 ⁷
1845 4862 2043 4920 Jerem.
2090 4879 2174 4930 ιιι,
2226 4863 2279 4918 8.

123 4937 164 4968 ¹⁶
195 4937 356 4991 Rom.
394 4950 516 5002 vlu,
551 4935 638 4989 17.
717 4936 760 4968 ¹¹
789 4933 979 4990 Matth.
1007 4949 1135 4999 xxv,
1163 4933 1252 4989 54.
1329 4934 1373 4964 ¹¹
1411 4933 1584 4989 Galat.
1620 4950 1692 5002 ιν,
1720 4935 1808 4991 50.

190 5052 305 5122 (98)
379 5052 755 5122 Ἐσταυρώθη

129 5404 373 5456 mendum
398 5417 708 5523 operarum,
742 5416 797 5456 ιιι
820 5403 1046 5457 videtur.
1067 5403 1218 5472 Apud
1252 5403 1689 5470 Chrysostomum

129 5472 326 5526 Savilii.
360 5483 398 5526 t.
483 5472 549 5526 II.
583 5488 636 5526 ι).
672 5473 794 5526 295.
824 5474 1110 5526 ὑπόμεινον
1133 5473 1194 5526 τὸ
1214 5471 1572 5526 όλιγογοόνιον
1594 5473 1689 5526 τῆς

200 5488 326 5526 VIIII.
360 5488 398 5526 ι.

131 5483 326 5535 bstulit,
360 5483 398 5526 t.
439 5483 549 5536 VII,
583 5488 636 5542 p.
672 5483 794 5533 295,
824 5483 1110 5544 ὑπόμεινον
1133 5483 1194 5526 τὸ
1214 5483 1572 5542 ὀλιγοχρόνιον
1594 5489 1692 5542 της

131 5541 313 5616 ’ξενίας
346 5543 558 5612 ίστριον
587 5613 597 5616 _
624 5545 708 5598 vel
737 5543 956 5616 ἰούριον,
1005 5545 1393 5616 emendandum
1427 5543 1692 5610 suspicor,

135 5613 321 5683 ἰκριον,
361 5625 458 5684 aut
483 5613 681 5684 ἰκρίον.
724 5613 832 5668 Sed
868 5625 922 5668 et
953 5613 1230 5684 insigniter
1261 5613 1694 5684 depravatnsest

135 5680 314 5738 versus
369 5680 600 5739 Joannis
649 5680 1140 5751 Euchaitensisfp.
1175 5682 1261 5747 70,
1310 5680 1605 5751 σταυροῦσί
1630 5699 1690 5736 τε

133 5755 269 5824 τρεῖς
294 5753 490 5824 ἄνδρες
519 5754 671 5826 ὁμῶς
708 5754 977 5825 Ἀνδρέαν,
1009 5768 1129 5810 cum
1154 5753 1380 5823 genuina
1413 5752 1573 5809 lectio
1599 5752 1689 5822 sit,

762 5091 776 5107 .
837 5051 1257 5108 Cruciﬁxionem
1333 5050 1693 5110 'l‘heodoritus

122 5133 262 5195 orat.
287 5121 362 5175 De
387 5123 666 5195 charitat_e,
699 5121 752 5178 t.’
778 5121 866 5195 I_V,
893 5139 946 5192 p.
970 5123 1092 5188 689,
1116 5121 1366 5192 exprimit
1390 5123 1590 5189 phrasi,
1616 5123 1693 5195 τῷ

126 5193 283 5262 ἰκρίῳ
306 5192 747 5264 προσηλωθῆναι.
777 5192 942 5264 Cujus
971 5195 1204 5264 priorem
1228 5207 1410 5264 vocem
1437 5207 1558 5264 cum
1588 5192 1693 5250 non

123 5261 378 5332 caperent
398 5261 634 5330 imperiti
658 5261 1038 5333 exscriptores,
1069 5263 1260 5331 inepta:
1287 5261 1501 5316 lectioni
1529 5264 1694 5319 libro-

126 5348 240 5387 rum
267 5333 563 5399 editorum,
607 5333 687 5404 τῷ
737 5333 869 5404 ἰδίῳ,
909 5336 1084 5389 locum
1128 5335 1341 5404 dedere,
1377 5333 1420 5385 si
1477 5347 1580 5386 non
1611 5343 1696 5389 est

583 5488 636 5542 p.
672 5473 808 5544 295,
824 5471 1194 5544 ὑπόμεινονίτὸ
1214 5471 1572 5542 ὀλιγοχρόνιον
1594 5473 1693 5542 τῆς

1799 5051 2110 5126 σταυροῦ-σε
2117 5052 2352 5123 Πατρεῖς
2400 5052 2592 5126 ἄνδρες
2622 5052 2805 5126 ὠμῶςΔ
2829 5052 3094 5124 Ἀνδρέαν.
3140 5050 3368 5126 Cruciﬁ-

1797 5119 2040 5194 guntjairi
2074 5119 2351 5194 Patrenses
2387 5119 3294 5194 crudeliter'Andream'apostolnin.

1869 5193 1980 5264 (99)
2021 5190 2360 5264 ’Edtxdé'sro.
2417 5192 2764 5264 Eloquenter,
2815 5203 2874 5247 ut
2897 5190 3099 5260 omnia,
3135 5192 3370 5263 Chryso-

1800 5262 2008 5320 stmnus
2030 5262 2214 5317 homil.
2247 5264 2281 5318 5
2325 5262 2402 5316 De
2453 5263 2775 5332 pwnitentia,
2807 5263 3077 5319 disserens
3103 5278 3199 5332 pro
3229 5262 3369 5318 elec-

1800 5347 2022 5405 mosyna
2053 5348 2138 5405 ex
2183 5333 2438 5405 Proverb.
2465 5349 2578 5405 xix,
2629 5334 2716 5405 l7,
2743 5337 2772 5388 ὁ
2803 5333 3080 5405 χρεώστης
3139 5332 3367 5405 αἰδεῖται

1799 5403 1888 5456 τὸν
1916 5402 2253 5474 δανείσαντα,
2283 5404 2312 5455 ὁ
2371 5402 2562 5474 κριτὴς
2589 5403 2648 5457 ού
2683 5402 3006 5457 δυσωιτεῖται
3031 5402 3120 5456 τὸν
3148 5402 3368 5466 δικαζό-

1802 5490 1981 5551 μενον.
2016 5473 2622 5551 Illnilnverohsenteutim
2667 5475 2930 5551 elegantia
2961 5475 3363 5538 obscurabitur,
3396 5533 3416 5551 ο

1799 5541 1844 5597 si
1875 5541 2247 5613 δανειζόμενον
2295 5541 2550 5596 librorum
2598 5541 2930 5613 vulgatorum
2961 5552 3254 5608 remaneat,
3310 5551 3369 5597 ut

1797 5613 1954 5668 facile
1975 5624 2211 5668 attentus
2233 5614 2399 5667 lector
2429 5614 2810 5682 deprehendet.
2851 5614 3066 5667 Debitor
3092 5623 3367 5666 ueneratur

1797 5685 2154 5752 fenerantem,
2199 5684 2368 5754 judex
2427 5681 2530 5740 non
2583 5685 2798 5756 suspicit
2847 5699 2964 5738 eum
3014 5684 3102 5752 qui
3146 5681 3365 5751 judica-

1799 5763 1902 5807 tur.

2389 4862 2587 4919 'Joan.
2627 4878 2709 4929 ιιι,
2743 4859 2834 4916 29.
2910 4861 2931 4894 ’
2958 4861 3153 4931 Ephes.
3186 4878 3268 4928 ιιι,
3312 4862 3368 4918 6.
3451 4914 3454 4916 ν
