3828 6310
110 338 205 397 £2!
1140 333 1421 392 HOHILIA
1459 330 1624 388 XVII.
1657 331 1724 388 IN
1762 331 2049 411 EUMDEM
2082 324 2281 391 PSAL.
2315 335 2375 393 V.
3263 339 3371 396 ‘33

113 457 564 527 ἐκληρονόμησας
588 472 603 485 ο
658 455 989 525 ἐφόνευσας,
1033 454 1130 508 καὶ
1188 452 1288 524 τὴν
1335 450 1684 523 κληρονομίαι

1804 452 2269 516 tatem;occidisti
2303 453 2491 519 vitam,
2534 462 2590 511 et
2639 454 2804 510 vitam
2852 454 3166 526 perdidisti,
3224 456 3372 510 occi-

114 550 443 614 ἀπώλεσας’
468 549 764 618 ἐφόνευσας
790 549 887 619 τὴν
915 546 1081 618 ζωὴν,
1116 545 1211 599 καὶ
1261 544 1360 615 τὴν
1414 543 1561 613 ζωὴν
1597 543 1684 596 ἁπ-

1805 542 1951 604 disti,
1982 557 2043 597 ac.
2068 557 2298 599 noveras
2327 560 2489 615 quem
2508 545 2828 603 interfecisti
2851 563 2865 612 ;
2888 548 3151 616 agnovisti
3175 549 3373 616 quippe

110 640 682 710 ὠλεσας·ὲφόνευσας,
711 640 807 693 καὶ
834 638 980 710 ᾔδεις
1006 638 1065 691 ὃν
1095 636 1421 707 ὲφόνευσας’
1454 634 1684 702 ὲπέγνως

1802 631 1949 685 illum
1988 633 2206 701 quando
2245 627 2425 690 dixisti
2452 653 2466 690 :
2497 636 2597 691 Hic
2626 646 2701 692 est
2735 642 2922 702 htt'res,
2949 639 3137 701 venite,
3164 641 3375 692 occida-

110 733 216 801 γὰρ
241 731 416 784 αὐτὸν
450 732 541 784 ὅτε
571 728 730 795 εἴπας
756 747 770 762 ·
797 725 987 795 Οὗτός
1024 729 1197 782 ἐστιν
1236 729 1269 780 ὁ
1306 725 1678 793 κληρονόμος

1801 738 2051 778 muscum
2088 724 2151 778 ³⁸.
2183 725 2249 779 Ει
2295 726 2384 782 ille
2440 729 2484 783 si
2535 730 2708 786 haeres
2774 741 2877 795 est,
2913 745 2947 785 ο
2981 732 3121 785 male
3167 731 3369 795 Jndree,

111 823 283 876 δεῦτε
321 824 773 892 ἀποκτείνωμεν
808 821 1015 876 αὐτόν.
1051 820 1161 874 Καὶ
1187 820 1235 872 εί
1264 817 1424 880 αὐτὸς
1451 818 1479 870 6
1503 816 1603 885 κλη
1614 833 1684 886 ρο·

1800 815 2194 881 possessionem
2226 819 2375 872 trade
2402 819 2621 885 haeredi,
2682 822 2979 877 dominium
3020 824 3246 878 restitue
3277 828 3372 878 do-

108 912 307 982 νὸμος,
343 905 391 965 ὦ
419 910 626 981 πονηρὲ
669 910 909 977 Ίουδαῖε,
943 910 1040 981 τὴν
1068 907 1238 979 νομὴν
1266 906 1346 978 τῷ
1383 905 1684 978 κληρονόμρ

1803 905 1947 958 mino
1962 946 1981 989 ,
2009 922 2202 974 preces
2234 909 2307 962 illi
2334 909 2488 975 oll'er,
2521 919 2580 965 ut
2605 913 2698 967 tibi
2736 915 2894 968 venia
2924 916 3252 969 concedatur
3272 932 3370 984 pro

108 1004 408 1074 παράδως,
465 1001 565 1072 τὴν
606 1000 924 1055 δεσποτείαν
975 997 1429 1069 ἀποκατάστησον
1479 997 1559 1068 τῷ
1611 999 1684 1050 δε-

1805 996 2087 1051 mulestiis.
2120 997 2236 1051 Duo
2288 1001 2336 1053 ei
2364 1000 2532 1054 oblati
2565 1012 2689 1055 sunt
2723 1003 2977 1057 debitores
3002 1018 3021 1057 :
3050 1021 3185 1059 unus
3224 1006 3370 1060 debe-

334 1094 590 1165 ἐντυχίαν
623 1092 774 1164 αὐτῷ
808 1092 1162 1165 προσένεγκε,
1184 1091 1272 1144 ἵνα
1305 1091 1368 1143 σὺ
1402 1088 1503 1152 τὰς
1521 1088 1684 1152 λύπας

1802 1086 1889 1142 bat
1921 1090 2165 1145 denarios
2193 1088 2527 1162 quingentos,
2555 1102 2604 1146 et
2630 1094 2769 1149 alius
2797 1099 3177 1165 quinquaginta
3207 1112 3226 1151 :
3267 1114 3371 1153 non

108 1187 516 1258 παραχωρήσῃ.
548 1186 664 1239 Δύο
688 1183 1130 1258 προσενέχθησαν
1164 1180 1309 1253 αὐτῷ
1341 1179 1684 1251 χρεωφειλέ-

1807 1179 2113 1235 habentibus
2138 1192 2313 1236 autem
2336 1186 2473 1237 unde
2499 1187 2789 1253 redderent,
2816 1190 3026 1242 donavit
3054 1191 3289 1260 utrisque
3301 1190 3367 1256 ι’,

104 1294 223 1330 τοι·
251 1281 288 1331 ό
311 1272 406 1343 εἷς
427 1276 688 1346 ὠφεαὶεν
717 1275 969 1344 δηνάρια
988 1273 1375 1334 πεντακόσια,
1398 1271 1497 1325 καὶ
1527 1274 1560 1325 ό
1578 1271 1684 1325 ἓτε-

1798 1272 1923 1325 dum
1954 1273 2101 1327 velut
2124 1274 2482 1330 redditionem
2534 1292 2758 1332 summae
2792 1288 3002 1348 reputat
3048 1281 3243 1336 bonam
3276 1297 3372 1337 vo-

101 1384 204 1432 [ος
232 1364 648 1431 πεντήκοντα·
684 1363 772 1433 μὴ
802 1363 1066 1433 ἐχόντων
1102 1359 1171 1413 δὲ
1203 1359 1554 1424 ἀποδοῦναι,
1585 1358 1684 1427 ἀμ-

1799 1357 2076 1413 luotatem.
2106 1361 2184 1414 Tu
2209 1375 2338 1417 vero
2374 1363 2555 1419 multis
2612 1365 2767 1421 annis
2803 1368 3086 1424 obtinuisti
3137 1370 3368 1426 haeredis

108 1457 384 1525 getépoeg
432 1456 781 1526 ἐχαρίσατο,
830 1455 905 1519 ὡς
948 1452 1245 1523 κεφαλαίου
1298 1452 1555 1506 ἀπόδοσιν
1600 1450 1684 1522 rip

1796 1452 1958 1517 bona,
1989 1463 2043 1507 et
2072 1453 2204 1508 nihil
2235 1455 2283 1508 ei
2309 1456 2569 1513 obtulisti.
2604 1455 2747 1513 Misit
2779 1473 2967 1516 servos
3013 1470 3074 1516 ut
3125 1465 3369 1532 require--

110 1547 277 1618 ὀρθὴν
313 1548 647 1618 προαίρεσιν
690 1546 1065 1617 λογισάμενος.
1098 1544 1207 1597 Καὶ
1241 1543 1304 1596 σὺ
1339 1542 1551 1605 πολλοῖς
1581 1540 1684 1594 ἔτει

1796 1553 1918 1597 rent
1945 1545 2017 1609 ³ο,
2044 1560 2150 1597 non
2191 1546 2467 1616 exigerent
2500 1549 2708 1604 fructus
2749 1569 2761 1604 :
2813 1552 2959 1606 velut
2988 1552 3144 1608 amici
3172 1555 3369 1624 quaesi-

105 1654 185 1690 σιν
213 1638 494 1709 κατέσχες
523 1636 594 1690 τὰ
613 1637 709 1689 τοῦ
740 1635 1078 1708 κληρονόμου
1114 1635 1450 1706 ὑπάρχοντα,
1482 1633 1577 1686 καὶ
1608 1632 1684 1684 οὐ·

1795 1642 1973 1695 erunt,
2006 1634 2153 1687 velut
2181 1635 2660 1717 hostesinterfecti
2685 1647 2828 1693 sunt.
2869 1640 2985 1709 Ipse
3010 1643 3366 1708 venithteres,

102 1731 186 1783 δὲν
216 1730 379 1800 αὐτῷ
407 1732 814 1801 προσήνεγκας.
864 1726 1207 1781 Ἀπέστειλεν
1230 1725 1449 1788 δούλους
1476 1723 1684 1794 ζητοῦν-

1797 1740 1900 1778 non
1937 1725 2201 1790 irascens,
2240 1727 2333 1780 sed
2359 1728 2591 1798 benigne
2639 1744 2835 1799 agens;
2883 1746 2987 1785 non
3041 1733 3250 1791 occbs
3281 1737 3368 1789 ul-

103 1839 219 1884 τας,
249 1824 359 1875 οὐκ
388 1800 787 1884 ἀπαιτοῦντας,
823 1820 949 1883 τοὺς
981 1818 1266 1899 καρπούς·
1292 1816 1368 1880 ὡς
1398 1815 1540 1885 φίλοι
1570 1816 1684 1886 ἐζή-

1796 1813 2030 1877 ciscens,
2069 1817 2163 1869 sed
2199 1817 2471 1872 occisores
2527 1821 2593 1873 ad
2635 1821 2862 1876 salutem
2893 1823 3226 1893 exhortans;
3258 1841 3367 1881 non

100 1931 299 1983 τησιν,
341 1914 421 1977 ὡς
450 1912 637 1984 ἐχθροὶ
665 1910 1054 1980 ἐφονεύθησαν.
1089 1908 1258 1972 Αὐτὸς
1289 1904 1452 1979 ἦλθεν
1479 1908 1509 1959 ὁ
1557 1905 1684 1976 κλη-

1806 1913 2057 1971 tanquam
2090 1906 2255 1975 judex
2279 1907 2440 1974 ultor,
2472 1910 2566 1963 sed
2618 1920 2870 1981 tanquam
2902 1914 3156 1968 sacerdos
3187 1917 3365 1969 moni-

105 2008 370 2077 ρονόμος,
410 2007 512 2059 οὐκ
554 2004 937 2076 ὀργιζόμενος,
981 2002 1095 2055 ἀλλ’
1140 1999 1579 2070 ἀγαθυνόμενος·
1632 1997 1684 2049 ού

1794 2009 1897 2055 tor.
1939 1999 2057 2068 Ipse
2086 2002 2264 2057 dixit:
2297 2003 2421 2059 Non
2448 2006 2562 2058 veni
2615 2017 2671 2059 ut
2699 2009 2937 2078 judicent
2974 2013 3252 2079 mundum,
3275 2015 3366 2069 sed

101 2101 223 2162 τοὺς
256 2096 625 2167 φονευθέντας
670 2094 936 2159 ἐκδικῶν,
972 2091 1108 2147 ἀλλὰ
1157 2092 1283 2155 τοὺς
1333 2090 1684 2159 φονεύσαντας

1794 2102 1849 2145 ut
1880 2093 2163 2160 salviﬁcem
2213 2096 2465 2148 mundum
2496 2098 2564 2153 ¹¹.
2602 2099 2709 2153 Sed
2759 2101 2883 2167 quia
2935 2101 3110 2169 ipsum
3150 2120 3367 2174 quoque

103 2191 348 2260 σωθῆναι
380 2187 721 2261 παρακαλῶν
744 2205 758 2217 ·
801 2187 900 2256 οὐχ
951 2187 1026 2249 ὡς
1050 2184 1244 2256 κριτὴς
1284 2182 1542 2245 ἐκδικῶν,
1575 2180 1684 2234 ἀλλ’

1794 2185 2060 2239 ltzeredetn
2096 2186 2365 2251 occidisti,
2392 2200 2446 2243 et
2484 2191 2852 2247 haereditatem
2878 2195 3035 2249 obire
3063 2199 3362 2263 credidisti,

100 2283 172 2347 ὡς
203 2284 393 2355 ἱερεὺς
440 2282 732 2337 νουθετῶν.
768 2281 938 2344 Αὐτὸς
966 2276 1146 2332 εἶπεν·
1190 2280 1310 2332 Οὐκ
1355 2274 1549 2347 ἦλθον
1594 2278 1684 2330 ἵνα

1793 2276 1938 2331 disce
1961 2280 2261 2334 surrexisse
2289 2281 2576 2349 hmredem,
2605 2294 2762 2353 atque
2779 2288 3146 2343 hrereditatem
3178 2302 3360 2347 trans-

103 2376 287 2440 κρίνω
324 2376 434 2429 τὸν
465 2376 720 2443 κόσμον,
752 2374 890 2428 ἀλλ’
922 2373 1022 2426 ἵνα
1061 2370 1241 2424 σώσω
1282 2369 1387 2423 τὸν
1436 2370 1685 2438 κόσμον.

1796 2368 1984 2422 tulisse
2042 2369 2107 2422 ad
2140 2369 2435 2424 Ecclesium
2467 2388 2585 2440 quas
2611 2389 2673 2428 ex
2714 2376 2962 2444 gentibus
2990 2388 3222 2433 constat.

113 2463 252 2517 ’ω’
275 2466 467 2537 ἐπειδὴ
489 2467 584 2519 καὶ
604 2465 766 2518 αὐτὸν
791 2464 878 2519 τὸν
897 2461 1234 2535 κληρονόμον
1251 2462 1576 2524 ἀπέκτεινας
1592 2462 1691 2531 (5i,
1740 2461 1835 2514 καὶ
1868 2460 2226 2534 κληρονομεῖν
2290 2466 2547 2536 ἐνόμισας
2567 2510 2580 2533 ,
2616 2470 2752 2540 μάθε
2769 2511 2783 2536 ,
2819 2471 2900 2524 ὃτι
2925 2473 3123 2544 ἀνέστη
3168 2475 3196 2527 6
3224 2473 3360 2546 κλη-

104 2557 356 2629 ρονόμος,
386 2559 481 2610 καὶ
511 2556 610 2628 τὴν
639 2556 1001 2627 κληρονομίαν
1033 2557 1112 2618 εἰς
1138 2553 1236 2625 τὴν
1265 2553 1325 2618 ἐξ
1357 2552 1526 2605 ἐθνῶν
1568 2551 1895 2624 Ἐκκλησίαν
1922 2555 2259 2624 μετήγαγεν.
3125 2584 3128 2587 τ

170 2656 287 2718 Εἰς
332 2652 398 2705 τὸ
443 2651 621 2716 τέλος
666 2650 818 2718 ὑπὲρ
863 2648 973 2718 τῆς
1013 2648 1529 2717 κληρονομούσης.
1584 2647 1694 2700 Καὶ

104 2743 189 2797 διὰ
215 2744 296 2808 τί,
337 2746 441 2809 Εἰς
477 2742 544 2797 τὸ
584 2742 793 2808 τέλοςς
842 2740 1061 2812 Ἐπειδὴ
1097 2741 1247 2794 πᾶσα
1284 2741 1318 2810 ή
1358 2738 1693 2811 κληρονομία

110 2836 247 2903 μετὰ
274 2835 336 2887 τὸ
365 2834 526 2897 τέλος
559 2834 655 2887 καὶ
684 2834 785 2906 τὴν
810 2833 1063 2904 τελευτὴν
1090 2832 1186 2885 τοῦ
1215 2832 1590 2903 διατιθεμένου
1611 2833 1692 2896 είς

106 2927 229 2989 τοὺς
262 2926 639 2998 κληρονόμους
675 2925 1047 2996 περιέρχεται.
1081 2923 1298 2993 Λέγειὸ
1335 2923 1686 2986 Ἀπόστολοςο

105 3016 363 3085 Alabim
410 3016 520 3086 γὰρ
557 3014 657 3068 ἐπὶ
697 3014 932 3082 νεκροῖς
969 3013 1187 3079 ,ϐεϐαία
1210 3030 1226 3044 θ
1281 3013 1411 3067 ἐπεὶ
1455 3013 1690 3084 μήποτε
1716 3053 1759 3110 c

110 3112 328 3179 ισχύει,
352 3113 388 3163 d
408 3108 814 3178 διατιθέμενος
840 3106 939 3160 ὅτε
958 3105 1044 3177 ζῇ.
1088 3107 1240 3159 Ἐπεὶ
1268 3103 1361 3161 οὖν
1389 3107 1596 3160 διέθετο
1619 3109 1686 3178 τῇ

115 3200 416 3271 Ἐκκλησία
445 3201 477 3252 6
513 3196 750 3269 Χριστὸς
787 3197 881 3250 καὶ
911 3196 1176 3268 διαθήκην
1202 3196 1339 3268 αὐτῇ
1368 3196 1604 3267 ἔγραψεν
1627 3195 1688 3248 τὸ

104 3296 439 3365 εὐαγγέλιον
462 3334 480 3358 ,
524 3293 622 3348 καὶ
666 3291 1030 3363 κληρονομίαν
1065 3291 1201 3362 αὐτῇ
1251 3289 1350 3361 τὴν
1407 3289 1686 3360 βασιλείαν

102 3390 495 3461 ἐπηγγείλατο,
521 3386 617 3439 καὶ
636 3384 1004 3456 ἐτελεύτησεν,
1033 3384 1125 3436 καὶ
1150 3383 1321 3453 ἐτάφη
1346 3398 1361 3412 ο
1397 3382 1489 3435 καὶ
1514 3383 1546 3452 ή
1571 3383 1687 3436 δια·

102 3476 241 3547 θήκη
292 3473 628 3545 ἐϐεϐαιώθη.
679 3472 795 3542 Τῆς
836 3475 1354 3544 κληρονομούσης.
1393 3472 1458 3524 Τί
1497 3472 1685 3526 εἶπεν

108 3568 351 3638 Ψαλμὸς
390 3564 475 3631 τῷ
502 3563 716 3630 Δαὸιδ;
742 3565 1019 3636 Εὑθυμίας
1060 3564 1155 3617 καὶ
1194 3565 1371 3636 χαρᾶς
1407 3564 1564 3632 λόγος
1607 3563 1686 3634 τῷ

101 3659 277 3722 Διδὶδ,
314 3660 413 3711 ἐπὶ
441 3660 510 3729 τῇ
546 3655 881 3728 κληρονομίᾳ
909 3656 1009 3727 τῆς
1052 3656 1397 3727 Ἐκκλησίας.
1424 3654 1692 3725 Εὐθυμεῐ

102 3768 215 3817 ac;
263 3750 580 3820 ψαλλέτω.
616 3748 794 3801 Πολλὰ
848 3750 1253 3820 προεφήτευσεν
1306 3750 1445 3821 ὑπὲρ
1495 3750 1594 3820 τῆς
1628 3749 1687 3816 ἐξ

100 3841 264 3894 ἐθνῶν
294 3839 654 3910 Ἐκκλησίας·
678 3840 774 3893 καὶ
808 3839 931 3892 ἰδὼν
956 3838 1018 3893 τὺ
1040 3840 1235 3910 πέρας,
1266 3839 1458 3913 ἐχάρη.
1484 3840 1687 3892 Πάντα

98 3932 164 3986 τὰ
196 3934 369 3999 ἔθνη,
392 3930 733 4000 κροτήσατε
765 3929 989 3999 χεῖρας.
1013 3926 1198 3983 Εἶδον
1217 3928 1415 3982 πάντα
1445 3929 1516 3982 τὰ
1538 3926 1683 3997 ἔθνη

96 4024 157 4076 τὸ
183 4024 493 4090 σωτήριον
514 4022 619 4076 τοῦ
649 4022 797 4075 Θεοῦ
830 4021 1017 4091 ἡμῶν.
1050 4020 1277 4074 Αἰνεῖτε
1314 4020 1422 4073 τὸν
1442 4021 1682 4088 Κύριον,

97 4114 288 4169 πάντα
333 4116 411 4169 τὰ
451 4114 619 4182 ἔθνη.
658 4114 929 4179 ’Ἔδωκας
965 4112 1377 4181 κληρονομίαν
1415 4111 1540 4178 τοῖς
1575 4129 1683 4180 φο-

97 4207 408 4275 ϐουμένοις
440 4205 505 4258 τὸ
531 4205 718 4274 ὄνομά
747 4221 885 4259 οόυ⁶
916 4205 1030 4267 τοῖς
1056 4191 1306 4266 ἐθνικοῖς.
1337 4205 1409 4255 Ἢ
1436 4205 1550 4267 καὶ,
1582 4206 1686 4269 Εἰς

98 4297 157 4349 τὸ
194 4298 377 4364 τὲῑος
418 4298 666 4366 ψαλμὸς
700 4296 780 4362 τῷ
811 4296 1010 4350 Δαϐίδ.
1066 4295 1189 4348 Ἐπὶ
1222 4298 1287 4366 τῇ
1332 4294 1553 4366 τελευτῇ
1591 4296 1684 4348 τοῦ

1862 2647 1928 2701 1η
1959 2649 2136 2717 ﬁnem,
2160 2667 2253 2717 pro
2282 2668 2343 2705 ea
2373 2668 2491 2722 qua:
2519 2654 2873 2710 hmreditatem
2913 2661 3263 2724 consequitur.
3298 2661 3364 2716 Et

1791 2754 1886 2794 cur
1916 2738 1983 2793 In
2014 2740 2214 2808 ﬁnem?
2238 2742 2373 2809 Quia
2406 2748 2582 2801 omnis
2637 2749 2923 2803 ltazt'edilas
2966 2760 3084 2818 post
3114 2750 3269 2804 linem
3308 2764 3364 2806 et

1790 2841 2017 2884 mortem
2074 2830 2220 2885 illius
2248 2834 2339 2901 qui
2374 2844 2758 2891 testamentum
2811 2838 2962 2902 fecit.
3015 2843 3261 2911 pervenit
3294 2846 3365 2897 ad

1789 2919 2052 2975 haeredes.
2104 2919 2243 2977 Dicit
2288 2925 2612 2995 Apostolus:
2669 2926 3056 2984 Testamentum
3109 2934 3244 2986 enim
3308 2934 3364 2989 in

1791 3012 2010 3066 mortuis
2028 3014 2397 3081 conﬁrmatum
2414 3026 2490 3071 est
2513 3033 2533 3072 :
2556 3019 2791 3089 alioquin
2813 3024 3043 3075 nondum
3067 3024 3221 3088 valet,
3236 3026 3362 3079 dum

1791 3102 1914 3157 vivit
1939 3104 2031 3173 qui
2060 3113 2283 3158 testatus
2305 3116 2383 3158 est
2416 3107 2484 3160 “.
2541 3107 2805 3174 Quoniam
2850 3126 2981 3181 ergo
3009 3113 3263 3169 Christus
3285 3124 3364 3170 te-

1790 3203 1963 3249 status
2000 3205 2085 3251 est
2145 3196 2422 3264 Ecclesiae,
2483 3198 2641 3268 eique
2684 3201 2905 3268 scripsit
2956 3212 3362 3273 testamentum,

1791 3286 2146 3358 Evangelium
2172 3290 2443 3356 videlicet,
2496 3302 2661 3363 atque
2693 3292 2866 3347 eidem
2923 3310 3020 3364 pro
3050 3296 3364 3355 haereditate

1793 3396 2019 3453 regnum
2049 3384 2319 3451 promisit,
2353 3393 2408 3438 et
2463 3394 2712 3440 mortuus
2741 3395 2846 3453 est,
2880 3401 2945 3442 ac
2974 3389 3240 3458 sepultus,
3271 3406 3363 3445 ea-

1789 3484 2010 3542 propter
2036 3480 2417 3529 testamentum
2457 3476 2834 3531 conﬁrmatum
2862 3486 2970 3533 est.
3039 3479 3171 3544 Quir
3192 3480 3362 3535 luere-

1788 3563 2006 3620 ditatem
2031 3568 2387 3634 consequitur.
2428 3566 2538 3624 Cur
2586 3567 2723 3623 dixit
2770 3583 2785 3621 :
2851 3567 3099 3625 Psolmus
3127 3572 3362 3630 Davidi?

1789 3656 2094 3714 Hilaritatis
2149 3669 2203 3714 et
2263 3659 2445 3730 gaudii
2476 3675 2656 3714 sermo
2697 3662 2908 3728 Davidi,
2950 3663 3018 3719 de
3050 3665 3362 3722 haereditate

1788 3748 2063 3804 Ecclesiae.
2097 3749 2279 3818 Equo
2333 3751 2595 3820 hilarique
2648 3754 2823 3807 animo
2872 3764 2947 3808 est
2977 3757 3203 3826 aliquis?
3226 3758 3360 3822 psal-

1788 3840 1862 3894 lat
1889 3841 1956 3893 ”.
1989 3839 2152 3895 Multa
2207 3843 2547 3911 prophetavit
2596 3858 2693 3914 pro
2741 3844 2977 3900 Ecclesia
3012 3848 3271 3917 gentium,
3306 3860 3362 3904 et

1789 3948 2019 3989 cernens
2049 3942 2323 4001 eventum,
2356 3936 2572 4004 gavisus
2618 3946 2722 3992 est.
2761 3936 2952 3992 Omnes
2981 3950 3177 4008 gentes,
3214 3943 3361 4011 plau-

1786 4027 1893 4079 dite
1912 4027 2153 4079 manibus
2179 4026 2246 4080 “.
2296 4025 2550 4081 Viderunt
2578 4045 2753 4084 omnes
2793 4041 2969 4099 gentes
3004 4032 3236 4087 salutare
3264 4032 3361 4087 Dei

1788 4116 1953 4170 nostri
1988 4116 2054 4169 ³⁸.
2084 4115 2324 4170 Laudate
2367 4116 2667 4182 Dominum,
2727 4136 2903 4174 omnes
2959 4131 3133 4190 gentes
3160 4122 3228 4178 “.
3263 4122 3361 4177 De-

1785 4208 1914 4262 disti
1946 4200 2299 4263 hwredﬁatem
2335 4209 2634 4263 timentibus
2663 4226 2847 4264 nomen
2890 4219 3037 4265 tuum
3060 4212 3107 4245 ⁸⁷
3142 4230 3158 4268 :
3192 4215 3360 4283 genti-

1788 4298 1946 4354 libus.
1974 4299 2100 4365 Aut,
2125 4299 2187 4353 In
2208 4300 2363 4367 ﬁnem
2388 4300 2620 4371 psalmus
2640 4300 2848 4355 Davidi.
2868 4300 2924 4355 In
2943 4302 3142 4358 Christi
3167 4316 3359 4360 morte.

98 4389 353 4459 Χριστοῦ.
418 4388 640 4460 Ἐπειδὴ
682 4388 792 4460 γὰρ
836 4389 937 4442 οὐκ
982 4386 1128 4440 ἐστιν
1158 4388 1219 4440 ἐν
1277 4386 1354 4457 τῷ
1404 4387 1618 4457 θανάτῳ
1661 4390 1684 4441 6

1792 4390 1924 4457 Quia
1954 4392 2098 4445 enim
2134 4406 2239 4445 non
2257 4403 2338 4446 est
2358 4392 2409 4445 in
2431 4402 2603 4446 morte
2626 4392 2718 4462 qui
2745 4407 2953 4448 memor
2974 4394 3045 4448 sit
3070 4395 3273 4451 Christi
3291 4399 3358 4460 ³⁸,

98 4480 333 4551 Χριστοῦ
365 4480 747 4552 μνημονεύων,
775 4481 832 4533 ἐν
858 4478 1110 4550 Ψαλμοῖς
1138 4478 1426 4551 προλαϐὼν
1450 4481 1478 4532 6
1503 4479 1685 4541 Aa6‘t8,

97 4573 182 4626 τὸν
221 4573 520 4641 ἐπιτάφιον
553 4572 702 4642 αὐτῷ
730 4570 945 4642 ψαλμὸν
978 4566 1119 4624 εἶναι
1153 4566 1326 4624 εἶπεν.
1358 4571 1461 4636 Εἰς
1502 4570 1566 4623 τὸ
1598 4569 1693 4623 τέ-

96 4668 197 4733 λος
247 4666 524 4736 ψαλμός.
571 4664 759 4727 Οὓτως
792 4664 885 4718 καὶ
916 4664 951 4734 ή
984 4663 1157 4735 πόρνη
1197 4662 1274 4734 (4)
1308 4663 1389 4725 εἰς
1416 4661 1506 4715 τὸν
1541 4664 1697 4717 ἐντα-

164 4802 207 4834 ¹⁹
248 4800 449 4855 Matth.
502 4814 618 4861 xxi.
676 4799 766 4853 58.
872 4800 914 4830 "
954 4797 1085 4852 Luc.
1120 4813 1213 4855 vlt.
1241 4796 1329 4859 il,
1363 4797 1455 4852 42.

166 4985 242 5056 ('5)
288 4983 689 5050 Ἆπέκτεινας.
733 4985 919 5038 Menda
952 4984 1150 5056 insedit
1192 4985 1403 5056 codices
1456 4985 1678 5041 Macarii

102 5053 283 5110 lmmil.
312 5056 544 5128 diitsub
571 5058 758 5128 linem,
787 5055 819 5126 ἢ
845 5055 1056 5128 παιδίον
1084 5053 1551 5128 ἀγνοούνίὲκτείνῃ
1580 5057 1679 5128 τὴν

104 5128 250 5196 χεῖρα
274 5124 445 5178 αὐτοῦ
489 5125 627 5194 πρὸς
664 5124 821 5196 ίδφιν,
849 5125 945 5178 καὶ
999 5124 1207 5196 βρωθὲν
1241 5125 1332 5177 ὑπ’
1364 5124 1683 5196 αύτοΰὰπό-

107 5194 292 5265 καυθῇ.
327 5196 477 5261 Lege
531 5200 599 5248 ad
651 5195 810 5249 ﬁdem
858 5194 1084 5249 duorum
1108 5196 1350 5249 codicum
1390 5194 1680 5267 Regiorum

107 5265 443 5317 ἀποκτανθῆ.

105 5282 419 5333 αποκτανυῃ
429 5303 443 5315 .

538 5331 797 5399 Qua-sivit
842 5348 907 5387 ex
944 5348 1027 5388 me
1051 5334 1131 5388 vir
1153 5333 1504 5389 doctissimus
1527 5334 1681 5403 juxta

109 5414 266 5474 atque
327 5405 714 5474 amicissimus,
765 5406 891 5472 quid
918 5407 1172 5459 sentirem
1216 5405 1281 5457 de
1308 5419 1438 5474 voce
1464 5409 1680 5474 apodix,

108 5473 194 5527 lib.
222 5491 237 5528 ι
293 5474 372 5528 De
400 5476 561 5541 gestis
592 5473 944 5536 Conwoiouis,
978 5485 1111 5536 etc.,
1145 5489 1263 5540 cap.
1302 5473 1391 5536 10,
1435 5473 1508 5527 in
1540 5478 1685 5530 Actis

110 5545 201 5598 SS.
224 5544 700 5613 Benedictinorum
731 5560 853 5597 sese.
884 5559 954 5603 tv,
995 5560 1046 5613 p.
1076 5544 1111 5597 Ξ
1143 5562 1155 5597 :
1192 5541 1308 5597 Una
1370 5545 1587 5611 apodix,
1631 5546 1684 5599 id

110 5628 175 5667 est
206 5614 476 5684 meretria.
520 5612 792 5681 Respondi
826 5612 1190 5684 ampliandum
1242 5628 1385 5676 esse,
1416 5617 1684 5682 cogitatu-

112 5696 224 5738 rum
269 5699 379 5739 me.
413 5683 608 5738 Postea
658 5698 781 5737 cum
826 5685 914 5738 diu
960 5684 1294 5753 multumque
1343 5684 1683 5740 consideras-

114 5767 242 5825 δεμ),
271 5756 393 5810 [nec
428 5764 695 5809 venerunt
733 5753 788 5808 in
819 5762 1074 5821 mentem,
1104 5766 1222 5825 qua:
1256 5755 1465 5825 possint
1495 5766 1688 5810 utcun-

1556 4800 1600 4831 ²⁰
1632 4799 1820 4854 Matth.
1855 4815 1968 4865 χχι,
1992 4800 2061 4854 bis
2086 4814 2202 4870 seq.

99 4870 145 4903 ³³
182 4871 300 4926 Jac.
327 4887 381 4934 ν,
412 4870 499 4924 15.
540 4868 587 4901 ’⁸
628 4869 766 4923 Psal.
790 4884 930 4934 xm,
953 4868 1008 4921 2.
1079 4869 1124 4899 ³⁵
1148 4866 1473 4931 Psa|.xcvn,
1513 4871 1568 4924 5.
1644 4870 1684 4901 ’θ

1794 4870 1863 4924 al.
1909 4886 2054 4934 CXVI,
2100 4866 2236 4923 L'"
2276 4869 2417 4923 Psul.
2469 4884 2575 4935 ιχ,
2623 4870 2677 4925 6.

1792 4478 1847 4533 ἰιι
1900 4478 2128 4534 Psalmis
2164 4480 2504 4549 praeveniens
2556 4479 2746 4545 David,
2799 4480 3078 4537 funebrem
3128 4485 3178 4539 ei
3240 4499 3361 4540 esse

1789 4574 2059 4643 psalmum
2094 4572 2248 4627 dixit.
2285 4571 2352 4625 In
2377 4573 2532 4637 ﬁnem
2560 4572 2825 4627 Psalmus.
2852 4572 2975 4628 Pari
3008 4575 3166 4631 modo
3194 4590 3361 4631 mere-

1796 4665 1901 4719 trix
1936 4664 1990 4719 in
2025 4664 2360 4733 sepulturam
2414 4663 2676 4733 prmvenit
2707 4679 2909 4735 ungere
2969 4679 3169 4735 corpus
3206 4667 3361 4722 Chri-

2310 4799 2534 4853 "Joan.
2567 4800 2775 4862 xn,«i7.
2855 4802 2901 4832 ²¹
2960 4800 3125 4856 Hebr.
3145 4817 3223 4865 ιχ,
3269 4802 3356 4856 17.

2310 4870 2417 4923 “sul.
2469 4884 2575 4925 ιχ.
2623 4870 2677 4925 6.
2751 4869 2796 4902 ’⁸
2836 4870 2979 4925 Psal.
3016 4870 3146 4925 v1.6.

1778 5004 1883 5059 que
1913 4988 2266 5059 satisfacere;
2325 5006 2432 5044 una
2463 4995 2654 5056 apodta
2684 4991 2767 5046 vel
2808 4993 2988 5057 podia,
3021 4992 3089 5046 ab
3108 4989 3360 5059 apodiare
3404 4984 3413 4993 ’

1780 5057 1839 5131 et
1865 5059 2103 5126 pudiare.
2142 5057 2259 5113 Una
2300 5061 2457 5128 potia:
2490 5076 2584 5114 seu
2638 5062 2801 5126 potia.
2846 5059 2957 5114 Une
2987 5070 3109 5131 pate
3133 5057 3358 5131 Gallice.

1785 5129 1945 5182 Plura
1997 5130 2180 5184 dicere
2207 5132 2549 5200 vetatpudor
2582 5148 2595 5183 :
2634 5132 2892 5200 ﬁentque,
2928 5129 3141 5200 opinor,
3172 5129 3361 5200 pleris-

1781 5214 1887 5269 que
1920 5201 2023 5271 ista
2057 5201 2190 5253 satis
2220 5200 2387 5256 clara.
2424 5199 2531 5271 Sed
2564 5199 2791 5271 veritas
2820 5200 2960 5255 forte
2994 5199 3220 5271 petenda
3253 5203 3361 5254 erit

1784 5286 1851 5322 ex
1882 5270 2063 5338 aliquo
2121 5270 2393 5324 idiotismo
2441 5269 2636 5337 linguae
2691 5269 3009 5325 Britonum.
3050 5270 3124 5324 De
3155 5278 3357 5325 caetero

1783 5342 1927 5393 circa
1966 5339 2239 5392 mulierem
2277 5338 2414 5409 hanc
2462 5354 2582 5406 qnte
2603 5354 2796 5409 corpus
2821 5341 3021 5394 Christi
3079 5342 3257 5409 unxit,
3276 5340 3359 5404 jo-

1781 5409 1980 5461 cularis
2001 5423 2154 5462 error
2180 5409 2346 5479 estin
2377 5407 2594 5463 Eusebii
2635 5407 2937 5479 opusculis,
2971 5425 3020 5476 ρ.
3051 5409 3151 5462 H7
3178 5427 3194 5464 :
3231 5408 3359 5463 Toto

1780 5480 1975 5531 mundo
2006 5478 2383 5545 prwdicabitnr
2412 5495 2599 5532 nomen
2631 5496 2823 5545 meum,
2870 5491 2915 5532 ct
2944 5480 3088 5532 illius
3122 5481 3361 5533 mutieris

1780 5549 1927 5600 lusus
1948 5551 2000 5599 in
2024 5550 2328 5600 memoriam
2350 5549 2470 5607 erit.
2490 5546 2705 5602 Scilicet
2721 5546 2927 5618 legebat
2952 5550 3219 5616 interpres
3241 5553 3362 5602 παῖ-

1779 5633 1895 5686 γμα
1926 5632 2022 5685 pro
2051 5617 2651 5689 npd’typattuisiptalis
2684 5617 2810 5689 usus
2836 5634 2902 5689 ex
2943 5619 3151 5689 χρῆμα.
3189 5619 3362 5688 Chry-

1781 5684 2022 5741 sustento
2055 5684 2288 5754 ascripta
2319 5684 2539 5740 humilia
2598 5690 2653 5740 in
2680 5684 3008 5741 Phariswum
3036 5684 3103 5742 "et
3127 5684 3361 5741 meretri-

1783 5770 1914 5823 cem,
1945 5765 1982 5810 t.
2013 5754 2120 5822 γη,
2155 5754 2356 5812 Graeca:
2388 5756 2537 5824 etliL,
2569 5773 2620 5827 ρ.
2646 5757 2773 5823 565,
2814 5756 3049 5829 Χριστὸς
3085 5756 3360 5828 μετέδωκε
