3828 6306
480 300 588 358 423

1751 301 1810 358 S.
1851 298 2133 357 ASTERII
2170 295 2480 356 AMASENI

3616 296 3750 354 εει

479 420 549 476 sti
574 421 642 475 ”.
679 418 772 475 Sic
793 418 960 475 David
987 419 1112 490 quia
1145 434 1248 475 non
1271 420 1518 491 pervenit
1543 420 1610 477 ad
1633 420 1793 477 linem
1818 418 2045 485 Christi,

2161 416 2387 488 ptacpbv
2424 414 2724 488 προέλαϐεν
2762 416 2989 488 μυρίσαι
3029 413 3268 487 Χριστοῦ
3308 413 3369 469 τὸ
3399 414 3583 485 σῶμα.
3619 413 3748 468 Οὖ-

480 511 762 567 l'unebrem
791 509 1055 580 psalmum
1089 512 1352 580 praecinit.
1392 509 1444 566 ls
1484 510 1630 566 enim
1679 509 2044 566 Dominicida-

479 621 598 660 rum
634 602 939 660 Judaaorum
969 602 1321 669 calumniam,
1362 614 1419 657 et
1444 602 1635 659 falsum
1676 602 2048 658 testimonium

479 698 744 752 adversus
802 694 1076 751 Christum
1126 695 1464 749 demonstrat
1515 694 1740 750 inferius
1792 693 1878 748 10.
1910 693 2049 759 Quo-

479 784 619 838 niam
646 801 746 838 non
770 792 843 838 est
882 784 936 838 in
976 800 1063 838 ore
1084 799 1265 837 eorum
1289 784 1514 846 veritas;
1536 801 1625 838 cor
1653 799 1831 837 eorum
1857 798 2048 836 vanum

458 886 575 932 ‘est.
634 874 928 929 Pecuniam
990 874 1411 943 distribuerunt,
1467 882 1526 928 ut
1581 874 2044 930 calumniarentur

2144 525 2252 572 τως
2285 507 2362 580 μὴ
2393 506 2609 577 φθάνων
2640 508 2701 561 τὸ
2731 507 2884 571 τέλος
2912 506 3147 580 Χριστοῦ
3178 510 3207 562 6
3243 507 3429 571 Δασὶδ,
3467 506 3561 561 τὺν
3597 508 3743 561 ἑπι-

2143 600 2337 669 τάφιον
2370 598 2668 671 προψάλλει
2698 599 2932 671 ψαλμόν.
2962 593 3131 665 Οὗτος
3157 598 3266 673 γάρ
3291 599 3397 653 τῶν
3430 598 3747 671 Κυριοκτό-

2145 706 2252 743 νων
2294 688 2558 743 Ἰουδαίων
2602 691 3004 760 συκοφαντίαν,
3047 692 3142 745 καὶ
3176 689 3315 743 κατά
3344 690 3439 743 τοῦ
3480 689 3742 763 Χριστοῦ

2144 781 2616 854 ψευδομαρτυρίαν
2645 783 2795 854 δηλοῖ
2833 782 3183 847 ὑποκαταϐὰς
3202 800 3216 815 ο
3251 784 3381 837 Ὀτι
3406 786 3518 838 οὐκ
3549 783 3745 838 ἐστιν

2144 872 2215 925 ἐν
2250 870 2328 937 τῷ
2366 874 2615 941 στόματι
2652 871 2852 928 αὐτῶν
2878 873 3130 942 ἀλήθεια
3152 913 3168 938 ,
3201 872 3239 940 ἡ
3275 870 3489 941 καρδιά
3520 869 3743 925 αὐτῶν

479 968 950 1023 resurrectionem.
990 966 1093 1022 Cor
1126 983 1303 1020 eorum
1330 983 1522 1020 vanum
1547 977 1646 1021 est.
1714 965 2037 1047 sepulcrum

2161 964 2379 1018 aurata.
2418 963 2678 1035 Ἀργύρια
2706 964 2989 1035 έσπειραν,
3026 965 3113 1017 ἵνα
3145 964 3244 1036 τὴν
3287 964 3584 1017 ἀνάστασιν
3629 980 3740 1016 συ-

478 1059 846 1129 obsignarunt,
901 1073 966 1114 ac
1026 1057 1085 1112 in
1130 1059 1359 1114 mortuis
1420 1058 1648 1113 liberum
1702 1068 2044 1126 nequaquam

477 1159 782 1207 tenuerunt.
838 1150 1082 1222 Sigillum
1131 1150 1408 1215 obtinent,
1439 1161 1496 1206 et
1538 1165 1644 1205 non
1676 1150 1879 1204 habent
1930 1147 2049 1202 the-

477 1257 721 1298 saurum.
780 1240 886 1296 Cor
928 1257 1110 1295 eorum
1187 1256 1379 1294 vanum
1434 1252 1532 1295 est.
1589 1239 1898 1308 Sepulcrum
1950 1253 2047 1306 pa-

477 1343 586 1388 tens
633 1342 707 1388 est
757 1343 939 1403 guttur
996 1348 1197 1387 eorum.
1248 1333 1447 1399 Quare,
1477 1332 1683 1398 David,
1742 1332 2045 1401 sepulcrum

477 1424 678 1480 vocasti
758 1432 938 1495 guttur
1000 1437 1188 1477 eorum
1265 1423 1357 1493 qui
1408 1423 1690 1477 Dominum
1759 1421 2046 1478 interfece-

477 1515 636 1569 runt?
693 1513 1001 1585 Respondet
1045 1533 1059 1568 :
1102 1514 1379 1583 Interroga
1435 1515 1600 1569 lilium
1648 1530 1826 1570 meum
1889 1513 2047 1569 Salo-

2146 1058 2575 1127 κοφαντήσωσιν.
2615 1056 2675 1112 Ἠ
2697 1057 2909 1125 καρδία
2930 1055 3129 1112 αὐτῶν
3149 1056 3391 1125 ματαία.
3420 1056 3526 1109 Τὸν
3554 1055 3741 1124 τάφον

2145 1148 2503 1220 ἐσφράγισαν,
2542 1148 2635 1200 καὶ
2671 1147 2762 1201 τὸν
2794 1149 2852 1201 ἐν
2886 1150 3098 1220 νεκροῖς
3128 1146 3411 1217 ἐλεύθερον
3436 1147 3539 1200 οῦκ
3563 1147 3741 1218 ἐκρά-

2144 1255 2338 1311 τησαν.
2368 1239 2479 1311 Τὴν
2511 1238 2746 1307 σφαγῖδα
2782 1237 3102 1308 κατέχουσιν
3121 1277 3137 1300 ,
3172 1237 3267 1290 καὶ
3314 1236 3406 1289 τὸν
3444 1235 3737 1307 θησαυρὸν

2145 1332 2245 1386 οὐκ
2297 1330 2528 1401 ἔχουσιν.
2599 1332 2670 1386 Ἠ
2715 1328 2928 1398 καρδία
2989 1328 3189 1382 αὐτῶν
3227 1330 3469 1399 ματαία.
3527 1329 3738 1398 Tisse;-

2145 1424 2515 1493 ἀνεῳγμένος
2546 1426 2579 1475 ό
2606 1421 2837 1491 λάρυγξ
2857 1420 3074 1475 αὐτῶν.
3100 1422 3198 1474 Διά
3223 1421 3298 1484 τί,
3322 1415 3367 1475 ὧ
3392 1420 3589 1485 Δασὶδ,
3627 1423 3736 1475 τά·

2146 1533 2245 1585 φον
2277 1511 2437 1578 εἴπας
2474 1515 2566 1569 τὸν
2595 1515 2845 1585 λάρυγγα
2882 1514 2992 1568 τῶν
3024 1516 3431 1586 Κυριοκτόνων;
3472 1514 3738 1584 Ἀποκρί-

477 1623 716 1663 monem.
748 1606 884 1675 Fili,
913 1624 975 1662 ne
994 1618 1043 1661 te
1069 1608 1318 1661 seducunt
1361 1608 1458 1661 viri
1497 1608 1664 1676 impii,
1703 1622 1863 1676 neque
1898 1606 2043 1659 uelis.

2161 1624 2294 1662 ρεται
2318 1624 2333 1638 ο
2373 1606 2747 1679 Ἐπερὼτησον
2785 1606 2876 1661 τὸν
2909 1607 3041 1678 ἐμὸν
3078 1606 3192 1660 υἱὸν
3211 1605 3561 1678 Σαλομῶντα.
3608 1607 3735 1671 Υἱὲ,

477 1700 536 1755 Si
575 1702 958 1769 advcauerint,
987 1702 1251 1756 dicentes:
1298 1699 1421 1755 Veni
1449 1692 1713 1753 nobiscum
1736 1738 1751 1761 ,
1788 1697 2045 1768 particeps

2161 1697 2226 1762 ωή
2251 1715 2325 1753 σε
2354 1700 2757 1766 πλανήσωσιν
2788 1697 3003 1767 ἄνδρες
3026 1698 3285 1765 ἀσεϐεῖς,
3308 1697 3465 1769 μηδὲ
3489 1700 3738 1764 ,ϐουλη-

477 1803 584 1848 esto
618 1794 911 1863 sanguinis,
970 1794 1271 1848 occidamus
1304 1794 1474 1848 virum
1526 1792 1768 1861 justum;
1797 1788 2049 1859 deglutia-

2161 1791 2280 1860 θῇς.
2325 1791 2468 1845 Ἐὰν
2491 1791 2998 1859 παρακαλέσωσιν
3033 1790 3344 1858 λέγοντες·
3400 1788 3568 1844 Ἐλθὲ
3592 1788 3735 1858 μεθ’

476 1899 589 1938 ntus
618 1894 793 1938 autem
817 1900 959 1950 eum,
988 1884 1123 1938 sicut
1146 1883 1384 1954 infernus
1421 1883 1665 1936 viventem
1693 1882 1760 1935 “.
1796 1878 1930 1947 Quia
1947 1879 2049 1949 igi-

2161 1882 2340 1954 ἡμῶν,
2370 1881 2744 1951 κοινώνησον
2766 1883 3040 1952 αἵματος,
3065 1882 3508 1951 ἀποκτείνωμεν
3535 1881 3739 1950 ἄνδρα

478 1985 563 2031 tur
633 1986 888 2046 tanquam
940 1976 1185 2032 infernus
1223 1977 1491 2031 viventem
1533 2016 1549 2041 ,
1604 1975 1727 2030 vita:
1770 1984 2046 2029 auctorem

2161 1972 2389 2027 δίκαιον
2403 1989 2417 2003 ·
2444 1964 2824 2041 καταπίωμεν
2835 1972 2903 2025 δὲ
2912 1974 3099 2028 αὑτὸν
3119 1972 3322 2042 ὥσπερ
3343 1974 3493 2041 ᾅδης
3515 1972 3734 2033 ζῶντα.

477 2068 855 2138 deglutierunt,
888 2067 1197 2139 Sepulcrum
1232 2082 1413 2139 patens
1440 2079 1516 2123 est
1545 2079 1725 2139 guttur
1749 2083 1948 2122 eorum.

2164 2064 2380 2135 Ἐπειδὴ
2410 2059 2502 2116 οὖν
2530 2063 2605 2127 ὡς
2637 2063 2768 2135 ᾅδης
2794 2063 2972 2127 ζῶντα
3008 2064 3100 2118 τὸν
3133 2063 3394 2128 ζωοποιδν
3432 2064 3735 2130 κατέπιον,

2158 2155 2346 2223 Τάφος
2369 2154 2740 2224 ἀνεῳγμένος
2768 2159 2800 2210 ὁ
2825 2155 3055 2227 λάρυγξ
3080 2156 3300 2211 αὐτῶν.

549 2248 736 2320 Itaque
765 2252 1020 2321 quoniam
1053 2253 1294 2323 psalmus
1326 2253 1433 2309 iste
1459 2252 1698 2308 funebris
1729 2262 1832 2317 est,
1866 2269 1961 2321 pro
1981 2269 2047 2307 ea

2233 2249 2384 2302 Ἐπεὶ
2415 2243 2507 2301 οὖν
2548 2250 2576 2301 ὁ
2611 2249 2899 2318 ἐπιτάφιος
2930 2242 3085 2314 οὗτος
3116 2249 3361 2321 ψαλμὸς,
3410 2249 3565 2319 ὑπὲρ
3620 2250 3739 2318 τῆς

483 2356 591 2411 ιιιω
621 2341 978 2395 Itwreditatem
1002 2344 1353 2412 consequitur,
1402 2344 1456 2396 in
1500 2343 1658 2410 ﬁnem
1707 2354 1764 2398 et
1820 2354 2045 2398 mortem

2161 2340 2681 2408 κληρονομούσης,
2711 2342 2800 2405 εις
2834 2340 2902 2393 τὸ
2933 2340 3105 2406 τέλος
3130 2342 3225 2395 καὶ
3252 2341 3343 2394 τὸν
3373 2340 3606 2394 θάνατον
3636 2340 3736 2393 τοῦ

482 2432 682 2488 Christi
706 2432 941 2503 scriptus
986 2431 1109 2487 fuit.
1164 2433 1318 2488 Unde
1375 2434 1538 2487 etiam
1588 2436 2044 2490 resurrectionem

2161 2430 2387 2501 Χριστοῦ
2416 2431 2652 2501 ἐγράφηι
2685 2429 2847 2483 Ὅθεν
2876 2432 2970 2485 καὶ
2998 2433 3095 2503 τὴν
3131 2432 3425 2486 ἀνάστασιν
3458 2432 3629 2486 αὐτοῦ
3659 2433 3737 2496 ὡς

482 2525 649 2595 ipsius
693 2534 946 2594 tanquam
1003 2525 1098 2580 Dei
1131 2523 1290 2578 Verbi
1350 2525 1708 2594 signiﬁcavit,
1736 2526 1921 2580 dicens
1949 2550 1959 2581 :
1990 2528 2044 2581 4.

2161 2523 2287 2578 θεοῦ
2322 2524 2495 2593 Λόγου
2530 2526 2799 2594 ἐσήμανεν
2820 2563 2835 2587 ,
2867 2522 3036 2578 εἰπὼν
3055 2542 3068 2555 ·
3107 2524 3226 2577 ’Ὁτι
3266 2523 3417 2592 πρὸς
3443 2523 3520 2577 σὲ
3540 2538 3739 2592 προσ-

482 2616 750 2680 Quouiam
771 2615 838 2667 ad
869 2622 918 2668 te
941 2613 1122 2680 orabo,
1154 2613 1398 2679 Domine,
1425 2630 1575 2667 mane
1606 2614 1857 2668 exaudies
1883 2631 2051 2668 vocent

2161 2615 2397 2683 εύξομαι
2420 2655 2436 2680 ,
2465 2614 2645 2681 Κύριε
2667 2630 2681 2643 ·
2707 2612 2789 2678 τῷ
2818 2614 2969 2683 πρωῒ
3008 2614 3344 2683 εὶσακούσῃ
3374 2612 3477 2683 τῆς
3521 2612 3738 2681 φωνῆς

483 2724 671 2761 nteant.
695 2706 855 2762 Hane
880 2709 1060 2762 astabo
1091 2709 1208 2776 tibi,
1230 2721 1278 2762 et
1308 2710 1499 2763 videbis
1531 2708 1972 2775 me.—Quoniam
1984 2709 2053 2763 ad

2161 2724 2285 2773 μου.
2322 2705 2406 2772 Τῷ
2438 2705 2588 2773 πρωῒ
2614 2704 3077 2774 παραστήσομαι
3108 2721 3237 2770 σοι,
3274 2705 3372 2762 καὶ
3404 2707 3611 2776 eadm;
3633 2723 3734 2776 με.

482 2811 532 2853 te
565 2797 749 2851 orabo.
779 2797 921 2853 Deus
958 2799 1102 2853 enim
1138 2814 1222 2864 es,
1258 2800 1349 2869 qui
1379 2816 1409 2854 a
1460 2801 1689 2855 mortuis
1712 2803 1973 2869 resurgis,
2000 2809 2054 2856 et

2161 2830 2221 2841 —-
2248 2799 2377 2853 Ὅτι
2403 2797 2552 2865 πρὸς
2582 2798 2657 2851 σὲ
2682 2797 3110 2867 προσεύξομαι.
3139 2797 3269 2862 Θεὸς
3293 2798 3401 2870 γάρ
3426 2793 3475 2851 εἷ
3495 2799 3524 2851 6
3554 2800 3623 2851 έκ
3652 2814 3741 2849 νε-

487 2890 554 2943 ad
591 2900 643 2942 te
680 2904 775 2957 per
828 2897 1044 2943 noctem
1076 2888 1343 2943 clamabat
1392 2892 1592 2945 chorus
1629 2895 2050 2960 prophetarum:

486 2980 678 3049 Surge,
702 2979 860 3043 Deus,
886 2980 1076 3049 judico
1101 2990 1293 3035 terram
1329 2982 1394 3036 ".
1425 2982 1482 3036 Si
1507 2984 1666 3038 homo
1688 2984 1928 3055 sepultus
1949 2993 2054 3051 est,

486 3074 759 3144 quomodo
806 3073 948 3128 Deus
995 3074 1272 3129 surrexit?
1314 3074 1633 3143 Sepulcrum
1663 3076 1827 3130 Deum
1852 3076 2057 3131 consti—

490 3169 644 3216 tuere
691 3160 882 3217 nescit.
919 3160 1237 3233 Sepulcrum
1293 3165 1549 3219 damnum
1609 3164 1813 3219 inferre
1858 3173 2054 3235 potest,

2158 2890 2306 2962 κρῶν
2340 2890 2727 2960 ἀνιστάμενος·
2755 2889 2849 2943 καὶ
2879 2889 3015 2961 πρὸς
3054 2889 3113 2943 σὲ
3149 2889 3235 2942 διὰ
3262 2890 3362 2959 τῆς
3391 2888 3585 2952 νυκτὸς
3609 2888 3740 2942 ἐϐόα

2157 2984 2186 3036 6
2231 2983 2388 3055 χορὸς
2419 2982 2522 3037 τῶν
2564 2982 2892 3053 προφητῶνο
2944 2982 3215 3049 Ἀνάστα,
3246 2985 3279 3036 ό
3310 2982 3476 3048 Θεὸς,
3526 2981 3740 3051 κρῖνον

2158 3076 2274 3144 τὴν
2299 3076 2438 3146 γῆν.
2473 3077 2535 3129 Εἰ
2578 3074 2864 3146 ἄνθρωπος
2906 3075 3115 3145 ἐτάφη,
3164 3075 3281 3138 πῶς
3323 3073 3453 3139 Θεὸς
3492 3075 3737 3145 ἀνέστης

2161 3165 2499 3253 Τάφοςβεὸν
2523 3168 2849 3236 χειροτονεῖν
2875 3165 2975 3219 οὐκ
3003 3164 3232 3237 ἔμαθεν·
3264 3164 3433 3233 τάφος
3460 3164 3739 3237 ζημιῶσαι

490 3252 890 3310 incrementum
930 3256 1061 3311 dare
1108 3271 1214 3312 non
1272 3265 1469 3326 potest.
1523 3257 1714 3328 Angeli
1777 3265 1832 3312 et
1861 3257 2054 3313 milites

2161 3250 2401 3324 δύναται,
2432 3257 2750 3329 προσθεῖναι
2785 3260 2848 3312 οὐ
2885 3257 3126 3313 δύναται.
3159 3258 3414 3327 ’Ἄγγελοι
3440 3259 3535 3313 καὶ
3565 3277 3738 3329 στρα-

490 3348 740 3419 sepulcro
761 3348 1130 3415 assiStebant;
1181 3358 1236 3403 et
1258 3358 1378 3403 erat
1421 3348 1665 3419 privatus
1693 3350 1783 3419 qui
1818 3349 2063 3418 sepultus

491 3440 705 3497 fuerat!
727 3441 918 3497 Milites
949 3441 1322 3497 custodiebant
1351 3442 1660 3511 sepulcrum
1694 3460 1709 3509 ;
1773 3457 1868 3497 rex
1916 3443 2061 3498 enim

489 3544 632 3594 erat.
661 3535 751 3604 qui
780 3543 900 3589 erat
926 3533 1187 3604 sepultus.
1212 3534 1365 3588 Sicut
1391 3533 1586 3603 privati
1618 3534 1926 3605 sepulcrum
1956 3535 2062 3590 mi-

490 3622 612 3679 lites
665 3638 772 3678 non
829 3632 1068 3687 servant,
1138 3623 1219 3678 sic
1247 3628 1364 3693 puri
1413 3625 1646 3679 hominis
1674 3625 1927 3695 sepulcro
1955 3641 2061 3681 non

488 3716 729 3772 assident
748 3715 947 3787 angeli.
984 3715 1140 3771 Mane
1167 3718 1415 3771 exaudies
1463 3733 1640 3772 uocem
1680 3734 1872 3773 meam.
1926 3718 2061 3786 Quia

488 3821 652 3861 mane
675 3820 965 3877 resurgens
1013 3807 1161 3862 dices
1216 3807 1389 3862 beatis
1430 3809 1780 3864 mulieribus:
1812 3809 1969 3864 Aucte
1992 3810 2058 3863 ³⁸.

492 3897 595 3954 Vos
623 3910 777 3954 avete
800 3916 816 3965 ;
842 3914 967 3953 nam
994 3900 1237 3955 custodia
1278 3901 1488 3956 turbata
1515 3911 1617 3959 est.
1654 3902 1761 3956 Vos
1800 3902 2059 3972 gaudete;

486 3988 579 4059 qui
603 3988 748 4043 enim
801 4002 1024 4045 servant
1080 3991 1413 4061 sepulcrum,
1471 3991 1775 4061 depositum
1803 4008 1907 4047 non
1960 3993 2061 4047 ha-

485 4082 635 4144 bent,
660 4080 887 4149 ideoque
914 4080 1149 4150 plorant.
1199 4082 1369 4152 lgitur
1396 4082 1831 4153 quandoquidem
1866 4082 1976 4138 Pro
1998 4099 2061 4137 ea

483 4189 602 4244 qua:
629 4172 990 4227 hereditatem
1035 4176 1371 4244 consequitur
1415 4174 1673 4244 psalmus,
1718 4175 1960 4231 continet
2007 4185 2063 4231 et

484 4261 790 4333 passionem
839 4271 895 4318 et
950 4264 1280 4332 sepulcrum,
1338 4273 1392 4319 et
1450 4266 1773 4319 matutinum
1819 4280 2062 4321 resurre-

485 4338 710 4419 ctionis,
742 4367 866 4408 eam
893 4355 963 4409 ob
993 4369 1129 4421 rem,
1164 4354 1224 4408 In
1250 4354 1428 4423 ﬁnem.
1469 4354 1526 4410 2.
1569 4354 1739 4409 Verba
1763 4372 1879 4412 mea
1913 4358 2060 4412 auri-

483 4442 601 4508 bus,
625 4446 848 4512 percipe,
870 4444 1109 4503 Domine.
1135 4446 1235 4513 Qui
1273 4458 1456 4515 portas
1483 4448 1664 4503 omnia
1693 4451 1857 4505 verbo
1891 4452 2061 4506 virtu-

2160 3348 2353 3402 τιῶται
2392 3348 2469 3420 τῷ
2492 3350 2648 3420 τάφῳ
2685 3348 3016 3421 παρέμενον,
3055 3350 3150 3403 καὶ
3191 3348 3406 3420 ἰδιώτης,
3436 3351 3466 3402 6
3509 3351 3737 3419 ταφείς

2161 3440 2499 3513 Στρατιᾶπαι
2529 3442 2759 3512 ἐτήρουν
2786 3440 2878 3495 τὸν
2914 3440 3112 3511 τάφον·
3150 3439 3399 3511 βασιλεὺς
3435 3440 3544 3512 γὰρ
3582 3444 3615 3495 6
3645 3459 3740 3495 τα-

2162 3534 2303 3602 φείς.
2333 3534 2544 3604 Ὥσπερ
2579 3532 2785 3587 ἰδιώτου
2812 3533 2982 3603 τάφον
3013 3532 3340 3606 στρατιῶται
3365 3533 3427 3586 οὐ
3455 3534 3734 3605 τηροῦσιν,

2159 3622 2332 3685 οὕτως
2364 3621 2652 3696 ἀνθρώπου
2673 3621 2830 3693 ψιλοῦ
2852 3623 3008 3693 τάφω
3029 3623 3247 3693 άγγελοι
3277 3624 3336 3676 οὐ
3379 3623 3737 3695 παρακάθην-

2160 3729 2270 3766 ται.
2334 3712 2418 3778 Τῷ
2449 3713 2598 3782 πρωῒ
2635 3714 2969 3783 εὶσακούσῃ
3016 3712 3125 3782 τῆς
3163 3712 3369 3783 φωνῆς
3410 3732 3551 3782 μου.
3616 3715 3736 3768 Ὅτι

2162 3803 2306 3875 πρωῒ
2334 3804 2572 3868 ἀναστὰς
2620 3805 2763 3875 ἐρεῖς
2800 3805 2918 3867 ταῖς
2965 3803 3262 3876 μακαρίαις
3290 3803 3568 3871 γυναιξίν·
3603 3805 3738 3857 Xal-

2153 3910 2310 3963 ρετε.
2351 3893 2540 3965 Ὑμεῖς
2569 3894 2811 3966 χαίρετε·
2854 3895 2889 3964 ἡ
2923 3893 3031 3966 γάρ
3062 3895 3357 3949 κουπωδὶα
3385 3896 3733 3967 τετάρακται.

2175 3985 2362 4056 Ὑμεῖς
2389 3985 2608 4059 χαίρετε
2631 4001 2647 4017 ο
2686 3988 2735 4040 oi
2778 3986 2888 4061 γὰρ
2928 3986 3019 4041 τὸν
3050 3986 3222 4056 τάφον
3253 3987 3599 4059 τηροῦντες,
3640 3989 3734 4060 τὴν

2161 4080 2397 4152 ένθήκην
2437 4082 2512 4153 μὴ
2550 4080 2765 4152 ἔχοντες
2802 4079 3177 4152 ὀλοφύρονται.
3229 4082 3392 4136 Ἐπεὶ·
3423 4077 3518 4136 οῦν
3555 4083 3654 4136 καλ¹
3680 4081 3735 4136 τὸ

2162 4175 2333 4241 πάθος
2360 4176 2563 4230 καὶτὸν
2593 4176 2762 4245 τάφον
2784 4176 2879 4228 καὶ
2901 4174 2999 4246 τὴν
3025 4175 3238 4246 πρωίαν
3264 4175 3368 4245 τῆςε
3387 4175 3732 4240 ἀναστάσεως

2162 4267 2408 4337 περιέχει
2456 4268 2486 4319 6
2547 4266 2728 4335 ’Υπὲρ
2773 4264 2882 4335 τῆς
2925 4268 3421 4336 κλτιρονομούσης
3456 4271 3728 4338 ψαλμοῖς·

2159 4358 2248 4412 διὰ
2262 4358 2419 4412 τοῦτο
2444 4360 2545 4424 Εἰς
2565 4358 2628 4412 τι)
2659 4356 2927 4423 τέλος.-·-
2961 4357 3035 4412 Τὰ
3046 4356 3283 4426 ῥήματά
3295 4376 3413 4428 μου
3437 4358 3728 4425 enituerat,

2161 4451 2360 4519 Κύριε.
2402 4449 2462 4504 '0
2486 4449 2668 4521 φέρων
2697 4448 2765 4502 τὰ
2791 4449 2967 4502 πάντα
2993 4447 3073 4519 τῷ
3098 4451 3302 4520 ῥήματι
3324 4449 3424 4519 τῆς
3453 4450 3730 4522 δυνάμεώς

486 4534 557 4589 tis
588 4546 692 4590 tua:
713 4535 778 4589 ³³.
797 4534 964 4590 Verba
999 4553 1115 4591 mea
1131 4540 1349 4592 auribus
1377 4541 1601 4611 percipe,
1633 4540 1871 4595 Domine.
1890 4541 2054 4610 Cujus

2165 4560 2280 4597 σου.
2310 4541 2648 4613 Τάρήματά
2668 4559 2788 4611 μου
2819 4540 3118 4607 ἐνώτισαι,
3150 4545 3348 4611 Κύριε.
3380 4536 3456 4597 Οὗ
3485 4544 3546 4597 τὸ
3582 4545 3730 4617 ῥῆμα

485 4625 714 4680 verbum
739 4626 990 4698 gladius:
1022 4627 1089 4681 Et
1121 4629 1355 4699 gladium
1379 4605 1641 4699 Spiritus,
1688 4632 1827 4701 quod
1846 4641 1921 4686 est
1947 4605 2054 4686 ver-

2165 4605 2444 4707 pdxatpav'
2476 4605 2604 4689 "Kal
2652 4605 2769 4703 chr
2812 4605 3114 4703 μάχαιραν
3148 4605 3252 4689 τοῦ
3293 4605 3674 4704 πνεύματάςῒ
3699 4634 3730 4689 6

483 4716 606 4772 bum
640 4717 734 4773 Dei
766 4719 832 4773 ".
870 4720 1023 4785 Vide,
1067 4721 1260 4787 frater,
1316 4738 1421 4793 qua
1475 4724 1685 4778 ratione
1718 4724 1870 4780 dicas
1903 4725 2015 4780 Deo
2037 4767 2053 4793 ,

492 4808 660 4865 Verba
714 4828 830 4867 mea
883 4814 1097 4867 auribus
1132 4816 1359 4884 percipe,
1422 4813 1662 4870 Domine.
1706 4816 1785 4870 Ac
1826 4816 2051 4872 deinde:

485 4904 727 4976 Intellige
755 4905 1038 4961 clamorem
1070 4923 1263 4960 meum.
1292 4907 1345 4961 3.
1390 4904 1614 4961 Intende
1662 4907 1771 4962 voci
1800 4908 2054 4963 orationis

483 5013 634 5053 mete.
660 4998 844 5054 Primo
867 4998 1013 5054 enim
1033 4999 1197 5054 verba
1225 5007 1317 5052 tua
1341 5009 1619 5054 scrutatur
1642 5000 1921 5068 Dominus,
1934 5016 2056 5071 quae

497 5089 553 5144 in
585 5092 896 5146 universum
939 5092 1199 5161 loqueris,
1236 5107 1364 5146 num
1406 5092 1738 5162 turpiloquii,
1774 5105 1867 5148 aut
1910 5093 2059 5150 blas-

485 5182 737 5252 phemia,
778 5192 871 5239 aut
896 5182 1119 5255 periurii
1176 5183 1340 5239 verba
1386 5184 1683 5250 sint;uum
1731 5185 2058 5241 maledicen-

488 5273 595 5338 tiaz,
650 5288 716 5329 ac
775 5276 1144 5343 detractionis,
1192 5286 1353 5347 atque
1397 5275 1679 5332 calumniae
1720 5293 1735 5343 ;
1788 5292 1915 5331 num
1950 5277 2060 5333 sint

487 5367 654 5419 verba
686 5365 1064 5434 demersionis,
1094 5381 1215 5438 qua
1242 5382 1340 5437 per
1391 5366 1710 5425 calumniam
1743 5366 2057 5439 demergere

556 5476 602 5549 ff
644 5475 808 5549 Marc.
872 5493 988 5543 xw,
1050 5477 1104 5536 8.
1212 5479 1261 5514 ³⁸
1294 5480 1455 5537 Prov.
1500 5495 1562 5549 1,
1606 5477 1789 5538 ιο-ιε.

487 5546 535 5579 ³⁸
561 5546 755 5616 Ephes.
797 5563 868 5613 γι,
905 5551 992 5605 i7.

485 5645 570 5723 τῇ.
594 5646 996 5723 περικεχυμένῃ
1036 5647 1357 5723 ,βλέμματος
1384 5653 1479 5707 καὶ
1512 5652 1821 5723 φθέγματος
1844 5649 2053 5723 ἡμέρου

486 5714 583 5769 καὶ
609 5714 929 5788 προσηνοῦς,
965 5714 1060 5774 καῖ
1081 5714 1214 5794 πρὸς
1256 5714 1352 5794 τὴν
1397 5714 1928 5796 κατακεκρυμμένῆν
1959 5714 2055 5777 καὶ

1893 5482 1938 5516 ²¹
1988 5482 2134 5542 Psal.
2187 5501 2371 5553 Lxxxt,
2404 5487 2458 5543 8.

2161 4729 2334 4782 ἐστιν
2356 4727 2523 4796 ῥῆμα
2568 4726 2736 4781 Θεοῦ.
2770 4725 2979 4791 Βλέπε,
3017 4727 3135 4791 πῶς
3162 4726 3372 4795 λέγεις,
3396 4727 3624 4797 άδελφὲ,
3657 4727 3731 4798 τῷ

2162 4820 2281 4893 Θεῷ
2302 4838 2315 4852 ·
2356 4821 2431 4874 Τὰ
2453 4819 2692 4890 ῥήματά
2713 4838 2835 4890 μου
2862 4819 3160 4884 ἐνώτισαι,
3191 4821 3389 4889 Κύριε.
3430 4822 3541 4875 Καὶ
3578 4817 3726 4876 εἶτα·

2163 4914 2349 4979 Σύνες
2361 4912 2436 4982 τῇ
2454 4911 2685 4983 κραυγῇ
2699 4913 3181 4983 μου.-Πρόσχες
3198 4911 3271 4981 τῇ
3295 4911 3460 4983 φωνῇ
3478 4912 3588 4983 τῆς
3603 4914 3729 4982 δεή-

2163 5002 2317 5070 σεώς
2357 5021 2497 5074 μου.
2536 5003 2759 5075 Πρῶτον
2796 5004 2906 5077 γὰρ
2955 5003 3027 5060 τά
3068 5005 3291 5077 ῥήματά
3333 5022 3426 5059 σου
3467 5008 3666 5078 ἐρευνᾷ
3702 5009 3728 5059 6

2164 5093 2389 5165 Κύριος,
2438 5092 2581 5164 ἀπερ
2614 5093 2788 5148 διόλου
2830 5094 3032 5161 λαλεῖς,
3066 5097 3114 5149 εί
3146 5097 3221 5168 μὴ
3264 5097 3667 5171 αἰσχρολογίας,
3694 5099 3723 5169 ἦ

2163 5186 2449 5258 ἐπιορκίας
2481 5188 2618 5242 εἰσὶν
2644 5187 2865 5259 ῥήματα
2884 5204 2898 5218 ⁸
2935 5190 2984 5242 εί
3017 5190 3093 5261 μὴ
3124 5189 3409 5262 λοιδορίας,
3451 5192 3547 5245 καὶ
3569 5209 3725 5246 κατα-

2164 5278 2371 5343 λαλιάς,
2410 5279 2503 5332 καὶ
2540 5282 2903 5351 συκοφαντίας
2935 5283 3072 5336 εἰσὶν
3115 5284 3354 5355 ῥήματα·
3389 5283 3439 5336 εί
3483 5285 3558 5355 μή
3600 5287 3732 5339 εἰσιν

2163 5372 2605 5444 καταποντισμοῦ
2650 5375 2888 5445 ῥήματα,
2933 5377 2998 5446 τῇ
3039 5374 3371 5448 συκοφαντίᾳ
3414 5377 3725 5451 καταποντίο

2573 5487 2617 5520 ⁸⁸
2652 5487 2842 5545 Matth.
2905 5503 3098 5557 xxvm,
3145 5488 3199 5545 9.
3314 5488 3358 5521 ³³
3398 5487 3562 5545 Hebr.
3611 5490 3720 5555 t,5.

2159 5649 2418 5721 δεομένην
2446 5649 2643 5721 μικρὸν
2672 5649 2861 5706 ἑαυτὸν
2903 5647 3206 5718 ὲπικλίνας,
3234 5654 3364 5718 etc.,
3393 5621 3723 5720 κατακεκυμο

2122 5766 2123 5773 η
2167 5723 2334 5793 μένην
2368 5724 2488 5792 quis
2517 5721 2750 5778 abnuet?
