3828 6306
442 324 548 381 127

1714 327 1769 380 S.
1812 321 2083 378 ASTERII
2122 322 2422 378 AMASENI

3585 325 3703 382 428

449 450 582 505 mini
629 448 795 502 nostri
846 446 970 502 .Iesu
1007 447 1236 512 Christi;
1264 447 1346 501 cui
1389 448 1558 518 gloria
1592 458 1648 502 et
1704 450 2006 518 imperium.

2121 448 2348 510 ἱπαντες
2399 447 2679 517 χαίροντες
2718 446 2810 499 καὶ
2861 446 3274 518 εὐφραινόμενοι
3300 464 3311 476 ⁸
3363 446 3546 517 χάριτι
3602 447 3706 500 καὶ

449 556 592 596 nunc
624 552 678 597 et
707 542 758 595 in
792 540 997 600 inﬁnita
1027 540 1223 596 saecula
1251 541 1595 596 saeculorum.
1625 541 1817 597 Amen.

1131 804 1313 860 XVIII.

450 895 519 951 In
564 897 798 951 eumdem
839 896 1076 965 quintum
1122 897 1405 962 psalmum,
1454 895 1561 948 alio
1599 896 1774 948 modo.
1826 893 2013 949 Oratio

1128 977 1337 1019 auarta.

1128 983 1337 1034 quarta.

518 1056 577 1112 2.
627 1053 795 1108 Verba
840 1072 953 1108 mea
1009 1057 1223 1108 auribus
1275 1055 1498 1123 percipe,
1533 1053 1773 1108 Domine.
1827 1052 2013 1120 Qualia

452 1149 644 1209 verba,
673 1146 983 1217 Propheta?
1023 1146 1162 1201 Deus
1198 1146 1341 1200 enim
1392 1147 1539 1201 novit
1567 1161 1650 1212 ea,
1681 1146 1842 1200 etiam
1865 1154 2018 1199 ante-

451 1250 614 1307 quam
649 1235 717 1290 de
770 1234 874 1289 illis
907 1235 1246 1302 cogitaveris.
1295 1234 1403 1289 Nos
1438 1249 1567 1303 ergo
1620 1236 1783 1300 doce,
1835 1234 2017 1303 qualia

451 1330 617 1382 verba
648 1329 755 1382 Deo
782 1328 847 1381 ad
894 1327 1249 1397 placatitmem
1304 1329 1609 1396 protuleris,
1653 1339 1711 1381 ttt
1754 1343 1850 1383 nos
1880 1342 2016 1395 quo-

450 1435 555 1489 que
592 1420 781 1475 iisdem
826 1429 1060 1472 utamur.
1118 1419 1308 1486 Qualia
1359 1420 1571 1473 verba?
1617 1421 1753 1475 Audi
1804 1435 1923 1489 quae
1962 1420 2016 1473 in

450 1514 725 1586 proposito
752 1512 958 1581 psalmo
985 1513 1270 1576 habentur,
1324 1528 1443 1582 quae
1493 1513 1601 1567 Deo
1648 1512 1861 1577 dicens,
1906 1522 2016 1565 tum

455 1609 719 1674 tueipsum
757 1608 1027 1665 moderor,
1057 1615 1169 1658 tum
1200 1604 1346 1659 illutn
1376 1604 1551 1671 ﬂecto,
1599 1615 1709 1658 tum
1742 1605 2017 1660 auditores

455 1703 739 1756 admoneo.
772 1701 891 1756 Dixi
933 1702 1104 1756 infra:
1140 1701 1191 1757 5.
1226 1701 1489 1767 Quoniam
1519 1716 1622 1755 non
1660 1699 1800 1754 Deus
1844 1699 2018 1753 volens

2119 536 2494 610 φιλανθρωπίᾳ
2517 539 2611 592 τοῦ
2640 540 2844 611 Κυρίου
2875 540 3030 609 ήμῶν
3072 538 3247 610 Ἰησοῦ
3278 538 3515 611 Χριστοῦ
3539 556 3553 570 ·
3578 532 3628 607 ᾧ
3658 541 3698 609 ἡ

2115 630 2242 696 δόξα
2274 632 2367 683 καὶ
2395 629 2457 682 τὸ
2490 630 2710 700 κράτος,
2745 628 2839 682 νῦν
2884 631 2979 682 κα)⁸
3010 632 3090 692 εἰς
3133 631 3259 693 τοὺς
3301 630 3703 701 ἀτελευτήτους

2115 721 2317 785 αἰῶνας
2344 720 2452 774 τῶν
2481 720 2711 775 αἰώνων.
2754 722 2946 792 Ἀμήν.

2851 815 2957 866 IH'.

2210 907 2313 970 Είς
2345 903 2450 957 τὸν
2474 903 2661 958 αὐτὸν
2692 902 2734 957 ε’
2766 905 3031 971 ψαλμὸν,
3056 902 3278 970 ἄλλως.
3307 905 3495 973 Λόγος
3528 900 3601 956 δ’.

2189 1062 2265 1116 B’.
2290 1060 2365 1116 Τὰ
2376 1059 2613 1129 ῥήματά
2626 1077 2746 1129 μου
2763 1059 3059 1119 ἐνώτισαι,
3081 1057 3277 1126 Κύριε.
3292 1056 3426 1109 Ποῖα
3446 1056 3514 1127 ρή
3523 1071 3700 1123 ματα,

2118 1153 2401 1225 προφῆτα;
2442 1151 2500 1204 '0
2531 1151 2627 1221 μὲν
2653 1149 2763 1220 γὰρ
2790 1148 2923 1213 Θεὸς
2944 1145 3084 1202 οἶδεν
3112 1147 3249 1201 αὐτὰ
3272 1148 3363 1202 καὶ
3395 1147 3525 1219 πρὶν
3549 1146 3701 1199 αὐτά

2118 1241 2449 1312 ὲνθυμηθῇς.
2495 1240 2676 1311 Ἦμᾶς
2713 1236 2805 1294 οὖν
2847 1239 3075 1305 δίδαξον,
3121 1243 3252 1295 ποῖα
3294 1241 3513 1311 ῥήματα
3554 1239 3702 1309 πρὸς

2118 1333 2429 1404 δυσώπησιν
2456 1332 2537 1403 τῷ
2566 1332 2686 1403 Θεῷ
2716 1333 3116 1404 προσήνεγκας,
3147 1331 3234 1385 ἵνα
3260 1332 3353 1384 καὶ
3388 1332 3546 1401 ἡμεῖς
3581 1333 3702 1393 τοῖς

2119 1426 2301 1489 αὐτοῖς
2348 1424 2701 1495 χρησώμεθα.
2753 1424 2886 1476 Ποῖα
2933 1424 3185 1494 ρήματα;
3237 1424 3503 1476 Ἀκουσον
3531 1421 3603 1474 τὰ
3636 1423 3700 1474 ἐν

2118 1517 2198 1588 τῷ
2225 1515 2574 1587 προκειμένῳ
2621 1516 2851 1587 ψαλμῷ,
2900 1518 3043 1587 άπερ
3079 1516 3251 1583 λέγων
3288 1515 3365 1584 τῷ
3404 1513 3553 1584 Θεῷ,
3600 1515 3702 1567 καὶ

2120 1608 2353 1679 ἐμαυτὸν
2393 1607 2739 1679 σωφρονίζω,
2783 1608 2876 1661 καὶ
2926 1607 3088 1661 αὐτὸν
3121 1606 3383 1667 δυσωπῶ,
3428 1606 3524 1658 καὶ
3566 1606 3699 1669 τοὺς

2121 1700 2416 1764 ἀκούοντας
2456 1699 2711 1753 νουθετῶ.
2750 1695 2918 1753 Εἶπον
2951 1697 3337 1761 ὑποκαταϐάςο
3384 1697 3511 1749 Ὅτι
3553 1696 3701 1765 οὐχὶ

451 1794 785 1865 iniquitatem
810 1803 867 1846 tu
898 1810 971 1847 es.
1005 1792 1257 1863 thuare
1286 1793 1365 1847 sic
1388 1791 1613 1847 dixisti?
1645 1791 1779 1858 Quia
1820 1791 2013 1859 iniqui-

2124 1792 2268 1859 Θεὸς
2291 1791 2484 1847 θέλων
2509 1792 2759 1861 ἀνομίαν
2791 1790 2873 1845 σὺ
2893 1787 2966 1848 εἴ.
2987 1790 3097 1865 καὶ
3124 1789 3210 1843 διὰ
3234 1791 3285 1842 τί
3304 1788 3476 1852 οὕτως
3498 1783 3697 1851 εἷπαςς

450 1894 608 1937 tatem
663 1884 783 1938 odio
825 1885 983 1938 habui
1024 1895 1073 1938 et
1117 1886 1444 1938 abominatus
1473 1884 1679 1939 sunt”.
1726 1883 1841 1938 Non
1874 1885 2015 1939 enim

451 1974 769 2044 simpliciter
821 1975 981 2030 verba
1041 1976 1435 2045 pronuntiavit,
1484 1986 1541 2031 ut
1594 1976 1867 2046 plerique;
1922 1975 2015 2031 sed

450 2069 601 2138 prius
622 2082 683 2123 ea
709 2084 769 2123 re
810 2068 923 2137 ipsa
950 2068 1228 2133 exhibuit;
1278 2068 1465 2138 sicque
1516 2068 1852 2124 conﬁdenter
1882 2069 2017 2122 dixit

449 2159 610 2215 Deo:
655 2158 823 2215 Verba
853 2176 967 2213 mea
1017 2160 1233 2214 auribus
1287 2161 1511 2229 percipe,
1571 2160 1807 2214 Domine.
1856 2160 2013 2213 Dixi:

450 2249 502 2304 6.
535 2249 657 2304 Non
684 2250 937 2304 habitabit
957 2249 1117 2318 juxta
1159 2263 1207 2304 te
1248 2252 1532 2322 malignus.
1576 2230 1724 2306 Cm"?
1748 2251 1884 2318 Quia
1916 2251 2014 2306 b0-

451 2354 553 2394 nus
586 2339 792 2395 visione
816 2339 1025 2394 Domini
1077 2341 1319 2408 apparui.
1365 2340 1489 2395 Ideo
1523 2350 1576 2394 et
1626 2341 1933 2395 declinante
1985 2357 2014 2395 a

451 2447 536 2488 me
565 2432 706 2487 malo
740 2447 845 2486 non
873 2431 1267 2502 cognoscebam
1294 2431 1359 2482 “.
1398 2431 1511 2485 Dixi
1540 2450 1553 2486 :
1587 2431 1711 2486 Non
1742 2434 2018 2500 permane-

450 2525 572 2578 bunt
603 2523 787 2593 injusti
840 2531 961 2579 ante
1002 2523 1179 2576 oculos
1212 2532 1350 2576 tuos.
1387 2523 1449 2577 Et
1483 2538 1644 2591 quam
1675 2522 1745 2577 ob
1776 2538 1885 2578 rem
1914 2524 2017 2580 hoc

449 2617 631 2673 dicere
661 2631 826 2671 ausus
856 2616 950 2671 es?
994 2616 1258 2681 Quoniam
1313 2616 1522 2685 iniquos
1574 2617 1696 2670 odio
1745 2617 1927 2683 habui,
1959 2626 2017 2671 at

449 2709 611 2779 legem
634 2719 779 2761 tuam
809 2706 969 2760 dilexi
997 2706 1063 2760 δ’.
1085 2706 1184 2773 Qui
1214 2716 1392 2759 autem
1426 2706 1621 2774 injuste
1642 2716 1861 2777 agentes
1878 2709 2014 2773 odit,

449 2816 719 2869 nunquam
762 2813 910 2853 .satte
956 2797 1332 2867 cooperabitur
1379 2796 1675 2865 injttstitiis.
1729 2798 1847 2861 Dixi
1891 2818 1904 2854 :
1958 2800 2011 2856 7.

451 2889 623 2948 Odisti
647 2906 821 2945 omnes
869 2891 957 2959 qui
998 2897 1277 2957 operantur
1303 2889 1645 2959 iniquitatem.
1682 2889 1818 2956 Quid
1851 2906 2017 2963 ergo,

449 2985 565 3053 ipse
598 2998 702 3037 non
728 2982 905 3050 inique
935 2980 1127 3051 egisti?
1172 2978 1278 3035 Sed
1301 2989 1418 3050 post
1445 2990 1716 3048 peractam
1762 2983 2017 3053 iniquita-

450 3083 555 3130 tem
590 3074 909 3144 deprecatus
960 3088 1077 3127 sum
1111 3091 1125 3126 ι
1159 3071 1396 3142 Amplius
1439 3071 1555 3129 lava
1590 3090 1673 3129 me
1723 3076 1790 3130 ab
1817 3076 2015 3147 iniqui-

2129 1885 2347 1955 Ἐπειδὴ
2396 1885 2652 1953 ἀνομίαν
2698 1885 2965 1952 ἐμίσησα
3004 1882 3103 1936 καί
3148 1881 3589 1950 ἐϐδελυξάμην.
3617 1881 3698 1933 Οὐ

2119 1976 2227 2047 γὰρ
2270 1976 2456 2040 ἁπλῶς
2488 1975 2557 2029 τὰ
2603 1977 2824 2047 ῥήματα
2869 1974 3075 2042 ἔλεγεν,
3117 1974 3189 2038 ὡς
3222 1977 3270 2029 oi
3303 1975 3520 2028 πολλοί’
3554 1974 3699 2029 ἀλλὰ

2120 2065 2334 2137 πρῶτον
2368 2066 2506 2119 αὐτὰ
2541 2064 2738 2129 ἔδειξεν
2774 2065 3093 2135 πράγματι·
3125 2065 3218 2117 καὶ
3257 2063 3430 2128 οὕτως
3466 2064 3696 2138 θαρρῶν

2118 2158 2272 2214 εἶπεν
2310 2160 2387 2231 τῷ
2417 2160 2565 2231 Θεῷ·
2602 2158 2681 2214 Τὰ
2718 2157 2959 2229 ῥήματά
2993 2175 3111 2226 μου
3155 2157 3455 2220 ἐνιὶιτισαι.
3489 2161 3693 2228 Κύριε.

2119 2248 2284 2304 Εἶπον
2303 2268 2317 2279 ·
2341 2253 2424 2305 Οὐ
2455 2248 2809 2319 παροικήσει
2834 2265 2933 2302 σοι
2958 2248 3455 2318 πονηρευόμενος.
3477 2248 3578 2302 Διὰ
3604 2249 3693 2316 τί;

2131 2342 2345 2414 Ἐπειδὴ
2377 2342 2577 2412 ἀγαθὸς
2602 2344 2669 2415 τῇ
2696 2342 2883 2412 ὁράσει
2913 2342 3121 2413 Κυρίου
3159 2341 3404 2412 πέφηνα’
3427 2340 3498 2394 δι’
3532 2340 3562 2394 δ
3597 2342 3697 2397 καὶ

2117 2435 2449 2499 ἐκκλίνοντος
2482 2436 2576 2489 ἀπ’
2615 2435 2747 2505 ὲμοῦ
2783 2432 2879 2487 τοῦ
2923 2433 3186 2505 πονηροῦ,
3229 2434 3328 2487 οὐκ
3366 2434 3689 2501 ἐγίνωσκον.

2118 2521 2282 2578 Εἶπον
2304 2541 2318 2557 ο
2338 2527 2419 2579 Οὐ
2447 2524 2835 2594 διαμενοῦσιν
2864 2523 3193 2593 παράνομοι
3225 2526 3537 2579 κατέναντι
3569 2523 3692 2579 τῶν

2117 2617 2439 2687 ὀφθαλμῶν
2463 2631 2597 2670 σου.
2629 2618 2740 2671 Καὶ
2768 2616 2856 2670 διὰ
2874 2616 2928 2669 τί
2959 2617 3114 2670 τοῦτο
3140 2619 3314 2670 εἰπεῖν
3337 2616 3689 2689 ὲθάῤῥησαςς

2130 2708 2348 2780 Ἐπειδὴ
2375 2710 2760 2777 παρανόμους
2782 2708 3066 2777 ἐμίσησα,
3102 2708 3210 2762 τὸν
3246 2708 3315 2762 δὲ
3348 2710 3535 2778 νόμον
3567 2724 3690 2763 σου

2115 2801 2423 2873 ἠγάπησα.
2462 2801 2521 2854 '0
2554 2802 2609 2855 δὲ
2646 2800 3097 2872 παρανομοῦντας
3151 2800 3323 2871 μισῶν
3350 2800 3449 2853 οὐκ
3479 2800 3546 2854 ἂν
3577 2817 3692 2854 πα-

2118 2894 2404 2967 ρανομίαις
2435 2893 2744 2966 συνεργήσῃ
2768 2893 2919 2947 ποτέ.
2952 2888 3152 2947 Εἶπον·
3190 2892 3520 2967 ῈμΙσησας
3534 2893 3666 2946 κάν

2115 3003 2222 3053 τας
2252 2984 2394 3053 τοὺς
2409 2983 2837 3055 ἐργαζομένους
2862 2984 2977 3053 τὴν
2995 2984 3270 3054 ἀνομίαν.
3294 2983 3359 3036 Τί
3380 2979 3493 3048 οὖν,
3521 2983 3692 3048 αὐτὸς

2114 3079 2213 3132 οὐκ
2237 3078 2548 3149 ήνόμήσας;
2578 3075 2738 3129 Ἀλλὰ
2764 3077 3042 3147 ἁνομήσας
3066 3075 3311 3147 ἐδεήθην
3344 3073 3694 3130 Ἐπιπλεῖον

447 3177 554 3222 tate
579 3183 693 3221 mea
714 3168 779 3221 δ’.
812 3166 928 3221 Dixi
959 3187 972 3221 :
1001 3165 1195 3220 Perdes
1221 3182 1396 3222 omnes
1434 3167 1523 3237 qui
1568 3167 1850 3238 loquuntur
1871 3186 2013 3225 men-

2121 3168 2357 3223 πλῦνόν
2383 3184 2460 3238 με
2494 3165 2615 3222 ἀπὸ
2662 3164 2771 3233 τῆς
2803 3166 3056 3236 ἀνομίας
3108 3182 3247 3235 μου.
3306 3161 3503 3219 Εἶπον·
3554 3165 3692 3219 Ἀπ-

447 3260 682 3314 dacium.
738 3257 1001 3314 Caeterum
1057 3260 1146 3328 qui
1187 3270 1410 3317 noverat
1444 3262 1621 3331 perire
1678 3263 2011 3328 mendacem,

448 3366 554 3407 non
605 3351 894 3406 maculavit
925 3352 1209 3406 mendacio
1242 3352 1474 3422 linguam
1524 3369 1697 3420 suam,
1736 3369 1834 3410 nec
1865 3372 2015 3409 uten-

447 3442 629 3497 tiendo
705 3441 833 3498 fecit
873 3456 991 3496 eam
1065 3443 1165 3498 iter
1216 3444 1549 3513 perditionis.
1586 3444 1775 3501 Dixit:
1834 3445 2016 3501 Virum

446 3534 760 3604 sanguinem
789 3544 839 3588 et
879 3534 1116 3589 dolosttm
1156 3535 1488 3590 abominatur
1527 3536 1799 3593 Dominus.
1840 3540 2017 3609 Atque

2118 3260 2281 3325 ολεῑς
2331 3258 2564 3324 πάντας
2609 3257 2750 3324 τοὺς
2778 3258 3119 3323 λαλοῦντας
3142 3257 3206 3310 τό
3234 3256 3481 3326 ψεῦδος.
3536 3257 3599 3310 Ὀ
3631 3256 3693 3310 δὲ

2116 3351 2291 3417 είδὼς,
2320 3351 2401 3405 ὄτι
2418 3349 2787 3420 ὁψευδόμενος
2812 3348 3129 3413 ἀπόλλυται,
3158 3349 3258 3402 οὐκ
3285 3349 3351 3403 ἂν
3378 3349 3478 3420 τήν
3505 3349 3692 3417 γλῶσ-

2119 3460 2215 3500 σαν
2262 3442 2426 3498 αὐτοῦ
2482 3441 2560 3513 τῷ
2596 3442 2783 3512 ψεύδει
2804 3440 3127 3504 ὲσπίλωσεν,
3168 3440 3289 3494 οὐδὲ
3315 3440 3381 3495 ἂν
3413 3441 3693 3505 ἀπωλείας

2115 3538 2232 3592 ὁδὸν
2260 3539 2464 3608 ταύτην
2480 3536 2733 3607 ἐποίησεν
2753 3535 3097 3606 ψευδόμενος.
3124 3532 3292 3589 Εἶπεν
3309 3550 3323 3564 ·
3353 3535 3580 3604 Ἄνδρα
3603 3539 3692 3592 αι-

448 3625 728 3689 dolosum,
794 3626 966 3680 virum
1026 3626 1345 3695 sanguinem
1408 3628 1710 3697 appellavit.
1777 3628 1891 3695 Qua
1949 3630 2013 3685 de

2121 3625 2316 3697 μάτων
2343 3626 2439 3681 καὶ
2479 3626 2687 3680 δόλιον
2717 3626 3133 3691 ,ϐδελύσσεται
3173 3627 3409 3696 Κύριος.
3442 3627 3554 3680 Ka‘t
3595 3626 3690 3681 τὸν

447 3718 647 3773 causa?
695 3716 960 3782 Quoniam
1009 3718 1225 3775 dolosas
1275 3729 1353 3776 tot
1397 3722 1673 3786 interﬁcit.
1729 3736 1859 3794 quot
1891 3726 2015 3781 dolo

447 3806 666 3876 decipit.
697 3805 833 3861 Nam
874 3807 1110 3876 dolosus,
1154 3809 1282 3864 dum
1332 3812 1476 3869 aliud
1521 3825 1742 3884 apparet
1769 3826 1826 3871 et
1870 3818 2014 3873 aliud

447 3897 682 3963 exsistit,
711 3899 969 3954 mentitur
1004 3914 1118 3956 ore.
1152 3902 1226 3956 0s
1248 3911 1422 3958 autem
1448 3907 1587 3975 quod
1618 3908 1893 3973 mentitur,
1921 3925 2010 3964 oc-

446 3992 572 4045 cidit
593 3992 824 4046 animattt
850 3991 916 4044 ".

440 4218 443 4221 _
518 4148 652 4218 Quia
676 4152 841 4220 igitur
867 4153 1166 4229 huiusmodi
1200 4156 1359 4213 verba
1392 4157 1727 4229 loquebatur.
1748 4177 1868 4233 qua:
1900 4163 2016 4219 ido-

447 4251 549 4292 nea
594 4251 752 4294 erant
780 4252 836 4296 et
875 4242 1048 4313 ipsum
1082 4242 1295 4299 edicere
1334 4243 1563 4314 justum,
1597 4258 1652 4302 et
1702 4246 1869 4304 Deum
1901 4251 2015 4319 pla-

446 4346 592 4398 care,
622 4344 678 4389 et
700 4338 979 4393 audientes
1010 4338 1247 4405 erudire,
1304 4349 1593 4411 eapropter
1632 4342 1800 4399 dixit:
1848 4343 2015 4401 Verba

2115 3718 2284 3772 δόλιον
2334 3716 2502 3789 ἄνδρα
2532 3715 2777 3787 αἱμάτων
2815 3714 3092 3769 ἐκάλεσεν.
3141 3715 3239 3769 Διὰ
3265 3716 3351 3780 τίς
3395 3716 3615 3788 Ἐπειδὴ
3659 3720 3691 3770 ὀ

2114 3809 2287 3873 δόλιος
2325 3808 2612 3872 τοσούτους
2644 3806 2881 3877 φονεύει,
2930 3807 3088 3870 ὅσους
3120 3806 3435 3860 δολιεύεται.
3482 3806 3539 3860 '0
3578 3806 3690 3878 γάρ

2114 3901 2307 3966 δόλιος,
2339 3899 2467 3955 ἄλλο
2492 3899 2813 3970 φαινόμενος
2861 3898 2956 3951 καὶ
2983 3896 3110 3950 ἄλλο
3132 3897 3432 3967 γινόμενος,
3461 3896 3539 3966 τῷ
3566 3897 3689 3951 πό-

2120 4010 2250 4064 ματι
2275 3991 2550 4063 ψεύδεται.
2580 3991 2776 4060 Στόμα
2794 3988 2864 4042 δὲ
2902 3986 3431 4057 καταψευδόμενον
3457 3987 3689 4058 ἀναιρεῖ

2114 4082 2348 4154 ψυχήνο

2199 4175 2351 4229 Ἐπεὶ
2385 4169 2479 4228 οὖν
2509 4170 2738 4227 τοιαῦτα
2763 4170 2941 4226 ἐλάλει
2981 4172 3221 4243 ῥήματα,
3252 4170 3396 4241 άπερ
3422 4165 3492 4239 ἦν
3525 4170 3689 4224 ἱκανὰ

2118 4267 2211 4320 καὶ
2244 4265 2408 4320 αὑτὸν
2445 4264 2758 4326 δικαιῶσαι,
2790 4261 2884 4316 καὶ
2912 4261 3043 4315 Θεὸν
3069 4262 3407 4332 δυσωπῆσαι,
3438 4261 3532 4314 καὶ⁸
3559 4262 3686 4323 τοὺς

2115 4355 2410 4420 ἀκούοντας
2444 4354 2750 4417 παιδεῦσαι,
2792 4353 2880 4406 διὰ
2921 4352 3078 4406 τοῦτο
3107 4348 3290 4405 εἶπεν·
3331 4353 3409 4406 Τὰ
3443 4351 3686 4421 ῥήματά

446 4441 564 4480 mea
605 4428 822 4484 auribus
874 4432 1098 4501 percipe,
1144 4431 1398 4501 Domine;
1454 4435 1683 4507 intelliqe
1730 4438 2013 4494 clamorem

2121 4464 2229 4517 μου
2258 4447 2554 4510 ἐνώτισαι,
2572 4446 2744 4513 Κύριε
2767 4460 2781 4472 ·
2807 4445 2993 4510 σύνες
3016 4443 3127 4512 τῆς
3156 4443 3421 4514 κραυγῆς
3446 4461 3589 4512 μου.
3621 4444 3685 4497 Τί

446 4533 638 4575 meum.
670 4518 810 4587 Quid
841 4522 1016 4586 enim,
1081 4525 1233 4580 turba
1283 4535 1337 4581 et
1388 4527 1647 4582 tumultus
1699 4542 1815 4584 erat
1866 4532 2010 4587 circa

450 4606 1053 4627 nos.--
1159 4617 1239 4627 .,
1362 4616 1374 4627 .
1574 4617 1663 4627 --.

2121 4541 2224 4611 γάρ
2259 4535 2387 4611 ἄρα,
2427 4539 2583 4610 δχλος
2614 4537 2707 4590 καὶ
2736 4535 2961 4606 θόρυϐος
2986 4532 3055 4606 ἦν
3099 4536 3226 4607 περὶ
3261 4535 3353 4588 τὸν
3385 4535 3552 4599 Θεὸν,
3591 4535 3685 4589 καὶ

450 4606 637 4675 Deum,
671 4622 725 4666 et
757 4612 983 4683 indiguit
1015 4612 1295 4686 Propheta:
1328 4616 1596 4674 clamore?
1618 4617 1753 4675 Nam
1786 4623 1878 4692 qui
1918 4625 2005 4680 hic

2121 4606 2346 4706 ἔχρῃζεν
2371 4606 2587 4700 τῆςτοῦ
2612 4630 2891 4700 προφήτου
2917 4627 3164 4701 κραυγῆς
3178 4606 3199 4692 ί;
3224 4627 3287 4680 Οἱ
3310 4626 3418 4696 γὰρ
3442 4621 3544 4680 ὦδε
3574 4630 3682 4691 τοῖς

446 4703 708 4758 accedunt
740 4705 807 4759 ad
835 4706 1112 4773 praesides,
1143 4709 1266 4777 quia
1303 4711 1482 4765 sciunt
1511 4712 1636 4769 hinc
1658 4713 1876 4784 quidem
1899 4718 2006 4772 cir-

446 4804 818 4865 cumstrepere
855 4810 951 4853 eos
988 4799 1078 4868 qui
1124 4800 1176 4854 iu
1210 4802 1401 4869 plateis
1435 4816 1577 4872 sunt,
1627 4806 1845 4865 aliunde
1881 4825 2008 4867 vero

446 4888 664 4943 lictores
694 4889 1030 4955 tumultuari,
1062 4901 1185 4945 ante
1219 4894 1453 4949 clamare
1499 4914 1794 4967 prtecones,
1835 4904 2007 4970 ipsum

444 4974 723 5042 praesidem
752 4977 969 5033 excelso
1010 4980 1131 5034 duci
1175 4982 1439 5045 vehiculo,
1480 5001 1543 5041 ac
1589 4990 1640 5043 in
1678 4991 1840 5046 mttlta
1871 4993 2010 5048 divi-

444 5080 557 5118 sam
598 5074 829 5120 mentem
887 5068 1113 5135 habere;
1149 5084 1204 5125 et
1248 5083 1467 5141 propter
1521 5078 1633 5133 hrec
1683 5082 1860 5135 omnia
1914 5084 2006 5153 qtti

443 5154 664 5224 supplex
701 5168 805 5220 est,
835 5160 1046 5228 cogitur
1064 5163 1215 5218 adire
1239 5178 1359 5220 cum
1400 5168 1652 5225 clamore.
1681 5174 1830 5238 Quod
1853 5177 1896 5229 si
1922 5177 2007 5229 ni-

447 5244 521 5298 hil
553 5247 657 5300 talc
694 5248 835 5303 circa
874 5248 1037 5331 Deum
1068 5264 1172 5316 est,
1214 5270 1318 5323 qua
1351 5257 1558 5312 ratione
1587 5260 1850 5329 Propheta
1888 5266 2001 5320 cla-

447 5352 598 5394 mans
641 5339 1026 5410 eloquebatur?
1079 5344 1271 5401 Verum
1325 5352 1415 5418 qui
1466 5352 1593 5407 alibi
1652 5355 1836 5409 dixit;
1887 5358 2008 5427 Ipse

442 5431 581 5484 enim
621 5431 762 5486 novit
810 5434 1114 5491 abscondita
1161 5440 1333 5494 cordis
1367 5442 1454 5510 “;
1502 5455 1591 5500 et:
1638 5446 2006 5518 Imperfectum

442 5537 613 5576 meum
641 5524 878 5579 viderunt
903 5526 1044 5580 oculi
1071 5531 1149 5583 tui
1170 5531 1243 5587 ηε
1272 5545 1498 5590 noverat
1521 5552 1622 5593 non
1651 5556 1809 5611 egere
1836 5543 2002 5599 Deum

2113 4724 2372 4795 ἄρχουσιν
2409 4723 2869 4792 προσερχόμενοι,
2910 4717 3100 4789 ἐπειδὴ
3142 4717 3377 4781 οἴδασιν,
3414 4718 3495 4771 ὅτι
3535 4716 3683 4771 ἔνθεν

2122 4817 2219 4887 μὲν
2256 4815 2306 4867 οἱ
2337 4816 2394 4866 ἐν
2422 4814 2542 4875 ταῖς
2591 4814 2815 4883 ἀγοραῖς
2851 4810 3221 4884 περιηχοῦσιν,
3250 4808 3515 4880 ἑτέρωθεν
3544 4810 3603 4863 δὲ
3635 4811 3682 4864 oi

2122 4904 2407 4979 ραὁδοῦχοι
2449 4902 2793 4974 θορυϐοῦσιν,
2832 4902 3138 4974 ἔμπροσθεν
3185 4904 3231 4956 οί
3271 4903 3510 4976 κήρυκες
3546 4895 3682 4974 κρά-

2116 4998 2319 5063 ξουσιν,
2345 4997 2507 5060 αὐτὸς
2526 4999 2555 5050 ὁ
2580 4995 2759 5068 ἄρχων
2793 4996 2884 5048 ἐπὶ
2910 4992 3113 5063 ὑψηλοῦ
3142 4995 3412 5066 ὀχήματος
3438 4996 3531 5047 καὶ
3556 4997 3679 5065 περὶ

2116 5088 2285 5143 πολλὰ
2315 5088 2426 5158 ἔχει
2456 5086 2554 5157 τὴν
2586 5086 2855 5139 διάνοιαν⁸
2888 5086 2980 5137 καὶ
3003 5085 3089 5138 διὰ
3116 5085 3287 5138 ταῦτα
3311 5086 3485 5139 πάντα
3515 5088 3545 5139 ὁ
3570 5087 3679 5139 ἱκέ-

2114 5200 2213 5254 της
2242 5180 2608 5249 ἀναγκάζεται
2633 5176 2770 5250 μετὰ
2794 5177 3042 5248 κραυγῆς
3076 5176 3346 5231 ποιεῖσθαι
3366 5176 3466 5247 τὴν
3511 5178 3679 5249 πρόσ-

2112 5276 2249 5329 οδον.
2288 5275 2351 5327 Εἰ
2376 5273 2432 5325 δὲ
2459 5270 2609 5324 οὐδὲν
2642 5267 2881 5322 τοιοῦτον
2907 5283 2973 5319 πε
2982 5267 3035 5336 ρὶ
3062 5265 3150 5318 τὸν
3162 5265 3312 5330 Θεὸν,
3343 5266 3459 5329 πῶς
3484 5268 3632 5336 αὐτῷ
3654 5270 3678 5320 ὁ

2113 5367 2397 5436 προφήτης
2421 5361 2636 5431 κράζων
2653 5359 2921 5427 διελέγετο
2942 5377 2956 5423 ;
2994 5358 3133 5412 Ἀλλ’
3155 5360 3184 5412 ὁ
3205 5359 3263 5411 ὲν
3280 5358 3459 5421 ἄλλοις
3480 5358 3649 5412 εἰπών
3664 5376 3678 5390 ·

2113 5444 2305 5525 Αὑὲὸς
2331 5459 2441 5528 γὰρ
2469 5455 2748 5526 γινώσκει
2782 5452 2851 5506 τὰ
2882 5453 3100 5520 κρύφια
3125 5451 3233 5519 τῆς
3263 5451 3510 5520 καρδίας
3529 5469 3544 5483 ·
3567 5453 3676 5515 καὶ,

2118 5552 2188 5606 Τὸ
2234 5548 2677 5619 ἀκατέργαστόν
2718 5562 2837 5615 μου
2881 5540 3044 5598 εἶδον
3080 5547 3134 5597 οἱ
3181 5545 3479 5613 ὀφθαλμοί
3526 5560 3640 5598 σου
3662 5562 3675 5575 ·

515 5659 724 5754 :AI’Isal.
753 5677 941 5729 cxvm,
1184 5672 1229 5704 “
1255 5670 1392 5730 Psal.
1424 5691 1474 5739 c,
1506 5678 1557 5733 4.
1637 5679 1677 5712 ⁸¹
1724 5681 1862 5738 Psal.
1896 5699 2013 5740 cm

2121 5687 2238 5742 “5.
2318 5688 2360 5719 δ’
2385 5684 2525 5739 Psal.
2565 5700 2617 5749 ι,
2647 5681 2699 5734 λί.
2746 5679 2932 5749 “Sep.
2970 5696 3007 5744 t,
3037 5678 3120 5734 ll.
3162 5678 3210 5716 “
3232 5677 3374 5733 I‘snl.
3404 5690 3561 5741 XLIII,
3588 5677 3672 5730 22.

442 5728 652 5787 “Psal.
692 5748 950 5802 cxxxvut,
992 5737 1073 5793 l6.
