3828 6314
414 286 519 346 435
1684 285 1741 339 S.
1795 283 2018 338 ASTER

2145 284 2405 340 .MASENI
3522 274 3526 276 Ὗ
3577 282 3693 337 ιδσ

412 413 610 464 stasne,
654 409 709 456 et
758 401 1043 471 viguerunt
1082 401 1523 472 gennﬂexiones;
1556 405 1835 460 desierunt
1870 414 2021 465 ινα-λ

2146 406 2317 476 ν(17).
2335 405 2671 459 Ἐπαύσαντο
2686 407 2742 458 al
2760 405 3111 467 ἀποστασίαι,
3129 406 3221 458 καὶ
3237 406 3496 476 ἤκμασαν
3516 405 3574 459 αί
3591 420 3696 473 γο-

412 492 627 562 gaias,
674 502 728 548 et
773 493 1091 562 psalmodite
1121 493 1440 550 ﬂoruerunt.
1473 494 1591 550 Non
1620 498 1867 553 ascendit
1901 498 1988 552 fu-

2145 497 2644 569 ικλισίαι·ἥργησαν
2661 497 3163 570 αἱτραγῳδίαι,καὶ
3195 496 3436 568 ἤνθησαν
3471 498 3527 550 αί
3546 495 3697 566 ψαλ-

414 598 534 641 mus
573 599 604 640 e
640 585 1026 641 sacriﬁciorum
1055 588 1285 653 ustione,
1326 589 1421 644 sed
1455 588 1761 644 orationum
1807 590 1993 645 incen-

414 691 555 731 sum.
588 674 863 746 Dirigatur
906 678 1075 730 oratio
1124 694 1237 731 mea
1286 681 1420 732 sicut
1472 680 1741 734 incensum
1781 680 1837 734 in
1869 696 1994 734 con—

412 777 591 838 spectu
624 778 713 822 tuo
730 768 796 822 ⁸¹.
831 766 945 822 Non
973 768 1081 822 vim
1109 769 1309 824 habent
1352 770 1619 840 pecudum
1662 771 1993 829 immolatio-

412 873 547 925 nes;
575 857 884 914 immolatus
912 858 1058 913 enim
1097 869 1183 914 est
1203 860 1386 930 Agnus
1414 860 1509 931 qui
1545 859 1684 915 tollit
1714 844 1994 930 peecatuh

415 952 600 1006 tnundi
617 952 684 1004 “.

489 1040 534 1095 0
565 1040 918 1096 miraculum!
948 1040 1196 1097 infernus
1225 1041 1508 1112 deglutivit
1532 1041 1994 1099 DominumChri-

418 1143 582 1195 stum,
617 1141 673 1187 et
701 1147 809 1188 non
842 1132 1114 1187 concoxit.
1145 1131 1254 1187 Leo
1283 1133 1568 1188 devoravit
1601 1147 1821 1203 agnum,
1855 1145 1909 1188 et
1943 1133 1996 1187 in

418 1225 700 1279 stomacho
729 1224 1012 1281 continere
1058 1239 1165 1279 non
1217 1225 1412 1295 potuit.
1441 1223 1586 1279 Mors
1614 1225 1889 1294 absorpsit
1914 1226 1997 1279 vi-

421 1325 556 1379 tam,
593 1325 648 1370 et
690 1330 959 1371 nauseans
991 1316 1197 1371 vomuit
1221 1316 1383 1371 etiam
1426 1331 1521 1373 eos
1549 1331 1690 1387 quos
1724 1318 1875 1385 prius
1904 1331 1998 1372 vo-

2094 589 2315 661 μῳδίαι.
2341 589 2455 644 Οὐκ
2487 589 2764 643 ἀναϐαίνει
2791 589 2997 652 καπνὸς
3028 590 3136 643 ἀπὸ
3168 589 3380 659 κνίσης,
3404 587 3543 642 ἀλλά
3576 588 3696 641 τῶν

2093 680 2419 753 προσευχῶν
2451 681 2514 735 τὸ
2551 681 2821 753 θυμίαμα.
2838 679 3300 747 Κατευθυνθήτω
3315 682 3352 749 ἠ
3370 678 3692 751 προσευχή

2089 791 2211 843 μου
2229 774 2311 840 ὡς
2327 775 2586 844 θυμίαμα
2601 773 2857 828 ἐνώπιόν
2870 790 3007 828 σου.
3022 773 3137 828 Οὐκ
3149 772 3459 846 ἐνεργοῦσιν
3473 772 3692 841 ἀλόγων

2095 863 2321 933 σφαγαίε
2350 864 2565 936 ἐσφάγη
2582 864 2691 936 γάρ
2711 867 2741 919 6
2761 862 2931 934 ἀμνὸς
2952 865 2981 916 6
2996 862 3165 934 αίρων
3177 864 3277 936 τὴν
3295 864 3571 935 ἁμαρτίαν
3590 861 3692 916 τοῦ

2096 953 2322 1024 κόσμου.

2171 1044 2236 1096 Ὢ
2267 1044 2362 1097 τοῦ
2388 1042 2692 1116 θαύματοςί
2738 1043 2799 1098 '0
2820 1042 2953 1116 ᾅδης
2983 1043 3243 1098 κατέπιεν
3288 1043 3378 1096 τὸν
3409 1044 3696 1116 Δεσπότην

2097 1136 2351 1208 Χριστὸν,
2400 1137 2493 1190 καὶ
2537 1137 2639 1190 οὐκ
2693 1135 2913 1206 ἔπεψεν.
2977 1136 3035 1189 '0
3080 1135 3216 1189 λέων
3280 1136 3536 1189 κατέπιεν
3595 1137 3695 1191 τὸν

2098 1226 2267 1297 ἀμνὸν
2294 1226 2428 1297 (18),
2468 1226 2561 1280 καὶ
2584 1226 3032 1298 ἀπεστομαχισθη
3057 1226 3189 1297 (19).
3218 1226 3277 1280 '0
3303 1225 3529 1289 θάνατος
3556 1243 3696 1281 κατ·

2103 1316 2258 1370 έπιεν
2288 1317 2387 1388 τὴν
2421 1315 2589 1386 ζωὴν,
2651 1317 2748 1369 καὶ
2804 1314 3099 1377 ναυτιάσας
3160 1312 3360 1385 ἐμεσεν
3419 1314 3515 1366 καὶ
3561 1316 3696 1378 τοὺς

417 1418 658 1466 raverat.
705 1406 874 1479 Gigas
925 1408 1249 1464 morientem
1296 1408 1574 1465 Christum
1623 1418 1843 1479 portare
1895 1424 1998 1463 non

2145 1408 2631 1478 τροκαταποθέντας
2682 1398 2815 1479 (ΞΟ).
2881 1408 2939 1460 '0
2989 1407 3152 1476 γίγας
3208 1406 3301 1459 τὸν
3350 1405 3488 1459 ἀποθ
3500 1405 3696 1460 ανόντα

420 1498 623 1565 valuit;
651 1509 917 1565 mortuus,
961 1499 1323 1556 formidabilis
1370 1499 1582 1556 exstitit
1616 1499 1840 1568 giganti,
1879 1514 1999 1553 cum

2145 1503 2333 1573 ,ριστὸν
2387 1502 2653 1572 βαστάσαι
2701 1501 2801 1555 οὐκ
2866 1500 3106 1571 ἴσχυσεν·
3139 1500 3169 1552 6
3216 1499 3407 1571 νεκρὸς
3458 1498 3694 1571 φοϐερὸς

420 1586 637 1642 vivente
670 1586 906 1642 luctatus
933 1597 1038 1652 est,
1067 1596 1122 1642 et
1148 1602 1179 1642 a
1209 1596 1423 1642 mortuo
1467 1587 1644 1643 victus
1675 1587 1894 1643 cecidit.
1932 1587 1999 1643 Si

2145 1593 2188 1665 ᾦ
2231 1594 2447 1663 γίγαντι
2480 1593 2723 1662 γέγονεν’
2778 1591 2940 1657 ζῶντι
2975 1590 3295 1653 ἐπάλαισεν,
3344 1593 3439 1643 καὶ
3469 1588 3579 1642 ὑπὸ
3612 1606 3696 1641 νε-

423 1692 453 1732 a
482 1677 700 1732 vivente
721 1676 894 1732 victus
927 1687 1073 1732 esset
1097 1676 1368 1743 diabolus,
1404 1676 1686 1733 habuisset
1734 1687 2000 1746 praetexe-

2145 1686 2237 1758 ροῦ
2267 1685 2512 1756 νικηθεὶς
2537 1684 2752 1740 ἔπεσεν.
2806 1685 2869 1738 El
2906 1684 3011 1738 ὑπὸ
3044 1682 3245 1748 ζῶντος
3271 1682 3494 1754 ἐνικήθη
3526 1684 3557 1736 6
3576 1682 3696 1736 διά-

422 1780 484 1823 re
514 1766 687 1824 :Cum
719 1768 828 1823 Deo
849 1767 1043 1823 luctari
1081 1783 1189 1824 nou
1213 1768 1355 1824 valui
1390 1786 1406 1836 ;
1437 1780 1493 1825 at
1518 1784 1641 1825 eum
1673 1771 1890 1826 vivente
1924 1770 2002 1824 lu-

2145 1757 2282 1843 ολος,
2331 1774 2477 1849 εἶχεν
2526 1776 2985 1849 προφασίζεσθαι,
3014 1776 3098 1829 ὅτι
3146 1773 3266 1846 Θεῷ
3297 1773 3548 1828 παλαίειν
3591 1773 3697 1826 οὐκ

423 1865 605 1912 ctatus
627 1867 731 1924 est,
766 1867 822 1913 et
849 1857 1102 1916 morienti
1129 1860 1442 1927 succubuit,
1470 1874 1795 1932 omnemque
1823 1861 2005 1917 amisit

2145 1888 2324 1942 rxuaa'
2360 1869 2497 1925 ἀλλά
2532 1869 2694 1935 ζῶντι
2737 1869 3054 1935 ἐπάλαισεν,
3081 1868 3174 1921 καὶ
3211 1866 3532 1922 ἀποθανόντι
3591 1866 3696 1919 ὑπ-

426 1948 851 2031 excusatiouem.
902 1950 1080 2009 Unum
1136 1967 1366 2023 granum
1419 1954 1743 2008 semiustum
1784 1952 1907 2018 iuit,
1943 1969 2004 2008 ac

2145 1981 2329 2029 πεσεν,
2370 1964 2465 2017 καὶ
2494 1963 2674 2016 πᾶσαν
2706 1962 2981 2033 πρόφασιν
3022 1960 3321 2016 ἀπώλεσεν.
3361 1954 3455 2024 Εἷς
3493 1958 3695 2023 κόκκος

429 2051 578 2098 totus
614 2040 848 2100 mundus
876 2044 1113 2100 nutritus
1135 2054 1238 2101 est.
1274 2045 1559 2115 Tanquam
1605 2045 1768 2101 homo
1791 2045 2006 2118 jugula-

2145 2054 2343 2126 σπάρη,
2374 2054 2470 2107 καὶ
2528 2053 2648 2116 ὅλος
2692 2053 2722 2106 ὁ
2763 2052 2967 2123 κόσμος
3006 2052 3238 2124 ἐτράφη.
3285 2050 3374 2114 Ὧς
3406 2048 3698 2120 ἄνθρωπος

429 2143 516 2189 tus
558 2144 662 2201 est,
704 2142 866 2204 atque
909 2135 1059 2191 velut
1105 2136 1246 2192 Deus
1289 2137 1458 2191 vitam
1510 2137 1736 2208 recepit,
1772 2154 1871 2195 nec
1901 2155 2006 2194 non

2145 2147 2343 2218 σφάγη,
2371 2146 2464 2199 καὶ
2512 2146 2588 2210 ὡς
2622 2143 2755 2208 Θεὸς
2792 2143 3154 2215 ἐζωοποιήθη,
3209 2143 3304 2198 καὶ
3326 2142 3697 2214 ἐζωοποίησεν

432 2225 593 2281 vitam
633 2226 779 2282 dedit
817 2226 933 2282 orbi
980 2235 1273 2282 terrarum.
1304 2227 1463 2284 Velut
1497 2240 1741 2285 ostreum
1789 2231 2009 2286 concul-

2145 2238 2205 2312 ὴν
2238 2237 2589 2309 οἰκουμένην.
2629 2237 2719 2301 Ὠς
2764 2236 2988 2307 ὄστρεον
3017 2235 3289 2308 ἐπατήθη,
3327 2234 3422 2288 καὶ
3443 2232 3520 2297 ὡς
3546 2250 3695 2304 μαρ-

434 2331 615 2375 catum
644 2327 750 2386 est,
787 2329 843 2375 et
870 2318 1021 2375 velut
1048 2321 1343 2391 margarita
1379 2321 1664 2376 exornavit
1686 2320 2006 2377 Ecclesium.

2146 2330 2341 2402 αρίτης
2375 2330 2684 2401 ἐκόσμησεν
2735 2328 2834 2400 τὴν
2881 2327 3226 2399 Ἐκκλησίαν.
3290 2327 3377 2390 Ὦς
3424 2325 3697 2398 πρόϐατον

432 2407 586 2471 Sicut
631 2412 748 2467 ovis
796 2418 1064 2467 mactatus
1111 2421 1219 2478 est,
1259 2420 1316 2468 et
1370 2413 1514 2468 sicut
1562 2423 1747 2482 pastor
1795 2412 2007 2478 baculo,

2145 2422 2297 2495 θύθη,
2325 2422 2422 2476 καὶ
2451 2422 2528 2487 ὡς
2561 2420 2764 2493 ποιμὴν
2795 2420 2979 2492 ῥάϐδῳ
3003 2419 3082 2491 τῷ
3110 2416 3329 2489 σταυρῷ
3354 2415 3575 2480 ἐδίωξεν
3595 2416 3697 2485 τὴν

432 2517 614 2568 cruce,
640 2501 846 2571 expulit
877 2502 1180 2559 daemonum
1210 2519 1453 2574 gregem.
1485 2501 1558 2558 Ut
1583 2504 1804 2559 lucerna
1843 2520 2009 2575 super

2145 2515 2220 2569 ὧν
2269 2514 2540 2586 δαιμόνων
2571 2513 2794 2585 ἀγέλην.
2836 2513 2926 2577 Ὠς
2978 2511 3170 2583 λύχνος
3201 2511 3295 2565 ἐπὶ
3332 2509 3552 2580 λυχνίαν
3616 2507 3697 2578 τῷ

433 2594 815 2655 candelabrum
858 2609 1023 2651 cruce
1081 2596 1387 2651 exstinctus
1444 2606 1547 2658 est,
1604 2606 1769 2665 atque
1822 2606 1878 2650 ut
1932 2597 2010 2652 sol

2145 2607 2337 2679 πταυρῷ
2365 2606 2621 2678 ἐσϐέσθη,
2653 2607 2750 2660 καὶ
2772 2605 2848 2670 ὡς
2890 2605 3041 2675 ἣλιος
3079 2602 3350 2658 ἀνέτειλεν
3383 2603 3447 2656 ἐκ
3475 2600 3569 2654 τοῦ
3599 2601 3698 2653 τά-

436 2700 655 2750 exortus
713 2697 797 2743 est
842 2701 875 2741 e
928 2685 1199 2757 sepulcro.
1229 2685 1426 2742 Videre
1482 2697 1601 2769 erat
1644 2688 2010 2758 spectaculum

2145 2720 2233 2756 ιου.
2264 2696 2372 2754 Ἧν
2398 2700 2527 2755 ἰδεῖν
2540 2699 2721 2771 θέαμα
2735 2698 2978 2752 διπλοῦν·
3009 2694 3408 2768 σταυρουμένου
3430 2692 3694 2765 Χριστοῦ,

437 2780 627 2850 .luplex
655 2798 672 2836 :
696 2780 916 2837 Christo
947 2780 1230 2846 cruciﬁxo,
1268 2780 1381 2836 dies
1422 2780 1661 2837 tenebris
1706 2781 2013 2839 abduceba-

2168 2790 2353 2863 ἡμέρα
2383 2789 2712 2855 ἐσκοτίζετο,
2737 2788 2832 2843 καὶ
2850 2786 3212 2858 ἀνισταμένου
3244 2784 3428 2848 αὐτοῦ,
3453 2785 3486 2855 ἡ
3508 2782 3699 2847 νὺξὼς

437 2886 556 2941 tur;
581 2887 758 2943 eoque
781 2880 1120 2943 resurgente,
1158 2886 1266 2928 nox
1294 2871 1702 2928 illuminabatur
1726 2873 1777 2928 in
1806 2887 2011 2929 morem

2152 2881 2290 2952 μέρα
2318 2877 2630 2950 ἐφωτίζετο.
2649 2880 2748 2932 Διὰ
2770 2878 2822 2931 τί
2862 2880 2895 2950 ή
2944 2877 3128 2949 ἡμέρα
3152 2874 3490 2939 ἐσκοτίζετο;
3507 2872 3699 2925 Ἐπει-

438 2963 565 3023 diei.
623 2962 806 3031 Quare
852 2962 971 3019 dics
1020 2963 1390 3019 ohducebatur
1445 2964 1727 3021 tenebris?
1778 2963 1913 3032 Quia
1948 2965 2014 3020 de

2145 2973 2173 3042 ὴ
2199 2972 2327 3043 περὶ
2356 2971 2521 3024 αὐτοῦ
2563 2969 2891 3041 γέγραπται⁸
2926 2971 3134 3025 Ἔθετο
3164 2970 3387 3034 σκότος
3421 2968 3692 3035 ἀποκρυο

439 3051 529 3114 Illo
553 3056 816 3126 scripturn
838 3065 922 3111 est
946 3073 961 3110 :
985 3052 1171 3110 Posuit
1199 3057 1437 3111 tenebras
1465 3056 1743 3111 latibulum
1762 3073 1914 3123 suum
1935 3055 2006 3113 ⁸³.

2145 3060 2240 3131 ›ὴν
2261 3059 2468 3115 αὑτοῦ.
2502 3056 2601 3115 Διά
2616 3061 2668 3115 τί
2693 3062 2752 3114 δέ
2788 3060 2885 3126 νὺξ
2908 3061 2984 3125 ὡς
3013 3061 3197 3133 ἡμέρα
3225 3059 3550 3129 ἐφωτίζετο;
3574 3059 3700 3113 Ὀτι

439 3145 549 3203 Cur
575 3158 756 3203 autem
787 3163 892 3203 nox
926 3148 1101 3203 instar
1151 3149 1256 3204 diei
1300 3149 1709 3205 illustrabatur?
1747 3148 2011 3216 Quoniam

439 3240 488 3297 ei
514 3238 650 3296 dixit
676 3238 944 3311 Propheta
975 3257 988 3293 :
1018 3240 1159 3307 Quia
1189 3241 1417 3296 tenebrae
1454 3257 1560 3295 non
1601 3241 2017 3296 obscurabuntur

441 3348 471 3386 a
495 3340 568 3396 te,
614 3341 662 3386 et
721 3347 826 3386 nox
878 3333 1012 3387 sicut
1072 3333 1184 3387 dies
1216 3334 1608 3387 illuminabilur
1628 3332 1694 3386 “.
1725 3331 1770 3389 Ο
1801 3348 1901 3386 uox
1932 3333 2019 3387 die

441 3425 668 3505 clarior!
711 3438 744 3481 ο
775 3441 882 3481 nox
913 3426 1028 3483 sole
1072 3427 1436 3497 splendidior!
1475 3441 1509 3481 ο
1539 3440 1645 3482 nox
1677 3425 1800 3479 nive
1831 3425 2018 3479 candi-

441 3519 598 3583 diorl
644 3534 677 3576 o
699 3534 807 3575 nox
842 3517 1054 3576 facibus
1087 3519 1342 3576 lucidior!
1381 3534 1414 3574 ο
1448 3535 1554 3573 nox
1585 3518 1836 3587 paradiso
1872 3517 2019 3573 dele-

442 3610 730 3668 stabilior!
762 3626 796 3666 ο
829 3627 938 3669 nox
967 3627 996 3665 a
1026 3612 1268 3668 tenebris
1290 3612 1493 3671 libera!
1532 3626 1564 3666 ο
1589 3625 1701 3667 nox
1729 3625 1851 3680 quae
1877 3626 2021 3664 som-

445 3718 574 3758 num
610 3702 805 3774 pellisl
836 3718 870 3760 ο
896 3720 1002 3762 nox
1030 3719 1150 3775 quae
1183 3704 1408 3774 vigilare
1434 3719 1555 3758 cum
1586 3702 1794 3774 angelis
1817 3701 2015 3757 doces!

446 3809 482 3850 o
517 3810 619 3854 nox
654 3795 914 3852 terribilis
960 3795 1323 3852 daemonibus!
1363 3812 1396 3852 ο
1424 3811 1531 3850 nox
1559 3793 1884 3850 desiderium
1927 3807 2023 3845 an-

449 3888 533 3942 ni!
572 3903 606 3943 ο
631 3904 739 3943 nox
767 3889 1003 3958 pronuba
1030 3888 1314 3944 Ecclesiae!
1346 3903 1379 3944 ο
1405 3904 1507 3944 nox
1536 3902 1725 3943 recens
1757 3886 2024 3955 baptismo

453 3980 879 4036 illuminatorum
919 3982 1121 4037 mater!
1148 3996 1182 4036 ο
1212 3997 1319 4037 nox
1352 3982 1403 4035 in
1439 3996 1545 4052 qua
1577 3978 1879 4035 dormitans
1907 3977 2027 4032 dia-

453 4071 609 4127 bolus
632 4071 864 4129 nudatus
893 4072 1016 4127 est!
1044 4087 1078 4127 o
1102 4087 1208 4128 nox
1246 4073 1297 4126 in
1330 4087 1436 4142 qua
1492 4071 1668 4125 hatres
1707 4069 1762 4124 in
1798 4068 2029 4124 haeredi-

454 4173 618 4219 tatem
676 4163 978 4220 iutroduxit
1023 4165 1317 4227 hatredem,
1375 4164 1442 4219 In
1493 4164 1653 4233 ﬁnem
1689 4178 1787 4233 pro
1823 4178 1885 4218 ea
1912 4177 2029 4232 qua:

455 4255 804 4311 hwreditatem
828 4258 1179 4324 consequitur.

1312 4308 1349 4328 α

2122 3153 2271 3224 αὐτῷ
2303 3156 2331 3207 6
2360 3155 2647 3226 προφήτης
2681 3153 2883 3223 ἔλεγεν·
2938 3154 3067 3207 Ὅτι
3110 3154 3332 3219 σκότος
3382 3154 3455 3206 οὐ
3501 3167 3704 3206 non.

2121 3245 2415 3310 σθήσεται
2459 3245 2578 3300 ἀπὸ
2606 3245 2752 3310 σοῦ,
2780 3245 2877 3299 καί
2908 3244 3023 3310 νὺξ
3053 3248 3132 3311 ὡς
3168 3242 3356 3312 ἡμέρα
3406 3242 3707 3313 59wth-

2123 3354 2311 3394 σεται.
2362 3335 2433 3392 Ὦ
2484 3339 2581 3403 νὺξ
2634 3339 2847 3411 ἡμέρας
2904 3337 3289 3409 λαμπροτέραί
3343 3329 3389 3388 ὦ
3424 3334 3521 3401 νὺξ
3551 3333 3705 3405 ἡλίου

2122 3431 2507 3504 λαμπροτέραῐ
2547 3426 2593 3486 ὦ
2619 3432 2716 3497 νὺξ
2736 3431 2911 3504 χιόνος
2928 3431 3249 3501 λευκοτέραί
3284 3423 3329 3483 ὦ
3364 3428 3460 3495 νὺξ
3486 3426 3707 3498 λαμπά-

2123 3525 2228 3579 δων
2263 3525 2650 3597 διαυγεστέραί
2676 3519 2722 3577 ὦ
2749 3525 2845 3592 νὺξ
2887 3523 3216 3593 παραδείσου
3252 3520 3620 3593 τερπνοτέραί
3660 3513 3707 3572 ὦ

2125 3618 2223 3683 νὺξ
2254 3618 2476 3683 σκότους
2519 3618 2941 3691 ἀπηλλαγμένηί
2981 3611 3027 3671 ὦ
3067 3617 3162 3683 νὺξ
3192 3617 3226 3686 ἡ
3262 3615 3350 3669 τὸν
3409 3614 3576 3667 ὕπνον
3629 3613 3709 3665 διο

2128 3708 2378 3764 ώκουσαί
2409 3709 2455 3764 ὦ
2482 3709 2578 3776 νὺξ
2618 3711 2651 3782 ἡ
2673 3712 2972 3782 ἀγρυπνεῖν
2992 3707 3128 3781 μετά
3154 3707 3398 3777 ἀγγέλων
3425 3706 3710 3759 διδάσκου-

2131 3802 2232 3854 σαι
2262 3794 2306 3854 ὧ
2333 3799 2429 3867 νὺξ
2487 3800 2697 3872 φοϐερὰ
2743 3803 2856 3863 τοῖς
2891 3797 3168 3870 δαίμοσινί
3211 3789 3256 3851 ὦ
3306 3793 3404 3859 νὺξ
3458 3791 3708 3846 ἐνιαυτοῦ

2134 3893 2429 3964 ἐπιθυμίαι
2481 3888 2527 3948 ὧ
2572 3893 2667 3959 νὺξ
2716 3891 3081 3964 νυμφαγωγὸς
3126 3890 3223 3960 τῆς
3271 3886 3635 3958 Ἐκκλησίαςε
3665 3878 3710 3938 ὦ

2138 3983 2236 4049 νὺξ
2262 3986 2295 4056 ἡ
2325 3984 2435 4039 τῶν
2463 3984 2835 4053 νεοφωτίστων
2873 3982 3086 4055 μήτηρί
3123 3974 3278 4046 ὧνὺξ
3307 3980 3365 4031 ἐν
3389 3972 3710 4053 ᾗνυστάξας

2135 4078 2165 4130 6
2202 4076 2445 4141 διάϐολος
2482 4077 2859 4149 γεγύμνωταιῐ
2891 4070 2936 4129 ὦ
2958 4073 3055 4141 νὺξ
3085 4077 3141 4127 ἐν
3163 4068 3205 4147 ᾖ
3225 4074 3253 4126 6
3275 4071 3613 4143 κληρονόμος
3635 4073 3711 4133 είς

2138 4170 2240 4240 τὴν
2270 4169 2638 4241 κληρονομίαν
2667 4169 2765 4241 τὴν
2801 4168 3133 4240 κληρονόμον
3165 4164 3483 4237 είσήγαγενί
3518 4165 3624 4228 Εὶς
3650 4162 3713 4216 τὸ

2141 4259 2314 4327 τέλος
2341 4260 2493 4330 ὑπὲρ
2518 4259 2626 4329 τῆς
2655 4259 3164 4330 κληρονομούσης.
3326 4277 3330 4281 ‘

526 4444 728 4501 "Psal.
761 4458 881 4509 CXL,
921 4445 976 4507 2.
1040 4446 1084 4477 "
1109 4445 1261 4509 Joan.
1302 4462 1339 4509 t.
1379 4445 1469 4500 29.
1546 4445 1590 4476 “
1616 4444 1754 4499 Psal.
1789 4458 1920 4510 xvu,
1954 4443 2040 4498 12.
2120 4443 2166 4475 ⁸⁸
2194 4443 2332 4500 Psal.
2360 4459 2625 4508 cxxxvnt,
2658 4443 2743 4498 12.

457 4606 646 4662 dendo.
674 4612 840 4659 totum
866 4603 1037 4674 ipsum
1063 4620 1222 4659 unum
1246 4602 1530 4674 quidem,
1562 4620 1741 4674 nempe
1773 4603 2030 4665 animam,
2063 4607 2112 4665 ι)
2137 4605 2352 4674 quando
2399 4605 2600 4659 nemini
2630 4619 2734 4674 non
2781 4602 2961 4674 statim
3018 4611 3308 4674 occurrere
3357 4597 3552 4674 debeat
3594 4608 3716 4674 vera

458 4675 551 4728 levi
581 4684 786 4728 tantum
807 4673 1015 4743 pulvere
1040 4690 1326 4741 aspersam.
1376 4672 1505 4727 Mihi
1536 4673 1806 4728 arridebat
1833 4674 2036 4742 ἐπαγό-

460 4761 643 4815 μενον,
671 4758 794 4799 cum
827 4745 928 4798 hac
967 4745 1236 4815 versione.
1268 4744 1458 4812 quique
1502 4744 1632 4797 nihil
1659 4754 1750 4797 aut
1786 4743 2035 4813 exiguum

460 4814 582 4885 quid
609 4814 963 4885 puloeris_seu
988 4814 1225 4885 corporis
1262 4828 1436 4867 secum
1460 4816 1705 4867 traheret.

531 4886 643 4957 (l7)
672 4882 980 4957 Πατοῦσιν
1009 4881 1116 4939 τὸν
1152 4881 1431 4957 θάνατον.
1461 4884 1750 4957 Sententia
1779 4882 1847 4938 56
1867 4882 2039 4957 Hype-

462 4954 661 5015 rechii.
709 4956 760 5008 ni
800 4954 975 5025 fallor,
1008 4964 1161 5025 erat,
1220 4954 1423 5025 κόσμον
1450 4955 1478 5007 6
1507 4956 1755 5025 πατήσας
1807 4954 2039 5024 μοναχὸς

463 5026 683 5097 Χριστῷ
745 5024 1029 5097 συᾼνόμιλος
1067 5024 1560 5097 γίνεταιίκόσμου
1608 5024 1692 5097 δέᾼ
1717 5026 2037 5097 πράγμασιν

462 5079 933 5168 ἐμπεπλεγμένος*
951 5079 1180 5165 μόναχδς
1219 5096 1319 5153 οὐκ
1368 5079 1609 5168 ἀρέσκει
1625 5094 1703 5165 τῷ
1757 5079 2037 5168 στρατολο-

463 5164 693 5239 γήσαντι
722 5164 965 5239 Χριστῷ,
1012 5164 1322 5239 quanquam
1350 5164 1551 5239 editum
1587 5164 1686 5239 fuit
1732 5182 1759 5218 a
1791 5164 2039 5239 doctissi-

465 5235 556 5292 tuo
598 5235 923 5306 Combetisio
952 5236 1003 5289 in
1035 5235 1294 5291 ’Auctario
1326 5235 1546 5299 ultimo,
1591 5237 1796 5306 κόσμον
1822 5236 2037 5304 ἀπατήο

468 5324 569 5372 σας
596 5305 851 5376 μοναχός,
891 5307 1067 5361 minus
1084 5308 1401 5376 commode.

541 5325 569 5372 ς
637 5325 851 5376 οναχος,
891 5325 956 5358 nn

541 5325 652 5448 (ig)
697 5377 809 5431 Τὸν
835 5376 956 5445 dm

957 5378 1049 5433 όν.
1082 5374 1383 5430 Permirum
1416 5376 1550 5432 mihi
1593 5377 1828 5442 videtur,
1865 5392 2044 5431 rema-

469 5447 600 5504 nere
628 5448 868 5517 potuisse
890 5461 1075 5501 vocem
1101 5447 1252 5507 nihili
1283 5447 1335 5500 in
1364 5449 1577 5501 Asterio
1608 5458 1797 5501 nostro
1812 5488 1836 5517 γ.
1873 5447 2047 5500 Enco-

471 5521 578 5573 mio
613 5516 667 5572 in
719 5516 975 5586 principes
1006 5518 1365 5585 apostolorum
1419 5517 1636 5571 Petrum
1699 5528 1743 5573 et
1802 5516 2049 5586 Paulum,

2144 4665 2391 4746 scriptio,
2423 4675 2649 4745 ἀμνούς.
2688 4673 2820 4728 Vere
2832 4673 2992 4746 juxta
3033 4669 3464 4746 prtrdicationeln
3510 4665 3716 4746 Jacobi,

2143 4736 2421 4814 Beniamin
2454 4736 2621 4813 l'upus'
2653 4736 2849 4814 rapax,
2889 4736 3184 4810 discerpens
3214 4740 3346 4793 Novi
3399 4736 3717 4791 Testamenti

2144 4832 2327 4885 agnos.
2347 4832 2409 4868 ac
2431 4817 2727 4884 dispergens
2754 4828 2949 4882 greges.

2218 4884 2330 4955 (l9)
2381 4874 2914 4956 'Arreo'topazl‘oéjj.
2972 4880 3202 4956 Verbum
3246 4877 3521 4956 insolens,
3566 4874 3720 4956 quale

2148 4943 2549 5027 στὸμάχάομαι.
2601 4943 2655 5009 ιῖ.
2691 4943 2780 5021 2"],
2837 4943 3097 5027 Encomit"
3132 4950 3190 5003 in
3238 4947 3635 5027 translationem
3664 4943 3715 4998 S.

2150 5020 2385 5096 Gregorii
2418 5020 2775 5087 Nazianzeni.
2800 5026 2866 5078 ad
2899 5039 2951 5077 tx
2975 5021 3121 5087 Maii,
3170 5020 3261 5096 sed
3300 5020 3721 5096 exconjectura

2147 5089 2409 5151 duntaxat
2438 5108 2493 5151 et
2522 5098 2901 5151 emendatione
2933 5108 3118 5162 parum
3144 5089 3583 5162 probabili,_cunt
3614 5101 3721 5162 ma-

2149 5168 2231 5235 gis
2269 5168 2332 5221 ad
2365 5183 2605 5231 sensum,
2642 5175 2697 5220 et
2753 5157 2947 5219 minus
2976 5157 3275 5217 recedendo
3322 5161 3390 5213 ab
3421 5157 3721 5227 Ecgrapho.

2149 5237 2601 5309 προμαχομένους
2624 5237 2723 5305 legi
2758 5245 2941 5309 queat.
3007 5302 3039 5309 _
3499 5297 3515 5309 Δ
3642 5305 3652 5309 Δ
3691 5294 3721 5309 __

2226 5255 2601 5362 νοὲρχομενους
2626 5255 2723 5305 tegt
2758 5255 2941 5301 queat.
3710 5294 3721 5304 .

2226 5312 2244 5380 (
2323 5310 2341 5380 )
2371 5305 2965 5380 Προίκαταποθέῂτας.
3005 5302 3231 5380 l’ropter
3259 5309 3460 5380 textum
3488 5294 3724 5379 Apostolt

2155 5378 2174 5435 I
2204 5375 2331 5434 Cor.
2365 5375 2453 5445 xv,
2485 5378 2574 5443 54,
2611 5375 2884 5446 κατεπόθη

2167 5451 2310 5505 tioue
2348 5448 2658 5518 Euchologii
2680 5447 2932 5518 Goariani

2162 5537 2276 5584 τος,
2305 5536 2465 5589 quam
2492 5512 2991 5589 καταπατηθέντοςξ
3021 5512 3126 5589 Τοῦ
3157 5512 3386 5589 θανάτου
3416 5521 3724 5589 καταπατη-

2923 5368 2951 5428 6
3001 5368 3251 5435 θάνατος,
3287 5369 3468 5426 malim
3524 5368 3577 5421 in
3606 5381 3723 5435 ora-

2964 5460 3018 5515 p.
3052 5442 3177 5515 ϐξιῇ
3203 5434 3379 5515 legere
3398 5434 3723 5491 καταποθένσ

471 5575 1295 5667 aputlgoinbelisiunta'Ov‘t‘w;
1329 5588 1468 5667 κατὰ
1497 5575 2053 5667 τὴνὶπρόρρησινστοῦ
2164 5575 2489 5667 θέντοςηκαὶ
2540 5588 2633 5642 τοῦ
2674 5575 2897 5661 κέντρου
2933 5575 3120 5653 αὐτοῦ,
3159 5584 3257 5656 τῆς
3291 5579 3566 5655 ἁμαρτίας
3590 5615 3606 5641 ι
3643 5575 3724 5640 ὲξ⁰

483 5655 700 5763 ἰῐακὶίρϐ,
731 5657 989 5729 Βενιαμὶν
1014 5657 1176 5763 λέὗκος
1204 5657 1409 5763 ἀρτξαξ,
1435 5655 1893 5763 σπαράσσωῖτῆς
1906 5655 2054 5719 Νέας

518 5747 568 5763 ιη
647 5748 751 5763 νην-ρ
781 5730 908 5763 anniu-
931 5730 1034 5763 risose
1064 5747 1187 5763 “nu.-
1232 5747 1300 5763 νη
1351 5747 1526 5763 nunt-m-
1552 5754 1557 5763 .
1584 5747 1656 5763 ...υ
1700 5746 1727 5763 i.-
1804 5745 1873 5763 mn
1903 5742 2047 5763 nurn-

1804 5742 2047 5801 ποιμνια²

470 5729 751 5798 Διαθήκης
781 5728 908 5793 τοὺς
930 5730 1208 5802 ἀμείνους,
1232 5728 1327 5784 καὶ
1351 5729 1656 5795 σκορπίζων
1700 5728 1768 5787 τὰ

2162 5659 2569 5731 ἀφανισθέντος,
