3828 6310
176 320 275 374 HI

1176 331 1456 390 llOMlLlA
1497 335 1636 390 XIX.
1679 335 1746 390 IN
1785 336 2072 392 EUMDEM
2115 336 2310 394 PSAL.
2363 338 2424 393 V.

3326 343 3438 400 ΗΞ

175 449 330 505 στος
363 441 528 511 ἡμᾶς
565 444 1005 513 ἠλευθέρωσεν.
1055 448 1253 520 Ἰωσὴφ
1289 452 1346 503 ἐν
1383 455 1448 524 τῇ
1480 455 1672 525 ἐρήμῳ

1877 454 2118 510 Christus
2162 457 2400 509 liberavit
2433 472 2525 510 nos
2546 456 2609 510 '".
2645 455 2842 526 Joseph
2875 455 2929 510 iu
2957 454 3171 512 deserto
3199 461 3436 527 vagaba-

172 530 558 602 τζλανὼμενος,
585 537 681 587 καὶ
707 537 814 589 ὑπὸ
843 537 981 590 Θεοῦ
1010 541 1089 602 είς
1117 539 1344 610 βασιλέα
1370 544 1764 615 ὁδηγούμενος·

175 624 363 677 ἁλλ’-ὀ
407 625 621 696 ὁδηγῶν
670 627 803 681 ὡσεὶ
850 630 1118 702 πρόϐατον
1151 632 1246 684 τὸν
1299 633 1517 705 Ἰωσὴφ,
1566 635 1659 689 καί
1707 653 1766 688 σε

173 715 534 788 πλανώμενον
554 711 714 790 εὗρεν
747 721 824 785 ὡς
859 723 1149 792 πρόϐατον,
1181 725 1274 777 καὶ
1299 725 1375 789 ὡς
1403 726 1607 798 ποιμὴν
1641 727 1769 780 ἐϐά-

177 824 405 874 στασεν,
433 810 530 862 καὶ
555 812 636 874 είς
673 811 741 864 τὰ
772 812 886 866 ἄνω
910 812 1355 887 βασίλεια-δῶρόν
1395 833 1453 869 σε
1483 817 1562 888 τῷ
1593 817 1767 888 Πατρὶ

175 901 584 970 προσήνεγκεν.
645 902 899 972 Μίμησαι
946 903 1039 956 τὸν
1099 903 1371 977 σώφρονα.
1419 905 1678 978 Μαγείρῳ
1739 908 1767 960 6

184 993 389 1062 Ἰωσὴφ
425 995 822 1065 ἐπιπράσκετο,
862 997 954 1050 καὶ
982 998 1058 1060 ὡς
1091 1000 1296 1052 καπνὸν
1336 999 1435 1070 τὴν
1462 1000 1765 1068 Αἰγυπτίαν

172 1085 579 1155 ἀπεστρέφετο.
622 1087 681 1138 Ὀ
708 1086 940 1159 σώφρων
969 1089 1071 1142 ὑπὸ
1097 1089 1192 1142 τοῦ
1226 1090 1431 1143 καπνοῦ
1469 1090 1565 1161 τὴν
1597 1091 1764 1160 κόρην

171 1174 572 1245 ἐδριμύσσετο,
612 1178 708 1230 καὶ
741 1179 774 1248 ἡ
805 1179 976 1250 πόρνη
1009 1180 1114 1232 ὑπὸ
1149 1180 1243 1233 τοῦ
1290 1181 1496 1245 πάθους
1526 1181 1616 1234 τὸν
1643 1180 1764 1234 νοῦν

171 1266 529 1331 ἐκαπνίζετο.
581 1267 799 1321 Χιτῶνα
841 1271 1168 1341 ἐκράτησεν,
1217 1271 1352 1325 ἀλλὰ
1412 1271 1764 1345 σωφροσύνην

168 1359 269 1411 οὐκ
297 1359 573 1430 ἐσύλησεν
596 1377 610 1390 ⁸
635 1363 749 1424 τοῖς
771 1363 1005 1431 ἱματίοις
1031 1363 1307 1428 ἐπάλαιεν,
1345 1364 1436 1418 καὶ
1466 1364 1557 1418 τὸν
1600 1364 1765 1434 ἀθληο

169 1451 269 1520 τὴν
287 1451 396 1502 οὐκ
422 1450 722 1522 ἐσύλησεν·
758 1451 1011 1506 λυσσῶσα
1054 1455 1121 1507 τὰ
1153 1454 1346 1524 ἱμάτια
1381 1454 1593 1520 ἔδακεν,
1629 1453 1764 1508 ἀλλὰ

168 1542 260 1592 τὸν
308 1541 435 1595 νέον
475 1543 842 1614 λυσσόδηκτον
877 1546 976 1598 οὐκ
1019 1547 1291 1618 ἐποίησεν.
1339 1548 1612 1619 Πρόσεχεο
1645 1545 1763 1600 Ὅτ’

167 1633 234 1686 ἂν
277 1633 436 1687 κύων
485 1633 761 1706 λυσσήσας
796 1638 1089 1708 περισχίσῃ
1127 1640 1283 1701 τινὰ,
1317 1641 1523 1702 ἐκεῖνος
1553 1639 1763 1709 ταχέως

167 1719 496 1782 ἀποδύεται,
537 1722 632 1774 καὶ
673 1723 855 1793 ῥίπτει
896 1725 967 1776 τὰ
1012 1725 1304 1796 ἐνδύματα,
1340 1727 1426 1780 ἵνα
1464 1728 1538 1799 μὴ
1570 1729 1638 1782 δι’
1669 1729 1764 1781 αύ-

1876 557 1981 612 ιιιι·,
2010 558 2063 602 et
2101 564 2130 601 a
2175 548 2284 601 Deo
2329 557 2386 602 ut
2429 565 2523 603 rex
2575 550 2728 603 tierct
2777 548 3180 616 deducebatur;
3217 552 3309 606 sed
3341 552 3434 622 qui

1869 636 2159 706 Josephum
2183 639 2404 694 deduxit
2425 641 2567 694 velut
2587 655 2740 694 ovem
2760 638 2830 704 ⁷⁸,
2857 649 2907 693 te
2927 655 3140 710 quoque
3164 651 3434 696 errantem

1874 731 2073 784 invenit
2119 741 2369 800 tanquant
2415 746 2590 798 ovem,
2642 740 2698 785 ut
2742 741 2926 800 pastor
2959 733 3210 801 portavit,
3277 744 3439 804 atque

1871 823 1924 877 in
1959 823 2236 876 caelestem
2285 823 2489 893 regiam
2537 833 2588 878 te
2631 823 2780 878 Patri
2819 825 3017 878 donum
3052 825 3266 880 obtulit.
3308 824 3438 880 lmi-

1875 926 1990 970 tare
2022 917 2314 985 pudicum.
2351 915 2536 985 Coqua
2575 915 2842 986 Iosephus
2869 919 3221 984 vendebatur,
3250 927 3304 972 et
3329 919 3439 972 vel-

1870 1007 1946 1059 uti
1989 1007 2192 1060 fumum
2231 1007 2582 1060 aversabatur
2608 1006 2935 1078 IEgyptiam.
2968 1007 3164 1062 Castus
3223 1024 3253 1062 a
3289 1009 3440 1064 fumo

1869 1102 2068 1155 acriter
2103 1101 2348 1155 aﬂcctam
2400 1101 2654 1172 pupillam
2713 1103 3015 1168 sentiebat;
3066 1113 3122 1158 et
3173 1106 3434 1159 meretrix

1866 1207 1934 1245 ex
1965 1193 2159 1248 vitioso
2200 1193 2394 1248 affectu
2454 1205 2687 1250 mentem
2741 1196 2887 1249 fumo
2934 1195 3144 1266 plenam
3194 1195 3435 1265 gerebat.

1866 1281 2129 1338 Tunicam
2156 1285 2348 1352 tenuit,
2387 1295 2440 1339 at
2471 1287 2879 1351 temperantiam
2915 1303 3018 1342 nou
3043 1290 3282 1342 ademit:
3313 1303 3435 1343 cum

1865 1377 2206 1431 vestimentis
2251 1377 2452 1432 luctata
2497 1387 2604 1442 est,
2639 1389 2692 1433 et
2715 1379 2951 1449 pugilem
2997 1395 3101 1433 non
3148 1380 3437 1449 spoliavit;

1863 1481 1974 1536 pra:
2007 1467 2152 1522 rabie
2183 1468 2470 1522 momordit
2503 1469 2859 1532 vestimenta,
2894 1470 2986 1523 sed
3008 1468 3192 1539 juveni
3230 1469 3436 1523 rabiem

1864 1573 1970 1610 non
2001 1558 2437 1614 communicavit.
2469 1559 2702 1613 Attende
2728 1578 2742 1613 :
2773 1559 2998 1625 Quando
3061 1559 3308 1614 rabiosus
3338 1574 3434 1612 ca-

1863 1647 1950 1700 nis
1978 1647 2197 1702 discidit
2224 1647 2483 1717 aliquem,
2513 1648 2694 1702 statim
2723 1647 2812 1703 ille
2843 1649 2991 1702 exuit
3023 1663 3101 1714 se,
3138 1658 3192 1702 et
3223 1647 3437 1718 projicit

1865 1737 2202 1802 indumenta,
2254 1754 2321 1793 ne
2375 1753 2471 1808 per
2517 1739 2605 1792 illa
2644 1754 2912 1793 venenum
2966 1739 3201 1807 gliscens
3247 1739 3438 1799 induto

167 1811 276 1862 τῶν
310 1813 340 1864 6
375 1813 456 1875 ἰὸς
487 1812 690 1868 ὁδεύων
722 1815 943 1887 σπέρμα
965 1817 1196 1872 θανάτου
1218 1820 1296 1891 τῷ
1329 1797 1580 1892 φοροῦντι
1609 1823 1755 1893 γενή·

1871 1830 1963 1882 liat
1995 1797 2197 1884 mortis
2225 1797 2435 1884 semen.
2477 1831 2569 1886 Sic
2606 1829 2874 1900 Josephus
2917 1797 3187 1901 .Evgyptiae
3237 1797 3440 1885 rabidae

169 1919 345 1956 σεται.
381 1903 576 1968 Οῦτως
618 1908 647 1958 ό
699 1907 898 1979 Ἰωσὴφ
936 1911 1003 1980 τῇ
1053 1910 1330 1983 Αἰγυπτίᾳ
1371 1911 1622 1985 λυσσώσῃ
1667 1914 1760 1967 καὶ

165 1995 274 2047 τῶν
304 1996 549 2064 ἱματίων
591 1997 850 2072 ἁψαμένη
887 2003 1256 2074 προσέρριψεν
1289 2004 1358 2058 τὰ
1405 2005 1618 2076 ἱμάτια,
1667 2008 1760 2060 καὶ

165 2085 259 2137 τὸν
293 2085 606 2156 θανάσιμον
639 2086 715 2140 ἰὸν
764 2089 876 2159 (29)
904 2091 1004 2161 τῆς
1053 2093 1299 2162 μοιχείας
1336 2093 1558 2162 ἔφυγεν.
1596 2097 1658 2148 Εί
1703 2096 1761 2150 δὲ

166 2181 379 2232 ἐκεῖνον
405 2178 733 2234 δουλεύοντα
782 2181 815 2251 ἡ
861 2181 966 2236 ἰδία
991 2182 1245 2236 δέσποινα
1274 2187 1339 2256 τῇ
1371 2185 1620 2258 ἁμαρτίᾳ
1659 2188 1760 2241 οὐκ

167 2272 497 2336 ἐδούλωσεν,
541 2274 676 2345 μηδὲ
717 2273 780 2327 σὲ
812 2273 1056 2348 δουλώσῃ
1085 2277 1279 2348 πόρνη,
1318 2272 1363 2332 ὧ
1400 2278 1758 2348 νεοφιὶηιστε,

170 2367 308 2435 μήτε
360 2365 530 2437 δούλη
574 2383 660 2420 σοι
701 2366 782 2438 τῷ
819 2367 1089 2440 ἐλευθέρῳ
1145 2371 1480 2440 παράκοιτος
1537 2372 1759 2442 γένηται

166 2456 366 2525 mpm.
402 2456 667 2528 Παλλακὴ
695 2457 806 2530 γάρ
837 2460 984 2512 ἐστιν
1018 2459 1343 2524 κατοικίδιος
1369 2461 1551 2533 δούλη,
1579 2479 1750 2516 κατα-

164 2545 434 2597 ὼυλοῦσα
479 2546 573 2597 τὸν
607 2545 913 2617 ἐλεύθερον.
947 2548 1013 2599 Ὢ
1053 2550 1154 2616 τῆς
1195 2548 1594 2620 ἐναντιότητοςί
1655 2549 1759 2604 Τὸν

179 2635 382 2705 Ἰωσὴφ
408 2635 734 2689 δουλεύοντα
787 2639 820 2708 ἡ
848 2636 1106 2692 δέσποινα
1132 2641 1198 2709 τῇ
1227 2639 1472 2710 ἁμαρτίᾳ
1493 2641 1591 2693 οὐκ
1612 2639 1760 2692 ἐδού-

167 2726 378 2781 λωσεν·
420 2730 519 2781 καὶ
567 2728 834 2800 δεσπότης
874 2730 1160 2802 ἐλεύθερος
1207 2731 1393 2796 δοῦλος
1437 2733 1536 2803 τῆς
1567 2733 1760 2804 δούλης

165 2818 253 2873 διὰ
287 2820 466 2884 πάθος
499 2821 732 2889 γίνεται.

249 2909 416 2963 Ἀλλά
457 2909 643 2978 μέλλει
680 2908 761 2978 τῷ
792 2908 1020 2981 τοιούτῳ
1043 2912 1072 2964 6
1122 2911 1320 2982 Ἰωσὴφ
1349 2909 1668 2975 δικάζεσθαι
1701 2913 1759 2966 ἐν

166 3001 630 3072 ἡμέρᾳκρίσεωςο
663 3000 1038 3070 Ἐγὼ,λὲγων,
1071 3004 1164 3056 ἐπὶ
1195 3001 1353 3074 ξένης
1383 3005 1756 3075 πεπραμένος,

166 3092 265 3144 οὐκ
317 3091 573 3162 ἐπράθην
615 3093 682 3162 τῇ
717 3091 979 3162 ἁμαρτίᾳ,
1024 3092 1144 3145 οὐδὲ
1187 3091 1334 3156 ξένον
1387 3092 1621 3164 ἐμαυτὸν
1667 3093 1760 3148 τοῦ

167 3181 303 3236 Θεοῦ
336 3184 597 3252 ἐποίησα,
638 3182 733 3234 καὶ
760 3182 931 3236 ταῦτα
958 3183 1120 3254 νόμον
1150 3181 1226 3252 μὴ
1246 3181 1447 3249 λαϐὼν,
1477 3184 1760 3255 προφήτας

1866 1936 2092 1991 qumque
2138 1923 2455 1976 vestimenta
2503 1930 2788 1992 tangeret,
2825 1924 3142 1977 vestimenta
3190 1921 3436 1991 proiecit,

1866 2022 2030 2080 atque
2085 2012 2245 2066 letale
2306 2012 2554 2068 adulterii
2612 2027 2876 2066 venenum
2927 2010 3132 2080 eﬂ‘ugit.
3193 2011 3346 2078 Quod
3391 2012 3436 2065 si

1866 2103 2015 2157 illum
2098 2118 2314 2159 servum
2405 2105 2621 2157 domina
2682 2103 2900 2172 propria
2964 2105 3064 2157 sub
3117 2103 3433 2156 servitutem

1866 2194 2072 2264 peccati
2121 2208 2224 2247 non
2262 2195 2486 2263 redegit,
2525 2207 2698 2263 neque
2729 2203 2779 2247 te
2815 2208 3029 2247 servum
3068 2193 3229 2247 faciat
3260 2207 3438 2246 mere-

1869 2287 1996 2350 trix,
2037 2301 2071 2340 ο
2117 2300 2308 2340 recens
2359 2285 2680 2346 illuminate,
2742 2299 2839 2337 nec
2883 2283 3078 2336 ancilla
3122 2282 3217 2336 tibi
3269 2281 3439 2336 libero

1867 2377 2170 2433 concubina
2217 2379 2288 2431 sit
2319 2376 2599 2430 meretrix.
2651 2373 2834 2429 Pellex
2863 2375 3005 2428 enim
3035 2382 3117 2429 est
3144 2373 3437 2428 domestica

1865 2469 2083 2532 ancilla,
2127 2483 2246 2536 qua:
2292 2467 2520 2521 liberum
2562 2467 2812 2522 servituti
2848 2467 3032 2520 tradit.
3067 2465 3111 2520 0
3140 2464 3436 2534 oppositio-

1867 2562 2023 2615 nem!
2060 2559 2352 2630 Josephum
2391 2574 2607 2614 servum
2667 2559 2884 2612 domina
2921 2567 3144 2628 peccato
3174 2573 3279 2611 non
3313 2557 3440 2612 sub-

1865 2647 2114 2720 jugavit;
2161 2659 2215 2702 et
2256 2648 2396 2702 liber
2434 2647 2686 2702 dominus
2728 2646 2960 2703 edicitur
2999 2647 3208 2702 ancillae
3249 2662 3436 2703 servus

1866 2751 2086 2812 propter
2115 2739 2279 2794 animi
2312 2739 2584 2794 morbum.

1940 2918 2135 2973 Verum
2160 2931 2283 2972 cum
2318 2917 2627 2986 huiusmodi
2675 2917 2792 2970 viro
2835 2915 3128 2970 contendet
3171 2913 3438 2984 Josephus

1867 3006 1922 3060 in
1961 3009 2047 3062 die
2076 3007 2285 3076 judicii,
2324 3023 2389 3062 ac
2415 3008 2556 3063 dicet
2583 3026 2597 3063 :
2625 3005 2736 3076 Ego
2766 3007 2818 3060 in
2847 3016 3031 3060 extera
3059 3008 3276 3076 regione
3303 3020 3433 3058 ven-

1868 3098 2033 3160 ditus,
2065 3107 2283 3165 peccato
2313 3096 2668 3151 venumdatus
2698 3111 2804 3152 non
2836 3112 2981 3161 sum,
3014 3111 3114 3151 nec
3141 3111 3225 3152 me
3251 3105 3435 3151 extra-

1865 3203 2078 3240 neuma
2112 3187 2219 3241 Deo
2242 3186 2344 3241 feci
2369 3205 2383 3251 ;
2413 3187 2576 3254 idque
2610 3202 2734 3241 cum
2759 3202 2863 3242 non
2887 3188 3215 3256 accepissem
3241 3188 3434 3256 legem,

171 3275 244 3346 μὴ
280 3273 498 3344 μαθὼν,
544 3274 854 3344 Εὑαγγέλια
899 3273 973 3345 μὴ
1030 3275 1318 3342 ἀναγνοὺς,
1351 3276 1500 3346 ὅμως
1523 3277 1630 3346 πρὸ
1652 3275 1755 3328 τῶν

1866 3280 2156 3350 prophetas
2179 3295 2282 3333 non
2324 3279 2658 3344 didicissem,
2684 3295 2790 3334 non
2822 3279 3072 3347 legissem
3109 3279 3434 3347 Evangelia;

168 3368 528 3437 γραμμάτων
553 3368 778 3420 ἐκείνων
817 3367 1024 3437 βιόλίον
1066 3368 1423 3439 σωφροσύνης
1457 3369 1648 3421 ἑαυτὸν
1680 3369 1755 3440 τῷ

1866 3381 1989 3426 ante
2017 3381 2192 3424 tamen
2234 3370 2324 3424 illa
2370 3370 2596 3440 scripta,
2648 3371 3017 3441 temperantia:
3067 3370 3262 3424 librant
3320 3385 3436 3425 me-

170 3457 269 3529 βίῳ
299 3457 795 3529 ὲκαλλιγράφησα·
837 3461 900 3513 σὺ
929 3458 1010 3524 δὲ,
1046 3452 1091 3512 ὦ
1121 3457 1467 3528 νεοφώτιστε,
1511 3460 1648 3530 μετὰ
1681 3461 1755 3513 νό·

1866 3463 2034 3532 ipsum
2071 3463 2193 3516 vita:
2229 3461 2505 3532 eleganter
2536 3461 2730 3530 scripsi
2764 3478 2778 3516 ε
2813 3470 2867 3516 ιιι
2900 3476 3050 3528 vero,
3072 3475 3244 3530 nuper
3272 3462 3436 3530 bapti-

172 3568 291 3620 μον,
345 3550 492 3621 μετὰ
541 3551 848 3621 προφήτας,
887 3551 1024 3621 μετὰ
1066 3551 1404 3620 Εὐαγγὲλια,
1454 3552 1590 3622 μετὰ
1617 3551 1760 3608 διδα-

169 3642 403 3697 σκαλίαν
444 3643 541 3695 καὶ
581 3643 920 3714 κατήχησιν,
962 3643 1099 3712 μετὰ
1135 3644 1197 3697 τὸ
1224 3644 1514 3716 ἀθλητικὸν
1565 3645 1756 3716 ἄλειμ-

170 3753 248 3805 μα
297 3734 442 3805 (50),
493 3733 634 3805 μετὰ
666 3735 728 3787 τὸ
773 3735 1040 3804 νυμφικὸν
1073 3735 1285 3806 λοῦσμα
1326 3736 1472 3807 (51),
1511 3737 1648 3808 μετὰ
1695 3736 1757 3790 τὸ

167 3826 808 3898 πνευματικὸνχρίσμα,
841 3827 977 3896 μετὰ
997 3826 1057 3882 τὸ
1086 3827 1338 3898 λαμπρὸν
1384 3827 1606 3897 ἔνδυμα,
1638 3827 1758 3880 δοῦ-

167 3919 257 3982 λος
287 3919 492 3989 δούλης
515 3917 765 3987 γέγονας,
795 3920 872 3988 τῷ
897 3917 1060 3972 πάθει
1082 3918 1457 3989 δουλούμενος.
1487 3918 1758 3990 Φύγεστὴν

167 4012 424 4066 δουλείαν
468 4012 768 4083 ἁμαρτίας,
821 4011 916 4064 καὶ
962 4011 1092 4066 λάὸε
1124 4012 1224 4082 τὴν
1267 4012 1632 4084 κληρονομίαν
1661 4014 1760 4084 τῆς

168 4105 472 4167 υἱοθεσίας.
501 4104 604 4170 Είς
630 4102 698 4157 τὸ
729 4103 903 4168 τέλος
925 4103 1076 4172 ὑπὲρ
1102 4103 1214 4171 τῆς
1239 4105 1755 4174 κληρωομούσης.

170 4196 365 4250 Δοῦλον
413 4198 462 4249 οἱ
511 4196 666 4266 νόμοι
707 4193 993 4267 Ῥωμαίων
1037 4195 1370 4266 κληρονόμον
1408 4197 1469 4249 οὐ
1524 4197 1760 4268 παραδέ-

238 4332 431 4390 "Gal.
463 4347 542 4398 tv,
567 4331 660 4386 51.
737 4331 782 4364 ⁷⁵
813 4331 956 4386 Psal.
1001 4347 1192 4396 ωιτη,
1227 4331 1284 4388 2.

1863 3563 2003 3618 zate,
2043 3562 2167 3622 post
2212 3554 2406 3622 legem,
2450 3563 2576 3622 post
2623 3554 2938 3623 prophetas,
2972 3563 3094 3623 post
3123 3552 3432 3622 Evangelia,

1862 3656 1980 3715 post
2011 3645 2314 3700 doctrinam
2343 3655 2399 3698 et
2428 3644 2779 3709 catechesim,
2804 3644 2943 3713 [post
2971 3643 3282 3697 athleticam
3328 3657 3433 3694 un-

1859 3739 2117 3804 ctiouem,
2163 3746 2285 3806 post
2343 3737 2592 3806 sponsale
2651 3735 2965 3801 lavacrum,
3012 3744 3132 3804 post
3183 3733 3434 3802 spiritale

1861 3828 2324 3899 chrisma,|post
2391 3826 2732 3897 splendidum
2791 3827 3197 3892 indumentum,
3248 3839 3438 3880 servus

1866 3937 2037 3978 serva:
2065 3920 2243 3976 lactus
2271 3937 2350 3986 es,
2393 3921 2557 3974 animi
2593 3919 2998 3990 perturbatione
3022 3919 3074 3973 in
3113 3919 3433 3973 servitutem

1867 4016 2140 4070 redactus.
2175 4013 2324 4084 Fuge
2355 4013 2674 4068 servitutem
2702 4012 2934 4082 peccati,
2967 4021 3022 4065 et
3051 4011 3235 4078 accipe
3270 4010 3439 4062 lucre-

1866 4107 2089 4161 ditatem
2131 4105 2460 4173 adoptionis.
2494 4101 2560 4156 In
2594 4103 2750 4170 ﬁnem
2777 4120 2871 4172 pro
2901 4119 2960 4156 ea
2986 4118 3104 4172 qua:
3151 4099 3434 4154 haeredita-

1867 4208 1968 4252 tem
2003 4199 2356 4268 consequitur.
2408 4197 2634 4252 Servum
2679 4196 2821 4265 leges
2848 4194 3213 4249 Romanorum
3251 4195 3303 4246 in
3331 4193 3440 4246 ha:-

242 4492 359 4564 (29)
400 4488 750 4564 Θαγάσιμον
777 4489 884 4564 ἱόν.
915 4489 1022 4564 Τοῦ
1042 4488 1436 4564 5LQ66100‘TbV_
1471 4489 1755 4562 ἀνδροκτό-

1935 4490 2049 4560 (51)
2089 4487 2358 4564 Λοῦᾳ-μᾳ.
2392 4487 2577 4564 Liceat
2603 4502 2820 4564 quoque
2841 4485 3228 4564 Aennjee‘turat‘n
3262 4498 3435 4539 nteant

167 4559 260 4619 νον
293 4559 375 4616 ἰόν
404 4601 420 4626 ,
459 4563 757 4628 scripserat
817 4560 1046 4630 Cyrillus
1066 4562 1248 4630 -ᾼΙοι
1299 4560 1354 4613 in
1409 4559 1665 4614 Joannem
1698 4577 1750 4630 p.

168 4635 292 4690 738.
325 4634 515 4700 Inepte
545 4628 870 4700 ediderunt,
898 4630 1034 4683 υἱόν.
1066 4628 1135 4684 Ut
1164 4631 1216 4683 in
1244 4631 1592 4699 Epiphaniaui
1644 4628 1755 4684 Ait-

166 4704 334 4760 Catuli
369 4699 495 4771 cap.
527 4703 580 4771 ti,
612 4699 726 4771 υἱόν
762 4701 996 4768 reperies
1029 4701 1145 4753 loco
1188 4701 1275 4752 ἀεὶ
1328 4700 1407 4753 όν.
1463 4701 1648 4754 Exstat
1703 4712 1759 4757 et

167 4769 490 4844 Origeniaui
517 4769 729 4844 Dialogi
753 4773 1004 4824 adversus
1023 4771 1298 4844 ntereticos
1321 4779 1456 4844 sect.
1484 4771 1587 4844 ult.
1607 4771 1757 4825 locus

168 4841 289 4900 uoti
314 4843 505 4896 minus
531 4841 817 4909 obscurus;
849 4854 1014 4908 quam
1049 4841 1299 4902 tliﬂicilis.
1341 4841 1393 4894 in
1431 4857 1536 4907 quo
1577 4841 1757 4909 legunt

167 4916 257 4968 alii
281 4913 429 4966 aulo
460 4911 558 4971 i6;,
589 4920 683 4961 aut
709 4911 737 4963 6
772 4907 884 4972 ἰών,
913 4920 1004 4962 aut
1035 4910 1245 4974 οἰωνός,
1280 4927 1378 4978 ego
1403 4909 1527 4963 ὼόν.
1586 4907 1756 4964 Ὅταν

164 4987 199 5054 ἡ
229 4981 385 5054 ψυχὴ
415 4979 821 5054 μὴ-δέξηταιτὰ
837 4979 1034 5054 εαυτῆς
1064 4979 1286 5054 ὀρεκτάλ,
1309 4980 1467 5050 μύσει
1488 4981 1548 5033 τὸ
1575 4979 1754 5051 σῶμα,

169 5049 430 5124 καθάπερ
484 5049 590 5103 ὠὸν
627 5049 1010 5124 ,ὑγραινόμενα
1043 5049 1198 5122 πίλῇ.
1233 5049 1365 5105 Cum
1418 5053 1594 5104 anima
1652 5049 1756 5106 non

169 5121 424 5188 receperit
448 5138 513 5174 ea
533 5135 651 5192 qua?
679 5121 778 5172 sibi
811 5123 1028 5187 appetit,
1053 5137 1242 5192 corpus
1264 5127 1586 5188 contprimet,
1621 5125 1755 5176 sicut

168 5211 323 5248 ovum
350 5193 577 5245 humida
611 5191 924 5244 densarerit.

240 5263 359 5334 (50)
388 5264 694 5334 Ἀλειμμιξ.
757 5259 937 5334 Liceat
971 5260 1100 5334 mihi
1140 5260 1754 5334 removereridiculam

172 5328 468 5388 lectionem
511 5328 602 5386 ab,
636 5328 959 5400 Euchologio
990 5330 1152 5386 Goari
1207 5347 1262 5400 p.
1297 5331 1422 5395 590,
1449 5332 1499 5384 in
1548 5347 1756 5386 canOne

172 5404 399 5457 {ttineren
451 5417 551 5467 pro
603 5401 922 5456 mulieribus
953 5401 1220 5457 defunctis
1240 5443 1254 5467 ,
1278 5404 1307 5454 6
1337 5401 1620 5464 θεσπέσιος
1650 5403 1755 5454 ἰας

172 5419 399 5457 tnneren
491 5419 551 5454 ro
603 5419 922 5456 muneribus
953 5419 1220 5457 oeluncus
1240 5443 1254 5467 ,
1278 5419 1307 5454 ο
1337 5419 1620 5464 υεσπεσιος
1656 5419 1754 5454 1a-

171 5474 306 5552 κιὶιό,
337 5473 434 5527 τὸν
451 5419 606 5552 λίθον
637 5469 916 5552 μυστικῶς
944 5471 1199 5552 ἀμείψας.
1243 5475 1499 5552 ᾁνήγειρε
1535 5471 1754 5552 στήλην,

173 5544 520 5614 subrogando
570 5542 724 5614 certo
778 5542 1090 5614 certiorem,
1146 5542 1393 5612 ἀλείψας.
1451 5542 1581 5614 Quis
1609 5542 1754 5595 enim

174 5628 277 5666 non
307 5611 460 5668 videt
490 5612 691 5681 respici
739 5612 808 5666 ad
834 5611 948 5668 loca
989 5611 1186 5668 Cenes.
1245 5611 1436 5676 χκνιιι,
1466 5612 1532 5665 18
1558 5629 1574 5676 ;
1606 5627 1755 5676 xm,

177 5685 259 5749 15,
299 5698 634 5756 sensumque
661 5696 823 5756 esse:
890 5683 1108 5740 Divinus
1153 5684 1316 5743 .lttcob
1351 5683 1575 5756 lapides:
1607 5682 1757 5737 unxit

174 5766 217 5812 et
252 5771 307 5812 tn
336 5755 558 5811 titulum
585 5753 794 5812 erexit?

1864 4553 2164 4630 proponere
2198 4553 2411 4630 ddloco
2442 4557 2626 4609 Severi
2650 4556 2874 4630 epist._2
2913 4559 2981 4630 ad
3031 4553 3307 4630 Claudian}
3339 4570 3436 4630 so-

1861 4622 2054 4691 rorem,
2090 4627 2544 4680 Miscellaneorum
2587 4641 2640 4690 ν,
2685 4622 2764 4680 el.
2799 4625 3054 4694 Stephani
3091 4622 3294 4694 Baluzgii
3338 4624 3433 4678 lib.

1861 4715 1900 4758 t.
1939 4716 1990 4768 p.
2018 4697 2142 4752 549.
2171 4696 2402 4768 Caelestis
2443 4698 2693 4768 abutatur
2718 4697 2856 4768 nitro
2879 4692 3148 4768 doctrinm,
3173 4704 3215 4746 et
3242 4692 3436 4768 latueri-

1859 4769 1926 4822 tis
1939 4763 2278 4834 spiritalibus
2304 4767 2633 4820 emundetur.
2662 4766 2920 4832 Suspicor
2947 4765 3127 4832 itaque
3153 4763 3436 4830 scripsisse

1862 4833 2123 4892 Severum
2153 4855 2166 4891 :
2195 4836 2430 4892 Caelestis
2476 4838 2722 4890 abluatur
2769 4838 2908 4889 nitro
2951 4835 3226 4895 doctrinm,
3261 4842 3309 4886 et
3351 4833 3433 4884 la-

1859 4910 2045 4962 mentis
2087 4907 2410 4976 spiritalibus
2450 4908 2783 4976 emuudetur.
2836 4904 3054 4960 Fundus
3096 4912 3272 4956 autem
3305 4917 3437 4976 mete

1860 4971 2202 5046 conjecturas,
2245 4988 2422 5032 textus
2470 4986 2550 5031 est
2605 4973 2850 5029 Jeremize
2910 4989 3026 5042 cap.
3065 4988 3125 5038 tt,
3157 4987 3300 5046 _ver_s.
3337 4971 3431 5046 22,

1859 5047 1918 5103 Si
1952 5042 2137 5104 laveris
2168 5060 2218 5101 te
2264 5047 2404 5100 nitro
2428 5061 2448 5098 .'
2477 5048 2544 5100 ad
2575 5061 2734 5115 quem
2781 5046 3112 5115 allusionem
3145 5042 3260 5096 ﬁeri
3289 5044 3435 5094 arbi-

1863 5129 1995 5174 tror.
2025 5119 2215 5174 Postea
2245 5117 2418 5184 reperi
2445 5119 2524 5170 sic
2561 5113 2614 5169 in
2648 5117 2954 5184 Appendice
3000 5113 3191 5167 codicis
3229 5115 3436 5179 regula-

1860 5206 1976 5243 rum
2004 5204 2056 5257 p.
2083 5189 2147 5241 17
2170 5205 2184 5242 :
2214 5183 2419 5241 Cwlesti
2437 5183 2846 5257 abluatur’nitro
2873 5186 3144 5257 doctrina},
3162 5193 3216 5257 e_t_
3241 5183 3434 5257 lamen-

1859 5263 1925 5314 tis
1948 5251 2269 5325 spiritalibus
2310 5256 2639 5318 emundetur,
2704 5269 2770 5310 ex
2837 5252 3117 5308 Athanasii
3170 5251 3433 5306 Exhorta-

1859 5331 2000 5382 tione
2039 5331 2108 5380 ad
2149 5343 2392 5394 sponsam
2430 5327 2646 5380 Christi.
2699 5326 2756 5380 In
2801 5325 3124 5395 Hieronymo
3173 5333 3351 5395 autem
3391 5333 3428 5395 t.

1859 5399 1954 5462 IX,
1982 5398 2142 5468 epist.
2175 5393 2264 5459 M,
2294 5414 2346 5468 p.
2377 5396 2446 5450 55
2479 5415 2492 5451 :
2525 5395 2758 5451 Cwlestis
2795 5393 3040 5468 abluatur
3073 5395 3211 5447 nitro
3235 5393 3432 5468 ὀρεινῇ-

1861 5461 1962 5532 nte,
1994 5461 2042 5523 et
2075 5461 2382 5522 lavamentis
2407 5468 2768 5534 spiritualibus
2789 5467 3132 5529 emundetur;
3153 5479 3218 5518 ex
3249 5461 3433 5516 Laude

1860 5539 2174 5611 virginitatis
2209 5538 2276 5591 ad
2337 5537 2570 5592 Mauritii
2604 5539 2789 5611 tiliam.
2819 5538 3030 5611 Absunt
3080 5535 3224 5588 enim
3243 5548 3340 5611 _ea,
3375 5541 3433 5611 ut.

1862 5619 1919 5682 et
1943 5604 2190 5682 alianon
2230 5622 2440 5682 pauca,
2473 5624 2502 5662 a
2547 5609 2800 5682 concilio
2835 5604 3256 5682 Aqttisgranensi
3296 5604 3430 5682 anni

1860 5679 1989 5742 816,
2021 5678 2110 5731 lib.
2131 5693 2202 5749 wtt,
2230 5669 2352 5748 cap.
2383 5669 2436 5747 ti,
2479 5678 2632 5749 cujus
2687 5669 2914 5746 titulus,'
2938 5669 3328 5734 SfAthanasii
3360 5669 3430 5729 ad

1862 5765 2076 5824 sponsas
2115 5747 2334 5804 Christi.
