3828 6318
410 309 521 367 ιιι

1699 306 1761 365 s.
1801 266 2078 363 asrsnu
2116 304 2425 362 suasum

3567 312 3681 371 ιιι

413 430 601 487 redcm
643 444 751 485 non
786 430 1102 497 admittunt,
1132 439 1187 486 et
1217 446 1433 486 servum
1466 431 1675 500 peccati
1729 429 1873 499 leges
1896 429 1991 484 Dei

2101 446 2314 500 χονται·
2340 429 2435 482 καὶ
2464 427 2556 482 τὸν
2582 428 2766 484 δοῦλον
2788 430 2920 486 ὅντα
2947 434 3013 502 τῇ
3046 433 3292 506 ἁμαρτίᾳ
3322 435 3371 488 οἱ
3408 433 3507 488 τοῦ
3537 435 3679 491 Θεοῦ

414 524 486 576 ab
528 519 841 576 haereditate
883 521 1129 591 ejiciunt.
1182 520 1363 576 Habes
1411 520 1634 591 januam
1680 519 1835 589 legis,
1869 518 1992 589 fuge

413 610 612 669 falsam
664 622 874 683 portam
918 612 1245 681 iniquitatis.
1281 612 1383 678 Qui
1427 626 1536 668 non
1567 613 1870 682 ingreditur
1896 627 1994 682 per

413 707 641 773 ostium,
686 707 784 762 sed
815 705 1033 762 aiiunde
1064 707 1252 771 intrat,
1285 704 1373 760 fur
1403 716 1488 760 est
1517 715 1573 760 et
1597 705 1733 760 latro
1761 704 1808 736 ⁷⁸
1836 721 1851 758 :
1881 704 1987 769 fur,

414 807 475 855 ut
509 800 601 871 qui
651 798 886 854 latenter
935 797 1272 865 lornicetur;
1317 798 1477 862 latro,
1533 798 1713 868 utqui
1754 797 1989 854 alienum

415 893 669 951 sull‘odiat
696 893 1125 949 matrimonium.
1162 893 1264 961 Qui
1303 906 1434 948 vero
1462 890 1631 945 intrat
1654 905 1751 960 per
1771 888 1990 957 januam

415 985 640 1057 legitimi
690 985 1043 1049 matrimonii,
1091 994 1275 1055 pastor
1328 992 1416 1039 est
1465 983 1671 1045 ovium,
1727 990 1883 1050 pater
1910 989 1996 1035 est

415 1089 668 1129 verorum
718 1075 1012 1131 liberorum
1042 1092 1056 1129 :
1088 1084 1143 1129 et
1176 1075 1230 1128 in
1270 1082 1418 1128 terra
1467 1072 1684 1141 quidem
1719 1071 1822 1125 hac
1854 1068 1994 1125 infe.

413 1166 548 1221 riari
579 1167 826 1222 baeredes
861 1167 1048 1232 habet,
1087 1180 1251 1236 supra
1280 1180 1410 1220 vero
1440 1166 1612 1220 haeres
1646 1161 1995 1219 constituitur

413 1260 471 1316 in
503 1275 671 1331 regno
696 1260 958 1316 caelorum
984 1279 997 1315 :
1027 1260 1171 1328 quod
1202 1259 1408 1313 utinam
1445 1274 1547 1314 nos
1581 1272 1770 1312 omnes
1798 1271 1991 1312 conse-

414 1366 673 1420 quamur,
708 1354 883 1423 gratia
926 1360 981 1408 et
1023 1351 1363 1406 humanitate
1411 1351 1622 1405 Domini
1665 1349 1835 1405 nostri
1863 1348 1990 1403 Jesu

413 1442 642 1510 Christi,
681 1445 769 1500 cui
815 1445 983 1516 gloria
1011 1457 1066 1501 et
1095 1446 1403 1518 imperium,
1455 1460 1601 1500 nunc
1632 1453 1687 1501 et
1713 1444 1766 1499 in
1796 1443 1991 1500 saecula

413 1535 761 1593 saeculorum.
790 1539 983 1592 Amen.

1157 1715 1273 1771 XX.

774 1808 842 1864 1η
875 1809 1135 1879 psalmum
1168 1821 1371 1865 sextum
1398 1809 1636 1865 humilia.

486 1898 819 1972 Militis,qui
867 1903 1093 1970 deliquit
1129 1904 1406 1959 excusatio
1457 1904 1516 1959 lit
1562 1903 1795 1974 placatio
1849 1904 1997 1974 regis

419 2004 564 2060 trati,
605 2002 660 2049 et
704 1994 888 2050 l'anmli
928 1997 1017 2066 qui
1065 1998 1311 2066 peccavit
1383 1997 1706 2067 supplicatio
1766 2011 1993 2051 succen-

420 2102 538 2145 sum
574 2089 650 2142 ira
682 2089 959 2144 dominum
1006 2090 1220 2145 delinit.
1274 2089 1411 2158 Quia
1462 2091 1630 2161 igitur
1679 2089 1849 2146 David
1898 2103 1995 2160 per

421 2191 727 2252 peccatum,
774 2192 829 2237 et
858 2192 911 2236 ut
946 2182 1102 2238 miles
1135 2198 1317 2254 regem
1344 2184 1411 2238 ad
1442 2183 1578 2238 iram
1605 2192 1997 2253 provocaverat

420 2272 610 2339 Deum,
640 2283 696 2330 et
726 2284 785 2330 ut
812 2289 1003 2331 servus
1027 2277 1307 2331 dominum
1335 2278 1736 2333 excandescere
1761 2275 1994 2344 fecerat;

419 2374 705 2434 eapropler
747 2366 1025 2434 postulans
1075 2377 1123 2422 et
1171 2367 1397 2437 supplex
1446 2378 1703 2439 tanquam
1763 2368 1996 2423 famulus

418 2453 695 2510 dominum
737 2454 906 2511 Deum
972 2457 1400 2528 deprecabatur:
1436 2459 1492 2515 2.
1527 2459 1782 2528 :Domine,
1834 2476 1897 2514 ne
1938 2460 1997 2514 in

419 2541 595 2611 furore
628 2558 718 2599 tuo
744 2562 937 2617 arguas
958 2563 1039 2601 me
1058 2587 1073 2613 ,
1105 2563 1266 2618 neque
1295 2549 1350 2602 in
1372 2550 1454 2602 ira
1483 2559 1576 2603 tua
1600 2550 1857 2618 corripias
1885 2564 1988 2604 nte.

417 2631 498 2686 Ira
545 2636 849 2691 concitatus
878 2652 937 2692 es
964 2638 1227 2695 adversus
1273 2653 1358 2694 me
1397 2654 1713 2709 peccantem
1741 2681 1756 2706 ,
1804 2656 1994 2697 recon-

418 2722 602 2779 ciliare
631 2740 754 2780 cum
782 2728 1117 2796 pteuitente;
1174 2731 1345 2785 iratus
1377 2745 1439 2786 es
1471 2741 1658 2787 contra
1695 2742 1992 2801 errantem,

419 2817 685 2885 prapitius
724 2828 842 2875 esto
881 2822 1198 2877 revertenti.
1246 2821 1421 2880 Tuum
1458 2823 1850 2893 juramentum,
1889 2828 1989 2882 Do-

419 2909 589 2974 mine,
643 2910 741 2966 tibi
793 2913 861 2968 ad
900 2914 1258 2983 placationem
1326 2918 1558 2973 adduco.
1619 2918 1857 2975 Dixisti:
1891 2918 1997 2975 Per

418 3007 775 3074 memstipsum
810 3008 1002 3073 iuraui,
1030 3012 1170 3080 quod
1212 3027 1317 3065 non
1355 3012 1470 3066 volo
1506 3022 1725 3067 mortem
1763 3022 1999 3082 peccato-

418 3100 515 3158 ris,
550 3098 684 3149 sicut
724 3100 951 3153 converti
988 3111 1034 3154 et
1074 3101 1239 3157 vivere
1282 3103 1453 3172 ipsum
1475 3104 1544 3158 '".
1581 3103 1800 3170 Precor,
1851 3107 1994 3174 quod

420 3189 631 3252 dixisti,
659 3189 764 3246 fac.
801 3190 1070 3259 Quoniam
1102 3204 1253 3250 certe
1282 3205 1405 3266 post
1436 3206 1676 3252 erratum
1705 3213 1997 3255 conversus

420 3295 562 3347 sum,
595 3292 648 3337 ct
676 3296 793 3350 post
824 3296 1099 3353 peccatum
1132 3287 1215 3354 egi
1245 3289 1648 3359 ptenitentiam,
1676 3306 1783 3346 non
1818 3302 1997 3348 autem

420 3376 567 3426 velut
606 3373 739 3429 Cain
781 3377 1122 3444 impudenter
1149 3368 1237 3433 me
1266 3381 1428 3450 gessi.
1458 3381 1551 3438 Ille
1584 3383 1953 3453 interrogatus
1980 3403 1997 3439 :

422 3461 523 3517 Ubi
578 3466 705 3519 Abel
755 3467 919 3533 [mter
967 3472 1439 3539 tuus?rcspondit
1483 3491 1498 3528 :
1552 3473 1742 3528 Nescio
1773 3476 1839 3529 ⁷⁸.
1890 3478 2001 3545 Ego

420 3556 533 3610 dixi
566 3576 579 3613 :
610 3559 871 3625 Quoniam
932 3564 1257 3633 iniquitatem
1302 3581 1469 3619 meam
1513 3583 1607 3637 ego
1659 3585 1911 3639 cognosco
1931 3573 1994 3626 ⁷³.

419 3646 663 3716 Domina,
719 3669 781 3705 ne
807 3654 858 3705 in
889 3653 1069 3720 furore
1098 3668 1187 3708 tuo
1217 3673 1411 3726 arguas
1443 3674 1542 3713 me.
1591 3657 1657 3713 Ut
1688 3661 2000 3717 misericor-

420 3741 565 3795 diam
595 3743 683 3797 ubi
715 3755 1040 3800 consecutus
1069 3746 1242 3812 luero,
1274 3748 1394 3804 aliis
1420 3765 1636 3820 quoque
1668 3754 2001 3822 ptenitentia:

419 3834 506 3886 via
544 3833 744 3888 alliciar
771 3855 784 3890 ε
813 3844 873 3889 ιιι
913 3837 1138 3892 doceam
1183 3840 1399 3909 iniquos
1436 3842 1553 3896 vias
1592 3852 1735 3911 tuas,
1765 3853 1821 3899 et
1850 3845 1999 3918 impii

422 3926 488 3981 ad
516 3936 568 3982 te
594 3939 980 3983 convertantur
1003 3932 1072 3986 ⁸ο.
1808 3938 1815 3945 ’

498 4019 680 4085 Quare
711 4022 905 4090 fantem
936 4031 990 4077 et
1023 4023 1128 4078 Pro
1160 4036 1344 4080 octava
1394 4027 1686 4098 inscriptus
1732 4039 1815 4084 est
1852 4030 2000 4100 psal-

424 4112 591 4167 mus?
629 4114 682 4168 1.
723 4114 787 4168 In
829 4116 985 4184 ﬁnem
1018 4119 1159 4172 enim
1192 4120 1249 4174 in
1277 4121 1595 4175 carminibus
1623 4122 1856 4191 psalmus
1888 4123 1999 4178 Da-

422 4206 506 4258 vid
534 4222 628 4274 pro
665 4217 868 4262 octava.
897 4207 1154 4265 Octavam
1190 4214 1340 4269 novit
1370 4215 1589 4283 quidem
1618 4214 1784 4270 Vetus
1810 4214 2001 4271 Testa-

421 4308 686 4364 mentum,
738 4302 1252 4372 circumcisiouem;
1298 4306 1507 4361 Novum
1548 4323 1700 4374 vero,
1753 4323 2000 4364 resurre-

418 4389 654 4443 ctionem
684 4406 713 4444 a
736 4394 984 4457 mortuis,
1010 4395 1060 4448 in
1085 4412 1189 4465 qua
1214 4397 1625 4453 circumciditur
1646 4414 1811 4455 mors.
1848 4400 1999 4456 Prae-

2024 3155 2071 3217 ο

2093 520 2252 592 νόμοι
2275 521 2376 592 τῆς
2395 521 2759 594 κληρονομίας
2788 522 3160 579 ἐκϐάλλουσιν.
3179 527 3363 597 Ἔχεις
3383 525 3482 599 τὴν
3500 527 3678 600 θύραν

2093 612 2191 667 τοῦ
2222 612 2412 685 νόμου,
2441 614 2581 684 φύγε
2609 613 2706 687 τὴν
2734 616 3051 689 παράθυρον
3081 619 3180 689 τῆς
3206 619 3456 691 ἀνομίας.
3500 620 3560 674 '0
3599 623 3678 693 μὴ

2093 705 2478 777 εἰσερχόμενος
2507 706 2595 761 διὰ
2617 708 2716 780 τῆς
2742 707 2935 781 θύρας,
2968 709 3105 766 ἀλλὰ
3136 711 3411 782 ἐμϐαίνων
3440 712 3669 785 ἀλλαχό-

2098 798 2211 863 θεν,
2244 798 2484 871 κλέπτης
2516 801 2663 855 ἐστὶν
2692 802 2786 854 καὶ
2820 802 3055 876 λῃστήςο
3080 803 3337 876 κλέπτης,
3370 805 3447 870 ὠς
3477 806 3675 861 λανθά-

2092 905 2200 942 νων
2243 889 2301 942 ὲν
2334 889 2413 959 τῷ
2452 884 2737 961 πορνεύειν
2761 907 2777 923 ⁶
2816 889 3040 962 λῃστὴς,
3074 890 3153 955 ὡς
3178 890 3473 962 διορύττων
3512 892 3675 946 ἀλλό-

2091 999 2242 1053 τριον
2273 982 2469 1053 γάμον.
2513 982 2573 1036 '0
2608 983 2666 1036 δὲ
2693 983 3074 1054 εἰσερχόμενος
3105 982 3194 1036 διὰ
3244 983 3344 1055 τῆς
3376 982 3549 1056 θύρας
3576 985 3676 1039 τοῦ

2094 1073 2325 1144 νομίμου
2356 1073 2558 1145 γάμου,
2595 1076 2798 1146 ποιμήν
2853 1075 2970 1129 ἐστι
3001 1075 3110 1130 τῶν
3141 1074 3451 1148 προϐάτων,
3487 1078 3675 1149 πατήρ

2094 1165 2242 1242 εστιν
2277 1164 2387 1218 τῶν
2423 1166 2663 1237 γνησίων
2690 1166 2927 1221 τέκνων·
2967 1168 3118 1222 κάτω
3158 1168 3257 1240 μὲν
3301 1168 3674 1242 κληρονομού-

2096 1238 2277 1328 μενος,
2313 1257 2426 1312 ἄνω
2451 1258 2508 1312 δὲ
2547 1259 2882 1332 κληρονόμος
2920 1238 3199 1332 γινόμενος
3239 1262 3299 1317 ὲν
3326 1238 3674 1335 τῇηβασιλείσ

2092 1348 2202 1403 τῶν
2253 1349 2531 1421 οὐρανῶν⁶
2572 1347 2640 1423 ἦς
2668 1352 2879 1422 γένοιτο
2916 1354 3126 1418 πάντας
3164 1356 3314 1426 ἡμᾶς
3356 1356 3674 1427 ὲπιτυχεῖν,

2093 1443 2275 1515 χάριτι
2328 1446 2423 1499 καὶ
2486 1446 2866 1518 φιλανθρωπίᾳ
2903 1446 2997 1501 τοῦ
3042 1447 3248 1519 Κυρίου
3292 1449 3451 1519 ἡμῶν
3496 1447 3676 1520 Ἰησοῦ

2093 1535 2332 1604 Χριστοῦ
2359 1554 2370 1566 ·
2393 1529 2438 1605 ᾧ
2465 1539 2498 1609 ὴ
2533 1537 2659 1605 δόξα
2687 1539 2780 1592 καὶ
2808 1538 2871 1592 τὸ
2892 1541 3112 1611 κράτος,
3152 1541 3248 1596 νῦν
3277 1542 3373 1596 καὶ
3425 1545 3508 1607 είς
3544 1545 3675 1607 τοὺς

2096 1627 2302 1692 αἰῶνας
2323 1627 2432 1683 τῶν
2456 1628 2688 1684 αἰώνων.
2734 1632 2929 1702 Ἀμήν.

2384 1774 2388 1778 Α
2830 1723 2917 1778 Κ’.

2445 1812 2552 1878 Είς
2580 1811 2688 1865 τὸν
2719 1818 2771 1877 ς’
2824 1813 3072 1883 ’ψαλμὸν
3097 1814 3321 1883 ὁμιλία.

2168 1904 2506 1975 Στρατιώτου
2556 1905 3050 1977 πλημμελήσαντος
3073 1907 3339 1975 ἀπολογία
3376 1907 3471 1961 τοῦ
3503 1908 3674 1978 λυπη-

2098 1997 2284 2062 θέντος
2311 1998 2578 2070 βασιλέως
2608 1999 2824 2069 γίνεται
2848 1998 3136 2071 θεραπεία,
3175 2000 3269 2053 καὶ
3292 2003 3325 2071 ἡ
3367 1999 3462 2053 τοῦ
3497 2000 3673 2071 ἀμαρ-

2094 2089 2358 2161 τήσαντος
2386 2088 2598 2143 οἰκέτου
2626 2090 2999 2159 πρόσπτωσις.
3045 2089 3122 2161 τῷ
3149 2089 3453 2161 θυμωθέντι
3477 2090 3673 2144 δεσπό-

2095 2199 2165 2257 τῃ
2191 2182 2557 2254 παράκλησις.
2601 2182 2755 2235 Ἐπεὶ
2792 2177 2885 2235 οὖν
2910 2183 3243 2253 ἁμαρτήσας
3284 2184 3314 2236 ὁ
3356 2182 3546 2247 Δαὸὶδ,
3585 2182 3680 2236 καὶ

2095 2274 2170 2338 ὡς
2210 2273 2550 2346 στρατιώτης
2601 2273 2824 2343 βασιλέα
2862 2273 3217 2346 παρώργισεν
3253 2275 3345 2329 τὸν
3376 2276 3545 2340 Θεὸν,
3584 2276 3681 2330 καὶ

2097 2366 2173 2430 ὡς
2196 2366 2383 2431 δοῦλος
2412 2366 2679 2438 δεσπότην
2706 2366 3025 2439 θυμωθῆναι
3058 2367 3345 2438 ὲποίησεν’
3381 2367 3472 2421 διὰ
3502 2367 3679 2422 ταῦτα

2097 2458 2263 2524 ἀξιῶν
2292 2459 2387 2513 καὶ
2427 2458 2705 2524 ἱκετεύων,
2747 2460 2825 2524 ὡς
2861 2460 3082 2532 οἰκέτης
3116 2461 3386 2532 δεσπότην
3417 2461 3509 2514 τὸν
3544 2461 3681 2516 Θεὸν

2096 2552 2435 2623 παρεκάλει·
2474 2554 2674 2621 Κύριε,
2692 2552 2778 2623 μὴ
2807 2553 2888 2619 τῷ
2934 2551 3097 2624 θυμῷ
3125 2568 3241 2608 σου
3269 2554 3526 2623 ἐλέγξῃς
3564 2572 3643 2624 με
3662 2597 3680 2619 ,

2096 2640 2250 2710 μηδὲ
2275 2639 2348 2708 τῇ
2384 2639 2531 2711 ὀργῇ
2564 2655 2682 2696 σου
2707 2641 3047 2711 παιδεύσῃς
3086 2660 3185 2713 με.
3227 2643 3547 2714 Ἐθυμώθης
3587 2662 3679 2715 μοι

2101 2734 2506 2804 ἁμαρτήσαντι,
2552 2732 2872 2804 διαλλάγηθι
2915 2735 3310 2805 μετανοήσαντι
3334 2750 3348 2763 ·
3398 2733 3681 2805 ὠργίσθης

2100 2824 2449 2895 πλανηθέντι,
2486 2823 2735 2894 ίλάσθητι
2781 2825 3191 2897 ἐπιστρέψαντι.
3225 2825 3328 2878 Τὸν
3356 2825 3449 2879 σὸν
3476 2827 3642 2897 ὅρκον
3661 2868 3679 2892 ,

2098 2916 2363 2980 Δέσποτα,
2428 2916 2565 2989 πρὸς
2617 2915 2933 2992 δυσώπησιν
2977 2917 3275 2990 προσφέρω
3319 2934 3420 2972 σοι.
3466 2914 3678 2982 Εἷπας’

2099 3012 2237 3066 Κατ’
2252 3012 2512 3081 ἐμαυτοῦ
2542 3012 2766 3082 ὤμοσα,
2803 3013 2894 3067 ὅτι
2927 3013 3000 3066 οὐ
3033 3013 3336 3081 βούλομαι
3372 3010 3482 3065 τὸν
3508 3011 3683 3067 adra-

2099 3117 2206 3155 τον
2218 3100 2324 3155 τοῦ
2340 3102 2692 3170 ἀμαρτωλοῦ
2720 3102 2855 3173 (52),
2873 3103 2953 3169 ὡς
2977 3101 3044 3156 τὸ
3064 3100 3417 3171 ἐπιστρέψαι
3447 3102 3546 3156 καί
3574 3099 3684 3170 ζῇν

2100 3193 2305 3246 αὐτόν.
2343 3191 2677 3263 Παρακαλῶ,
2706 3192 2735 3246 ὅ
2762 3188 2926 3255 εἶπας
2947 3192 3192 3263 ποίησον.
3236 3192 3388 3246 Ἐπεὶ⁸
3418 3187 3513 3245 οὖν
3550 3192 3683 3245 πλα-

2100 3282 2285 3352 νηθεὶς
2308 3282 2646 3355 άπέστρεψα,
2683 3285 2778 3337 καὶ
2818 3284 3149 3355 ἁμαρτήσας
3188 3284 3510 3355 μετενόησα,
3564 3282 3683 3336 ἀλλ’

2099 3378 2197 3448 οὐχ
2229 3377 2304 3440 ὡς
2336 3377 2475 3430 Κάῖν
2505 3376 2617 3447 (55)
2654 3376 3158 3447 ἁπηναισχύντησα.
3198 3377 3435 3440 Ἐκεῖνος
3473 3379 3684 3449 ἐρωτη-

2100 3468 2235 3533 θεὶς,
2273 3469 2398 3524 Ποῦ
2430 3471 2610 3524 Ἀϐελ
2637 3473 2670 3524 ό
2695 3468 2958 3538 ἀδελφός
2989 3484 3145 3531 σονς
3186 3464 3359 3522 εἶπεν·
3400 3471 3484 3522 Οὐ
3511 3469 3683 3539 τινώ-

2099 3577 2247 3617 σκω.
2291 3561 2433 3631 Ἐγὼ
2459 3562 2611 3615 εἷπον
2631 3580 2645 3594 ο
2690 3562 2810 3616 Ὀτι
2844 3561 2961 3631 τὴν
2988 3561 3246 3630 ἀνομίαν
3265 3578 3385 3629 μου
3424 3561 3540 3630 ἐγὼ
3598 3580 3684 3631 τι-

2100 3654 2333 3710 νώσκω.
2361 3656 2560 3723 Κύριε,
2583 3654 2671 3724 μὴ
2710 3654 2791 3721 τῷ
2818 3656 2982 3724 θύμῳ
3001 3670 3118 3708 σου
3150 3652 3408 3724 ἐλέγξῃς
3433 3669 3530 3722 με.
3564 3653 3685 3706 Ἵνα

2101 3747 2511 3818 φιλανθρωπίας
2554 3746 2731 3817 τυχὼν
2769 3749 2862 3802 καὶ
2913 3747 3095 3811 ἄλλοις
3126 3746 3245 3810 ὁδὸς
3277 3745 3571 3816 μετανοίας
3592 3746 3684 3814 γέ-

2100 3854 2280 3906 νωμαι
2298 3854 2313 3868 ·
2357 3837 2443 3889 ἴνα
2467 3837 2665 3901 διδάξω
2702 3838 2937 3908 ἀνόμους
2958 3837 3058 3901 τὰς
3084 3834 3240 3901 ὁδούς
3273 3853 3398 3901 σου,
3426 3837 3524 3889 καὶ
3558 3835 3685 3890 ἀσε-

2102 3929 2215 3991 ϐεῖς
2249 3929 2342 3981 ἐπὶ
2374 3928 2434 3980 σὲ
2468 3929 2907 4002 ἐπιστρέφουσιν.

2174 4023 2271 4076 Διὰ
2313 4023 2366 4075 τί
2417 4023 2472 4075 δὲ
2518 4024 2612 4076 καὶ
2656 4022 2835 4091 ’Υπὲρ
2890 4021 3002 4091 τῆς
3046 4020 3261 4092 ὀγδόης
3311 4021 3604 4092 ἐπεγράφη
3658 4023 3684 4075 ό

2100 4117 2341 4188 ψαλμόςς
2369 4119 2471 4182 Είς
2507 4117 2572 4170 τὸ
2609 4118 2786 4182 τέλος
2831 4116 2939 4187 γὰρ
2968 4117 3039 4170 ὲν
3078 4115 3290 4185 ὕμνοις
3325 4114 3573 4184 ψαλμὸς
3606 4114 3685 4181 τῷ

2101 4209 2277 4263 Δαϐὶδ
2302 4208 2452 4275 ὑπὲρ
2475 4206 2585 4276 τῆς
2614 4206 2850 4277 ὀγδόης.
2875 4204 3098 4275 Ὀγδόην
3125 4198 3264 4257 οἶδεν
3287 4205 3320 4275 ἠ
3346 4203 3446 4274 μὲν
3473 4202 3686 4257 Παλαιὰ

2103 4301 2346 4372 Διαθὴκη
2372 4299 2470 4373 τὴν
2500 4299 2833 4371 περιτομήν’
2867 4300 2901 4368 ἠ
2940 4297 2998 4350 δὲ
3035 4294 3214 4367 Καινὴ
3251 4293 3350 4365 τὴν
3378 4296 3443 4347 ὲκ
3469 4293 3685 4364 νεκρῶν

2103 4396 2420 4459 ἀνάστασιν,
2444 4398 2502 4447 ὲν
2524 4388 2557 4467 ᾖ
2591 4394 2620 4446 ὁ
2646 4392 2876 4456 θάνατος
2900 4382 3311 4462 περιτέμνεται.
3345 4387 3405 4442 '0
3431 4388 3541 4461 πρὸ
3571 4388 3685 4442 τού-

418 4481 618 4536 cedens
642 4483 883 4552 psalmus
913 4485 1208 4556 inscriptus
1234 4496 1318 4541 est
1346 4508 1358 4542 :
1398 4488 1501 4542 Pro
1532 4505 1593 4543 ea
1622 4507 1740 4560 quia
1774 4492 1996 4545 ha'rcdi-

2101 4507 2215 4553 του,
2254 4488 2432 4555 ’Υπὲρ
2459 4485 2569 4555 τῆς
2594 4484 3093 4554 κληρονομούσης
3125 4481 3434 4553 ἐπεγράφη,
3466 4479 3686 4550 Ἐκκλη-

420 4582 582 4627 tatem
611 4577 971 4647 consequitur,
1005 4578 1119 4633 sive
1151 4578 1392 4634 Ecclesia
1435 4581 1547 4635 sive
1582 4583 1782 4636 anima.
1830 4582 1896 4636 Et
1934 4585 2000 4640 de

418 4666 727 4723 limredibus
790 4670 1011 4738 quidem
1067 4671 1247 4725 dixit:
1285 4672 1370 4725 12.
1423 4671 1771 4727 La'labuntur
1823 4693 1996 4731 onlnes

416 4763 505 4832 qui
553 4773 765 4831 sperant
817 4764 872 4816 in
912 4765 1078 4829 tc;in
1113 4775 1364 4817 a’ternum
1405 4767 1759 4822 exsultabant.
1797 4768 1871 4823 De
1899 4786 1997 4825 ex-

418 4854 723 4909 ltatredibus
771 4855 1063 4910 autemzfi.
1114 4855 1240 4910 Non
1288 4858 1541 4913 habitabit
1583 4861 1743 4929 juxta
1789 4875 1837 4916 te
1885 4881 1999 4917 ma-

416 4944 612 5014 lignus.
655 4944 757 5000 Ubi
799 4947 989 5002 didicit
1040 4947 1227 5013 David,
1259 4950 1423 5018 quod,
1456 4951 1508 5005 7.
1552 4951 1731 5007 Virum
1776 4956 1998 5025 sangui-

417 5052 542 5090 num
581 5045 629 5090 et
668 5038 907 5090 dolosam
954 5041 1293 5093 abominatar
1341 5041 1620 5109 Dominus,
1672 5048 1784 5115 ipse
1819 5058 1997 5102 autem

417 5129 541 5184 dulo
567 5129 749 5184 Uriam
787 5132 1172 5198 interemerat;
1209 5142 1261 5187 et
1292 5137 1436 5204 quod
1470 5130 1644 5191 onrnis
1687 5140 1999 5207 fornicator,

418 5232 505 5276 aut
531 5223 854 5287 immundus,
887 5237 988 5276 non
1013 5223 1163 5277 habet
1187 5227 1547 5282 ltwredilatcm
1573 5230 1627 5282 in
1656 5248 1815 5301 regno
1853 5233 2004 5288 Citri-

2108 4582 2228 4646 σίας
2252 4581 2498 4653 ἢψυχῆς.
2523 4579 2632 4631 Καὶ
2664 4579 2793 4650 περὶ
2820 4576 2920 4648 μὲν
2935 4576 3043 4629 τῶν
3073 4574 3425 4646 κληρονόμων
3467 4572 3683 4642 ἔλεγεν·

2105 4675 2643 4745 Εὐφρανθήσονται
2681 4670 2903 4736 πάντες
2940 4672 2993 4722 οἱ
3025 4665 3367 4730 ἐλπίζοντες
3404 4664 3507 4717 ἐπὶ
3547 4664 3648 4718 σοί
3668 4681 3683 4693 ’

2104 4771 2193 4834 είς
2213 4765 2398 4832 αἰῶνα
2427 4764 2920 4825 ἀγαλλιάσονται.
2952 4761 3090 4832 Περὶ⁸
3126 4758 3185 4813 δὲ
3222 4758 3333 4811 τῶν
3370 4756 3685 4826 ἀποκληρο-

2105 4861 2318 4929 νὸμων·
2370 4860 2454 4911 ὓύ
2498 4853 2855 4923 παροικήσει
2905 4866 3005 4906 σοι
3054 4849 3565 4919 πονηρευόμενος.
3602 4846 3683 4910 Ὠς

2105 4953 2307 5027 ἔμαθεν
2362 4955 2391 5006 ό
2445 4950 2630 5016 Δαϐὶδ,
2668 4951 2750 5003 ὅτι
2796 4947 3013 5015 Ἄνδρα
3041 4944 3303 5015 αἱμάτων
3349 4942 3450 4995 καὶ
3479 4940 3683 4994 δόλιον

2097 5048 2511 5113 ,ϐδελύσσεται
2540 5046 2754 5112 Κύριος
2779 5058 2792 5071 ·
2834 5040 2997 5102 αὐτὸς
3042 5037 3099 5091 δὲ
3154 5037 3293 5105 δόλῳ
3340 5034 3434 5087 τὸν
3487 5031 3682 5103 Οὐρίαν

2103 5141 2331 5199 ἀνεῖλεν,
2368 5138 2463 5193 καὶ
2496 5139 2577 5190 ὃτι
2601 5134 2720 5201 πᾶς
2748 5135 2970 5201 πόρνος
3002 5131 3041 5200 ἢ
3068 5129 3405 5196 ἀκάθαρτος
3430 5128 3548 5180 οὐκ
3568 5124 3681 5192 ἔχει

2104 5232 2512 5302 κληρονομίαν
2564 5231 2633 5283 ἐν
2675 5227 2749 5297 τῇ
2787 5226 3079 5293 βασιλείᾳ
3128 5223 3235 5278 τοῦ
3293 5218 3559 5289 Χριστοῦ
3588 5214 3681 5270 καί

490 5379 876 5450 "Joan.x,l.
953 5382 1220 5441 "Ezecli.
1269 5404 1484 5456 sunt,
1533 5390 1621 5446 ll.
1698 5391 1744 5424 ⁷⁸
1765 5392 1900 5450 Gen.
1924 5409 1996 5461 ιν,

2163 5395 2211 5427 "'
2237 5393 2378 5450 Psal.
2410 5410 2464 5458 ι,
2494 5391 2545 5446 5.
2623 5391 2669 5424 ⁸⁰
2696 5392 2826 5447 ibid.
2859 5392 2944 5448 l5.

494 5496 605 5562 (32)
653 5497 1042 5569 Ἂμαρτωλοῦ.
1099 5503 1175 5558 lla
1221 5505 1391 5559 multi.
1432 5506 1699 5562 Cancrum
1734 5509 1900 5564 David
1931 5512 2004 5565 ci-

421 5577 542 5645 tans
604 5571 766 5645 verba
791 5570 1140 5645 Ezechielis,
1193 5578 1405 5643 Species
1445 5588 1526 5630 est
1561 5581 1954 5644 proclironismi
1982 5620 1999 5645 ,

420 5640 896 5721 qualesiutcrdum
923 5647 1138 5701 Astcrio
1164 5640 1391 5719 aliisque
1435 5640 1690 5704 Patr'ibus
1729 5665 1824 5721 per
1846 5640 1999 5708 ineo;

422 5711 705 5779 gitantiam
734 5712 1069 5772 exciderunt.

498 5780 609 5850 (35)
643 5782 812 5840 Kdt'r.
851 5784 926 5843 De
960 5786 1129 5845 Caino
1169 5804 1293 5848 cum
1334 5789 1602 5862 elegantia
1642 5789 1872 5852 Basilius
1906 5792 2003 5852 Se-

2070 5510 2396 5566 ‘leuciensis
2438 5517 2579 5564 orat.
2636 5510 2670 5563 4
2711 5519 2837 5562 ante
2866 5509 3045 5580 linem,
3097 5508 3340 5578 ἔμψυχος
3369 5507 3540 5580 νόμος
3577 5510 3679 5572 τοῖς

2104 5581 2271 5653 ὁρῶσι
2299 5582 2643 5653 φαινόμενος,
2666 5580 2907 5653 ,ἔμπνους
2925 5579 3214 5653 στήλη’τὴν
3240 5579 3474 5653 ἀνομίαν
3502 5580 3679 5650 ὲκτρέ·

2106 5649 2542 5708 πουσαξιιιευίδο
2570 5653 2624 5705 in
2662 5649 2813 5721 libris
2850 5649 3033 5709 editis,
3073 5649 3182 5721 τὴν
3204 5649 3417 5721 ὁμοίαν.
3458 5654 3679 5721 insuper

2108 5725 2273 5778 deleri
2321 5723 2445 5777 volo
2473 5737 2666 5776 nomen
2699 5720 2839 5775 Κάῖν
2868 5738 2919 5789 p.
2973 5722 3078 5775 ΞΠ
3108 5720 3394 5791 (.hrysust.
3448 5720 3615 5777 Savil.
3643 5729 3677 5772 ι.

2111 5793 2220 5864 Vll,
2248 5798 2389 5868 quod
2429 5811 2459 5849 e
2482 5794 2747 5863 superiori
2779 5794 2918 5849 linea
2942 5797 3223 5861 repetitum
3256 5795 3522 5847 cernitur.
