3828 6314
412 292 517 350 ιιι

1683 286 1743 343 S.
1785 283 2059 341 ASTERII
2096 281 2398 339 AMASENJ

3546 266 3670 323 με

414 418 505 472 qut
522 408 715 458 octavo
736 401 825 457 die
853 414 958 456 non
978 396 1485 464 circumcidebatur,
1510 396 1825 452 maledictus
1844 407 1982 463 erat;

2120 396 2402 467 εγέννηται
2435 392 2568 465 (38).
2608 393 2668 446 Ὀ
2703 393 2779 463 μὴ
2805 387 3264 461 περιτεμνόμενος
3303 385 3360 437 ὲν
3386 381 3463 453 τῷ
3500 384 3669 452 νόμῳ

415 493 469 547 in
497 491 670 562 gratia
716 489 810 561 qui
849 504 956 545 non
987 496 1070 544 est
1099 487 1431 557 baptizatus,
1460 503 1491 542 a
1523 500 1688 556 regno
1719 486 1981 542 caelorum

416 592 709 638 extraneus
739 589 824 637 est
852 590 1015 651 atque
1043 579 1269 634 alienus.
1303 578 1402 644 Qui
1427 577 1570 632 enim
1601 577 1739 635 dixit
1762 580 1815 632 in
1836 577 1981 648 lege:

417 674 735 730 Haledictus
789 674 958 727 omnis
1009 671 1273 726 masculus
1297 671 1387 740 qui
1433 686 1535 723 non
1585 670 1987 723 circumcidetur

414 776 599 819 octavo
625 766 729 831 die,
760 764 1190 819 exterminabitur
1217 763 1397 815 anima
1431 761 1523 814 illa
1569 761 1635 815 de
1683 760 1874 830 populo
1894 761 1940 792 "
1965 778 1981 828 ;

418 853 562 910 idem
596 870 718 910 cum
743 854 1053 923 iuramento
1078 852 1447 927 pronuntiavit
1486 851 1539 906 in
1573 853 1783 922 gratia:
1823 851 1989 905 Amen

416 960 569 998 amen
594 945 712 997 dico
761 944 875 1008 tibi,
924 943 1027 998 nisi
1059 946 1177 1013 quis
1222 955 1435 996 renatus
1471 942 1630 1011 fuerit
1677 957 1742 995 ea:
1773 958 1912 1009 aqua
1939 952 1987 995 et

420 1032 646 1104 Spiritu,
682 1050 785 1089 non
814 1047 979 1105 potest
1009 1036 1184 1090 videre
1220 1050 1433 1104 regnum
1472 1033 1568 1088 Dei
1590 1031 1735 1088 ⁸⁷.-
1754 1033 1819 1087 In
1834 1032 1991 1101 linem

418 1144 515 1196 pro
544 1137 745 1183 octava.
772 1126 838 1181 In
864 1127 1022 1197 ﬁnem
1068 1128 1281 1198 quare?
1318 1128 1455 1195 Quia
1495 1126 1650 1181 initio
1698 1125 1861 1181 dixit:
1889 1123 1994 1178 Do-

420 1221 585 1285 mine,
614 1236 678 1274 ne
699 1220 754 1273 in
784 1219 961 1287 furore
991 1228 1082 1274 tuo
1101 1235 1296 1289 arguas
1321 1233 1400 1272 me
1426 1233 1446 1272 :
1488 1217 1643 1288 quasi
1671 1216 1890 1286 quidam
1914 1214 1995 1269 di-

422 1320 654 1368 cerent:
689 1311 1061 1367 Emuditusne
1081 1310 1203 1366 est?
1248 1310 1467 1365 ubinam
1514 1324 1803 1379 possumus
1845 1307 1998 1362 inve-

423 1401 542 1457 nire
574 1403 716 1471 quod
741 1411 864 1471 post
909 1414 1099 1470 preces
1133 1398 1423 1455 exauditus
1466 1397 1663 1454 fuerit?
1684 1397 1994 1467 respondet:

425 1492 494 1547 In
527 1493 708 1562 ﬁnem.
743 1492 886 1562 Lege
918 1491 1078 1547 linem
1116 1490 1334 1563 psalmi,
1360 1500 1416 1546 et
1441 1491 1677 1560 reperies
1696 1489 1995 1545 dicentem:

426 1584 482 1642 9.
531 1584 793 1638 Discedite
848 1601 880 1638 a
920 1600 1038 1647 me,
1083 1599 1259 1637 omnes
1292 1583 1384 1652 qui
1432 1583 1722 1653 operamini
1748 1581 2000 1652 iniquita-

427 1682 571 1738 tem;
596 1675 842 1745 quoniam
870 1673 1135 1728 exaudiuit
1182 1672 1437 1728 Dominus
1481 1689 1657 1728 vocem
1689 1672 1842 1741 ﬂetus
1869 1671 2001 1735 mei;

430 1763 665 1821 intendit
688 1766 1057 1835 deprecationi
1089 1780 1240 1820 mere.
1274 1763 1547 1832 Quando?
1576 1763 1645 1818 In
1674 1763 1855 1833 ﬁnem.

2081 486 2443 557 ὀκταήμερος,
2468 481 2862 553 ὲπικατάρατος
2883 476 2972 552 ἦν·
3005 480 3035 533 6
3059 476 3135 548 μὴ
3167 472 3568 547 βαπτιζόμενος
3596 472 3669 523 ὲν

2080 577 2148 646 τῇ
2201 573 2420 644 χάριτι,
2457 571 2558 643 τῆς
2589 570 2863 641 βασιλείας
2905 566 3014 621 τῶν
3066 562 3312 638 οὐρανῶν
3362 562 3509 628 ξένος
3558 560 3668 613 καὶ

2084 664 2380 736 ἀλλότριος.
2429 663 2489 717 '0
2514 661 2624 735 γὰρ
2651 660 2819 716 εἰπὼν
2844 661 2904 713 ὲν
2933 658 3012 731 τῷ
3041 658 3212 729 νόμῳ·
3257 651 3669 720 Ἐπικατάρα-

2083 774 2187 822 τος
2209 755 2328 822 πᾶς
2346 753 2543 825 ἅρσην
2565 753 2633 821 ὃς
2663 755 2736 808 οὐ
2755 749 3251 822 περιτμηθήσετιιι
3274 744 3348 814 τῇ
3369 743 3564 815 ἡμέρᾳ
3585 740 3670 811 τῇ

2085 847 2292 918 ὀγδόῃ,
2318 844 2897 915 ἐξολοθρευθήσεται
2927 843 2966 911 ἠ
2988 839 3162 912 ψυχὴ
3198 837 3404 907 ἐκείνη
3448 835 3521 889 ἐκ
3550 832 3674 888 τοῦ

2085 938 2260 994 «iam?
2314 939 2346 991 6
2393 937 2556 1000 αὐτὸς
2598 934 2748 989 εἶπεν
2812 932 2951 1006 μετά
2996 932 3160 1003 ὅρκου
3203 931 3262 983 ὲν
3308 929 3377 998 τῇ
3430 924 3625 997 χάριτι
3655 938 3672 952 ⁶

2102 1031 2290 1101 Ἀμὴν
2328 1030 2489 1101 ἀμὴν
2531 1029 2685 1099 λέγω
2719 1043 2840 1094 σοι,
2892 1025 3001 1081 ἐὰν
3040 1022 3127 1095 μή
3161 1040 3252 1089 τις
3283 1016 3549 1091 γεννηθῇ
3596 1014 3676 1079 ἐξ

2089 1125 2309 1191 ὕδατος
2345 1123 2444 1178 καὶ
2471 1124 2835 1193 Πνεύματος,
2866 1122 2939 1175 οὐ
2972 1119 3221 1173 δύναται
3245 1112 3394 1168 ιδεῖν
3412 1107 3532 1179 τὴν
3554 1108 3680 1173 ,βα-

2091 1217 2332 1271 σιλειαν
2379 1215 2484 1270 τοῦ
2534 1215 2701 1270 Θεοῦ.
2751 1242 2824 1257 ——
2863 1214 2969 1277 Εις
3012 1208 3081 1263 τὸ
3128 1206 3305 1270 τέλος
3346 1199 3502 1270 ὑπὲρ
3556 1195 3681 1266 τῆς

2094 1306 2331 1377 ὀγδόης.
2377 1308 2481 1373 Εις
2511 1305 2580 1360 τὸ
2626 1303 2841 1370 τέλος,
2887 1301 2976 1356 διά
3034 1299 3121 1365 τις
3172 1294 3393 1365 Ἐπειδὴ
3437 1294 3520 1356 εις
3564 1291 3680 1360 τὴν

2095 1392 2271 1466 ἀρχὴν
2302 1389 2455 1447 εἶπεν
2471 1410 2485 1424 ⁸
2514 1394 2709 1462 Κύριε,
2746 1391 2833 1462 μὴ
2862 1390 2944 1457 τῷ
2970 1386 3135 1459 θυμῷ
3153 1401 3271 1441 σου
3291 1381 3551 1453 ἐλέγξῃς
3566 1395 3675 1450 με’

2097 1484 2174 1549 ὥς
2196 1502 2356 1541 τινων
2387 1485 2670 1554 λεγόντων,
2695 1479 2839 1556 Ἆρα
2868 1479 3228 1553 εἰσηκούσθης
3260 1476 3364 1530 ποῦ
3389 1471 3681 1543 δυνάμεθα

2098 1577 2301 1650 εὑρεῖν,
2324 1579 2407 1632 ὅτι
2431 1575 2868 1648 προσευξάμενος
2888 1569 3216 1643 εἰσηκούσθη
3236 1585 3253 1635 ;
3275 1565 3641 1636 ἀποκρίνεται
3661 1580 3677 1593 ⁸

2101 1674 2207 1737 Eli;
2228 1669 2295 1724 τὸ
2311 1669 2507 1737 τέλος.
2559 1667 2860 1737 ’Δνάγνωθι
2890 1664 2952 1719 τὸ
2992 1660 3271 1727 τέλος.τοῦ
3302 1655 3547 1730 ψαλμοῦ,
3579 1656 3684 1709 καὶ

2028 1753 2073 1813 Β
2101 1763 2355 1835 εὑρήσεις
2383 1762 2632 1831 λέγοντα·
2679 1759 3013 1825 Ἀπόστητε
3039 1756 3140 1811 ἀπ’
3165 1753 3336 1824 ἐμοῦ,
3360 1750 3590 1815 πάντες
3622 1750 3684 1801 οι

427 1857 800 1956 ἐργαζόμεζοι
827 1858 943 1927 τὴν
974 1859 1250 1929 ἀνομίαν,
1288 1858 1378 1912 ὅτι
1400 1858 1767 1956 εἰσήκουσαν
1788 1856 2005 1928 Κύριος
2040 1854 2155 1925 τῆς
2184 1856 2393 1927 φωνῆς
2430 1856 2537 1912 τοῦ
2582 1853 2891 1924 κλαυθμοῦ
2934 1869 3076 1923 μου,
3121 1849 3423 1923 προσέσχεν
3448 1847 3519 1918 τῆ
3557 1843 3687 1915 δεή-

430 1969 513 2007 σει
540 1970 663 2024 μου.
688 1953 827 2007 Πότε
849 1969 863 2019 ;
890 1955 995 2019 Εἰς
1022 1952 1088 2007 τὸ
1110 1951 1302 2018 τέλος.

483 2082 550 2137 In
573 2082 728 2153 ﬁnem
746 2098 840 2151 pro
856 2092 1053 2136 octava.
1081 2080 1194 2137 Cur
1217 2088 1400 2135 autem
1424 2091 1618 2135 octavo
1633 2078 1720 2135 die
1742 2078 2000 2134 Dominus

433 2173 771 2229 resurrexit?
794 2172 1060 2240 Quoniam
1091 2173 1263 2241 prima
1302 2172 1580 2227 [nominum
1614 2170 1837 2241 ogdoas,
1861 2179 2001 2224 temo

434 2281 567 2338 pore
587 2264 733 2332 Noae,
760 2275 880 2335 post
903 2264 1111 2335 antiqui
1132 2265 1280 2318 orbis
1304 2264 1604 2330 interitum,
1630 2276 1829 2317 novum
1856 2275 2005 2315 mun-

435 2357 561 2411 dum
604 2356 660 2410 in
692 2365 879 2411 nostro
915 2370 1116 2426 genere
1170 2356 1473 2410 suscitavit.
1518 2354 1809 2424 Postquam
1859 2351 2003 2407 enim

437 2449 672 2505 nmndus
694 2464 758 2504 ex
781 2448 1139 2503 fornicatione
1170 2447 1321 2502 febre
1349 2457 1594 2502 mortuus
1634 2455 1718 2501 est
1757 2459 1856 2514 per
1877 2456 2005 2514 pec-

437 2551 641 2606 catum,
668 2549 723 2596 et
746 2540 991 2611 sepultus
1018 2539 1119 2594 luit
1174 2540 1227 2593 in
1270 2538 1427 2607 aquis
1459 2536 1667 2600 diluvii,
1708 2546 1837 2591 tunc
1856 2544 2004 2590 octo.

438 2632 625 2687 uarius
655 2631 936 2686 hominum
980 2629 1159 2698 quiin
1211 2643 1341 2683 arca
1386 2635 1635 2683 servatus
1671 2626 1866 2689 fuerat,
1913 2637 2010 2695 per

441 2724 735 2778 ιιὺοιοτυιιι
804 2722 1202 2793 susceptionem
1266 2720 1523 2775 mundum
1598 2719 1898 2774 suscitavit.
1942 2715 2010 2771 Et

441 2814 585 2884 quod
628 2813 921 2868 liberorum
973 2809 1276 2882 procreatio
1318 2810 1534 2865 nomine
1599 2806 2011 2863 resurrectionis

444 2908 694 2970 donetur,
722 2901 848 2956 audi
905 2900 1068 2955 verba
1109 2899 1300 2955 matris
1349 2898 1490 2965 Evm,
1542 2898 1760 2967 quando
1807 2893 2013 2964 peperit

445 2995 708 3051 Setbum:
736 2993 1023 3050 Suscilavit
1056 2992 1191 3046 enim
1216 2990 1341 3044 mihi
1372 2989 1511 3043 Deus
1551 3003 1719 3044 semen
1746 2987 1892 3041 aliud
1917 3000 2011 3055 pro

444 3086 603 3143 Abele
623 3100 773 3157 quem
804 3084 991 3140 occidit
1017 3082 1150 3138 Cain
1180 3082 1247 3136 ⁸⁸.
1274 3080 1339 3135 Et
1366 3081 1450 3136 lex
1480 3099 1494 3136 :
1537 3078 1595 3135 Si
1628 3080 1772 3149 quis,
1816 3077 2011 3145 inquit,

447 3180 562 3235 sine
591 3179 769 3233 liberis
804 3166 1036 3231 mortuus
1076 3176 1257 3246 fuerit,
1295 3173 1519 3244 accipiet
1547 3173 1709 3240 frater
1745 3171 1858 3238 ejus
1879 3186 2015 3225 uxo-

449 3288 581 3336 rem,
611 3282 658 3324 et
710 3271 982 3324 suscitabit
1036 3284 1207 3322 semen
1248 3267 1409 3336 fratri
1439 3281 1534 3320 suo
1556 3264 1641 3319 ‘9:
1696 3272 1752 3318 et
1783 3274 1897 3317 erat
1927 3276 2015 3316 re-

2105 2177 2266 2250 ὁγδόῃ
2285 2174 2466 2246 ἡμέραιι
2482 2171 2681 2239 ἀνέστη
2707 2171 2735 2223 ὁ
2758 2166 2989 2238 Κύριοςς
3029 2164 3045 2185 ’

2107 2243 2204 2321 ἀνθ
2214 2243 2427 2336 ρῶπων,
2443 2243 2545 2315 ἐπὶ
2568 2258 2660 2312 τοῦ
2676 2255 2818 2321 Νῶε,
2837 2252 2972 2325 μετά
2996 2252 3087 2306 τδν
3105 2248 3201 2303 τοῦ
3219 2244 3449 2301 παλαιοῦ
3470 2243 3685 2313 κόσμου

2111 2334 2338 2411 θάνατον
2357 2396 2371 2419 ,
2419 2352 2536 2407 νέον
2557 2351 2758 2421 κόσμον
2784 2348 2863 2410 εἰς
2884 2345 3034 2415 γένος
3061 2342 3373 2411 ἀνέστησεν.
3389 2336 3520 2389 Ὅτε
3533 2334 3688 2404 γάρό

2109 2449 2311 2521 κόσμος
2326 2444 2564 2514 πυρέξας
2579 2444 2644 2513 τῇ
2668 2439 2913 2513 πορνείᾳ,
2935 2433 3202 2490 ἀπέθανεν
3219 2432 3287 2500 τῇ
3306 2422 3690 2521 ἀμαρτξᾳβιή

2113 2516 2287 2610 ὲτάιρη
2316 2541 2373 2591 ὲν
2400 2538 2512 2599 τοῖς
2540 2535 2634 2588 τοῦ
2658 2525 3042 2599 κατακλυσμοῦ
3068 2524 3278 2586 ὕδασιν,
3305 2519 3439 2610 τότε
3483 2516 3687 2586 ὀγδοὰς

2113 2607 2414 2699 ἀνθρώπων
2442 2626 2499 2678 ὲν
2524 2626 2590 2695 τῇ
2609 2619 2824 2690 κιϐωτῷ
2851 2614 3209 2687 φυλαχθεῖσα,
3243 2607 3331 2664 διὰ
3355 2607 3460 2678 τῆς
3497 2621 3690 2659 τεκνο-

2112 2698 2298 2793 γονίας
2324 2720 2417 2772 τὸν
2441 2718 2643 2787 κόσμον
2669 2712 2985 2783 ἀνέστησεν.
3018 2706 3128 2762 Καὶ
3166 2705 3251 2758 δτι
3289 2703 3324 2773 ή
3365 2698 3690 2793 τεκνογονία

2113 2788 2405 2875 ἀνάστασις
2439 2807 2675 2878 λέγεται,
2700 2805 2927 2860 ἄκουσον
2952 2800 3049 2870 τῆς
3074 2795 3278 2868 μητρὸς
3299 2793 3398 2864 τῆς
3422 2789 3573 2853 Εὔας
3597 2788 3691 2842 λε-

2115 2905 2336 2977 γούσης,
2366 2903 2455 2957 ὅτε
2476 2900 2660 2953 ἔτεκεν
2685 2895 2777 2950 τὸν
2807 2893 2913 2966 Σήθ
2933 2888 3063 2964 (59)⁶
3105 2880 3692 2977 Ἐεανέστησεῂτάρ

2112 2972 2215 3069 itas
2242 2972 2283 3050 ὁ*
2306 2993 2449 3059 Θεὸς
2478 2988 2713 3058 σπέρμα
2731 2987 2956 3055 ἕτερον,
2975 2981 3111 3038 ἀντὶ
3129 2981 3300 3034 Ἅϐελ
3327 2977 3400 3031 ὃν
3425 2972 3697 3069 ἀπέκτει-

2117 3063 2226 3145 νἐν
2249 3087 2416 3142 Κάτν.
2455 3082 2563 3137 Καὶ
2591 3081 2621 3133 6
2651 3078 2813 3150 νόμος
2837 3091 2850 3105 ⁸
2894 3073 3035 3132 Ἐάν
3059 3089 3169 3140 τις,
3202 3069 3385 3141 φησὶν,
3412 3063 3691 3131 ἀποθάνῃ

2120 3182 2390 3244 ἄτεκνος,
2422 3175 2681 3244 λήψεται
2708 3174 2741 3227 ό
2766 3166 3030 3238 ἀδελφὸς
3048 3163 3235 3220 αὐτοῦ
3265 3159 3383 3231 τὴν
3406 3157 3691 3231 γυναῖκα,

2124 3271 2224 3327 καὶ
2255 3265 2654 3336 ἐξαναστήσει
2685 3261 2921 3331 σπέρμα
2947 3257 3028 3325 τῷ
3058 3252 3298 3325 ἀδελφῷ
3333 3250 3551 3308 αὐτοῦ·
3598 3250 3697 3304 καὶ

448 3362 728 3417 suscitatio
753 3360 1005 3417 exstincti
1037 3376 1100 3414 ac
1122 3358 1318 3422 mortui
1334 3356 1547 3426 generis
1570 3354 1862 3411 renovatio.
1881 3353 2013 3420 Quia

2124 3321 2645 3439 vﬂvgéuvdcruat;
2703 3321 3060 3424 σϐεννυμένου
3111 3321 3224 3402 καὶ⁷
3252 3344 3697 3414 ἀποθνήσκοντος

451 3454 613 3525 Igitur
634 3454 803 3524 prima
832 3453 1047 3523 generis
1092 3451 1419 3507 resurrectio
1464 3460 1586 3520 post
1630 3447 1883 3502 diluvium
1928 3460 2024 3514 per

452 3557 576 3603 octo
603 3546 849 3601 homines
875 3546 1015 3601 facta
1045 3555 1150 3609 est,
1197 3543 1401 3598 idcirco
1444 3550 1500 3596 et
1527 3540 1736 3612 primus
1764 3536 2025 3592 Dominus

459 3642 907 3698 resurrectionem
933 3648 1269 3693 mortuorum
1294 3638 1346 3691 in
1372 3644 1559 3691 octava
1584 3635 1802 3688 inchoat
1822 3645 2027 3700 ;quan-

455 3736 525 3789 do
546 3734 691 3789 velut
720 3734 774 3787 in
807 3747 934 3786 arca
961 3731 1014 3785 in
1048 3730 1298 3799 sepulcro
1353 3737 1608 3796 tanquam
1653 3724 1765 3780 Noe
1808 3719 2024 3787 mansit,

455 3836 513 3881 et
564 3820 856 3892 impietatis
912 3819 1112 3875 diluvio
1161 3818 1320 3873 linem
1370 3815 1644 3885 imposuit,
1695 3812 2028 3880 tradiditque

457 3916 782 3983 baptismum
848 3909 1298 3980 regenerationis;
1355 3917 1412 3961 ut
1451 3904 1752 3975 conscpulti
1780 3905 1894 3970 ejus
1933 3903 2030 3957 ba-

459 4006 679 4077 ptismo,
739 4011 1023 4058 consortes
1061 3999 1476 4056 resurrectionis
1505 3999 1675 4069 ipsius
1708 3996 2026 4052 elliciamur.

460 4099 649 4168 Itaque
677 4098 935 4166 quoniam
983 4107 1174 4150 octava
1226 4093 1371 4149 clare
1408 4093 1461 4147 in
1523 4092 1638 4160 lege
1687 4087 2033 4160 prrevulgavit

462 4193 920 4249 resurrectionem
976 4200 1353 4251 mortuorum,
1397 4200 1462 4240 ac
1529 4182 1937 4239 retributionem
1964 4180 2033 4235 ad

462 4284 795 4355 singulorum
823 4289 1331 4352 opera;capropter
1380 4275 1550 4331 David
1596 4274 1836 4345 quicum
1866 4286 2035 4327 uxore

467 4376 609 4433 Uria:
642 4384 983 4447 peccaverat,
1020 4388 1118 4443 pro
1143 4383 1355 4434 octava,
1400 4378 1455 4423 et
1486 4383 1585 4438 pro
1638 4365 2036 4421 resurrectione

462 4469 520 4525 in
543 4484 699 4524 suam
731 4468 1131 4528 remissionem,
1164 4464 1360 4519 orabat
1408 4477 1473 4516 ac
1518 4459 1763 4514 diccbat:
1795 4456 2034 4520 Domine,

465 4579 529 4618 ne
553 4563 605 4616 in
629 4562 806 4632 furore
829 4572 919 4613 tua
950 4575 1143 4629 arguas
1171 4574 1273 4621 me,
1300 4570 1463 4625 neque
1490 4555 1544 4608 in
1565 4555 1645 4605 ira
1669 4564 1759 4604 tua
1783 4549 2037 4617 corripias

2122 3433 2312 3528 γένους
2341 3452 2654 3513 ἀνανέωσις.
2715 3445 2869 3501 Ἐπεὶ
2907 3439 2999 3499 οὖν
3046 3439 3235 3513 πρώτη
3270 3437 3570 3500 ἀνάστασις
3599 3433 3697 3488 τοῦ

2123 3527 2312 3621 γένους
2338 3545 2474 3619 μετά
2497 3544 2588 3597 τὸν
2608 3536 2991 3608 κατακλυσμὸν
3016 3534 3104 3589 διὰ
3118 3531 3366 3602 ὀγδοάδος
3392 3527 3699 3601 ἀνθρώπων

2125 3620 2359 3711 ἐγένετο,
2389 3636 2476 3690 διὰ
2495 3633 2653 3689 τοῦτο
2683 3632 2776 3686 καὶ⁸
2798 3632 2826 3683 6
2854 3628 3060 3699 Κύριος
3094 3624 3306 3696 πρῶτος
3330 3621 3428 3693 τὴν
3460 3620 3698 3673 ἀνάστα-

2128 3710 2213 3788 σιν
2244 3731 2353 3784 τῶν
2389 3725 2598 3799 νεκρῶν
2637 3725 2694 3777 ὲν
2726 3724 2791 3794 τῇ
2820 3719 2977 3791 ὀγδόῃ
3020 3719 3245 3789 ἄρχεται
3269 3730 3283 3743 ·
3314 3714 3402 3768 ὅτε
3440 3710 3698 3781 καθάπερ

2127 3828 2185 3880 ὲν
2213 3821 2430 3892 κιϐωτῷ
2465 3820 2543 3891 τῷ
2567 3818 2722 3887 τάφῳ
2753 3815 2828 3878 ὡς
2859 3815 2889 3868 6
2932 3812 3056 3866 Νῶε
3082 3810 3317 3881 ἔμεινεν,
3347 3806 3440 3861 καὶ
3466 3805 3559 3858 τὸν
3595 3821 3696 3857 κα-

2128 3913 2438 3985 τακλυσμὸν
2474 3911 2573 3981 τῆς
2613 3905 2865 3969 ἀσεϐείας
2893 3903 3153 3965 ἔπαυσεν,
3191 3901 3286 3955 καὶ
3330 3899 3392 3952 τὸ
3417 3897 3700 3968 βάπτισμα

2130 4012 2231 4082 τῆς
2263 4002 2678 4076 παλιγγενεσίας
2699 3999 2969 4054 ἐπέδωκεν
2993 4012 3008 4026 ⁸
3041 3996 3127 4049 ἵνα
3154 3991 3509 4062 συνταφέντες
3534 3987 3702 4044 αὐτοῦ

2132 4079 2211 4175 τῷ
2251 4095 2578 4172 βαπτισμῷ,
2616 4091 2861 4147 κοινωνοὶ
2892 4089 2991 4160 τῆς
3031 4085 3377 4146 ἀναστάσεως
3412 4079 3580 4135 αὐτοῦ
3613 4096 3702 4147 γε·

2134 4168 2375 4262 νῶμεθα.
2431 4184 2582 4239 Ἐπεὶ
2612 4177 2705 4236 οὖν
2751 4181 2786 4251 ή
2831 4177 2992 4247 ὀγδόη
3025 4171 3425 4247 προεσὰλπιζεν
3466 4172 3525 4223 ὲν
3553 4168 3703 4239 νόμῳ

2134 4283 2233 4356 τὴν
2278 4280 2387 4334 τῶν
2436 4276 2644 4348 νεκρῶν
2680 4272 2995 4333 ἀνάστασιν,
3034 4267 3130 4322 καὶ
3178 4266 3278 4338 τὴν
3318 4262 3428 4318 τῶν
3460 4262 3704 4329 ,ἑκάστου

2135 4353 2311 4446 ἔργων
2357 4367 2735 4425 ἀνταπόδοσινο
2792 4362 2883 4416 διὰ
2927 4360 3100 4415 ταῦτα
3132 4357 3456 4430 ἁμαρτήσας
3489 4356 3571 4418 εἰς
3609 4353 3703 4424 τήν

2136 4464 2229 4520 τοῦ
2253 4461 2450 4533 οὐρίου
2478 4460 2507 4513 6
2535 4456 2719 4519 Δαὸὶδ,
2750 4454 2890 4525 ὑπὲρ
2913 4452 3011 4523 τῆς
3035 4450 3228 4521 ὀγδόης
3252 4449 3346 4502 καὶ
3368 4447 3467 4517 τῆς
3520 4448 3580 4499 ὲν
3623 4446 3705 4498 ἀν⁸

2141 4556 2254 4610 ἐσει
2290 4550 2452 4606 αὑτοῦ
2498 4547 2844 4608 ἀναστάσεως
2874 4540 3207 4615 παρακαλῶν
3245 4539 3427 4609 ἔλεγεν
3450 4554 3466 4568 °
3506 4538 3701 4605 Κύριε,

463 4671 567 4709 nte.
596 4654 693 4709 llic
729 4653 991 4722 resipisco
1013 4660 1067 4704 et
1090 4653 1370 4709 conliteor,
1390 4646 1612 4699 Domine
1637 4664 1652 4699 :
1685 4643 1737 4698 6.
1775 4641 2013 4707 Quonian

2136 4646 2221 4717 μὴ
2248 4643 2329 4709 τῷ
2367 4640 2531 4712 θυμῷ
2562 4655 2683 4722 σουί
2717 4634 2970 4705 ἐλέγξῃς
2994 4649 3070 4702 με
3089 4671 3103 4696 ,
3127 4629 3287 4722 μηδὲ,
3321 4626 3566 4722 τῇᾲόργῄζ
3595 4643 3706 4681 σου

468 4763 570 4799 non
595 4757 667 4799 est
701 4746 757 4798 in
781 4755 944 4795 morte
962 4742 1049 4810 qui
1077 4755 1272 4793 memor
1298 4740 1366 4791 sit
1392 4738 1469 4789 tui
1494 4752 1513 4800 ;
1558 4736 1613 4789 in
1643 4734 1844 4803 inferna
1862 4745 2033 4785 autem

465 4838 584 4909 quis
611 4831 944 4904 conﬁtebitur
974 4833 1190 4886 tibi?——
1221 4829 1289 4884 In
1313 4831 1471 4897 ﬁnem
1502 4844 1597 4897 pro
1630 4837 1811 4881 octaua
1843 4827 1898 4877 in
1920 4841 2038 4877 car-

470 4930 697 4984 minibus
718 4929 953 4998 psalmus
982 4925 1174 4979 David.
1207 4920 1274 4975 Et
1314 4930 1461 4975 recte
1509 4935 1606 4988 pro
1629 4928 1817 4973 octava
1844 4931 2036 4987 preca-

471 5020 654 5083 batur,
689 5028 913 5073 octavus
949 5014 1117 5071 Jesste
1155 5014 1318 5074 (ilius,
1376 5022 1435 5065 et
1461 5020 1613 5080 pater
1638 5008 1841 5064 Christi
1869 5007 1958 5077 qui
1987 5006 2038 5061 in

473 5122 667 5167 octava
700 5109 1021 5164 resurrexit.
1071 5106 1139 5159 In
1160 5104 1315 5172 ﬁnem
1348 5119 1366 5157 :
1411 5112 1523 5156 tum
1553 5101 1709 5171 hujus
1740 5101 1885 5163 vitae,
1923 5108 2035 5153 tum

476 5204 661 5257 mundi
686 5200 1125 5271 compressionis.
1159 5195 1418 5250 Primitite
1463 5195 1742 5260 Christus;
1776 5193 1965 5247 deinde
1999 5191 2039 5247 ii

474 5300 564 5367 qui
594 5306 713 5350 sunt
748 5293 963 5360 Christi,
1003 5296 1058 5345 in
1095 5292 1317 5344 adventu
1349 5289 1460 5357 ejus
1485 5289 1553 5340 ⁸⁸.

547 5416 593 5449 ⁸⁸
625 5412 763 5470 Gen.
796 5426 929 5475 xvn,
956 5410 1044 5464 14.
1119 5409 1164 5441 ⁸⁷
1194 5406 1348 5463 Joan.
1375 5421 1455 5473 ιιι,
1485 5406 1538 5461 5.

551 5534 662 5606 (‘58)
696 5535 796 5600 Εῑς
825 5532 1138 5601 πορφύραν
1155 5527 1527 5606 γεγέννηται.
1555 5525 1610 5579 In
1637 5522 1887 5594 purpuris
1905 5521 2038 5585 nati,

476 5600 997 5681 mpguppyéwyzut,
1028 5603 1223 5681 nemini
1234 5615 1351 5681 -ιιορ
1375 5600 1482 5681 n_oti
1511 5607 1652 5677 sunt.

550 5660 823 5743 ἱδθΥὍτε
848 5660 1052 5727 ἔτεκεν
1089 5672 1196 5724 τὸν
1226 5669 1369 5743 ξῄθ.
1397 5669 1587 5743 itaque
1626 5668 1678 5743 in
1705 5661 1902 5743 Cyrillo
1947 5660 2039 5743 lib:

1609 5405 1654 5435 ⁸⁸
1682 5402 1819 5460 Gen.
1858 5417 1932 5468 IV,
1961 5400 2051 5455 25.

2142 4735 2475 4800 παιδεύσῃς
2520 4747 2616 4800 με.
2658 4720 2786 4780 Ὧδε
2822 4723 3071 4797 μετανοῷ
3111 4723 3206 4777 καὶ
3242 4719 3669 4791 ὲξομολογοῦμαι
3688 4756 3702 4779 ,

2143 4827 2410 4882 Δέσποτα’
2439 4824 2568 4874 Ὅτι
2596 4821 2707 4874 οὐκ
2744 4817 2917 4872 ἐστιν
2936 4815 3006 4869 ἐν
3036 4812 3118 4880 τῷ
3143 4812 3376 4877 θανάτῳ
3414 4814 3447 4866 ό
3479 4826 3706 4880 prmio-

2143 4920 2337 4978 νεύων
2370 4932 2487 4972 σου
2502 4932 2518 4947 ⁸
2539 4912 2690 4967 ἐκδὲ
2713 4908 2793 4976 τῷ
2815 4908 2930 4977 ᾄδῃ
2949 4909 3039 4973 τίς
3063 4902 3571 4975 ἐξομολογήσεταί
3592 4915 3705 4963 erat;

2144 5039 2216 5054 —-
2230 5011 2333 5075 Εἰς
2350 5007 2417 5061 τό
2437 5006 2610 5070 τέλος
2627 5001 2778 5071 ὑπὲρ
2800 4999 2908 5068 τῆς
2927 4998 3142 5066 ὀγδόης
3161 4997 3231 5049 ἑν
3248 4995 3457 5064 ὕμνοις
3475 4990 3707 5063 eum

2148 5101 2229 5167 τῷ
2261 5097 2457 5153 Δαϐιδ.
2491 5097 2602 5148 Καὶ
2628 5092 2807 5156 καλῶς
2836 5090 2977 5160 ὑπὲρ
3004 5088 3102 5157 τῆς
3134 5085 3326 5156 ὀγδόης
3349 5081 3705 5155 προσηύχετο,

2148 5195 2177 5246 6
2207 5190 2391 5259 ὄγδοος
2418 5186 2511 5241 τοῦ
2550 5182 2748 5238 Ἰεσσαὶ
2775 5183 2908 5246 υἱὸς,
2935 5181 3028 5233 καὶ
3055 5178 3236 5248 πατὴρ
3269 5174 3360 5229 τοῦ
3388 5175 3707 5232 ἀναστάντος

2150 5284 2209 5336 ὲν
2241 5284 2310 5352 τῇ
2342 5279 2505 5350 ὀγδόῃ
2532 5271 2789 5347 Χριστοῦ.
2812 5275 2914 5338 Εἰς
2953 5271 3017 5325 τό
3039 5271 3212 5334 τέλος
3236 5282 3250 5296 ·
3291 5264 3508 5336 καὶτῆς
3530 5263 3709 5317 τούτου

2129 5401 2174 5431 ⁸⁸
2197 5400 2351 5453 Deut.
2380 5411 2506 5460 xxv,
2535 5395 2591 5448 5.
2660 5394 2707 5425 ⁹⁰
2727 5390 2748 5445 l
2768 5390 2890 5446 Cur.
2916 5405 3006 5452 xv,
3026 5386 3118 5441 εὖ.

2147 5519 2246 5587 τῆς
2273 5515 2505 5587 ἀρχαίας
2532 5510 2778 5587 -ὲκείν-ης
2823 5505 3138 5587 γυναικὸς,Λ
3160 5501 3306 5574 φημὶ
3331 5499 3544 5587 δὴὶτῇς

2147 5569 2409 5655 saluating
2422 5569 2513 5637 τὸν
2532 5569 3027 5655 ΣήβίῈξιτήσάμην
3044 5569 3329 5655 ἄνθρωπον
3341 5569 3432 5625 διὰ
3450 5569 3548 5623 τοῦ
3565 5569 3709 5655 8530:,

2148 5662 2233 5712 vel
2293 5646 2422 5710 Sciit
2457 5670 2552 5721 pro
2582 5646 2982 5721 Cainrirrepsit,
3031 5646 3109 5721 vel
3142 5659 3383 5699 erratum
3448 5648 3706 5697 memoria

482 5716 754 5807 tum";
766 5716 1178 5811 Neitoiium'p;
1226 5716 1369 5795 Eii":-
1397 5716 1608 5792 ’ὁποῖόν
1627 5716 1774 5787 ’ἐστὶ
1807 5716 2013 5795 semp

2160 5738 2267 5790 est.
2289 5742 2354 5783 ex
2385 5716 2580 5784 Cenes.
2607 5736 2680 5783 tv.
2712 5720 2739 5775 l
2773 5716 3164 5779 castigandum.
