3828 6376
455 352 562 409 ιεε

1718 353 1784 410 S.
1817 345 2092 401 ASTERH
2131 347 2429 404 AMASENI

3587 346 3701 400 456

453 481 561 535 que
617 467 684 523 ob
733 467 1182 532 inobedientiam,
1243 481 1365 522 cum
1420 467 1742 536 deliquerit,
1780 465 2016 521 immittit

2124 466 2323 536 ακοὴν,
2357 467 2735 538 ἁμαρτήσαντι
2800 464 3021 533 ἐπάγων
3050 465 3148 528 τὰς
3180 465 3389 529 νόσους,
3413 465 3576 530 αὐτὸς
3607 465 3700 518 διὰ

453 561 707 623 morbos,
753 561 867 629 ipse
900 575 996 628 per
1025 560 1261 630 Moysem
1291 561 1594 614 Israelitico
1622 559 1819 628 populo
1839 558 1974 610 dixit
2008 579 2022 611 :

453 651 517 708 Si
538 654 727 707 auditu
765 653 995 706 audieris
1026 669 1200 706 vocem
1222 651 1434 706 Domini
1458 653 1552 706 Dei
1575 654 1674 716 tui,
1697 662 1746 706 et
1764 651 2025 705 custodie-

453 744 527 796 ris
575 744 825 797 mandata
878 747 1023 813 ejus,
1073 761 1277 798 omnem
1324 745 1598 810 morbum,
1655 761 1808 814 quem
1871 742 2026 796 intuli

453 830 743 901 Egyptiis,
771 849 874 886 non
897 834 1140 886 inducam
1177 851 1332 903 super
1363 845 1430 888 te.
1468 833 1578 903 Ego
1607 835 1746 887 enim
1777 849 1891 886 sum
1921 833 2026 884 Do-

451 924 627 978 minus
655 941 848 978 sanans
882 938 930 978 te
955 926 995 981 ⁸.
1028 925 1274 980 Dicenda
1327 937 1506 981 autem
1540 943 1555 981 :
1590 925 1647 979 Si
1699 926 1886 978 auditu
1927 942 2024 976 au-

449 1014 644 1080 dieris,
699 1031 802 1068 non
847 1016 1094 1069 inducam
1145 1017 1237 1069 tibi
1283 1020 1558 1080 morbum;
1613 1015 2021 1079 demonstravit,

455 1101 618 1156 Deum
660 1105 878 1159 morbos
917 1105 1212 1158 immittere
1254 1116 1473 1174 pr0pter
1521 1104 1937 1158 inobedientiam
1969 1112 2023 1155 ct

452 1195 666 1249 delicta.
703 1194 914 1252 Etenim
953 1196 1187 1268 IEgyptii
1215 1241 1229 1264 ,
1303 1197 1736 1266 quandoquidem
1772 1195 1881 1248 Deo
1917 1211 2019 1248 non

450 1286 912 1356 obtemperarunt,
959 1299 1012 1343 et
1042 1288 1306 1344 lsraelitas
1340 1305 1445 1344 non
1475 1289 1790 1353 emiserunt,
1824 1289 2023 1342 idcirco

448 1388 848 1447 aagrotaverunt
881 1380 1141 1447 correpti.

521 1470 588 1524 Et
619 1469 812 1534 David,
843 1473 1064 1539 quando
1091 1471 1291 1524 auditis
1314 1471 1618 1525 mandatis:
1646 1470 1768 1524 Non
1794 1471 2019 1523 moecha-

449 1559 583 1616 beris
609 1601 625 1626 ,
658 1577 760 1615 non
791 1562 991 1615 occides
1021 1562 1066 1628 ⁸,
1094 1562 1440 1631 contempsit,
1467 1561 1589 1616 ideo
1617 1575 1712 1629 per
1727 1560 2023 1628 correptio-

447 1669 571 1708 nem
604 1653 779 1708 factus
801 1665 887 1708 est
915 1638 1537 1707 inﬁrmussPutruerunt
1565 1655 1709 1707 enim
1729 1691 1744 1716 ,
1775 1654 1948 1721 inquit
1977 1653 2017 1714 ⁸.

447 1758 495 1802 et
532 1756 794 1813 corrupta:
839 1756 960 1800 sunt
1010 1746 1280 1800 cicatrices
1308 1763 1433 1801 mea:
1477 1764 1510 1800 a
1550 1746 1684 1815 facie
1708 1746 2021 1814 insipientia:

2125 555 2401 619 Μωῦσέως
2433 557 2616 625 ἔλεγεν
2645 557 2723 628 τῷ
2776 558 2988 628 Ὶραήλ·
3067 558 3202 611 Ἐὰν
3237 558 3387 624 ἀκοῇ
3421 558 3703 624 ἀκούσῃς

2123 646 2234 715 τῆς
2263 647 2466 716 φωνῆς
2508 649 2724 716 Κυρίου
2768 649 2877 703 τοῦ
2908 648 3055 702 Θεοῦ
3083 665 3228 714 σου,
3274 647 3372 700 καὶ
3417 645 3704 716 φυλάξῃς

2122 736 2228 800 τὰς
2274 736 2524 802 ἐντολὰς
2569 736 2775 802 αὐτοῦ,
2812 738 3019 793 πᾶσαν
3041 739 3249 801 νόσον,
3278 736 3357 804 ’ἣν
3393 737 3704 806 ἐπήγαγον

2123 826 2248 891 τοῖς
2269 829 2646 896 Αἰγυπτίοις,
2700 830 2812 882 οὐκ
2856 828 3056 893 ἐπάξω
3113 829 3211 882 ἐπὶ
3255 829 3350 884 σέ.
3393 829 3538 897 Ἐγὼ
3581 828 3702 896 γάρ

2121 921 2238 987 sint
2283 920 2495 986 Κύριος
2541 923 2575 974 ό
2620 919 2864 989 ἰώμενός
2896 936 2990 974 σε.
3037 920 3219 975 Εἰπὼν
3247 922 3326 985 δὲ,
3375 923 3506 975 Ἐὰν
3535 921 3701 989 ἀκοῇ

2120 1009 2409 1078 ἀκούσῃς,
2434 1014 2506 1065 οὐ
2521 1011 2608 1080 μὴ
2632 1015 2819 1066 νόσον
2832 1012 3034 1077 ἐπάξω
3073 1031 3199 1067 σοι⁸
3235 1012 3450 1077 ἔδειξεν,
3484 1014 3566 1066 ὅτι
3594 1014 3701 1077 τὰς

2120 1102 2307 1166 νόσους
2327 1104 2570 1172 ἐπάγειό
2592 1106 2722 1168 Θεὸς
2749 1106 2835 1158 διὰ
2866 1105 3150 1177 παρακοὴν
3178 1109 3268 1158 καὶ
3298 1108 3513 1177 ἀμαρτή
3523 1124 3696 1176 ματα.

2121 1196 2232 1248 Καὶ
2264 1196 2372 1268 γὰρ
2408 1199 2456 1250 οἱ
2487 1198 2793 1266 Αἰγύπτιοι,
2836 1198 3025 1267 ἐπειδὴ
3063 1198 3157 1250 τοῦ
3193 1197 3327 1250 Θεοῦ
3359 1200 3700 1268 παρήκουον,

2121 1289 2215 1340 καὶ
2257 1288 2346 1341 τὸν
2384 1289 2598 1360 Ἰσραὴλ
2631 1292 2730 1343 οὐκ
2763 1290 3110 1356 ἀπέστελλον,
3142 1290 3232 1343 διὰ
3276 1289 3433 1343 τοῦτο
3474 1291 3701 1343 ἐνόσουν

2120 1380 2514 1450 παιδευόμενοι.

2189 1473 2296 1526 Καὶ
2327 1473 2355 1525 ὁ
2381 1473 2562 1536 Δαδὶδ,
2593 1473 2775 1544 ἐπειδὴ
2803 1472 3060 1536 ἀκούσας,
3117 1475 3195 1527 Οὐ
3217 1475 3581 1542 μοιχεύσεις,
3618 1476 3699 1529 οὐ

2119 1559 2436 1626 φονεύσεις
2457 1600 2471 1623 ,
2508 1563 2870 1632 παρήκουσεν,
2896 1561 2984 1614 διὰ
3003 1560 3160 1614 τοῦτο
3193 1562 3498 1626 παιδευθεὶς
3529 1565 3698 1632 ἡσθέ-

2119 1664 2299 1717 νησεν.
2328 1647 2720 1716 Προσώζεσαν
2748 1648 2856 1720 γὰρ
2897 1650 2994 1703 καὶ
3041 1649 3365 1717 ἑσάπηστιν
3393 1655 3446 1705 cl
3485 1652 3698 1721 μώλω-

2121 1740 2230 1805 πές
2251 1758 2370 1810 μου
2389 1781 2404 1806 ,
2440 1742 2602 1812 φησὶν
2622 1783 2637 1807 ,
2671 1743 2786 1796 ἀπὸ
2819 1744 3140 1809 προσώπου
3186 1741 3295 1810 τῆς
3337 1744 3696 1812 ἀφροσύνης

448 1854 595 1894 metu.
653 1839 789 1906 Quia
829 1853 961 1908 ergo
1034 1840 1101 1892 ab
1151 1839 1460 1894 hominibus
1507 1839 1826 1908 castigatum
1858 1838 2016 1892 homo

2119 1847 2248 1897 μου.
2302 1832 2452 1884 Ἐπεὶ
2484 1827 2575 1885 οὖν
2619 1833 2708 1886 τὸν
2743 1833 2892 1900 παρὰ
2926 1833 3230 1904 ἀνθρώπων
3267 1835 3626 1889 παιδευθέντα
3665 1840 3699 1889 ὁ

447 1946 644 1986 sanare
671 1941 877 2000 potest;
914 1946 944 1985 a
979 1932 1088 1987 Deo
1117 1941 1295 1986 autem
1333 1940 1659 2000 correptum,
1693 1946 1798 1985 non
1833 1932 2014 1993 homo,

449 2039 553 2078 non
599 2024 854 2093 angelus,
910 2024 1004 2079 sed
1063 2023 1211 2078 solus
1251 2024 1391 2078 Deus
1448 2033 1603 2078 sanat
1646 2033 1699 2076 et
1733 2033 1924 2076 curat:
1957 2022 2016 2077 Si

445 2115 582 2167 enim
617 2116 899 2178 peccaverit
946 2116 1026 2168 vir
1060 2115 1114 2168 in
1162 2116 1361 2177 virum,
1400 2123 1448 2169 et
1488 2115 1705 2169 orabunt
1742 2131 1836 2184 pro
1863 2131 1923 2169 eo
1947 2115 2016 2167 ad

449 2206 728 2258 Dominum
750 2206 807 2271 7;
847 2207 891 2261 si
924 2205 1087 2275 judex
1114 2211 1302 2260 mortis
1331 2208 1657 2261 sententiam
1691 2205 1889 2271 tulerit,
1924 2221 2016 2260 rex

450 2298 709 2352 rescindit
743 2299 1106 2366 sententiam;
1139 2300 1183 2354 si
1217 2315 1311 2353 rex
1358 2300 1808 2369 pronuntiaverit,
1843 2299 2018 2353 tmllus

444 2389 712 2460 abrOgare
757 2399 934 2460 potest
977 2414 988 2446 :
1037 2391 1207 2444 David
1249 2391 1534 2445 Dominum
1573 2390 1662 2458 qui
1696 2391 2015 2444 verberare-

448 2490 555 2546 rat,
586 2481 702 2536 fieri
732 2483 835 2552 ipsi
864 2484 1126 2537 medicum
1164 2485 1432 2536 hortatur.
1454 2479 1597 2536 Sana
1630 2497 1742 2544 me,
1778 2481 2012 2545 Domine,

443 2575 692 2642 quoniam
732 2577 1048 2627 conturbata
1091 2585 1211 2626 sunt
1257 2590 1378 2626 ossa
1415 2590 1548 2626 mea.
1589 2573 1722 2628 Ossa
1788 2571 2018 2641 appellat

448 2679 554 2718 non
579 2665 826 2732 corporis
850 2705 866 2730 ,
902 2666 996 2719 sed
1039 2665 1246 2718 validas
1284 2664 1666 2734 cogitationum
1693 2663 1866 2725 vires,
1896 2677 2016 2730 quae

448 2763 508 2807 ut
539 2754 736 2810 fluctus
781 2756 1118 2809 conturbata:
1143 2754 1391 2820 fuerant,
1431 2754 1622 2824 spiritu
1644 2753 2016 2808 fornicationis

447 2846 685 2914 agitatae.
723 2846 1188 2912 Quemadmodum
1236 2846 1381 2898 enim
1430 2846 1481 2900 in
1534 2847 1670 2898 mari
1712 2844 1921 2898 initium
1949 2858 2016 2898 ac

447 2938 593 2991 velut
624 2938 901 2991 meditatio
941 2937 1340 3002 naufragiorum
1393 2947 1476 2990 est
1515 2935 1768 2990 fluctuum
1826 2935 2012 2989 turba-

450 3029 559 3087 tio;
597 3028 677 3082 sic
710 3027 763 3081 in
797 3028 977 3080 anima
1021 3028 1342 3096 principium
1394 3027 1642 3082 adulterii
1665 3067 1682 3092 ,
1711 3027 2015 3080 fornicatio-

445 3122 553 3186 nis,
583 3122 815 3190 peccati,
835 3131 919 3176 est
948 3122 1290 3190 cogitationis
1310 3122 1475 3175 animi
1505 3122 1745 3175 turbatio
1771 3136 2011 3175 ccenosa.

450 3211 634 3266 Primo
663 3225 894 3280 namque
939 3213 1120 3265 anima
1169 3213 1416 3280 turpibus
1443 3212 1725 3266 desideriis
1761 3223 2012 3282 tanquam

446 3317 607 3359 como
633 3303 894 3366 inficitur,
919 3305 1104 3372 sicque
1135 3305 1364 3357 incurrit
1398 3305 1450 3357 in
1484 3303 1856 3359 fornicationis
1887 3321 2017 3358 nau-

441 3396 699 3465 fragium.
741 3395 881 3450 Hinc
907 3405 1116 3465 spectat
1141 3395 1430 3450 affectuum
1461 3396 1705 3458 delicias,
1740 3395 1886 3450 illinc
1910 3397 2014 3450 mi-

449 3503 548 3542 nas
573 3488 689 3543 Dei.
719 3488 828 3543 Sed
851 3488 996 3543 sicut
1029 3497 1205 3542 nauta:
1243 3501 1307 3542 ac
1340 3487 1748 3556 gubernatores,
1775 3502 1896 3541 cum
1934 3488 2014 3541 vi-

448 3582 628 3636 derint
671 3581 739 3636 ab
777 3581 1020 3635 adversis
1070 3581 1245 3634 ventis
1291 3593 1441 3633 mare
1499 3579 1738 3646 incipere
1791 3578 2014 3641 turbari,

443 3671 733 3726 confestim
782 3684 902 3723 stne
951 3669 1212 3724 dilatione
1262 3669 1328 3722 ad
1378 3677 1566 3736 portus
1596 3668 1906 3738 appellunt,
1934 3669 2017 3722 vi-

449 3770 674 3828 tantque
717 3760 1051 3828 periculum;
1086 3769 1242 3812 extra
1293 3768 1475 3813 autem
1529 3761 1574 3814 si
1624 3759 2016 3829 permanserint

447 3854 822 3924 periclitantur
853 3873 868 3908 :
913 3855 985 3909 ita
1035 3855 1245 3922 ipse'tu
1283 3855 1710 3922 quotiescunque
1738 3853 2018 3922 cogitatio-

449 3946 607 4000 nibus
634 3945 870 4001 turbaris
896 3962 993 4015 per
1027 3946 1320 4015 voluptatis
1351 3956 1543 4001 ventos
1565 3986 1582 4011 ,
1617 3945 1763 4001 illico
1795 3948 1861 4000 ad
1893 3961 2018 4016 por-

452 4048 564 4091 tum
597 4037 856 4093 Ecclesiae
889 4053 1068 4093 curre.
1117 4038 1228 4093 Illic
1265 4039 1451 4093 audies
1483 4039 1550 4092 de
1591 4040 1941 4107 temperantia
1963 4047 2018 4094 et

448 4130 701 4184 castitate
721 4144 787 4183 ex
817 4129 1112 4198 Scripturis
1141 4138 1197 4182 et
1220 4129 1534 4184 doctoribus
1557 4168 1572 4192 ,
1608 4131 1749 4198 quod
1794 4129 2022 4198 fornica-

451 4233 588 4275 tores
622 4233 670 4274 et
711 4222 976 4275 adulteros
1019 4221 1280 4288 judicabit
1308 4221 1536 4286 Deus';
1590 4221 1732 4290 quod
1783 4223 2017 4275 honora-

450 4314 551 4366 bile
585 4314 946 4378 connubinm;
1013 4314 1156 4382 quod
1192 4328 1296 4366 non
1337 4315 1518 4382 nuptis
1563 4323 1618 4368 et
1662 4314 1837 4367 viduis
1884 4316 2017 4368 dicit

447 4403 766 4469 Apostolus:
791 4403 1000 4458 Bonum
1023 4413 1098 4457 est
1123 4404 1230 4458 illis
1251 4407 1295 4458 si
1323 4406 1397 4458 sic
1419 4406 1796 4469 permanserint
1817 4407 1945 4460 sicut
1967 4416 2016 4459 et

2116 1919 2248 1983 Θεὸς
2279 1919 2321 1952 ¹⁶
2349 1921 2602 1974 ἰάσασθαι
2625 1922 2869 1974 δύναται·
2897 1921 2990 1974 τὸν
3017 1921 3074 1974 δὲ
3103 1921 3252 1993 παρὰ
3281 1921 3374 1974 τοῦ
3401 1921 3532 1974 Θεοῦ
3565 1939 3697 1975 παι-

2113 2012 2386 2078 δευθέντα,
2412 2015 2512 2066 οὐκ
2547 2015 2848 2084 ἅνθρωπος,
2881 2015 2979 2067 οὐκ
3007 2014 3258 2084 ἄγγελος,
3295 2015 3432 2068 ἀλλὰ
3465 2016 3631 2086 μόνος
3662 2019 3696 2070 ὁ

2116 2105 2246 2169 Θεὸς
2283 2108 2424 2159 ἰᾶται
2469 2106 2894 2179 καηοεραπεύει
2917 2125 2930 2137 ·
2991 2108 3124 2162 Ἐὰν
3156 2109 3264 2178 γὰρ
3282 2108 3508 2178 ἁμάρτῃ
3528 2110 3695 2179 ἀνὴρ

2116 2201 2204 2262 εἰς
2251 2198 2466 2267 ἄνδρα,
2514 2201 2611 2252 καὶ
2655 2201 3089 2267 προσεύξονται
3142 2202 3271 2269 περὶ
3315 2201 3498 2255 αὐτοῦ
3535 2205 3694 2270 πρὸς

2115 2293 2368 2359 Κύριονο
2400 2291 2494 2345 ἐὰν
2527 2292 2708 2362 ἄρχων
2741 2291 3011 2360 ἀπόφασιν
3149 2295 3228 2357 εἰς
3257 2293 3504 2358 Θάνατον,
3555 2296 3697 2348 ἀναο

2115 2385 2304 2456 τρέπει
2336 2383 2588 2454 βασιλεὺς
2629 2384 2726 2454 τὴν
2755 2384 3029 2453 ἀπόφασιν
3049 2401 3062 2416 ·
3093 2386 3187 2439 ἐὰν
3211 2388 3239 2439 ὁ
3269 2385 3516 2455 βασιλεὺς
3553 2388 3695 2441 ἁπο-

2115 2477 2374 2546 φήνηται,
2401 2475 2573 2538 οὐδεὶς
2607 2474 2906 2546 ἀνατρέψαι
2937 2475 3156 2529 δύναται
3174 2492 3189 2506 ⁸
3219 2478 3247 2530 ὀ
3274 2477 3435 2530 Δασὶδ
3459 2478 3550 2530 τὸν
3591 2496 3697 2548 μαι

2114 2570 2365 2633 στίξαντα
2389 2570 2664 2640 Δεσπότην
2695 2570 2878 2638 ἰατρὸν
2902 2569 3151 2638 γενέσθαι
3191 2570 3338 2640 αὐτῷ
3359 2573 3691 2644 παρακαλεῖ.

2117 2660 2316 2714 Ἰασαί
2331 2675 2426 2728 με,
2448 2661 2643 2726 Κύριε,
2673 2659 2761 2712 ὅτι
2788 2659 3081 2728 ἐταράχθη
3104 2658 3175 2712 τὰ
3197 2657 3346 2714 ὀστᾶ
3355 2677 3493 2730 μου.
3524 2662 3695 2716 Ὄστᾶ

2111 2749 2168 2803 δὲ
2195 2749 2358 2817 λέγει,
2387 2748 2448 2801 οὐ
2473 2750 2540 2803 τὰ
2575 2749 2669 2802 τοῦ
2697 2748 2971 2820 σώματος,
3003 2749 3140 2804 ἀλλά
3161 2749 3261 2814 τὰς
3284 2751 3505 2822 ἰσχυρὰς
3534 2750 3694 2804 δυνά-

2117 2858 2237 2912 μεις
2275 2841 2384 2894 τῶν
2428 2841 2738 2911 λογισμῶν,
2770 2842 2969 2904 αἵτινες
3011 2841 3086 2904 ὠς
3119 2841 3337 2911 κύματα
3378 2842 3691 2913 ἐταράχθη-

2116 2950 2236 2994 σαν,
2265 2932 2535 3002 πνεύματι
2559 2934 2812 3003 πορνείας
2833 2931 3303 3002 κλυδωνιζόμεναι.
3340 2933 3549 3002 Ὥσπερ
3576 2934 3694 3006 γὰρ

2119 3024 2177 3076 ὲν
2211 3022 2456 3094 θαλάσσῃ
2480 3021 2622 3093 ἀρχὴ
2651 3023 2743 3075 καὶ
2766 3023 2962 3094 μελέτη
2985 3022 3094 3075 τῶν
3123 3022 3392 3091 ναυαγίων
3411 3026 3441 3076 ὁ
3461 3023 3571 3076 τῶν
3591 3041 3693 3076 κυ-

2120 3117 2304 3186 μάτων
2323 3117 2555 3185 τάραχος
2576 3131 2590 3146 ⁸
2615 3114 2786 3179 οὕτως
2807 3117 2864 3169 ἐν
2879 3119 2946 3187 τῇ
2970 3116 3113 3186 ψυχῇ
3136 3116 3276 3188 ἀρχὴ
3301 3118 3563 3187 μοιχείας,
3593 3119 3696 3171 καὶ

2117 3207 2389 3279 πορνείας,
2419 3209 2511 3262 καὶ
2531 3208 2824 3280 ἁμαρτίας,
2851 3210 2880 3262 ὁ
2903 3208 2998 3262 τοῦ
3034 3209 3292 3279 λογισμοῦ
3326 3213 3420 3280 τῆς
3447 3210 3694 3274 διανοίας

2119 3301 2454 3372 βορδορώδης
2472 3300 2728 3372 τάραχος.
2747 3301 2966 3373 Πρῶτον
2988 3301 3094 3374 γὰρ
3115 3303 3147 3374 ή
3167 3301 3312 3374 ψυχὴ
3334 3302 3693 3374 βορϐοροῦττιι

2114 3397 2233 3456 ταῖς
2259 3395 2509 3464 αἰσχραῖς
2531 3393 2868 3463 ἐπιθυμίαις,
2897 3394 2991 3447 καὶ
3023 3394 3194 3457 οὕτως
3222 3393 3483 3464 ἐμπίπτει
3515 3396 3598 3458 εἰς
3625 3394 3695 3448 τὸ

2115 3484 2214 3553 τῆς
2229 3485 2483 3556 πορνείας
2498 3485 2772 3552 ναυάγιον.
2792 3485 2982 3538 Ἔνθεν
2997 3486 3101 3557 ὁρᾷ
3117 3485 3185 3539 τὰ
3207 3485 3334 3556 ἡδέα
3344 3484 3450 3537 τῶν
3473 3486 3692 3549 παθῶν,

2116 3576 2324 3630 ἐκεῖθεν
2353 3577 2452 3640 τὰς
2480 3577 2706 3640 ἀπειλὰς
2736 3577 2828 3631 τοῦ
2866 3577 3021 3631 Θεοῦ.
3084 3578 3220 3630 Ἀλλ’
3248 3578 3435 3647 ὥσπερ
3465 3581 3514 3632 oi
3553 3579 3692 3632 ναῦ-

2116 3685 2205 3722 ται
2237 3669 2332 3721 καὶ
2365 3669 2414 3721 ot
2449 3668 2794 3739 κυϐερνῆται,
2825 3669 2902 3722 ὅτ’
2936 3667 3002 3722 ἂν
3037 3669 3250 3723 εἴδωσιν
3291 3670 3394 3722 ὑπὸ
3426 3669 3693 3723 ἐναντίων

2117 3761 2331 3831 ἀνέμων
2377 3760 2685 3831 ἀρχομένην
2720 3759 3083 3830 ταράττεσθαι
3121 3760 3425 3825 θάλασσαν,
3474 3761 3693 3830 ταχέως

2118 3853 2212 3907 καὶ
2245 3853 2625 3924 ἀνυπερθέτως
2666 3853 2760 3908 ἐπὶ
2803 3855 2928 3916 τοὺς
2958 3853 3184 3924 λιμένας
3220 3854 3563 3924 μεταίρουσιν
3594 3855 3693 3907 καὶ

2115 3945 2208 3999 τὸν
2237 3945 2476 3999 κίνδυνον
2504 3945 2860 4016 ἐκφεύγουσιν
2883 3985 2899 4009 ,
2931 3945 3036 4009 ἔξω
3056 3947 3113 3998 δὲ
3145 3945 3539 4015 ἁπομείναντες
3568 3964 3687 4001 κιν-

2116 4037 2454 4092 δυνεύουσιν·
2515 4038 2684 4104 οὕτως
2739 4039 2898 4101 αὐτὸς
2943 4038 3051 4092 τῶν
3101 4037 3372 4108 λογισμῶν
3427 4037 3528 4090 ὑπὸ
3577 4039 3691 4091 τῶν

2117 4131 2333 4202 ἀνέμων
2356 4133 2453 4202 τῆς
2476 4130 2781 4200 φιληδονίας
2801 4129 3218 4200 ταραττόμενος,
3247 4128 3456 4198 ταχέως
3479 4126 3577 4180 ἐπὶ
3595 4126 3692 4181 τὸν

2116 4223 2308 4294 λιμένα
2341 4223 2440 4294 τῆς
2482 4223 2806 4294 Ἐκκλησίας
2831 4223 3025 4293 δράμε.
3065 4221 3307 4284 Ἀκούεις
3331 4220 3458 4291 περὶ
3479 4237 3690 4291 σωφρο-

2120 4315 2282 4387 σύνης
2302 4316 2396 4369 καὶ
2423 4314 2640 4383 ἁγνείας
2665 4313 2772 4367 ἀπὸ
2793 4314 2901 4366 τῶν
2924 4313 3157 4384 Γραφῶν
3181 4312 3276 4365 καὶ
3300 4311 3408 4364 τῶν
3430 4311 3688 4366 διδασκά-

2116 4407 2243 4470 λων,
2270 4408 2353 4460 ὅτι
2380 4408 2648 4474 Πόρνους
2688 4407 2783 4460 καὶ
2819 4406 3070 4475 μοιχοὺς
3097 4402 3288 4472 κρινεῖ
3313 4407 3346 4458 ὁ
3377 4404 3518 4470 Θεός
3545 4420 3562 4434 ·
3603 4405 3686 4457 ὅτι

447 4511 539 4564 ego
585 4496 650 4559 ';
711 4496 854 4566 quod
906 4495 1247 4550 Adducentur
1303 4499 1409 4566 regi
1472 4497 1807 4567 virgines";
1872 4500 2012 4568 quod

2121 4499 2310 4567 τίμιος
2329 4501 2361 4550 ό
2389 4495 2594 4565 γάμος·
2626 4497 2706 4550 ὅτι
2735 4497 2881 4564 λέγει
2912 4499 3024 4560 τοῖς
3042 4497 3276 4567 ἀγάμοις
3310 4496 3403 4548 καὶ
3431 4498 3553 4557 ταῖς
3587 4496 3684 4566 χήο

445 4595 568 4638 sunt
613 4587 836 4639 eunuchi
887 4587 976 4657 qui
1032 4588 1227 4656 seipsos
1279 4599 1634 4643 castraverunt
1672 4601 1881 4659 propter
1928 4606 2012 4642 re-

445 4693 603 4746 gnum
632 4681 880 4731 crrlorunt
905 4680 973 4732 ³⁸.
1011 4679 1077 4732 Ει
1109 4689 1232 4734 ante
1258 4679 1671 4735 fornicationem
1697 4721 1712 4746 ,
1744 4681 2010 4750 cupidita-

446 4780 554 4825 tem
582 4772 689 4827 Deo
716 4774 980 4828 confitere
1001 4789 1064 4828 ac
1094 4774 1288 4829 dicito:
1321 4775 1569 4831 Miserere
1603 4779 1728 4841 mei,
1768 4777 2010 4840 Domine,

444 4863 691 4930 quoniam
735 4863 976 4930 inﬁrmus
1007 4879 1122 4915 sum
1146 4876 1165 4915 .'
1199 4865 1512 4919 infirmitate
1547 4877 1748 4919 natura:
1780 4867 2013 4919 circum-

446 4950 624 5004 datus.
667 4951 815 5006 Sana
843 4969 923 5005 me
943 4993 956 5014 ,
989 4953 1207 5006 Domine
1233 4993 1249 5018 ,
1292 4957 1540 5022 quoniam
1564 4959 1872 5010 conturbata
1892 4968 2010 5010 sunt

446 5057 564 5094 ossa
588 5059 701 5096 mea
722 5059 743 5097 :
780 5045 973 5098 anima:
1003 5046 1382 5114 cogitationes,
1417 5060 1535 5112 quae
1560 5047 1624 5100 ad
1657 5047 1930 5101 libidinem
1958 5059 2014 5101 et

445 5142 668 5198 peccata
717 5134 987 5201 captivum
1038 5150 1124 5186 me
1168 5134 1414 5187 ducunt:
1454 5134 1715 5198 Quoniam
1767 5138 2010 5204 cogitatio

445 5225 669 5276 hominis
695 5226 1022 5293 conﬁtebitur
1050 5230 1143 5281 tibi
1163 5230 1226 5280 η.
1246 5227 1510 5282 Cancrum
1529 5228 1670 5295 quod
1689 5242 1794 5280 non
1825 5227 2008 5297 loqua-

447 5327 535 5370 tur
564 5319 629 5370 de
654 5319 866 5370 ossibus
887 5320 1131 5388 corporis
1150 5360 1166 5387 ,
1200 5335 1263 5373 ea
1291 5319 1584 5374 ostendunt
1620 5333 1738 5386 qua:
1767 5333 2008 5386 sequun-

447 5418 554 5461 tur.
617 5409 903 5481 Subjungit
940 5412 1128 5466 enim:
1173 5411 1237 5465 Et
1283 5413 1463 5465 animo
1511 5426 1626 5464 mea
1674 5410 1884 5464 turbata
1933 5422 2007 5464 est

445 5498 614 5555 valde.

2122 4607 2242 4660 ραις
2268 4591 2296 4640 ὁ
2333 4588 2647 4651 Ἀπὸστολος
2671 4605 2683 4617 ο
2708 4588 2909 4643 Καλὸν
2932 4584 3136 4652 αὐτοῖς
3155 4588 3324 4640 ἐστιν
3349 4587 3459 4640 ἐὰν
3473 4587 3683 4654 μείνω·

2117 4695 2224 4732 σιν
2264 4679 2344 4744 ὡς
2387 4679 2579 4747 κάγώ’
2615 4681 2696 4732 ὃτι
2741 4679 3270 4748 Ἄπενεχθήσονται
3316 4677 3394 4743 τῷ
3434 4675 3684 4742 ,ϐασιλεῖ

2118 4769 2396 4838 παρθένοι
2413 4786 2427 4799 ·
2459 4771 2540 4823 ὅτι
2568 4770 2745 4824 Εἰσὶν
2773 4771 3051 4839 εὐνοῦχοι
3079 4770 3294 4836 οἵτινες
3319 4771 3684 4836 εὐνούχισαν

2116 4860 2369 4926 ἑαυτοὺς
2411 4860 2509 4914 διὰ
2562 4860 2675 4927 τὴν
2710 4861 3036 4925 βασιλείαν
3084 4860 3204 4913 τῶν
3247 4857 3538 4926 οὐρανῶν.
3576 4859 3680 4911 Καὶ

2118 4953 2223 5026 πρὸ
2253 4954 2352 5023 τῆς
2381 4953 2636 5020 πορνείας
2654 4992 2668 5012 ,
2693 4953 2763 5006 τὰ
2791 4953 2890 5022 τῆς
2917 4951 3213 5022 ἐπιθυμίας
3244 4950 3323 5021 τῷ
3345 4950 3464 5020 Θεῷ
3495 4950 3680 5016 ἐξαγοο

2120 5045 2316 5114 ρεύσας
2331 5043 2470 5096 εἰπέ·
2498 5043 2792 5112 Ἐλέησόν
2809 5060 2906 5112 με,
2929 5045 3121 5112 Κύριε,
3145 5041 3233 5095 ὅτι
3259 5041 3524 5108 ἀσθενής
3547 5043 3676 5109 εἰμι·

2116 5136 2398 5190 ἀσθένειαν
2430 5135 2644 5205 φύσεως
2693 5135 3090 5206 περικείμενος.
3136 5135 3325 5187 Ἵασαί
3353 5148 3448 5202 με.
3485 5133 3677 5200 Κύριε,

2115 5227 2204 5280 ὅτι
2236 5225 2530 5294 ἐταράχθη
2559 5225 2631 5278 τὰ
2658 5223 2810 5278 ὀστᾶ
2825 5242 2943 5293 μου
2967 5243 2979 5254 ·
3009 5224 3078 5276 τὰ
3105 5226 3201 5292 τῆς
3229 5223 3404 5292 ψυχῆς
3431 5221 3676 5290 ὲνθὺμια,

2117 5321 2198 5383 εἰς
2249 5319 2534 5386 ἀσέλγειαν
2582 5318 2676 5370 καὶ
2730 5315 3000 5388 ἁμαρτίας
3057 5331 3124 5384 με
3181 5311 3674 5383 αἰχμαλωτίζοντα·

2120 5414 2246 5466 ’Ὅτι
2270 5412 2548 5480 ἐνθύμιον
2563 5410 2873 5476 ἀνθρώπου
2897 5403 3403 5475 ἐξομολογήσεται
3417 5419 3537 5456 σοι.
3565 5402 3676 5453 Ὀτι

2119 5505 2174 5557 δὲ
2206 5503 2462 5574 περὶτῶν
2487 5501 2687 5554 ὀστέων
2724 5500 2784 5552 οὐ
2826 5498 2972 5566 λέγει
2999 5497 3089 5550 τοῦ
3123 5495 3406 5568 σώματος,
3443 5494 3595 5564 δηλοῖ
3617 5490 3676 5543 τὰ

447 5595 596 5666 sea;-
654 5595 847 5665 ἐπάγει
899 5596 1037 5667 γάρ’
1103 5594 1207 5650 Καὶ
1251 5597 1290 5664 ἡ
1342 5596 1512 5666 ψυχή
1551 5614 1669 5666 μου
1719 5597 2014 5667 ἐταράχθη
2044 5599 2297 5669 σφόδρα.

504 5758 526 5790 ⁵
553 5759 720 5814 Exod.
760 5776 846 5822 xv,
869 5760 958 5814 9.6.
999 5763 1018 5792 ⁵
1049 5761 1214 5814 Exod.
1243 5776 1335 5822 sx,
1368 5761 1451 5824 Μ,
1486 5760 1584 5829 15]
1621 5761 1641 5790 ⁸
1669 5760 1810 5814 Psal.
1858 5779 2016 5815 nam

2119 5764 2148 5815 ἰ.
2221 5763 2240 5793 ⁷
2271 5761 2290 5815 ι
2320 5759 2450 5825 Reg.
2490 5774 2546 5818 ll,
2570 5758 2661 5814 25.

1026 5835 1061 5862 "
1095 5831 1255 5884 Milllll
1321 5849 1428 5890 xu,
1457 5833 1542 5884 12.
1625 5831 1830 5886 "l'sal.
1871 5848 2028 5895 Lxxv,
2071 5834 2155 5886 il.

449 5830 492 5861 “
517 5830 653 5883 l'sul.
682 5848 824 5893 κων,
863 5833 945 5886 l5.

2733 5760 2936 5832 'Vllcbr.
2969 5773 3087 5826 xm,
3114 5757 3166 5812 4.
3242 5758 3262 5790 ⁹
3304 5756 3462 5833 lCor.
3494 5774 3587 5824 vn,
3619 5755 3649 5809 8

2239 5832 2282 5863 ¹³
2317 5830 2355 5883 f.
2387 5829 2691 5896 ἄνθρωπος.
