3828 6322
333 1706 335 1708 ·
433 1705 516 1751 est
535 1697 1017 1768 interpretationis,
1049 1696 1289 1752 historiae
1310 1694 1717 1752 demonstratio.
1740 1695 1996 1762 Quaenam

432 211 536 268 659
1695 209 1753 264 S.
1794 207 2070 264 ASTERII

2575 70 2577 72 .
2627 75 2685 105 ,Ὦ

2109 202 2414 264 ᾹΜΔΒΕΝΙ
3588 200 3738 264 160

431 342 551 380 cum
583 336 813 398 tyranno
866 327 1125 384 adversus
1167 341 1252 382 me
1307 326 1625 380 armantur!
1673 325 1999 394 Convertere,

2108 327 2236 379 πότε
2253 326 2369 380 ’ἀπὸ
2385 323 2480 377 τοῦ
2519 323 2799 393 Ἀχιτὸφελ
2831 325 2930 379 οὐκ
2967 323 3236 390 ὲκδικεῖς;
3273 321 3418 384 Ἕως
3446 322 3598 375 πότε
3641 324 3731 376 τὰ

433 417 672 478 Domine.
701 419 839 486 eripe
862 418 1090 472 animam
1120 432 1284 472 meam
1311 431 1328 468 :
1356 416 1559 487 salvum
1581 431 1662 471 me
1677 415 1765 485 [ac
1786 427 1996 487 propter

431 506 844 563 miscricordiam
891 503 1057 563 tuam.
1103 507 1240 576 Quia
1277 507 1448 579 ipsum
1497 507 1653 564 decet
1677 507 1870 579 gloria,
1901 509 1997 563 ho-

431 613 552 664 nor,
583 599 866 668 imperium
887 638 906 666 ,
940 614 1082 656 nunc
1116 608 1169 656 et
1218 613 1315 669 per
1351 597 1562 654 inﬁnita
1599 599 1790 656 saecula
1822 614 1995 656 saecu-

429 690 626 748 lorum.
657 693 850 748 Amen.

1147 879 1284 934 XXI.

953 969 1019 1024 In
1058 972 1312 1040 psalmum
1362 971 1466 1026 \‘ll.

429 1060 653 1118 Domine
694 1064 828 1117 Deus
855 1079 1031 1128 meus,
1090 1064 1144 1116 in
1180 1073 1227 1116 te
1257 1064 1491 1133 speravi,
1528 1062 1730 1117 saluum
1770 1077 1849 1116 me
1889 1061 1994 1130 (ac.

504 1153 965 1222 Quemadmodum
995 1154 1082 1223 qui
1117 1153 1275 1223 regite
1311 1153 1560 1224 imaginis
1585 1159 1858 1221 spectator
1893 1159 1994 1214 est,

433 1257 538 1298 non
572 1243 799 1314 deSpicit
823 1242 1082 1313 speciem.
1117 1257 1215 1298 nec
1253 1242 1678 1311 inscriptionem,
1711 1241 1806 1296 sed
1833 1248 1888 1295 et
1918 1240 1999 1308 pi-

433 1347 639 1389 cturam
671 1345 722 1387 et
759 1333 968 1388 titulum
1000 1342 1220 1404 aspectu
1263 1332 1642 1404 amplectitur:
1678 1332 1757 1387 sic
1788 1331 1880 1401 qui
1908 1345 1999 1385 su-

429 1425 877 1495 perscriptionem
924 1424 1115 1494 psalmi
1164 1423 1307 1494 legit,
1341 1414 1583 1492 quaerere
1623 1422 1780 1478 debet
1811 1421 2000 1477 inscri-

432 1513 693 1584 ptionem,
752 1527 983 1582 euntque
1042 1514 1130 1582 qui
1177 1514 1430 1583 scripsit,
1483 1527 1688 1566 necnon
1735 1526 1859 1567 eum
1906 1512 1998 1581 qui

433 1605 668 1676 scriptus
696 1615 798 1663 est.
833 1604 1010 1673 Quare
1053 1615 1232 1662 autem
1283 1606 1562 1676 inscriptio
1587 1605 1610 1658 ἲ
1639 1604 1836 1661 Oculus
1855 1604 1996 1659 enim
2032 1670 2071 1722 Β

435 1705 511 1722 Α-.
535 1697 995 1722 ζηιΑ--ι-Αολιῖηηει.
1049 1696 1287 1722 1.2-ι-ι..ἒω
1312 1694 1696 1722 ,ΙΛ-κηηηι-λιὲιι
1740 1695 1995 1722 Πηηι-ιηιω

435 1787 597 1857 igitur
642 1789 882 1859 apposita
923 1787 1113 1857 psalmi
1151 1785 1465 1857 inscriptio?
1499 1785 1550 1841 ‘l.
1593 1785 1840 1841 Pealmus
1887 1785 2000 1839 Da-

434 1879 546 1943 vid,
587 1897 738 1950 quem
783 1881 1012 1934 cantavit
1057 1879 1284 1934 Doniirto
1330 1895 1424 1946 pro
1471 1879 1638 1933 verbis
1693 1877 1854 1933 Clausi
1901 1879 2000 1947 ﬁlii

356 2019 362 2022 .
433 1968 651 2025 Jemim’.
696 1971 888 2026 Vidisti
935 1970 1086 2035 mihi,
1134 1971 1322 2037 frater,
1356 1970 1658 2026 columnam
1693 1970 2003 2040 inscriptio-

431 2078 582 2126 nem,
610 2070 663 2117 et
693 2064 1022 2131 praeconium
1068 2063 1390 2132 scripturam
1417 2099 1434 2126 ,
1462 2071 1516 2116 et
1551 2061 1867 2130 scriptorem
1901 2062 2001 2115 Da-

431 2153 630 2219 videm,
669 2163 832 2223 atque
878 2153 1068 2209 ducem
1121 2155 1392 2209 exercitus
1437 2157 1699 2222 scriptum
1773 2153 2002 2207 fortissi-

430 2259 579 2297 mum
626 2242 830 2298 Chusi?
888 2244 953 2299 Et
1001 2259 1098 2299 cur
1159 2259 1340 2300 sermo
1390 2244 1633 2298 meminit
1681 2243 1859 2298 illius?
1912 2243 2004 2297 Ille

432 2334 580 2391 beati
632 2334 849 2390 Davidis
897 2336 1165 2391 sociorum
1219 2338 1469 2405 princeps
1524 2334 1752 2391 exstitit.
1807 2335 2004 2390 Audite

433 2423 578 2478 enim
607 2433 740 2496 quot
765 2432 821 2479 et
859 2434 1061 2492 quanta
1105 2423 1272 2492 possit
1305 2422 1544 2478 amicitia
1572 2423 1626 2477 in
1661 2422 2000 2478 necessitate.

436 2510 717 2584 Siquidem
744 2513 982 2568 amicitia
1008 2511 1170 2568 Chusi
1204 2527 1330 2581 erga
1372 2511 1630 2567 Davidem
1664 2512 2000 2582 tyrannidem

433 2604 736 2670 destruxit;
787 2603 1024 2658 amicitia
1051 2611 1336 2673 tyrannum
1367 2601 1605 2664 evertit;
1647 2602 1877 2656 amicitia
1919 2609 2001 2671 ty-

435 2695 658 2750 rannide
687 2707 931 2763 pressum
979 2692 1211 2746 amicum
1251 2692 1360 2746 ulta
1406 2701 1520 2757 est;
1553 2692 1791 2747 amicitia
1838 2707 2002 2762 regno

438 2781 630 2836 fortior
671 2781 796 2836 luit.
829 2780 983 2848 Quod
1029 2780 1172 2836 enim
1211 2795 1433 2850 regnum
1486 2778 1672 2835 Davidi
1720 2794 1823 2835 non
1854 2779 2000 2847 fecit,

438 2876 540 2928 hoc
569 2874 772 2944 peregit
802 2872 965 2928 Chusi
999 2871 1235 2926 amicitia
1280 2871 1344 2926 ".
1396 2871 1654 2942 Princeps
1702 2880 1882 2927 autem
1914 2888 2003 2928 so-

437 2963 646 3019 ciorum
691 2963 969 3018 dicebatur
1014 2977 1120 3016 uno
1152 2977 1220 3017 ex
1253 2960 1465 3017 duobus
1518 2961 1713 3026 modis,
1759 2961 1844 3017 vel
1875 2963 2000 3032 quia
2027 2991 2073 3055 ο

436 3054 684 3110 societati
733 3053 926 3109 ducum
979 3053 1195 3109 Davidis
1250 3060 1498 3123 praeerat,
1554 3063 1806 3122 tanquam
1858 3053 2000 3123 prin-

437 3157 564 3215 ceps
595 3146 814 3211 ducum,
859 3143 942 3199 vel
979 3143 1105 3214 quia
1127 3144 1240 3211 jam
1288 3144 1414 3198 olim
1449 3153 1503 3199 et
1549 3143 1617 3197 ab
1647 3144 1800 3198 initio
1828 3147 1875 3198 ei
1915 3159 2001 3200 so-

436 3236 554 3291 cius
584 3236 899 3306 amicusque
927 3236 1228 3291 exstiterat.
1261 3235 1396 3291 Nam
1434 3251 1558 3291 cum
1610 3236 1776 3291 sciret
1807 3235 1998 3300 David,

413 3328 577 3397 equod
605 3327 781 3382 amico
813 3327 952 3382 ﬁdeli
991 3328 1123 3382 nihil
1154 3337 1240 3383 est
1276 3327 1604 3397 pretiosius;
1640 3335 1694 3382 et
1731 3327 1873 3383 sicut
1897 3329 2001 3383 duo

416 3419 579 3474 .oculi
620 3432 729 3474 uno
759 3420 824 3473 ad
864 3419 1072 3488 objecta
1112 3418 1340 3474 videnda
1389 3419 1792 3490 praestantiores
1840 3429 1998 3483 sunt,

437 3509 506 3562 ita
544 3517 599 3564 et
629 3509 745 3564 dua:
778 3508 970 3563 anima:
1016 3508 1334 3576 concordes,
1387 3523 1506 3577 quae
1555 3509 1674 3564 dua:
1725 3509 2000 3574 dicuntur,

419 3601 526 3656 sed
569 3615 673 3654 una
701 3614 819 3656 esse
849 3599 1119 3664 videntur,
1164 3599 1231 3653 ad
1273 3606 1514 3653 mutuum
1554 3597 1839 3653 consilium
1868 3597 2002 3653 ﬁunt

435 3687 695 3744 baculus:
744 3686 948 3743 idcirco
1001 3703 1107 3742 non
1159 3686 1262 3741 sibi
1319 3685 1420 3741 soli
1475 3685 1755 3740 consilium
1810 3699 2002 3755 capere

433 3779 727 3844 commisit,
771 3780 867 3834 sed
918 3777 1106 3832 amicis
1156 3790 1374 3846 quoque
1423 3790 1549 3831 eum
1600 3776 1716 3846 ipso
1755 3775 2002 3846 permisit

435 3867 767 3924 consultare.
819 3865 931 3921 Non
983 3867 1222 3936 gustavit
1269 3864 1582 3930 amicitiam,
1630 3879 1857 3934 eamque
1905 3880 2002 3919 ex.-

431 3958 612 4028 spuit;
671 3972 772 4013 nec
830 3958 1067 4011 animum
1129 3956 1397 4011 sincerum
1454 3956 1624 4009 instar
1679 3955 1999 4010 iraudulenti

437 4056 718 4105 aversatus
748 4058 831 4103 est
860 4065 875 4116 ;
918 4062 1092 4118 neque
1124 4056 1375 4116 tanquam
1407 4056 1619 4115 emptor
1658 4045 1883 4114 pecunia
1912 4061 2003 4102 ca-

437 4155 563 4196 rens
598 4147 800 4195 vestem
834 4141 887 4194 in
947 4137 1083 4204 foro,
1115 4138 1290 4194 induit
1329 4137 1584 4204 amicum,
1615 4139 1868 4208 exuitque
1892 4148 2003 4193 sta-

440 4234 571 4300 tim;
598 4245 769 4302 neque
795 4230 938 4286 velut
963 4240 1195 4286 veterem
1219 4229 1478 4298 tunicam,
1510 4239 1746 4286 veterem
1769 4231 2001 4286 amicum

2096 420 2187 473 ὑπ’
2218 418 2317 488 ἐμὲ
2358 415 2696 488 στρατόπεδα
2732 415 2872 487 μετὰ
2909 415 3002 470 τοῦ
3051 414 3315 487 τυράννου
3361 414 3480 466 κατ’
3546 411 3727 484 ἐμοῦ

2094 513 2442 578 ὁπλίζονται;
2489 511 2902 580 Ἐπίστρεψον,
2930 512 3125 578 Κύριε,
3160 508 3346 576 ῥῦσαι
3387 507 3506 574 τὴν
3565 510 3723 575 ψυ-

2097 605 2217 673 χήν
2233 619 2373 672 μουο
2414 601 2622 655 σῶσόν
2654 620 2730 672 με
2753 603 2960 657 ἕνεκεν
2989 601 3096 655 τοῦ
3127 601 3340 664 ἐλέους
3365 615 3508 652 σου.
3560 599 3724 650 ὀετι

2097 693 2244 764 αὑτῷ
2276 692 2474 764 πρέπει
2523 691 2670 759 δόξα,
2702 693 2857 764 τιμὴ,
2901 693 3123 764 κράτος,
3165 689 3260 742 νῦν
3306 689 3404 743 καὶ
3433 690 3518 752 είς
3555 689 3722 751 τοὺς

2097 785 2484 852 ἀτελευτήτους
2517 784 2719 849 αἰῶνας
2743 785 2852 840 τῶν
2877 784 3111 840 αἰώνων.
3156 783 3348 854 Ἀμήν.

2818 877 2953 931 KA'.

2579 971 2684 1035 Εἰς
2714 969 2820 1023 τὸν
2853 967 2901 1029 ζ’
2925 966 3191 1037 ψαλμόν.

2140 1061 2313 1129 Χύριε
2346 1065 2378 1115 ό
2415 1063 2557 1127 Θεός
2587 1077 2728 1130 μου,
2768 1060 2865 1113 ἐπὶ
2893 1043 2990 1112 σὸι
3025 1059 3275 1128 ἤλπισα,
3308 1056 3520 1112 σῶσόν
3541 1069 3660 1128 με.

2171 1154 2374 1225 Ὥσπερ
2399 1157 2427 1208 6
2453 1155 2551 1226 τῆς
2577 1152 2853 1224 βασιλικῆς
2881 1153 3085 1216 είκόνος
3114 1153 3310 1224 θεατὴς
3336 1151 3398 1204 οὐ
3453 1151 3712 1222 παρορᾷ

2098 1243 2163 1297 τὰ
2216 1245 2499 1316 πρόσωπα,
2532 1244 2652 1297 οὐδὲ
2701 1243 2769 1296 τὰ
2807 1244 3220 1313 ἐπιγράμματα,
3265 1242 3400 1297 ἀλλὰ
3441 1243 3542 1295 καὶ
3585 1243 3709 1313 τὴν

2099 1337 2314 1406 γραφὴν
2340 1337 2434 1389 καὶ
2467 1335 2562 1405 τὴν
2591 1335 2898 1405 ἐπιγραφὴν
2932 1333 3200 1404 βλέμματι
3228 1333 3552 1398 ἀσπάζεται·
3589 1333 3665 1386 οὔ
3687 1365 3706 1373 ~

2098 1443 2205 1489 τως
2231 1429 2258 1479 ὁ
2286 1425 2594 1498 ἐπιγραφὴν
2630 1424 2844 1496 ψαλμοῦ
2894 1413 3282 1493 ἀναγικώσκων
3309 1424 3490 1494 ζητεῖν
3525 1426 3632 1493 όφε
3646 1425 3702 1474 ἕο

2099 1517 2178 1569 λει
2209 1517 2305 1588 τὴν
2328 1515 2655 1587 ἐπιγραφὴν,
2691 1517 2786 1570 καὶ
2817 1515 2908 1569 τὸν
2939 1517 3246 1588 γράψαντα,
3276 1515 3371 1568 καὶ
3398 1516 3490 1567 τὸν
3517 1532 3699 1586 γρα-

2101 1609 2348 1679 φόμενον.
2387 1608 2497 1660 Καὶ
2523 1607 2612 1660 διὰ
2636 1606 2689 1660 τί
2730 1607 2791 1659 τὸ
2836 1606 3190 1677 ὲπίγραμμα;
3229 1603 3540 1675 Ὀφθαλμὸς
3573 1605 3703 1674 γὰρ

2100 1699 2198 1770 τῆς
2230 1699 2538 1769 ἑρμηνείας,
2593 1700 2626 1768 ἡ
2663 1697 2764 1767 τῆς
2811 1697 3049 1768 ἱστορίας
3085 1695 3356 1762 ἀπόδειξις
3391 1695 3525 1766 (47).
3585 1695 3700 1756 Τίς

2101 1786 2193 1841 οὖν
2239 1787 2631 1858 ηπροκειμένη
2669 1785 2764 1838 τοῦ
2800 1784 3014 1854 ψαλμοῦ
3058 1785 3372 1855 ἐπιγραφή;
3429 1782 3703 1850 Ψωὶμός

2100 1878 2180 1944 τῷ
2207 1878 2401 1940 Δαὸὶὸ,
2445 1877 2518 1930 ὃν
2562 1871 2716 1948 ᾖσεν
2763 1875 2844 1940 τῷ
2891 1876 3086 1943 Κυρίῳ
3121 1875 3272 1942 ὑπὲρ
3311 1873 3430 1926 τῶν
3479 1874 3702 1942 λόγων

2101 1971 2287 2024 Χουσὶ
2314 1970 2447 2024 υἱοῦ
2491 1969 2744 2038 Ἰεμενεί.
2777 1963 2932 2030 Εἷδές
2963 1985 3074 2037 μοι,
3104 1966 3315 2035 ἀδελφέ,
3350 1964 3556 2036 στήλην
3585 1965 3701 2032 τὴν

2101 2061 2433 2134 ἐπιγραφὴν,
2476 2063 2570 2114 καὶ
2610 2060 2882 2131 ἐγκώμιον
2923 2059 3022 2129 τὴν
3060 2059 3297 2128 γραφὴν,
3347 2057 3440 2109 καὶ
3463 2056 3699 2127 γραφέα

2100 2154 2190 2206 τὸν
2244 2153 2425 2218 Δαϐὶδ,
2483 2153 2573 2207 καὶ
2624 2150 2925 2223 στρατηγὸν
2979 2151 3257 2222 γραφέντα
3317 2149 3408 2203 τὸν
3450 2149 3699 2219 ἀριστέα

2102 2244 2302 2311 Χουσί;
2346 2244 2456 2296 Καὶ
2506 2241 2595 2295 διὰ
2637 2243 2689 2294 τί
2735 2244 2762 2295 6
2790 2242 2945 2310 λόγος
2979 2240 3144 2294 αὑτοῦ
3177 2241 3480 2311 μέμνηται;
3511 2234 3695 2300 Οὗτος

2102 2334 2194 2387 τοῦ
2237 2333 2506 2405 μακαρίου
2539 2332 2704 2386 Δαϐὶδ
2733 2333 3076 2405 ἀρχιεταῖρος
3103 2332 3340 2399 ἐγένετο.
3379 2328 3692 2382 Ἀκούσατε

2102 2426 2208 2496 γὰρ
2241 2421 2329 2480 οἷα
2357 2425 2451 2478 καὶ
2475 2427 2576 2478 ὅσα
2602 2423 2754 2491 φιλία
2782 2425 2838 2476 ὲν
2864 2423 3080 2496 ἀνάγκῃ
3111 2422 3350 2475 δύναται.
3385 2420 3543 2473 Φιλία
3572 2419 3694 2488 γὰρ

2101 2516 2135 2584 ὴ
2180 2513 2274 2567 τοῦ
2313 2515 2482 2568 Χουσὶ
2512 2515 2648 2586 πρὸς
2677 2515 2766 2568 τὸν
2824 2514 2983 2566 Δαϐὶδ
3022 2513 3308 2584 τυραννίδα
3339 2512 3547 2565 ἔλυσεν·
3591 2528 3689 2578 φι-

2103 2605 2198 2658 λία
2235 2605 2496 2676 τύραννον
2527 2605 2911 2675 κατέστρεψεν·
2949 2604 3099 2673 φιλία
3125 2603 3216 2656 τὸν
3249 2601 3690 2674 τυραννούμενον

2106 2696 2257 2765 φίλον
2279 2696 2608 2766 ἐξεδίκησεν·
2653 2697 2804 2766 φιλία
2840 2697 3112 2766 βασιλείας
3149 2696 3485 2767 ἰσχυρωτέρα
3509 2695 3683 2764 γέγο-

2103 2801 2210 2838 νεν.
2244 2786 2308 2838 Ὃ
2341 2785 2450 2856 γὰρ
2478 2786 2511 2856 ἡ
2541 2785 2787 2855 βασιλεία
2828 2787 2906 2856 τῷ
2931 2785 3093 2840 Δαϐὶδ
3119 2786 3219 2838 οὐκ
3247 2786 3517 2857 ἐποίησεν,
3549 2783 3685 2836 τοῦ·

2103 2893 2163 2928 το
2195 2877 2345 2944 φιλία
2369 2874 2464 2929 τοῦ
2489 2878 2656 2931 Χουσὶ¹
2684 2877 2956 2946 εποίησεν.
3007 2879 3377 2948 Ἀρχιεταίρος
3407 2879 3464 2931 δὲ
3493 2878 3686 2948 ἐλέγε-

2103 2985 2164 3020 το
2195 2967 2337 3020 κατὰ
2362 2967 2456 3022 ’ένα
2477 2968 2586 3022 τῶν
2609 2967 2702 3020 δύο
2731 2969 2967 3038 τρόπων,
3000 2969 3032 3039 ἢ
3067 2970 3148 3023 ὃτι
3181 2971 3282 3040 τῆς
3303 2973 3547 3043 ἑταιρίας
3570 2975 3687 3027 τῶν

2103 3059 2422 3130 στρατηγῶν
2474 3059 2638 3112 Δαϐὶδ
2683 3053 2849 3131 ἦρχεν
2885 3059 2962 3122 ὼς
3017 3061 3466 3132 ἀρχιστράτηγος,
3512 3063 3545 3132 ἦ
3593 3064 3682 3117 ὅτι

2103 3149 2307 3204 ἀνωθεν
2338 3150 2486 3221 αὐτῷ
2519 3150 2612 3202 καὶ
2643 3150 2879 3221 ὲξαρχῆς
2901 3151 3114 3221 ἑταῖρος
3139 3152 3235 3205 καὶ
3265 3152 3416 3219 φίλος
3438 3153 3679 3219 ἐγένετο.

2102 3237 2272 3301 Εἰδὼς
2309 3239 2417 3310 γὰρ
2443 3241 2472 3292 6
2498 3239 2680 3303 Δαϐὶδ,
2719 3240 2801 3292 ὅτι
2841 3239 2994 3307 φίλου
3025 3240 3217 3293 πιστοῦ
3251 3241 3366 3311 (48)
3393 3242 3546 3295 οὐδὲν
3591 3261 3680 3296 τι-

2107 3326 2394 3398 μιώτερον,
2440 3327 2535 3381 καὶ
2563 3327 2751 3397 ὥσπερ
2779 3329 2827 3381 οί
2861 3326 2954 3380 δύο
2977 3327 3244 3398 ὀφθαλμοὶ
3274 3329 3367 3382 τοῦ
3392 3330 3507 3394 ἐνὸς
3539 3332 3682 3402 πρὸς

2101 3418 2162 3472 τὸ
2191 3419 2325 3490 όρᾷν
2353 3417 2422 3471 τὰ
2444 3419 2780 3489 ὑποκείμενα
2804 3419 3238 3490 ἁναγκαιότεροι,
3269 3419 3438 3484 οὕτως
3467 3423 3557 3474 καὶ
3583 3422 3682 3476 δύο

2100 3509 2269 3580 ψυχαὶ
2294 3511 2600 3579 ὁμόπιστοι,
2630 3509 2723 3562 δύο
2748 3509 3056 3578 λεγόμεναι,
3085 3511 3180 3563 καὶ
3208 3510 3306 3580 μία
3332 3511 3674 3581 φαινόμεναι,

2103 3600 2238 3670 πρὸς
2295 3599 2622 3669 συμϐουλίαν
2675 3599 2917 3671 ἀλλήλων
2967 3599 3238 3670 βακτηρία
3279 3601 3535 3668 γίνονται·
3587 3603 3681 3656 διὰ

2101 3690 2259 3744 τοῦτο
2300 3691 2398 3760 οὺχ
2452 3689 2628 3760 ἑαυτῷ
2662 3691 2805 3760 μόνῳ
2832 3689 2925 3744 τοῦ
2994 3690 3339 3761 βουλεύεσθαι
3373 3691 3674 3754 ἐπίστευεν,

2102 3782 2237 3836 ἀλλὰ
2280 3782 2375 3836 καὶ⁹
2421 3781 2593 3851 φίλοις
2637 3782 2697 3834 τὸ
2733 3781 3120 3852 συμϐουλεύειν
3171 3782 3318 3852 αὐτῷ
3355 3782 3676 3853 ἐπέτρεπεν.

2103 3874 2179 3928 Οὐ
2236 3872 2569 3942 γευσάμενος
2615 3872 2712 3944 τῆς
2743 3873 2945 3943 φιλίας,
2980 3873 3074 3927 καὶ
3103 3873 3305 3943 ταύτην
3337 3872 3676 3938 ἀποπτύσας.

2102 3962 2222 4014 οὐδὲ
2261 3960 2360 4032 τὴν
2406 3960 2591 4015 ἄδολον
2633 3960 2809 4031 ψυχὴν
2852 3961 2927 4025 ὼς
2966 3960 3144 4015 δολίαν
3182 3961 3671 4033 ἀποστρεφόμενος,

2102 4053 2221 4106 οὐδὲ
2248 4052 2324 4115 ὡς
2357 4051 2668 4123 ἀνάργυρος
2700 4052 3007 4123 ἀγοραστής
3053 4051 3114 4105 τὸ
3160 4053 3218 4104 ὲν
3257 4053 3434 4123 ἀγορᾷ
3464 4053 3677 4122 ἱμάτιον

2103 4143 2462 4213 ἐνδυσάμενος
2486 4141 2580 4196 τὸν
2605 4141 2775 4211 φίλον,
2813 4143 2908 4195 καὶ
2935 4142 3138 4205 εὐθέως
3169 4143 3548 4213 ἐκδυσάμενος,
3575 4144 3668 4198 οὑ-

2104 4233 2162 4287 δὲ
2189 4238 2264 4299 ὡς
2295 4233 2520 4289 παλαιὸν
2554 4233 2751 4304 χιτῶνα
2779 4233 2868 4287 τὸν
2898 4233 3124 4288 παλαιὸν
3148 4234 3298 4303 φίλον
3322 4235 3673 4304 ἀπαμφιασά-

437 4325 704 4394 deposuit.
757 4323 1034 4394 Siquidem
1079 4331 1235 4378 vetus
1285 4321 1660 4377 indumentum
1702 4321 1996 4401 corrumpi-~

2108 4344 2283 4398 μενος.
2326 4327 2399 4380 T6
2431 4327 2530 4397 μὲν
2567 4326 2676 4396 γὰρ
2700 4326 2912 4396 ἱμάτιον
2946 4325 3340 4396 παλαιούμενον
3369 4325 3670 4396 διαφθείρει

438 4425 555 4482 tur;
587 4422 742 4470 vetus
799 4421 980 4469 autem
1030 4412 1239 4468 amicus
1281 4427 1388 4483 quo
1439 4413 1611 4483 magis
1650 4413 1998 4478 vetustescit,

434 4521 499 4567 eo
525 4506 800 4576 acceptior
836 4520 958 4562 esse
994 4503 1172 4580 debet.
1223 4503 1684 4572 Quemadmodum
1731 4505 1876 4560 enim
1908 4519 2000 4559 ve-

507 4659 550 4693 “
586 4657 630 4716 ΙΙ
674 4660 804 4729 Reg.
844 4674 966 4723 XVI,
1011 4659 1078 4715 16
1110 4673 1242 4730 sqq.

503 4779 615 4851 (4⁷)
631 4849 639 4851 Α
657 4776 1121 4851 ὀερθαὲμύςλῖάρ
1143 4776 1251 4845 τῆς
1288 4779 1619 4851 ἑρμηνείας,
1647 4781 1683 4846 ἡ
1708 4779 1819 4847 τῆς
1843 4783 2005 4851 ἱστο-

429 4848 567 4917 ρίας
598 4848 937 4914 ἀπόδειξις.
986 4848 1249 4917 Nimirum
1309 4859 1527 4917 propter
1559 4850 1861 4902 claritatem
1891 4865 1905 4902 :
1939 4849 2005 4902 de

434 4915 538 4988 qua
567 4934 690 4974 cum
723 4919 915 4988 legeris
950 4918 1108 4988 epist.
1145 4916 1268 4979 182,
1303 4915 1454 4988 ιιι).ἰ
1484 4915 1587 4988 Nili
1618 4918 1894 4980 monachi,
1923 4917 2004 4988 εῐ-

439 4985 609 5060 ῥηκάς
637 5006 726 5070 ξέοι
764 4985 901 5056 ἄγαν
929 4985 1399 5068 πολυπραγμονεῖν
1439 4985 1509 5039 τὰ
1539 4986 2005 5108 ἀναγεγραμμένα

439 5061 740 5108 ἱστοοικως.
777 5055 1078 5108 εὐσύνοπτα
1109 5053 1216 5108 γὰο
1260 5072 1452 5108 ταυτα.
1499 5054 1634 5108 ἀλλά
1683 5058 1757 5108 μᾶ
1792 5055 1882 5108 λον
1906 5055 2005 5108 τὴν

437 5053 740 5129 ἱστορικῷς,
777 5053 1078 5129 εὐσύνοπτα
1109 5053 1452 5129 γὰρλταῦτα,
1499 5054 1637 5129 ἀλλά
1658 5053 1882 5129 ’μελλὸή
1906 5055 2005 5129 τὴν

438 5074 740 5129 ιστορικως,
777 5074 1078 5110 ευσυνοπτα
1109 5074 1216 5126 γαρ
1260 5074 1452 5118 ταυτα,
1499 5074 1634 5109 αΑΑα
1682 5074 1882 5178 μαλλον
1906 5074 2005 5126 την

435 5128 751 5199 νόησιν-τῶν
778 5126 1175 5199 γεγραμμένῳν
1199 5123 1393 5199 λίχνῳς
1415 5124 1882 5199 *διαθρεῖν-ἐγεις,
1911 5126 2006 5199 καὶ

436 5194 528 5260 εἰς’
558 5196 730 5266 λέξεις
773 5194 969 5266 νοητὰς
1008 5194 1304 5266 ’βούλεσθαι
1335 5195 1505 5266 ἡδέως
1540 5194 1638 5265 τὴν
1669 5195 2006 5266 Γραφὴνὲκ·

435 5265 730 5336 λαμϐάνειν
757 5264 1044 5330 memento,
1076 5264 1160 5321 vel
1182 5264 1376 5322 addere
1413 5265 1486 5336 μή
1517 5264 1638 5334 poSt
1676 5265 1788 5335 μοί,
1825 5264 1911 5321 vel
1935 5281 2000 5320 ex

440 5335 531 5404 μοι
559 5335 736 5391 facere
768 5336 861 5404 μή.
1056 5403 1075 5404 ἡ
1133 5403 1142 5404 7

481 5350 531 5388 οι
559 5350 736 5391 tacere
768 5350 861 5391 μη.

440 5352 531 5407 μοι
559 5352 736 5391 Iacere
768 5352 861 5404 μη.

509 5404 620 5476 (48)
651 5405 836 5458 Φίλου
863 5403 1102 5476 πιστοῦ.
1129 5403 1444 5476 lnter_varia
1473 5404 1772 5476 atnicorum
1803 5403 2007 5476 epithe-

439 5472 527 5540 ta,
544 5472 798 5543 frequens
821 5483 904 5529 est
936 5472 1063 5528 illud
1093 5476 1230 5542 apud
1286 5473 1523 5538 Latinos,
1567 5472 2003 5544 qqo_singi3lares

441 5541 712 5600 dicuntur.
747 5544 801 5598 Id
831 5553 1186 5608 usurpaverat
1215 5544 1372 5596 dubio
1403 5541 2006 5611 procul'Julius'Caesar

440 5615 498 5673 in
531 5614 750 5672 decreto
771 5627 868 5682 pro
903 5611 1167 5683 Hyrcano.
1199 5614 1306 5668 Sed
1335 5612 1618 5683 Josephus,
1661 5611 1745 5668 vel
1786 5612 1830 5668 si
1883 5615 2006 5682 quis

2106 4434 2217 4481 ται,
2269 4419 2298 4470 ό
2342 4417 2399 4470 δὲ
2450 4415 2674 4479 παλαιὸς
2725 4415 2878 4484 φίλος
2917 4417 3028 4486 ὅσῳ
3056 4415 3400 4481 παλαιοῦται,
3439 4415 3668 4484 τοσούτῳ

2110 4507 2268 4561 πλέον
2301 4509 2503 4576 ὀφείλει
2535 4503 2668 4560 εἶναι
2692 4506 3072 4579 δοκιμώτερος.
3113 4509 3200 4571 Ὠς
3236 4507 3343 4578 γὰρ
3391 4509 3420 4561 6
3454 4506 3668 4570 παλαιὸς

2107 4778 2248 4832 alius
2305 4778 2572 4840 interpres
2603 4772 2825 4829 Graecus
2862 4774 3072 4828 Decreti
3116 4775 3255 4841 apud
3298 4789 3420 4828 eum
3453 4774 3542 4831 lib.
3578 4793 3664 4831 xiv

2103 4848 2282 4916 ᾼιιιὶᾳ.
2342 4845 2557 4916 Ιιιάαἰε.
2621 4845 2939 4916 (παρη-⁸17,
3009 4859 3059 4912 p.
3119 4842 3430 4916 48_6,“cttm
3491 4861 3664 4901 vocem

2104 4911 2350 4982 Latinam
2415 4915 2594 4968 minus
2663 4911 3019 4982 intelligeret,
3075 4913 3195 4965 κατ’
3263 4911 3428 4982 ἀνδρα
3488 4918 3660 4970 vertit.

2106 4980 2262 5040 Εἶναί
2310 5001 2370 5037 τε
2411 4983 2572 5036 αὑτὸν
2600 4982 2697 5054 καὶ
2742 4980 2868 5044 τοὺς
2921 4982 3117 5054 παῖδας
3148 4981 3312 5054 αὑτοῦ
3359 4980 3664 5054 συμμάχους

2105 5057 2236 5125 ἡμῖν
2287 5054 2367 5125 ετι
2419 5070 2477 5106 τε
2528 5053 2621 5125 καὶ
2646 5053 2704 5105 ὲν
2731 5053 2992 5125 τοῖς-κατ’
3033 5053 3199 5125 άνδρα
3235 5050 3407 5125 φίλοις
3428 5050 3663 5125 ἀριθμεῖν

2109 5121 2255 5178 σθαι.
2286 5124 2512 5191 Eseeqtte
2541 5124 2729 5191 ipsum
2750 5131 2794 5174 et
2835 5121 2973 5191 ﬁlios
3007 5121 3306 5188 ejus’nobis
3339 5121 3523 5191 apeiria,
3543 5140 3665 5187 prte-

2107 5189 2435 5264 tiereaquein'
2452 5189 2804 5264 singularibus
2840 5190 3023 5264 amici:
3057 5191 3330 5264 recenset-1'.
3353 5189 3429 5242 Ex
3453 5193 3658 5259 antiquo

2107 5260 2323 5331 Iosephi
2348 5263 2665 5331 interprete,
2699 5260 2835 5312 inter
2862 5260 3000 5313 uiros
3039 5260 3382 5314 amicissimo:
3407 5274 3514 5331 esse
3547 5276 3660 5314 cen-

2109 5327 2316 5386 sendos.
2344 5330 2491 5386 Bene
2517 5329 2580 5382 ad
2619 5343 2858 5392 sensum,
2891 5343 3198 5397 quanquam
3241 5343 3428 5384 errore
3476 5327 3658 5393 Gravi,

2114 5403 2167 5480 ni
2199 5401 2376 5480 fallor,
2399 5409 3023 5480 nequaquamﬁpcercepto.
3143 5398 3252 5480 hoc
3269 5397 3545 5480 observavi
3567 5400 3660 5480 οςκ

2112 5471 2304 5540 ἀφίλου
2343 5466 2690 5540 depravatum
2723 5466 2888 5522 fuisse
2912 5466 2971 5524 in
3004 5468 3126 5536 οὐχὶ
3175 5467 3330 5536 φίλου
3354 5466 3414 5521 51
3451 5469 3658 5536 epiStola

2116 5539 2518 5610 Tlieopltylacti.
