3828 6314
91 291 157 348 861

90 403 190 468 οἴης
222 403 276 456 οὐ
303 404 438 472 ταχὺ
473 404 800 469 ἀλλοιοῦται,
834 405 959 460 οὒτε
1005 407 1288 479 τρέπεται,
1329 411 1358 463 6
1397 410 1455 464 δὲ
1499 409 1616 473 νέος
1645 414 1692 473 Α

87 494 189 560 οἶνος
219 495 508 566 ἀμφίβολος
550 497 765 565 γείτων·
798 497 971 562 οὕτως
1019 499 1049 551 6
1084 499 1314 565 παλαιὸς
1356 500 1509 570 φίλος
1540 500 1614 565 ὡς

85 587 189 652 οἶνος
214 589 545 660 προπάλαιος
585 590 870 661 εὐφραίνει
912 593 1005 646 τὸν
1033 591 1247 664 ἔχοντα.
1273 596 1384 648 Καὶ
1421 595 1613 647 τούτου

88 682 248 752 μάρτυς
297 682 328 751 ἡ
369 680 495 735 Θεία
544 682 759 754 Γραφήο
809 681 982 750 Οἷνος
1031 683 1190 750 νέος,
1233 686 1412 754 φίλος
1455 686 1612 751 νέος·

84 776 160 827 ἐὰν
178 773 236 825 δὲ
257 774 588 842 παλαιωθῇ,
608 777 737 844 μετ’
760 778 1148 845 εὐφροσύνης
1174 777 1362 833 αὐτὸν
1385 779 1613 832 πίεσαι.

85 865 245 934 Ὥσπερ
289 865 344 917 δὲ
382 867 412 918 6
446 867 736 936 πυρέττων
769 870 861 922 καὶ
897 871 1204 942 φρενητιῶν
1240 871 1333 924 τὸν
1383 869 1614 924 παλαιὸν

85 950 184 1009 οἶνον
209 957 276 1020 ὡς
306 957 569 1027 πολέμιον
593 960 1021 1032 ἀποστρέφεται,
1056 964 1084 1016 ὁ
1119 962 1176 1015 δὲ
1211 962 1469 1031 ὑγιαίνων
1521 963 1615 1016 καὶ

86 1050 336 1118 ἐρρωμένος
360 1050 463 1122 τὴν
487 1052 720 1123 καρδίαν
780 1054 1149 1125 εὐφραίνεται·
1193 1053 1287 1110 καὶ
1318 1051 1480 1120 οἶνος
1504 1053 1614 1126 γὰρ

84 1142 327 1207 εὐφραίνει
370 1141 635 1210 καρδίαν
674 1143 1010 1212 ἀνθρώπουο
1045 1144 1220 1209 οὕτως
1257 1148 1284 1200 6
1313 1145 1484 1201 νοσῶν
1517 1146 1614 1219 τὴν

83 1230 224 1300 φρένα,
257 1234 343 1285 καὶ
390 1236 460 1304 τῇ
506 1235 678 1306 κακίᾳ
722 1237 1024 1308 πυρέττων,
1072 1239 1164 1293 τὸν
1197 1242 1422 1312 ἀρχαῖον
1463 1242 1612 1310 φίλον

85 1323 226 1392 φεύγει
247 1325 314 1388 ὡς
343 1326 632 1396 πολέμιον·
655 1329 757 1382 ὁδὲ
779 1327 1036 1397 ὑγιαίνων
1062 1333 1159 1401 τὴν
1190 1335 1498 1406 συνείδησιν
1533 1335 1609 1400 ὡς

82 1417 307 1486 εευτέρους
345 1421 543 1486 γονέας
596 1422 689 1474 καὶ
737 1423 998 1493 ἀδελφοὺς
1033 1427 1160 1489 τοὺς
1190 1427 1375 1496 φίλους
1408 1427 1614 1497 λογίζε-

84 1528 161 1563 ⁵11.

131 1601 262 1654 Ὅθεν
313 1605 404 1658 τὸν
461 1607 640 1661 Χουσὶ
695 1609 848 1678 φίλον
887 1612 984 1665 καὶ
1014 1613 1363 1684 άρχιεταῖρον
1407 1614 1612 1668 ἄνωθεν

85 1696 148 1746 καὶ
165 1695 377 1766 ὲξαρχῆς
401 1694 577 1769 εἶχεν,
602 1700 760 1754 τοῦτο
788 1703 983 1772 λέγων’
1016 1705 1080 1758 Εἰ
1111 1709 1140 1759 6
1175 1706 1347 1777 μέγας
1371 1708 1611 1778 Μωῡσῆς

83 1787 307 1857 ἄνθρωπος
349 1790 446 1844 τοῦ
485 1792 628 1846 Θεοῦ
671 1796 765 1848 καὶ
812 1796 932 1860 θεὸς
960 1797 1180 1870 Φαραὼ,
1217 1799 1308 1853 τὸν
1336 1799 1485 1864 ξένον
1519 1804 1610 1855 καὶ

84 1879 175 1932 ἴδιον
202 1881 281 1934 τὸν
319 1883 510 1957 Ἰοθὼρ
543 1885 847 1956 σύμϐουλον
874 1889 1051 1960 ἔσχενο
1082 1891 1173 1945 τὸν
1201 1891 1370 1959 ξένον,
1401 1892 1491 1947 διὰ
1511 1893 1610 1966 τὴν

84 1971 340 2040 Θρῃσκείαν,
367 1976 471 2035 ,καὶ
532 1975 684 2042 ἴδιον,
730 1979 818 2032 διὰ
866 1979 966 2051 τὴν
1004 1983 1344 2052 συγγένειανο
1389 1986 1483 2039 καὶ
1514 1987 1611 2058 οὐχ

82 2063 462 2137 ὑπερηφάνησεν,
496 2069 623 2122 οὐδὲ
653 2067 825 2124 εἶπενο
873 2071 1013 2141 Ἐγὼ
1050 2075 1110 2126 οὐ
1141 2075 1326 2146 χρῄζω
1360 2077 1462 2147 τῆς
1491 2077 1612 2132 τού·

84 2170 145 2205 του
167 2156 386 2228 γνώμηςο
405 2161 434 2212 6
458 2160 596 2224 Θεός
628 2178 718 2231 μοι
741 2162 1033 2234 οὲλάλησεν,
1075 2167 1406 2241 ἐπαιδεύθην
1446 2172 1599 2245 πάσῃ

83 2244 202 2317 σοφία
221 2249 552 2316 Αἰγυπτίων,
587 2252 682 2304 καὶ
709 2253 828 2317 πῶς
854 2253 1044 2308 τοῦτον
1067 2258 1417 2332 γνωμοδότην
1444 2244 1611 2332 λήψοέ-

85 2352 177 2404 pet;
216 2339 339 2392 Ἀλλ’
365 2342 524 2396 οὐδὲν
551 2343 756 2398 τούτων
777 2341 948 2413 εἶπεν,
983 2349 1212 2422 ἐπείσθη
1244 2352 1302 2406 δὲ
1327 2353 1406 2424 τῷ
1430 2356 1611 2421 καλῶς

83 2428 462 2496 τιμεουλεύοντι,
510 2434 692 2500 εἰδὼς,
728 2437 810 2490 ὅτι
847 2440 1230 2508 συμϐουλίας
1261 2443 1465 2498 ἀκούει
1506 2461 1612 2500 σο-

83 2522 178 2586 φός.
207 2523 303 2576 Καὶ
324 2523 514 2596 ὥσπερ
543 2527 636 2580 ἐπὶ
667 2528 765 2598 τῆς
784 2529 1020 2602 ἀγορᾶς,
1050 2533 1285 2604 ’ἱματίων
1308 2540 1609 2608 προκειμέ-

84 2627 171 2677 νων,
193 2614 218 2665 ὁ
245 2616 458 2687 χρυσίον
494 2616 575 2688 μὴ
598 2617 756 2688 ἔχων,
782 2620 1072 2692 δοκιμάζει
1102 2625 1260 2697 μόνον
1288 2627 1356 2681 τὰ
1381 2628 1611 2700 ἐνδύμα-

85 2720 145 2766 ra,
170 2708 246 2760 καὶ
288 2707 469 2762 σκυλεῖ
498 2710 703 2775 ταῦτα,
741 2712 1063 2790 ἐνδυόμενος
1092 2717 1186 2770 καὶ
1217 2718 1606 2790 ἀποδυόμενος,

85 2796 149 2845 καὶ
170 2798 249 2850 ὅλα
275 2804 443 2872 φορεί,
471 2802 570 2855 καὶ
592 2803 716 2857 οὐδὲ
741 2804 798 2860 ἓν
826 2807 956 2877 παρ’
987 2780 1164 2879 ὲαῒδτῷ
1193 2813 1403 2881 κρατεῖ·
1435 2812 1609 2879 οὕτως

87 2887 104 2936 ὁ
127 2887 370 2960 λεγόμενος
397 2894 576 2962 φίλος,
613 2895 687 2965 μὴ
718 2895 858 2966 ἔχων
886 2898 1086 2969 χρυσὸν
1113 2899 1335 2971 δόκιμον
1359 2902 1456 2973 τὴν
1488 2921 1610 2956 συν-

86 2977 256 3047 είδησιν,
287 2983 358 3047 ὡς
406 2987 466 3038 ὲν
515 2986 695 3058 ἀγορᾷ
726 2987 804 3058 τῷ
852 2988 952 3060 βίῳ
993 2991 1202 3055 πάντας
1241 2992 1486 3048 ἐνδύεται
1517 2996 1609 3049 κοιλ⁸

88 3070 336 3140 ἀποδύεται,
397 3079 614 3142 πάντας
659 3079 937 3146 ἀλλάσσει,
983 3083 1078 3135 καὶ
1122 3083 1243 3137 οὐδὲ
1289 3086 1383 3139 ἕνα
1435 3091 1609 3158 φορεῖ.
1640 3100 1682 3158 c

99 3163 196 3216 Ἀλλ’
229 3168 318 3220 οὐκ
347 3165 485 3240 ἦσαν
531 3171 764 3226 τοιοῦτοι
797 3173 938 3241 φίλοι
975 3175 1004 3226 6
1047 3175 1217 3228 Χουσὶ
1255 3177 1348 3229 καὶ
1376 3179 1404 3230 6
1428 3180 1611 3244 Δαολδ,

89 3254 175 3306 οὐδὲ
199 3258 249 3310 τὸ
270 3262 456 3332 πικρὸν
493 3262 591 3316 τοῦ
615 3263 769 3316 δόλου
798 3267 1055 3336 ποτήριον
1099 3267 1350 3338 ἀλλήλοις
1382 3271 1614 3340 προέπι-

90 3360 168 3410 νον,
205 3349 310 3402 οὐδὲ
355 3351 452 3423 τὴν
506 3354 783 3425 μάχαιραν
841 3355 934 3408 τοῦ
960 3357 1154 3424 φθόνου
1227 3359 1348 3412 καθ’
1407 3361 1615 3414 ἑαυτῶν

91 3433 263 3500 inﬁmam
290 3444 436 3498 αὐτοὶ
463 3445 522 3499 δὲ
554 3448 615 3500 ἐν
639 3449 849 3511 ἑαυτοῖς
879 3450 1108 3513 ἑαυτοὺς
1145 3468 1204 3504 κε
1215 3453 1496 3521 ράσα“¹τεῖ’
1521 3455 1616 3509 καὶ

91 3529 159 3593 τὰς
197 3532 275 3586 δῦο
316 3536 487 3607 ψυχὰς
525 3539 659 3609 μίαν
707 3543 774 3610 τῇ
812 3541 1050 3595 διαθέσει
1086 3542 1380 3609 δείξαντες,
1427 3545 1616 3620 ὥσπερ

92 3619 160 3688 τῆς
184 3623 471 3697 εξιημερίας,
512 3628 659 3683 οὕτω
700 3632 793 3685 καὶ
817 3633 916 3703 τῆς
949 3632 1325 3706 ταλαιπωρίας
1365 3619 1617 3692 κοινωνοὶ

93 3712 292 3778 ἐγίνοντο.
312 3720 453 3774 Μίαν
484 3722 599 3793 γὰρ
624 3722 900 3793 περῶντες
925 3723 1018 3777 τοῦ
1049 3725 1169 3796 βίου
1197 3726 1492 3796 Θάλασσαν,
1523 3732 1617 3784 καὶ

95 3805 152 3865 εἰς
175 3807 220 3858 τὸ
247 3810 364 3863 αὐτὸ
401 3813 611 3882 σκάφος
651 3814 754 3884 τῆς
791 3815 1152 3888 συνειδήσεως
1202 3818 1480 3884 πλέοντες,
1522 3823 1617 3874 καὶ⁵

95 3893 164 3962 τὴν
205 3900 430 3957 εὐπλοῒαν
495 3907 594 3959 καὶ
649 3906 743 3959 τὸν
800 3906 1047 3978 χειμῶνα
1102 3909 1367 3975 ὡσαύτως
1413 3912 1616 3984 ὑπέμε-

95 4001 174 4038 νον.

153 4082 356 4153 reapse
382 4087 458 4154 τῷ
487 4091 688 4155 Δαδίδ,
719 4092 792 4145 ὃν
810 4083 968 4163 ᾖσεν
995 4093 1076 4160 τῷ
1101 4097 1297 4164 Κυρίῳ
1320 4095 1472 4165 ὑπὲρ
1497 4099 1617 4152 τῶν

96 4167 244 4258 λόγων
270 4176 445 4230 Χουσὶ
482 4178 619 4233 υἱοῦ
657 4181 910 4250 ’1εμενεί.
957 4184 1066 4236 Καὶ
1123 4184 1212 4238 διὰ
1267 4186 1320 4238 τί
1360 4187 1502 4258 ᾠδὴν
1540 4187 1618 4258 τῷ

99 4257 240 4333 Κυρίῳ
265 4268 291 4318 ὁ
327 4271 482 4325 saeta
529 4273 672 4345 ὑπὲρ
711 4273 806 4327 τοῦ
845 4276 1015 4330 Χουσὶ
1044 4257 1383 4349 ἀνέπεμψεν,
1413 4257 1481 4332 δι’
1510 4257 1618 4333 ett.

98 4363 178 4442 γων
206 4354 398 4427 ἴδωμεν.
438 4364 498 4416 Ὀ
531 4365 646 4428 υἱὸς
690 4366 855 4420 αὐτοῦ
919 4368 1238 4442 ’Λϐεσαλὼμ
1279 4372 1398 4423 κατ’
1449 4372 1615 4426 αὑτοῦ

101 4439 413 4534 ὶτᾴράννησεν.
455 4458 730 4528 Φιλήμασι
769 4459 880 4531 γὰρ
918 4461 1010 4513 καὶ
1046 4439 1400 4532 περιπλοκαῖς
1441 4481 1612 4534 σαγη-
1650 4454 1690 4507 D

253 4541 464 4601 ἕκαστον
505 4550 640 4620 (ιθ),
668 4551 767 4620 τῆς
801 4550 894 4604 τοῦ
926 4552 1134 4624 πατρὸς
1159 4552 1340 4621 φιλίας
1366 4555 1493 4618 τοὺς
1527 4533 1614 4623 φί-

101 4620 191 4689 λους
207 4630 520 4704 ἀπέσπασεν,
547 4639 640 4693 τὸν
670 4640 820 4693 δόλον
848 4641 936 4704 ὠς.
958 4620 1066 4706 ἰξὸν
1093 4620 1295 4713 φέρων,
1333 4644 1509 4696 καὶτὸ
1530 4620 1616 4714 φι-

102 4715 212 4788 λημα
237 4726 536 4802 ἄγκιστρον,
565 4732 659 4786 καὶ
711 4732 900 4804 δέλεαρ
935 4734 1033 4804 τὴν
1064 4734 1372 4798 κολακείαν,
1419 4735 1512 4788 καὶ
1541 4735 1618 4788 δί-

1643 1762 1684 1815 Β

104 4829 204 4867 κτυα
222 4819 407 4894 πλάνης
424 4825 523 4888 τὰς
547 4825 893 4896 περιπλοκάς.
936 4825 1088 4878 Ἐπεὶ
1111 4821 1204 4878 οὖν
1223 4826 1429 4891 πάντας
1446 4827 1618 4892 οὕτως

103 4902 170 4955 ἕνα
203 4910 307 4963 καθ’
330 4913 421 4969 ἕνα
461 4917 587 4979 τοὺς
622 4915 811 4984 φΰεους
857 4914 952 4967 τοῦ
983 4915 1146 4972 Δαὸὶδ
1196 4916 1538 4989 ἀπεσύλησεν
1590 4921 1618 4972 ὁ

112 4994 390 5075 ’Λϐεσαλὼμ,
425 5006 637 5070 ὁπλίζει
674 5006 857 5060 λοιπὸν
881 5006 1078 5068 αὐτοὺς
1093 5007 1234 5060 κατὰ
1268 5007 1360 5060 τοῦ
1389 5009 1616 5080 πατρὸς,

108 5095 404 5160 συκοφαντίας
414 5099 564 5169 αὐτῷ
575 5099 669 5152 καὶ
689 5096 941 5161 διαϐολὰς
968 5098 1485 5168 ράπτων.Ἔκαστος
1509 5100 1617 5172 γὰρ

107 5176 160 5240 ὡς
192 5184 277 5257 υἱῷ
304 5188 390 5243 τοῦ
423 5191 604 5260 Δασὶδ,
636 5192 730 5246 καὶ
767 5189 841 5254 ὡς
873 5188 1074 5262 μᾶλλον
1101 5189 1168 5243 τὰ
1197 5191 1316 5247 κατ’
1349 5190 1508 5245 αὑτὸν
1539 5193 1619 5246 εί·

108 5266 205 5336 δέτι»
231 5278 488 5342 ἐπίστευεν
520 5282 966 5352 συκοφαντοῦντι.
1012 5282 1167 5337 Ἐπεὶ⁸
1195 5278 1287 5336 οὖν
1317 5284 1455 5355 μετὰ
1483 5284 1620 5338 πάν-

163 5433 197 5464 ²’
227 5436 370 5496 Eccli.
420 5462 498 5512 Ix,
540 5448 629 5503 15.
706 5447 914 5501 “Psal.
940 5459 1073 5512 CIII,
1109 5444 1194 5500 £5.
1298 5447 1342 5477 ²²
1378 5445 1537 5503 Prov.
1593 5462 1705 5514 ιιι,

165 5579 252 5698 μθ)
284 5589 624 5677 Σρτηνεύωνς
657 5593 938 5679 ἑξκαᾳτον.
969 5595 1298 5674 Σαγηνεύειν
1326 5593 1462 5665 πρὸς
1487 5593 1616 5716 60.2-

179 5667 228 5713 ας
254 5657 541 5716 ὲπιγνωσιν.
573 5665 712 5716 deIt
748 5666 982 5716 (.vnllus
1023 5667 1180 5716 Alex.
1229 5664 1446 5716 Dmfoao
1491 5664 1524 5716 5
1591 5681 1616 5716 ε

119 5643 1459 5748 ῗξξξξὲξίγνῷάὶᾇξὰιιῖξιξξίιξιξιἱιζᾙῑὲέὲξ⁷ὖίαιδρὶῖ
1491 5643 1618 5748 de

120 5730 253 5776 sancta
277 5725 539 5801 Triuitatc,
563 5750 620 5804 q.
671 5725 810 5792 497:
837 5735 902 5790 Et
937 5751 1044 5791 non
1096 5746 1274 5806 autem
1313 5725 1615 5790 σαλινιύειν

1187 287 1474 345 [IOMILIA
1511 285 1652 347 XXI.
1685 289 1752 347 IN
1782 291 1980 351 PSAL.
2016 293 2127 350 VII.

3184 297 3292 353 ιον

1727 418 1810 468 tus
1848 414 2035 470 vinum
2063 430 2171 470 non
2218 413 2377 473 facile
2405 423 2690 484 atteratur,
2721 428 2897 485 neque
2930 414 3181 480 vertitur,
3212 414 3294 467 vi-

1718 521 1844 559 num
1881 521 2011 562 vero
2037 523 2232 565 nowm
2259 520 2342 566 est
2371 525 2570 580 anceps
2594 509 2806 565 vicinus
2831 526 2846 564 :
2878 509 2953 564 ita
2979 515 3134 563 vetus
3166 508 3294 562 anti-

1717 610 1814 651 cus
1847 605 2101 666 tanquam
2126 601 2310 657 vinum
2336 612 2606 658 vetustum
2639 602 2876 683 hetificat
2914 617 3036 658 eum
3081 601 3172 672 qui
3200 602 3296 656 ha-

1715 687 1829 744 bet.
1865 687 2032 758 Cujus
2064 694 2142 748 rei
2170 692 2452 764 Scriptura
2489 695 2643 752 testis
2675 705 2759 750 est
2793 713 2807 750 :
2861 694 3048 749 Vinum
3084 710 3295 756 novum,

1717 779 1918 835 amicus
1940 797 2106 836 novus
2126 799 2146 847 ;
2179 784 2226 838 si
2251 796 2424 839 autem
2461 786 2847 852 inveteraverit,
2886 801 3002 840 cum
3035 785 3297 840 suavitate

1716 868 1856 924 bibes
1889 870 2025 925 illud
2050 873 2113 928 '°.
2162 873 2329 930 Porro
2367 876 2509 930 sicut
2540 878 2631 947 qui
2663 876 2815 933 febre
2841 877 3072 944 laborat,
3105 887 3297 948 estque

1717 961 2085 1028 phreneticus,
2124 967 2304 1020 vinum
2341 979 2496 1024 vetus
2535 978 2596 1022 ut
2640 967 2742 1024 sibi
2783 969 3069 1024 adversum
3121 968 3296 1034 vitat;

1715 1054 1829 1123 qui.
1858 1065 2034 1112 autem
2087 1073 2252 1113 sanus
2298 1058 2615 1129 validosque
2669 1063 2772 1124 est,
2819 1075 2915 1130 per
2947 1060 3076 1116 illud
3133 1061 3297 1114 corde

1717 1146 2049 1215 delectatur;
2091 1153 2290 1220 etenim
2338 1155 2513 1206 vinum
2555 1153 2789 1222 lwtiﬁcat
2819 1171 2909 1208 cor
2933 1154 3158 1208 hominis
3213 1155 3294 1207 νε

1716 1238 1796 1294 sic
1827 1255 1968 1310 aeger
2015 1252 2197 1298 mente
2222 1286 2238 1310 ,
2275 1254 2330 1300 et
2381 1245 2602 1302 malitia:
2636 1245 2782 1302 febre
2829 1246 3102 1309 detentus,
3155 1247 3297 1300 anti-

1716 1348 1880 1400 quum
1918 1335 2148 1389 amicum
2175 1335 2311 1407 fugit
2340 1337 2487 1391 velut
2521 1339 2732 1394 hostem
2758 1356 2774 1405 ;
2808 1338 3138 1393 conscientia
3168 1353 3298 1393 vero

1716 1439 1879 1480 sanus
1929 1426 2102 1480 instar
2123 1429 2480 1484 secundorum
2506 1443 2790 1502 parentum
2821 1441 2874 1486 et
2905 1429 3134 1485 fratrum
3162 1431 3297 1485 aIni-
3343 1485 3349 1490 .

1714 1528 1809 1570 cos
1837 1517 2006 1572 ducit.

1788 1605 1944 1662 Unde
1989 1609 2154 1666 David
2191 1610 2353 1666 Chusi
2402 1615 2634 1668 amicum
2673 1625 2727 1670 et
2775 1615 3074 1686 principem
3121 1616 3297 1670 socio-

1717 1712 1835 1751 rum
1866 1699 1994 1754 olim
2044 1710 2097 1756 et
2139 1702 2207 1758 ab
2255 1704 2409 1759 initio
2451 1705 2660 1772 habuit,
2691 1707 2800 1762 hoc
2821 1723 3003 1763 secum
3038 1707 3250 1763 locutus
3281 1725 3295 1762 :

1716 1789 1772 1844 Si
1816 1807 2044 1862 magnus
2089 1795 2286 1862 Moses,
2320 1799 2478 1854 homo
2529 1801 2617 1855 Dei
2669 1816 2734 1856 ac
2773 1804 2906 1856 deus
2954 1801 3298 1868 Pharaonis,

1713 1894 2030 1939 extraneum
2073 1896 2130 1942 et
2163 1891 2441 1959 proprium
2483 1890 2763 1947 Jotliorem
2813 1895 3002 1949 habuit
3043 1895 3300 1948 consilia-

1717 1971 1875 2034 rium,
1915 1979 2334 2032 extraneum'ob
2371 1969 2709 2050 religionem,
2757 1983 3033 2054 proprium
3082 1985 3150 2040 ob
3183 1984 3302 2039 alli-

1713 2059 1968 2127 nitatem;
2013 2077 2113 2117 nec
2142 2068 2373 2134 superbe
2402 2083 2461 2123 se
2490 2071 2680 2138 gessit,
2731 2085 2908 2141 neque
2950 2072 3088 2128 dixit
3118 2091 3132 2127 :
3183 2072 3315 2146 Ego,

1713 2167 1818 2206 non
1852 2152 2068 2226 indigeo
2092 2156 2208 2225 ejus
2240 2161 2506 2226 consilio;
2532 2163 2675 2219 Deus
2699 2179 2912 2220 mecum
2950 2166 3162 2221 locutus
3191 2178 3297 2231 est,

1712 2245 1934 2302 edoctus
1983 2263 2102 2303 sum
2140 2265 2359 2307 onmem
2408 2254 2736 2324 sapientiam
2788 2257 3202 2330 Egyptiorum;
3245 2271 3302 2318 et

1712 2353 1820 2408 quo
1859 2340 2020 2395 modo
2069 2342 2210 2397 hunc
2240 2345 2452 2400 consilii
2495 2348 2740 2403 datorem
2788 2354 3109 2406 assumam?
3153 2354 3300 2409 Nihil

1713 2431 1939 2488 istorum
1983 2435 2142 2502 dixit,
2189 2437 2284 2492 sed
2325 2439 2617 2498 obsecutus
2659 2454 2742 2499 est
2776 2454 2922 2500 recte
2955 2447 3297 2514 consulenti,

1712 2537 1912 2590 gnarus
1953 2526 2095 2593 quod
2124 2527 2347 2582 consilia
2395 2533 2544 2584 audit
2577 2534 2786 2602 sapiens
2823 2537 2892 2590 ".
2947 2537 3015 2594 Et
3051 2520 3193 2595 sicut
3242 2540 3298 2595 in

1711 2612 1848 2679 foro,
1879 2615 1972 2670 ubi
2011 2626 2192 2675 vestes
2231 2623 2491 2691 expositae
2526 2634 2674 2690 sunt,
2722 2628 2812 2697 qui
2865 2629 3147 2698 pecuniam
3192 2647 3298 2686 non

1712 2705 1895 2772 habet,
1921 2708 2113 2778 probat
2157 2712 2330 2768 solum
2367 2715 2702 2784 indumenta,
2734 2734 2904 2791 eaque
2935 2723 3174 2794 deponit,
3216 2725 3300 2779 in-

1713 2797 1830 2853 duit
1857 2814 1919 2854 se
1955 2809 2119 2872 atque
2149 2805 2320 2873 exuit,
2380 2817 2434 2862 et
2471 2809 2657 2865 omnia
2706 2822 2900 2882 gestat,
2961 2814 3166 2871 nullum
3218 2825 3303 2872 ta-

1713 2904 1835 2945 men
1879 2895 2078 2950 retinet
2105 2898 2246 2966 apud
2284 2913 2382 2955 se:
2433 2901 2513 2956 sic
2547 2904 2638 2972 qui
2681 2905 2884 2960 dicitur
2927 2907 3153 2975 amicus,
3200 2923 3303 2965 nec

1714 2981 1876 3039 habet
1934 2986 2156 3055 probam
2205 2991 2489 3060 pecuniam
2549 2998 2974 3067 conscientiam,
3031 3001 3180 3056 velut
3245 3006 3300 3058 in

1717 3073 1857 3142 foro,
1914 3078 1966 3130 in
1998 3078 2104 3132 vita
2138 3095 2327 3137 omnes
2359 3083 2535 3138 induit
2570 3101 2636 3142 ac
2670 3091 2840 3158 exuit,
2872 3106 3063 3150 omnes
3102 3103 3299 3161 mutat,

1722 3167 2306 3240 neminemquegestat.
2325 3175 2520 3231 Verum
2547 3194 2652 3234 non
2674 3181 2939 3251 ejusmodi
2958 3193 3112 3240 erant
3135 3188 3300 3242 amici

1720 3257 1883 3312 Chusi
1909 3270 1961 3314 et
1989 3259 2177 3328 David,
2207 3278 2381 3332 neque
2407 3281 2652 3324 amarum
2684 3273 2791 3326 doli
2829 3273 3052 3329 calicem
3082 3277 3184 3331 sibi
3217 3277 3301 3332 in-

1719 3348 1890 3404 vicem
1921 3353 2360 3421 propinaverant,
2408 3373 2582 3429 neque
2614 3361 2826 3418 invidiae
2861 3365 3096 3434 gladium
3139 3384 3300 3426 acuec

1722 3452 1845 3496 rant
1880 3456 2065 3500 contra
2101 3460 2192 3515 se;
2236 3450 2330 3503 sed
2372 3451 2471 3520 ipsi
2507 3453 2634 3507 dum
2678 3456 2730 3509 in
2762 3459 3070 3528 semetipsis
3103 3472 3300 3517 attem-

1719 3545 1910 3602 perant
1965 3551 2066 3600 se,
2131 3539 2370 3613 duasque
2421 3543 2631 3600 animas
2686 3561 2782 3615 per
2831 3549 3080 3606 allectum
3134 3571 3298 3611 unam

1718 3627 2037 3694 ostendunt,
2071 3639 2130 3685 ut
2166 3635 2563 3703 prosperitatis,
2596 3640 2675 3694 sic
2696 3649 2751 3694 et
2781 3641 3113 3701 infelicitatis
3152 3650 3283 3702 socii

1717 3727 1891 3773 erant.
1933 3721 2107 3776 Unum
2144 3724 2289 3778 enim
2322 3729 2642 3784 emetientes
2679 3730 2803 3786 vita
2835 3749 3004 3799 mare,
3033 3749 3100 3790 ac
3125 3736 3178 3790 in
3206 3752 3299 3792 ea-

1719 3809 1840 3868 dem
1881 3816 2002 3867 navi
2043 3817 2391 3875 conscientiae
2439 3821 2777 3890 navigantes,
2819 3841 2941 3881 cum
2983 3842 3297 3898 prosperam

1720 3907 2141 3978 navigationem,
2199 3917 2310 3966 tum
2363 3921 2746 3984 tempestatem
2806 3919 3011 3988 pariter
3058 3924 3298 3977 sustine-

1717 4000 1870 4054 bant.

1791 4089 2039 4147 f’salmus
2078 4092 2272 4159 David,
2317 4111 2469 4164 quem
2507 4099 2738 4153 cantavit
2784 4099 3012 4156 Domino
3055 4119 3149 4171 pro
3188 4121 3304 4161 ver-

1719 4183 1796 4238 bis
1843 4185 2004 4239 Chusi
2045 4186 2146 4254 [itii
2183 4187 2402 4243 Jemim’.
2441 4190 2507 4244 Et
2540 4206 2710 4261 quare
2751 4195 3025 4251 canticum
3071 4196 3301 4254 Domino

1718 4277 1962 4332 emiserit
2005 4276 2173 4335 David
2211 4295 2309 4350 pro
2344 4280 2532 4349 Chusi,
2575 4269 2762 4353 paucis
2791 4286 3092 4344 videamus.
3129 4287 3301 4344 Filius

1720 4367 1836 4436 ejus
1863 4368 2118 4424 Absalom
2151 4371 2410 4427 adversus
2440 4388 2564 4428 eum
2592 4376 2936 4444 tyrannidem
2969 4379 3198 4448 arripuit
3227 4381 3296 4434 ".

1719 4457 1932 4516 Osculis
1977 4460 2123 4516 enim
2170 4471 2225 4519 et
2273 4463 2610 4532 amplexibus
2663 4465 2906 4537 singulos
2943 4469 3214 4536 .irretitos,
3266 4487 3299 4528 a

1723 4552 1891 4621 patris
1921 4553 2157 4608 amicitia
2187 4553 2398 4609 amicos
2436 4557 2686 4624 retraxit,
2721 4558 2966 4616 fraudem
3017 4561 3188 4616 instar
3219 4564 3300 4616 vi—

1722 4645 1797 4698 sci
1856 4644 2055 4710 ferens,
2107 4644 2348 4700 osculum
2405 4646 2579 4701 instar
2629 4649 2798 4715 hami,
2834 4650 3139 4723 blanditias
3183 4654 3302 4710 vice

1723 4751 1884 4801 escae,
1920 4735 2202 4808 amplexus
2223 4737 2371 4793 velut
2397 4739 2531 4794 rezia
2557 4743 2782 4796 erroris.
2818 4741 3108 4813 Postquam
3137 4746 3302 4815 igitur

1723 4828 1980 4883 Absalom
2039 4830 2118 4884 sic
2174 4846 2366 4886 omnes
2425 4832 2643 4888 Davidis
2703 4835 2908 4890 amicos
2961 4851 3124 4891 unum
3183 4847 3305 4908 post

1725 4920 1890 4977 alium
1937 4922 2288 4994 abripuisset,
2325 4925 2438 4995 jam
2485 4934 2662 4980 armat
2703 4942 2798 4982 eos
2831 4939 3023 4982 contra
3056 4939 3302 4998 patrem,

1726 5013 1812 5068 cui
1852 5014 2150 5071 calumnias
2178 5026 2233 5072 et
2272 5018 2684 5074 criminationes
2720 5021 2955 5074 consuit.
3004 5018 3305 5090 Unusquis-

1727 5119 1832 5175 que
1859 5106 2003 5161 enim
2046 5115 2103 5162 ut
2152 5108 2261 5163 filio
2307 5107 2548 5176 Davidis,
2588 5119 2754 5178 utque
2785 5111 2875 5180 qui
2908 5113 3078 5180 magis
3125 5127 3306 5168 more:

1729 5197 1870 5253 illius
1904 5211 2278 5267 cognosceret,
2319 5204 2576 5258 credebat
2628 5204 3002 5259 calumnianti.
3036 5204 3132 5261 Ubi
3176 5223 3308 5276 ergo

1729 5306 1853 5344 cum
1912 5293 2124 5348 caeteris
2174 5294 2584 5363 Achitophelem
2652 5312 2866 5368 quoque
2932 5299 3305 5355 consiliarium

1743 5449 1826 5504 15.

1921 5452 1965 5483 ’³
1995 5450 2037 5504 Il
2070 5451 2202 5523 Reg.
2243 5468 2348 5521 xv,
2383 5453 2419 5507 2
2457 5471 2579 5526 sqq.

1726 5605 1817 5674 aut
1841 5597 2133 5674 Δπαλεύειν.
2175 5597 2254 5674 Ut_
2287 5598 2523 5674 _l_)_ia_fogo
2566 5601 2600 5656 4
2629 5617 2681 5673 p.
2713 5601 2817 5658 528
2861 5602 3307 5674 σεσαγηνευμὲνσ

1726 5669 1804 5731 εἰς
1837 5669 2129 5737 ἐπίγνωσιν
2162 5669 2254 5722 τοῦ
2287 5669 2436 5726 Υίοῦ.
2462 5669 2476 5672 ⁷
2511 5729 2514 5732 ,
