3828 6366
180 310 292 369 ιη

1361 313 1649 370 ιιοιιιιιιιι
1683 311 1824 369 XXI.
1862 314 1928 369 IN
1967 315 2162 373 PSAL.
2205 314 2312 372 VII.

3342 313 3440 368 ιιι

183 431 370 484 σιτί’
415 423 648 496 σώματα
693 426 791 481 καὶ
846 426 1116 497 πρόϐατα,
1167 427 1290 482 at):
1321 431 1422 485 οὐκ
1471 429 1753 505 ἀνθρώπω

1879 437 2069 506 estqui
2103 437 2340 501 redimat,
2395 451 2554 498 neque
2601 435 2691 502 qui
2722 433 2923 488 saluum
2971 431 3156 502 faciat.
3199 428 3332 485 Nam
3375 434 3443 499 si,

182 518 378 589 ψυχαί.
403 517 654 584 Μήποτε
679 519 929 589 ἁρπάσῃ
962 523 1044 586 ὡς
1070 521 1230 576 λέων
1257 523 1370 592 τὴν
1400 524 1614 593 ψυχήν
1625 542 1768 594 μου.

1876 530 2093 598 quando
2128 539 2312 596 pastor
2337 539 2457 581 erat
2489 526 2653 582 David
2673 567 2688 592 ,
2729 527 2942 597 quoties
2976 525 3210 580 venisset
3243 524 3443 604 leo’aut

183 612 295 664 licet
321 607 442 672 πῶς
475 608 716 681 ἁρπάζει
744 613 773 664 ό
806 611 976 676 λέων;
1005 612 1100 681 Μὴ
1137 614 1310 681 ὄντος
1359 617 1753 686 λυτρουμένοι

1877 635 2062 686 ursus,
2094 629 2148 675 et
2175 622 2410 690 cepisset
2434 634 2588 673 ovem
2620 619 2686 674 de
2709 633 2892 689 grege,
2935 617 3101 671 David
3133 616 3446 687 egredieba-

178 701 335 772 μηδέ
353 700 674 767 σώζοντος.
708 703 773 762 Ei
799 702 910 775 γὰρ
931 704 1026 757 τοῦ
1059 706 1222 759 Δαὸὶδ
1254 708 1656 778 ποιμαίνοντος,
1693 708 1770 762 ὅτ’

184 794 248 848 ἃν
274 789 446 862 ἦλθεν
476 792 618 846 λέων
645 794 676 863 ἢ
707 794 898 865 ἄρκος,
935 797 1030 849 καὶ
1065 796 1370 868 ἐλάμϐανεν
1410 798 1679 868 πρόϐατον
1706 801 1770 852 ἐκ

181 884 280 954 τῆς
316 883 549 954 ἀγέλης,
584 887 613 938 ό
641 885 810 938 Δαϐὶδ
838 885 1101 957 ἐξήρχετο
1133 889 1480 953 κατόπισθεν,
1521 890 1596 954 ὡς
1629 890 1769 944 κατὰ

177 978 468 1046 τυράννων
498 979 829 1048 στρατηγὸς,
864 980 960 1032 καὶ
993 978 1084 1034 τὸν
1115 980 1258 1052 θῆρα
1302 981 1554 1047 ἔτυπτεν,
1584 985 1678 1036 καὶ
1707 984 1770 1036 τὸ

176 1069 456 1138 πρὸεατον
495 1069 574 1133 ὡς
618 1071 966 1141 αἰχμάλωτον
992 1072 1316 1135 ἀποσπάσας
1347 1073 1582 1138 ἔσωζεν*
1620 1074 1768 1142 πόσῳ

178 1157 388 1227 gmw
420 1158 561 1211 Θεοῦ
595 1161 688 1212 καὶ
714 1159 1001 1225 σώζοντος,
1037 1163 1064 1214 ὁ
1092 1161 1228 1216 λέων
1259 1165 1287 1215 ὁ
1315 1163 1560 1227 διάϐολος
1590 1165 1768 1234 ἁρπά-

173 1251 286 1314 ζειν
338 1250 408 1303 οὒ
440 1250 706 1316 δύναται;
756 1250 1002 1318 Μήποτε
1029 1253 1272 1322 ἁρπάσῃ
1319 1256 1398 1320 ὡς
1441 1256 1598 1308 λέων
1655 1256 1768 1324 τὴν

171 1341 388 1411 ψυχήν
421 1361 568 1412 μου.
605 1343 845 1397 Φύλαττέ
879 1362 946 1415 με
973 1345 1047 1408 ὡς
1078 1346 1304 1417 ποιμὴν,
1342 1346 1436 1399 καὶ
1474 1349 1523 1399 οἱ
1553 1347 1768 1413 ὀδόντες

167 1433 440 1503 ἀργοῦσιν
469 1435 568 1488 τοῦ
597 1435 832 1500 λέοντος.

249 1524 482 1596 Ἐπειδὴ
527 1525 703 1581 ταῦτα
744 1523 918 1592 εἶπεν,
967 1534 1064 1587 καὶ¹
1111 1530 1459 1600 προσηύξατο
1498 1530 1762 1602 ρυσθῆναι

169 1616 264 1670 τοῦ
310 1617 538 1682 λέοντος
583 1618 680 1672 τοῦ
726 1618 1071 1690 ’Δὸεσαλὼμ,
1099 1623 1194 1676 καὶ
1240 1621 1572 1692 εἰσηκούσθη
1596 1639 1763 1692 προσ-

169 1707 516 1778 ευξάμενος,
575 1708 795 1777 ἐπάγει,
839 1710 934 1762 καὶ
976 1711 1056 1773 είς
1109 1711 1405 1780 ἀπολογίαν
1455 1712 1716 1782 τρέπεται
1742 1729 1757 1745 ⁸

1875 721 1961 766 tnr
2007 721 2126 782 post
2163 727 2284 767 eum
2319 749 2335 776 ,
2386 723 2441 766 ut
2486 713 2743 766 adversus
2793 721 3054 781 tyrannos
3093 710 3200 764 dux
3235 710 3445 764 exerci-

1875 814 1984 868 tus,
2011 813 2065 859 et
2100 804 2268 858 ieram
2294 803 2651 875 percutiebat,
2684 817 2948 872 ovemque
2989 812 3242 870 tanquam
3273 801 3444 871 capti-

1870 911 1998 950 vum
2033 896 2384 950 abstrahebat
2416 905 2469 950 et
2500 895 2845 951 servabat”:
2879 901 3081 964 quanto
3101 893 3290 962 magis,
3315 891 3440 945 dum

1872 986 2014 1040 Deus
2046 987 2261 1040 redimit
2291 996 2345 1040 et
2378 996 2580 1055 servat,
2604 987 2689 1041 leo
2715 985 2958 1042 diabolus
2991 998 3186 1053 rapcre
3205 999 3311 1038 non
3349 998 3442 1051 po-

1873 1079 2016 1132 test?
2041 1076 2336 1148 Nequando
2362 1081 2536 1146 rapiat
2559 1089 2616 1133 ut
2642 1079 2720 1132 leo
2745 1078 2976 1130 animam
3003 1091 3192 1130 meam.
3219 1075 3438 1129 Custodi

1869 1185 1954 1223 me
2010 1179 2260 1240 tauquam
2310 1180 2525 1240 pastor,
2579 1181 2634 1225 ct
2678 1171 2850 1226 leonis
2903 1170 3090 1224 dentes
3140 1166 3439 1222 iuclIicaces

1865 1272 2044 1318 erunt.

1935 1535 2222 1604 Postquam
2247 1535 2361 1590 haec
2383 1534 2629 1604 protulit,
2648 1541 2931 1600 orantque
2957 1529 3074 1582 erui
3105 1543 3132 1581 a
3163 1519 3435 1581 leoueAb-

1865 1627 2093 1692 salomo,
2137 1636 2192 1682 et
2238 1626 2292 1680 in
2341 1625 2588 1680 oratione
2637 1623 2926 1677 exauditus
2971 1631 3089 1684 est,
3142 1615 3435 1687 subjungit,

1866 1731 2027 1789 atque
2057 1719 2120 1774 ad
2157 1719 2519 1773 defensionem
2545 1715 2811 1771 convertit
2837 1728 2894 1768 se
2921 1729 2934 1767 :
2963 1712 3016 1766 4.
3049 1709 3267 1764 Domine
3298 1707 3436 1760 Deus

168 1777 345 1868 Eripis
379 1804 418 1855 ὁ
448 1803 600 1867 Θεός
623 1819 767 1871 μου,
794 1805 845 1855 εί
886 1801 1145 1871 ἐποίησα
1171 1777 1368 1859 τοῦτο.
1407 1777 1624 1874 Ἐπειδὴ
1651 1804 1753 1876 γὰρ

1867 1777 2032 1878 ure-us,
2061 1812 2105 1865 si
2131 1811 2230 1880 feci
2265 1812 2436 1864 istud.
2475 1808 2609 1862 Nam
2651 1807 2776 1877 quia
2822 1802 3106 1866 Absalom,
3150 1809 3210 1854 ut
3257 1798 3340 1853 leo
3383 1798 3434 1850 in

167 1894 195 1944 ὁ
233 1893 570 1964 ’Δόεσαλὼμ
629 1894 705 1957 ὡς
749 1893 888 1947 λέων
957 1894 1015 1948 ἐν
1056 1893 1133 1965 τῷ
1161 1893 1352 1966 δρυμῷ
1403 1895 1493 1948 τὸν
1547 1897 1760 1965 πατέρα

167 1985 420 2049 ἐδίωκεν,
455 1986 535 2049 ὡς
565 1985 704 2040 λέων
750 1987 858 2040 άπὸ
887 1987 989 2057 τῆς
1026 1989 1204 2059 κόμης
1257 1989 1551 2060 κρατηθεὶς
1598 1989 1760 2062 ἐκρέ-

171 2093 329 2145 ματο,
363 2079 465 2130 καὶ
491 2079 526 2149 ἡ
551 2078 698 2149 κόμη
713 2078 810 2131 τοῦ
836 2078 1056 2150 δένδρου
1080 2079 1188 2133 ἀπὸ
1208 2081 1308 2152 τῆς
1331 2082 1508 2152 κόμης
1539 2083 1760 2153 ἐκράτει

167 2169 256 2220 τὸν
285 2168 512 2231 λέοντα,
548 2171 643 2224 καὶ
679 2172 762 2235 ὡς
783 2171 972 2244 ἔριφος
1000 2175 1059 2225 ἐν
1099 2172 1353 2243 μακέλλῳ
1380 2175 1409 2226 ὁ
1441 2173 1578 2226 λέων
1603 2173 1760 2244 ἐκρέε-

171 2277 332 2329 ματο,
360 2262 462 2314 καὶ
490 2261 834 2334 όψωνάτορες
866 2265 1166 2334 ἀνάργυροι
1202 2264 1437 2335 κόρακες
1477 2265 1571 2319 καὶ
1612 2265 1762 2318 ἀετοὶ

168 2353 536 2424 παρεγίνοντο
561 2370 576 2386 ο
610 2356 704 2408 καὶ
754 2355 902 2422 ἀξιον
941 2355 1230 2425 ἐπιτάφιον
1260 2355 1410 2427 αύτῷ
1435 2355 1693 2426 Σαλομὼν
1732 2359 1763 2410 ό

168 2444 400 2515 ἁδελφὸς
441 2444 610 2499 αὐτοῦ
651 2447 979 2517 ύπέψαλλεν,
1034 2448 1243 2516 λέγων·
1287 2449 1630 2518 Ὀφθαλμὸν
1662 2466 1762 2502 κα-

169 2538 515 2608 ταγελῶντα
536 2541 782 2608 πατρὸς,
805 2541 1184 2610 ἐκκόψαισαν
1204 2541 1390 2596 αὐτὸν
1414 2545 1668 2612 κόρακες
1689 2543 1758 2596 ἐκ

169 2629 288 2685 τῶν
316 2630 677 2703 φαράγγων,
716 2633 818 2686 καί
848 2633 1248 2704 καταφάγοιεν
1288 2635 1476 2688 αὑτὸν
1506 2635 1756 2689 νεοσσοί

169 2723 384 2779 ἀετῶν.
425 2725 582 2778 Ἐπεὶ
623 2718 718 2780 οὖν
749 2725 800 2778 oi
829 2727 1037 2781 νεοσσοὶ
1073 2727 1164 2779 τὸν
1209 2728 1430 2780 νεοσσὸν
1467 2727 1562 2780 τοῦ
1593 2727 1759 2782 Δαεὶδ

172 2815 480 2870 κατεσθίειν
503 2816 784 2882 ἔσπευδον,
814 2817 1100 2888 προλαϐὼν
1119 2818 1176 2870 δὲ
1198 2819 1228 2869 ὁ
1258 2817 1564 2888 στρατηγὸς
1599 2817 1756 2871 Ἰωὰδ

169 2909 244 2971 ὡς
279 2907 498 2979 ἰξευτὴς
537 2908 772 2978 καλάμῳ
815 2909 892 2980 τῷ
942 2910 1128 2980 δόρατι
1157 2909 1248 2962 τὸν
1295 2911 1415 2963 νέον
1463 2909 1754 2982 ἐθήρασεν,

170 3002 271 3054 καὶ·
290 2999 527 3072 πληγεὶς
555 3003 615 3054 ἐν
643 3001 719 3072 τῷ
745 3001 868 3072 άέρι
905 3001 1294 3072 ἐπτερύσσετο,
1351 3001 1444 3055 καὶ
1475 3002 1568 3054 τὸν
1599 3001 1758 3055 002w-

1860 1908 2007 1974 sylva
2060 1917 2266 1973 patrem
2298 1903 2758 1974 persequebatur;
2801 1900 2878 1954 ut'
2904 1897 2988 1951 leo
3018 1911 3045 1949 a
3078 1909 3230 1948 coma
3259 1902 3435 1944 reten-

1863 2008 1948 2052 tus
1979 1997 2267 2065 pendebat,
2326 2005 2380 2049 et
2431 1994 2646 2048 arboris
2699 2005 2856 2047 coma
2908 1989 3122 2042 leonem
3163 1999 3232 2038 ex
3279 1995 3434 2037 coma

1867 2087 2105 2151 tenebat,
2147 2101 2211 2140 ac
2251 2084 2396 2138 velut
2430 2081 2714 2138 hmdus'in
2756 2078 2986 2136 macello
3029 2073 3302 2145 pendebat
3327 2070 3434 2134 leo,

1860 2189 2022 2247 atque
2051 2184 2404 2245 opsonatores
2439 2175 2554 2229 siue
2604 2171 2781 2242 pretio
2803 2169 2950 2225 corvi
2981 2177 3036 2223 et
3062 2165 3254 2234 aquilae
3281 2162 3439 2216 adve-

1859 2268 2113 2333 aiebant;
2144 2268 2468 2336 dignumque
2515 2263 2848 2334 epitaphium
2895 2251 2948 2313 ei
2981 2255 3213 2311 succinit
3264 2252 3435 2306 frater

1862 2358 1978 2427 ejus
2021 2357 2301 2421 Salomon,
2335 2371 2432 2424 per
2473 2356 2588 2409 haec
2633 2354 2838 2407 verba:
2876 2347 3097 2403 Oculum
3131 2345 3220 2415 qui
3245 2341 3434 2396 irridet

1857 2458 2082 2517 patrem,
2124 2446 2380 2516 effodiant
2415 2459 2531 2498 cum
2564 2442 2703 2496 corvi
2730 2442 2794 2493 de
2815 2436 3162 2497 convallibus,
3187 2441 3236 2485 et
3261 2443 3434 2482 come-

1857 2539 1986 2594 dam
2015 2554 2134 2592 eum
2163 2535 2293 2604 pulli
2326 2535 2628 2605 aquilarum
2649 2531 2716 2586 ⁸⁸.
2739 2530 2874 2597 Quia
2907 2541 3038 2598 ergo
3062 2523 3190 2593 pulli
3231 2518 3432 2590 pullum

1858 2631 2080 2687 Davidis
2113 2644 2306 2685 vorare
2337 2627 2689 2691 festinabant,
2726 2621 3063 2694 praeveniens
3091 2625 3268 2670 autem
3297 2609 3434 2666 Joab

1823 2710 1964 2784 'dux
1993 2726 2271 2781 exercitus
2313 2723 2462 2777 velut
2505 2733 2706 2787 auceps
2759 2714 3043 2779 arundine,
3092 2711 3248 2764 hasta
3275 2707 3435 2776 juve-

1859 2833 1982 2871 nem
2009 2825 2239 2870 venatus
2268 2824 2372 2881 est,
2404 2823 2802 2882 percussusque
2833 2808 2885 2860 in
2925 2819 3055 2859 aere
3086 2801 3202 2856 alas
3235 2812 3438 2854 concu-

1860 2911 2049 2974 tiebat,
2102 2922 2202 2963 nec
2251 2917 2479 2962 mortem
2528 2904 2706 2957 vitare
2749 2907 2995 2971 poterat,
3041 2906 3098 2950 et
3138 2889 3436 2964 palpitabat

1858 3016 2150 3072 acremque
2186 2998 2525 3061 caleitrabat,
2557 2995 2698 3064 quod
2726 3003 2932 3064 patrem
2962 2987 3338 3043 calcitrasset:
3375 2989 3436 3034 ut

169 3108 265 3145 τον
315 3093 515 3160 φυγεῖν
568 3092 670 3144 οὐκ
716 3089 988 3160 ἠδύνατο,
1051 3092 1145 3145 καὶ
1191 3091 1438 3164 σπαίρων
1476 3092 1567 3145 τὸν
1615 3092 1753 3162 ἀέρα

1863 3110 1984 3164 ergo
2028 3093 2182 3148 multi
2222 3102 2450 3146 mortem
2497 3087 2776 3144 Absalomi
2820 3083 3009 3140 Davidi
3057 3077 3432 3182 assignabaut,

171 3183 488 3247 ἐλάκτιζεν,
539 3182 728 3254 ἐπειδὴ
771 3183 870 3237 τὸν
917 3183 1129 3254 πατέρα
1163 3184 1482 3239 ἐλάκτισεν·
1535 3184 1612 3249 ὡς
1661 3180 1753 3239 οὖν

1863 3186 2186 3242 accusabant
2215 3198 2362 3247 eum,
2392 3196 2456 3237 ac
2482 3180 2734 3235 dicebant
2764 3195 2778 3231 :
2817 3175 2913 3231 Ubi
2943 3171 3298 3228 mansuetudo
3330 3165 3438 3220 Da-

170 3276 351 3328 πολλοὶ
370 3274 463 3328 τὸν
490 3275 718 3328 Θάνατον
749 3273 846 3327 τοῦ
882 3274 1204 3345 Ἀϐεσαλὼμ
1237 3274 1315 3345 τῷ
1338 3274 1504 3327 Δαϐὶδ
1527 3276 1759 3346 ἐπιγρά-

170 3383 398 3436 φοντες,
441 3367 540 3420 καὶ
573 3365 889 3437 αίνιιώμενοι
920 3367 1134 3436 ἔλεγον⁶
1167 3366 1276 3420 Ποῦ
1315 3369 1349 3438 ἡ
1383 3367 1627 3439 πραότης
1660 3367 1754 3420 τοῦ

169 3460 371 3524 Δαϐίδ;
434 3458 541 3512 ποῦ
593 3461 628 3530 ἡ
678 3461 962 3530 προφήτου
1026 3460 1312 3525 εύλάϐεια;
1364 3460 1495 3514 ἰδίου
1561 3461 1753 3513 τέκνου

171 3551 396 3620 νεότητα
437 3549 754 3621 σκιρτῶσαν
789 3549 889 3602 οὐκ
923 3551 1176 3620 ἤνεγκεν,
1230 3549 1368 3603 ἀλλὰ
1429 3549 1755 3620 φονευθῆναι

171 3642 336 3697 αὑτὸν
365 3641 614 3713 ἀνηλεῶς
670 3641 956 3695 ἐκέλευσεν
976 3659 991 3673 ο
1027 3641 1217 3711 ἐπειδὴ
1248 3641 1310 3694 τὸ
1346 3640 1540 3708 ψεῦδος
1583 3632 1680 3694 ’καὶ
1719 3642 1752 3713 ἠ

174 3733 506 3802 συκοφαντία
539 3732 902 3799 ἐπλατύνετο,
942 3733 1201 3807 μάρτυρα
1229 3736 1330 3806 τῆς
1377 3734 1686 3804 ἀθωότητος
1725 3734 1754 3786 ὁ

172 3828 335 3882 Δαϐὶδ
352 3828 448 3882 τὸν
473 3827 608 3880 Θεὸν
637 3827 916 3881 ἐκάλεσεν.

236 3921 478 3983 Πάντες,
523 3919 790 3986 Δέσποτα,
825 3919 1096 3988 λέγουσιν,
1133 3921 1215 3974 ὅτι
1255 3921 1366 3989 ἐγὼ
1393 3922 1485 3974 τὸν
1532 3921 1756 3974 Ἀδεσα-

171 4012 286 4082 λὼμ
320 4012 617 4080 ἐφόνευσα.
680 4013 859 4080 Κύριε
906 4016 940 4067 ό
991 4015 1136 4079 6315(-
1185 4032 1344 4082 μου,
1386 4017 1437 4067 el
1489 4014 1754 4081 ἐποίησα

172 4103 369 4157 τοῦτο’
413 4105 465 4155 εί
489 4102 590 4173 τὴν
615 4103 794 4167 δεξιὰν
826 4107 892 4174 τῇ
929 4108 1112 4175 σφαγῇ
1143 4105 1239 4157 τοῦ
1265 4105 1455 4168 παιδὸς
1480 4106 1750 4176 ἐμόλυναο

171 4196 220 4248 ει
231 4194 405 4247 ἐστιν
418 4193 710 4250 ἀδικίαέν
727 4197 943 4264 χερσίν
965 4214 1106 4265 μου.
1124 4197 1186 4249 El
1215 4198 1274 4248 ἐν
1297 4196 1621 4268 γράμμασιν
1655 4198 1752 4250 αύ-

171 4283 256 4336 cev
282 4284 357 4348 ὡς
394 4283 488 4336 τὸν
514 4284 718 4353 Οὐρίαν
738 4286 1034 4353 ἐφόνευσα·
1074 4287 1122 4337 εί
1155 4285 1441 4349 δακτύλοις
1467 4288 1620 4357 ἐμοῖς
1660 4287 1750 4340 τὸν

172 4377 288 4427 κατ’
310 4375 522 4428 ἐκείνου
559 4376 977 4446 ἐσκιογράφησα
1011 4375 1260 4430 θάνατον.
1301 4375 1369 4430 Ἢ
1405 4378 1500 4430 καὶ
1542 4376 1746 4442 οὕτως·

1855 3281 2029 3334 vidis?
2065 3281 2151 3332 ubi
2189 3278 2462 3346 propheta:
2503 3273 2710 3343 pietas?
2749 3268 2952 3338 proprii
3001 3266 3094 3320 lilii
3147 3260 3434 3316 lascivien-

1861 3385 1966 3428 tem
1997 3372 2337 3442 iuventutem
2372 3381 2478 3421 non
2519 3365 2658 3426 tulit,
2691 3361 2786 3417 sed
2819 3356 3056 3414 interimi
3094 3369 3216 3408 emn
3255 3349 3434 3403 immi-

1857 3462 2208 3518 sericorditer
2244 3459 2453 3528 jussit:
2493 3454 2930 3526 quandoquidem
2985 3444 3328 3502 mendacium
3377 3448 3433 3492 et

1817 3602 1824 3608 .
1858 3555 2125 3608 calumnia
2153 3552 2455 3613 crescebat,
2495 3557 2686 3603 testem
2717 3541 3042 3599 innocentiae
3073 3536 3240 3592 David
3265 3547 3431 3586 voca-

1854 3649 1934 3702 vit
1965 3647 2156 3705 Deum.

1932 3919 2173 3983 Cuncti,
2239 3916 2508 3976 Domine,
2589 3913 2776 3966 dicunt
2837 3925 2865 3962 a
2928 3923 3014 3961 me
3081 3903 3432 3960 Absalomum

1856 4015 2023 4070 luisse
2067 4013 2330 4068 occisum.
2379 4009 2600 4063 Domine
2649 4006 2788 4060 Deus
2832 4018 3001 4064 meus,
3030 4000 3076 4052 si
3108 3999 3209 4066 feci
3245 3995 3387 4049 istud
3411 4009 3432 4048 :

1853 4107 1898 4162 si
1927 4105 2174 4161 dextram
2225 4104 2371 4157 caede
2409 4101 2501 4154 ﬁlii
2554 4095 2816 4152 maculavi
2847 4111 2860 4148 ι
2887 4094 2933 4146 si
2979 4102 3052 4145 est
3094 4088 3346 4157 iniquitas
3379 4084 3436 4139 in

1853 4200 2094 4252 utauibus
2113 4198 2263 4250 meis.
2299 4195 2355 4249 Si
2388 4211 2482 4261 per
2512 4194 2717 4247 litteras
2744 4205 2891 4252 etim,
2927 4187 3070 4241 velut
3113 4183 3324 4246 Uriau't,
3350 4181 3427 4249 ius

1855 4291 2076 4358 terl‘eci;
2109 4290 2153 4343 si
2193 4288 2378 4357 digitis
2415 4286 2548 4340 meis
2577 4294 2808 4339 mortem
2847 4281 3108 4336 adversus
3139 4277 3311 4344 ipsum
3341 4271 3435 4327 de-

1855 4385 2073 4440 lineavi.
2120 4385 2229 4437 Aut
2270 4383 2434 4437 etiam
2467 4381 2578 4434 sic:
2617 4377 2870 4447 quoniam
2911 4382 3065 4442 pater
3094 4386 3124 4424 ιι
3158 4369 3267 4423 lilio
3297 4364 3432 4434 eripi

173 4467 357 4537 ἐπειδὴ
399 4466 667 4537 ρυσθῆναι
706 4468 734 4520 ὁ
759 4469 942 4540 πατὴρ
965 4469 1074 4523 ἀπὸ
1113 4468 1208 4522 τοῦ
1243 4469 1360 4523 υἱοῦ
1387 4470 1748 4541 προσηύχετο,

1863 4478 2200 4545 precabatur,
2237 4482 2286 4528 ε·
2333 4471 2564 4540 agricola
2615 4468 2851 4536 plantam
2903 4463 3049 4516 velut
3090 4459 3302 4527 spinam
3350 4454 3435 4508 fu-

173 4561 262 4613 καὶ
299 4561 326 4612 ὁ
357 4559 607 4630 γεωργὸς
647 4558 707 4612 τὸ
752 4561 917 4628 φυτὸν
949 4561 1024 4624 ὡς
1065 4559 1307 4615 ἄκανθαν
1341 4561 1561 4632 ἔφυγεν,
1595 4565 1690 4616 καὶ
1721 4565 1749 4616 ὁ

173 4655 368 4724 ποιμὴν
407 4653 504 4705 τὸν
532 4654 674 4724 ἄρνα
711 4654 788 4717 ὡς
834 4653 1025 4709 λέοντα
1075 4653 1496 4724 ἀπεδίδρασκεν,
1529 4653 1752 4706 άναόλέ-

171 4747 274 4817 ψας
302 4749 378 4810 είς
411 4748 508 4800 τὸν
540 4747 769 4819 οὐρανὸν
801 4747 1018 4814 ἐλεγενο
1059 4745 1116 4798 '0
1149 4745 1266 4808 υίὸς
1293 4746 1395 4815 ἐμὲ
1421 4747 1513 4799 τὸν
1535 4747 1747 4818 πατέρα

173 4838 407 4908 πολεμεῖ.
439 4840 618 4908 Κύριε
656 4842 689 4892 ὁ
733 4840 874 4904 Θεός
901 4855 1056 4906 μου,
1091 4839 1144 4890 el
1170 4837 1430 4906 ἐποίησα
1455 4838 1650 4893 τοῦτο.
1685 4839 1748 4891 Εἰ

171 4931 260 4982 τὸν
280 4931 503 4983 τεκόντα
535 4930 784 5001 ἐλύπησα
801 4947 816 4961 θ
847 4932 897 4983 ει
928 4928 1004 5000 μὴ
1023 4929 1098 4992 ὡς
1123 4928 1307 4991 δοῦλος
1331 4929 1568 5001 δεσπότῃ
1592 4930 1745 4983 ἐδού-

172 5025 358 5076 λευσα·
393 5025 446 5076 εἰ
493 5023 585 5076 τὸν
620 5023 832 5076 ἐκείνου
860 5023 1093 5076 θάνατον
1119 5021 1258 5091 ἐμὴν
1292 5021 1605 5095 ἐλευθερίαν
1639 5023 1748 5075 ἐνὸ-

176 5133 317 5188 μισα.
352 5117 531 5183 Κύριε
591 5119 628 5170 ὁ
674 5115 818 5181 Θεός
858 5133 998 5184 μου,
1046 5117 1102 5168 εὶ
1149 5115 1408 5182 ἐποίησα
1453 5115 1646 5168 τοῦτο.
1680 5117 1744 5167 Ὂ

176 5210 418 5280 ὑπομένω
448 5209 496 5259 εί
513 5206 745 5278 ἔπραξα.
772 5211 839 5263 El
866 5207 1042 5262 ἐστιν
1062 5209 1263 5264 ἀδικία
1282 5210 1353 5263 ἐν
1373 5208 1583 5276 χερσίν
1607 5225 1749 5276 μου.

177 5302 236 5354 Εἰ
263 5302 514 5354 ἐπέσεισα
547 5300 648 5363 τὰς
692 5303 898 5372 χεῖρας,
927 5300 1027 5372 τὴν
1067 5301 1366 5370 σύντροφον
1401 5302 1590 5355 πενίαν
1619 5303 1754 5354 ὀνει-

177 5392 324 5455 δίζων
351 5391 432 5463 τῷ
461 5392 654 5464 πατρί·
689 5395 736 5446 εἰ
783 5395 860 5464 μὴ
891 5393 989 5457 τὰς
1021 5395 1129 5448 ἀπὸ
1152 5395 1261 5448 τῶν
1287 5394 1548 5464 καμάτων
1577 5413 1749 5466 προσ-

177 5483 313 5548 όδως
353 5484 697 5556 προσέφερον
721 5502 735 5516 ’
791 5487 840 5538 εί
880 5487 954 5558 μὴ
993 5488 1070 5550 ὡς
1132 5487 1392 5557 δευτέραν
1427 5488 1746 5558 προσφορὰν

177 5577 248 5648 τῷ
269 5578 433 5648 πατρὶ
468 5576 570 5649 τὴν
610 5580 870 5652 εἰσφορὰν
898 5579 1109 5653 ἔφερον.
1153 5583 1220 5634 Ei
1247 5579 1420 5633 ἔστιν
1441 5580 1643 5634 ἀδικία
1677 5581 1749 5636 ἐν

240 5786 282 5819 ⁸⁸
310 5786 330 5842 l
372 5787 507 5859 Reg.
541 5803 676 5858 xvn,
709 5789 802 5860 54,
835 5787 926 5846 55.
1001 5790 1047 5824 ⁸³
1075 5791 1234 5849 Prov.
1265 5811 1394 5866 xxx,
1423 5795 1508 5854 Π.

1857 4568 2064 4639 giebat,
2112 4575 2411 4636 pastorque
2441 4577 2638 4631 agnum
2675 4569 2930 4626 tanquam
2971 4555 3179 4608 leonem
3207 4550 3432 4610 vitabat,

1853 4659 2156 4730 suspiciens
2189 4658 2242 4711 in
2267 4655 2467 4711 coelum
2501 4653 2637 4707 dixit
2667 4670 2680 4704 :
2706 4650 2875 4704 Filius
2902 4663 2987 4702 me
3020 4654 3228 4715 patrem
3257 4640 3433 4695 hosti-

1852 4754 1974 4808 liter
2010 4751 2166 4823 petit.
2205 4750 2424 4803 Domine
2457 4748 2596 4800 Deus
2623 4761 2789 4808 meus,
2827 4744 2875 4797 si
2907 4742 3006 4810 feci
3045 4737 3205 4792 istud.
3243 4735 3300 4789 Si
3337 4745 3431 4803 ge-

1853 4849 2085 4903 nitorem
2148 4844 2392 4900 molestia
2434 4841 2625 4907 atieci;
2679 4841 2725 4895 si
2772 4849 3031 4906 tauquam
3080 4846 3274 4887 servus
3333 4829 3431 4881 do-

1855 4941 2002 4994 mino
2056 4953 2162 4994 non
2217 4937 2460 4999 servivi;
2519 4937 2562 4989 si
2627 4945 2854 4987 mortem
2923 4928 3065 4981 illius
3122 4923 3434 4977 libertatem

1855 5047 2030 5087 meam
2076 5032 2378 5087 arbitratus
2427 5045 2569 5084 sum.
2613 5027 2832 5080 Domine
2873 5022 3016 5076 Deus
3043 5033 3209 5082 meus,
3252 5014 3297 5068 si
3330 5010 3432 5081 feci

1856 5112 2209 5191 istudeuod
2250 5123 2426 5193 patior
2464 5122 2506 5176 si
2540 5121 2644 5190 egi.
2679 5120 2739 5173 Si
2775 5129 2847 5170 est
2877 5114 3127 5183 iniquitas
3175 5113 3228 5162 in
3268 5106 3434 5160 mani-

1857 5218 1951 5272 bus
2005 5219 2171 5272 meis.‘
2217 5215 2274 5269 Si
2324 5214 2571 5269 concussi
2615 5226 2828 5271 manus,
2885 5222 2943 5262 ut
2987 5200 3431 5260 contubernalem

1854 5316 2227 5377 paupertatem
2279 5303 2663 5373 exprobrarem
2713 5300 2893 5369 patri;
2952 5299 2996 5350 si
3043 5311 3106 5349 ex
3155 5291 3430 5347 laboribus

1855 5409 2147 5469 proventus
2195 5414 2298 5450 non
2336 5395 2500 5450 detuli
2528 5411 2542 5460 ;
2574 5396 2616 5448 si
2652 5409 2754 5448 non
2786 5392 2926 5448 velut
2955 5389 3259 5451 secundum,
3280 5385 3432 5440 obla-

1857 5495 2059 5547 tionem
2112 5491 2254 5561 patri
2299 5489 2452 5543 attuli
2507 5490 2841 5559 pensionem.
2882 5483 2941 5540 Si
2983 5496 3055 5538 est
3096 5482 3341 5550 iniquitas
3377 5481 3432 5529 in

1856 5585 2094 5639 manibus
2136 5585 2283 5638 meis.
2332 5582 2386 5638 Si
2430 5597 2622 5638 manus
2650 5582 2715 5638 ad
2747 5580 3004 5634 ultionem
3033 5585 3085 5630 ct
3114 5573 3299 5646 plagas
3331 5570 3425 5624 ad-
