3828 6318
201 303 303 373 ιτι

1455 315 1808 372 APPENDIX
1848 315 1940 371 AD
1980 316 2355 377 ASTERIUM.

3346 318 3451 376 δῖε

201 422 636 503 μαρτνρθῦμεν.
681 429 899 494 Εὐθέως
946 432 981 502 ἡ
1031 430 1336 486 Σουσάννα’
1369 432 1546 499 Κύριε
1578 435 1611 487 ὁ
1644 433 1789 501 Θεός

1911 450 2073 492 ιειιιιιο
2107 438 2339 494 veritate
2371 438 2598 502 nitatur,
2634 437 2795 494 audi:
2836 435 3202 502 Exclamavit,
3240 434 3453 506 inquit.

201 518 391 587 μουβί
418 515 684 583 ἐποίησα
705 514 984 570 τοῦτοαΕί
1007 515 1263 588 ἀληθεύει
1277 518 1457 581 πολιὰ,
1482 518 1578 572 καὶ
1596 519 1786 588 νεάτης

203 606 523 678 σφάλλεται.
555 608 668 661 Καὶ
698 608 780 661 ὅτι
812 605 1019 678 ἀληθὴς
1062 608 1093 660 6
1138 606 1315 677 λόγος,
1347 607 1578 662 ἄκουσον
1600 626 1613 639 ’
1655 609 1789 663 Ἀν-

200 699 481 767 ισόησεν,
508 698 700 770 φησὶν,
726 700 765 767 ἠ
803 696 1147 765 Σουσάννα,
1188 699 1287 756 καὶ
1319 699 1790 765 ἀναστενάξασα

200 786 369 846 εἶπεν
385 807 403 821 ο
432 791 498 844 ⁸0
515 789 660 857 Θεὸς
680 793 714 845 ὁ
727 788 982 857 ald:er,
1001 791 1033 844 ὁ
1053 806 1174 843 των
1193 789 1477 859 κρυπτῶν
1492 790 1785 862 τνώστης,

200 885 235 939 d
258 881 442 951 εἰδὼς
471 883 547 938 τὰ
570 882 770 938 πάντα
795 882 941 952 πρὶν
989 882 1302 953 γενέσεως,
1331 882 1414 937 σὺ
1442 883 1786 947 ἐπίστασαι,

200 973 289 1028 ὅτι
321 973 534 1044 favori
554 990 678 1044 μου
703 973 1259 1044 καταμαρτυροῦσιν
1280 988 1295 1003 ·
1351 974 1450 1029 καί
1480 973 1610 1029 ιὸοὺ
1641 974 1790 1029 ἀπο-

201 1066 454 1135 θνήσκω
502 1069 593 1139 μὴ
633 1067 949 1136 ποιήσασα
992 1067 1207 1138 μηδὲν.
1230 1099 1302 1109 -
1328 1071 1506 1140 Κύριε
1553 1072 1588 1125 ὀ
1647 1070 1792 1137 Θεός

203 1178 338 1230 μου,
365 1164 426 1216 ει
455 1161 719 1230 ἐποίησα
741 1161 936 1219 τοῦτο.
963 1162 1118 1216 Ἐπεὶ
1144 1155 1238 1216 οὖν
1265 1162 1299 1235 ἡ
1331 1163 1667 1233 συκοφαντία
1692 1161 1792 1235 τὴν

202 1252 505 1325 τυραννίδα
551 1252 845 1316 ὲνδέδυται,
893 1254 989 1306 καὶ
1042 1254 1341 1325 ἀναπτεροῖ
1392 1254 1652 1319 πολλάκις
1694 1255 1793 1320 τὰς

202 1346 312 1400 τῶν
345 1345 565 1402 πολλῶν
592 1347 782 1411 ἀκοὰς,
813 1347 908 1401 ἐὰν
943 1349 1378 1421 συκοφαπηθῇς,
1410 1349 1597 1421 ἐπειδὴ
1634 1348 1793 1421 μόνος

203 1442 397 1493 πεῖσαι
428 1440 643 1504 πάντας
680 1441 780 1495 οὐκ
812 1442 1040 1512 ίσχύεις,
1068 1442 1204 1511 ἄφες
1234 1443 1466 1507 πάντας,
1502 1444 1597 1497 καὶ
1616 1442 1790 1515 δράμε

203 1532 469 1603 πρδςντὸν
502 1532 684 1605 μόνον,
716 1534 813 1587 καὶ
843 1534 1096 1605 μάρτυρα
1118 1534 1282 1589 αὑτὸν
1308 1535 1411 1605 τῆς
1434 1536 1534 1606 σῆς
1558 1535 1793 1607 ἀοωότη-

1883 527 2173 598 Susanna,
2222 540 2272 585 et
2318 530 2658 601 ingemiscens
2710 529 2845 583 dixit
2891 528 2981 582 ἐς
3034 526 3174 581 Deus
3221 534 3455 591 eterna,

1882 621 1972 690 qui
2014 620 2442 676 absconditos-um
2465 637 2520 676 es
2546 621 2801 692 cognitor,
2841 620 2933 692 qui
2972 620 3111 673 nosti
3152 617 3329 672 omnia
3361 634 3459 670 an—

1887 723 2094 786 tequam
2134 715 2301 784 ﬁant,
2347 726 2405 770 tu
2448 717 2551 770 scis
2590 716 2836 787 quoniam
2877 714 3075 784 falsum
3106 711 3464 766 testimonium

1886 805 2061 875 ferunt
2087 813 2271 861 contra
2307 823 2388 861 me
2410 823 2430 873 ;
2459 816 2507 861 et
2549 822 2665 865 ecce
2699 805 2921 871 morior,
2977 820 3097 858 cum
3151 802 3283 858 nihil
3324 801 3455 872 [oce-

1888 897 2008 952 rim.
2030 927 2097 937 —
2121 896 2339 952 Domine
2369 897 2511 952 Deus
2544 914 2709 963 meus,
2741 897 2786 951 si
2816 897 2918 966 feci
2946 896 3109 950 istud.
3141 893 3305 964 Igitur
3332 891 3459 962 quia

1891 990 2160 1045 calumnia
2199 990 2543 1061 tyrannidem
2567 990 2772 1056 induit,
2807 1004 2873 1045 ac
2922 999 3295 1056 sapenumero
3326 998 3458 1038 con-

1891 1079 2025 1137 citat
2053 1080 2344 1135 multorum
2372 1095 2532 1136 aures
2558 1098 2573 1148 ;
2605 1081 2650 1136 si
2679 1076 3003 1135 calumniam
3032 1090 3230 1149 passus
3259 1073 3425 1129 fueris
3444 1112 3461 1137 ,

1893 1171 2328 1241 quandoquidem
2368 1171 2514 1226 solus
2560 1170 2816 1227 omnibus
2856 1167 3187 1239 persuadere
3222 1179 3328 1219 non
3360 1176 3462 1215 va.-

1892 1262 1999 1328 les,
2036 1262 2221 1333 linque
2253 1278 2470 1330 omnes,
2504 1272 2559 1318 et
2594 1263 2660 1315 ad
2691 1262 2863 1317 solum
2893 1275 3091 1325 curre;
3118 1268 3353 1325 eumque
3386 1258 3465 1306 te-

1891 1364 2031 1417 stem
2062 1355 2389 1409 innocentiae
2414 1364 2518 1409 tua:
2547 1353 2593 1408 si
2623 1352 2903 1408 vocaveris
2923 1390 2941 1415 ,
2971 1350 3213 1404 invenies
3235 1360 3465 1402 succur-

1891 1456 2098 1501 renlem
2120 1446 2238 1511 tibi,
2257 1456 2315 1501 ut
2331 1446 2593 1501 Susanna:
2626 1443 2954 1513 acJosepho.
2973 1440 3051 1495 Illi
3076 1438 3325 1495 convenit
3344 1436 3471 1506 glo-

1890 1536 1994 1595 ria.
2014 1535 2189 1590 honor
2215 1545 2271 1590 et
2307 1535 2573 1601 adoratio,
2600 1533 2653 1588 in
2678 1532 2877 1587 smcula
2900 1530 3242 1586 saeculorum.
3270 1527 3474 1581 Amen..

205 1641 296 1691 τος
316 1627 530 1692 καλῶν,
565 1628 821 1701 εὑρήσεις
846 1627 1142 1699 βοηθοῦντά
1169 1645 1271 1694 σοι,
1301 1629 1378 1694 ὡς
1404 1631 1471 1701 τῇ
1501 1630 1774 1703 Σουσάννα
1808 1628 1903 1687 καὶ
1923 1628 2003 1700 τῷ
2046 1630 2265 1702 Ἰωσήφ.
2296 1624 2367 1700 ᾯ
2396 1628 2599 1703 πρέπει
2622 1623 2921 1696 δόξα,τιμὴ
2954 1622 3050 1677 καὶ
3075 1618 3471 1693 προσκύνησις)

203 1719 285 1783 τις
311 1720 445 1783 τοὺς
475 1718 681 1785 αἰῶνας
706 1720 818 1774 τῶν
846 1719 1081 1776 αἰώνων.
1128 1720 1329 1792 ,Ἀμήνι

271 1889 325 1924 ⁸³
367 1889 508 1950 Dan,
544 1904 667 1958 xm,
698 1892 804 1958 42,
836 1893 926 1949 45.

220 2068 3458 2119 ww

840 2308 1630 2507 APPENDIX
1722 2306 1929 2434 AD
2025 2298 2888 2437 ASTERIUM.

649 2728 862 2841 EK
935 2727 1237 2841 ΤΩΝ
1318 2716 2419 2845 ΑΜΦΙΛΟΧΕΙΩΝ
2498 2709 3057 2833 ΦΩΤΙΟΥ

960 2943 1161 2998 ΠΟΣΟῐ
1198 2940 1514 2997 ΑΣΤΕΡΙΟῘ
1549 2892 1923 3004 ΓΕΓΟΝΑΣΙ(
1942 2939 2069 2994 ΚΑΙ
2107 2936 2217 2992 ΤΙΣ
2255 2937 2304 2990 Η
2340 2930 2515 2988 ΔΟΞΑ
2547 2925 2797 2985 ΑΥἸὪΝ.

970 3273 1163 3375 EX
1206 3281 1625 3403 PHOTII
1696 3276 2746 3372 AMPHILOCHIANIS

855 3482 1018 3554 Quot
1059 3479 1287 3542 Asterii
1325 3479 1583 3553 fuerint,
1617 3495 1690 3540 ac
1722 3492 1913 3556 quam
1951 3472 2044 3535 illi
2084 3471 2459 3552 Opinionem
2493 3466 2848 3529 habuerint.

288 3823 654 3893 Συνήκμασαν
701 3820 799 3893 μὲν
849 3822 1114 3893 ’Δστέριοι
1139 3820 1253 3888 δύο,
1286 3821 1316 3874 6
1352 3795 1419 3874 τε⁴
1448 3820 1551 3892 τῆς
1591 3821 1803 3894 Ἀρείου

1973 3818 2185 3876 Pariter
2212 3813 2426 3885 quidem
2475 3810 2776 3863 ﬂoruerunt
2806 3801 3002 3858 Asterii
3050 3800 3157 3856 duo
3186 3816 3202 3854 :
3232 3799 3280 3854 is
3322 3794 3484 3852 nimi-

222 3914 425 3988 λύσσης
469 3913 838 3986 ὑπασπιστὴς,
872 3915 966 3968 καὶ
1011 3916 1041 3966 6
1083 3912 1189 3967 τῶν
1236 3912 1475 3967 εὐσεϐῶν
1525 3913 1808 3984 δογμάτων

222 4008 511 4079 τρόφιμος.
543 4006 604 4071 ὃς
636 4007 729 4061 καὶ
764 4006 841 4077 τῷ
883 4006 1104 4077 μεγάλῳ
1136 4005 1235 4077 μὲν
1281 4004 1554 4076 Ἰουλιανῷ
1588 4004 1807 4075 φοιτῶν,

223 4103 333 4165 τοῖς
364 4099 675 4171 μοναδικοϊς
713 4098 1026 4170 ἑγυμνάσθη
1070 4097 1462 4168 παλαίσμασιν,
1492 4096 1573 4150 ἔτι
1601 4097 1661 4150 τὸ
1691 4113 1811 4167 μει-

225 4194 414 4263 ράκιον
446 4190 679 4257 διεξιών*
709 4191 931 4263 ὕστερον
958 4191 1015 4245 δὲ
1041 4189 1136 4243 καὶ
1164 4190 1330 4262 μονῆς
1357 4189 1665 4261 ἀσκητικῆς
1681 4189 1814 4242 καθ-

226 4285 474 4355 ηγήσατο
500 4299 512 4310 ·
570 4274 630 4334 οὗ
676 4281 771 4335 καὶ
799 4281 1046 4354 μαθητὴς
1083 4281 1219 4352 μετὰ
1257 4280 1353 4334 καὶ
1395 4280 1569 4334 ἄλλων
1602 4279 1814 4333 πολλῶν

226 4378 519 4448 ἐπισήμων
539 4375 748 4448 ἀνδρῶν
763 4376 1130 4448 ἐχρημάτισεν
1147 4374 1176 4425 6
1197 4372 1630 4446 πολυθρύλλητος
1660 4371 1814 4426 ’Δκά-

227 4484 343 4531 xta;
369 4469 399 4521 6
426 4467 693 4539 Βερροίας
717 4482 732 4496 ·
757 4467 788 4518 6
812 4466 869 4520 δὲ
894 4467 991 4537 τῆς
1037 4465 1379 4537 ’Δρειανικῆς
1400 4464 1664 4535 αἱρέσεως
1694 4464 1816 4534 ὲρα-

232 4557 382 4629 στὴς,
418 4556 741 4629 σοφιστικὴν
762 4556 861 4628 μὲν
891 4559 956 4609 ἐκ
987 4556 1122 4609 νέων
1152 4556 1453 4626 μετήρχετο
1483 4554 1701 4624 τέχνην,
1722 4554 1816 4605 καὶ

228 4651 295 4720 τῇ
319 4648 432 4703 τῶν
480 4647 752 4719 Ἐλλήνων
794 4645 1167 4717 ἀνετὲθραπτο
1214 4644 1391 4715 πλάνῃ
1410 4659 1425 4674 ο
1476 4641 1573 4712 ὀψὲ
1618 4641 1678 4695 δὲ
1722 4641 1815 4694 τὸν

232 4738 669 4813 Χρισ·ι;ιιινισι.ι.)›ν¹
694 4737 1152 4810 ὑποκρινάμενος,
1178 4739 1259 4800 εἰς
1299 4735 1397 4807 τὴν
1444 4734 1554 4789 τῶν
1600 4735 1817 4805 ’Δρεια-

230 4831 339 4885 νῶν
371 4828 635 4885 ἀπέκλινε
666 4822 859 4901 μοῖραν
882 4846 896 4860 ·
921 4829 1017 4882 καὶ
1037 4829 1066 4880 6
1092 4827 1189 4898 μὲν
1210 4827 1366 4895 δίκην
1387 4825 1586 4879 ἔδωκεν
1612 4827 1669 4878 ὲν
1703 4825 1823 4877 Ἂν·-

234 4923 442 4996 τιοχείᾳ
482 4923 583 4994 τῆς
623 4921 923 4977 ἀκολάστου
952 4918 1224 4991 γλώσσης,
1265 4918 1425 4989 ἔργον
1459 4916 1697 4985 γεγονὼς
1721 4916 1822 4986 τῆς

247 5013 535 5069 Ἰουλιανοῦ
565 5011 661 5065 τοῦ
693 5009 1008 5082 Θαυμασίου.
1028 5009 1337 5082 προσευχῆς
1358 5025 1370 5037 ·
1395 5010 1426 5062 6
1446 5009 1527 5072 δὲ,
1560 5007 1651 5062 τὸν
1676 5007 1822 5058 ὅσιον

234 5105 313 5167 είς
355 5104 461 5177 τὴν
502 5101 627 5155 κατ’
669 5100 834 5157 αὐτοῦ
870 5099 1086 5154 δικαίαν
1134 5099 1406 5171 τιμωρίαν
1444 5098 1820 5167 διανέστησεν’

237 5194 426 5267 ἔτερος
458 5189 551 5247 οὖν
584 5193 647 5247 τὸ
675 5192 900 5265 θρέμμα
937 5192 1035 5263 τῆς
1065 5189 1392 5263 ὀρθοδοξίας,
1425 5191 1521 5245 καὶ
1563 5190 1749 5260 ἕτερος
1797 5188 1827 5240 6

233 5286 334 5357 τῆς
364 5285 577 5356 πλάνης
602 5284 798 5356 κῆρυξ.
826 5283 964 5337 Ἀλλ’
976 5284 1085 5337 οὐδ’
1104 5287 1134 5338 6
1154 5285 1253 5356 τὴν
1277 5283 1540 5354 ἐκφρασιν
1565 5282 1664 5353 τῆς
1687 5280 1827 5352 μάρ-

236 5395 399 5455 τυρος
435 5376 725 5449 Εὐφημίας
754 5375 1159 5447 ἀναταξάμενος
1195 5377 1373 5429 κοινόν
1403 5391 1457 5428 τι
1504 5373 1659 5446 φέρει
1691 5371 1828 5443 πρὸς

234 5472 325 5526 τὸν
351 5471 457 5542 τῆς
498 5469 817 5533 δυσσεϐείας
860 5469 1212 5541 ὐπέρμαχονο
1262 5467 1480 5540 πρῶτον
1524 5467 1622 5538 μὲν
1664 5463 1724 5529 ἐξ
1754 5457 1830 5518 ὧν

237 5562 436 5619 θᾶττον
463 5565 495 5618 6
526 5561 795 5635 δυσσεϐὴς
824 5563 1051 5617 ἀπέτισε
1089 5563 1188 5635 τὴν
1209 5561 1392 5632 δίκην⁸
1421 5559 1452 5614 6
1486 5559 1597 5631 γὰρ
1622 5558 1722 5630 τῆς
1748 5559 1828 5611 εἰ-

242 5655 482 5727 ρημένης
508 5652 716 5717 εἰκόνος
752 5653 1169 5727 λογογραφήσας
1209 5652 1307 5724 τὴν
1338 5651 1620 5723 ἐκφρασιν,
1666 5648 1742 5713 ὠς
1772 5648 1829 5702 ἐν

238 5761 379 5800 τισιν
419 5744 588 5801 αὑτοῦ
616 5744 724 5800 τῶν
755 5746 931 5813 λόγων
965 5746 1341 5814 διαλαμϐάνει,
1376 5746 1453 5821 εἰς
1490 5742 1625 5798 ϐαθὺ
1659 5741 1831 5811 γῆρας

1915 3927 2034 3967 rum
2056 3909 2147 3979 qui
2176 3906 2503 3962 Arianorum
2538 3898 2739 3955 furoris
2766 3898 2946 3951 fautor
2976 3909 3040 3949 ac
3065 3892 3318 3949 defensor
3342 3891 3485 3957 fuit;

1917 4019 1983 4057 ac
2009 4001 2102 4070 qui
2137 4000 2347 4069 piorum
2384 3995 2693 4064 dogmatum
2722 3989 2935 4046 exstitit
2982 3986 3231 4041 alumnus
3262 4002 3277 4039 :
3304 3982 3397 4054 qui
3430 3989 3489 4038 et

1918 4091 2096 4162 magni
2131 4087 2334 4144 Iuliani
2379 4083 2701 4152 discipulus,
2741 4095 2772 4136 a
2799 4078 2993 4151 puerili
3025 4077 3261 4132 aatatein
3300 4087 3491 4128 mona—

1919 4183 2071 4238 stica:
2128 4180 2254 4232 vitae
2330 4174 2583 4246 palmstra
2635 4185 2757 4227 sese
2803 4167 3094 4224 exercuit:
3131 4175 3315 4235 postea
3363 4176 3493 4217 vero

1922 4277 2086 4330 etiam
2141 4270 2514 4341 religiosorum
2562 4262 2893 4319 monasterio
2950 4257 3163 4330 p-ra'fuil
3195 4272 3209 4307 :
3241 4254 3393 4325 cujus
3439 4262 3494 4308 et

1922 4362 2241 4434 discipulus,
2295 4370 2493 4430 praeter
2542 4356 2725 4424 plures
2767 4353 2903 4407 alios
2955 4349 3277 4417 conspicuos
3328 4345 3493 4408 viros,

1919 4452 2379 4510 celebratissimtls
2433 4450 2521 4503 ille
2568 4446 2798 4500 Aeacius
2850 4442 3128 4497 Berrhmae
3177 4437 3297 4492 fuit.
3325 4434 3494 4490 Porro

1919 4548 2133 4601 Arianae
2182 4542 2271 4599 ille
2326 4541 2551 4595 haeresis
2585 4536 2905 4599 admirator,
2936 4548 2966 4587 a
3001 4544 3168 4600 puero
3208 4544 3272 4584 ac
3321 4525 3494 4582 adole-

1920 4637 2123 4694 scentia
2141 4633 2195 4688 in
2213 4632 2490 4704 gentilium
2510 4643 2695 4684 errore
2712 4628 2993 4689 educatus,
3016 4620 3370 4691 sophisticam
3403 4632 3495 4673 co-

1920 4729 2049 4795 luit;
2096 4727 2419 4794 demumque
2466 4721 2716 4778 simulato
2760 4714 3199 4776 Christianismo,
3252 4711 3307 4765 in
3349 4709 3491 4765 Aria-

1925 4836 2122 4877 norum
2156 4827 2367 4888 partem
2398 4813 2619 4872 deﬂexit
2646 4830 2661 4868 :
2692 4821 2854 4881 atque
2881 4808 2927 4863 is
2955 4805 3170 4877 quidem
3199 4800 3497 4858 Antiochia

1926 4928 2116 4984 petras
2155 4911 2303 4966 dedit
2335 4908 2647 4978 petulantia:
2684 4906 2900 4975 linguae,
2934 4896 3275 4955 admirabilis
3301 4892 3499 4949 Iuliani

1927 4983 2174 5078 precibus
2201 5004 2505 5058 exstinctus
2533 5015 2549 5066 ;
2600 4999 2736 5053 alter
2768 5010 2914 5059 vero,
2953 4992 3124 5046 virum
3158 4996 3403 5044 sanctum
3434 4983 3499 5038 ad

1920 5072 2121 5167 iustam
2154 5093 2448 5148 vindictam
2483 5086 2819 5160 provocavit.
2858 5082 3014 5137 Alius
3036 5093 3168 5149 ergo
3198 5083 3282 5131 est
3314 5072 3490 5129 ortho-

1928 5161 2080 5241 dum
2129 5179 2254 5236 ﬁdei
2300 5178 2573 5244 alumnus,
2626 5174 2872 5236 aliusque
2925 5167 3131 5224 erroris
3195 5177 3396 5235 preco.
3433 5161 3498 5214 At

1929 5287 2106 5344 neque
2167 5271 2235 5336 is,
2284 5268 2378 5340 qui
2434 5265 2745 5337 Euphemia:
2795 5259 3050 5331 martyris
3102 5254 3501 5314 enarrationem

1932 5342 2254 5436 composuit,
2284 5373 2573 5417 commune
2613 5354 2814 5427 aliquid
2847 5352 3010 5409 habet
3046 5365 3167 5405 cum
3210 5342 3502 5416 impietatis

1932 5435 2142 5514 vindice
2177 5473 2194 5510 :
2224 5452 2456 5525 primum
2491 5449 2738 5520 quidem,
2764 5444 2907 5518 quod
2952 5441 3148 5512 impius
3199 5437 3288 5494 ille
3344 5435 3502 5491 citius

1932 5562 2123 5621 pinnas
2152 5543 2447 5602 exsolverit
2479 5560 2494 5598 :
2529 5557 2656 5597 nam
2687 5541 2776 5611 qui
2805 5536 3041 5609 praefata:
3074 5530 3326 5602 imaginis
3353 5541 3493 5582 enare

1933 5620 2199 5698 rationem
2221 5648 2472 5695 sermone
2496 5641 2816 5705 prosecutus
2840 5639 2945 5696 est,
2973 5636 3032 5682 ut
3059 5626 3172 5696 ipse
3199 5625 3251 5680 in
3276 5620 3501 5692 quibus-

1938 5737 2062 5793 dam
2101 5733 2407 5791 orationum
2457 5742 2676 5786 suarum
2726 5712 2862 5809 locis
2891 5718 3129 5785 disserit,
3163 5714 3229 5771 ad
3263 5710 3500 5780 decrepi-
