3828 6338
199 315 282 373 εθι

195 438 353 491 fin-tur
374 444 439 486 ex
464 425 708 486 Nemesio
738 416 977 498 episcopo
1007 426 1284 495 Emeseno,
1315 427 1587 499 Νεμεαίου
1618 429 1743 481 ὲπι-
1773 433 1816 490 Α

196 527 372 582 extimo
421 522 675 594 Ἐμέσης.
729 521 905 576 Moses
956 535 1086 576 vero
1122 519 1440 591 ~Bar-Cepha
1491 530 1745 575 ttunntllla

196 636 248 673 ex
280 617 456 674 eodem
489 629 652 685 apere
679 614 843 669 verba
877 613 1138 676 recitatis,
1179 612 1482 667 Nemesium
1515 612 1746 682 philoso-

194 711 330 779 phum
357 705 717 761 Christianum
751 703 995 757 nominat
1028 702 1129 772 (α),
1165 704 1348 771 operis
1377 702 1556 771 potius
1582 717 1745 772 argn-

195 810 404 856 mentum
437 799 680 862 scilicet,
715 811 876 866 quam
928 796 1168 850 auctoris
1217 795 1536 863 dignitatem
1570 794 1744 863 respi-

192 893 337 948 ciens.
374 890 623 945 Przesulis
655 890 869 943 demum
913 887 1082 940 nostri
1117 887 1400 950 meminit,
1435 886 1622 938 eadem
1662 885 1744 937 itt-

193 985 457 1052 scriptione
483 996 614 1035 usus
644 994 747 1048 qua
774 971 1043 1031 Maximus
1063 986 1118 1029 et
1141 975 1486 1038 Anastasius,
1512 973 1745 1043 scriptor

191 1088 458 1144 anonymus
490 1072 629 1142 apud
664 1068 1128 1122 Montfauconium
1161 1067 1234 1137 (ὁ)
1269 1068 1445 1121 adhuc
1482 1065 1740 1130 ineditus,

191 1170 231 1220 in
259 1166 459 1234 Eclogis
499 1163 690 1217 ordine
735 1161 1080 1230 alphabetico
1127 1160 1370 1228 digestis,
1407 1174 1527 1228 quae
1567 1174 1595 1210 a
1632 1155 1743 1210 Pa-

188 1256 362 1310 ratfelis
393 1253 797 1308 Damascenicis
831 1251 1110 1305 diflerunt.
1149 1250 1228 1304 Ex
1269 1251 1463 1319 quibus
1497 1265 1626 1319 ergo
1661 1251 1743 1302 in-

189 1351 401 1420 telligas,
436 1358 658 1402 rectene
697 1363 762 1400 an
796 1361 983 1410 secus,
1021 1344 1087 1399 de
1134 1352 1357 1399 auclore
1402 1353 1588 1400 nostro
1637 1343 1742 1397 Ca-

185 1457 294 1496 vcus
320 1442 521 1511 aliique
551 1440 887 1495 censuerint.

239 1589 295 1642 ll.
335 1589 531 1643 Verum
562 1597 622 1643 ut
654 1604 718 1643 ea
755 1588 933 1642 denuo
966 1588 1138 1658 magis
1187 1589 1578 1644 confirmentur
1623 1603 1743 1658 qua»,

183 1683 404 1752 superius
461 1682 644 1736 obiter
706 1691 830 1750 post
887 1681 1240 1750 Lequienium
1303 1681 1624 1749 attigimus,
1677 1683 1743 1733 de

185 1787 398 1844 tempore
426 1789 538 1843 quo
579 1774 632 1827 in
680 1775 939 1827 cathedra
978 1773 1244 1826 Emesena
1301 1772 1502 1826 sederit
1549 1770 1742 1825 Neme-
1775 1794 1816 1848 Β

179 1864 306 1928 sius;
344 1863 643 1918 observare
683 1863 915 1930 primum
944 1862 1148 1930 iuverit
1181 1878 1302 1917 cum
1338 1863 1546 1917 editore
1593 1861 1738 1917 Oxo-

180 1956 367 2019 niensi,
401 1956 705 2010 antistitem
755 1964 1002 2010 nostrum
1039 1969 1103 2009 ea
1152 1963 1475 2024 tempestate
1517 1955 1736 2020 vixisse,

181 2064 268 2118 qua
302 2048 554 2102 Ecclesia:
596 2062 782 2117 pacem
814 2047 1109 2102 turbabant
1136 2046 1521 2116 Apollinarius,
1554 2045 1748 2100 Euno»

181 2143 300 2196 mins
342 2150 506 2208 atque
546 2138 895 2208 Origenistaa.
942 2139 1008 2192 Et
1047 2139 1114 2193 de
1145 2137 1479 2206 Apollinario
1523 2139 1738 2207 quidem

179 2235 317 2289 verba
368 2232 577 2287 faciens
634 2231 921 2286 Nemesius
975 2233 1076 2286 sub
1122 2232 1313 2302 'operis
1363 2231 1576 2285 initium
1636 2231 1732 2304 (c),

178 2326 331 2394 ipsum
373 2327 634 2395 deinceps
684 2326 930 2380 studiose
974 2325 1176 2380 refellit
1218 2325 1316 2395 (d).
1372 2327 1512 2380 Alibi
1561 2337 1739 2380 autem

178 2430 341 2472 contra
394 2418 727 2473 Ennomium
764 2417 951 2487 rpalam
997 2418 1236 2486 disputat
1274 2418 1392 2487 .(e);
1449 2433 1607 2487 quem
1660 2420 1744 2473 ni-

180 2511 352 2564 mirum
389 2525 420 2563 a
454 2509 750 2578 praecipuis
781 2510 957 2578 quarti
1002 2509 1184 2564 surculi
1221 2510 1478 2564 Ecclesiae
1511 2511 1743 2579 scripto-

183 2601 334 2664 ribus,
372 2600 574 2654 Basilio
599 2601 900 2670 prtesertim
929 2609 985 2654 et
1014 2590 1242 2669 utroque
1255 2600 1550 2669 Gregorio,
1577 2601 1743 2657 fuisse

180 2692 525 2762 ipugnatum
549 2705 712 2746 nemo
739 2692 932 2747 nescit.
976 2690 1406 2762 Origenistarum
1436 2704 1615 2748 autem
1661 2695 1744 2747 in-

179 2784 363 2834 somnia
380 2783 448 2834 de
466 2781 776 2836 animarum
805 2781 1063 2836 descensu
1080 2796 1144 2836 ac
1169 2784 1641 2853 transmigratione
1664 2795 1744 2838 ta-

171 2872 266 2925 cite
281 2873 888 2942 primum,postmodum
917 2888 1044 2928 vero
1059 2875 1399 2942 apertissime
1424 2878 1739 2949 respuit”).

172 2962 310 3028 Quod
348 2965 390 3017 si
452 2961 750 3018 Netnesius
812 2963 940 3018 dum
1001 2964 1290 3019 creationis
1351 2981 1488 3034 opus
1542 2981 1743 3021 secun-

181 3054 290 3108 dum
319 3054 734 3126 Scripturarum
758 3054 969 3124 eloquia
997 3070 1258 3111 enarrare
1284 3059 1504 3127 satagit,
1535 3059 1745 3113 anima-

174 3159 279 3199 rum
308 3147 796 3215 prmexsistentiam
833 3147 1026 3201 doceat
1055 3147 1161 3216 (g),
1184 3163 1309 3204 eum
1334 3150 1550 3204 demum
1584 3165 1744 3205 secu-
1767 3137 1816 3196 τι

181 3236 277 3292 rius
302 3237 476 3295 fuisse
520 3239 788 3302 locutum,
823 3247 882 3291 ut
924 3239 1108 3308 phrasi
1157 3240 1551 3311 Augustiniana
1598 3250 1745 3305 utar,

178 3331 587 3386 existimaverim
626 3329 913 3398 equidem;
950 3346 1074 3385 cum
1125 3332 1430 3401 praesertim
1463 3343 1517 3387 et
1545 3347 1612 3386 eo
1658 3347 1745 3387 ve-

180 3424 412 3478 tustiores
446 3423 642 3478 Patres
676 3423 748 3477 ita
793 3437 1012 3491 quoque
1059 3421 1261 3476 fuerint
1303 3422 1493 3484 locuti,
1535 3422 1746 3478 Pierius

179 3516 553 3572 Alexandrinus
580 3515 685 3586 (ἡ),
726 3515 1035 3571 Methodius
1060 3512 1122 3585 (ἱ)
1149 3514 1368 3585 aliique.
1400 3515 1574 3568 Aliter
1603 3515 1743 3569 enim

180 3607 340 3672 procul
366 3607 532 3662 dubio
574 3605 880 3662 censuisset
908 3614 1092 3660 noster
1121 3613 1332 3670 auctor,
1366 3620 1430 3657 ac
1459 3605 1748 3676 προϋπάρ-

180 3695 298 3761 ξεως
336 3698 532 3767 dogma
573 3696 970 3768 Origenianum
1015 3698 1403 3768 impugnasset,
1442 3700 1487 3754 si
1535 3715 1750 3770 perspe-

183 3790 674 3845 ctumhabuisset
752 3790 1059 3858 huiusmodi
1125 3791 1303 3860 magni
1364 3790 1562 3846 Leonis
1620 3790 1750 3844 effa—

181 3891 274 3935 tum
299 3883 360 3953 (j)
400 3901 414 3938 :
445 3882 726 3937 Catholica
753 3883 906 3950 ﬁdes,
944 3882 1139 3952 inquit,
1167 3893 1468 3937 constanter
1492 3885 1747 3951 prwdicnt

183 3983 316 4042 atque
358 3977 638 4039 veraciter,
677 3975 817 4044 quod
847 3975 1042 4028 anima:
1081 3975 1371 4039 hominum,
1440 3975 1749 4046 priusquam

179 4065 550 4135 iuspirarentur
575 4068 900 4134 corporibus,
948 4083 1050 4121 non
1090 4067 1254 4136 fuere,
1285 4084 1376 4121 nec
1405 4067 1470 4121 ab
1517 4068 1624 4122 alio
1668 4069 1751 4122 in-

181 4168 511 4224 corporantur
565 4152 667 4213 nisi
710 4160 774 4212 ab
807 4159 992 4228 Opiﬁce
1026 4159 1151 4223 Deo,
1195 4160 1283 4229 qui
1315 4171 1360 4213 et
1394 4161 1629 4224 ipsarum
1673 4171 1746 4214 cst

181 4261 365 4304 creator
398 4260 449 4306 et
497 4268 801 4320 corporum.
846 4251 1250 4306 Advertendum
1279 4261 1555 4320 'prasterea
1609 4253 1748 4308 scri-

179 4341 335 4406 psisse
378 4343 690 4399 Nemesium
751 4353 875 4398 ante
926 4343 1162 4398 Nestorii
1219 4352 1380 4412 atque
1435 4344 1749 4415 Eutychetis

184 4438 426 4500 tempora,
451 4446 511 4489 ut
543 4434 786 4504 pluribus
810 4435 988 4503 arguit
1011 4433 1188 4489 editor
1209 4435 1538 4490 Oxoniensis
1573 4454 1586 4490 :
1615 4437 1743 4504 quin

1534 293 2088 366 'nnoLEooMENA.

3323 319 3433 378 482

1847 429 2080 484 omittat.
2131 428 2212 486 Ad
2253 428 2369 492 haec
2409 433 2613 488 nullum
2671 445 2934 492 memorat
2977 446 3288 503 auctorem,
3333 441 3426 509 qui

1849 529 1971 587 post
2008 521 2600 590 quadringentesimum
2653 542 2682 579 a
2737 528 2957 583 Christo
3002 545 3201 585 annum
3253 532 3428 587 incla-

1851 612 2038 665 ruerit.
2082 613 2272 668 Omnia
2304 615 2520 670 demntn
2555 617 2606 670 in
2639 628 2861 674 auctore
2895 631 3083 676 nostro
3107 621 3155 677 si
3186 623 3427 693 penitius
3510 639 3513 644 ·

1850 704 2316 773 introspiciantur,
2353 723 2455 761 non
2488 709 2716 764 suadere
2744 709 2938 777 solum,
2975 713 3070 766 sed
3101 715 3264 768 etiam
3294 731 3426 785 pcr—

1848 798 2076 852 suadere
2122 797 2395 863 videntur,
2447 800 2642 854 saeculo
2686 817 2739 854 tv
2776 802 3058 859 desinente
3096 805 3270 874 ipsum
3323 805 3426 862 flo-

1851 900 2041 941 rutssc.

1916 1037 2003 1092 ill.
2042 1037 2225 1108 Neque
2265 1048 2442 1092 tamen
2495 1050 2780 1111 propterea
2828 1058 2951 1096 cum
2998 1043 3295 1114 Lequienio
3339 1045 3427 1098 af-

1851 1131 2066 1184 firmare
2111 1132 2306 1194 ausim,
2337 1131 2647 1186 Nemesium
2690 1141 2933 1188 nostrum
2968 1133 3168 1188 Basilio
3201 1147 3248 1189 et
3301 1135 3432 1190 Grca

1844 1223 1991 1290 goria
2038 1221 2384 1276 Nazianzeno
2422 1224 2656 1277 amicitia
2697 1225 3187 1293 conjunctisst'mum
3237 1227 3429 1296 fuisse,

1845 1312 1929 1363 cui
1952 1327 2151 1378 nempe,
2178 1313 2367 1380 inquit,
2396 1312 2740 1366 Pltilocaliam
2766 1331 2912 1366 suam
2939 1328 3302 1385 nuncuparunt
3341 1318 3428 1389 (ι).

1845 1404 2000 1456 Alittd
2051 1405 2304 1457 nimirum
2351 1405 2543 1472 agebat
2593 1419 2644 1457 ν.
2687 1419 2739 1459 c.
2792 1406 2919 1456 dum
2963 1405 3079 1460 haec
3146 1409 3429 1464 scriberet.

1846 1493 2028 1563 Neque
2058 1495 2201 1548 ehim
2235 1494 2483 1549 Nemesio
2515 1495 2801 1562 Emeseno,
2837 1496 2932 1550 sed
2973 1496 3261 1552 Theodoro
3291 1498 3434 1570 Tya-

1847 1589 1999 1642 nensi
2031 1589 2286 1657 episcopo
2325 1605 2354 1643 a
2403 1588 2603 1644 Basilio
2647 1599 2700 1643 et
2727 1587 2991 1659 Gregorio
3023 1588 3194 1644 fuisse
3237 1592 3433 1646 inscri-

1847 1688 2012 1745 ptam,
2047 1679 2127 1732 vel
2174 1680 2351 1748 potius
2396 1681 2461 1733 ad
2497 1681 2642 1734 hunc
2679 1680 2998 1749 simpliciter
3035 1681 3254 1736 missam
3297 1681 3434 1736 Phi-

1846 1769 2090 1824 localiam
2124 1765 2528 1840 Origenianam,
2567 1789 2633 1828 ex
2668 1777 2858 1828 eodem
2899 1773 3246 1830 Nazianzeno
3275 1775 3433 1830 intel-

1841 1864 2054 1935 ligimus
2087 1865 2202 1935 (in).
2240 1866 2353 1920 Sub
2382 1865 2520 1918 idem
2555 1873 2769 1935 tempus
2802 1865 3082 1921 enimvero
3111 1865 3209 1922 fuit
3241 1864 3434 1922 Neute-

1841 1957 1952 2010 sius
1983 1957 2202 2024 quidam
2235 1957 2481 2025 Gregorii
2515 1957 2849 2012 Nazianzeni
2881 1957 3189 2022 familiaris,
3220 1959 3434 2030 Cappa-

1844 2050 2013 2104 dociae
2053 2048 2340 2118 praefectus
2380 2060 2542 2118 atque
2573 2065 2601 2103 a
2631 2051 2849 2106 Christo
2876 2050 3084 2106 alienus
3107 2091 3122 2116 ,
3167 2052 3236 2106 ad
3268 2067 3432 2121 quem

1841 2150 2314 2211 exstantquatuor
2359 2141 2602 2210 ejusdem
2654 2141 2987 2200 Nazianzeni
3037 2144 3283 2211 epistola:
3325 2145 3430 2214 (η),

1843 2245 1895 2288 et
1927 2249 2146 2288 carmen
2177 2233 2308 2288 satis
2339 2233 2604 2300 prolixum
2633 2234 2712 2303 (ο)
2741 2249 2848 2302 quo
2891 2235 2959 2289 ab
2987 2235 3311 2291 idololatria:
3348 2253 3436 2292 ra-

1848 2325 2020 2379 nitate
2055 2326 2232 2395 ipsum
2273 2341 2502 2380 avocare
2529 2327 2710 2380 studet
2737 2340 2752 2381 :
2783 2342 2942 2395 quem
2971 2336 3150 2381 tamen
3175 2327 3244 2382 ab
3267 2327 3433 2382 Eine-

1844 2431 1976 2471 seno
2011 2416 2450 2487 distinguendum
2481 2431 2602 2471 esse
2640 2416 2924 2471 Fabricius
2959 2417 3038 2488 (p)
3073 2417 3274 2488 aliique
3307 2433 3435 2474 con-

1847 2509 2097 2563 tendunt.
2126 2508 2286 2577 Atqui
2322 2509 2463 2562 haud
2503 2508 2662 2578 longe
2696 2523 2726 2562 a
2766 2523 2892 2563 vero
2917 2511 3106 2564 abesse
3139 2518 3293 2579 putat
3322 2510 3432 2565 Til-

1846 2599 2136 2655 lemontius
2162 2602 2263 2671 (πᾳ),
2292 2603 2334 2655 si
2366 2601 2488 2671 quis
2516 2600 2823 2655 Nemcsium
2849 2600 3174 2656 Nazianzeni
3199 2602 3436 2657 amicum

1844 2691 1938 2761 qui
1964 2691 2321 2761 Cappadocia:
2353 2693 2665 2762 praefectum
2694 2693 2929 2763 agebat,
2959 2691 3082 2749 libri
3113 2692 3193 2746 De
3235 2703 3434 2748 natura

1845 2783 2071 2837 hominis
2097 2794 2374 2838 auctorem
2403 2784 2699 2838 existimet.
2733 2782 2904 2850 Quam
2942 2798 3074 2838 sane
3099 2785 3427 2838 sententiam

1843 2874 1918 2948 vita
1943 2874 2251 2930 luculenter
2279 2875 2498 2944 exponit
2521 2875 2699 2930 editor
2726 2874 3051 2930 Oxoniensis
3084 2873 3157 2945 (r)
3207 2890 3222 2927 :
3273 2893 3292 2926 ι
3329 2875 3437 2928 Bil-

1847 2964 2003 3032 lius,»
2024 2968 2221 3038 inquit,
2257 2985 2276 3019 σ
2306 2978 2359 3022 et
2381 2967 2472 3021 alii
2497 2967 2737 3021 nonnulli
2764 2966 2991 3022 minime
3017 2966 3312 3022 verisimile
3335 2983 3438 3037 pu-

1850 3065 1986 3123 tant,
2017 3057 2375 3129 Cappadociae
2407 3059 2750 3127 praefectum,
2778 3059 3050 3115 hominem
3076 3059 3259 3115 seculi
3287 3062 3436 3115 curis

1850 3147 2124 3202 addictum
2153 3158 2210 3204 et
2239 3163 2269 3204 a
2315 3149 2630 3204 Christiana
2658 3149 2861 3220 pietate
2891 3149 3150 3214 alienum,
3187 3160 3281 3206 aut
3309 3153 3431 3220 epi-

1853 3253 2076 3306 scopum
2117 3237 2260 3302 fieri,
2290 3247 2384 3292 aut
2426 3238 2625 3292 librum
2659 3239 2963 3294 istiusmodi
2999 3240 3176 3309 qualis
3211 3241 3301 3297 hic
3335 3257 3435 3296 no-

1850 3341 1962 3385 ster
1987 3337 2070 3382 est
2100 3330 2189 3396 qui
2221 3344 2332 3398 prae
2360 3329 2608 3383 manibus
2643 3330 2894 3395 habetur,
2932 3330 3238 3398 scripsisse.
3275 3331 3431 3398 Quod

1854 3431 2034 3477 autem
2075 3422 2142 3476 ad
2192 3423 2574 3493 praefecturam
2625 3423 2823 3477 attinet
2867 3432 2922 3476 et
2965 3437 3160 3476 nomen
3215 3422 3438 3479 Christo

1855 3515 2094 3569 nondum
2125 3515 2332 3580 datum,
2366 3514 2524 3570 facile
2550 3515 2656 3568 erit
2697 3529 2992 3584 reponere;
3024 3529 3138 3569 rem
3168 3530 3287 3569 eam
3329 3530 3437 3570 non

1851 3607 1986 3661 adeo
2017 3607 2390 3662 incredibilem
2420 3607 2589 3662 videri
2629 3607 2697 3661 iis
2727 3607 2816 3676 qui
2851 3607 3122 3672 noverint,
3153 3607 3341 3678 quales
3373 3623 3441 3665 eo

1853 3695 1970 3764 ipso
2019 3695 2072 3749 itt
2129 3696 2330 3751 szeculu
2381 3695 2606 3752 fuerunt
2645 3697 3000 3762 Ambrosius,
3047 3697 3330 3769 Nectarius
3381 3706 3441 3751 et

1856 3785 2152 3856 Synesius,
2203 3802 2325 3840 cum
2365 3787 2430 3841 ad
2470 3788 2628 3843 sedes
2662 3803 2790 3843 suas
2824 3797 3294 3857 promoverentur.
3328 3787 3441 3842 Nec

1854 3888 2002 3933 certe
2036 3878 2316 3934 Nemesius
2353 3889 2539 3934 noster
2567 3879 2744 3935 sacris
2779 3879 2966 3935 infulis
2997 3880 3249 3951 indignus
3279 3895 3439 3951 pror-

1853 3985 1948 4025 sus
1979 3971 2285 4036 habebitur,
2321 3972 2411 4042 qui
2464 3987 2495 4028 a
2541 3971 2817 4041 Theologo
2867 3964 3150 4043 Gregorio,
3205 3974 3440 4042 philoso-

1853 4065 2009 4130 phice,
2051 4065 2346 4134 probitatis,
2368 4067 2621 4135 justitiw,
2658 4068 2908 4121 amicitiae
2943 4068 3159 4122 demum
3197 4068 3440 4132 nomine.

1858 4168 1962 4209 non
2023 4157 2183 4211 modo
2233 4157 2469 4224 laudari,
2513 4159 2606 4212 sed
2655 4174 2776 4212 cum
2817 4159 3164 4213 veneratione
3205 4159 3440 4228 quadam

1856 4247 2056 4315 suspici
2084 4258 2247 4315 atque
2280 4248 2384 4302 coli
2428 4258 2702 4303 meruerat
2741 4267 2755 4303 :
2798 4263 2961 4317 quem
2986 4249 3150 4304 etiam
3181 4259 3444 4318 utcunque

1855 4335 1977 4387 olim
2011 4336 2399 4400 charissimam,
2437 4337 2604 4406 magis
2630 4338 2920 4391 etiamnum
2943 4337 3160 4390 charum
3201 4337 3443 4404 futurum

1856 4427 2071 4496 ejusque
2102 4428 2275 4479 animo
2305 4427 2512 4496 penitus
2555 4443 2647 4480 ceu
2685 4427 2931 4481 columna
2979 4443 3116 4481 terea
3151 4428 3441 4480 inscriben-

179 4533 230 4575 ct
256 4537 374 4579 ante
401 4526 705 4596 Pelagium,
745 4543 866 4580 cum
901 4529 951 4581 in
981 4527 1185 4596 prolixa
1214 4527 1278 4580 de
1313 4527 1480 4581 libero
1518 4528 1743 4582 arbitrio

1868 4520 1996 4570 dum
2037 4519 2263 4588 spondet
2310 4519 2402 4589 (ε),
2440 4518 2630 4589 ἐπειδὴ
2671 4517 2737 4573 ἂν
2766 4518 2924 4590 γένῃ,
2961 4517 3098 4570 Θεοῦ
3129 4518 3222 4570 καὶ
3256 4515 3441 4583 σαφῶς

175 4613 531 4686 disputatione
587 4619 661 4690 (k)
716 4619 1095 4691 Pelagianismi
1147 4621 1475 4675 mentionem
1528 4636 1752 4691 prorsus

184 4923 309 5050 “£3
347 4924 522 4981 Moses
554 4922 639 4989 B.,
687 4923 762 4979 De
798 4924 1010 4994 parad.,
1059 4937 1178 4992 pag.
1215 4920 1284 4976 εδ
1308 4919 1434 4973 edit.
1470 4921 1746 4991 Antwerp.

243 5035 324 5131 ὶῖἶ
357 5065 652 5120 Montfanc.
684 5064 822 5120 Bibl.
858 5062 1050 5128 (.‘oisl.,
1085 5077 1206 5131 pag.
1229 5059 1356 5114 M2.

247 5136 310 5204 (ε)
349 5135 569 5191 Nemes.
603 5135 678 5190 De
711 5144 822 5189 nat.
859 5135 1025 5199 hont.,
1054 5149 1173 5202 cap.
1207 5133 1254 5186 1.

241 5206 314 5276 (τι)
353 5207 430 5276 Μ.
457 5207 617 5268 ihid.,
653 5223 775 5274 cap.
804 5205 861 5259 ‘2.

349 5275 427 5332 Id.
472 5277 631 5340 ibid.,
654 5293 774 5344 cap.
811 5277 862 5330 5.

270 5345 311 5414 f)
349 5347 427 5402 Id.
459 5347 618 5411 ibid.,
659 5362 778 5415 cap.
811 5347 865 5412 2,
901 5345 957 5400 3.

267 5419 314 5484 9i
345 5417 421 5472 ld.
447 5416 608 5480 ibid.,
643 5432 762 5485 cap.
795 5415 850 5471 2.

183 5484 314 5612 23ξι)
352 5487 498 5545 Pier.
535 5488 691 5542 Ales.
715 5484 863 5556 apud
898 5485 1059 5542 Phot.
1088 5484 1227 5539 Bibl.
1264 5485 1392 5542 cod.
1420 5498 1572 5550 cstx,
1620 5499 1743 5555 pas-

247 5629 301 5698 (ἱ)
339 5628 576 5684 Method.
610 5627 821 5683 Conviu.
851 5628 984 5698 virg.
1024 5635 1165 5682 orat.
1195 5641 1257 5691 ιι,
1291 5623 1403 5696 55.
1440 5623 1527 5695 [T.
1579 5623 1744 5681 XVIII

188 5697 368 5770 nostra;
394 5698 539 5754 Bibl.
573 5697 718 5770 PP.]

248 5768 308 5839 Ui
346 5769 456 5828 L80
499 5770 552 5836 Ι,
585 5763 743 5840 epist.
775 5783 867 5836 xv,
898 5769 966 5826 ad
1010 5766 1254 5830 Turrib.,
1287 5781 1410 5838 cap.
1454 5765 1547 5833 l0,
1580 5763 1717 5836 Opp.

1860 4615 2158 4687 ἡμέτερος·
2193 4614 2419 4680 scilicet,
2453 4631 2574 4669 cum
2605 4614 2793 4683 pietati
2822 4613 3148 4670 Christiana:
3174 4627 3233 4668 se
3267 4620 3435 4666 totum

1858 4932 1992 4977 tom.
2019 4922 2058 4985 I,
2085 4938 2207 4992 pag.
2244 4923 2348 4979 703
2376 4925 2507 4980 edit.
2538 4924 2733 4980 Baller.

1929 4993 2002 5060 (fr)
2026 4993 2281 5064 ANemes.,
2310 5011 2432 5064 cap.
2463 4995 2552 5061 59,
2583 4995 2672 5059 40,
2709 4995 2799 5049 44.

1927 5060 2414 5138 (llLequienLOi'.
2461 5066 2680 5138 Christ,
2713 5061 2942 5138 tom._lf,
2977 5076 3099 5131 pag.
3137 5060 3280 5138 8ξοζ

1953 5131 2023 5198 in)
2050 5131 2225 5206 iGreg.
2267 5135 2396 5189 Naz.
2425 5137 2581 5206 epist.
2614 5150 2831 5206 exaravit
2864 5131 3049 5206 [putre
3084 5131 3231 5202 ειη.

1950 5207 2004 5275 n)
2046 5205 2120 5260 Id.
2169 5200 2473 5275 epista‘w,
2524 5204 2649 5270 183,
2703 5204 2824 5271 184,
2865 5200 2977 5258 ἶ85
3024 5200 3209 5274 [nunc
3259 5216 3441 5269 σχειν,

1855 5274 2078 5339 cxcvttt,
2107 5274 2307 5339 σείσω
2341 5274 2383 5346 Ῑ.

1860 5347 2024 5488 1οςῖιρ]
2051 5347 2129 5400 ld.
2161 5341 2458 5402 carmﬁm
2505 5345 2697 5418 [nunc
2742 5359 2841 5411 vn,
2873 5342 2969 5399 lib.
3003 5358 3064 5410 tt,
3105 5350 3240 5398 sect.
3281 5341 3339 5404 2,
3385 5356 3441 5410 p.

1927 5481 2450 5573 (piﬁibriﬁ'liibf.
2500 5483 2596 5539 Gr.
2645 5493 2777 5541 tom.
2822 5483 2934 5552 νη,
2987 5497 3109 5555 pag.
3147 5483 3271 5538 549.
3315 5481 3440 5549 [Ειι.

1858 5557 2046 5612 ilarles
2072 5555 2162 5621 IX,
2197 5556 2360 5627 504.]

1926 5630 2001 5710 (qi
2041 5625 2427 5710 ῙὶιιεεῐιτλὶιιιέςῃἼ
2477 5628 2626 5710 ccci:
2689 5637 2820 5683 tom.
2859 5624 2950 5692 IX,
2986 5639 3108 5696 pag.
3146 5622 3272 5704 5;“,
3310 5618 3436 5677 607.

1929 5698 1999 5768 (r)
2036 5698 2210 5768 Oxon,
2237 5698 2454 5753 Prml‘at.
2487 5700 2552 5753 ad
2585 5699 2799 5754 Nemes.
2831 5713 2952 5768 pug.
2996 5711 3047 5749 v.

1932 5761 2001 5840 (ε)
2045 5767 2211 5840 Greg.
2247 5768 2376 5826 Νη.
2405 5772 2565 5841 epist.
2600 5761 3030 5838 cmsxtv'[tiunc
3054 5761 3165 5836 cc].
