3828 6350
343 283 451 339 483

1407 270 1757 334 NEMESIUS
1784 273 2170 333 EPISCOPUS
2209 275 2485 332 EMESEN
2495 278 2606 336 US.

3499 282 3614 340 484

355 396 658 452 tradiderit.
717 395 869 462 Quod
913 397 970 450 in
1003 395 1338 450 carminibus
1369 395 1546 448 denuo
1579 392 1924 456 vaticinatur,
1957 394 2002 452 Α
2033 405 2151 444 rum
2183 405 2398 446 errores
2423 391 2595 447 solide
2627 392 2820 462 probat
2851 400 3012 464 atque
3041 395 3356 464 conﬁrmat;
3389 395 3484 452 fati
3515 412 3617 452 ne-

342 501 394 543 ct
418 503 512 542 ceu
543 487 742 543 entheo
771 487 1004 557 quodam
1035 487 1218 542 lurore
1241 488 1481 558 percitus
1502 526 1517 551 ,
1543 499 1732 556 poema
1767 499 1922 537 suum

343 581 431 636 his
470 579 671 635 claudit.
701 579 774 652 (a)
811 599 823 634 :

347 727 378 759 ,ν
407 726 421 740 .
465 726 480 740 .
647 725 661 739 .
706 724 720 739 .
761 686 1060 759 Νεμέσσιος
1091 685 1463 759 semissem;

345 757 746 829 Kct‘ttrta66xncrt
777 753 1011 829 τάλαντα
1027 753 1233 829 κήξ
1248 753 1385 808 ἰθεῖὰ
1402 753 1710 829 Ατᾳνύᾳσᾳς,

345 828 421 898 ρὺ
447 824 927 898 χρυσὸν’δολόεντα
954 827 1049 880 καὶ
1077 824 1334 898 ἄργυρον,
1360 825 1479 898 ορδὲ
1514 825 1610 898 μὲν
1639 824 1836 886 ἵππους

347 893 676 968 ΕρῨἔνέτας,
707 898 1054 968 πτερόεντας,
1089 893 1332 968 ἄοίόίμογ
1368 893 1524 967 εὖχος
1555 894 1798 968 ξχοξιτ-ᾳς,

347 963 528 1037 Ὠχεεέ
570 963 719 1035 ἄγων
740 990 752 1004 ·
787 963 1016 1030 ἠλοῦτος
1048 967 1156 1038 γὰρ
1184 963 1509 1030 ἁὺούτατόζς,
1547 964 1666 1105 av?
1696 963 1751 1015 δὲ
1791 963 1926 1017 πάν-

1641 1051 1767 1096 των,

1641 1051 1767 1096 των,

345 1107 646 1179 Μὰργαρον
683 1106 976 1178 αἰγλήεντα
1017 1107 1191 1176 μέγαν
1221 1104 1747 1176 ληΐσσὰτοΧριάτόν.

352 1208 436 1263 Εη
471 1211 657 1262 virtute
689 1209 860 1277 gravis
890 1208 1193 1277 meritisque
1227 1205 1502 1258 Nemesius
1533 1205 1676 1260 altis.

344 1278 522 1348 lEqua
561 1273 712 1330 Dices
746 1278 833 1344 qui
883 1273 1250 1344 Cappadttcum
1286 1278 1436 1329 modo
1474 1278 1706 1341 pondera
1743 1275 1924 1340 librat,

343 1351 512 1413 Atque
542 1349 676 1401 idem
704 1347 849 1414 justo
877 1349 1086 1399 trutina'
1117 1362 1170 1398 se
1214 1349 1454 1398 examine
1488 1353 1689 1412 pensat.

347 1418 470 1470 Non
501 1419 617 1471 auri
648 1417 745 1476 vis,
780 1433 881 1470 non
904 1419 1105 1481 argenti
1135 1432 1287 1468 sacra
1319 1416 1482 1481 fames
1519 1418 1656 1467 hunc

345 1485 656 1541 Sollicitavit
693 1502 844 1553 opum
876 1487 1174 1552 majorum;
1219 1489 1307 1537 sed
1339 1502 1429 1538 nec:
1461 1495 1704 1546 honores,

345 1555 767 1625 Pt‘wstantesque
801 1555 922 1607 aliis
955 1571 1137 1623 genere
1165 1568 1214 1607 et
1245 1554 1450 1608 levitate
1479 1555 1709 1607 caballos

356 1624 556 1679 Vesano
584 1624 797 1693 appetiit
834 1625 976 1692 fastu
1006 1634 1162 1695 atque
1191 1625 1436 1690 cupidine
1468 1626 1636 1678 inani.

341 1697 407 1764 At
434 1713 527 1762 pro
558 1695 752 1747 divitiis
786 1705 835 1746 et
860 1695 1003 1762 gazis
1032 1697 1332 1764 deliciisque

344 1763 621 1831 Omnibus,
648 1765 732 1818 hic
765 1765 976 1818 baccam
1011 1763 1333 1831 radiantem,
1369 1781 1560 1819 numen
1595 1763 1746 1820 Iesu.

419 1877 544 1932 Haec
575 1877 683 1930 ille.
714 1878 890 1946 Atque
919 1877 1112 1932 horum
1145 1878 1384 1932 virorum
1418 1880 1698 1933 doctorum
1723 1877 1925 1948 judicio

2031 481 2342 536 cessitatem
2379 485 2582 538 acriter
2614 493 2926 553 oppugnat;
2965 485 3262 541 voluntatis
3299 486 3611 543 libertatem

2029 584 2251 628 strenue
2315 575 2590 640 vindicat;
2669 576 2759 629 Dei
2829 577 3224 643 providentiam
3306 579 3616 635 luculenter

2031 667 2226 721 astruit
2283 682 2345 721 ac
2405 676 2616 734 tuetur;
2671 668 2976 739 divinaeque
3024 670 3325 740 sapientiae,
3378 672 3611 728 bonitati

2031 769 2193 827 atque
2236 761 2487 826 potentiae
2535 760 2795 827 prmclara
2846 763 3050 830 passim
3085 763 3391 818 testimonia
3427 764 3617 834 perhi-

2031 848 2139 901 bet.
2172 847 2375 919 «Ipsius
2405 851 2637 920 denique
2665 853 2852 920 scripti
2885 853 3304 920 charactemut
3331 871 3457 911 cum
3488 857 3612 911 vim

2029 941 2236 996 erudito
2255 941 2443 1010 loquar
2464 943 2567 1013 (ὁ),
2596 946 3440 1014 tnobilissimorumingeniorum
3464 947 3616 1004 fera-

2029 1031 2306 1086 cissimum
2337 1033 2463 1086 illud
2496 1036 2751 1088 saiculum
2783 1037 2958 1105 sapit;
2986 1037 3074 1090 ubi
3111 1039 3468 1094 ethnicismus
3494 1035 3612 1108 jam

2027 1126 2405 1195 exspiraturus
2451 1127 2668 1181 ultimos
2720 1144 2845 1182 suos
2891 1139 3118 1184 conatus
3159 1130 3460 1199 explicans,
3506 1133 3613 1188 sub

2029 1213 2311 1281 Hieroclis,
2347 1215 2564 1277 Plotini.
2591 1215 2858 1283 Jamhlici,
2888 1218 3168 1290 Porphyrii
3195 1229 3250 1274 et
3280 1221 3612 1292 reliquorum

2029 1306 2121 1377 qui
2174 1307 2241 1362 ab
2302 1308 2545 1379 Eunapio
2596 1321 2987 1376 memorantur,
3047 1314 3317 1380 praesidiis
3368 1315 3614 1384 philoso-

2030 1399 2219 1467 phiam-
2258 1399 2676 1456 Christianismo
2705 1391 2960 1472 opposuit~
2993 1423 3006 1458 :
3043 1413 3100 1459 ιιι
3130 1420 3194 1459 ex
3241 1404 3410 1460 altera
3453 1421 3615 1478 parte

2029 1493 2217 1546 eadem
2282 1501 2604 1562 tempestate
2667 1495 2920 1564 auspiciis
2971 1511 3076 1550 non
3139 1497 3481 1564 minoribus,
3541 1501 3614 1552 ali

2028 1581 2351 1645 Athanasio,
2386 1582 2601 1647 Basilio,
2653 1582 2923 1654 Ephremo
2977 1586 3134 1658 Syro,
3189 1588 3456 1658 Nysseno,
3498 1589 3614 1645 Na-

2036 1674 2318 1737 zianzcno,
2351 1674 2676 1743 Epiphanio,
2712 1677 2851 1730 idem
2883 1677 3334 1735 Christianismus
3371 1683 3618 1752 philoso--

2029 1765 2164 1832 phiae
2189 1764 2351 1818 etiam
2385 1768 2644 1836 suppetiis
2670 1765 3080 1825 defendebatur.
3109 1773 3189 1826 Ad
3223 1773 3336 1826 haec
3359 1774 3402 1826 si
3422 1773 3615 1830 lectio-

2028 1855 2114 1911 nis
2151 1857 2415 1923 varietas,
2455 1859 2742 1912 verborum
2766 1859 3030 1927 delectus,
3061 1863 3330 1917 rationum
3366 1867 3611 1934 pondus,

343 1967 483 2021 haud
555 1967 804 2037 equidem
880 1969 1330 2039 repugnaverim;
1401 1969 1696 2025 dummodo
1725 1945 1924 2026 'mmen
2022 1945 2210 2015 judicii
2240 1956 2416 2012 tenor,
2441 1950 2678 2005 methodi
2705 1951 2863 2017 ordo,
2888 1951 3199 2022 disputandi
3234 1970 3486 2022 acumen,
3515 1971 3614 2010 ar-

340 2049 653 2126 admittant,
677 2058 1001 2120 Nemesium
1041 2061 1167 2115 olim
1200 2059 1556 2131 Cappadocia:
1590 2063 1922 2132 praefectum,

341 2153 410 2206 ab
452 2151 667 2206 ethnica
716 2153 1104 2222 superstitione
1143 2155 1208 2206 ad
1244 2152 1449 2209 Christi
1485 2153 1642 2209 (idem
1693 2171 1923 2210 conver-

338 2258 482 2309 sum,
521 2244 799 2299 Emesenaa
849 2244 1102 2300 Ecclesiae
1149 2246 1390 2316 regimen
1437 2247 1692 2316 deinceps
1739 2262 1925 2302 susce-

338 2335 484 2405 pisse
513 2352 526 2388 :
557 2335 808 2390 hisenim
835 2335 1140 2404 insignibus
1169 2348 1420 2390 ornatum
1451 2336 1618 2392 fuisse
1643 2347 1918 2393 auctorem

339 2436 606 2492 nostrum,
655 2443 778 2481 cum
815 2442 880 2480 ex
917 2427 1162 2497 pluribus
1193 2428 1421 2482 vetustis
1453 2425 1734 2484 codicibus
1766 2445 1920 2497 mss.,

342 2525 454 2569 tum
490 2530 554 2570 ex
588 2516 824 2586 antiquis
850 2517 1240 2572 ecclesiasticis
1275 2515 1632 2586 scriptoribus
1666 2516 1922 2586 superius

267 2598 272 2602 ’
342 2605 530 2659 relatis
556 2606 1051 2673 comprobavimus.

414 2694 504 2750 ιν.
546 2695 643 2750 His
675 2696 886 2764 positis,
912 2695 1034 2763 jure
1065 2695 1272 2764 optimo
1305 2696 1670 2750 recensendus
1704 2695 1920 2751 videtur

341 2786 630 2843 Nemesius
667 2797 852 2842 noster
883 2788 1025 2841 inter
1053 2787 1351 2855 praecipuos
1379 2787 1560 2840 smculi
1589 2803 1640 2840 tv
1668 2787 1947 2841 Ecclesite.

340 2879 613 2943 doctores,
643 2878 733 2946 qui
762 2878 1088 2945 religionem
1108 2875 1476 2930 Christianam
1505 2891 1717 2931 summo
1742 2877 1921 2930 studio

341 2963 734 3018 defendendam
765 2978 1075 3032 suscepere.
1115 2962 1171 3016 In
1199 2979 1296 3018 suo
1327 2967 1470 3018 enim
1517 2965 1655 3021 libro
1704 2965 1779 3019 De
1829 2983 1920 3019 na-

2027 2041 2268 2108 gnmenti
2305 2043 2519 2096 demum
2565 2041 2802 2112 dignitas
2834 2052 3122 2098 tractatum
3167 2045 3403 2116 aliquem
3436 2048 3616 2104 lceto-

2029 2133 2178 2186 ribus
2208 2134 2324 2187 suis
2350 2134 2645 2188 conciliare
2674 2135 2905 2202 poterit;
2933 2137 3120 2202 utique
3141 2137 3230 2192 hic
3253 2136 3418 2192 fuerit
3451 2139 3615 2210 longe

2026 2226 2617 2281 commendatissimus.
2664 2245 2683 2279 ι
2721 2226 2846 2283 Ητεο
2881 2227 3094 2297 aliaque
3125 2229 3280 2298 plura
3319 2245 3404 2286 vir
3433 2235 3617 2288 erudi-

2028 2327 2132 2372 tus.
2162 2318 2338 2387 Atque
2375 2318 2502 2373 hinc
2535 2319 2760 2389 proinde
2791 2320 3053 2375 accidisse
3085 2321 3358 2390 arbitror,
3389 2332 3450 2378 ut
3474 2324 3616 2380 cele-

2025 2409 2151 2462 bres
2197 2409 2402 2478 aliquot
2436 2410 2601 2479 prisci
2645 2409 2744 2464 aevi
2778 2410 3098 2479 scriptores,
3125 2411 3379 2469 Julianus
3412 2415 3613 2472 Poma.

2025 2502 2159 2568 rius,
2189 2499 2426 2556 Joannes
2448 2501 2837 2566 Damasccnuc,
2867 2502 3011 2558 Elias
3033 2503 3331 2570 Cretensis,
3357 2503 3612 2563 Meletius

2026 2594 2349 2658 monachus,
2380 2591 2612 2648 Joannes
2631 2592 3057 2659 Grammaticus,
3085 2597 3267 2666 operis
3295 2595 3609 2653 Nemesiani

2026 2685 2337 2755 praestantia
2385 2685 2639 2754 permati,
2671 2677 3012 2740 dissimulato
3049 2685 3176 2742 licet
3223 2688 3464 2742 auctoris
3507 2704 3611 2745 no-

2025 2779 2200 2843 mine,
2255 2792 2361 2830 non
2400 2778 2562 2831 modo
2608 2779 2864 2845 periodos
2918 2777 3206 2846 plurimas,
3258 2780 3354 2834 sed
3404 2779 3612 2836 solidas

2023 2868 2186 2919 etiam
2219 2866 2443 2934 paginas
2477 2865 2593 2921 suis
2625 2867 2844 2935 scriptis
2876 2866 3252 2922 intexuerint:
3294 2880 3357 2924 ut
3397 2869 3486 2924 hic
3533 2872 3611 2922 in-

2028 2957 2182 3011 terim
2216 2965 2534 3026 praeteream
2556 2995 2571 3019 ,
2603 2971 2765 3010 unam
2799 2966 2854 3010 et
2885 2956 3110 3012 alteram
3147 2955 3392 3026 ejusdem
3425 2959 3610 3027 operis

341 3059 463 3106 tura
495 3052 743 3116 hominis,
777 3060 834 3105 ut
859 3066 926 3106 ex
958 3051 1196 3119 capitqu
1228 3050 1452 3106 elencho
1486 3051 1538 3105 in
1577 3052 1768 3120 primis
1811 3050 1922 3105 col-
1947 3068 1992 3124 α
2025 3045 2274 3101 laciniam
2323 3046 2466 3101 inter
2504 3045 2730 3117 Nysseni
2785 3047 3091 3103 litterarum
3126 3048 3463 3104 monimenta
3503 3049 3609 3104 im-

339 3144 546 3217 ligitur,
572 3147 767 3203 anima:
792 3146 1257 3201 immortalitatem
1287 3144 1550 3198 adversus
1573 3142 1914 3212 philosopho-

411 3264 489 3336 (a)
526 3263 601 3319 Id.
646 3280 814 3320 carm.
853 3281 942 3321 ut
971 3263 1139 3336 [nunc
1162 3279 1258 3328 vn,
1287 3278 1340 3332 p.
1379 3260 1564 3333 1071].

2023 3137 2218 3193 merito
2247 3137 2549 3192 etiamnum
2580 3139 2827 3208 reperiri.

2102 3256 2176 3328 (ὁ)
2215 3257 2388 3312 Oxon.
2420 3257 2640 3313 Prtel’at.
2670 3259 2735 3312 ad
2767 3258 3007 3326 Nemes.,
3032 3275 3156 3333 pag.
3186 3273 3285 3316 vtt.

343 3413 3588 3447 mm

829 3477 1904 3783 NEMESIUS
1996 3599 3129 3785 EMESENUS

1117 3925 1318 4050 DE
1380 3919 2036 4052 NATUBA
2099 3924 2814 4111 HOMINIS.

496 4269 652 4316 POST
683 4264 1028 4317 EDITIONKH
1054 4263 1576 4311 ANTVERPIENSEM
1604 4266 1683 4311 ET
1715 4266 2143 4324 OXONIENSEM,
2186 4264 2499 4309 ADHIBITIS
2529 4264 2755 4310 TRIBUS
2795 4265 2977 4310 CODD.
3023 4266 3437 4329 AUGUSTANIS,

617 4347 868 4392 DUOBUS
894 4343 1386 4402 DRESDENSIBUS,
1419 4346 1818 4399 TOTIDEMQUE
1855 4343 2416 4401 MONACHIENSIBUS,
2448 4343 2568 4389 NEC
2597 4343 2727 4388 NON
2753 4345 3000 4390 DUABUS
3027 4345 3320 4392 VETUSTIS

736 4422 1151 4470 VERSIONIBUS
1225 4423 1489 4481 LATINIS,
1540 4424 1808 4470 CONONIS
1844 4426 1923 4469 ET
1988 4423 2226 4479 VALLIE,
2273 4422 2487 4467 DENUO
2531 4422 2739 4466 MULTO
2779 4423 2951 4476 QUAM
2998 4424 3202 4470 ANTEA

864 4501 1262 4548 EMENDATIUS
1322 4503 1534 4548 EDIDIT
1589 4504 1666 4547 ET
1721 4500 2312 4547 ANIMADVERSIONES
2359 4501 2610 4545 ADJECIT
2666 4502 2990 4550 CHRISTIAN
2999 4505 3072 4547 US

931 4581 1298 4626 FRIDERICUS
1323 4582 1634 4639 ΜΑΤΤΗΕῙ,
1665 4582 2021 4626 PROFESSOR
2053 4580 2584 4625 VITEMBERGENSIS
2597 4581 2675 4624 ET
2705 4582 2999 4628 COLLEGG.

1382 4660 1734 4706 IMPERIALL.
1773 4659 2164 4705 ROSSICORUM
2192 4659 2518 4704 ASSESSOR.

1159 4768 1320 4834 (Hala
1341 4768 1756 4834 Magdeburgicaa,
1782 4769 1910 4832 apud
1934 4769 2078 4819 Joan.
2101 4769 2204 4819 Jac.
2231 4765 2478 4828 Gebauer,
2503 4765 2793 4829 MDCCCII.)

1627 5001 2305 5096 PREFATIO.

809 5194 1239 5257 LECTORIBUS
1280 5196 1527 5255 DOCTIS
1565 5196 1653 5252 ET
1694 5195 2076 5254 BENEVOLIS
2115 5198 2174 5254 S.
2216 5198 2277 5255 P.
2318 5197 2380 5253 D.
2423 5198 2581 5256 CHR.
2627 5200 2734 5258 FB.
2770 5200 3129 5257 MATTIUEI.

412 5469 543 5538 Quae
573 5471 638 5526 de
669 5470 919 5526 Nemesio
955 5479 1072 5540 post
1103 5469 1240 5524 duos
1266 5469 1576 5540 superiores
1608 5469 1845 5525 editores
1873 5471 2014 5526 dicta
2052 5484 2177 5530 sunt
2214 5490 2242 5527 a
2297 5473 2548 5529 Fabricio
2587 5472 2663 5543 (a)
2685 5511 2699 5535 ,
2748 5471 3017 5530 Bruckero
3041 5471 3139 5542 (ὁ),
3176 5469 3391 5531 Hallero
3432 5471 3505 5546 (ε)
3535 5479 3588 5527 et

413 5587 492 5660 (a)
518 5587 652 5660 Bibl.
681 5586 778 5660 Gr.
800 5585 1058 5660 vol.__Vll,
1094 5603 1214 5658 pag.
1235 5587 1351 5660 _5§9
1390 5603 1512 5660 sqq.

414 5656 490 5728 (ὁ)
533 5656 672 5728 Hist.
705 5657 820 5711 crit.
849 5656 1133 5728 pltilosoplt.
1163 5656 1199 5710 t.
1235 5656 1323 5720 111,
1356 5673 1409 5726 p.
1440 5656 1573 5713 7530.

412 5726 484 5799 (ε)
519 5727 658 5781 Bibl.
701 5737 930 5782 amttam.
969 5738 1003 5781 ι.
1037 5727 1076 5793 1,
1107 5745 1156 5797 p.
1186 5729 1306 5795 115,
1345 5728 1461 5781 11-1.
1497 5728 1675 5797 Tiguri
1711 5726 1863 5796 1771,
1893 5727 1942 5786 4.
