3828 6314
125 248 228 304 435
1505 245 2041 308 PROLEGOMENA.
3282 265 3390 324 ‘33

126 361 490 418 Schroeckbio
529 362 630 434 (α),
663 362 892 418 summis
925 361 1091 428 viris,
1137 372 1202 421 ea
1242 358 1335 418 hic
1359 403 1375 428 ,
1421 374 1482 419 ut
1528 374 1654 420 nota
1677 406 1692 430 ,
1745 365 2204 437 praetermittenda
2237 368 2499 441 judicavi.
2537 370 2726 432 Solum
2764 375 2865 432 hoc
2903 393 3050 442 noto,
3094 393 3180 434 me
3216 381 3388 436 trrius

124 457 397 512 codicibus
426 449 790 527 Augustanis,
830 457 1040 513 duobus
1070 456 1470 515 Dresdensibus
1489 498 1506 524 ,
1536 459 1872 530 totidemque
1902 462 2412 533 Monachiensibus,
2438 482 2503 522 ac
2534 480 2794 538 praeterea
2823 472 3032 527 duabus
3064 473 3257 542 priscis
3282 473 3392 529 Co-

125 551 277 604 nonis
303 560 358 605 et
383 549 554 604 Valla!
583 548 796 604 Latinis
824 549 1170 605 versionibus
1201 550 1526 606 instructum
1559 552 1626 606 ad
1662 552 1802 622 hanc
1832 555 2124 610 editionem
2154 560 2474 615 accessisse.
2505 559 2600 614 llis
2639 571 2824 616 autem
2867 566 3062 633 c0piis,
3101 564 3169 620 de
3197 567 3391 634 quibus

116 645 274 714 paulo
303 644 538 701 inferius
580 647 692 700 dixi
723 645 906 713 latius,
933 646 1006 700 ita
1042 661 1172 720 usus
1205 661 1346 712 sum,
1387 653 1447 700 ut
1480 656 1700 711 textum,
1743 663 1904 717 quem
1939 659 2155 716 vocant,
2182 650 2448 719 Graecum,
2488 655 2556 708 ab
2590 655 2865 712 Ellebodio
2891 672 2958 711 ex
2990 659 3201 714 duobus
3235 659 3390 711 valde

125 740 325 795 vitiosis
358 740 645 794 codicibus
679 741 918 806 editum,
969 739 1216 810 adeoque
1247 739 1432 796 multis
1463 740 1516 794 in
1559 740 1694 796 locis
1743 752 2056 813 corruptum
2079 784 2093 809 ,
2128 745 2196 800 ab
2235 745 2447 801 editore
2477 747 2772 803 Oxoniensi
2823 765 2950 804 vero
2979 751 3069 804 vix
3098 751 3388 820 quinquies

121 842 444 897 correctum,
479 847 742 905 quantum
772 835 888 889 ﬁeri
925 843 1150 906 posset,
1193 836 1623 890 emendatiorem
1668 836 1905 892 ederem.
1940 837 2013 892 Eo
2039 853 2170 909 ergo
2199 848 2407 908 spectat
2436 843 2960 898 animadversionum
2992 859 3230 898 mearum
3263 857 3393 912 pars
3437 858 3442 863 '

123 927 374 981 maxima.
409 926 482 983 Ut
510 938 691 983 autem
723 928 956 983 lectores
981 927 1210 995 scirent,
1240 927 1368 998 quid
1420 928 1472 982 in
1501 936 1759 996 perpetua
1805 930 2053 986 oratione
2082 934 2404 986 mutaverim
2437 941 2492 987 et
2520 936 2875 1002 correxeritn,
2905 951 3023 989 eam
3068 935 3138 990 ob
3169 948 3388 990 causam

122 1020 310 1089 ubique
338 1029 474 1075 ante
500 1019 1001 1074 animadversiones
1032 1033 1182 1074 meas
1210 1018 1389 1073 notavi
1424 1018 1684 1074 lectiones
1714 1017 1977 1074 Ellebodii
2009 1035 2038 1074 a
2072 1021 2206 1076 meis
2237 1022 2626 1092 discrepantes.
2661 1023 2737 1079 De
2763 1024 2987 1094 singulis
3011 1025 3282 1080 vocabulis
3318 1039 3384 1078 ac

121 1112 303 1168 formis
340 1112 560 1166 dicendi
593 1128 724 1177 non,
752 1112 853 1168 nisi
890 1113 977 1166 ubi
1013 1126 1234 1166 necesse
1270 1111 1368 1164 fuit
1391 1151 1405 1175 ,
1444 1111 1664 1176 monui;
1699 1127 1822 1165 nam
1865 1112 2078 1168 dicendi
2111 1129 2278 1184 genus
2305 1113 2572 1180 Nemesii,
2606 1116 2658 1171 in
2716 1126 2862 1172 tanta
2903 1117 3066 1172 etiam
3115 1132 3300 1171 rerum
3335 1129 3392 1174 et

118 1208 514 1260 sententiarum
552 1204 850 1259 subtilitate
885 1216 936 1257 et
980 1202 1310 1268 dillicultate,
1348 1203 1414 1256 ad
1447 1202 1852 1271 intelligendum
1911 1196 2066 1258 valde
2114 1215 2195 1258 est
2232 1214 2476 1274 apertum
2511 1214 2670 1274 atque
2707 1207 3037 1277 expeditum.
3077 1205 3390 1262 Priscorum

119 1303 251 1355 enim
284 1301 602 1370 sapientum
635 1298 866 1367 quilibet
911 1298 1383 1368 ingeniosissimus
1410 1305 1465 1351 et
1491 1295 1838 1351 doctissimus
1879 1306 1990 1349 tum
2023 1297 2237 1352 demum
2266 1299 2636 1354 arbitrabatur
2667 1301 2829 1357 licere
2877 1303 2976 1356 sibi
3011 1317 3203 1356 nomen
3233 1319 3388 1358 suum

119 1394 352 1460 proﬁteri
381 1393 530 1446 inter
559 1392 930 1461 philosophos,
963 1391 1006 1445 si
1031 1405 1153 1460 qua:
1184 1390 1300 1459 ipse
1333 1389 1604 1444 subtiliter
1635 1397 1688 1442 et
1711 1401 1868 1442 acute
1901 1389 2372 1446 animadvertisset
2397 1404 2488 1446 aut
2519 1394 2901 1463 excogitasset,
2929 1395 3174 1450 oratione
3205 1403 3388 1464 posset

116 1498 384 1554 exponere
414 1484 673 1552 eleganti,
717 1485 860 1538 culta
904 1493 958 1538 et
1011 1483 1321 1551 perspicua.
1368 1481 1570 1548 Quodsi
1610 1491 1791 1535 tamen
1823 1481 2120 1543 acciderit,
2173 1492 2229 1536 ut
2261 1484 2783 1539 adulescentulorum
2835 1486 3030 1556 aliquis
3083 1487 3134 1541 in
3183 1486 3389 1541 Grzecis

117 1583 312 1635 iicreat
338 1587 437 1632 aut
473 1576 719 1640 dubitet,
749 1591 813 1631 eo
857 1575 910 1629 in
943 1575 1062 1630 loco
1093 1585 1273 1630 autem
1305 1574 1439 1628 nihil
1469 1589 1497 1628 a
1535 1587 1621 1628 me
1653 1573 1914 1627 monitum
1953 1575 2054 1638 sit,
2089 1560 2344 1629 Ellebodii
2392 1577 2840 1647 interpretatione
2877 1577 3066 1633 Latina
3103 1595 3200 1650 pro
3231 1595 3385 1634 com-

115 1673 379 1726 mentario
407 1671 486 1723 uti
516 1669 736 1739 poterit.
771 1667 900 1721 Eam
932 1667 1096 1736 igitur
1138 1665 1224 1721 vel
1265 1665 1407 1720 hanc
1436 1667 1505 1721 ob
1535 1679 1758 1720 causam
1789 1664 2133 1720 immutatam
2165 1667 2415 1733 servavi,
2455 1667 2557 1723 nisi
2605 1670 2694 1724 ubi
2725 1671 2790 1724 ad
2818 1680 3014 1724 textum
3050 1670 3318 1736 Graecum,
3358 1685 3400 1724 av

115 1783 190 1820 me
219 1764 563 1819 auctoritate
593 1762 841 1817 codicum
875 1767 1181 1816 correctum
1203 1799 1218 1826 ,
1265 1758 1651 1815 conformanda
1679 1767 1844 1829 atque
1889 1759 2224 1814 immutanda
2270 1760 2390 1816 fuit.
2424 1761 2736 1833 Scriptores
2777 1776 2991 1821 veteres
3037 1767 3104 1820 ab
3136 1763 3390 1822 Nemesio

121 1857 372 1912 laudatos
401 1857 606 1925 sapius
635 1870 696 1908 ac
727 1853 1037 1924 diligentius
1067 1853 1122 1908 in
1153 1851 1713 1907 animadversionibus
1741 1861 2032 1921 notassem,
2067 1854 2168 1908 nisi
2190 1842 2274 1909 ita
2302 1869 2395 1910 eos
2436 1855 2728 1921 laudasset,
2759 1867 2816 1911 ut
2851 1859 3148 1912 sententias
3188 1859 3390 1926 potius,

113 1965 264 2019 quam
295 1950 498 2014 verba,
531 1947 800 2002 retulerit.
831 1947 961 2001 lude
985 1947 1150 2002 etiam
1183 1945 1404 2011 accidit,
1435 1955 1495 2000 ut
1523 1959 1625 2000 nec
1657 1945 1837 2001 editor
1878 1945 2204 2001 Oxoniensis
2243 1957 2496 2003 accurate
2533 1958 2587 2004 et
2621 1949 2839 2004 definite
2871 1949 2988 2004 loca
3021 1950 3118 2003 ista
3152 1949 3396 2005 iudicare

110 2042 363 2112 potuerit.
399 2038 669 2095 Joannem
720 2040 1115 2093 Damasceuum
1137 2077 1153 2103 ,
1182 2037 1275 2106 qui
1313 2037 1482 2091 multa
1525 2053 1592 2093 ex
1626 2036 1878 2093 Nemesio
1910 2038 2110 2101 hausit,
2152 2040 2288 2092 satis
2333 2039 2548 2094 curiose
2583 2041 2769 2095 videor
2800 2051 3037 2096 notasse.
3068 2039 3388 2110 Gregorium

111 2134 419 2206 Nyssenum
453 2134 652 2196 etiam,
685 2134 827 2186 inter
856 2131 1008 2198 cujus
1040 2147 1206 2201 opera
1238 2143 1400 2202 caput
1423 2130 1721 2187 secundum
1748 2140 1802 2186 et
1836 2131 2051 2186 tertium
2087 2131 2305 2201 legitur,
2338 2133 2626 2203 diligenter
2675 2135 3009 2204 comparavi.
3040 2133 3389 2189 Anastasium

111 2228 374 2281 Sinaitam
431 2241 498 2278 ex
533 2224 857 2278 bibliotheca
896 2223 1218 2291 Noesseltii,
1248 2225 1443 2279 summi
1476 2226 1608 2292 viri,
1655 2224 1866 2294 accepit
1909 2233 1964 2279 et
2006 2224 2057 2278 in
2100 2241 2254 2278 usum
2295 2240 2472 2278 meum
2518 2225 2651 2278 duas
2694 2226 3023 2294 quazstiones
3059 2223 3397 2279 examinavit

109 2318 405 2391 Gregorius
437 2317 676 2372 Gotllieb
707 2315 1138 2383 Wernsdorﬁus,
1166 2319 1246 2372 vir
1269 2319 1688 2383 eruditissimus,
1713 2318 1806 2388 qui
1831 2332 1973 2373 nunc
2001 2316 2148 2372 llatae
2171 2327 2562 2372 commoratur.
2594 2318 2700 2372 Sed
2722 2315 2937 2372 Juliano
2965 2317 3237 2381 Pomerio,
3270 2313 3391 2370 Elia

108 2414 374 2476 Cretensi,
411 2412 628 2466 Meletio
651 2410 916 2466 Monacho
939 2420 992 2465 et
1019 2409 1226 2469 Joanne
1249 2411 1570 2480 Philopono,
1597 2412 1688 2480 qui
1722 2412 1775 2465 in
1813 2411 2086 2466 nonnullis
2113 2410 2248 2465 locis
2271 2411 2515 2465 adhiberi
2540 2411 2856 2479 potuissent,
2885 2410 2972 2464 hic
3001 2408 3387 2494 Vitcmbergte,

112 2520 162 2562 nt
192 2505 465 2562 credibile
497 2515 602 2569 est,
631 2517 858 2573 prorsus
892 2504 1062 2557 carui.
1088 2501 1480 2558 Verumtamen
1517 2519 1618 2558 nec
1647 2501 1948 2572 Lipsiensis
1972 2502 2299 2558 bibliotheca
2327 2503 2636 2558 academica
2658 2517 2814 2572 Opem
2847 2503 2976 2556 mihi
3009 2501 3152 2557 ferre
3186 2502 3385 2572 potuit.

109 2604 258 2657 Viros
287 2604 494 2654 doctos
523 2613 674 2668 ergo,
716 2581 806 2665 qui
835 2597 1229 2666 copiosioribus
1258 2595 1602 2651 bibliothecis
1633 2595 1882 2650 instructi
1911 2595 2042 2649 mihi
2090 2595 2227 2650 bene
2258 2595 2481 2665 cupiunt
2526 2604 2579 2649 et
2615 2594 2681 2650 de
2716 2595 2816 2648 hac
2849 2593 3084 2648 editione
3131 2608 3249 2648 mea
3283 2608 3382 2663 pa-

110 2694 508 2764 lamjudicium
545 2691 709 2745 laturi
744 2701 889 2756 sunt,
927 2688 1322 2744 humanissime
1369 2702 1521 2758 rogo,
1556 2699 1615 2742 ut
1645 2687 1835 2742 saltem
1867 2687 2095 2743 Joannis
2127 2688 2412 2759 Philopoui
2453 2687 2918 2742 Commentarium
2961 2686 3014 2740 in
3065 2695 3175 2740 tres
3214 2685 3382 2741 libros

109 2787 421 2842 Aristotelis
464 2784 543 2839 De
591 2784 771 2836 anima
811 2780 1102 2836 consulant
1127 2787 1348 2849 propter
1371 2777 1548 2833 locum
1588 2779 1858 2832 Ammonii
1884 2793 2008 2848 pag.
2045 2778 2136 2846 41,
2172 2779 2304 2834 edit.
2336 2776 2513 2833 Oxon.
2555 2777 2733 2833 Locus
2762 2777 2862 2832 iste
2894 2777 3121 2832 fortasse
3155 2777 3393 2847 reperie-

110 2891 188 2933 tur
214 2879 267 2933 in
298 2877 552 2933 editione
585 2871 790 2928 Veneta
833 2871 959 2926 l‘elio
991 2892 1046 2936 ο,
1087 2884 1209 2939 pag.
1247 2868 1336 2936 15,
1383 2877 1479 2923 aut
1509 2867 1637 2923 folio
1667 2886 1726 2938 q,
1758 2883 1884 2941 pag.
1919 2869 1976 2924 5.
2017 2869 2128 2924 lloc
2165 2885 2330 2924 unum
2357 2882 2620 2940 praeterea
2651 2871 2812 2935 addo,
2843 2871 2984 2939 quod
3020 2879 3199 2925 tamen
3233 2885 3393 2926 nemo

118 2973 182 3025 ita
211 2972 428 3025 dictum
462 2975 640 3034 putet,
675 2975 734 3019 ut
772 2973 863 3018 aut
899 2964 1030 3018 mihi
1068 2962 1269 3031 aliquid
1319 2962 1668 3017 ambitiosius
1708 2978 2046 3034 arrogarem,
2081 2973 2173 3018 aut
2206 2963 2456 3019 Nemesio
2485 2974 2690 3019 tenere
2716 2965 3072 3033 gratilicarer.
3113 2963 3239 3034 Legi
3273 2965 3396 3034 phi-

109 3068 452 3136 losophorum
485 3063 799 3118 Graecorum
836 3060 1036 3114 multas
1078 3059 1145 3114 de
1177 3059 1264 3113 his
1304 3058 1436 3128 ipsis
1468 3059 1628 3114 rebus
1673 3068 1781 3112 tam
1828 3075 2016 3124 veras,
2045 3076 2205 3129 quam
2245 3060 2519 3115 mirabiles
2559 3061 2892 3123 sententias,
2928 3060 3052 3114 item
3101 3063 3394 3130 scriptores

109 3160 514 3216 ecclesiasticos
543 3155 762 3211 Graecos
791 3154 929 3208 bene
960 3152 1180 3217 multos,
1215 3153 1268 3205 in
1305 3151 1389 3207 his
1419 3151 1677 3206 Basiliam
1707 3151 1802 3217 M.,
1834 3152 2158 3223 Gregorium
2187 3151 2522 3224 Nyssenum,
2555 3150 3004 3225 Chrysostomum
3029 3192 3043 3217 ,
3072 3152 3392 3209 Theodore-

108 3265 234 3322 tum,
273 3269 446 3325 atque
481 3252 772 3321 Origenem
806 3250 1004 3313 etiam,
1041 3249 1134 3319 qui
1183 3247 1495 3317 singulatim
1532 3248 1722 3303 eadem
1758 3258 2077 3318 argumenta
2121 3256 2313 3302 ornate
2352 3231 2678 3318 copioseque
2711 3255 3099 3317 exposuerunt.
3142 3247 3250 3301 Sed
3284 3248 3389 3301 ista

106 3347 328 3417 iunctim
365 3347 577 3410 omnia,
606 3345 894 3400 multorum
923 3344 1292 3413 antiquiorum
1329 3342 1578 3398 refutatis
1612 3343 1912 3407 erroribus,
1946 3358 2054 3398 uno
2090 3343 2191 3397 hoc
2224 3340 2404 3398 libello
2429 3341 2668 3406 brevius,
2704 3342 3013 3394 accuratius
3047 3349 3101 3392 et
3139 3337 3394 3394 SUbllllUS

113 3459 138 3496 a
167 3443 425 3500 Nemesio
451 3442 726 3510 explicata
762 3450 908 3495 sunt.
939 3439 1069 3506 Quae
1107 3454 1234 3494 vero
1269 3453 1332 3493 ea
1365 3439 1535 3492 sunt?
1567 3438 1789 3494 Scilicet
1830 3451 1930 3503 ea,
1973 3452 2094 3508 quae
2141 3437 2385 3503 homini,
2430 3445 2486 3490 ut
2531 3436 2770 3499 homini,
2807 3433 2946 3489 scitu
2988 3444 3114 3488 sunt
3159 3434 3402 3488 tnaxime

113 3532 439 3594 necessaria,
475 3545 707 3600 quaeque
728 3530 793 3582 ad
828 3536 993 3592 recte,
1025 3526 1330 3596 tranquille,
1357 3536 1696 3593 constanter,
1717 3527 1991 3598 sapienter
2019 3526 2282 3596 beateque
2305 3527 2588 3581 vivendum
2625 3525 2952 3597 permultum
2981 3525 3177 3580 valent.
3202 3524 3392 3596 Neque

111 3626 244 3679 enim
284 3623 481 3678 dubito
513 3622 646 3690 quin
683 3620 726 3673 is
759 3619 851 3688 qui
885 3619 1027 3673 hunc
1070 3616 1314 3672 libellum
1364 3618 1626 3672 attentius
1659 3617 1852 3687 legerit
1887 3632 1952 3673 ac
1986 3618 2204 3686 penitus
2241 3618 2604 3687 intellexerit,
2643 3618 2869 3674 multum
2901 3633 2962 3675 se
3007 3619 3075 3674 ad
3115 3617 3389 3674 Christia-

117 3735 227 3774 nam
251 3717 604 3789 sapientiam,
640 3715 920 3778 virtutem,
963 3711 1330 3782 pietatemque
1374 3711 1672 3779 profecisse
1725 3711 2068 3782 proiiteatur.
2103 3713 2257 3778 Quod
2307 3711 2526 3784 quidem
2559 3711 2903 3769 commodum
2948 3718 3006 3766 ut
3040 3710 3106 3767 ad
3153 3709 3390 3768 lectores

107 3827 290 3869 clunes
311 3809 606 3874 redundet,
638 3824 704 3863 ex
745 3810 926 3862 animo
957 3815 1105 3877 opto.
1141 3805 1457 3861 Scribebam
1483 3805 1852 3879 Vitemberga:
1893 3807 1947 3864 d.
1983 3805 2016 3862 6
2039 3806 2197 3863 Mart.
2232 3806 2394 3864 1801.

173 4039 251 4112 (ιι)
281 4037 601 4095 Christliclte
640 4036 1186 4110 Kirchengeschichte.
1221 4037 1378 4094 Theil
1407 4037 1463 4104 Ἰ,
1493 4037 1640 4094 Scite
1670 4037 1685 4092 l

421 4038 601 4094 stliclte
640 4036 1186 4110 Kirchengeschichte.
1221 4037 1378 4094 Theil
1407 4037 1463 4104 Ἰ,
1493 4037 1640 4094 Scite
1670 4037 1933 4094 ΔΑΗ-151.
