3828 6310
421 307 524 365 487

432 547 1816 602 _______________._______...__

1492 274 1833 336 NEMESIUS
1871 251 2671 332 EPISCOPUS‘EMESENUS.

1817 495 3648 558 ______________________.___.—.

1346 783 2086 896 EXPLICATIO
2159 769 2764 874 SIGLARUM

697 1087 776 1148 Et
805 1077 1034 1142 notitia
1077 1071 1440 1139 editionum,
1494 1060 1797 1131 codicum,
1827 1051 2182 1114 versionum
2210 1062 2280 1103 ac
2329 1039 2712 1119 reliquo-rum
2743 1044 3019 1110 operum,
3061 1040 3192 1104 qua?
3224 1021 3283 1079 in
3326 1016 3440 1076 hac

1673 1230 1942 1293 editione
1980 1218 2266 1285 adhibita
2301 1220 2467 1276 sunt.

515 1650 639 1703 Ant.
700 1642 876 1698 Editio
923 1635 1331 1704 A’ntverpienSts
1382 1624 1506 1681 anni
1547 1622 1719 1686 l565,
1766 1618 1818 1674 8.
1876 1614 2025 1668 llane
2055 1622 2100 1672 Α
2130 1609 2396 1663 editiones
2427 1603 2478 1656 in
2523 1596 2776 1653 Auctario
2813 1591 3048 1646 Ducaeno
3093 1584 3429 1641 Bibliotheca
3482 1577 3712 1632 Patrem:

2244 1703 2250 1704 '
2366 1696 2490 1704 “""
2566 1703 2571 1704 ν
2647 1689 2688 1704 "
2874 1683 2962 1704 ιμ’·
3012 1695 3104 1704 --υ-
3183 1691 3228 1704 Α.
3278 1678 3328 1704 ξ..
3388 1671 3712 1704 ιῃιιεηοιηι.

445 1739 654 1799 curavit
689 1733 935 1789 Nicasius
959 1725 1303 1786 Ellebodius,
1333 1718 1674 1777 Caslctanus,
1706 1712 1790 1764 vir
1820 1708 2021 1763 doctis-

448 1837 636 1895 simus,
670 1828 761 1898 qui
803 1823 1010 1894 primus
1043 1817 1232 1874 Graeca
1268 1811 1436 1868 edidit
1475 1823 1540 1861 ex
1586 1804 1795 1858 duobus
1821 1797 2021 1854 codici-

449 1926 549 1980 bus
575 1936 636 1976 ac
668 1895 858 1974 novam
888 1911 1192 1969 versionem
1225 1906 1472 1962 Latinam
1501 1898 1716 1968 adjecit.
1758 1895 1833 1947 De
1874 1901 2022 1943 utro-

447 2030 553 2086 que
569 2010 765 2077 ,codice
787 2009 858 2062 ita
883 2005 1046 2060 habet
1069 2002 1122 2056 in
1150 1997 1466 2068 prxlatione
1491 2012 1505 2048 :
1528 1989 1697 2050 Μόλις
1719 1984 1851 2039 ποτὲ
1872 1981 2024 2035 δυσὶν

451 2076 780 2174 ἐνετύχομεν
802 2095 1179 2169 ἀντιγράφοις,
1212 2093 1306 2146 καὶ
1360 2087 1570 2149 τούτοις
1603 2081 1917 2153 ἀνηκέστως
1952 2076 2030 2174 δι-

450 2160 809 2270 εφθαρμένοις
833 2160 1158 2259 καὶνμυρίων
1190 2179 1600 2254 ἁμαρτημάτων
1627 2174 1905 2245 γέμουσιν.
1935 2160 2030 2229 Οἷς

451 2259 870 2360 ὲέιιμελέστερον
914 2278 1266 2338 ἐπιϐαλόντες
1293 2314 1306 2336 ,
1352 2273 1445 2325 καὶ
1480 2269 1590 2322 τῶν
1643 2266 1701 2318 ὲν
1750 2259 2031 2330 ἑκατέροις

453 2352 867 2452 ἁμαρτημάτων
915 2376 978 2426 ὲκ
1015 2372 1124 2424 τῶν
1178 2368 1308 2438 παρ’
1347 2362 1627 2433 ἑκατέροις
1667 2353 1840 2429 ὀρθῶς
1890 2352 2031 2421 ἔχειν

452 2469 750 2524 δοκούντων
775 2461 1338 2531 καταστοχασάμενοι,
1369 2455 1477 2507 κάκ
1503 2450 1611 2503 τῶν
1645 2447 1874 2500 ἐνόντων
1910 2444 2032 2495 ἐπι-

456 2560 845 2635 διορθώσαντες
865 2597 880 2620 ,
918 2551 1238 2623 ὑγιεστέραν
1284 2546 1436 2619 παρὰ
1465 2543 1600 2597 πολὺ
1630 2540 1727 2610 τῆς
1759 2535 2034 2610 προτέρας

457 2624 556 2721 τὴν
595 2643 978 2719 πραγματείαν
1019 2635 1530 2711 παρεσκευάσαμεν.
1581 2630 1658 2684 Ex
1711 2627 1797 2682 his
1827 2624 2035 2679 duobus

461 2714 594 2810 ergo
623 2714 774 2791 valde
802 2733 1074 2802 corruptis
1119 2729 1398 2783 codicibus
1425 2765 1440 2788 ,
1472 2732 1531 2778 ut
1573 2722 1688 2791 ipse
1729 2714 2033 2788 proﬁtetur,

463 2830 765 2886 orationem
813 2825 1056 2879 Graecam
1111 2820 1319 2891 primus
1349 2816 1518 2872 edidit
1575 2827 1640 2867 ac
1677 2827 1775 2880 pro
1827 2805 2037 2861 viribus

463 2921 578 2978 suis
604 2917 900 2974 constituit.
945 2913 1326 2982 Diserepantes
1355 2907 1617 2963 lectiones
1657 2913 1859 2963 autem,
1894 2905 2042 2954 certe

2129 1703 2311 1764 Paris,
2361 1696 2520 1759 16%,
2560 1703 2600 1747 t.
2647 1689 2812 1756 11,ιρ.
2862 1683 2964 1737 466
3010 1695 3129 1749 sqq.
3181 1691 3234 1733 ct
3278 1678 3330 1730 in
3381 1671 3716 1727 Bibliotheca

2139 1793 2364 1848 Patrum
2397 1788 2728 1848 Morelliana,
2762 1779 2934 1841 Paris,
2963 1773 3120 1838 1644,
3153 1781 3192 1826 ι.
3222 1768 3338 1850 ΧΠ,
3366 1783 3419 1838 p.
3451 1764 3558 1819 708
3584 1777 3712 1833 sqq.

2220 1930 2323 1985 0x.
2372 1925 2550 1982 Editio
2601 1916 2929 1977 Oxoniensis
2976 1926 3011 1965 e
3077 1909 3287 1963 theatro
3346 1900 3721 1958 Sbeldoniano

2133 2023 2291 2085 1671,
2323 2020 2377 2076 8.
2407 2016 2580 2086 Hujus
2612 2014 2809 2074 editor,
2839 2021 2998 2077 quem
3027 2000 3310 2057 Fabricius
3343 2004 3499 2065 putat
3547 1991 3723 2046 fuisse

2130 2084 2392 2172 Joannem
2430 2084 2657 2170 Fellum,
2690 2104 3000 2174 episcopum
3025 2092 3409 2152 Oxoniensem,
3448 2084 3728 2156 expressit

2131 2205 2420 2261 editionem
2439 2195 2717 2258 Ellebodii,
2734 2186 3140 2262 paueissimisin
3155 2192 3326 2243 textu,
3347 2180 3507 2233 modo
3533 2176 3725 2242 tacite,

2131 2297 2292 2352 modo
2329 2293 2574 2348 codicum
2615 2284 2940 2341 auctoritate
2987 2275 3226 2332 mutatis.
3275 2271 3376 2339 Qui
3423 2267 3731 2326 contulerit

2135 2390 2273 2444 hanc
2307 2385 2597 2441 editionem
2633 2395 2662 2433 a
2689 2376 2881 2447 pag-ina
2913 2371 3001 2436 82,
3027 2379 3079 2424 et
3116 2365 3375 2423 Ellebodii
3401 2378 3433 2417 a
3458 2377 3510 2431 p.
3547 2360 3643 2425 50,
3682 2359 3731 2414 is

2137 2478 2402 2543 inveniet,
2430 2473 2653 2544 paginas
2688 2467 2969 2536 utriusque
2991 2459 3249 2518 editionis
3280 2457 3347 2511 ab
3375 2455 3478 2509 hoc
3503 2452 3621 2506 loco
3659 2450 3730 2502 ad

2141 2571 2301 2626 tinem
2325 2566 2622 2623 convenire
2649 2562 2817 2617 etiam
2845 2559 2900 2612 in
2929 2568 3154 2611 numero
3179 2547 3594 2604 vocabulorum.
3627 2540 3733 2596 Va—

2141 2660 2346 2715 riantes
2396 2656 2660 2712 lectiones
2703 2647 2956 2707 editionis
3028 2638 3441 2711 Antverpiensis
3493 2647 3728 2706 prorsus

2142 2751 2402 2823 neglexit,
2431 2748 2575 2818 quod
2604 2760 2711 2800 non
2750 2741 2980 2798 debebat
3006 2737 3144 2792 ﬁeri.
3181 2735 3303 2804 Ipse
3332 2732 3469 2786 duos
3503 2727 3732 2783 codices

2137 2817 2476 2898 Oxonienses
2513 2833 2758 2890 adhibuit
2777 2873 2794 2900 ,
2824 2844 2962 2902 quos
2993 2837 3175 2880 tamen
3205 2819 3474 2892 octies(b)
3507 2817 3689 2874 solum
3715 2857 3733 2882 ,

2144 2933 2300 3003 quasi
2330 2931 2526 2994 obiter,
2554 2925 2814 2982 laudavit.
2871 2920 3185 2978 Versionem
3219 2915 3472 2970 Latinam
3501 2907 3732 2965 Ellebo-

465 3010 851 3071 nombmores’
897 3005 1130 3076 margini
1161 3001 1417 3094 editio???
1454 2997 1670 3094 adieci."
1702 2994 1908 3094 “3"”:
1944 3006 2041 3044 au-
2073 3007 2117 3063 Β
2150 2994 2222 3080 dii
2249 3023 2493 3094 pluribus
2530 3021 2584 3074 in
2616 3017 2752 3072 locis
2782 3030 2847 3071 ac
2871 3013 3192 3085 plerumque
3222 3018 3426 3064 temere
3457 3003 3694 3060 mutavit
3717 3043 3734 3069 ,

469 3113 575 3160 tem
609 3101 914 3156 versionem
947 3096 1198 3152 Latinam
1230 3092 1458 3156 addidit,
1485 3088 1631 3159 quod
1659 3085 1837 3142 versio
1868 3081 2041 3138 Geor-

473 3195 546 3268 gii
583 3193 746 3248 Valla:
776 3191 851 3263 ta)
899 3191 1076 3245 minus
1119 3189 1166 3241 ei
1201 3185 1548 3256 probabatur.
1599 3179 1673 3235 De
1702 3194 1764 3234 ea
1791 3176 1935 3232 enim
1967 3177 2042 3229 ita

468 3265 656 3342 censet
681 3284 734 3338 in
758 3281 1071 3354 praefatione
1096 3296 1111 3333 :
1149 3276 1212 3333 '0
1236 3274 1433 3349 πρώην
1458 3273 1519 3328 τὺ
1543 3270 1748 3344 ’βιϐλίον
1779 3265 1940 3320 τοῦτο
1967 3265 2047 3327 εἰς

463 3377 568 3448 τὴν
629 3373 918 3445 Ῥωμαίων
975 3369 1254 3424 διάλεκτον
1305 3364 1653 3438 μετενεγκεῖν
1714 3357 2047 3431 ἐγχειρήσας

470 3465 744 3538 Γεὼργιος
778 3465 806 3517 ὁ
837 3461 1071 3532 Βάλλης,
1106 3459 1166 3513 οὐ
1206 3457 1408 3529 μᾶλλον
1463 3454 1812 3526 ήρμὴνευσεν
1848 3449 1882 3519 ἢ
1927 3463 2051 3500 συν-

470 3557 594 3630 έχεε
623 3557 718 3609 καὶ
739 3554 1046 3625 κατῄσχυνε
1079 3550 1170 3604 τὸν
1188 3548 1495 3619 φιλόσοφον,
1520 3544 1643 3599 καθ’
1665 3543 1902 3610 ἑκάστην
1930 3554 2053 3609 σχε-
2137 3601 2144 3612 ἢ

469 3649 562 3704 δὸν
594 3647 843 3720 περίοδον
869 3647 966 3715 τῆς
992 3642 1090 3696 τοῦ
1115 3639 1388 3713 Νεμεαίου
1421 3637 1662 3698 διανοίας
1697 3631 2049 3691 ἀποπίπτων,

473 3739 579 3795 κάν
614 3743 725 3804 τοῖς
759 3734 1263 3807 κατημαξευμένοις
1295 3727 1529 3783 τουτοισὶ
1559 3727 1670 3779 τῶν
1692 3724 1891 3790 λέξεων
1921 3721 2055 3791 σχή-

480 3849 651 3902 μασιν
714 3831 805 3882 ὑπ’
856 3827 1126 3899 ἀμαθείας
1177 3825 1401 3895 γελοίως
1448 3819 1828 3874 ἀπαλλάττων.
1885 3812 2057 3882 Hujus

475 3922 732 3976 editionis
769 3921 1016 3987 exempla
1063 3917 1167 3971 vidi
1217 3913 1446 3984 duplicis
1486 3909 1732 3980 generis,
1789 3919 1906 3975 quae
1955 3904 2058 3957 hoc

479 4011 601 4068 solo
648 4010 788 4064 inter
829 4023 888 4063 se
927 4006 1200 4070 dill‘erunt,
1246 4005 1386 4075 quod
1417 4003 1611 4073 pagina
1650 4000 1749 4055 lSl
1790 3995 2054 4064 exempla,

480 4111 546 4154 .ut
586 4100 822 4164 videtur,
875 4098 1022 4167 prius
1069 4111 1346 4166 expressa,
1404 4102 1526 4164 post
1572 4092 1732 4145 linem
1787 4086 2052 4142 orationis

477 4191 688 4247 Graeca:
733 4187 907 4242 solum
941 4188 1251 4257 paginarum
1285 4186 1572 4247 custodem,
1617 4191 1675 4236 ut
1718 4189 1932 4242 vocant,
1963 4179 2060 4231 ha-

487 4279 648 4344 bent,
682 4276 932 4330 nimirum
980 4277 1124 4330 hunc
1168 4274 1216 4328 Μ
1257 4275 1312 4330 '5.
1343 4273 1401 4327 lu
1454 4271 1712 4341 exemplis
1759 4279 1934 4324 autem
1962 4266 2062 4320 ali-

478 4363 809 4435 quantulum
859 4371 981 4431 post
1025 4361 1337 4432 expressis,
1396 4360 1598 4415 omisso
1647 4359 1752 4412 isto
1799 4354 2058 4418 custode,

485 4453 748 4509 continuo
797 4463 918 4522 post
948 4451 1266 4508 vocabulum
1305 4450 1456 4513 τέλος
1497 4449 1666 4504 notati
1694 4456 1821 4503 sunt
1847 4459 2061 4500 errores

486 4545 806 4616 typothetae,
839 4559 974 4614 quos
994 4544 1046 4599 in
1075 4545 1178 4598 hac
1207 4543 1445 4598 editione
1471 4541 1636 4597 tacite
1663 4538 1899 4595 correxi.

569 4677 851 4735 Variantes
897 4679 1155 4735 lectiones
1210 4679 1496 4747 utriusque
1539 4675 1744 4730 codicis
1791 4673 1876 4727 hic
1928 4669 2064 4724 intra

492 4771 637 4827 inter
661 4769 894 4839 reliquas
915 4769 1096 4826 notavi
1121 4770 1303 4824 addita
1333 4777 1458 4822 nota
1485 4767 1608 4820 Ant.

563 4904 647 4959 Ab
683 4903 788 4959 hac
829 4901 1064 4959 editione
1094 4915 1317 4972 prorsus
1370 4914 1474 4954 non
1513 4895 1772 4953 ditl'erunt
1824 4893 2068 4964 repetitae

573 5221 651 5290 (a)
687 5214 1058 5290 Ante_\_’a_llam
1086 5214 1231 5290 hunc
1259 5209 1495 5290 libellum
1517 5206 1712 5290 Latine
1735 5206 2065 5285 interpreta-

497 5275 592 5344 tus
614 5275 801 5351 fuerat
826 5285 1126 5340 Richardus
1153 5280 1485 5351 Burgundio,
1517 5277 1767 5351 Pisanus,
1804 5275 1893 5342 qui
1925 5285 2068 5351 anno

501 5341 831 5418 ll9ifobiit.
867 5365 920 5410 et
945 5353 1184 5409 Joannes
1211 5341 1362 5406 Cdno
1406 5341 1907 5418 Nerinibergertses.
1940 5341 2071 5418 Vide

499 5411 720 5483 causa.
771 5411 912 5480 Bibl.
940 5422 1036 5479 Gr.
1063 5422 1170 5477 vol.
1200 5421 1318 5483 vn,
1363 5436 1415 5491 p.
1463 5417 1588 5491 550,
1619 5411 1756 5491 ςιῑ).
1792 5413 1928 5476 647;
1964 5411 2070 5466 vol.

503 5496 642 5561 νηι,
670 5513 726 5567 p.
756 5496 878 5567 164,
909 5504 1051 5567 etea
1076 5507 1194 5567 qua:
1221 5485 1594 5567 ittl'ra'tnonui.
1619 5485 2073 5567 Ut-t'atnquenvero

2147 3131 2249 3172 nec
2295 3129 2358 3169 ea
2397 3114 2465 3168 de
2501 3125 2563 3166 re
2595 3110 2832 3164 lectores
2876 3104 3177 3160 admonuit.
3221 3099 3492 3156 Praeterea
3522 3097 3577 3150 in
3627 3095 3739 3150 ﬁne

2148 3203 2644 3264 animadversiones
2691 3197 2976 3254 nonnullas
3021 3194 3254 3265 adjecit,
3288 3192 3340 3245 in
3381 3189 3582 3260 quibus
3614 3185 3736 3241 fere

2149 3298 2356 3355 notavit
2402 3305 2650 3351 auctores
2699 3307 2730 3346 a
2795 3289 3044 3345 Nemesio
3101 3286 3369 3341 laudatos.
3422 3279 3739 3351 Singulari:

2153 3389 2333 3446 omnia
2364 3387 2523 3457 hujus
2557 3380 2810 3439 editionis
2842 3379 2955 3436 suis
2987 3377 3119 3433 locis
3149 3373 3384 3431 iudicavi
3416 3372 3468 3427 in
3501 3369 3673 3425 notis.

2223 3523 2294 3579 D.
2334 3522 2388 3576 1.
2428 3520 2611 3576 Codex
2640 3514 2957 3573 Dresdensis
2979 3511 3318 3569 bibliotheca:
3338 3502 3663 3563 Electoralis
3679 3501 3740 3556 1.

2156 3616 2309 3672 Hunc
2329 3626 2432 3683 ego
2471 3613 2554 3667 bis
2581 3608 2888 3666 examinavi
2936 3605 3002 3660 ad
3041 3605 3334 3660 editionem
3365 3595 3737 3665 Antverpien-

2157 3723 2270 3764 sem
2301 3714 2360 3760 et
2392 3703 2780 3761 Oxoniensem.
2831 3697 2930 3754 Est
2979 3695 3419 3750 membranaeeus
3463 3703 3594 3744 saec.
3630 3701 3742 3747 xu,

2159 3810 2219 3854 ut
2242 3795 2494 3850 arbitror.
2534 3791 2705 3848 Habet
2735 3789 2862 3844 folia
2895 3786 3040 3842 in-be
3062 3785 3151 3849 8i,
3192 3798 3316 3846 seu,
3353 3779 3744 3850 quaterniones

2159 3889 2346 3944 decem
2375 3895 2430 3941 et
2461 3899 2626 3938 unum
2677 3881 2888 3936 folium.
2951 3877 3058 3932 Sed
3106 3873 3391 3945 quaternio
3427 3871 3622 3925 tertius
3653 3877 3742 3923 te-

2161 3996 2308 4036 mere
2339 3979 2547 4032 insutus
2573 3983 2656 4030 est
2700 3980 2820 4043 post
2875 3970 3164 4026 decimum.
3219 3966 3273 4019 ln
3302 3962 3537 4019 secundo
3567 3961 3737 4014 etiam

2161 4071 2366 4124 dissuta
2405 4074 2529 4120 sunt
2558 4063 2704 4117 folia.
2733 4059 2789 4115 In
2817 4060 2919 4115 hoc
2942 4073 2972 4110 a
2996 4071 3153 4109 manu
3173 4050 3456 4108 recentiori
3479 4049 3746 4118 scriptum

2161 4169 2277 4216 est:
2313 4155 2398 4211 Ea:
2426 4155 2733 4208 bibliotheca
2785 4147 3168 4204 Loescheriana
3201 4143 3421 4198 Clodius
3466 4155 3749 4208 compara-

2163 4254 2273 4317 vit;
2301 4251 2366 4304 nl)
2395 4248 2500 4302 alia
2551 4259 2711 4299 manu
2752 4259 2767 4296 :
2822 4238 3060 4294 Nemesii
3105 4233 3332 4306 episcopi
3372 4220 3650 4286 Tractatus
3684 4231 3749 4282 de

2166 4345 2362 4396 anima.
2399 4339 2548 4394 Liber
2575 4337 2721 4390 bonte
2741 4343 2876 4388 notae
2898 4345 2960 4384 nc
2981 4343 3260 4383 annorum.
3309 4325 3440 4379 Item
3465 4321 3517 4376 in
3553 4321 3745 4374 charta

2167 4431 2457 4501 separatim
2486 4427 2696 4497 adjecta
2721 4423 2951 4494 legitur:
2988 4419 3074 4472 Ea:
3099 4416 3410 4471 bibliotheca
3443 4409 3749 4466 Seideliana

2171 4523 2347 4577 Berol.
2382 4519 2598 4576 redemit
2622 4514 2688 4570 V.
2711 4515 2777 4568 Ε.
2811 4511 3130 4568 Loetcherus
3159 4508 3226 4562 D.
3257 4502 3508 4560 constal8
3527 4501 3751 4556 thaleris

2172 4613 2240 4668 18
2302 4611 2526 4681 grossis.
2557 4607 2636 4661 Ex
2668 4606 2754 4661 his
2812 4619 2941 4675 ergo
3006 4611 3252 4664 constat,
3310 4601 3453 4652 hunc
3499 4595 3748 4651 codicem

2174 4707 2349 4776 primo
2371 4711 2609 4771 emptum
2643 4713 2764 4754 esse
2797 4711 2865 4752 ex
2900 4694 3227 4749 bibliotheca
3273 4687 3491 4744 Seidelii
3541 4684 3751 4740 Beroli-

2173 4795 2356 4852 nensis
2369 4790 2685 4846 aValentino
2707 4789 2938 4843 Ernesto
2951 4778 3752 4848 Loesebero,superinteudente

2175 4886 2448 4958 quondam
2493 4881 2806 4946 Dresdensi,
2867 4875 3064 4934 deinde
3113 4889 3178 4930 ex
3237 4870 3565 4928 bibliotheca
3613 4867 3750 4924 Loe—

2163 5199 2265 5255 l'uit
2292 5214 2546 5270 expressa
2605 5195 3044 5270 Burgundionem
3085 5189 3509 5270 antemlerca
3535 5189 3747 5270 verme

2162 5272 2314 5324 verbo
2349 5257 2640 5324 reddidisse
2685 5257 2840 5337 a‘t'que
2875 5265 3055 5319 omnia
3087 5259 3643 5337 barbaris_vocabu_lis_
3664 5257 3750 5310 ob-

2165 5356 2405 5401 scurasse
2439 5355 2502 5392 ac
2535 5329 2798 5406 fmdaue',
2827 5344 3019 5406 auctor
3049 5343 3132 5389 est
3163 5332 3315 5388 Cono
3347 5333 3398 5385 in
3433 5329 3750 5400 pnefatione

2169 5411 2234 5464 ad
2271 5425 2426 5466 suam
2450 5404 2750 5463 versionem
2780 5404 3030 5460 Latinum

2211 5479 2318 5562 .(‘r)
2356 5477 2585 5562 Eant-ob
2616 5491 2841 5562 causam
2875 5492 2933 5562 se
2963 5480 3186 5562 excusat
3217 5471 3278 5562 in
3312 5467 3631 5562 pradatione
3661 5481 3746 5537 pa-

503 5546 726 5622 sion'ein
761 5546 1069 5621 Ellebodius
1094 5546 1308 5618 videtur
1331 5562 1630 5631 ignorasse.
1677 5546 2074 5631 Burgundionis
2173 5546 2309 5622 gina
2335 5549 2631 5621 peuultima
2661 5564 2675 5600 :
2715 5546 2771 5601 Ia
2800 5556 2940 5602 certe
2964 5555 3076 5600 erat
3111 5550 3300 5599 auctor
3325 5549 3524 5603 uoster,
3552 5548 3663 5594 etc.

501 5621 714 5705 1tteirisio,
744 5645 804 5693 ut
842 5637 1099 5697 arbitror,
1148 5621 1422 5700 nunqua'm
1457 5629 1647 5684 formis
1684 5621 2090 5695 typograpbicis
