3828 6380
183 355 273 414 180

1508 339 2032 399 ι”κυιῐίϐυωωλ
2043 379 2056 394 .

3317 335 3425 393 480

178 476 338 536 scberi
360 491 387 530 a
420 472 632 540 Clodio,
666 466 1085 526 hibliothecario
1121 466 1392 536 quondam
1423 465 1734 528 Dresdensi,
1773 474 1814 530 Α
1848 464 1891 516 Δ
1917 461 2142 516 Reisero
2165 457 2308 513 enim
2343 456 2422 512 sic
2455 464 2671 512 notatus
2693 464 2812 514 crat
2858 473 2874 511 :
2915 456 3319 512 Adamantionis
3336 469 3431 512 αι’

178 575 224 630 1η
260 569 647 627 bibliothecam
697 561 1079 621 Electoralem.
1143 558 1474 630 Marginibus
1537 558 1742 614 codicis

177 663 423 720 interdum
457 657 694 727 ascripta
740 663 869 711 sunt
899 651 1121 718 scholia,
1155 651 1248 706 sed
1289 649 1516 706 minoris
1561 649 1744 719 pretii.

177 753 432 809 Interdum
491 750 658 806 etiam
717 754 974 803 notantur
1013 743 1180 799 varia!
1234 742 1516 799 lectiones.
1571 740 1748 796 Habet

1847 553 1959 622 pila
1981 548 2364 621 philosophica.
2403 547 2540 602 Cum
2574 561 2706 618 ergo
2750 547 2972 614 s‘cirem,
3016 549 3165 605 hunc
3194 549 3428 604 Nemcsii

1851 643 2090 699 libellum
2148 640 2470 698 Adamantio
2518 640 2684 696 etiam
2729 640 2783 696 in
2841 640 3118 696 nonnullis
3153 642 3432 698 codicibus

1849 736 2039 801 tribui,
2065 745 2125 790 ut
2185 733 2238 788 in
2294 731 2466 789 altero
2519 729 2842 797 Oxoniensi,
2878 733 3135 788 continuo
3178 748 3242 789 ea
3281 732 3350 787 de
3375 749 3432 787 re

177 841 324 898 etiam
357 837 737 895 correctiones
761 851 791 890 a
823 849 988 890 manu
1018 832 1334 899 recentiori,
1359 847 1744 902 nonnunquam
1841 827 2090 884 consului
2120 826 2334 898 Mayum
2386 841 2586 892 meum,
2635 826 2726 897 qui
2785 826 2901 883 sine
2943 826 3052 882 ulla
3095 842 3242 884 mora
3273 827 3431 896 hujus

177 934 320 988 valde
353 933 588 1000 ineptas.
615 927 675 986 In
699 926 974 984 uotinullis
1017 927 1261 998 partibus
1295 926 1492 982 adesus
1535 933 1619 981 est
1648 940 1748 994 pu-

175 1025 390 1081 tredine.
429 1022 637 1078 Tamen
674 1019 761 1076 vel
781 1019 862 1076 sic
887 1016 975 1074 hic
1001 1019 1175 1075 codex
1220 1016 1363 1074 inter
1387 1017 1620 1086 optimos
1643 1031 1744 1069 nu-

173 1117 452 1174 merandus
473 1123 580 1171 est.

240 1231 301 1289 D.
329 1230 391 1286 2.
445 1229 629 1286 Codex
680 1224 1004 1282 Dresdensis
1050 1223 1376 1281 Electoralis
1415 1223 1472 1279 2.
1529 1223 1628 1279 Hie
1661 1233 1750 1280 est

173 1324 483 1379 chartaceus
499 1336 626 1378 szcc.
652 1335 742 1375 xv.
763 1317 930 1374 Habet
957 1327 1164 1373 tantum
1187 1320 1422 1388 quinque
1440 1316 1564 1372 folia
1584 1317 1634 1371 in
1666 1317 1746 1373 8ο.

170 1419 414 1475 Continet
449 1418 626 1489 capita
653 1431 683 1471 a
713 1414 786 1472 55
817 1416 884 1468 ad
912 1412 1005 1479 58,
1035 1412 1088 1466 in
1113 1412 1312 1483 quibus
1331 1413 1397 1468 de
1433 1412 1545 1466 fato
1571 1428 1744 1481 expo-

170 1514 325 1568 nnur.
360 1510 512 1567 Satis
540 1509 830 1581 diligenter
873 1506 1109 1576 scriptus
1158 1515 1258 1561 est.
1298 1503 1440 1561 Usus
1469 1505 1752 1574 utriusque

170 1604 364 1662 codicis
399 1595 723 1659 Dresdensis
765 1600 991 1670 contigit
1046 1597 1179 1653 mihi
1223 1597 1486 1656 beneﬁcio
1515 1596 1751 1653 Adclun-

171 1699 258 1767 gii,
290 1696 392 1752 viri
429 1695 658 1751 illustris
683 1702 846 1764 atque
873 1692 1251 1749 eruditissimi.

1846 937 2063 992 quoque
2096 918 2301 974 codicis
2334 921 2514 974 varias
2549 919 2830 984 lectiones,
2866 935 2895 974 a
2925 935 2984 976 se
3019 919 3432 991 diligentissime

1851 1023 2086 1079 notatas,
2121 1012 2186 1066 ad
2221 1026 2306 1066 me
2339 1011 2664 1067 transmisit.
2715 1011 2946 1068 Conztat
2983 1013 3082 1068 iste
3128 1013 3318 1077 codex,
3351 1012 3429 1066 uti

1847 1122 1914 1166 ex
1947 1105 2104 1178 Mayo
2144 1105 2332 1171 didici,
2360 1105 2502 1162 loliis
2528 1122 2662 1171 cxx.
2686 1123 2916 1178 quorum
2958 1105 3212 1177 quaelibet
3236 1105 3431 1175 pagina

1849 1199 2011 1256 habet
2061 1214 2254 1256 versus
2297 1198 2389 1254 24.
2443 1198 2642 1255 Forma
2685 1209 2816 1266 est,
2844 1209 2902 1255 ut
2957 1200 3117 1270 vulgo
3158 1207 3372 1265 vocant,
3398 1197 3432 1252 4

1851 1294 2008 1358 tuin.,
2042 1303 2136 1348 aut
2155 1292 2190 1346 8
2218 1293 2345 1364 ma].
2371 1293 2620 1363 Scriptus
2646 1293 2858 1348 videtur
2887 1307 3013 1347 sake.
3034 1306 3124 1348 xw
3153 1300 3246 1346 aut
3282 1305 3350 1344 xv
3377 1290 3431 1344 iu

1849 1383 2075 1440 chartis.
2125 1382 2362 1440 Iudicem
2416 1386 2577 1442 habet
2645 1402 2660 1440 :
2739 1385 3204 1455 Ἀδαμαντίωνος
3247 1385 3434 1454 ,λόγος

1850 1476 2287 1548 κεφαλαιώδης.
2324 1477 2383 1532 ln
2414 1477 2680 1548 principio
2733 1489 2787 1532 et
2824 1489 2950 1533 ante
2993 1476 3202 1548 singula
3253 1475 3435 1544 capita

1853 1569 2015 1625 habet
2042 1569 2249 1625 indices
2283 1570 2548 1640 capitum,
2578 1585 2715 1640 quos
2757 1570 2871 1626 suis
2927 1571 3061 1625 locis
3089 1567 3304 1638 tepetii.
3333 1567 3436 1622 De-

1853 1662 1967 1717 licit
1997 1663 2049 1720 iu
2105 1663 2287 1717 verbis
2348 1662 2454 1716 ὑπό
2503 1681 2685 1730 τινων,
2737 1664 2832 1718 καὶ
2863 1662 3090 1735 μηδένα.
3144 1659 3276 1714 Vide
3299 1661 3433 1715 edit.

1851 1755 2114 1822 Antvcrp.
2146 1769 2269 1824 pag.
2297 1755 2420 1819 161,
2457 1756 2599 1810 med.
2629 1754 2871 1810 Primum
2893 1765 3055 1825 caput
3087 1750 3432 1808 inscribitur:

230 1826 294 1880 Α.
340 1821 991 1893 LillustrisAugustanze
1018 1820 1325 1890 reipublicae
1351 1821 1403 1885 l,
1430 1818 1664 1874 in-l’olio.
1700 1821 1753 1874 Is

1865 1844 1995 1914 Περὶ
2024 1818 2267 1915 φτύοίεωνς
2297 1845 2639 1916 ἀνθρώπου,
2671 1849 2764 1918 qui
2785 1858 2873 1904 est
2920 1818 3080 1903 index
3119 1847 3287 1902 tutius
3315 1844 3436 1898 libri

167 1915 395 1986 suiptns
450 1924 534 1970 est
584 1915 637 1969 in
685 1914 872 1968 charta
899 1911 1220 1985 bombycina
1249 1927 1398 1975 8330.,
1427 1923 1486 1966 ttt
1515 1912 1750 1977 videtur,

168 2026 246 2064 ειν
276 2020 372 2063 aut
401 2025 494 2063 xv.
531 2007 682 2063 lluuc
723 2006 982 2062 Reiserus
1019 2007 1072 2062 in
1135 2006 1389 2076 Catalogo
1425 2004 1752 2059 bibliotheca:

166 2102 496 2166 Augustam:
522 2097 730 2152 notavit
760 2113 884 2168 pag.
909 2095 1000 2164 75,
1052 2112 1200 2154 num.
1241 2095 1295 2151 5.
1335 2093 1518 2151 Codex
1543 2105 1626 2150 est
1658 2112 1754 2165 op-

164 2194 496 2248 tim;e.nota:.
539 2190 734 2247 Deﬁcit
761 2203 940 2246 tamen
971 2191 1023 2246 in
1059 2188 1165 2245 line
1187 2188 1380 2261 capitis
1407 2189 1498 2244 11.

223 2327 293 2383 Δ.
333 2325 392 2382 2.
434 2324 628 2382 Codex
653 2323 1001 2396 Augustauns
1020 2322 1076 2390 2,
1111 2337 1200 2394 ap.
1227 2320 1512 2377 Reiserum
1532 2361 1546 2387 ,
1583 2335 1634 2390 p.
1661 2319 1752 2385 51,

163 2439 213 2475 n.
243 2422 335 2477 l3.
367 2419 817 2475 hlemhranaceus
840 2416 1002 2481 in-8',
1025 2429 1153 2470 saec.
1201 2430 1259 2469 XI
1288 2423 1382 2468 aut
1431 2427 1527 2468 χιι.
1572 2412 1628 2468 ln
1655 2412 1755 2468 hoc

165 2524 344 2570 tamen
381 2511 518 2568 lolia
547 2511 602 2566 in
631 2509 904 2580 principio
955 2517 1078 2563 sunt
1111 2509 1398 2564 cliartacea
1438 2521 1581 2573 xvtt;
1625 2505 1752 2560 item

165 2624 214 2672 x,
237 2609 294 2664 in
319 2606 652 2675 ﬁne-capitis
677 2605 773 2670 55,
807 2603 884 2658 uti
920 2603 973 2659 in
1009 2599 1171 2658 variis
1194 2600 1514 2657 lectionibus
1551 2600 1752 2655 notavi.

164 2701 285 2757 Hac
318 2699 526 2769 scripta
551 2706 681 2754 sunt
740 2711 900 2762 δίκα..
928 2704 990 2750 ut
1023 2695 1256 2760 videtur,
1290 2710 1404 2749 xvr.
1433 2694 1623 2749 Scriba
1657 2693 1756 2750 fuit

161 2793 418 2864 diligens,
441 2801 499 2847 et
515 2792 892 2860 Augustanum
929 2787 1172 2844 codicem
1205 2788 1260 2853 1,
1291 2801 1321 2842 a
1361 2801 1470 2856 quo
1508 2785 1624 2841 fere
1646 2799 1752 2842 non

163 2886 443 2950 dissentit,
505 2882 800 2954 diligenter
847 2881 1138 2952 expressit.
1177 2880 1233 2934 In
1289 2879 1359 2935 iis
1397 2893 1517 2948 quae
1549 2878 1753 2947 scripta

163 2992 287 3035 sunt
321 2994 353 3032 a
384 2992 554 3033 manu
583 2977 758 3047 prima
793 2976 848 3030 in
905 2975 1255 3037 membranis.
1299 2987 1444 3043 saepe
1472 2983 1754 3043 peccatum

163 3083 244 3128 est
261 3083 463 3128 contra
485 3068 954 3138 orthographiam.
1012 3065 1215 3122 Tamen
1266 3067 1318 3121 in
1355 3067 1459 3121 hoc
1503 3066 1758 3134 leguntur

1858 1938 1911 1993 in
1947 1937 2069 1993 aliis
2103 1940 2261 1994 codd.
2294 1938 2478 1996 Codex
2508 1951 2594 1996 est
2629 1941 2783 1996 bona:
2811 1949 2970 1996 notae.
2997 1939 3440 1995 interdumrou-

1856 2029 2007 2084 venit
2033 2030 2350 2086 notabiliter
2367 2046 2490 2090 cum
2522 2031 2593 2087 Μ.
2621 2033 2674 2097 1,
2701 2031 2974 2088 interdum
3003 2046 3125 2088 cum
3159 2030 3224 2086 D.
3250 2031 3300 2087 1.
3331 2030 3434 2084 llu-

1847 2121 2088 2192 jusmodi
2143 2123 2388 2179 codicem
2447 2123 2515 2178 ad
2571 2139 2763 2179 manus
2808 2124 2974 2179 etiam
3023 2122 3214 2179 habuit
3263 2123 3440 2179 editor

1853 2214 2205 2286 Oxoniensis,
2240 2218 2384 2273 unde
2413 2217 2667 2273 nonnulla
2701 2217 2865 2273 tacite
2889 2215 3224 2278 emendavit.

1926 2346 2220 2417 Praeterea,
2278 2363 2400 2404 cum
2469 2365 2615 2405 anno
2661 2349 2798 2406 1796
2848 2349 3114 2406 Monachii
3166 2363 3436 2416 versarer,

1858 2438 1965 2494 vidi
1995 2441 2161 2494 etiam
2213 2443 2265 2495 in
2313 2440 2638 2496 bibliotheca
2693 2441 2983 2497 Electorali
3031 2440 3171 2497 duos
3223 2441 3441 2496 codices

1855 2531 2090 2587 Nemesii
2126 2531 2224 2604 (b),
2261 2547 2396 2602 quos
2432 2542 2636 2598 tamen,
2675 2533 2796 2588 aliis
2849 2534 3077 2605 negotiis
3131 2534 3440 2604 impeditus.

1855 2638 2175 2694 Comparare
2208 2639 2310 2678 non
2338 2625 2508 2695 potui.
2534 2626 2687 2680 Alter
2711 2625 2780 2696 (ε)
2811 2635 2893 2680 est
2925 2640 3073 2680 num.
3096 2624 3189 2692 29,
3225 2627 3442 2680 charta-

1854 2731 1983 2772 ceus
2016 2715 2229 2772 iit-folio
2255 2730 2380 2771 smc.
2411 2731 2523 2772 XVI.
2547 2716 2798 2772 Continet
2829 2731 2857 2770 a
2906 2716 3032 2772 folio
3063 2717 3166 2772 108
3188 2717 3254 2772 ad
3296 2718 3396 2772 159
3424 2736 3438 2773 :

1853 2807 2152 2878 Νεμεαίου
2182 2807 2522 2862 ἐπισκόπου
2563 2808 2823 2878 Ἐμέσης
2871 2807 3010 2877 Περὶ
3056 2809 3296 2879 φύσεως
3332 2810 3442 2865 dr-

1856 2899 2114 2970 θρώπου.
2154 2900 2361 2956 Desinit
2389 2903 2566 2972 capite
2589 2901 2681 2969 52,
2715 2900 2857 2971 Περὶ
2896 2902 3001 2957 τοῦ
3046 2902 3358 2968 ἐκθυσίου,
3389 2907 3440 2958 in

1860 2994 2060 3060 verbis,
2093 2992 2232 3048 ἐθῶν
2259 2993 2328 3048 τὰ
2357 2994 2585 3048 τοιαῦτα
2609 2993 2993 3068 κατορθοῦται.
3023 2995 3273 3067 Ejusdem
3309 3013 3445 3050 non-

1860 3081 2000 3135 nulla
2044 3096 2072 3135 a
2109 3083 2286 3153 capite
2341 3083 2412 3137 55
2460 3083 2526 3137 ad
2583 3094 2748 3153 caput
2794 3085 2862 3138 57
2895 3085 3060 3140 verba
3136 3086 3443 3139 ὲπιδέουσιν

163 3166 346 3236 capita
371 3162 582 3225 ultima,
609 3175 730 3230 qua:
754 3159 951 3214 desunt
982 3160 1036 3213 in
1063 3160 1381 3228 Augustano
1408 3158 1459 3211 1.
1501 3155 1753 3224 Quintium

1865 3173 2240 3245 ἀπαράϐατον,
2295 3174 2550 3246 leguntur
2603 3191 2632 3231 a
2693 3175 2824 3232 folio
2867 3177 2968 3232 l70
3000 3178 3068 3233 ad
3119 3177 3242 3233 175.
3295 3181 3446 3234 Alter

164 3270 283 3332 post
316 3259 482 3313 ﬁnem
512 3253 709 3324 capitis
731 3252 826 3320 μ,
847 3251 1044 3324 legitur
1067 3252 1232 3306 etiam
1261 3251 1406 3307 aliud
1438 3265 1562 3306 cum
1582 3249 1762 3305 indice

164 3355 301 3407 hoc:
338 3351 447 3406 Ἐν
477 3347 599 3402 τίνι
625 3346 692 3401 τὸ
719 3345 1079 3416 ἡγεμονικὸν
1119 3343 1372 3414 ἵδρυται.
1415 3341 1606 3412 Incipit
1633 3361 1646 3397 :
1673 3343 1761 3396 Σι-

163 3445 313 3514 τάτω
371 3443 531 3496 πᾶσα.
569 3437 896 3510 στοχαστικὴ
951 3435 1326 3509 ματαιολογία.
1361 3435 1465 3491 Sed
1515 3436 1616 3491 hoc
1645 3435 1762 3491 sine

165 3538 274 3591 llo
308 3535 480 3590 dubio
516 3540 796 3588 auctorem
847 3531 1013 3586 habet
1065 3529 1388 3597 Gregorium
1434 3525 1758 3599 Nyssenum.

167 3629 276 3683 Etsi
306 3636 496 3682 autem
526 3625 616 3681 hic
643 3624 811 3680 codex
842 3639 985 3679 nunc
1007 3623 1255 3678 eumdem
1280 3622 1516 3677 indicem
1543 3621 1758 3688 habeat,

165 3734 325 3790 quem
357 3719 714 3788 Augustanus
748 3713 799 3780 1,
848 3723 1026 3770 tamen
1066 3713 1247 3784 colligi
1304 3715 1477 3784 possit
1526 3714 1670 3769 hunc
1697 3713 1762 3768 li-

169 3811 371 3864 bellum
413 3808 467 3862 in
501 3808 607 3862 hoc
639 3807 830 3862 codice
871 3806 1000 3862 olim
1036 3807 1302 3862 tributam
1349 3820 1470 3864 esse
1498 3805 1763 3878 Gregorio

166 3901 439 3973 Nysseno.
482 3899 696 3956 Etenim
727 3910 849 3970 post
874 3899 1013 3955 istud
1052 3908 1238 3970 caput,
1274 3915 1382 3970 quo
1444 3899 1658 3956 auctior
1682 3908 1765 3955 est

169 3999 254 4050 hic
288 3996 494 4060 codex,
528 3993 788 4048 continuo
832 4009 861 4047 a
897 3994 1075 4064 prima
1125 4008 1285 4046 manu
1334 3991 1765 4062 legiturlibellus

164 4085 429 4156 Gregorii
458 4084 1055 4156 Nyssenicumindice:
1078 4082 1398 4139 Τοῦαὺτοῦ
1431 4083 1765 4154 Γρηγορίου

163 4181 453 4248 Νύσσης,
487 4178 627 4247 Περὶ
680 4177 894 4248 ψυχῆς
927 4175 1028 4249 (a).
1077 4175 1272 4248 Incipit
1325 4193 1338 4230 :
1397 4176 1616 4248 Ἐπειδὴ
1669 4176 1764 4231 τοῦ

164 4271 522 4346 ἀνθρωπίνου
549 4270 668 4342 βίου
699 4269 835 4342 πρὸς
871 4269 964 4324 τὸν
994 4269 1131 4324 Θεὸν
1179 4269 1414 4342 μετέστη
1446 4272 1476 4324 ὁ
1511 4269 1678 4334 πολὺς
1709 4271 1766 4324 ὲν

163 4368 350 4437 ἁγίοις
405 4364 714 4428 Βασίλειος.
755 4364 995 4430 Accedit,
1042 4364 1185 4434 quod
1239 4365 1394 4420 tertia
1451 4380 1645 4419 manus
1680 4366 1764 4420 isti

166 4462 368 4516 ultimo
432 4457 627 4528 capiti,
687 4457 754 4512 de
801 4471 908 4527 quo
977 4457 1112 4520 dixi,
1173 4456 1572 4527 aSCripsit:Tb
1595 4456 1767 4530 παρὸν

163 4550 470 4621 κεφάλαιον
506 4548 570 4620 ιβ’
595 4549 712 4603 ἔστι
742 4549 836 4603 τοῦ
865 4548 1030 4624 (tpr
1053 4547 1275 4621 Νύσσης
1291 4551 1428 4622 ὲντῇ
1452 4553 1764 4623 κατασκευῇ
1793 4552 1846 4612 ι)

163 4644 260 4697 τοῦ
295 4641 618 4715 ἀνθρώπου.
658 4641 768 4696 Kal.
799 4635 902 4697 ὧδε
958 4641 1056 4716 μὲν
1107 4641 1210 4697 οὒκ
1258 4642 1475 4716 ἐγράφη
1522 4641 1764 4708 τελείως,

164 4736 284 4790 ἀλλ’
314 4734 562 4788 ἐλλείπει
595 4734 782 4806 μέρος.

243 4871 363 4928 Hos
389 4869 528 4924 duos
555 4867 775 4924 codices
802 4866 1147 4938 Augustanos
1167 4908 1184 4936 ,
1231 4881 1370 4937 quos
1401 4866 1536 4921 mihi
1569 4865 1768 4921 libera-

166 4968 387 5023 lissime
413 4959 782 5018 commodavit
817 4958 1177 5031 Hieronymus
1205 4959 1455 5018 Andreas
1511 4961 1768 5025 Hertens,

167 5060 255 5113 vir
303 5052 709 5112 celeberrimus
766 5060 821 5107 et
879 5051 1250 5119 doctissimus,
1293 5052 1411 5123 ipse
1453 5054 1768 5122 comparavi

168 5162 366 5205 mense
396 5144 538 5200 Maio
566 5142 871 5210 annil796,
909 5157 1033 5199 eum
1068 5157 1245 5198 essem
1277 5143 1536 5214 Augustae
1570 5142 1772 5198 Vinde-

171 5242 436 5298 licorum.
473 5235 528 5290 ln
557 5249 622 5290 eo
655 5244 834 5289 tamen
869 5233 1084 5307 negotio
1131 5235 1360 5291 multum
1405 5236 1621 5304 adjutus
1652 5252 1770 5291 smn

170 5347 342 5406 opera
374 5327 601 5383 Joannis
619 5325 839 5383 Gottlob
869 5326 1013 5399 May,
1038 5327 1140 5383 viri
1169 5328 1523 5386 eruditissimi
1553 5344 1618 5384 ac
1636 5329 1771 5384 mihi

169 5437 529 5481 ammissum.

241 5541 315 5594 Α.
348 5539 406 5591 5.
437 5539 787 5608 Augustanus
815 5537 870 5601 5,
899 5537 1196 5592 secumlnm
1224 5536 1508 5592 Reiserum
1538 5536 1772 5608 pag.88,

187 5648 354 5688 num.
409 5631 499 5686 65.
553 5629 655 5684 llic
701 5628 874 5684 codex
926 5630 1314 5699 propemodum
1362 5645 1447 5685 me
1507 5629 1773 5686 latuisset.

245 5805 331 5876 (α.
377 5802 512 5876 Yide
547 5799 801 5876 tom._lll,
841 5815 896 5870 p.
929 5798 1054 5868 181,
1097 5801 1228 5856 edit.
1262 5799 1434 5876 Paris.
1464 5799 1627 5876 1658.

248 5871 334 5950 (b',
375 5873 662 5930 Postremo
694 5873 884 5925 horum
915 5887 1132 5942 quoque
1167 5874 1332 5929 variae
1369 5871 1632 5928 lectiones
1687 5889 1776 5926 lio-

507 5968 782 6027 ΡΑτιιωι..
810 5965 923 6026 Gn.
965 5966 1096 6027 XL.

1863 3266 2026 3320 etiam
2054 3266 2373 3322 cbartaceus
2423 3277 2506 3322 est
2538 3265 2755 3323 in-l‘olio
2802 3283 2932 3324 δερ.
2991 3284 3104 3334 xvr,
3137 3287 3288 3328 num.
3319 3271 3442 3328 100.

1861 3357 2116 3414 Cnttlinel.
2141 3359 2377 3416 Nemcsii
2408 3359 2585 3431 capita
2608 3361 2673 3416 de
2713 3361 2843 3427 fato,
2866 3374 2996 3427 etc.,
3019 3377 3049 3416 a
3086 3365 3259 3434 capite
3289 3364 3357 3418 55
3378 3367 3444 3417 ad

1865 3454 2026 3507 linem
2055 3452 2200 3520 libri,
2255 3470 2283 3508 a
2334 3452 2463 3508 folio
2510 3453 2614 3509 152
2644 3455 2710 3510 ad
2744 3455 2870 3511 170.
2933 3455 3198 3527 Deinceps
3254 3459 3448 3528 legitur

1863 3547 2027 3602 etiam
2055 3545 2288 3602 Nemesii
2321 3547 2539 3602 nomine
2573 3546 2713 3603 liber
2747 3547 2824 3604 De
2844 3552 3226 3605 contemnenda
3254 3562 3444 3616 morte.

1865 3655 2028 3710 quem
2076 3639 2375 3697 novissime
2431 3640 2692 3696 Demetrii
2738 3641 2965 3712 Cydonii
3014 3645 3232 3699 nomine
3277 3644 3450 3698 edidit

1864 3731 2116 3798 Kuinocl,
2148 3731 2234 3786 vir
2253 3730 2675 3799 eruditissimus,
2734 3731 2931 3803 Lipsiae
2963 3733 3123 3799 1786,
3172 3733 3229 3792 8.
3283 3734 3450 3806 Equi-

1864 3827 1986 3882 dem
2013 3839 2146 3880 vero
2179 3821 2322 3878 nullo
2348 3823 2507 3880 modo
2541 3822 2672 3879 mihi
2725 3826 3054 3896 persuadere
3108 3842 3350 3897 possum,
3387 3840 3452 3882 ut

1866 3921 2108 3984 credam,
2148 3920 2296 3974 hunc
2331 3931 2546 3988 quoque
2597 3918 2836 3974 libellum
2883 3934 3004 3976 esse
3031 3919 3292 3979 Nemesii.
3361 3922 3452 3977 Et-

1866 4011 2010 4066 enim
2043 4019 2093 4065 et
2119 4009 2319 4081 φράσις
2338 4018 2390 4063 et
2413 4007 2657 4082 συνθήκη
2684 4019 2737 4064 et
2765 4009 2994 4067 διάνοιαι
3025 4014 3452 4070 suntdissimilli-

1867 4119 1990 4158 mre.
2021 4101 2424 4158 Sententiarum
2467 4117 2598 4158 vero
2634 4104 2925 4160 diversitas
2983 4108 3216 4162 maxime
3258 4108 3454 4163 intelli-

1867 4196 2014 4268 gitur
2044 4213 2108 4250 ex
2137 4196 2347 4252 duobus
2377 4196 2737 4268 argumentis,
2773 4213 2894 4269 qua:
2912 4208 3143 4272 uterque
3170 4203 3448 4257 tractavit:

1868 4286 2098 4340 alterum
2129 4295 2233 4350 est,
2272 4285 2340 4340 de
2399 4286 2811 4342 immortalitate
2841 4290 3044 4357 animi;
3105 4291 3358 4357 alterum,
3387 4293 3455 4348 de

1868 4379 2166 4434 virtutibus
2197 4388 2252 4434 ct
2303 4379 2679 4446 facultatibus,
2736 4381 2934 4452 quibus
2963 4383 3212 4441 homines
3254 4395 3453 4442 uetera

1871 4470 2204 4525 antecellunt
2229 4468 2508 4525 animalia.

1941 4601 2076 4658 Con.
2109 4610 2263 4656 notat
2292 4601 2597 4656 versionem
2654 4602 2906 4658 Latinam
2933 4603 3156 4672 Joannis
3193 4607 3453 4672 Cononis,

1871 4709 2032 4765 quam
2065 4693 2319 4748 hortante
2355 4691 2523 4748 Beato
2573 4693 2838 4751 thenano
2865 4669 3097 4765 primuin
3150 4698 3317 4753 edidit
3347 4669 3454 4753 Ατέ

1871 4794 2084 4856 gentor.
2111 4783 2271 4848 1512,
2297 4783 2392 4840 fol.
2431 4785 2544 4856 Ego
2585 4801 2716 4840 usus
2745 4800 2864 4841 sum
2916 4785 3164 4858 Gregorii
3225 4789 3452 4862 Nysscni

1871 4877 2111 4934 editione
2143 4875 2336 4932 Latina
2356 4876 2524 4933 Basil.
2553 4878 2714 4942 1562,
2738 4880 2825 4934 ubi
2862 4880 2950 4936 hic
2995 4880 3212 4938 libellus
3261 4883 3458 4954 legitur

1872 4985 1902 5024 a
1935 4986 2058 5041 pag.
2085 4970 2184 5025 471
2219 4975 2286 5026 ad
2316 4970 2443 5026 550.
2477 4972 2552 5026 De
2581 4973 2850 5029 indicibus
2894 4982 2948 5029 et
2996 4974 3260 5030 divisione
3295 4978 3458 5032 totius

1873 5061 2076 5132 Operis,
2114 5061 2190 5118 uti
2229 5064 2368 5131 apud
2419 5061 2697 5121 Cononem
2749 5076 3028 5134 notantur,
3087 5068 3271 5123 monui
3322 5069 3458 5124 inl'ra

1874 5153 1988 5209 suis
2010 5154 2144 5210 locis
2180 5155 2234 5209 in
2267 5156 2431 5212 notis.
2454 5156 2607 5212 Cono
2635 5158 2838 5212 nullum
2859 5159 3125 5231 integrum
3152 5163 3458 5233 exemplum

1875 5245 2123 5302 Griecum
2152 5248 2360 5310 habuit.
2388 5247 2484 5303 sed
2513 5257 2720 5303 tantum
2758 5252 3002 5321 quaedam
3072 5254 3246 5323 capita
3278 5266 3331 5310 et
3355 5255 3461 5310 iia-

1875 5347 2095 5410 gmenta
2129 5355 2216 5394 ει»
2255 5339 2582 5396 bibliotheca
2615 5345 2849 5398 creuobii
2905 5343 3134 5400 fratrum
3189 5349 3310 5402 0rd.
3356 5351 3463 5402 dxi

1877 5431 2146 5488 Dominici
2169 5432 2488 5490 Basileettsi.
2516 5434 2656 5504 Ergo
2689 5436 2997 5492 versionem
3039 5437 3462 5511 Burgundionis,

1877 5526 2216 5595 quamhaud
2261 5525 2430 5580 dubie
2471 5528 2733 5597 scriptam
2790 5529 3000 5597 habuit,
3050 5531 3104 5586 in
3147 5532 3334 5588 multis
3368 5548 3464 5602 pro

1880 5619 2108 5674 arbitrio
2139 5632 2236 5673 suo
2289 5621 2539 5686 mutavit,
2572 5622 2813 5678 adhibita
2866 5633 3048 5680 tamen
3085 5624 3139 5680 in
3196 5623 3463 5680 nonnullis
3567 5659 3573 5702 ;

1883 5808 2007 5854 latm
2043 5808 2188 5863 sunt,
2222 5809 2279 5852 ut
2310 5799 2396 5853 hic
2429 5799 2655 5855 inferius
2692 5802 2898 5858 monui.

1953 5870 2022 5944 (ε)
2067 5871 2216 5927 llunc
2255 5871 2306 5926 in
2337 5873 2482 5927 notis
2515 5873 2778 5943 appellavi
2823 5873 2893 5928 Μ.
2927 5873 2951 5927 1
2980 5913 2995 5939 ,
3047 5873 3277 5928 alterum
3304 5869 3374 5926 Μ.
3405 5869 3441 5924 2

3108 5968 3182 6028 16
