3828 6310
212 317 311 378 ινδ

1539 316 2083 389 ΡΒΟιΕϐὒΜΕΝΑ.

3358 348 3458 409 1M

210 442 264 497 τὺ
288 439 659 541 κυριιῖιτατον,
698 435 829 515 περὶ
863 436 933 513 ἧς
977 443 1027 495 οἱ
1079 443 1279 497 κλεινοὶ
1315 443 1423 497 τῶν
1472 444 1777 519 φιλοσόφων
1803 454 1846 512 Α
1878 453 1971 506 καὶ
1997 453 2105 507 τῶν
2129 454 2532 528 ἀκριϐεστέρων
2559 456 2815 531 ἐχόμνος
2834 462 3139 535 δογμάτων.
3169 468 3316 541 Πλὴν
3336 473 3448 529 ὅσοι

209 531 396 595 πολλὰς
430 531 799 587 κατεϐἀλοντο
826 536 1227 607 πραγματείας,
1273 535 1483 593 ἀνωθεν
1512 539 1603 593 τὸν
1647 542 1776 613 περὶ

206 624 286 678 τοῦ
318 625 571 679 ἑκουσίου
611 626 705 679 καὶ
734 627 1012 692 ἀκουσίου,
1049 628 1421 701 προαιρέσεώς
1451 648 1511 697 τε
1549 632 1643 685 καὶ
1683 633 1776 687 τοῦ

205 716 545 787 βουλεύεσθαι
576 718 735 788 λόγον
779 718 1082 785 ἀναλαϐὼν,
1112 722 1241 795 περὶ
1268 714 1343 777 ὧν
1379 723 1408 777 ὃ
1438 741 1499 777 τε
1533 725 1778 795 Ἀριστο-

203 809 348 881 τέλης
374 811 435 863 ἐν
463 810 546 883 τῷ
580 810 751 882 τρίτῳ
787 810 894 864 τῶν
939 809 1212 877 Ἠθικῶν,
1240 813 1335 867 καὶ
1361 815 1390 868 6
1419 815 1776 889 Δαμασκηνὸς

209 903 456 975 Ἰωάννης
484 905 545 958 ἐν
576 906 642 977 τῇ
675 905 775 977 τῆς
799 904 1079 977 ὀρθοδόξου
1114 904 1350 972 πίστεως
1378 907 1607 974 ἐκδόσει,
1647 925 1774 980 σχεο

195 994 275 1049 66v
298 998 411 1060 τοῖς
442 996 631 1061 αὐτοῖς
668 998 876 1068 ῥήμασι
916 996 1269 1067 διαλέγονται,
1302 1000 1395 1054 ἐπὶ
1427 1000 1487 1054 τὺ
1521 999 1777 1073 θρυλλού-

199 1100 351 1154 μενον
380 1084 597 1155 μέτεισι
642 1085 877 1156 ζήτημα.
912 1085 974 1140 τὸ
1017 1088 1144 1159 περὶ
1192 1088 1532 1161 εἱμαρμένης
1559 1090 1773 1147 καὶτοῦ

195 1175 270 1244 ἐφ’
298 1177 458 1247 ἡμῖν.
491 1177 604 1231 Καὶ
629 1175 804 1230 ταῦτα
832 1177 1143 1250 φιλαλήθως
1172 1197 1232 1234 τε
1283 1181 1377 1235 καὶ
1415 1183 1657 1254 ἀκριόῶς
1686 1184 1775 1251 ἐξ-

192 1265 390 1328 ετάσας
417 1267 518 1320 καὶ
538 1266 996 1336 διασκεψάμενος,
1024 1267 1177 1331 τέλος
1208 1270 1426 1338 ἄριστον
1442 1272 1675 1349 ἐπέθηκε
1703 1277 1769 1347 τῇ

190 1355 566 1429 πραγματείᾳ,
599 1358 679 1422 είς
726 1360 815 1413 τὸν
856 1359 982 1430 περὶ
1038 1361 1300 1431 Προνοίας
1342 1362 1503 1432 λόγον
1534 1365 1771 1438 καταλή-

187 1445 297 1512 ξας,
345 1447 446 1500 καὶ
496 1446 622 1503 νοῦν
658 1448 851 1521 ἔφορον
888 1453 981 1505 καὶ
1027 1451 1291 1522 πρύτανιν
1331 1455 1451 1518 ταῖς
1488 1454 1632 1510 κατά
1677 1457 1770 1511 τὸν

185 1536 295 1607 βίον
360 1538 628 1610 πράξεσιν
684 1543 1000 1615 ἐπιστήσας,
1058 1545 1173 1608 καὶ,
1233 1545 1503 1600 συνελόντι
1563 1547 1767 1618 φάναι,

183 1631 398 1686 ἅπαντα
450 1632 556 1703 τῆς
607 1634 816 1689 ἐκεῖθεν
864 1634 1174 1708 ἀναρτήσας
1211 1622 1537 1710 κηδεμονίας
1579 1657 1638 1693 τε
1670 1642 1768 1696 καὶ

1980 541 2084 632 τὴν
2111 543 2218 597 τῶν
2241 543 2428 617 ψυχῶν
2460 547 2798 619 προϋπαρξιν
2825 551 2970 622 ἥκει,
3005 552 3162 624 δῆλός
3190 555 3307 610 ἐστι
3360 559 3448 632 τὴς

1882 630 2164 696 Πλάτωνος
2218 635 2312 688 καὶ
2371 637 2688 711 Πυθαγόρου
2742 639 2899 705 δόξαν
2948 643 3206 713 εἰσάγων,
3251 640 3364 701 οἷόν
3405 630 3439 703 τ

1880 722 1973 774 καὶ
2018 723 2297 797 Ὠριγένης
2341 728 2649 797 ἐπεπόνθει,
2686 732 2780 785 καί
2825 752 2969 799 τινες
3013 736 3161 791 ἄλλοι
3197 737 3307 795 τῶν
3336 755 3442 796 κατ

1877 813 2052 868 ἐκεῖνο
2099 817 2290 890 καιροῦ
2323 820 2683 892 Χριστιανῶν,
2719 825 2892 891 ἄλλως
2922 845 2980 881 τε
3011 830 3119 883 τῶν
3147 831 3277 904 περὶ
3304 832 3445 903 φιλο-

1879 906 2069 976 σοφίαν
2095 909 2495 982 διατριϐόντων,
2528 914 2682 970 οὐπω
2720 917 2840 971 τότε
2886 919 2986 992 τῆς
3023 921 3289 994 αἱρέσεως
3314 924 3443 980 ταύ-

1875 1013 1976 1068 της
2000 998 2164 1087 κοινῷ
2195 1001 2423 1074 δόγματι
2451 1005 2551 1077 τῆς
2585 1007 2908 1081 Ἐκκλησίας
2942 1014 3443 1087 κατεψηφισμένης·

1880 1105 1901 1140 ι
2052 1086 2125 1146 ὧν
2155 1093 2248 1147 καὶ
2293 1095 2567 1152 δείκνυται
2603 1101 2632 1154 6
2672 1101 2959 1173 φιλόσοφος
2999 1101 3153 1172 οὗτος
3201 1109 3307 1180 πρὸ
3339 1086 3435 1164 τῶι

1873 1178 1967 1234 τοῦ
2001 1184 2370 1241 Ἰουστινιανοῦ
2400 1189 2606 1261 χρόνων
2646 1191 2944 1262 βεϐιωκὼς,
2976 1195 3090 1266 εἴγε
3124 1197 3216 1253 ἐπὶ
3246 1178 3441 1255 -τούτον

1874 1273 2089 1346 πρῶτον
2116 1277 2210 1332 τοῦ
2240 1278 2504 1351 βασιλέως
2532 1284 2589 1336 αί
2620 1284 2714 1339 τοῦ
2754 1286 3059 1358 Ὦριγένους
3093 1290 3270 1358 Θέσεις
3311 1311 3440 1349 κατ-

1873 1365 2285 1440 εψηφίσθησανσ,
2337 1373 2430 1426 ἐπὶ
2493 1373 2666 1447 τούτῳ
2739 1377 2819 1441 είς
2881 1378 2943 1433 τὸ
3001 1380 3293 1446 Βυζάντιον
3344 1386 3440 1458 τῆς

1871 1457 2130 1531 πέμπτης
2154 1463 2539 1537 οἱκουμενικῆς
2566 1468 2922 1542 συναχθείσης
2942 1473 3178 1528 συνόδου.
3208 1494 3226 1528 ι
3253 1457 3438 1546 Ἔδοξε

1868 1550 1926 1604 δέ
1968 1569 2057 1624 μοι
2094 1552 2156 1607 τὸ
2193 1553 2395 1625 βιόλίον
2426 1559 2507 1623 εἰς
2533 1559 2639 1633 ’τὴν
2678 1560 2788 1615 τῶν
2841 1564 3127 1637 Ῥωμαίων
3167 1567 3439 1626 διάλεκτον

1872 1645 2234 1718 μεταφράσαι,
2270 1646 2379 1703 τῶν
2412 1650 2728 1723 φιλομαθῶν
2766 1656 2924 1726 χάριν
2973 1656 3168 1731 διπλῆν
3216 1677 3440 1735 ποιησαι

178 1724 918 1825 διακοσμήσεωςᾷτοιοῦτος
968 1730 1065 1825 μὲν
1094 1730 1123 1783 6
1152 1730 1442 1825 Νεμέσιος,
1473 1732 1572 1803 οὐχ
1603 1727 1766 1806 ἦττον
1802 1797 1839 1825 D
1867 1735 2019 1809 μένῳ
2065 1737 2163 1811 τὴν
2212 1738 2442 1806 ἔκδοσιν,
2498 1744 2592 1798 καὶ
2640 1724 2799 1817 μηδέν
2820 1724 2919 1820 τὴν
2978 1724 3297 1825 Ἑλληνικὴν
3331 1724 3429 1810 ’ὐπ

174 1817 317 1919 τῆς-
348 1835 414 1872 τε
442 1797 449 1799 ἡ
494 1819 719 1890 μεθόδου
784 1819 893 1875 τῶν
967 1797 1337 1894 θεωρημάτων
1403 1824 1499 1879 καὶ
1539 1797 1763 1891 ’τάξεως
1801 1797 1840 1852 Β
1869 1797 2224 1903 ἀρχαιότητος
2248 1797 2523 1919 διαπεσεῖν
2550 1797 2959 1895 κινδυνεῦουόαν

177 1910 360 1963 αὐτῶν
424 1912 523 1965 καὶ
595 1913 925 1986 εὐκρινείας,
976 1914 1009 1984 ἢ
1062 1914 1163 1986 τῆς
1221 1916 1563 1989 πολυμαθίας
1611 1918 1762 1984 ἄξιος

174 1999 582 2073 θαυμάζεσθαι.
653 2003 905 2058 Φαίνεται
974 2003 1084 2078 γάρ
1135 2004 1299 2078 ὀλίγῳ
1372 2008 1760 2079 μεταγενέστεο

176 2111 268 2166 ρος
298 2095 551 2165 γεγονὼς
595 2097 706 2150 τῶν
757 2100 886 2171 περὶ
936 2097 1202 2170 Εὐνόμιον
1240 2099 1337 2154 καὶ
1389 2100 1760 2172 Ἀπολινάριον

170 2189 261 2243 τὸν
294 2189 478 2262 Σῦρον
528 2191 625 2244 καὶ
655 2191 930 2246 Βασίλειον
970 2192 1065 2247 καὶ
1106 2192 1402 2266 Γρηγόριον
1446 2194 1571 2259 τοὺς
1599 2195 1759 2249 Καπ-

170 2277 439 2349 παδόκας,
473 2284 565 2337 ὅτε
593 2283 687 2338 καὶ
716 2286 1069 2340 παντοδαπῶν
1093 2280 1162 2358 ἦν
1195 2286 1424 2356 εὐπορία
1469 2304 1752 2361 συγγραμο

171 2376 383 2446 μάτων,
444 2376 507 2429 αἴ
555 2393 617 2429 τε
665 2377 807 2431 κατά
862 2377 1175 2448 φιλοσοφίαν
1213 2378 1452 2450 αἱρέσεις
1498 2378 1578 2432 έτι
1629 2380 1757 2452 παρ’

170 2467 440 2538 Ἕλλησιν
467 2466 754 2531 ἐσώζοντο.
780 2461 878 2521 Ὧν
905 2468 1130 2540 οὐδεμιᾷ
1152 2468 1402 2538 φαίνεται
1450 2468 1755 2541 προσέχων,

165 2558 289 2613 οὔτε
326 2562 452 2621 ταῖς
482 2558 685 2629 ἑτέρων
720 2557 1119 2631 πιθανολογίαις
1163 2558 1447 2632 ἀγόμενος,
1478 2561 1755 2634 πανταχοῦ

164 2650 220 2706 δέ
248 2650 351 2723 τὴν
396 2650 658 2723 ἀλήθειαν
694 2652 992 2723 προτιμῶν,
1033 2653 1122 2705 ἐπ’
1151 2652 1334 2717 ἀδείας
1377 2655 1635 2725 πειρᾶται
1664 2672 1755 2724 φι-

163 2743 443 2814 λοσοφεῖν,
491 2744 562 2798 τὰ
619 2744 719 2815 μὲν
764 2743 1021 2815 ἐλέγχων,
1073 2746 1179 2817 ὃτι-η
1235 2746 1509 2817 παρείκοι,
1559 2748 1673 2811 τοῖς
1708 2746 1753 2800 δ’

164 2840 502 2908 ἑφιστάνων,
534 2836 600 2890 τὰ
642 2836 685 2889 δ’
718 2836 986 2909 ἐγκρίνων
1027 2836 1135 2890 τῶν
1174 2836 1478 2909 δογμάτων.
1508 2836 1754 2907 Γεγονὼς

164 2946 223 2983 τε
265 2928 371 3000 τὴν
418 2927 717 2999 θρησκείαν
769 2926 1109 2999 Χριστιανὸς,
1153 2928 1249 2981 καὶ
1290 2925 1459 2980 ταῦτα
1510 2926 1752 3000 Ἐμέσης

164 3020 305 3090 (ἔστι
328 3021 390 3074 δὲ
424 3022 460 3092 ἡ
494 3021 710 3091 Ἔμεσα
743 3019 896 3084 πόλις
920 3018 1192 3089 Φοινίκης)
1214 3018 1531 3087 ἐπίσκοπος,
1556 3011 1755 3075 πολλα-

162 3114 258 3187 χοῦ
278 3113 378 3168 τοῦ
410 3112 840 3185 συγγράμματος
866 3112 1120 3186 περὶτῶν
1142 3112 1479 3184 ἀρεσκόντων
1490 3111 1753 3185 Χριστια-

1867 1919 1952 1985 λις
1977 1920 2085 1993 γάρ
2112 1934 2241 1977 ποτε
2261 1915 2411 1979 δυσὶν
2445 1926 2765 2002 ἐνετύχομεν
2793 1915 3166 2005 ἀντιγράφοις.
3200 1941 3293 1994 καὶ
3323 1915 3436 1995 τού-

1865 2029 1978 2104 τοις
2019 2012 2331 2085 ἀνηκέστως
2373 2014 2785 2104 διεφθαρμένοις
2822 2023 2917 2076 καὶ
2949 2026 3159 2098 μυρίων
3188 2028 3425 2104 ἁμαρτη-

1869 2103 2053 2175 μάτων
2096 2105 2420 2178 γέμουσινί
2470 2103 2552 2174 οἷς
2607 2111 3023 2188 ἐπιμελέστερον
3070 2103 3436 2188 ἐπιϐαλόντες.

1864 2193 1961 2284 καὶ
2003 2192 2114 2284 τῶν
2147 2195 2211 2249 ἐν
2252 2195 2533 2269 ἑκατέροις
2585 2200 2993 2273 ἁμαρτημάτων
3044 2208 3110 2261 ἐκ
3151 2208 3261 2262 τῶν
3307 2215 3433 2284 παρ’

1862 2282 2145 2356 ἑκατέροις
2174 2285 2349 2357 ὀρθῶς
2379 2286 2521 2358 ἔχειν
2558 2288 2853 2347 δοκούντων
2878 2282 3434 2371 καταστοχασάμενοῄ

1862 2377 1973 2432 κάκ
1997 2376 2107 2432 τῶν
2150 2377 2375 2433 ἐνόντων
2405 2378 2907 2454 ἐπιδιορθώσαντες,
2934 2387 3255 2461 ὐγιεστέραν
3285 2393 3432 2465 παρά

1863 2470 1998 2524 πολύ
2025 2471 2124 2543 τῆς
2162 2472 2428 2544 προτέρας
2456 2473 2555 2547 τὴν
2599 2477 2980 2547 πραγματείαν
3021 2484 3428 2552 παρεσκευάσα-

1864 2578 1985 2633 μεν.
2026 2560 2084 2614 Ὀ
2119 2560 2302 2633 μέντοι
2331 2563 2522 2637 πρώην
2560 2564 2621 2620 τὸ
2647 2566 2848 2637 βιϐλίον
2874 2571 2954 2633 είς
2995 2570 3095 2643 τὴν
3147 2572 3429 2646 Ῥωμαίων

1859 2652 2136 2709 διάλεκτον
2183 2659 2526 2727 μετενεγκεῖν
2571 2659 2914 2732 ἐγχειρήσας,
2950 2661 3221 2734 Γεώργιος
3244 2667 3272 2719 6
3298 2666 3428 2722 Βάλο

1859 2747 1979 2821 λης,
2013 2750 2074 2802 οὐ
2108 2750 2305 2821 μᾶλλον
2334 2752 2678 2823 ἡρμήνευσεν
2705 2753 2737 2825 ἢ
2768 2753 2987 2825 συνέχεε
3012 2756 3105 2809 καὶ
3127 2757 3430 2830 κατῄσχυνε

1859 2839 1949 2893 τδν
1991 2840 2296 2911 φιλόσοφον,
2346 2842 2468 2896 καθ’
2517 2844 2754 2915 έκάστην
2807 2845 2991 2917 σχεδὸν
3038 2849 3282 2921 περίοδον
3332 2852 3430 2926 τῆς

1858 2931 1952 2986 τοῦ
1976 2933 2241 3003 Νεμεσίου
2277 2934 2512 2999 διανοίας
2545 2938 2893 3009 ἀποπίπτων,
2917 2937 3016 2995 κάν
3042 2943 3155 3006 τοῖς
3184 2958 3425 3017 κατημα-

1860 3019 2141 3094 ξευμένοις
2172 3023 2407 3078 τουτοισὶ
2445 3025 2554 3081 τῶν
2600 3025 2795 3092 λέξεων
2848 3029 3114 3106 σχήμασίν
3151 3033 3243 3088 ὐπ’
3282 3036 3429 3106 ἀμαυ

1859 3115 2009 3179 θείας
2056 3115 2278 3185 γελοίως
2330 3115 2703 3173 ἀπαλλάττων.
2772 3118 2836 3174 Ἦ
2897 3122 2996 3194 μὲν
3041 3119 3134 3179 οῦν
3188 3126 3428 3199 ἡμετέρα

46 4266 49 4269 λ
157 4208 288 4264 dum
325 4218 454 4261 esse
491 4217 600 4258 non
632 4201 887 4258 arbitror.
912 4200 1045 4256 Nam
1067 4201 1113 4257 si
1142 4199 1266 4272 quis
1285 4208 1393 4267 est,
1416 4200 1510 4269 qui
1534 4208 1746 4257 veteres

162 3212 273 3273 νοῖς
305 3194 450 3280 πρὸς
478 3206 607 3270 τοὺς
632 3204 954 3275 φιλοσόφους
981 3205 1325 3275 ἀγωνίζεται,
1357 3203 1752 3268 ἀποδεικτικῶς
1780 3194 1824 3222 *³
1856 3205 2059 3277 σπουδή
2116 3222 2177 3259 τε
2227 3207 2322 3259 καὶ
2381 3207 2698 3278 προαίρεσις
2747 3209 2885 3281 αὐτη
2920 3229 3022 3275 σοι,
3082 3194 3427 3287 λαμπρότατε

162 3302 309 3357 πάνυ
345 3300 446 3355 καὶ
480 3299 785 3370 φιλοσόφως
820 3299 920 3371 τὴν
965 3298 1088 3353 καθ’
1141 3299 1290 3370 ἡμᾶς
1335 3296 1600 3352 συνιστῶν
1631 3295 1751 3350 θεο-
1854 3296 2169 3370 Καρδινάλι.
2203 3297 2277 3352 Σὺ
2301 3297 2358 3350 δέ
2383 3297 2752 3372 ταύτηςήμᾶς
2783 3302 3200 3376 ἀποδεξάμενος,
3223 3308 3426 3373 δίκαιος

162 3394 377 3465 λογίαν,
416 3387 533 3448 οἷον
572 3393 751 3445 ἐκεῖνο
782 3391 843 3445 τὸ
876 3389 1133 3463 περὶτῆς
1172 3389 1308 3463 πρὸς
1331 3389 1424 3444 τὸν
1460 3388 1747 3460 ἄνθρωπον
1855 3386 1923 3443 ἂν
1970 3388 2086 3461 είης
2135 3387 2245 3443 τῶν
2281 3389 2379 3459 μὲν
2426 3390 2871 3462 κατωρθωμένων
2914 3396 3175 3463 ἐπαινεῖν,
3222 3398 3333 3453 τῶν
3370 3400 3426 3454 δὲ

163 3486 417 3550 ἐνῶσεως
429 3482 529 3539 τοῦ
549 3484 687 3538 Θεοῦ
703 3483 903 3553 Λόγου,
918 3483 977 3537 τὺ
998 3479 1236 3555 περὶτοῦ
1259 3481 1343 3552 ἐφ’
1366 3482 1519 3552 ἡμῖν,
1540 3479 1600 3533 τὸ
1621 3478 1751 3552 περὶ
1854 3481 2200 3553 παρειμένων
2240 3480 2568 3555 συγγνώμην
2613 3482 2775 3554 ἔχειν.
2809 3482 3077 3559 Ἔρῤωσο.
3126 3488 3220 3543 Ἐκ
3245 3490 3421 3543 Πατα-

162 3579 455 3651 Προνοίας.
500 3578 590 3632 Ἐν
625 3570 709 3642 οἷς
745 3575 951 3632 ἅπασιν
980 3573 1158 3649 ὀρθῶς
1204 3573 1451 3646 φαίνεται
1490 3570 1757 3641 θεολογῶν
1854 3570 1994 3642 δίου,
2028 3573 2216 3646 ,αφξδς
2247 3572 2714 3645 Μεταγειτνιῶνος
2746 3577 2914 3650 μηνὸς
2939 3578 3098 3654 τρίτῃ
3126 3580 3424 3652 φθίνοντος.

1263 3860 1555 3929 Nicasius
1611 3860 1981 3928 Ellebodt'us
2030 3862 2301 3951 lectoris

1843 4022 2152 4090 prodidere.
2185 4018 2322 4074 Nam
2371 4033 2544 4091 neque
2586 4019 2929 4091 pmstantins
2971 4036 3097 4081 esse
3125 4020 3420 4096 quidquam

1842 4112 2183 4184 philosophia
2207 4121 2406 4187 potest,
2439 4112 2639 4183 quippe
2666 4112 2820 4184 cujus
2842 4120 2897 4169 et
2923 4115 3209 4187 praeceptis
3238 4119 3418 4174 omnis

1843 4205 1952 4259 vita
1978 4204 2045 4259 ad
2079 4184 2420 4261 honestatem
2452 4202 2773 4275 laudemque
2800 4184 3203 4275 conformatur;
3238 4217 3293 4263 et
3326 4224 3411 4266 re-

156 4299 465 4369 scriptores
504 4310 539 4351 e
572 4294 1020 4350 bibliothecarum
1070 4293 1295 4349 latebris
1342 4292 1558 4348 evocari
1605 4299 1660 4347 et
1689 4292 1742 4347 iu
1843 4295 1980 4365 gulis
2007 4296 2244 4350 omnium
2277 4296 2475 4350 artium
2501 4305 2555 4351 et
2585 4296 2935 4352 scientiarum
2961 4300 3202 4357 rationes
3233 4301 3421 4358 nitun-

156 4398 447 4461 aspectum
485 4386 770 4456 lucemque
790 4384 1022 4455 proferri
1043 4382 1207 4452 nolit;
1235 4393 1331 4440 aut
1357 4398 1462 4440 non
1487 4397 1741 4451 magnum
1851 4397 1971 4454 tur;
2012 4396 2066 4442 et
2093 4402 2274 4443 sermo
2297 4386 2520 4443 Caecus
2548 4387 2689 4457 (ﬁeri
2718 4397 2923 4459 potest,
2953 4399 3012 4446 ut
3038 4392 3214 4457 fallar,
3240 4393 3421 4457 dicam

229 4025 369 4094 Quae
416 4034 508 4077 me
550 4020 690 4077 ratio
730 4020 798 4075 ad
844 4017 1080 4076 Nemesii
1128 4018 1421 4075 editionem
1456 4004 1743 4075 adhortata

158 4115 252 4177 it,
291 4112 501 4168 Lector
541 4109 766 4180 optime,
798 4108 1042 4179 pluribus
1072 4109 1203 4164 mihi
1236 4107 1416 4165 verbis
1463 4123 1746 4180 exponen-

46 4476 53 4481 ’
150 4482 361 4552 judicio
392 4494 496 4535 suo
523 4479 758 4534 fructum
785 4492 973 4533 eorum
1001 4476 1146 4533 laudi
1176 4476 1516 4532 tribuendum
1546 4476 1741 4534 existi-
1770 4504 1814 4559 υ
1844 4488 2020 4533 tamen
2087 4479 2229 4548 quod
2277 4480 2472 4547 sentio)
2507 4479 2763 4549 ejusmodi
2807 4490 2912 4547 est,
2946 4491 3007 4536 ut
3038 4482 3139 4537 hoc
3185 4498 3294 4539 uno
3317 4499 3414 4548 et,

155 4586 287 4639 met,
337 4587 578 4645 quorum
631 4570 910 4626 industriae
953 4568 1282 4626 curriculum
1322 4570 1374 4625 in
1411 4570 1516 4626 ltoc
1540 4585 1738 4641 genere
1843 4586 2007 4643 quam
2050 4570 2338 4639 probitatis
2370 4569 2684 4639 magistram
2716 4581 2773 4625 et
2816 4573 3057 4627 omnium
3085 4574 3284 4629 artium
3324 4590 3415 4632 re-

148 4668 467 4725 studiornm
511 4663 772 4727 elaboret,
823 4661 970 4728 huic,
1025 4677 1056 4717 a
1099 4660 1305 4729 judicio
1335 4672 1391 4717 et
1422 4661 1641 4717 omnino
1672 4662 1741 4718 ab
1842 4662 2021 4732 gulam
2048 4662 2305 4730 diximus,
2332 4662 2667 4733 philosophia
2697 4676 2756 4718 se
2784 4663 3099 4720 mortalibus
3123 4666 3412 4736 explicari,

153 4760 503 4819 humanitate
536 4755 817 4821 derelicto,
848 4755 1068 4810 studere
1101 4754 1333 4823 probare
1368 4768 1427 4809 se
1456 4768 1613 4808 nemo
1641 4753 1739 4810 de-
1841 4756 1908 4810 ad
1946 4769 2269 4827 omnemque
2302 4755 2671 4824 posteritatem
2724 4758 3013 4812 transmitti
3051 4757 3209 4835 velit;
3245 4770 3412 4815 caete-

150 4853 265 4912 bet.
315 4851 416 4907 Sin
470 4850 772 4920 producere
806 4856 1044 4903 veterum
1084 4845 1417 4900 eruditorum
1464 4844 1652 4912 libros,
1685 4853 1742 4901 et
1841 4862 2022 4903 rarum
2056 4848 2297 4919 gentium
2334 4847 2532 4919 linguis
2565 4849 2787 4904 tractari
2837 4849 2994 4911 nolit,
3030 4851 3410 4904 vehementer-

149 4948 218 5004 ad
238 4945 515 5008 omnium,
541 4943 634 5013 qui
661 4941 855 4995 litteris
881 4938 1173 5001 ducuntur,
1202 4936 1565 5008 cognitionem
1605 4953 1734 5006 pro-
1838 4955 1945 5011 que
1976 4949 2207 4997 recuset.
2241 4939 2358 4996 Hoc
2386 4940 2440 4995 in
2486 4955 2684 5011 genere
2728 4954 2852 4995 cum
2886 4942 3128 4996 viderem
3154 4954 3274 4996 esse
3300 4939 3411 4997 Ne.

148 5052 357 5110 pagare
391 5045 603 5090 rectum
649 5031 898 5102 inprimis
928 5038 984 5085 et
1041 5028 1349 5099 reipublicae
1400 5027 1733 5084 fructuosum
1839 5032 2089 5098 mesium,
2121 5033 2210 5103 qui
2239 5032 2430 5091 Grmce
2459 5034 2526 5088 de
2554 5033 2820 5104 praecipua
2852 5047 2919 5088 ac
2943 5034 3253 5089 necessaria
3286 5035 3413 5103 phi~

149 5143 344 5188 otunes
365 5126 632 5198 judicaut,
666 5124 874 5179 scilicet
899 5120 1179 5177 verbosius
1200 5121 1734 5175 commemorandum

149 5225 284 5279 mihi
321 5235 432 5276 non
464 5228 570 5283 est,
603 5231 702 5271 cur
723 5231 842 5270 eam
873 5230 983 5270 rem
1008 5213 1363 5282 susceperim,
1396 5213 1448 5266 in
1481 5228 1584 5281 qua
1611 5228 1736 5267 ver-

148 5317 257 5373 sari
296 5311 617 5385 praeclarum
657 5324 799 5375 esse,
834 5318 888 5363 et
925 5308 1198 5362 hominum
1232 5306 1356 5360 vita:
1389 5305 1737 5361 vehementer

149 5408 302 5474 utile,
341 5406 486 5460 inter
517 5417 706 5458 omnes
738 5408 974 5457 constat.
1028 5399 1348 5468 Quanquam
1383 5412 1482 5467 ego
1513 5397 1733 5469 quidem

148 5514 269 5553 cunt
315 5495 561 5553 omnium
600 5494 878 5549 docturqu
914 5502 1282 5559 monumenta,
1323 5506 1554 5561 quorum
1591 5487 1733 5543 dun-

148 5571 489 5648 taxat'mtas
545 5589 617 5644 ab
654 5598 837 5644 nostra
892 5587 1150 5642 memoria
1200 5587 1418 5658 longius
1472 5584 1727 5650 abfuerit,

145 5689 249 5742 emi
289 5698 347 5741 et
393 5683 654 5739 illustrari
713 5681 861 5745 volo;
903 5689 1016 5735 tum
1058 5695 1187 5736 vero
1232 5695 1419 5735 eorum
1476 5676 1731 5743 maxime,

146 5778 235 5850 qui
266 5776 339 5833 de
368 5773 707 5849 philosophia
743 5782 795 5827 et
821 5772 1040 5844 quidem
1064 5769 1268 5828 Grmcis
1296 5771 1489 5828 litteris
1528 5768 1728 5840 aliquid

1838 5121 2099 5190 losophiae
2132 5131 2305 5193 parte,
2341 5132 2395 5177 et
2433 5137 2554 5192 qua:
2597 5121 2813 5192 proprie
2865 5123 2932 5178 ad
2981 5138 3080 5179 nos
3116 5124 3409 5194 pertineat,

1839 5212 1942 5267 hoc
1965 5224 2071 5279 est,
2109 5214 2175 5268 de
2205 5224 2393 5268 natura
2419 5214 2675 5281 hominis,
2711 5225 2856 5284 apte,
2889 5215 3144 5280 dilucide,
3172 5219 3406 5282 erudite,

1836 5313 1912 5369 et,
1939 5306 1990 5359 in
2033 5319 2141 5374 quo
2166 5304 2285 5375 plus
2310 5315 2392 5360 est
2417 5305 2672 5374 positum,
2699 5321 2860 5377 quam
2892 5307 2946 5361 in
2975 5308 3184 5365 caeteris
3222 5308 3403 5364 omni-

1836 5396 1955 5463 bus,
1984 5396 2069 5465 pie
2094 5396 2344 5463 disserat,
2372 5396 2491 5453 dedi
2513 5411 2753 5466 operam,
2787 5408 2845 5451 ut
2873 5406 2927 5455 et
2954 5396 3199 5454 Gnaeum
3224 5415 3407 5455 exent-

1835 5488 1953 5559 plar
1997 5490 2236 5559 prodiret
2279 5489 2332 5544 in
2380 5488 2681 5559 publicum,
2728 5491 2872 5561 quod
2930 5491 3200 5547 sexcentis
3248 5490 3406 5556 locis,

1835 5582 1935 5635 ctsi
1967 5580 2021 5635 in
2059 5589 2170 5635 tam
2216 5594 2384 5649 parvo
2415 5594 2582 5651 opere
2614 5582 2872 5638 credibile
2897 5583 2985 5637 vix
3025 5592 3129 5650 est,
3184 5582 3407 5641 mirabi-

1834 5674 1958 5728 liter
2004 5675 2211 5729 tneudis
2258 5674 2593 5744 inquinatum
2631 5678 2857 5730 duorum
2893 5685 3225 5734 vetustorum
3256 5676 3403 5730 codi-

1832 5782 1955 5823 cum
2006 5781 2109 5838 ope
2155 5770 2572 5839 expurgavimus
2601 5788 2614 5823 :
2647 5776 2699 5825 et
2734 5766 2926 5823 Latina
2981 5782 3190 5839 quoque
3224 5769 3401 5823 inster-
