3828 6310
367 330 473 389 495

1396 313 1747 374 NEMESIUS
1763 371 1766 374 .
1784 310 2165 372 EPISCOPUS
2206 307 2602 368 EMESENUS.

3543 303 3659 360 4-96

368 449 622 522 pretatio,
654 461 763 519 quo
792 443 1038 502 omnium
1073 437 1442 510 intelligentim
1469 436 1828 497 serviremus.
1857 431 1952 487 ad-
1981 439 2028 496 Α
2055 443 2217 500 quam
2247 429 2474 500 probari
2520 425 2618 482 tibi
2654 424 2837 498 cupio,
2884 425 3109 485 nescire
3136 430 3188 480 te
3223 421 3392 478 nolui.
3426 418 3505 476 De
3538 434 3659 470 rar-

367 537 874 613 juugcretur.~llu:c
925 549 1093 609 pauca
1132 534 1200 590 de
1231 530 1461 587 consilio
1499 544 1620 584 meo
1669 535 1724 582 et
1763 539 1956 596 opera.

2069 523 2218 589 teris,
2273 537 2394 580 cum
2421 524 2590 593 leges,
2613 536 2713 593 pro
2733 521 2962 576 arbitrio
2985 531 3077 577 tuo
3109 515 3470 576 existimabis.
3496 508 3657 568 Vale.

1608 777 1680 840 C.
1724 774 2063 840 Plautinus
2101 777 2324 840 lectori
2367 796 2420 837 s.

442 909 558 964 Non
609 904 854 961 inutilem
920 902 1179 959 studiosis
1229 900 1400 962 viris,
1471 911 1647 968 neque
1694 897 1961 966 ingratam

374 1017 488 1058 rem
522 999 762 1056 facturus
794 996 927 1052 mihi
951 995 1195 1059 videbar,
1223 992 1292 1057 si,
1321 991 1448 1062 quia
1484 987 1794 1044 Nemesiuin
1821 1003 1966 1043 nunc

380 1097 620 1165 primum
675 1093 728 1147 in
783 1090 961 1144 lucem
1015 1086 1401 1158 producimus,
1458 1080 1683 1152 paucula
1732 1079 1799 1136 de
1848 1080 1966 1150 ipso

376 1185 626 1241 Nemesio
646 1182 931 1250 adderem;
966 1195 1070 1234 non
1099 1176 1326 1233 utilium
1366 1175 1603 1237 laudem,
1646 1187 1768 1226 nam
1821 1172 1964 1225 bona

383 1292 558 1343 merx,
605 1285 664 1329 ut
710 1274 930 1340 dicitur,
975 1286 1226 1344 praicone
1274 1285 1380 1325 non
1425 1278 1588 1341 eget:
1621 1266 1747 1337 quid
1783 1275 1965 1320 autem

380 1368 486 1424 hoc
520 1366 914 1423 commentario
946 1364 998 1418 in
1034 1363 1198 1418 simili
1246 1367 1570 1430 argumento
1593 1365 1774 1412 exstat
1805 1369 1967 1410 aecu-

380 1461 595 1516 ratius?
631 1459 748 1520 sed,
789 1468 848 1512 ut
893 1457 1016 1527 quis
1054 1455 1142 1510 ille
1183 1452 1402 1508 tandem
1454 1449 1638 1514 fuerit,
1676 1447 1847 1502 verbo
1879 1446 1964 1500 iu-

389 1556 592 1610 dicem.
640 1550 1025 1621 Philosophum
1075 1549 1238 1620 igitur
1296 1546 1464 1600 fuisse
1513 1551 1568 1598 et
1619 1541 1971 1610 episcopum,

392 1647 533 1701 liber
577 1645 802 1714 ejusque
847 1643 1007 1697 iudex
1059 1648 1363 1694 testantur:
1397 1645 1452 1691 et
1489 1648 1557 1690 ex
1601 1631 1828 1702 epistola
1872 1629 1978 1684 hac

389 1736 722 1794 Nazianzeni
751 1734 849 1804 (η),
888 1748 1047 1804 quam
1075 1732 1162 1786 hic
1185 1730 1349 1786 etiam
1382 1725 1739 1798 adjiciendam
1769 1720 1976 1794 putavi,

459 1876 536 1958 (ιε)
576 1834 819 1958 Epistula
865 1868 1535 1958 9'980'“,_99E193.‘195¥
1561 1859 1971 1958 illiilli

561 1932 839 2020 φόρτικός.
874 1943 947 1997 Ea
974 1932 1102 1997 vero
1125 1942 1197 1995 ita
1222 1932 1535 2008 comparata
1564 1932 1685 2000 est,
1703 1943 1760 1986 ut
1788 1932 1977 1987 eodem

383 2061 1436 2088 Μ

2069 899 2228 953 facile
2291 897 2651 967 intelligitur,
2713 898 2930 963 «plantae
2982 886 3150 944 fuerit
3194 881 3535 940 auctoritatis
3589 897 3665 939 ac

2065 991 2300 1046 nominis
2363 988 2737 1060 philosophus.
2799 984 2875 1040 Ex
2924 983 3113 1038 eadem
3166 978 3513 1049 perspicuum
3547 987 3664 1039 esr,

2064 1101 2188 1142 eum
2232 1083 2482 1139 ﬂoruisse
2535 1082 2862 1150 imperatore
2904 1075 3168 1131 Gratiano
3218 1086 3283 1129 ac
3324 1068 3666 1132 Theodosio,

2066 1197 2174 1254 quo
2245 1193 2487 1251 tempore
2555 1177 2819 1232 Maximus
2885 1171 3047 1228 etiam
3116 1166 3494 1237 philosophus,
3566 1161 3668 1215 Li-

2069 1275 2312 1340 baoius,
2380 1269 2658 1335 Basilius,
2729 1265 2993 1335 multique
3065 1260 3152 1315 alii
3218 1254 3665 1330 praestantissimi

2066 1365 2168 1421 viri
2220 1365 2494 1420 vivebant.
2546 1359 2794 1416 Meminit
2852 1357 2965 1426 ipsc
2989 1349 3239 1422 Origeuis
3267 1361 3324 1404 et
3355 1343 3668 1417 Apoliuarii

2070 1475 2206 1531 quos
2249 1458 2566 1513 adolescens
2619 1452 2818 1506 vidisse
2875 1449 3107 1503 fortasse
3162 1442 3356 1514 potuit.
3413 1439 3487 1492 De
3541 1438 3670 1490 loco

2072 1552 2378 1624 ἐπισκοπῆς
2452 1547 2585 1605 nihil
2655 1544 2916 1613 comperi.
2982 1539 3137 1595 Nune
3213 1537 3281 1592 ad
3349 1532 3668 1606 epistolam.

2080 1648 2228 1703 Vale.

2080 1856 2200 1924 jure
2241 1851 2308 1905 ad
2343 1847 2599 1924 quemvis
2654 1845 2818 1899 alium
2871 1840 3182 1920 Nemesiurn
3216 1834 3440 1920 isrripta
3494 1830 3674 1887 videri

2090 1909 2275 1995 possit.
2315 1909 2574 1975 Consulto
2605 1933 2733 1987 ergo
2757 1931 2877 1969 eam
2911 1909 3375 1982 prmteruiisimus.

1435 2020 3666 2076 Ν

860 2201 1506 2302 PIUEFATIO
1581 2195 2168 2292 EDITORIS
2238 2187 3000 2288 OXONIENSIS
3069 2167 3154 2250 (α)

461 2545 755 2599 Auctorem
793 2540 881 2595 hic
923 2538 1114 2594 damus
1155 2543 1417 2598 veterem,
1464 2530 1757 2595 eruditum,
1811 2528 1978 2597 pium,
2016 2532 2056 2590 Β
2093 2525 2280 2581 scrtim
2313 2523 2452 2592 apud
2486 2519 2761 2583 librarios,
2805 2517 2895 2588 qui
2939 2517 2988 2570 id
3023 2531 3234 2586 semper
3259 2523 3444 2584 agunt,
3480 2526 3535 2571 ut
3574 2531 3681 2571 no-

391 2638 484 2708 qui
521 2637 585 2702 in
632 2635 809 2704 Lyzco
849 2631 1054 2701 pariter
1083 2639 1138 2686 et
1167 2628 1414 2684 Ecclesia
1443 2624 1772 2680 dictaturam
1818 2634 1978 2675 εχει-ο

394 2731 546 2797 cuit;
583 2738 792 2782 natura-
833 2724 987 2794 juxta
1033 2733 1087 2778 et
1126 2721 1344 2793 pietatis
1373 2721 1624 2784 antistes,
1656 2717 1711 2771 in
1740 2713 1981 2789 philoso-

395 2819 537 2890 phia:
577 2814 849 2886 mysteriis
885 2823 1104 2882 epopta,
1159 2810 1280 2865 lidci
1322 2808 1628 2878 episcopus.
1663 2804 1770 2860 Sed
1800 2803 1982 2858 nescio

397 2925 505 2980 quo
557 2907 689 2967 fato,
744 2907 993 2960 humanae
1041 2903 1235 2957 animat
1284 2900 1416 2966 ritu,
1464 2913 1630 2970 quam
1676 2894 1984 2950 felicissime

399 3004 642 3055 enarrat.
678 2993 882 3063 reliqua
918 3001 1108 3047 cuncta
1143 2992 1267 3045 dum
1299 2988 1548 3059 intelligit
1577 2995 1630 3042 et
1665 2995 1980 3056 perscruta—

401 3101 509 3151 tur,
557 3087 690 3141 latet
724 3085 859 3155 ipse,
909 3097 1007 3138 nec
1047 3083 1183 3138 satis
1231 3081 1589 3154 dignoscitur.
1639 3076 1986 3134 Dissimulato

399 3185 518 3252 eius
547 3196 643 3252 per
673 3193 832 3251 quem
877 3176 1171 3247 plurimum
1203 3175 1544 3246 profecerunt
1573 3171 1810 3235 nomine,
1846 3168 1986 3224 cele-

408 3279 533 3339 bres
559 3275 762 3344 aliquot
790 3272 954 3342 prisci
998 3270 1098 3327 sivi
1143 3270 1460 3339 scriptorcs,
1504 3264 1750 3320 Julianus
1789 3261 1984 3316 Pome-

407 3373 534 3426 srius
574 3370 672 3440 (ὁ),
699 3366 856 3437 Joan.
903 3364 1294 3428 Damasceuus,
1331 3360 1474 3416 Elius
1499 3358 1796 3424 Cretensis,
1828 3355 1988 3410 Mele-

418 3467 546 3528 tius,
573 3438 819 3516 Eretrius
845 3458 939 3533 (c),
972 3473 1078 3512 non
1113 3455 1274 3510 modo
1305 3451 1554 3523 periodos
1575 3451 1854 3522 plurimas,
1891 3438 2017 3504 sed~

402 3557 605 3614 solidas
632 3553 856 3623 paginas
895 3551 1235 3618 schedasque
1274 3545 1641 3600 voluminibus
1683 3543 1800 3597 suis
1844 3539 1989 3594 inse-

405 3662 580 3701 ruere.
618 3645 756 3713 Quin
793 3644 994 3698 leviora
1039 3641 1152 3695 haec
1198 3623 1447 3702 iuerint;
1480 3650 1576 3706 per
1605 3621 1756 3704 plura
1792 3633 1987 3688 saecula

409 3757 547 3811 opus
593 3739 864 3809 integrum
893 3734 1048 3790 titulo
1084 3746 1240 3789 tenus
1279 3731 1644 3796 immutatum,
1675 3739 1727 3784 et
1757 3726 1990 3798 philoso-

407 3834 548 3900 ιιιιίξὲ
604 3829 778 3899 elogio
830 3836 1070 3894 auctum,
1103 3825 1369 3897 Gregorio
1421 3821 1688 3887 accessit;
1747 3830 1801 3874 et
1850 3818 1991 3872 inter

2087 2617 2329 2673 minibus
2374 2611 2822 2671 celebratissimis
2860 2623 3070 2663 merces
3099 2622 3224 2662 suas
3269 2607 3683 2675 connueudeut,

2087 2709 2370 2765 Nemesius
2403 2705 2546 2762 illico
2576 2706 2628 2759 in
2677 2702 2998 2774 Gregorium
3043 2701 3280 2761 transiit,
3319 2710 3372 2755 et
3397 2699 3685 2770 Nysseuus

2081 2785 2141 2856 in
2171 2801 2497 2856 Emesenum
2527 2797 2958 2867 permutabatur.

2162 2891 2230 2947 Ut
2278 2890 2449 2944 verbo
2483 2889 2688 2952 dicam,
2731 2902 3044 2957 quanquam
3093 2885 3183 2939 vix
3230 2885 3518 2956 quisquam
3569 2893 3686 2947 est,

2087 2983 2242 3054 cujus
2291 2981 2452 3038 ellata
2503 2980 2687 3051 plures
2739 2980 2969 3035 subinde
3019 2978 3190 3033 citant
3232 2988 3286 3034 et
3339 2986 3685 3043 mutuantur,

2094 3077 2282 3133 videre
2321 3075 2558 3130 nondum
2595 3073 2821 3141 contigit
2855 3086 2917 3125 ex
2954 3071 3228 3125 veteribus
3255 3068 3514 3139 aliquem,
3540 3084 3690 3138 pra:-

2089 3178 2175 3226 ιοι·
2216 3168 2563 3225 Auastasium
2606 3163 2883 3221 Nicmnum
2929 3164 2980 3216 in
3021 3160 3221 3227 Quaest.
3256 3161 3308 3214 in
3345 3159 3409 3215 S.
3449 3158 3686 3223 Script,

2090 3275 2146 3323 et
2189 3263 2378 3320 Mosen
2429 3259 2797 3329 Bar-Cephain
2846 3257 2898 3311 in
2947 3255 3087 3309 libro
3141 3252 3216 3308 De
3266 3252 3538 3322 paradiso,
3584 3254 3688 3320 qui

2098 3359 2275 3430 ipsum
2327 3355 2648 3412 nominatim
2713 3350 3034 3405 laudaverit.
3109 3346 3388 3414 Snperiori
3456 3345 3688 3416 quidem

2088 3451 2309 3517 saeculo,
2339 3463 2460 3504 cum
2489 3446 2695 3503 Graeca:
2728 3442 2924 3498 litterae
2969 3439 3126 3512 pulsa
3160 3438 3412 3494 barbarie
3451 3437 3690 3508 Europa;

2091 3541 2428 3614 postliminio
2472 3539 2847 3600 redderentur,
2896 3533 3058 3589 Valla:
3112 3542 3168 3588 et
3232 3531 3493 3587 Ellebodii
3533 3532 3686 3588 indi-

2089 3636 2213 3700 ciis,
2257 3642 2313 3689 et
2352 3648 2484 3688 mss.
2526 3631 2883 3701 plurimorum
2909 3625 3192 3697 siiﬂragio,
3223 3624 3480 3696 appositis
3514 3625 3689 3681 etiam

2091 3727 2410 3783 criticorum
2459 3723 2709 3786 calculis,
2767 3722 2858 3776 diu
2907 3735 3202 3791 Oppressus
3272 3718 3557 3774 Nemesius
3630 3717 3688 3771 in

2091 3821 2362 3891 integrum
2411 3818 2816 3874 restituebatur.
2866 3815 3004 3884 Quin
3049 3823 3103 3869 et
3135 3812 3283 3868 card.
3319 3809 3693 3867 Beliarminus

412 3923 666 3978 l‘raasulis
705 3920 934 3992 Nysseni
974 3919 1175 3988 scripta
1208 3917 1404 3988 passim
1433 3911 1821 3984 evulgabatur:
1849 3908 1993 3981 quod
2021 3904 2063 3962 C
2101 3914 2178 3969 De
2217 3913 2400 3983 script.
2437 3910 2622 3967 ercles.
2655 3911 2720 3964 ad
2749 3925 2947 3964 annum
2979 3907 3104 3972 “500,
3141 3918 3272 3973 etc,,
3300 3906 3691 3962 observatione

407 4019 483 4071 ita
523 4016 748 4078 factum,
785 4024 847 4067 ut
888 4011 1183 4079 Gregorius
1226 4008 1484 4076 deinceps
1525 4005 1666 4076 apud
1710 4003 1993 4073 plerosque

407 4115 517 4154 non
563 4099 840 4170 Nyssenus
883 4095 1048 4162 ultra,
1085 4094 1179 4149 sed
1210 4091 1512 4148 Emesenus
1541 4090 1787 4170 audiret;
1836 4089 1988 4158 quasi

407 4197 509 4247 ista
554 4189 894 4261 cognominis
939 4185 1338 4256 permutatione
1377 4199 1500 4239 cum
1549 4166 1737 4238 nostro
1777 4180 1992 4237 decide-

410 4294 597 4346 retur,
649 4291 704 4337 et
769 4283 836 4336 de
888 4279 1046 4349 plagii
1101 4277 1295 4346 injuria
1351 4275 1660 4332 satisfieret.
1711 4273 1788 4329 Ita
1843 4272 1988 4327 enim

391 4376 733 4444 Gregorium
783 4373 1111 4443 appellatum
1157 4383 1301 4433 esse,
1351 4378 1565 4425 constat
1611 4383 1715 4424 non
1767 4365 1927 4421 modo
1962 4379 1994 4419 e

409 4466 693 4522 Trithemii
737 4466 830 4520 lib.
875 4465 949 4518 De
989 4465 1218 4532 imagine
1266 4471 1315 4518 et
1369 4461 1670 4516 conditione
1726 4459 1991 4524 hominis;

409 4557 637 4614 Honorii
687 4558 781 4612 lib.
821 4557 898 4612 De
937 4556 1302 4611 ecclesiasticis
1339 4555 1727 4625 scriptoribus;
1759 4553 1990 4608 Vincen-

417 4655 494 4707 tio
536 4651 588 4706 in
623 4650 776 4719 Spec.
817 4650 942 4706 hist.
988 4649 1082 4703 lib.
1115 4663 1226 4710 xuv,
1263 4665 1312 4702 c.
1342 4647 1446 4714 28;
1480 4645 1716 4702 Bostono
1746 4643 1992 4700 Buriensi

413 4748 467 4800 iu
511 4762 611 4800 suo
653 4744 866 4809 Catal.;
909 4741 1217 4798 Leunclavii
1259 4741 1544 4795 Pandectis
1583 4739 1724 4795 Hist.
1758 4738 1992 4806 Turcic.,

412 4843 507 4895 sed
538 4841 702 4896 etiam
738 4836 1012 4892 nonnullis
1053 4835 1366 4904 Hieronymi
1397 4832 1676 4888 codicibus
1715 4831 1856 4903 typis
1899 4832 1998 4886 im-

414 4932 644 5004 pressis,
687 4941 743 4984 et
787 4929 1060 5000 plerisque
1088 4944 1218 4983 mss.
1255 4926 1463 4982 Revera
1497 4935 1784 4980 tractatuum
1829 4926 1997 4980 edidit

415 5025 486 5079 lii.
519 5023 699 5078 Basilii
732 5024 901 5077 frater
929 5021 1225 5092 Nyssenus,
1259 5019 1338 5073 De
1366 5019 1577 5088 api/icio
1625 5020 1876 5083 Iwminis,
1902 5018 1994 5088 qui

415 5131 539 5172 cum
578 5117 718 5170 idem
762 5115 1039 5170 videretur
1085 5128 1208 5168 cum
1263 5112 1364 5168 hoc
1408 5121 1616 5175 nostro,
1662 5111 1752 5181 qui
1795 5111 1870 5165 De
1900 5127 1997 5164 na-

420 5217 541 5260 tura
574 5208 802 5261 hominis
833 5205 1149 5262 inscribitur
1174 5245 1191 5271 ,
1223 5205 1628 5275 promptissimo
1660 5203 1832 5272 lapsu,
1864 5219 1997 5273 pra:-

2101 4007 2260 4062 tertia
2290 4007 2346 4059 in
2370 4003 2681 4074 Gregorium
2719 4003 3019 4058 ait:libros
3060 4011 3176 4056 octo
3227 4000 3301 4056 De
3339 3998 3692 4068 philosophia

2101 4116 2204 4154 non
2231 4098 2400 4165 videri
2439 4112 2550 4152 esse
2589 4095 2650 4151 S.
2689 4093 2930 4165 Gregorii
2980 4093 3231 4165 Nysseui,
3279 4092 3547 4148 rationem
3583 4093 3692 4147 ad-

2100 4195 2258 4258 dens,
2291 4192 2426 4245 satis
2482 4187 2690 4242 iutilem
2723 4188 2868 4242 illam
2904 4187 3144 4257 quidem,
3172 4185 3291 4241 scil.
3323 4183 3477 4251 Quod
3509 4185 3563 4238 in
3588 4183 3690 4243 lib.

2098 4283 2326 4338 secundo
2365 4283 2511 4336 docet
2551 4282 2786 4334 animum
2840 4296 2944 4334 non
2985 4279 3156 4336 creari
3202 4279 3256 4334 in
3305 4292 3546 4347 corpore,
3591 4277 3690 4332 sed

2090 4387 2220 4430 ante
2239 4390 2428 4442 corpus
2467 4373 2628 4443 fuisse
2667 4383 2934 4438 creatam;
2979 4371 3069 4436 qui
3109 4381 3182 4425 est
3227 4385 3375 4424 error
3406 4368 3684 4440 Origenis.

2097 4467 2264 4536 Quasi
2309 4483 2437 4524 vero
2479 4482 2584 4522 non
2636 4466 2736 4521 sub
2782 4466 2974 4522 eadem
3007 4465 3206 4520 invidia
3246 4463 3516 4518 laboraret
3551 4461 3690 4534 Nyso

2099 4577 2283 4628 senus,
2308 4561 2463 4633 cujus
2494 4561 2693 4631 scripta
2721 4560 2790 4616 ab
2813 4559 3138 4630 Origenistis
3164 4559 3486 4628 interpolata
3514 4558 3687 4613 fuisse

2097 4664 2290 4711 auctor
2318 4664 2402 4710 est
2445 4652 2814 4724 Nicephorus;
2859 4653 2977 4708 .iino
3008 4652 3146 4708 adeo
3187 4652 3404 4721 penitus
3438 4647 3691 4723 Nysseno

2099 4747 2384 4802 calumniae
2421 4746 2571 4802 labes
2612 4747 2715 4802 ista
2767 4745 3018 4810 adhazsit,
3052 4752 3110 4799 ut
3147 4742 3422 4799 Germano
3457 4744 3691 4812 patriar.

2097 4841 2215 4895 clue
2258 4854 2476 4895 neoeSse
2497 4852 2641 4896 esset
2675 4839 2870 4894 librum
2922 4838 3193 4909 integrum
3226 4836 3596 4898 conscribere,
3632 4848 3689 4891 ut

2099 4930 2276 4998 ipsum
2311 4945 2376 4984 ea
2411 4929 2477 4984 de
2540 4943 2599 4984 re
2655 4935 2983 4994 excusaret;
3021 4927 3164 4996 quod
3212 4924 3399 4980 videre
3440 4932 3526 4978 est
3572 4934 3685 4977 tum

2097 5022 2250 5086 alibi,
2279 5031 2392 5075 tum
2424 5021 2475 5075 iu
2501 5019 2676 5076 Photii
2704 5018 3048 5090 Myriobiblo.
3078 5019 3146 5073 At
3172 5031 3304 5072 vero
3329 5015 3375 5070 si
3408 5014 3532 5070 libri
3563 5025 3688 5069 octo

2095 5113 2175 5168 De
2211 5113 2546 5187 philosophia
2590 5127 2696 5168 non
2744 5122 2870 5166 sunt
2900 5111 3170 5182 Gregorii,
3217 5111 3360 5165 hanc
3393 5107 3589 5164 saltem
3618 5110 3686 5162 ob

2093 5219 2334 5268 causam,
2364 5204 2506 5274 quod
2534 5203 2691 5260 docet
2717 5202 2955 5257 animam
2991 5218 3096 5258 non
3134 5201 3309 5258 creari
3343 5200 3397 5256 in
3428 5215 3686 5269 corpore,

489 5363 564 5443 (_a)
599 5362 877 5443 Fabricius
921 5361 976 5443 in
1025 5359 1354 5443 Bibliotheca
1395 5357 1490 5414 Gr.
1537 5359 1672 5443 vol;
1700 5359 1810 5443 illi,
1859 5376 1980 5443 pag.
2018 5365 2062 5421 ι)
2096 5369 2259 5442 catur
2290 5360 2559 5443 expiscari
2607 5374 2712 5443 n_o_n
2757 5357 3074 5443 potui,ﬂetsi
3120 5356 3269 5440 plura
3301 5354 3430 5409 Elia:
3457 5355 3686 5443 scripta,

417 5429 555 5498 55H,
595 5434 910 5504 arbitratur,
959 5433 1102 5504 hunc
1133 5430 1588 5504 luisse_.loanuetn
1632 5429 1984 5502 Fellutu,’qui

418 5500 950 5575 posteacreatusest
978 5501 1262 5575 episcopus
1283 5500 1626 5575 Oajouiensis.

491 5577 566 5646 (ὑ)
603 5572 807 5646 Juliani
854 5570 1090 5646 Pomerii
1132 5575 1298 5646 libros
1330 5572 1519 5646 _habeo
1544 5574 1617 5646 _iu
1662 5570 1988 5646 Bibliotheca

420 5641 668 5700 Patrum.
710 5643 980 5699 Meletium
1035 5641 1554 5713 beuelicio_Dangeri
1601 5643 1782 5713 accepi
1814 5657 1878 5697 ex
1907 5645 1990 5698 bi-

421 5717 690 5774 bliotheca
751 5713 1243 5785 Guelpherhytana.
1303 5710 1388 5785 liis
1443 5710 1635 5785 neutro
1693 5710 1988 5785 quidquam

421 5785 646 5858 proieci.
680 5787 752 5840 De
778 5782 1089 5856 qroautett’t
1128 5784 1269 5838 libro
1311 5782 1439 5837 Elia:
1465 5782 1741 5841 Cretensis
1775 5782 1862 5841 me
1901 5787 1985 5842 di-

2095 5446 2218 5514 qua;
2247 5430 2298 5484 in
2328 5428 2605 5486 codicibus
2634 5428 3046 5500 Mosqueusibus
3075 5428 3440 5500 reperiuntur,
3476 5433 3685 5481 tracta-

2100 5517 2120 5552 \
2279 5545 2290 5556 .

2132 5517 2530 5643 el(1’)“Eretrius
2581 5587 2776 5626 nomen
2825 5579 2910 5626 est
2961 5569 3179 5641 gentile,
3240 5581 3349 5643 non
3402 5568 3684 5643 proprium

2100 5637 2234 5699 viri.
2275 5644 2412 5700 Puto
2451 5660 2582 5711 ergo
2610 5637 2994 5713 corrigendum
3033 5655 3157 5697 esse
3190 5657 3213 5713 :_
3239 5637 3483 5713 Mcleiius
3520 5643 3683 5713 Latro-

2103 5715 2370 5784 sophista,
2412 5708 2734 5784 qui’liliruiu
2764 5708 2842 5766 De
2871 5713 3080 5784 homine
3109 5710 3347 5781 scripsit.
3372 5708 3497 5766 Viti.
3520 5709 3683 5765 Fabr.

2102 5783 2241 5841 Bibl.
2273 5786 2351 5842 Gr
2403 5783 2510 5842 vol.
2547 5783 2680 5848 Vlll,
2715 5799 2764 5845 ο.
2795 5783 2919 5840 405.
3039 5783 3056 5848 ξ
