3828 6304
155 347 265 404 ε97

1513 364 2048 428 ΡιιοιεσυεγιιεΝΑ.
2097 381 2100 383 “

3318 395 3424 451 498

151 467 336 519 mirari
369 469 506 524 satis
539 485 648 525 non
698 486 942 540 possunt,
993 475 1122 545 quid
1165 478 1217 534 in
1260 491 1496 538 utentem
1532 488 1741 542 venerit
1771 493 1816 550 Α
1848 488 2058 544 nierum
2083 489 2482 547 feracissimum
2509 492 2640 548 illud
2662 485 2917 551 "s‘a‘l'tfulum
2947 494 3108 570 sapit,
3129 495 3220 557 ubi
3243 507 3425 560 ethni-

151 559 366 626 imperis
411 564 670 619 omnibus
713 562 948 636 Nysseni
993 570 1309 638 editoribus,
1359 584 1417 632 ut
1468 576 1736 650 integrum

149 653 444 708 secundum
475 668 664 727 caput,
699 661 842 730 quod
869 663 1052 732 operis
1079 663 1316 723 Nemesii
1338 685 1442 726 non
1489 684 1737 731 contem-

148 745 377 799 nendam
406 759 619 816 partem
645 749 828 818 ellicit,
856 764 910 808 et
932 754 1079 810 illum
1107 757 1285 827 ipsum
1323 762 1388 817 de
1426 766 1734 824 animarum

147 839 582 902 praexsistentia
613 857 859 898 errorem
893 845 946 901 in
990 862 1049 903 se
1088 848 1272 918 habet,
1326 865 1612 927 postquam
1654 869 1736 914 to-

148 938 262 983 tum
282 945 416 1000 epus
439 932 706 1006 Gregorio
723 937 1026 1008 justissitno
1038 941 1244 1013 judicio
1264 947 1463 1003 dudum
1488 961 1734 1021 ereptum

148 1021 420 1082 Emeseuo
458 1039 652 1084 nostro
697 1031 972 1088 addictum
1014 1033 1227 1103 fuisset,
1272 1041 1578 1101 etiamnum.
1609 1055 1747 1101 ιδεμ

143 1127 304 1182 quam
347 1112 599 1187 Gregorii
651 1120 942 1189 genuinum
1003 1123 1170 1184 letum
1225 1129 1368 1186 inter
1405 1147 1566 1203 opera
1618 1137 1734 1207 ejus

139 1205 487 1272 evulgarent.
546 1209 685 1276 Quin
739 1222 794 1268 et
854 1216 1058 1285 pariter
1112 1219 1297 1276 mirari
1354 1225 1518 1286 subit,
1566 1205 1734 1297 quare

141 1309 440 1354 tractatum
483 1306 805 1373 praedictum
833 1321 994 1380 caput
1022 1315 1391 1372 continentem
1433 1335 1460 1373 a
1493 1320 1736 1394 Burgun-

137 1388 300 1444 dinne
353 1389 549 1448 Latine
594 1396 824 1463 editum,
873 1417 970 1456 nec
1017 1421 1122 1456 non
1159 1405 1422 1474 Cononis,
1461 1388 1730 1485 ltheniani,

138 1479 330 1544 Valla‘,
364 1482 632 1542 Ellebodii
661 1491 808 1546 curis
831 1494 1230 1566 elucubratnm,
1261 1502 1441 1559 denuo
1481 1479 1734 1565 Frederi:

135 1589 237 1627 cus
269 1574 530 1634 Morellus
569 1581 1042 1654 interpretaretur,
1088 1591 1232 1648 nulla
1269 1594 1469 1654 laboris
1514 1610 1623 1658 tam
1651 1619 1738 1660 su-

133 1670 394 1734 pervacui
432 1672 645 1730 ratione
671 1679 899 1733 reddita.

206 1759 264 1812 lu
305 1761 551 1817 editione
606 1765 886 1835 Ellebodii,
935 1781 993 1826 ut
1050 1781 1104 1829 et
1168 1776 1365 1850 Bigna‘i
1431 1785 1636 1854 etiam,
1677 1788 1728 1843 in

132 1844 395 1904 Biblioth.
438 1849 594 1907 Patr.
627 1856 732 1910 vol.
770 1857 882 1925 XII,
918 1862 1004 1917 hic
1045 1877 1228 1921 noster

132 1941 274 2003 gnrii
302 1940 634 2001 Nazianzeni
664 1949 948 2008 familiaris
969 1967 1022 2009 et
1056 1957 1404 2030 Cappadocia:
1438 1971 1724 2038 prmlectus

131 2032 310 2087 fusse
369 2035 602 2102 dicitur;
667 2041 717 2094 in
772 2043 924 2114 cujus
985 2053 1270 2110 sententia:
1323 2058 1723 2121 firmamentum

129 2125 368 2192 cpistola
412 2128 483 2183 79
517 2145 547 2183 a
579 2130 920 2193 Nazianzeno
988 2143 1054 2196 ad
1110 2147 1356 2203 eutitdem
1410 2153 1610 2225 scripta
1669 2158 1721 2214 in

127 2218 378 2273 medium
417 2223 758 2291 producitur.
791 2228 1110 2291 Debuissent
1156 2240 1372 2308 quidem
1401 2218 1725 2313 pari-omni-

128 2323 198 2362 no
224 2309 364 2378 jure
397 2321 510 2367 tres
543 2314 662 2370 alia:
690 2320 954 2389 epistolae,
985 2325 1246 2385 nimirum
1292 2309 1415 2400 183,
1443 2335 1568 2403 184,
1599 2341 1721 2410 £85,

124 2414 233 2454 nec
280 2417 393 2457 non
453 2416 509 2460 ct
560 2423 783 2466 carmen
823 2415 954 2470 satis
994 2419 1285 2487 prolixum,
1347 2429 1412 2481 ad
1470 2434 1720 2490 eumdem

129 2494 370 2562 scripta,
417 2495 472 2549 in
527 2499 893 2559 testimonium
946 2508 1128 2564 citari.
1178 2513 1364 2571 Billius
1390 2521 1630 2590 quidem,
1665 2537 1724 2583 ut

124 2597 177 2638 et
200 2585 298 2640 alii
327 2587 594 2656 nonnulli,
627 2594 850 2652 minime
885 2601 1178 2658 verisimile
1204 2585 1424 2676 putant,
1442 2585 1722 2686 Cappado-

127 2677 224 2732 cia:
260 2679 613 2752 praefectorii,
644 2687 922 2746 hominem
970 2696 1153 2752 seculi
1185 2701 1332 2757 curis
1359 2677 1631 2764 addictum
1667 2721 1725 2768 et

125 2786 156 2822 a
187 2770 512 2829 Christiana
546 2779 746 2846 pietate
788 2782 1047 2855 alienum,
1093 2803 1188 2846 aut
1232 2780 1722 2872 episcopum'lieri,

126 2875 221 2918 aut
271 2863 480 2922 librum
528 2869 862 2943 istiusmodi,
898 2878 1075 2947 qualis
1127 2882 1217 2939 hic
1271 2863 1456 2944 noster
1487 2903 1589 2960 est,
1631 2863 1722 2966 qui

127 2971 241 3027 prae
276 2960 540 3018 manibus
575 2962 827 3033 habetur,
868 2971 1178 3041 scripsisse.
1215 2976 1370 3044 Quod
1420 2993 1601 3039 autem
1647 2960 1724 3044 ad

129 3049 519 3118 praefecturam
593 3057 810 3125 attinet,
859 3070 915 3116 et
963 3079 1159 3122 nomen
1221 3069 1437 3129 Christo
1486 3079 1722 3134 nondum

85 3173 102 3179 -
129 3143 342 3210 datum,
375 3145 542 3204 facile
567 3151 674 3204 erit
703 3167 1002 3222 reponere:
1046 3175 1158 3215 rem
1186 3177 1307 3219 eam
1339 3182 1450 3222 non
1471 3171 1607 3226 adeo
1636 3173 1724 3227 in-

128 3237 454 3292 credibilem
485 3240 657 3295 videri
695 3243 763 3300 iis
791 3247 882 3316 qui
905 3253 1176 3320 noverim,
1207 3257 1399 3325 quales
1431 3274 1495 3316 eo
1521 3263 1636 3332 ipso
1667 3265 1723 3321 in

128 3331 332 3387 szecnlo
369 3332 594 3391 fuerunt
630 3338 976 3411 Ambrosius,
1011 3344 1291 3406 Nectarius
1339 3363 1392 3408 et
1438 3331 1722 3426 Synesius,

128 3438 252 3476 cum
277 3425 348 3478 ad
392 3427 555 3484 sedes
597 3445 725 3487 suas
758 3444 1230 3504 promoverentur.
1279 3442 1388 3500 Nec
1431 3425 1579 3504 certe
1619 3447 1725 3505 Ne-

133 3517 339 3573 niesius
370 3529 564 3574 noster
592 3523 768 3579 sacris
800 3525 986 3582 infulis
1016 3529 1269 3599 indignus
1296 3547 1520 3602 prorsus
1555 3536 1724 3592 habe-

131 3607 298 3677 bitur,
327 3612 426 3680 qui
458 3628 489 3666 a
523 3613 798 3687 Theologo
828 3617 1096 3692 Gregorio
1143 3622 1515 3694 philosophiae,
1542 3629 1725 3698 probi-

130 3701 291 3768 batis,
317 3703 574 3773 justitie,
603 3710 862 3768 amicitia
890 3713 1104 3770 demum
1147 3720 1389 3788 nomine,
1424 3737 1530 3777 non
1565 3725 1728 3781 modo

130 3794 370 3863 laudari,
408 3801 505 3855 sed
537 3817 663 3858 cum
688 3807 1038 3863 veneratione
1061 3810 1293 3878 quadam
1329 3816 1531 3884 suspici
1563 3827 1726 3888 atque

133 3892 230 3945 coli
267 3905 588 3961 meruerat;
623 3912 782 3966 quem
821 3900 987 3956 etiam
1029 3911 1308 3976 utcunque
1345 3908 1474 3964 olim
1511 3912 1726 3968 charis-

131 3983 354 4051 simam,
389 3986 566 4055 ntagis
595 3988 894 4046 etiamnum
930 3995 1157 4052 charum
1200 3996 1465 4067 futurum,
1494 4001 1726 4074 ejusque

133 4080 316 4134 animo
375 4080 596 4150 penitus
651 4097 749 4138 ceu
795 4085 1049 4141 columna
1112 4105 1253 4146 terea
1313 4092 1723 4152 inscribendum

130 4174 387 4241 spondet,
421 4174 611 4247 ἐπειδὴ
640 4176 708 4231 ἂν
736 4178 871 4251 γένῃ
904 4180 1040 4235 Θεοῦ
1072 4183 1166 4236 καὶ
1201 4184 1389 4254 σαφῶς
1422 4185 1686 4261 ἡμέτερος
1707 4204 1722 4220 ο

134 4269 249 4324 scil.
297 4269 504 4337 pietati
548 4271 875 4330 Christiana:
905 4291 966 4330 se
1007 4287 1177 4333 totum
1215 4283 1532 4348 tradiderit;
1581 4284 1730 4352 quod

134 4361 186 4416 iu
244 4364 595 4420 carminibus
656 4368 836 4423 denuo
891 4370 1241 4433 vaticinatur,
1297 4383 1352 4428 et
1396 4390 1495 4430 ceu
1528 4378 1726 4432 entheo

133 4453 372 4521 quodam
401 4455 587 4512 furore
608 4460 868 4528 percitus,
897 4475 1086 4530 poema
1119 4477 1274 4517 suum
1307 4463 1507 4520 claudit
1539 4483 1554 4523 :

781 4595 1087 4673 Negat-{60mg
1107 4599 1478 4673 ὀϐριμόθυμος

134 4660 547 4739 ῌςιππαδᾴκῃσι
568 4664 828 4739 τάλανταῄ
844 4660 1002 4739 δίκης
1026 4660 1490 4739 ισεῖα’τὸινύσσαξ,

239 4720 720 4814 χρσσδνῖολόενςα
749 4720 864 4792 και
879 4720 1658 4814 ᾴρᾖξυρὸῖ,”ᾠέἐίἱέιῖ’ῖὲιπους

135 4803 466 4892 praess“,
507 4806 852 4892 πτξρρεντας,
886 4803 1133 4892 ἁσῖδιξξον
1155 4803 1582 4892 εὖχοξέχοχτας,

161 4877 320 4952 ῼχετ’
339 4877 490 4944 ἄγων
517 4876 776 4952 ξτςλςιῦτος
792 4879 901 4952 γὰρ
928 4876 1253 4952 ὀινιιῦτοιτοέἒ
1288 4876 1406 4940 ἆννέἱ
1425 4887 1482 4939 δὲ
1509 4876 1724 4944 τέάντων

133 4945 441 5018 Μάργαρον
479 4946 777 5019 αἰγλήεντα
801 4945 976 5021 μέίίαν
1004 4945 1232 5024 Mica-ro
1255 4957 1510 5028 Χριστόν.

202 5082 300 5138 llis
349 5083 556 5139 addere
616 5084 820 5154 licebit,
875 5087 1106 5159 plurima
1155 5091 1502 5149 csseindicia
1551 5110 1724 5165 eaque

135 5194 234 5230 non
283 5178 714 5244 contemnenda,
758 5196 878 5249 qua:
910 5183 1237 5254 scriptorem
1289 5187 1434 5242 hunc
1488 5186 1722 5244 Nazian-

136 5269 246 5322 κυιιὶ
275 5267 485 5324 smculo
521 5269 832 5326 addixerint
859 5288 873 5324 :
907 5273 1164 5330 nimirum
1193 5277 1369 5345 primo
1394 5279 1446 5332 in
1479 5279 1602 5335 loco
1637 5291 1721 5337 to-

138 5369 216 5416 tus
262 5363 382 5417 fere
427 5375 514 5418 est
567 5362 622 5417 in
655 5367 1070 5433 controversiis,
1105 5385 1227 5440 quae
1279 5385 1344 5426 ea
1400 5381 1719 5443 tempestate

137 5452 186 5504 in
239 5453 486 5509 Ecclesia
538 5453 932 5522 versabantur,
983 5453 1410 5529 Origenistarum
1457 5461 1722 5534 intelligo,

138 5545 596 5616 Apollinarlorum
640 5559 696 5606 et
729 5551 1192 5609 Eunomianorum
1227 5554 1524 5636 haeresibus
1564 5557 1724 5612 refel-

140 5637 324 5696 lendis.
350 5641 609 5699 Secundo
635 5646 891 5700 auctores
916 5646 1092 5701 solum
1117 5650 1270 5714 citat,
1311 5649 1402 5718 qui
1437 5660 1564 5706 ante
1593 5666 1729 5721 qua-

143 5727 625 5800 dringentesimum
676 5749 880 5790 annum
910 5750 942 5791 a
978 5735 1202 5794 Christo
1251 5739 1576 5797 inclaruere.
1631 5742 1728 5799 De-

145 5835 282 5878 mum
318 5825 510 5893 scripti
547 5826 716 5893 ipsius
749 5832 1035 5887 character
1062 5833 1519 5890 nobilissimorum
1571 5836 1725 5906 inge-

1839 581 2042 636 cismus
2075 580 2187 648 jam
2219 583 2590 654 exspiraturus
2613 586 2830 643 ultimos
2857 604 2984 645 suos
3018 603 3246 651 conatus
3271 597 3422 651 vide-

1843 679 1932 725 tur
1958 672 2215 742 edidisse,
2251 685 2306 731 et
2350 678 2450 732 s'n'b
2490 676 2788 746 Hieroclis;
2811 679 3033 746 Plotini.
3074 683 3406 752 Jambliehii,
3439 691 3446 701 '

1840 762 2124 837 Porphyrii
2148 777 2204 822 et
2233 767 2583 838 reliquorum,
2615 772 2705 842 qui
2742 772 2810 827 ab
2843 773 3084 843 Euuapio
3109 794 3418 834 memoran-

1843 863 1954 923 tur,
1994 859 2282 929 prtesidiis,
2345 863 2738 934 philosdphiam
2787 866 3206 926 Christianism‘o
3257 889 3421 943 oppo-

1840 951 1975 1015 suit,
2005 961 2063 1007 ut
2093 968 2159 1009 ex
2185 954 2354 1014 altera
2394 967 2546 1027 parte
2574 959 2759 1014 eadem
2805 971 3123 1032 tempestate
3156 967 3414 1036 auspiciis
3440 973 3442 976 ’

1841 1058 1952 1098 non
2013 1044 2336 1114 minoribus,
2383 1047 2453 1102 ab
2507 1048 2824 1116 Athanasio,
2877 1053 3099 1119 Basilio,
3146 1053 3445 1126 Ephremo‘

1839 1135 2000 1209 Syro,
2037 1136 2307 1209 Nysscno,
2349 1138 2712 1209 Nazianzeno,
2758 1142 3057 1216 Epiphanio
3086 1147 3224 1203 idem
3258 1150 3418 1205 Chri-

1837 1230 2154 1287 stianismus
2205 1231 2562 1303 philosophiae
2610 1236 2774 1290 etiam
2804 1240 3068 1309 suppetiis
3098 1241 3415 1297 defendeba-

1837 1332 1944 1376 tur.
1993 1320 2098 1378 Sed
2138 1323 2210 1378 'ih
2249 1339 2318 1380 re
2350 1334 2458 1380 tam
2490 1324 2695 1382 lubrica
2733 1331 2866 1385 certi
2899 1331 3100 1401 aliquid
3148 1343 3410 1399 statuere,

1839 1415 2026 1470 nimiae
2056 1426 2204 1472 esset
2231 1417 2510 1484 audaciaz;
2544 1423 2845 1488 przcsertim
2879 1426 3092 1494 quando
3121 1427 3254 1480 nihil
3284 1443 3412 1498 pro-
3439 1447 3442 1451 ’

1835 1507 2006 1572 hibet,
2053 1508 2236 1579 plures
2269 1509 2436 1570 fuisse
2468 1508 2771 1578 Nemesios,
2817 1529 3036 1586 eosque
3061 1519 3412 1591 philosophos

1834 1609 1888 1653 et
1918 1600 2258 1659 Christianos
2305 1605 2449 1660 circa
2490 1603 2817 1662 Nazianzeni
2869 1619 3128 1680 tempora.
3161 1615 3320 1668 Certe
3357 1615 3441 1669 in'

1833 1690 2024 1748 lsidori
2068 1694 2358 1752 Pelusiotte
2399 1700 2619 1770 scriptis
2657 1699 2896 1756 Nemesii
2939 1705 3100 1758 etiam
3128 1705 3414 1776 cujusdam

1838 1786 2166 1842 mentionem
2201 1803 2512 1854 eccm-rere,
2544 1801 2597 1846 et
2645 1795 2886 1862 quinque
2917 1796 3174 1864 epistolas
3206 1799 3410 1852 nomini

1262 1870 1548 1932 Nemesius
1583 1877 1723 1936 Gre-
1761 1860 1807 1920 Β
1840 1876 1928 1931 isti
1980 1876 2184 1935 dicatas
2235 1882 2480 1949 reperiri,
2512 1883 2647 1939 satis
2693 1887 3092 1952 conatatyscil.
3129 1889 3406 1962 Νεμεσίῳ,

1832 1966 1925 2022 lib.
1956 1984 2020 2033 ll,
2055 1971 2219 2038 epist.
2249 1972 2376 2037 15ί,
2413 1973 2505 2032 lib.
2537 1991 2609 2040 tv,
2645 1977 2804 2045 epist.
2833 1976 2922 2040 55,
2948 1987 3002 2033 et
3037 1980 3130 2034 lib.
3160 1993 3212 2046 ν,
3249 1986 3407 2050 epist.

1831 2059 1920 2126 56;
1953 2061 2210 2133 Νεμεσῐῳ
2238 2063 2539 2136 Πραίτωρι,
2573 2066 2665 2122 lib.
2700 2084 2738 2132 I,
2781 2070 2940 2139 epist.
2988 2071 3081 2137 44,
3111 2083 3166 2127 et
3194 2074 3408 2127 demunt

1829 2151 2087 2224 Νεμεσίῳ
2107 2155 2464 2228 Μαστριανῷ,
2496 2157 2589 2213 lib.
2620 2174 2694 2224 tv,
2720 2161 2880 2227 epist.
2906 2161 2994 2218 8|.
3029 2160 3158 2230 Qute
3189 2167 3408 2235 quidem

1830 2256 2008 2301 utrum
2040 2261 2206 2300 unum
2237 2248 2496 2317 aliquem,
2523 2264 2589 2304 an
2618 2250 2865 2307 diversos
2899 2255 3204 2324 designent,
3235 2272 3301 2312 an
3337 2258 3404 2311 ad

1831 2346 2110 2392 auctorem
2147 2325 2392 2394 nostrum
2437 2341 2707 2400 ullatenus
2754 2350 3018 2415 spectent,
3071 2349 3300 2403 aliorum
3337 2352 3408 2404 sit

1827 2428 2111 2500 judicium.
2173 2434 2302 2491 Mihi
2359 2435 2600 2506 quidem,
2643 2447 2722 2504 ut,
2779 2455 2898 2509 qua:
2946 2442 3200 2508 sentiam,
3236 2443 3422 2498 libere-

1837 2525 2084 2596 eloquar,
2120 2527 2570 2604 verisimillimum
2594 2546 2818 2602 prorsus
2848 2534 3416 2598 videtur,Nemesium-

1829 2618 1974 2673 hunc
2001 2630 2245 2675 nostrum
2281 2620 2484 2678 vixisse
2525 2623 2742 2680 demum
2772 2636 3058 2696 appetente
3081 2639 3276 2698 quarto
3307 2645 3409 2686 sa:-

1831 2711 1975 2775 culo,
1999 2712 2120 2767 scil.
2162 2722 2290 2769 ante
2315 2724 2409 2770 aut
2437 2714 2695 2784 Nestorii,
2730 2729 2824 2772 aut
2855 2719 3175 2792 Eutychetis
3197 2729 3407 2793 tempo-

1831 2817 1888 2857 ra
1909 2842 1923 2867 ,
1954 2803 2054 2857 hoc
2080 2813 2184 2871 est,
2216 2812 2508 2876 antequam
2539 2805 2742 2862 Paulus
2776 2806 2959 2864 Emesi
2994 2809 3248 2875 sedisset,
3281 2826 3406 2865 eum

1831 2894 2095 2966 intelligo,
2127 2897 2219 2967 qui
2263 2899 2525 2956 adversus
2567 2900 2878 2956 Nestorium
2904 2913 3208 2958 re-strenue
3253 2913 3439 2971 gesta-

1829 2989 2146 3044 eonomine
2207 3002 2238 3042 a
2293 2989 2498 3060 Cyrillo
2546 2991 2914 3048 Alexandrino
2981 2989 3427 3049 cumulatissime-

1830 3078 2039 3134 laudari
2080 3079 2299 3146 meruit,
2325 3092 2380 3137 et
2409 3082 2484 3137 ab
2522 3082 2799 3139 historicis
2857 3083 3247 3141 ecclesiasticis
3279 3101 3408 3155 pas-

1831 3171 1932 3226 sim
1964 3171 2251 3227 celebrari.
2289 3171 2468 3242 Hujus.
2501 3177 2575 3229 rei
2618 3176 2874 3230 indicium
2916 3191 3020 3230 non
3058 3177 3173 3231 leve
3203 3187 3434 3240 statuo,

1752 3231 1799 3294 ο
1831 3264 1975 3334 quod
2005 3278 2126 3318 cum
2150 3279 2272 3333 cap.
2299 3231 2538 3334 ὄίηερι
2567 3265 2835 3332 ἐνώσεως
2849 3267 3055 3336 ψυχῆς
3083 3268 3184 3322 καὶ
3204 3268 3429 3339 σώμαι

1827 3373 1930 3421 τος
1964 3353 2125 3410 verba
2162 3355 2396 3420 facturo,
2436 3356 2504 3412 de
2550 3357 2895 3428 hypostatica
2941 3361 3142 3414 unione
3189 3361 3407 3417 deitatis

1827 3461 1949 3501 eum
1979 3444 2318 3501 humanitate
2350 3446 2402 3500 in
2438 3461 2666 3516 persona
2716 3448 3022 3503 Servatoris
3054 3450 3224 3505 nostri
3254 3467 3408 3505 men-

1826 3538 1904 3591 tio
1949 3537 2250 3603 iucidisset,
2298 3547 2490 3592 contra
2548 3537 2874 3595 Eunomium
2929 3553 3114 3609 aperte
3167 3543 3404 3610 disputat

1826 3627 1913 3683 his
1958 3629 2184 3683 verbis:
2224 3628 2500 3701 Καθαρῶς
2539 3629 2830 3701 ἀσώματος
2873 3632 3034 3701 φύσις
3092 3636 3260 3705 χωρεί
3307 3634 3408 3705 μὲν

1827 3718 2120 3786 ἀκωλύτως
2154 3720 2244 3775 διὰ
2288 3721 2527 3789 πάντων,
2554 3721 2621 3776 δι’
2641 3723 2814 3795 αὐτῆς
2854 3724 2911 3777 δὲ
2955 3726 3129 3789 οὐδὲν,
3161 3727 3300 3780 ὥστε
3328 3726 3428 3797 τῷ·

1830 3813 1926 3884 μὲν
1957 3817 2154 3885 χωρεῖν
2179 3813 2266 3868 διὰ
2297 3815 2514 3872 πάντων
2534 3814 2796 3887 ἡνῶσθαι,
2824 3815 2902 3888 τῷ
2928 3817 2983 3871 δὲ
3015 3819 3182 3889 μηδὲν
3211 3819 3276 3872 δι’
3308 3821 3406 3874 αὐ-

1827 3903 1948 3974 τῆς,
1985 3904 2167 3976 μένειν
2206 3906 2436 3977 ἄμικτον
2489 3908 2588 3961 καὶ
2625 3908 2960 3981 ἀσύγχυτον’
2996 3925 3116 3979 quae
3164 3912 3407 3978 quidem,

1827 4001 1871 4054 si
1899 4015 1960 4054 ea
2010 4007 2332 4068 tempestate
2384 3998 2670 4056 Nestorius
2712 4011 2806 4055 aut
2843 4001 3113 4073 Eutyehes
3153 4003 3406 4073 dogmata

1825 4104 1921 4144 sua
1950 4089 2312 4158 evulgasseut,
2350 4089 2518 4145 multo
2547 4092 2904 4161 Opportunius
2960 4094 3219 4148 adversus
3255 4095 3424 4162 ipsos.

1825 4179 2057 4235 fnisseut
2111 4181 2405 4249 hite'ntata;
2444 4181 2643 4251 quippe
2691 4181 2782 4251 qni
2833 4183 3046 4238 altioris
3089 4184 3246 4254 Iunge
3287 4185 3407 4240 sub-

1827 4273 1962 4328 sellii
2014 4273 2415 4337 haeresiarchze,
2444 4283 2499 4328 et
2552 4273 2874 4330 Etuiomium
2915 4275 3104 4330 multis
3134 4291 3407 4345 parasan-

1825 4364 1907 4431 gis
1953 4366 2281 4434 antegressi,
2332 4375 2502 4420 totum
2533 4364 2648 4422 fere
2693 4367 3066 4421 Christianum
3096 4371 3307 4432 orbem,
3341 4383 3406 4423 o-

1834 4459 2066 4510 rientem
2099 4457 2423 4524 prtesertim,
2457 4458 2764 4514 turbavere.
2810 4459 2874 4512 Et
2905 4459 3121 4529 quidem
3164 4459 3408 4526 pauculis

1833 4547 1971 4612 istis,
2015 4563 2145 4618 qua}
2164 4548 2404 4614 laudavi,
2435 4549 2635 4613 verbis,
2670 4549 2954 4617 utriusque
3000 4549 3160 4604 istius
3187 4549 3406 4605 nefariae

1836 4640 2110 4697 haereseos
2161 4639 2407 4710 jugulum
2461 4641 2637 4709 ipsum
2692 4639 2984 4697 manifeste
3016 4640 3236 4711 petitur.
3273 4642 3408 4696 Cum

1832 4729 1976 4785 enim
2011 4729 2242 4802 Nestorii
2275 4745 2539 4786 venenum
2577 4731 2630 4786 in
2661 4731 2765 4788 hoc
2787 4732 2910 4803 poni
2939 4732 3217 4788 asserebat
3240 4733 3408 4801 Ephe-

1833 4823 1953 4877 sius
1993 4825 2252 4895 synodus,
2312 4823 2462 4894 quod
2516 4833 2765 4880 naturam
2838 4825 3136 4880 humanam
3214 4826 3433 4882 diviuze-

1832 4913 2096 4985 ὲνωοῆναι
2143 4914 2286 4970 κατὰ
2347 4916 2531 4987 σχέσιν
2569 4917 2787 4981 dixerit,
2819 4911 2898 4972 ait
2933 4917 3236 4981 Nemesins,
3277 4918 3407 4974 τρειιί

1830 5007 2126 5077 intimoque
2159 5025 2296 5064 nexu
2319 5011 2588 5082 conjungi,
2608 5007 2686 5081 τῷ
2715 5008 2816 5080 μὲν
2841 5012 3039 5081 χωρεῖν
3067 5007 3159 5064 διὰ
3193 5010 3410 5070 πάντων

1828 5098 2089 5170 ἡνῶσθαι.
2136 5100 2394 5167 Quinimo
2435 5103 2652 5171 quando
2682 5117 2713 5156 e
2749 5112 2942 5158 contra
2976 5102 3247 5172 Eutyches
3301 5101 3410 5157 Do-

1829 5191 1960 5246 mini
1991 5193 2158 5248 nostri
2192 5203 2419 5250 naturas
2443 5193 2666 5249 omnino
2692 5191 3077 5260 confunderet,
3117 5194 3410 5263 ipsiSsimis

1831 5281 2070 5339 Nemesii
2119 5287 2300 5341 verbis
2351 5286 2594 5357 synodus
2645 5284 3107 5341 Chalcedonensis
3137 5286 3412 5350 decernit,
3453 5310 3492 5358 μέ

1830 5379 1971 5448 quod
2023 5380 2093 5434 sit
2141 5379 2373 5451 ἄμικτος
2404 5381 2497 5433 καὶ
2525 5378 2868 5450 ἀσύγχυτος·
2905 5378 3046 5448 quod
3087 5381 3289 5447 pariter
3324 5381 3408 5433 di-
3438 5391 3474 5455 -ςῖ

1831 5468 2062 5522 cendum
2091 5469 2156 5524 de
2186 5471 2388 5524 omissa
2429 5471 2642 5540 penitus
2671 5473 2725 5524 in
2776 5469 2931 5539 longa
2964 5471 3030 5526 de
3060 5470 3230 5524 libero
3265 5472 3410 5524 arbi-
3449 5473 3481 5532 ζ’

1830 5559 1933 5612 ttio
1955 5559 2317 5630 disputatione
2345 5561 2727 5632 Pelagianismi
2765 5565 3054 5616 mentione.
3087 5565 3407 5630 Qttuttqttuttt

1829 5651 1979 5704 enim
2046 5653 2098 5706 in
2123 5651 2413 5708 Occidente
2485 5655 2822 5724 potissimum
2873 5665 3113 5724 grassata
3177 5665 3258 5707 est
3321 5654 3406 5706 illa

1830 5742 2017 5811 pestis,
2060 5743 2292 5813 reliquas
2351 5755 2528 5800 tamen
2592 5746 2739 5800 orbis
2790 5745 3081 5799 Christiani
3160 5742 3408 5811 regiones

1833 5835 2016 5906 utique
2043 5835 2321 5892 amaverat
2341 5855 2366 5903 ;,
2395 5839 2658 5911 siquidem
2687 5853 2828 5893 anno
2856 5838 3061 5894 Christi
3094 5836 3219 5904 415,
3251 5851 3408 5906 syno-
