3828 6308
376 375 479 439 599

1393 370 1740 429 NEMESIUS
1781 369 2162 430 EPISCOPUS
2201 368 2588 428 suassuas.
2703 387 2752 446 έ-

3546 372 3658 425 5ὓο

377 487 551 550 dusin
597 485 798 558 Pelagii
825 493 880 544 et
913 483 1146 543 Caelesti‘i
1191 497 1355 540 causa
1387 485 1626 558 Diospnli
1658 485 1961 543 Palzestina:
1991 496 2037 550 Α
2143 488 2298 556 Quod
2339 487 2404 542 ad
2441 484 2731 541 editionem
2765 483 2937 556 ipsam
2979 483 3206 550 attinet,
3250 482 3486 554 breviter
3524 500 3658 556 pro-

377 577 754 636 celebrabatur
817 594 832 632 :
884 576 1154 633 maturius
1217 576 1381 632 etiam
1442 578 1851 650 llierosolymis,
1916 580 1961 635 si

377 671 568 727 Orosio
603 672 736 728 lides
798 670 854 742 in
909 670 1092 726 libello
1126 668 1206 726 De
1235 671 1446 726 arbitrii
1475 671 1719 728 libertate
1756 673 1830 728 ita
1886 681 1966 728 te-

378 763 564 819 stanti.

447 857 585 924 Quin
617 867 672 913 et
711 858 988 913 mantissa:
1035 856 1154 912 loco
1187 857 1386 914 addere
1445 858 1653 924 licebit,
1695 859 1962 930 siquidem

380 957 502 1018 post
533 959 785 1019 quartum
842 949 1098 1006 steculum
1136 951 1534 1024 προῦπάρξεως
1582 952 1775 1023 dogma
1828 951 1970 1005 male

381 1039 434 1096 in
470 1039 716 1098 Ecclesia
742 1041 932 1096 audire
956 1042 1145 1113 coepit,
1180 1052 1234 1098 et
1271 1043 1486 1098 tandem
1524 1041 1818 1099 Justiuiani
1849 1057 1967 1096 tevo

379 1151 408 1188 a
458 1134 666 1206 synodo
694 1133 1288 1205 Constantinopolitaua
1336 1149 1562 1207 prorsus
1583 1135 1964 1203 damnabatur,

381 1229 497 1284 ﬁeri
531 1244 636 1283 non
674 1237 874 1298 potest,
907 1237 965 1284 ut
994 1228 1068 1283 ita
1096 1243 1290 1285 secure
1319 1229 1388 1284 de
1428 1229 1518 1286 illo
1552 1230 1968 1301 philosophare-

379 1330 471 1376 tur
499 1309 880 1386 Nemesius,‘si
917 1320 1211 1392 quidquam
1237 1337 1299 1378 ea
1328 1336 1397 1377 ex
1431 1332 1607 1392 parte,
1639 1321 1727 1378 illa
1756 1331 1966 1394 tempe-

378 1423 542 1481 state,
565 1429 671 1486 qua
696 1415 742 1470 is
772 1415 1087 1484 scripserat,
1124 1414 1318 1471 fuisset
1353 1415 1661 1471 deﬁnitum.

451 1504 560 1562 Sed
607 1506 675 1562 de
715 1515 936 1561 suetore
967 1515 1153 1561 nostro
1180 1505 1449 1562 hactenus
1479 1524 1493 1574 ;
1523 1507 1589 1563 de
1615 1508 1820 1578 scripto
1851 1508 1970 1576 ipso

381 1598 637 1654 nonnulla
663 1607 959 1669 supersunt
989 1598 1241 1654 dicenda.
1275 1595 1341 1652 Et
1373 1599 1592 1668 quidem
1623 1600 1668 1656 si
1716 1599 1968 1656 lectionis

379 1691 642 1759 varietas,
678 1693 970 1748 verborum
1007 1692 1267 1757 delectus,
1307 1692 1578 1748 rationum
1625 1694 1856 1762 pondus,
1880 1691 1970 1762 ju-

379 1784 504 1840 tilt'll
535 1794 721 1850 tenor,
767 1785 1006 1840 methodi
1061 1785 1220 1850 ordo,
1247 1785 1554 1856 disputandi
1596 1799 1846 1848 acumen,
1877 1800 1969 1837 ar-

383 1876 629 1946 gumenti.
673 1875 893 1931 demum
941 1873 1200 1946 dignitas,
1229 1887 1284 1931 et
1315 1875 1482 1946 (quod
1527 1874 1595 1929 ad
1623 1875 1852 1945 gratiam
1880 1873 1964 1928 in-
2002 1857 2043 1912 Β

383 1967 610 2023 cunilam
656 1982 763 2022 non
805 1967 941 2022 levis
971 1974 1055 2024 est
1090 1967 1373 2040 momenti)
1410 1981 1622 2022 summa
1653 1981 1776 2021 cum
1804 1965 1966 2021 relms

383 2060 587 2115 nostris
638 2060 1005 2124 necessitudo,
1061 2070 1349 2116 tractatum
1386 2059 1622 2130 aliquem
1672 2056 1969 2113 lectoribus

384 2152 497 2208 suis
520 2152 812 2208 conciliare
837 2153 1070 2224 poterit;
1108 2154 1294 2225 utique
1319 2153 1414 2220 hic
1433 2152 1596 2209 fuerit
1629 2152 1784 2224 longe
1821 2166 1969 2207 com-

384 2245 843 2306 mendatissimus.

458 2341 689 2398 Unicum
743 2341 826 2396 vel
884 2341 1063 2398 adhuc
1117 2341 1311 2408 omisi,
1369 2341 1474 2396 hoc
1526 2350 1703 2395 tamen
1768 2337 1972 2394 szeculo

386 2432 609 2489 minime
635 2433 1074 2504 praetereundum
1106 2451 1122 2489 :
1156 2433 1202 2489 si
1235 2433 1288 2488 in
1321 2431 1661 2503 philosophia
1698 2431 1967 2496 naturali,

387 2526 654 2583 medicina
711 2538 768 2584 et
819 2535 1076 2583 anatome
1130 2526 1348 2582 inventa
1393 2540 1531 2580 nova
1615 2525 1681 2580 ad
1733 2524 1970 2594 palatum

388 2616 630 2684 faciant,
677 2632 782 2674 nec
814 2617 918 2673 hac
968 2632 1035 2672 ex
1073 2624 1227 2687 parte
1266 2615 1636 2674 destittn'mur.
1691 2615 1967 2670 llabetnus

393 2706 482 2763 hic
533 2715 768 2777 praesto,
803 2715 858 2763 et
884 2708 1009 2778 jure
1041 2704 1240 2760 merito
1274 2717 1373 2774 pro
1402 2703 1602 2759 nostris
1633 2702 1973 2757 vindicamus

389 2814 455 2852 ea
481 2838 499 2861 ,
531 2809 755 2870 propter
791 2815 911 2870 qua:
945 2791 1180 2871 pridiani
1228 2797 1438 2868 aliquot
1489 2797 1543 2851 in
1595 2811 1653 2852 re
1707 2795 1973 2850 litteraria

389 2892 582 2946 heroes
621 2890 822 2946 cristas
853 2891 1108 2962 erigunt,
1158 2899 1214 2946 et
1255 2889 1616 2944 aeternitatem
1653 2886 1972 2941 nominibus

388 2981 504 3036 suis
554 2979 825 3051 spondent
865 2979 1273 3051 postulantque.
1303 2976 1661 3034 Doctissimus
1710 2973 1957 3045 Sylvius,

393 3087 446 3127 In
474 3072 936 3142 disputationibus
966 3071 1197 3128 medicis
1247 3085 1359 3126 non
1391 3070 1467 3125 ita
1507 3067 1718 3139 pridem
1768 3065 1967 3131 editis,

391 3180 514 3223 cum
550 3165 881 3223 adversariis
911 3165 1235 3237 quibusdam
1264 3163 1400 3220 satis
1425 3162 1630 3218 acriter
1657 3159 1972 3225 contendit,

394 3258 512 3313 utri.
538 3273 604 3313 ex
639 3259 705 3313 iis
737 3229 1100 3331 hypotlieseos
1127 3257 1412 3328 cujusdam
1444 3255 1566 3311 laus
1597 3263 1654 3308 et
1684 3254 1878 3318 decus,
1911 3252 1978 3306 de
2005 3229 2050 3287 (ἶ

399 3365 499 3408 usu
529 3349 654 3406 bilis
683 3350 738 3405 in
769 3349 1095 3420 corporibus
1129 3347 1525 3414 animantium,
1567 3345 1854 3402 debeatur.
1907 3341 1978 3400 Ut

393 3459 496 3516 pax
545 3443 804 3516 deinceps
856 3444 999 3500 inter
1056 3458 1152 3501 eos
1204 3443 1458 3514 componi
1509 3441 1717 3512 possit,
1769 3440 1980 3504 sciant,

398 3538 553 3593 velim
573 3577 592 3605 ,
619 3545 939 3601 remgtotam
971 3536 1042 3592 ab
1073 3545 1297 3593 auctore
1327 3545 1549 3603 nostro,
1583 3543 1711 3591 ante
1739 3533 1886 3590 mille
1929 3541 1985 3587 et

397 3640 705 3687 tercentum
735 3628 855 3686 fere
878 3642 1088 3696 annos,
1116 3644 1223 3693 non
1259 3628 1595 3700 propositam
1644 3627 1804 3682 modo
1835 3666 1850 3687 ,
1885 3623 1983 3680 sed

395 3733 450 3780 et
475 3733 736 3779 accurate
759 3731 1070 3777 enarratam
1099 3763 1116 3788 ,
1144 3722 1323 3792 capite
1351 3721 1610 3777 nimirum
1637 3718 1738 3783 28,
1765 3733 1820 3788 p.
1855 3716 1982 3771 225.

396 3815 459 3873 Si
492 3817 609 3872 haec
642 3822 824 3870 autem
857 3813 1063 3870 leviora
1093 3814 1398 3881 videantur,
1431 3812 1564 3883 quid
1593 3811 1809 3867 demum
1841 3809 1986 3863 dice-

399 3923 562 3972 mus,
599 3906 645 3963 si
693 3908 832 3962 ratio
877 3905 1253 3962 circulationis
1287 3904 1604 3976 sanguinis,
1643 3903 1696 3958 in
1730 3915 1841 3972 quo
1873 3914 1983 3954 uno

397 4002 622 4057 invento
651 3999 910 4056 saeculum
942 4000 1046 4054 hoc
1075 4007 1358 4068 tantopere
1388 4013 1449 4054 se
1491 3996 1645 4052 eﬂert
1671 4037 1686 4063 ,
1735 3993 1989 4050 Nemesio

401 4092 606 4148 dudum
630 4090 703 4147 sit
721 4090 926 4162 agnita,
951 4089 1243 4160 verbisque
1268 4087 1404 4144 satis
1430 4085 1772 4158 signantibus
1798 4083 1988 4138 adum-

403 4183 605 4242 brata?
634 4183 896 4240 Consulat
942 4182 1115 4238 lector
1141 4196 1261 4252 cap.
1290 4179 1368 4238 ‘24
1389 4221 1405 4248 ,
1438 4195 1492 4250 p.
1522 4178 1660 4242 209,
1692 4187 1748 4234 et
1789 4175 1990 4247 dijudi-

403 4284 520 4339 cet,
559 4291 692 4331 num
724 4283 928 4331 temere
958 4274 1077 4330 haec
1105 4274 1378 4330 dicantur.
1425 4275 1470 4328 A
1521 4271 1766 4343 pluribus
1801 4284 1992 4324 recen-

405 4371 590 4428 sendis
621 4371 987 4441 supersedeo;
1021 4371 1125 4426 hoc
1159 4379 1365 4426 tantum
1398 4384 1543 4424 nunc
1569 4368 1779 4437 agimus
1799 4407 1814 4432 ,
1846 4366 1990 4435 quod

405 4463 640 4534 propolae
670 4463 906 4531 faciunt,
943 4465 1036 4536 qui
1061 4464 1328 4520 Attalicas
1358 4471 1536 4518 vestes
1571 4471 1623 4516 et
1656 4459 1861 4515 Milesia
1893 4473 1990 4529 pes

349 4593 353 4604 .
407 4555 718 4612 ristromata
751 4557 960 4612 venalia
992 4567 1301 4627 proponunt
1329 4573 1345 4613 ε
1387 4554 1578 4625 tapetis
1613 4552 1842 4623 alicujus
1867 4566 1992 4606 oras

2069 581 2250 648 ﬁteor,
2298 595 2384 634 me
2439 578 2490 634 id
2539 578 2750 648 egisse,
2806 587 2865 633 ut
2909 577 3108 632 librum
3153 578 3463 648 egregium,
3517 595 3689 651 pau-_

2070 675 2153 730 cis
2217 656 2507 728 admodum
2555 670 2863 742 cognitum,
2917 678 2970 723 et
3009 677 3102 723 aut
3155 670 3266 725 situ
3299 671 3660 741 tenebrisque

2069 767 2345 833 obsitum,
2399 775 2490 820 aut
2541 765 2732 820 saltem
2785 764 2838 820 in
2903 763 3122 818 Patrum
3175 763 3495 819 Bibliotheca
3553 765 3659 820 sub

2070 868 2223 914 arcta
2280 857 2549 914 custodia'
2583 856 2862 923 habitum,
2923 866 2978 910 et
3034 855 3284 914 servilem
3340 857 3401 919 iu_
3441 872 3662 913 morem

2070 961 2380 1008 catenatum
2404 993 2419 1019 ,
2456 950 2706 1006 libertate
2745 952 3047 1016 donarem,
3087 961 3142 1005 et
3182 950 3650 1020 studiosaajnven-

2075 1046 2205 1101 tutis
2243 1043 2499 1100 familiari
2541 1043 2814 1100 couvictui
2861 1044 3296 1099 couuneridatum
3347 1045 3659 1100 redderem.

2075 1135 2332 1204 Quiuimo
2362 1135 2605 1190 luxatum
2637 1149 2762 1189 eum
2784 1171 2800 1200 ,
2832 1134 3138 1205 saepiusque
3184 1133 3466 1204 mutilum,
3512 1137 3663 1192 duo-

2071 1245 2191 1284 rum
2242 1244 2374 1284 mss.
2404 1244 2505 1298 ope
2530 1268 2544 1294 ,
2583 1242 2682 1283 nec
2714 1243 2820 1282 non
2857 1239 3138 1283 auctorum
3169 1227 3484 1296 collatione,
3517 1245 3665 1301 quos

2075 1334 2166 1378 aut
2198 1323 2318 1393 ipse
2342 1323 2544 1392 passim
2575 1321 2791 1384 laudat,
2821 1330 2910 1374 aut
2940 1320 3030 1390 qui
3059 1321 3232 1392 ipsum
3262 1322 3664 1393 compilarunt,

1975 1441 1981 1444 η
2074 1414 2305 1471 subinde
2337 1414 2679 1470 restituerem
2711 1430 2725 1479 ;
2778 1411 3047 1466 recensita
3083 1412 3373 1481 aliquando
3395 1455 3410 1480 ,
3445 1413 3534 1468 ubi
3571 1429 3666 1468 res

2074 1507 2125 1562 id
2154 1507 2393 1561 maxime
2431 1503 2768 1576 postulabat,
2802 1515 2856 1558 et
2889 1521 2985 1574 per
3026 1505 3197 1560 otium
3231 1505 3418 1572 licuit,
3465 1506 3662 1561 Latina

2073 1601 2356 1666 versione,
2423 1596 2648 1668 adjectis
2700 1599 2862 1652 etiam
2912 1598 3234 1668 quibusdam
3287 1601 3663 1655 annotationi-

2074 1694 2180 1749 bus
2214 1710 2230 1756 ;
2264 1708 2386 1764 qua:
2411 1693 2590 1747 omnia
2643 1692 2831 1761 quanti
2871 1692 2981 1745 sint
3032 1691 3214 1762 pretii,
3273 1702 3512 1748 nostrum
3551 1709 3667 1748 non

2082 1787 2246 1844 fuerit
2283 1787 2659 1858 pronuntiare.

2153 1901 2206 1956 Is
2247 1915 2386 1956 certe
2417 1913 2526 1955 erat
2565 1910 2750 1954 auctor
2782 1909 2978 1966 uoster,
3007 1900 3099 1971 qui
3122 1900 3341 1955 editoris
3373 1901 3671 1972 diligentis-

2083 1995 2204 2049 simi
2233 2010 2388 2048 curas
2415 1993 2642 2064 exigeret
2669 2011 2688 2046 :
2720 2009 2821 2046 non
2860 1993 3042 2063 quales
3073 2009 3201 2048 mea:
3241 1992 3450 2063 fuerant
3470 2032 3486 2058 ,
3519 1992 3672 2047 alio-

2081 2103 2194 2139 rum
2220 2087 2456 2139 arbitriis
2482 2094 2729 2155 perpetuo
2763 2084 3003 2139 obnoxia:
3023 2127 3039 2153 ,
3069 2093 3118 2140 et
3149 2085 3371 2156 proinde
3400 2085 3670 2141 intercisa

2078 2197 2298 2248 semper,
2331 2191 2379 2233 et
2411 2178 2736 2233 desultoriw.

2149 2319 2220 2372 At
2258 2317 2397 2387 inqui
2433 2316 2668 2385 bonique
2700 2315 2949 2371 consulat
2981 2314 3189 2371 amicus
3215 2313 3406 2382 lector,
3435 2324 3489 2370 et
3521 2315 3676 2372 inter

2081 2410 2365 2480 legendum
2402 2407 2598 2478 saapius
2634 2405 2976 2470 meminerit,
3008 2420 3160 2459 suam
3192 2405 3281 2460 hic
3312 2405 3511 2476 ubique
3547 2421 3671 2460 rem

2081 2504 2164 2574 agi
2197 2520 2212 2570 ;
2251 2501 2369 2557 scil.
2406 2501 2493 2554 hic
2521 2500 2621 2555 loci
2670 2498 2914 2554 exhiberi
2938 2541 2952 2566 ,
2983 2513 3090 2553 non
3137 2497 3516 2553 Cartesianum
3561 2513 3670 2552 au-

2079 2604 2352 2659 tornaton,
2398 2592 2617 2648 ﬁctilem
2673 2599 2896 2655 testam,
2951 2590 3255 2661 ligneamve
3317 2591 3670 2655 machinam,

2081 2691 2199 2759 qua?
2229 2686 2409 2742 saeculi
2444 2684 2605 2754 hujus
2656 2683 2963 2740 Promethei
2999 2693 3052 2739 et
3080 2683 3299 2739 fabriles
3329 2682 3529 2738 Daedali
3567 2683 3674 2738 lin-

2080 2781 2254 2848 xere;
2300 2779 2395 2833 sed
2431 2777 2607 2831 vivam
2654 2777 2745 2831 Dei
2782 2775 3019 2831 viventis
3050 2776 3338 2847 imaginem
3363 2816 3378 2842 ,
3426 2775 3673 2829 numinis

2081 2872 2471 2942 omnipotentis
2517 2882 2814 2941 eetypum;
2873 2883 2994 2938 quae
3056 2869 3239 2923 mundi
3301 2867 3669 2923 architectum

2084 2965 2357 3030 condere,
2413 2964 2705 3035 virumque
2745 2963 3116 3018 Christianum
3157 2962 3472 3018 describere
3497 2999 3514 3025 ,
3557 2975 3673 3014 non

2038 3067 2046 3074 ‘
2083 3062 2385 3117 dedecoret.
2419 3059 2523 3113 Alii
2549 3059 2616 3112 ad
2645 3058 2924 3129 speculum
2955 3071 3016 3112 sc
3049 3056 3506 3126 contemplemur,
3550 3053 3676 3126 pal-

2057 3156 2281 3226 ‘pebras
2313 3152 2619 3224 intiugant,
2657 3153 2848 3208 dentes
2885 3151 3216 3214 instaurent,
3258 3149 3452 3204 faciem
3494 3147 3674 3203 medi-

2085 3259 2301 3315 centur,
2340 3246 2696 3318 capillitium,
2735 3245 2934 3316 duplici
2975 3245 3196 3298 nomine
3247 3242 3521 3310 alienum,
3567 3255 3672 3296 ve-

2086 3351 2210 3396 sent
2246 3349 2682 3411 torqueantque;
2721 3347 2776 3394 tu
2823 3339 3070 3402 interim,
3102 3338 3257 3392 bonae
3291 3335 3490 3391 mentis
3523 3335 3677 3390 Cal-

2085 3433 2287 3501 didate,
2313 3433 2379 3488 ad
2409 3433 2788 3503 politissimum
2823 3433 2925 3487 hoc
2956 3431 3268 3502 κάτοπτρον
3291 3429 3520 3498 teipsum
3553 3426 3678 3483 exi-

2086 3541 2219 3598 gas,
2259 3526 2510 3597 corporis
2546 3539 2715 3594 opes,
2758 3524 2951 3579 animae
2985 3522 3412 3594 praerogativas,
3457 3530 3681 3575 natura:

2088 3619 2357 3673 universae
2387 3618 2565 3672 dotem
2595 3657 2610 3682 ,
2645 3618 2696 3670 in
2729 3617 2940 3672 tabulas
2965 3626 3132 3686 atque
3163 3612 3631 3670 censum‘rel‘eras
3657 3634 3674 3669 :
3749 3619 3751 3621 ’

2087 3711 2396 3781 pudeatque
2419 3711 2659 3764 divinum
2687 3709 2924 3773 animal,
2949 3708 3148 3763 summi
3178 3706 3450 3773 numinis,
3481 3705 3678 3762 mundi

2089 3804 2359 3870 universi,
2393 3804 2648 3875 quodque
2680 3803 2786 3859 illis
2826 3803 3134 3874 proximum
3161 3842 3177 3868 ,
3212 3801 3292 3856 sui
3323 3799 3491 3869 ipsius
3534 3814 3678 3856 con-

2091 3894 2425 3965 templationi
2465 3906 2672 3962 natum,
2727 3895 2794 3948 ad
2827 3896 3108 3949 brutorum
3140 3893 3320 3950 studia
3348 3902 3402 3947 et
3433 3891 3681 3947 delecta-

2090 3997 2274 4043 menta
2331 3987 2684 4044 descendere.
2739 3985 2882 4054 Quin
2921 3987 3138 4054 dignam
3179 3983 3452 4039 natalibus
3486 3997 3682 4038 sumas

2090 4078 2400 4150 superbiam
2430 4095 2446 4145 ;
2491 4079 2716 4142 divitiis,
2756 4077 3076 4142 honoribus,
3111 4075 3508 4146 voluptatibus,
3545 4089 3680 4130 cor-

2094 4171 2352 4242 porisque
2391 4169 2666 4226 illecebris
2703 4167 3118 4238 quibuscunque
3158 4168 3385 4238 insuper
3425 4167 3671 4234 habitis,

2093 4265 2381 4318 veritatem
2412 4271 2468 4318 et
2500 4262 2755 4317 virtutem
2789 4261 3002 4315 atnbias
3035 4261 3194 4315 unice
3232 4268 3286 4313 et
3317 4261 3680 4316 consecter-is.

2094 4352 2327 4409 Tantum
2363 4363 2414 4409 te
2445 4353 2497 4406 in
2532 4352 2759 4407 scientia
2795 4350 3096 4420 profecisse
3131 4350 3324 4405 credas
3348 4391 3363 4416 ,
3405 4359 3677 4416 quantum

2093 4447 2148 4502 in
2183 4445 2428 4501 moribus
2465 4443 2634 4500 lucris
2672 4445 3052 4511 emendatior;
3094 4459 3159 4499 eo
3199 4457 3369 4512 usque
3408 4443 3676 4508 doctum,

2097 4540 2148 4594 in
2189 4549 2448 4610 quantum
2490 4539 2691 4593 bonum
2722 4581 2738 4606 ,
2781 4537 2853 4592 ita
2886 4537 3293 4612 philosophum,
3329 4545 3386 4591 ut
3413 4534 3680 4590 Christia-

409 4645 788 4717 iimbriamque
815 4625 1194 4714 ostendimus,
1227 4663 1333 4703 non
1369 4645 1646 4703 volumina
1675 4643 1858 4700 omnia
1891 4642 1975 4698 ob-

2099 4647 2249 4686 num.
2309 4629 2571 4685 Parentes
2622 4629 2838 4698 quidem
2899 4631 3066 4684 nostri
3126 4635 3458 4698 praepostera
3506 4625 3679 4694 gula,

401 4737 622 4811 jicintus
653 4750 708 4795 et
739 4739 1094 4809 explicemus.

479 4831 748 4886 Audacter
777 4834 1039 4898 dixerim,
1076 4832 1315 4904 quisquis
1355 4832 1700 4903 hypomnema
1746 4829 1844 4881 hoc
1888 4843 1992 4880 non

409 4942 626 4994 prorsus
663 4917 984 4998 negligenter
1016 4926 1258 4982 evaluerit
1283 4966 1298 4992 ,
1335 4942 1454 4982 eum
1487 4924 1717 4994 plurima
1752 4929 1990 4990 repertu-

408 5033 560 5083 rttm,
592 5034 756 5089 eaque
788 5035 890 5073 non
919 5018 1046 5074 levis
1073 5021 1354 5085 momenti,
1386 5033 1504 5089 qua:
1533 5016 1676 5086 apud
1707 5013 1993 5068 neotericos

412 5110 690 5180 magistros
710 5151 726 5177 ,
775 5111 964 5183 quibus
994 5111 1224 5166 solemne
1249 5110 1475 5165 habetur
1511 5105 1740 5162 scribere
1767 5118 1989 5174 semper,

416 5216 681 5266 nunquam
713 5202 884 5272 legere
909 5243 924 5269 ,
956 5202 1171 5258 omnino
1211 5219 1342 5258 nova
1376 5199 1710 5257 videbuntur.

2099 4724 2411 4797 priusquam
2491 4722 2612 4776 vitae
2691 4721 2940 4776 arborem
3000 4719 3363 4784 delibassent,
3437 4716 3684 4772 scientiae

2102 4817 2312 4872 fructus
2353 4815 2712 4880 devorantes,
2754 4823 2984 4868 mortem
3025 4815 3124 4867 sibi
3177 4811 3520 4882 posterisque
3566 4809 3682 4865 suis

2101 4911 2470 4973 arcessivere;
2514 4925 2612 4964 nos
2663 4909 2779 4964 vice
2829 4921 2982 4962 versa
3031 4906 3384 4962 scientiarum
3433 4901 3684 4958 surculos

2103 5005 2227 5059 vitae
2285 5005 2463 5059 arbori
2523 5004 2859 5069 inserentes,
2904 5018 3008 5056 non
3049 5002 3310 5055 innocuas
3347 4997 3539 5062 modo,
3581 4997 3677 5051 sed

2099 5108 2156 5154 et
2209 5097 2474 5153 salutares
2514 5100 2711 5169 dapes,
2755 5096 2863 5152 imo
2917 5094 3275 5150 aeternitatem
3311 5089 3483 5160 ipsam
3539 5102 3676 5160 epu-

2098 5191 2349 5247 labimur.
