3844 6324
468 351 537 407 ιε
1831 364 1890 420 S.
1934 365 2283 424 EPlPllANll

3619 385 3728 442 576

429 473 773 545 singulorum
808 492 869 532 sc
904 486 1093 536 aetates
1121 482 1550 541 accommodans
1590 485 1855 555 paulatim
1902 502 1999 544 eru

2133 492 2227 553 καὶ
2252 492 2459 567 ἑκαστῃ
2485 492 2671 568 ἡλικίᾳ
2692 493 3070 569 ἁρμοζόμενος
3094 500 3383 573 προϐαίνει
3405 506 3473 575 τῇ
3499 508 3727 582 παιδεία

427 565 562 629 dial,
602 581 703 622 nec
733 566 1001 625 infantem
1041 568 1232 626 eadem
1282 587 1391 642 qua
1436 572 1908 632 adolescentulum
1936 578 2021 634 dio

427 656 718 726 sciplinam
768 661 1085 727 contineat,
1132 678 1234 720 nec
1283 665 1758 725 adolescentulum
1795 673 2024 742 perinde

426 762 492 802 ac
545 748 839 818 juvenem,
887 762 982 806 aut
1038 754 1189 810 hunc
1236 765 1295 811 ut
1358 760 1583 816 robusta
1612 760 1729 831 jam
1767 778 1833 819 ac
1878 765 2023 821 virili

424 850 585 897 aetate
616 853 902 923 coerceat.
930 846 1190 913 Quinimo
1223 852 1508 908 .tenellum
1542 854 1755 921 adhuc,
1781 872 1844 913 ac
1885 875 2025 929 pene

428 916 719 992 lactentem
771 937 943 1009 digito
993 940 1263 1011 castigat;
1323 946 1615 1015 puerulum
1683 964 1812 1005 vero
1856 916 2022 1023 plaulo

428 1027 778 1097 grandiorem
828 1033 1086 1104 colapho,
1136 1035 1273 1091 loris
1326 1036 1835 1110 adolescentulum,
1864 1044 2024 1115 juve-

425 1137 552 1176 nem
584 1124 755 1193 virgis
785 1126 1060 1199 objurgat.
1103 1128 1277 1186 Porro
1307 1132 1397 1186 ubi
1439 1134 1524 1189 vir
1554 1135 1696 1191 inter
1725 1137 1874 1194 viros
1899 1155 2024 1196 esse

426 1215 615 1286 ccepit,
647 1218 691 1272 si
718 1221 941 1288 gravius
968 1223 1230 1292 quiddam
1265 1223 1582 1296 deliquerit,
1606 1228 1791 1299 gladio
1809 1246 1873 1287 ex
1908 1233 2023 1304 lege

425 1309 714 1379 plectetur.
746 1313 821 1367 Ita
870 1313 1142 1373 Dominus
1190 1318 1493 1393 unicuique
1541 1322 1825 1380 hominum
1870 1328 2020 1382 aetati

425 1409 796 1458 consentanea
827 1410 1179 1478 praescripsit.
1211 1411 1424 1483 Quippe
1456 1422 1667 1472 veteres
1696 1417 1854 1485 illos,
1899 1427 2022 1475 tan-

423 1508 590 1563 quam
627 1511 752 1551 eum
786 1502 1061 1567 puerulis,
1106 1517 1170 1557 ac
1202 1504 1310 1559 vim
1358 1508 1536 1563 sancti
1580 1507 1821 1580 Spiritus
1862 1516 2021 1583 igno-

422 1587 678 1643 rantibus
720 1599 938 1660 ageret,
983 1604 1127 1650 metu
1162 1611 1227 1650 ac
1267 1605 1479 1656 terrore
1519 1601 1844 1674 castigabat.
1877 1603 2017 1660 Tum

423 1680 852 1751 perfectioribus
881 1686 1209 1758 perfectiora
1242 1695 1501 1765 mysteria
1534 1699 1845 1769 proposuit.
1881 1698 2017 1755 Nam

423 1772 481 1829 in
507 1774 668 1846 227
694 1776 987 1850 Evangelio
1010 1784 1216 1852 passim
1245 1786 1318 1840 ita
1337 1787 1641 1859 discipulos
1658 1793 2018 1863 compcllasse

422 1864 626 1937 legitur
652 1889 665 1924 :
692 1869 926 1928 Nescitis
954 1876 1081 1945 quid
1110 1877 1274 1947 facio,
1310 1881 1490 1935 scietis
1532 1893 1707 1938 autem
1747 1895 1928 1955 postea
1960 1888 1976 1918 ³
2001 1927 2016 1951 ,

419 1957 684 2015 nimirum
720 1979 843 2018 cum
893 1965 1253 2034 perfectiores
1289 1972 1464 2029 eritis.
1500 1973 1630 2030 Item
1678 1977 1813 2032 illud
1853 1997 1866 2034 :
1904 1977 2014 2034 Ne-

419 2052 691 2120 sciebant,
722 2055 885 2112 donec
921 2077 955 2113 α
989 2064 1214 2117 mortuis
1246 2071 1607 2137 resurgeret’.
1649 2068 1739 2124 Sic
1784 2079 1838 2126 et
1869 2070 2014 2148 Pau-

419 2145 509 2200 lus
545 2164 560 2200 :
594 2144 848 2203 Nondum
887 2153 1029 2206 enim
1077 2158 1334 2222 poteratis
1360 2197 1374 2222 ,
1431 2160 1522 2214 sed
1571 2178 1664 2215 nec
1717 2144 2015 2236 udlruc'po-

426 2240 574 2293 testis
608 2240 784 2321 iiut
821 2246 1164 2315 ostenderet,
1211 2251 1638 2320 procedentibus
1671 2260 2013 2329 temporibus

426 2318 756 2399 perfectiora
805 2336 924 2392 dari
968 2318 1275 2411 praecepta;
1310 2360 1433 2415 quae
1489 2345 1616 2403 licet
1661 2318 1850 2406 eadem
1903 2354 2015 2408 sint

426 2440 664 2495 semper,
703 2430 865 2485 aliam
894 2434 1254 2492 nihilominus
1306 2441 1574 2497 rationem
1610 2442 1873 2510 induunt,
1914 2463 2014 2502 nuc

417 2520 612 2577 eodem
684 2524 1004 2595 junioribus
1068 2547 1178 2602 quo
1208 2532 1461 2590 robustis
1503 2536 1665 2592 modo
1704 2544 2017 2609 temperau—

416 2621 526 2669 tur.
575 2617 710 2673 Cum
758 2622 905 2676 enim
950 2623 1086 2695 legis
1131 2626 1245 2682 haec
1279 2638 1429 2684 esset
1465 2631 1698 2685 formula
1736 2652 1749 2687 :
1786 2633 2013 2690 Oculum

416 2721 514 2775 pro
560 2709 747 2774 oculo,
797 2726 907 2766 non
959 2712 1100 2768 dixit
1132 2734 1145 2770 :
1176 2715 1369 2773 Eruite
1402 2720 1624 2775 oculum
1674 2738 1775 2792 pro
1813 2727 2009 2793 oculo;

420 2792 550 2863 sed,
595 2801 640 2854 si
694 2803 820 2872 quis
870 2806 1092 2860 oculum
1134 2810 1374 2876 eruerit,
1421 2813 1473 2868 ei
1520 2814 1716 2870 oculus
1765 2830 2008 2875 eruetur.

418 2887 544 2945 Ideo
579 2894 811 2962 quilibet
858 2905 917 2950 ut
963 2901 1181 2971 corpori
1211 2918 1313 2958 suo
1346 2906 1695 2974 consuleret,
1734 2912 2013 2969 maxillam

413 2985 724 3040 verberanti
754 2990 1030 3058 praebebat
1050 3034 1064 3059 ,
1096 3010 1203 3050 non
1237 2996 1353 3066 ipse
1379 3000 1725 3058 verberabat.

491 3075 609 3141 Qua
647 3079 857 3136 ratione
907 3083 1020 3151 jam
1059 3093 1172 3141 tum
1221 3104 1285 3143 ea
1340 3091 1728 3160 servabantur,
1778 3112 1901 3168 qua;
1953 3098 2010 3154 in

419 3163 713 3237 Evangelia
745 3173 909 3227 modo
939 3181 1048 3228 tam
1078 3179 1282 3247 apertis
1310 3180 1491 3237 verbis
1529 3196 1797 3258 concepta
1828 3196 1958 3244 sunt
1992 3210 2006 3247 :

2135 586 2231 638 καὶ
2266 588 2365 640 οὐκ
2402 588 2533 652 ἴσως
2557 588 2618 642 τὸ
2661 591 2857 663 μικρὸν
2902 592 3102 665 βρέφος
3140 595 3382 651 παιδεύει
3414 599 3493 671 τῷ
3530 619 3727 674 μειρα-

2129 677 2254 750 κίῳ,
2285 678 2408 733 οὐδὲ
2438 680 2497 734 τὸ
2532 682 2819 753 μειράκιον
2865 683 3129 750 ὡσαύτως
3160 686 3237 759 τῷ
3274 691 3566 764 νεανίσκῳ,
3607 695 3726 750 οὐδὲ

2106 770 2219 825 -τὸν
2292 772 2511 828 νεανίαν
2565 773 2645 846 τῷ
2696 775 2888 848 τελείῳ
2925 777 3096 849 ἀνδρί.
3142 780 3302 835 Ἀλλὰ
3338 783 3418 855 τῷ
3454 787 3558 857 μὲν
3597 789 3727 842 ὐπο-

2127 862 2317 935 τιτθίῳ
2349 863 2436 919 διὰ
2464 864 2729 920 δακτύλου
2769 869 2986 923 παιδεία
3012 872 3246 941 γίνεται,
3281 877 3480 948 παιδίῳ
3511 877 3571 932 δὲ
3602 883 3725 951 μεί-

2127 951 2243 1018 ζονι
2269 955 2359 1010 διὰ
2386 957 2568 1029 χειρὸς
2601 958 2964 1031 ραπίσματος,
2992 965 3266 1036 μειρακίῳ
3291 965 3346 1019 δὲ
3379 967 3468 1021 διὰ
3500 969 3727 1040 ίμάντος

2127 1050 2397 1122 νεανίσκῳ
2453 1051 2542 1106 διὰ
2587 1052 2808 1124 ῥάϐδου,
2846 1056 3007 1126 ἀνδρὶ
3042 1056 3099 1110 δὲ
3137 1057 3419 1128 ἐκδίκησις
3447 1060 3562 1127 τῶν
3604 1080 3725 1133 μει-

2126 1141 2295 1207 ζόνων
2360 1146 2828 1216 παραπτωμάτων
2884 1150 3131 1222 μάχαιρα
3182 1151 3271 1205 διὰ
3312 1153 3515 1224 νόμου’
3581 1155 3725 1210 οὕτω

2125 1235 2222 1288 καὶ
2275 1238 2305 1290 ὁ
2354 1236 2561 1310 Κύριος
2596 1238 2727 1312 ἑξῆς
2760 1243 3071 1314 ἐνομοθέτει
3102 1246 3306 1318 ἑκάστῃ
3343 1251 3504 1321 γενεᾷ
3554 1251 3726 1322 ἁρμό-

2125 1325 2308 1391 ζοντα.
2376 1329 2649 1396 Ἐκείνους
2701 1334 2800 1405 μὲν
2857 1335 2967 1409 γὰρ
3021 1338 3171 1410 φόϐῳ
3222 1340 3612 1413 ἐσωφρόνιζεν,
3652 1343 3725 1408 ὡς

2125 1420 2360 1486 παιδίοις
2402 1427 2619 1496 μικροῖς
2656 1424 3060 1501 διαλεγόμενος,
3098 1431 3193 1485 καὶ
3226 1432 3479 1500 ἀγνοοῦσι
3510 1436 3613 1507 τὴν
3633 1434 3725 1489 δύο

2124 1530 2290 1585 ναμιν
2342 1515 2437 1569 τοῦ
2476 1517 2633 1587 ἁγίου
2674 1520 3032 1593 Πνεῦματος·
3062 1525 3192 1588 τοὺς
3238 1524 3295 1578 δὲ
3342 1525 3606 1591 τελείους,
3640 1544 3727 1579 τε·

2121 1604 2283 1660 λείων
2341 1607 2496 1679 ἠξίου
2540 1613 2880 1685 μυστηρίων.
2914 1616 3025 1670 Καὶ⁸
3054 1618 3111 1669 ὲν
3144 1616 3222 1688 τῷ
3263 1618 3587 1691 Εὐαγγελίῳ
3616 1619 3727 1691 γὰρ

2122 1696 2268 1751 οὕτω
2323 1716 2443 1764 πως
2499 1701 2645 1773 λέγει
2692 1707 2809 1770 τοῖς
2849 1707 3116 1779 μαθηταῖς
3157 1711 3216 1762 ὲν
3257 1709 3471 1775 πολλοῖς
3498 1712 3722 1777 τόποις·

2135 1794 2257 1847 Οὐκ
2290 1792 2489 1849 οἴδατε
2523 1796 2580 1850 τί
2624 1797 2806 1852 ποιῶ·
2832 1800 3092 1869 ὕστερον
3109 1800 3177 1854 δὲ
3206 1801 3536 1872 γνώσεσθε,
3571 1821 3727 1858 τουτ-

2050 1881 2092 1936 B
2121 1886 2268 1940 ἐστιν
2316 1884 2447 1941 ὅταν
2481 1890 2676 1946 τέλειοι
2718 1891 2951 1964 γένησθε
2974 1908 2990 1924 ·
3032 1893 3127 1947 καὶ
3162 1894 3361 1949 πάλινσ
3401 1897 3526 1949 Οὐκ
3561 1895 3724 1966 ἠὸειο

2115 2005 2257 2055 σαν,
2293 1989 2405 2056 ἕως
2457 1983 2685 2054 ἀνέστη
2726 1986 2795 2040 ἐκ
2829 1984 2948 2040 τῶν
2990 1986 3254 2057 νεκρῶν·
3290 1991 3318 2042 ό
3363 1987 3421 2042 δὲ
3465 1988 3684 2053 Παῦλος
3708 2011 3721 2023 ·

2119 2082 2295 2135 Οὔπω
2347 2082 2460 2153 γὰρ
2523 2079 2855 2149 ἠδύνασθε,
2903 2080 3042 2134 ἀλλ’
3099 2080 3242 2136 οὐδὲ
3283 2081 3370 2136 ἔτι
3417 2081 3722 2138 δύνασθε·

2120 2172 2359 2238 δεικνὺς,
2405 2173 2487 2226 ὅτι
2538 2171 2746 2244 καιρῶν
2775 2173 3075 2242 προϊόντων
3116 2173 3451 2249 τελειότεραι
3483 2176 3722 2242 ἐντολαὶ,

2114 2261 2273 2319 οὖσαι
2324 2265 2422 2337 μὲν
2470 2266 2527 2319 αἱ
2585 2265 2770 2329 αὑταὶ,
2809 2264 3280 2337 μεταϐαλλόμεναι
3324 2268 3380 2321 δὲ
3411 2270 3492 2332 είς
3523 2271 3725 2341 ἑτέραν

2116 2356 2303 2428 σχέσιν
2327 2375 2340 2389 ο
2370 2358 2505 2412 ἀλλὰ
2545 2362 2659 2423 τοῖς
2701 2357 2843 2421 νέοις
2878 2357 2978 2430 μὲν
3016 2358 3193 2423 ἄλλως
3221 2359 3722 2433 σχηματιζόμειιαι,

2116 2448 2322 2519 ἑτέρως
2371 2449 2427 2503 δὲ
2480 2453 2591 2515 τοῖς
2623 2450 3042 2523 ὲντελεστέροις.
3086 2452 3482 2524 Νομοθετήσας
3536 2454 3649 2526 γὰρ
3694 2456 3721 2507 ὁ

2112 2541 2277 2613 νόμος
2309 2543 2410 2615 (7),
2450 2544 2794 2614 Ὀφθαλμὸν
2821 2545 2955 2599 ἀντὶ
2977 2546 3311 2616 ὀφθαλμοῦ,
3331 2541 3609 2617 οὒκξεῖπεν
3630 2549 3723 2601 αῦ-

2114 2638 2259 2699 τοῖς*
2326 2635 2647 2691 Ἐκὸάλλετε
2691 2636 2969 2710 όφθαλμδν
3021 2638 3142 2693 ἀντὶ
3193 2637 3506 2710 ὀφθαλμοῦ·
3563 2640 3702 2703 ἀλλ’,

2129 2728 2257 2782 Ἐὰν
2291 2727 2499 2802 ἐκϐάλῃ
2532 2729 3348 2803 τιςόφθαλμὸν,ἐκ6ληθήσεται
3380 2733 3408 2784 ό
3438 2730 3721 2801 ὀφθαλμὸς

2112 2821 2210 2875 τοῦ
2256 2822 2602 2888 ἐκϐαλόντος.
2656 2823 2925 2889 Ἕκαστος
2971 2822 3049 2891 δὲ,
3093 2822 3406 2896 φειδόμενος
3448 2824 3543 2879 τοῦ
3586 2825 3719 2878 ἰδίου

2118 2915 2393 2986 σώματος,
2430 2915 2723 2987 παρεδίδου
2752 2915 2852 2988 τὴν
2882 2915 3108 2987 σιαγόνα
3135 2916 3454 3001 τύπτεσθαι,
3486 2918 3585 2972 καὶ
3615 2920 3719 2972 οὐκ

2117 3008 2339 3064 ἔτυπτε.

2186 3104 2298 3156 Καὶ
2337 3101 2447 3157 ἀπὸ
2467 3102 2587 3156 τότε
2615 3102 2949 3173 ἐφυλάττετο
2981 3104 3159 3160 τὰνῦν
3194 3107 3252 3159 ἐν
3286 3104 3365 3177 τῷ
3394 3104 3719 3178 Εὐαγγελξῳ

2115 3194 2404 3268 τηλαυγῶς
2467 3195 2754 3267 εἰρημένα,
2792 3197 2913 3251 τότε
2949 3197 3046 3270 μὲν
3084 3196 3419 3271 ἀνάγκῃ,ὼς
3445 3198 3585 3252 νέων
3613 3216 3717 3251 σω-

418 3274 542 3313 cum
575 3278 640 3316 eo
670 3272 851 3320 tamen
882 3266 1221 3338 discrimine,
1259 3278 1404 3345 quod
1438 3279 1513 3333 illi
1544 3292 1691 3336 metu
1724 3297 1788 3337 ac
1820 3300 2007 3340 neces-

2125 3287 2544 3359 φρονιζομένων,
2594 3286 2689 3342 νῦν
2737 3287 2795 3341 δὲ
2851 3288 3194 3361 προαιρέσει,
3239 3289 3335 3362 ἆτε
3379 3288 3445 3362 δὴ
3486 3289 3715 3343 τελείων

422 3354 582 3409 sitatc
617 3356 763 3411 velut
803 3358 1184 3421 adolescentes
1230 3366 1283 3423 in
1323 3369 1502 3426 cilicio
1541 3375 1927 3444 continentur,
1956 3378 2008 3433 bi

421 3454 609 3517 utpote
641 3450 964 3509 confirmata
1008 3456 1122 3526 jam
1154 3466 1315 3517 aetate
1361 3471 1555 3534 sponte
1586 3481 1687 3520 sua
1716 3483 1780 3523 ac
1819 3470 2011 3524 volun-

416 3547 529 3595 tate
560 3543 963 3615 obtemperent.
994 3550 1065 3605 At
1095 3555 1240 3607 enim
1271 3559 1549 3612 contraria
1580 3560 1684 3615 ista
1711 3561 2006 3618 videntur:

420 3632 645 3689 Oculum
678 3654 774 3707 pro
795 3642 947 3695 oculo
967 3683 982 3708 ,
1009 3653 1063 3699 et
1085 3646 1492 3707 interfectorem
1523 3653 1754 3710 interfici
1792 3657 2005 3727 jubere.

417 3725 522 3783 Sed
563 3730 629 3786 de
660 3732 751 3787 illa
789 3735 986 3805 judicii
1029 3738 1118 3795 die
1162 3741 1242 3796 sic
1268 3742 1578 3814 loquentem
1617 3725 1897 3807 Christum
1929 3756 2010 3811 vi-

415 3821 609 3878 demus
644 3844 656 3879 :
696 3825 873 3882 Veniet
895 3870 909 3893 ,
935 3828 1134 3900 inquit,
1158 3833 1273 3902 ejus
1315 3835 1603 3902 Dominus,
1637 3842 1877 3912 scipsum
1912 3862 2009 3901 au-

413 3923 524 3969 tem
564 3919 840 3990 intelligit,
878 3922 970 3991 qui
997 3924 1070 3978 sit
1111 3927 1359 3982 omnium
1397 3928 1661 3989 Dominus
1682 3974 1696 3999 ,
1720 3946 1771 3989 et
1799 3954 2007 3993 servum

413 4009 587 4079 ipsum
617 4012 673 4065 in
712 4012 847 4068 duas
886 4025 1062 4084 partes
1103 4019 1333 4086 secubit;
1373 4033 1422 4077 et
1464 4035 1668 4093 partem
1719 4028 1835 4099 ejus
1884 4048 2005 4085 cum

414 4101 722 4171 inﬁdelibus
771 4107 990 4174 ponet".
1026 4107 1215 4166 Restat
1263 4114 1430 4185 igitur
1472 4127 1532 4173 ut
1576 4129 1769 4175 contra
1813 4123 2006 4180 Salva-

412 4205 590 4251 torem
650 4198 827 4269 ipsum
860 4203 1166 4263 calumnias
1199 4217 1323 4266 tuas
1353 4225 1418 4265 ac
1449 4213 1740 4269 maledicta
1775 4231 2007 4273 conver-

415 4295 523 4353 tas,
555 4305 790 4362 eumque
820 4308 945 4350 esse
990 4296 1196 4354 bonum
1251 4300 1546 4373 inlicieris,
1577 4308 1795 4362 tametsi
1829 4308 2005 4366 bonus

412 4397 537 4434 eum
575 4379 735 4437 Pater
761 4388 1038 4456 genuerit,
1070 4388 1358 4463 bonusque
1395 4394 1469 4450 sit
1500 4409 1564 4452 ac
1591 4396 1806 4467 justus,
1838 4416 1938 4457 nec
1973 4418 2004 4457 a

409 4469 574 4528 Patre
603 4474 874 4534 diversus.
906 4480 1178 4547 Quocirca
1222 4492 1280 4539 tu
1308 4486 1403 4557 qui
1441 4487 1621 4559 legum
1646 4490 1806 4548 nobis
1831 4494 2003 4563 parti-

2116 3380 2474 3451 πειθομένων.
2504 3381 2568 3433 Ei
2593 3380 2649 3433 δὲ
2676 3373 2909 3450 φάσκεις
2939 3381 3278 3453 περιπλοκὴν
3310 3376 3450 3435 εἶναι
3482 3382 3712 3453 ταύτην,

2112 3473 2174 3525 τὸ
2209 3470 2416 3541 λέγειν,
2460 3472 2797 3542 Ὀφθαλμὸν
2850 3473 2983 3527 ἀντὶ
3031 3473 3366 3543 ὀφθαλμοῦ,
3406 3475 3500 3527 καὶ
3532 3475 3595 3529 τὺ
3621 3476 3714 3528 τὸν

2114 3564 2279 3634 φονέα
2308 3562 2651 3634 φονεύεσθαι,
2694 3563 2805 3618 ἰδοὺ
2836 3564 2933 3618 καὶ
2962 3565 3089 3636 περὶ
3108 3564 3205 3635 τῆς
3223 3564 3435 3637 ἡμέρας
3460 3566 3561 3636 τῆς
3588 3567 3711 3638 xpl-

2114 3675 2250 3721 σεως
2281 3657 2551 3729 βλέπομεν
2564 3656 2656 3711 τδν
2697 3658 2928 3729 Σωτῆρα
2957 3657 3205 3727 λέγοντα,
3238 3659 3321 3711 ὅτι
3372 3660 3712 3714 Ἐλεύσεται

2111 3753 2147 3805 ὁ
2208 3750 2396 3806 αὐτοῦ
2448 3751 2801 3819 Δεσπότηςε
2848 3750 3007 3803 τοῦτο
3047 3748 3103 3802 δὲ
3128 3749 3257 3821 περὶ
3299 3748 3491 3802 ἑαυτοῦ
3524 3750 3712 3819 ἔλεγεν

2110 3841 2273 3906 αὐτὸς
2300 3841 2519 3896 πάντων
2552 3841 2626 3895 ὢν
2657 3841 2957 3914 Δεσπότης,
2996 3841 3092 3895 καί
3125 3858 3258 3914 φησι
3278 3857 3293 3871 '
3322 3841 3432 3896 Kal
3478 3840 3712 3911 6:10:0-

2109 3934 2292 4003 μήσει
2319 3934 2508 3989 αὐτὸν
2522 3934 2632 3990 τὸν
2654 3936 2724 3989 δο
2734 3936 2884 3991 Mor
2900 3953 2914 3967 ο
2937 3934 3039 3990 καὶ
3068 3936 3135 3989 τὸ
3154 3933 3338 4004 μέρος
3353 3934 3542 3989 αὐτοῦ
3558 3934 3711 4004 μετὰ

2109 4027 2229 4082 τῶν
2242 4029 2517 4084 ἀπίστων
2544 4028 2739 4097 θήσει.
2771 4029 2981 4083 Οὐκοῦν
3001 4029 3024 4060 ‘
3056 4030 3150 4083 καὶ
3178 4029 3306 4101 περὶ
3337 4028 3431 4082 τοῦ
3455 4029 3709 4100 Stasime;

2113 4118 2375 4194 ὲξοπλίζῃ
2431 4122 2790 4191 συκοφαντεῖν
2828 4120 2990 4175 πάλιν
3022 4122 3266 4193 ῥήματα,
3300 4119 3396 4176 καὶ
3424 4121 3602 4186 εἴποις
3644 4120 3709 4175 ἄν

2107 4214 2295 4270 τοῦτον
2330 4216 2404 4288 μὴ
2431 4211 2571 4269 εἶναι
2595 4215 2821 4284 ἀγαθὸν,
2840 4215 3020 4269 καίτοι
3054 4229 3119 4283 γε
3149 4215 3215 4268 ἐκ
3246 4214 3465 4285 Πατρὸς
3495 4213 3705 4283 ἀγαθοῦ

2107 4308 2526 4380 γεγεννημένον,
2572 4309 2670 4362 καὶ
2727 4307 2933 4376 ἀγαθὸν
2981 4305 3134 4372 ὄντα,
3175 4306 3310 4361 ἀλλὰ
3356 4306 3590 4371 δίκαιον,
3613 4307 3705 4360 καὶ

2106 4401 2220 4456 οὗθ’
2250 4402 2437 4475 ἕτερον
2468 4402 2620 4475 παρᾶ
2651 4400 2743 4457 τὸν
2776 4401 3018 4473 Πατέρα.
3060 4400 3453 4471 Δύνασαι.ἄρα
3483 4400 3581 4452 καὶ
3612 4400 3703 4452 αῦ-

2104 4494 2195 4548 τὸν
2257 4493 2655 4569 ἀπαλλοτριοῦν
2692 4494 2793 4565 τῆς
2837 4493 2932 4548 τοῦ
2968 4493 3184 4565 Πατρὺς
3228 4492 3436 4557 οὐσίας,
3460 4486 3504 4545 ὧ
3527 4488 3700 4556 οὗτος,

412 4572 499 4619 tor
527 4580 591 4621 ac
613 4580 890 4639 geometra
929 4583 1152 4643 repente
1179 4574 1455 4646 prodiisti,
1483 4594 1547 4634 ac
1577 4581 1849 4638 trifariam
1880 4586 2003 4641 uni-

2125 4590 2135 4641 i
2187 4587 2473 4658 προελθὼν·
2519 4591 2653 4660 ἡμῖν
2700 4586 2863 4642 πάλιν
2907 4587 3208 4660 διαιρέτης,
3250 4585 3344 4640 καὶ
3379 4587 3702 4658 γεωμέτρης

410 4674 570 4716 versa
596 4662 826 4729 dividis,
861 4673 1016 4735 potes
1045 4668 1198 4723 illum
1238 4685 1269 4725 a
1305 4669 1485 4730 Patris
1532 4674 1851 4734 abalienare
1894 4696 1998 4734 na-

410 4761 555 4809 tura.
617 4754 774 4823 Quod
822 4769 1001 4814 autem
1039 4764 1305 4820 nonnulla
1364 4765 1559 4825 delinis
1610 4770 1664 4823 iu
1709 4771 1828 4842 lege
1878 4789 2001 4831 esse

410 4846 776 4903 adumbrandi
807 4851 1268 4926 signiﬁcandique
1292 4873 1459 4914 causa
1489 4864 1718 4933 scripta,
1753 4867 2002 4923 veritatis

408 4940 661 4996 nonnihil
689 4943 942 5015 attigisti,
981 4955 1040 5000 ut
1079 4950 1271 5018 paucis
1302 4950 1372 5008 iis
1416 4959 1696 5025 aspersis,
1731 4961 1873 5015 viam
1903 4963 2002 5017 tibi

410 5028 465 5085 in
504 5034 718 5091 caeteris
757 5036 823 5090 ad
872 5035 1146 5095 fallaciam
1185 5040 1543 5117 fraudemque
1586 5053 1854 5110 munires.
1888 5050 2000 5108 Nec

410 5125 556 5179 enim
590 5125 925 5185 dimtendum
952 5142 1059 5199 est,
1092 5135 1225 5206 quin
1251 5136 1367 5192 lucc
1408 5138 1515 5193 illis
1560 5140 1614 5195 iu
1648 5142 1820 5214 figura
1865 5160 2003 5199 con-

411 5217 662 5288 tigeriut,
700 5222 902 5291 scripta
939 5225 1050 5280 sint
1099 5234 1282 5282 autem
1333 5228 1402 5284 ad
1443 5232 1846 5304 correptionem
1900 5252 2001 5290 no-

411 5316 613 5373 stram,
660 5312 714 5363 in
757 5327 896 5382 quos
946 5314 1079 5372 fines
1128 5318 1454 5375 saeculorum
1504 5321 1879 5390 devenerunt,
1924 5328 2001 5382 ait

410 5411 635 5459 sanctus
664 5405 959 5476 Apostolus
994 5408 1036 5476 ⁸,
1061 5425 1187 5466 cum
1218 5411 1284 5469 de
1306 5415 1749 5487 circumcisione,
1772 5434 1835 5475 ac
1862 5419 2000 5476 Sab-

2103 4682 2213 4738 τῶν
2262 4684 2464 4755 νόμων,
2511 4684 2714 4756 τριχῶς
2746 4684 2818 4738 τὰ
2865 4684 3041 4738 πάντα
3073 4682 3315 4755 διαιρῶν.
3349 4684 3460 4736 Καὶ
3496 4682 3579 4753 τῷ
3606 4683 3701 4755 μὲν

2104 4778 2300 4840 εἰπεῖν,
2326 4776 2409 4829 ὅτι
2442 4776 2525 4839 εἰς
2550 4775 2756 4840 τύπους
2801 4774 3146 4848 συμϐολικῶς
3187 4792 3309 4828 τινα
3340 4776 3399 4827 ἐν
3447 4775 3527 4847 τῷ
3554 4776 3701 4846 νόμῳ

2103 4868 2439 4939 γέγραπται,
2468 4868 2626 4937 ὀλίγα
2657 4869 2898 4941 παρήψω
2924 4869 3022 4940 τῆς
3053 4867 3335 4940 ἀληθείας,
3359 4868 3447 4920 ἵνα
3475 4868 3571 4921 διὰ
3595 4869 3700 4921 τῶν

2102 4959 2298 5028 ὀλίγων
2324 4959 2559 5033 δυνηθῇς
2601 4961 2697 5015 καὶ
2739 4964 2818 5026 εἰς
2849 4960 2919 5015 τὰ
2950 4959 3087 5017 ἄλλα
3124 4960 3422 5030 ἀπατῆσαι.
3454 4958 3562 5013 Καὶ
3593 4959 3696 5031 γὰρ

2103 5049 2183 5123 τῷ
2212 5052 2323 5107 ὄντι
2343 5053 2573 5116 ἐκείνοις
2591 5054 2837 5118 τυπικῶς
2863 5052 3175 5106 συνέϐαινεν
3198 5071 3209 5082 ·
3234 5051 3453 5123 ἐγράφη
3482 5051 3539 5104 δὲ
3572 5054 3696 5123 ἡμῖν

2098 5148 2179 5210 εἰς
2205 5148 2507 5213 νουθεσίαν,
2537 5150 2619 5213 εἰς
2640 5148 2736 5212 οὓς
2760 5147 2828 5201 τὰ
2850 5146 2978 5217 τέλη
2997 5146 3106 5199 τῶν
3128 5144 3343 5199 αἰώνων
3364 5146 3694 5217 κατήντησε,

2101 5240 2264 5311 φησιν
2292 5241 2320 5293 ὁ
2366 5240 2668 5309 ἁγιώτατος
2720 5238 3080 5304 Ἀπόπτολος,
3122 5236 3250 5310 περί
3289 5255 3349 5291 τε
3396 5238 3697 5309 περιτομῆς

2100 5330 2293 5400 λέγων,
2328 5333 2421 5386 καὶ
2444 5334 2745 5397 Σαϐὅᾶτου,
2779 5333 2873 5387 καὶ
2898 5330 3007 5385 τῶν
3040 5329 3239 5385 ἄλλων,
3267 5331 3394 5385 Εἴθε
3427 5330 3485 5385 δὲ
3519 5330 3694 5385 πάντα

2099 5424 2391 5497 ὴλήθευες,
2424 5428 2519 5481 καὶ
2547 5427 2735 5481 οὐκέτι
2763 5429 2945 5501 τρίτον
2978 5424 3143 5498 μέσον
3174 5424 3294 5481 θεὸν
3326 5426 3417 5479 τὸν
3460 5426 3536 5500 μὴ
3572 5426 3694 5479 ὄντα

484 5586 688 5682 ξιοξιιι.
718 5606 839 5682 sui.
866 5591 918 5645 7.
954 5591 1192 5682 “'Joan.
1228 5611 1288 5656 ιι.
1323 5595 1413 5653 22.
1491 5599 1511 5631 ³
1538 5598 1559 5653 l
1588 5600 1715 5656 Cor.
1754 5618 1833 5669 lli,
1863 5601 1917 5656 2.

2125 5606 2249 5675 ittb,
2284 5625 2434 5676 χειν,
2470 5609 2560 5678 50,
2757 5615 2775 5646 ⁵
2807 5610 2828 5667 Ι
2866 5612 2992 5670 (lor.
3034 5630 3088 5682 κ,
3119 5615 3203 5670 ii.
3282 5615 3302 5647 ‘
3326 5614 3494 5673 Deest
3525 5616 3596 5681 εί,
3624 5620 3677 5669 et

411 5658 647 5716 tollenda
671 5664 1047 5735 interrogatio.

483 5836 562 5910 (7)
602 5840 1024 5911 Νομοθετήο-ας
1061 5844 1169 5913 γὰρ
1227 5847 1258 5899 ό
1289 5845 1490 5915 νόμος.
1523 5848 1755 5922 August.
1804 5865 1991 5911 contra

2125 5873 2227 5912 am.
2273 5873 2395 5931 cap.
2425 5860 2478 5919 8.
