3844 6310
367 312 474 371 655

1534 304 1808 362 NEMESII
1851 303 2159 360 EPISCOPI
2199 301 2500 358 EMESENI

3525 306 3632 358 656

369 430 507 485 ritus
551 428 884 491 continetur,
933 422 1136 493 quique
1173 438 1241 478 ex
1282 423 1364 479 eis
1416 425 1567 479 nervi
1615 431 1933 487 nascuntur,

2053 421 2435 493 ιίσθητηρίων.
2477 419 2634 473 Ἔστι
2690 419 2746 471 δὲ
2802 418 3130 490 αἰσθητήρια
3182 417 3282 490 μὲν
3308 419 3470 474 πέντε
3514 421 3630 490 (1)·

367 521 562 576 animae
604 519 798 590 spiritu
846 515 1172 581 madefacti,
1216 523 1271 570 et
1311 528 1503 571 sensus
1550 513 1758 569 sedium
1799 524 1943 568 strtt-

365 623 542 667 ctura.
599 612 739 667 Sunt
779 619 960 666 autem
1003 624 1197 666 sensus
1237 609 1392 664 sedes
1433 606 1710 677 quinque,
1753 621 1945 660 sensus

365 718 543 768 unus,
592 702 811 765 anima,
865 714 985 768 quae
1033 715 1130 767 per
1182 713 1440 754 sensuum
1493 698 1651 753 sedes
1703 695 1945 750 aliectio~

367 809 497 857 nes,
552 807 674 862 quae
722 793 774 847 in
823 792 905 846 eis
949 791 1257 855 exsistunt,
1305 789 1603 860 cognoscit.
1655 775 1831 858 Atque
1878 803 1942 842 ea

365 881 583 949 quidem
626 881 787 947 sede,
835 896 956 950 qua:
997 895 1105 950 prae
1146 879 1360 935 caeteris
1402 889 1613 933 terrena
1655 889 1710 933 et
1747 893 1941 948 corpu-

365 987 460 1025 rea
491 981 608 1037 est,
654 972 744 1028 hic
787 981 968 1026 autem
1017 981 1194 1026 tactus
1232 983 1352 1035 εει,
1387 979 1658 1025 terrenam
1691 978 1939 1022 naturam

367 1061 591 1118 indicat.
643 1063 717 1118 Ea
758 1079 920 1129 vero,
955 1078 1077 1134 quae
1108 1063 1344 1118 maxime
1379 1074 1461 1117 est
1494 1061 1774 1132 splendida
1800 1101 1816 1126 ,
1847 1060 1939 1130 qui

361 1153 621 1208 cernendi
668 1168 858 1208 sensus
905 1163 1025 1220 est,
1062 1152 1340 1221 splendida
1364 1191 1379 1216 ,
1416 1159 1474 1204 ut
1508 1165 1667 1205 aerea
1698 1149 1941 1204 ati‘ectio-

362 1259 464 1299 nes
509 1245 653 1300 aeris
689 1244 866 1316 (vocis
895 1245 1037 1300 enim
1069 1244 1371 1299 substantia
1406 1258 1499 1297 aer
1528 1251 1642 1309 est,
1671 1253 1767 1296 aut
1798 1243 1942 1297 aeris

365 1337 582 1406 ictus);
631 1351 695 1391 ac
730 1336 1018 1407 spongiosa
1056 1344 1112 1391 et
1152 1349 1319 1406 aqnea
1346 1377 1360 1403 ,
1395 1350 1514 1404 quae
1546 1335 1598 1388 in
1634 1343 1791 1402 gustu
1821 1343 1936 1401 est,

361 1441 585 1496 sapores
633 1427 882 1498 percipit.
935 1425 1322 1495 Comparatum
1383 1426 1526 1480 enim
1579 1434 1770 1479 natura
1821 1433 1938 1493 est,

2046 512 2297 584 αἴσθησις
2341 513 2398 565 δὲ
2432 511 2549 584 μία,
2599 513 2633 580 ἡ
2671 510 2896 581 ψυχικὴ,
2944 512 2977 582 ἡ
3010 511 3349 583 γνωρίζουσα
3400 513 3491 566 διὰ
3522 513 3633 566 τῶν

2047 603 2412 674 αἰσθητηρίων
2427 604 2493 657 τὰ
2519 604 2577 656 ὲν
2603 604 2783 664 αὐτοῖς
2800 603 3061 672 γινόμενα
3089 603 3235 674 πάοη
3253 620 3269 636 °
3297 605 3392 657 καὶ
3417 605 3500 674 τῷ
3535 604 3633 674 μὲν

2046 692 2400 762 γεωδεστάτῳ
2453 693 2546 746 καὶ
2578 692 3020 762 σωματικωτάτῳ
3072 692 3181 744 τῶν
3232 692 3630 764 αἰσθητηρίων,

2046 784 2183 852 ὅπερ
2211 782 2408 852 ἐστὶνή
2437 782 2569 853 ἁφὴ,
2599 781 2700 851 τῆς
2722 781 2960 851 γεώδους
2995 779 3208 850 φύσεως
3261 783 3587 838 αἰσθάνεται
3616 801 3628 813 ο

2047 873 2124 944 τῷ
2141 873 2197 926 δὲ
2234 873 2661 944 αὐγοειδεστὰτῳ
2692 874 2790 944 (‘2),
2809 875 2946 944 ὅπερ
2977 873 3123 926 ἐστὶν
3146 875 3180 944 ἡ
3213 874 3357 943 ὄψις,
3388 876 3500 928 τῶν
3535 878 3629 928 αὖ·

2043 962 2266 1030 γοειδῶν
2321 963 2423 1033 (ὃν
2475 962 2552 1025 ὡς
2589 963 2683 1016 καί
2736 962 2814 1032 τῷ
2842 963 3103 1033 ἀεροειδεί
3134 962 3209 1034 (4)
3248 963 3357 1018 τῶν
3389 966 3488 1019 τοῦ
3522 968 3628 1036 77

2043 1055 2203 1126 ἀέρος
2237 1053 2574 1125 παθημάτων
2601 1053 2677 1124 (5)
2733 1053 2860 1125 (ἀὴρ
2894 1056 3001 1125 γάρ
3047 1055 3196 1108 ἐστιν
3245 1058 3278 1126 ὴ
3306 1057 3410 1126 τῆς
3443 1060 3629 1128 φωνῆς

2043 1147 2199 1200 οὐσία
2232 1145 2264 1216 ἢ
2300 1145 2460 1216 ἀέρος
2491 1145 2716 1216 πληγή)’
2751 1147 2844 1198 καὶ
2872 1145 2952 1213 τῷ
2982 1147 3322 1214 σπογγοειδεί
3349 1148 3407 1201 δὲ
3432 1149 3510 1218 (6)
3535 1150 3628 1202 καὶ

2044 1235 2355 1298 ὑδατοειδεῖ,
2383 1234 2460 1305 τῷ
2492 1234 2632 1288 κατά
2658 1235 2756 1305 τὴν
2787 1234 2997 1302 γεῦσιν,
3021 1234 3129 1288 τῶν
3148 1237 3337 1306 χυμῶν
3365 1239 3629 1309 ἀντιλαμ-

2045 1331 2286 1385 ϐάνεται.
2323 1331 2592 1384 Ἕκαστον
2616 1328 2725 1402 γάρ
2752 1329 2860 1384 τῶν
2888 1329 3162 1402 αἰσθητῶν
3183 1331 3274 1385 διὰ
3301 1332 3396 1386 τοῦ
3425 1334 3627 1388 οἰκείου

2045 1420 2408 1493 γνωρίζεσθαι
2441 1421 2703 1490 πέφυκεν.

363 1531 422 1573 ut
452 1522 720 1590 quodque,
752 1519 892 1588 quod
924 1518 1024 1574 sub
1051 1532 1269 1573 sensum
1302 1518 1478 1583 cadat,
1511 1531 1611 1586 per.
1634 1516 1855 1586 aliquid,
1888 1514 2031 1586 quod
2057 1515 2124 1568 sit
2159 1523 2340 1582 aptum
2368 1513 2434 1566 ad
2461 1521 2706 1566 naturam
2729 1527 2904 1576 suam,
2929 1523 3302 1584 cognoscatur.

431 1609 730 1680 Oportebat
771 1611 937 1680 igitur
975 1609 1076 1663 hac
1119 1608 1359 1674 ratione,
1415 1607 1668 1678 quoniam
1725 1615 1956 1677 quatuor
1985 1618 2027 1673 Β

361 1712 493 1757 sunt
537 1703 839 1765 elementa,
891 1712 1128 1772 quatuor
1175 1702 1341 1757 etiam
1387 1715 1510 1756 esse
1563 1715 1779 1757 sensus.
1832 1699 1942 1756 Sed

364 1795 618 1863 quoniam
663 1808 832 1863 vapor
873 1801 927 1847 et
971 1794 1196 1846 odorum
1243 1805 1445 1861 genus,
1493 1791 1670 1845 media
1709 1790 1941 1861 quadam

365 1895 554 1939 natura
601 1893 765 1949 sunt,
829 1885 970 1938 inter
1015 1898 1195 1938 aerem
1241 1891 1296 1937 et
1339 1897 1534 1953 aquam
1583 1884 1751 1952 (aere
1797 1882 1940 1935 enim

361 1983 445 2027 est
492 1973 749 2037 crassior,
785 1988 920 2042 aqua
966 1975 1199 2036 tenuior,
1233 1971 1374 2040 quod
1411 1971 1465 2024 io
1509 1970 1796 2040 gravedine
1827 1970 1941 2040 pla-

365 2077 493 2114 num
554 2061 652 2127 iit;
707 2077 828 2114 nam
878 2060 969 2128 qui
1031 2074 1096 2114 eo
1137 2060 1328 2114 morbo
1371 2058 1700 2124 adiciuntur,
1747 2059 1941 2128 spiritu

359 2151 576 2221 quidem
624 2166 804 2206 aerem
851 2152 1090 2217 ducunt,
1146 2161 1202 2205 et
1239 2151 1504 2204 tamenin
1536 2151 1780 2206 ducendo
1827 2151 1934 2220 spi-

363 2245 467 2298 ritu
497 2258 750 2313 vaporem
778 2258 882 2298 non
916 2243 1255 2314 percipiunt:
1294 2252 1514 2313 propter
1547 2242 1692 2296 enim
1722 2241 1942 2297 obstru-

360 2336 627 2398 ctionem,
674 2337 818 2404 quod
850 2336 1090 2391 crassius
1133 2344 1257 2400 est,
1307 2335 1373 2390 ad
1409 2349 1629 2389 sensum
1669 2350 1776 2388 non
1818 2349 1942 2403 per-

358 2429 562 2499 venit);
596 2428 798 2483 idcirco
827 2429 1071 2496 quintam
1103 2428 1286 2485 sedem
1325 2427 1581 2481 odoratus
1613 2435 1803 2479 natura
1834 2440 1972 2478 ma-.

358 2517 575 2572 chinata
604 2527 709 2581 est,
759 2529 817 2572 ut
867 2518 998 2573 nihil
1032 2532 1219 2572 eorum
1266 2531 1385 2585 quae
1431 2517 1681 2586 cognosci
1717 2525 1942 2586 possunt

357 2623 575 2662 sensum
600 2607 844 2679 eli‘ugiat.
869 2608 961 2664 Est
988 2617 1166 2663 autem
1205 2623 1397 2664 sensus
1426 2624 1534 2663 non
1565 2609 1935 2672 commutatio,

362 2698 458 2752 sed
495 2699 936 2755 commutationis
974 2700 1309 2769 dijudicatiu.
1345 2699 1762 2756 Commutanlur
1793 2701 1938 2756 enim

357 2801 612 2842 sensuum
641 2790 820 2856 sedes,
844 2797 899 2844 et
921 2804 1112 2844 sensus
1145 2790 1627 2845 commutationem
1655 2791 1937 2861 diiudicat.

357 2877 636 2934 Vocantur
667 2888 848 2936 tamen
879 2895 1022 2950 saepe
1055 2897 1244 2936 sensus
1265 2920 1282 2947 ,
1313 2883 1478 2938 etiam
1514 2883 1646 2951 ipsae
1673 2898 1930 2938 sensuum

2132 1603 2280 1657 Ἔδει
2333 1602 2510 1656 τοίνυν
2543 1601 2687 1656 κατὰ
2729 1603 2918 1657 τοῦτον
2948 1603 3040 1657 τὸν
3072 1605 3246 1673 λόγον,
3284 1605 3472 1676 ἐπειδὴ
3499 1606 3626 1659 τέσο

2045 1713 2184 1768 σαρα
2234 1698 2501 1765 στοιχεῖα,
2561 1695 2830 1768 τέσσαρας
2856 1691 2994 1750 εῖναι
3041 1697 3137 1750 καὶ
3183 1696 3281 1760 τὰς
3317 1697 3623 1769 αἰσθήσεις,

2041 1788 2158 1841 ἀλλ’
2193 1786 2490 1858 ἐπειδήπερ
2525 1786 2602 1857 (7)
2635 1788 2664 1840 6
2695 1787 2867 1858 ἀτμὸς
2910 1787 3006 1841 καὶ
3053 1787 3115 1841 τὸ
3162 1789 3271 1842 τῶν
3303 1789 3488 1860 ὀσμῶν
3532 1791 3629 1860 ys.

2042 1895 2131 1941 νος
2159 1879 2236 1948 (8)
2274 1876 2476 1948 μεταξὺ
2525 1877 2624 1948 τὴν
2656 1876 2819 1947 φύσιν
2853 1878 3002 1932 ἐστὶν
3051 1879 3213 1950 ἀέρος
3269 1881 3363 1933 καὶ
3425 1880 3618 1944 ὓδατος

2043 1967 2224 2039 (ἀέρος
2255 1968 2354 2038 μὲν
2387 1959 2495 2039 γάρ
2526 1970 2642 2020 ἐστι
2671 1969 3167 2040 παχυμερέστερος,
3197 1968 3390 2033 ὓδατος
3422 1969 3480 2024 δὲ
3531 1969 3624 2027 λε-

2041 2057 2475 2129 πτομερέστερος
2499 2073 2513 2088 ·
2544 2057 2701 2128 δῆλον
2729 2058 2784 2110 δὲ
2825 2058 3032 2127 γίνεται
3059 2059 3119 2112 τὸ
3149 2059 3387 2112 τοιοῦτον
3411 2059 3498 2112 διὰ
3521 2062 3625 2131 τῆς

2042 2149 2298 2220 κορύζης,
2325 2147 2420 2202 τοῦ
2443 2148 2646 2212 πάθους
2663 2165 2676 2178 ·
2712 2149 2761 2201 οἰ
2789 2147 2897 2218 γὰρ
2923 2148 3261 2221 κορυζῶντες
3303 2149 3375 2220 (9)
3403 2150 3627 2204 ἕλκουσι

2045 2240 2142 2310 μὲν
2171 2239 2261 2293 τὸν
2294 2240 2432 2310 ἀέρα
2465 2240 2554 2293 διὰ
2582 2241 2683 2310 τῆς
2718 2240 2992 2310 ἀναπνοῆς
3010 2256 3025 2270 ·
3062 2239 3308 2302 ἕλκοντες
3335 2240 3392 2292 δὲ
3409 2239 3624 2302 τοῦτον,

2040 2331 2148 2385 τῶν
2183 2331 2371 2402 ἀτμῶν
2423 2331 2523 2385 οὐκ
2571 2331 3063 2402 ἀντιλαμϐάνονται
3098 2332 3230 2402 (10)·
3277 2331 3364 2385 διὰ
3386 2331 3493 2400 γὰρ
3521 2333 3627 2404 τὴν

2041 2422 2311 2493 ἕμφραξιν
2338 2422 2398 2476 τὸ
2417 2422 2702 2494 παχυμερέ
2713 2439 2898 2494 στερον
2920 2423 3018 2476 οὐκ
3038 2423 3343 2492 ἀφικνεῖται
3369 2423 3501 2495 πρὸς
3519 2425 3626 2495 τὴν

2039 2513 2311 2585 αἴσθησιν)
2337 2555 2351 2579 ,
2383 2513 2576 2568 τούτου
2638 2513 2797 2585 χάριν
2849 2513 3100 2585 πέμπτον
3161 2514 3509 2586 αἰσθητήριον
3533 2556 3551 2578 ,
3588 2518 3624 2586 ἡ

2037 2606 2323 2677 ὄσφρησις,
2354 2606 2461 2659 ὑπὸ
2491 2607 2589 2678 τῆς
2614 2606 2828 2676 φύσεως
2857 2605 3142 2676 ἐξεύρηται
3169 2605 3300 2676 (11),
3335 2607 3421 2659 ἴνα
3453 2607 3628 2677 μηδὲν

2038 2697 2145 2750 τῶν
2175 2697 2487 2767 δυναμένων
2508 2699 2588 2760 εἰς
2610 2697 2812 2765 γνῶσιν
2833 2696 3005 2750 ἐλθεῖν
3031 2697 3267 2769 διαφύγῃ
3301 2696 3399 2768 τὴν
3430 2698 3629 2770 αἰσθη-

2040 2803 2146 2840 σιν.
2181 2787 2335 2840 Ἔστι
2363 2787 2418 2839 δὲ
2450 2788 2483 2859 ἡ
2513 2787 2766 2858 αἴσθησις
2780 2788 2879 2840 οὐκ
2899 2787 3201 2851 ἀλλοίωσις,
3231 2787 3366 2840 ἀλλὰ
3387 2787 3632 2856 διάγνω-

2041 2896 2124 2944 σις
2156 2877 2513 2942 ἀλλοιώσεως.
2545 2878 2876 2932 Ἀλλοιοῦται
2907 2880 3004 2950 μὲν
3034 2880 3144 2950 γὰρ
3175 2879 3244 2933 τά
3264 2879 3629 2952 αἰσθητήρια,

356 2971 534 3026 sedes.
566 2971 662 3027 Est
691 2981 869 3027 autem
900 2987 1096 3028 sensus
1115 3015 1130 3037 ,
1161 2973 1436 3043 perceptio
1464 2988 1650 3028 eorum
1683 2989 1803 3044 qua:
1829 2975 1931 3030 sub

2053 2971 2298 3042 ἱιακρίνει
2331 2970 2388 3023 δὲ
2422 2969 2518 3042 τὴν
2547 2970 2831 3024 ἀλλοίωσιν
2863 2973 2896 3042 ἡ
2938 2970 3212 3043 αἴσθησις.
3269 2972 3529 3026 Καλεῖται
3561 2973 3631 3027 δὲ

356 3078 576 3118 sensum
607 3064 825 3119 cadunt.
856 3062 964 3118 Sed
1020 3063 1134 3118 hzec
1165 3063 1409 3118 definitio
1444 3079 1552 3118 non
1593 3065 1763 3134 ipsius
1808 3081 1934 3120 sen-

355 3167 483 3219 sus,
533 3152 629 3208 sed
679 3168 962 3210 munerum
1011 3153 1128 3220 ejus
1172 3168 1293 3209 esse
1347 3155 1578 3210 videtur.
1629 3155 1810 3223 Quare
1853 3157 1933 3212 sic

355 3258 572 3312 quoque
613 3259 832 3302 sensum
875 3245 1141 3302 deﬁniunt
1179 3263 1194 3301 :
1237 3245 1469 3317 Spiritus
1514 3246 1854 3317 intelligens,
1900 3264 1931 3304 a

2040 3063 2296 3127 πολλάκις
2323 3063 2574 3134 αἴσθησις
2599 3062 2707 3134 (12)
2735 3065 2828 3117 καὶ
2855 3063 2924 3116 τά
2944 3064 3270 3136 αἰσθητήρια
3298 3065 3430 3134 (15).
3459 3066 3631 3120 Ἔστι

2037 3157 2093 3210 δὲ
2118 3157 2384 3228 αἴσθησις,
2415 3156 2696 3227 ἀντίληψις
2719 3157 2827 3211 τῶν
2853 3157 3142 3229 αἰσθητῶν.
3180 3161 3338 3212 Δοκεῖ
3377 3159 3431 3212 δὲ
3463 3153 3635 3222 οὗτος

2036 3251 2064 3303 6
2093 3251 2218 3322 ὄρος
2253 3251 2356 3304 οὐκ
2413 3250 2586 3320 αὐτῆς
2620 3247 2762 3304 εἰναι
2812 3251 2915 3322 τῆς
2970 3250 3278 3324 αἰσθήσεως
3310 3252 3446 3324 (14),
3477 3252 3633 3307 ἀλλὰ

1558 3385 1719 3441 νΑιι.
1760 3387 1960 3445 LECT.
1999 3389 2088 3450 ΕΤ
2126 3390 2457 3446 ANIMADV.

425 3519 503 3594 (1A)
533 3521 900 3594 ᾼὶοςᾷητήρια
945 3528 1011 3594 ε’.
1039 3522 1377 3594 Αἰσθητήρια
1427 3523 1526 3593 μὲν
1559 3522 1745 3588 πέντε,
1781 3525 1842 3580 D.
1880 3527 1932 3593 1;

350 3591 420 3662 Α.
457 3589 513 3655 2,
628 3589 748 3646 Mox
791 3589 888 3662 μία
921 3595 954 3662 ή
986 3589 1482 3662 ψυχικὴ’ἡ’γνωρ’.,
1519 3594 1579 3646 D.
1616 3594 1668 3655 1,
1695 3596 1759 3647 Α.
1795 3597 1849 3658 2,
1877 3589 1931 3662 5,

354 3660 506 3733 M.1.
540 3658 659 3715 Mox
685 3658 1048 3733 οηιίἰιίιῄὅπερ
1065 3658 1252 3725 ἐστίν,
1273 3658 1461 3732 aute-'1}
1499 3663 1728 3733 ἀφή,Μ.
1768 3667 1817 3721 1.
1858 3658 1936 3721 Ae

353 3731 567 3792 deinde,
599 3733 698 3802 τῆς
726 3732 784 3785 δὲ
804 3731 1037 3801 γεώδους
1076 3733 1308 3801 φύσεως,
1337 3733 1400 3785 Α.
1432 3733 1488 3788 2.
1517 3751 1536 3783 ι
1556 3731 1769 3788 Sensus
1806 3751 1936 3790 vero

357 3817 498 3854 unus
526 3805 786 3862 omnium.
810 3803 901 3873 qui
935 3839 950 3856 .
987 3843 1002 3856 .
1035 3842 1050 3856 .
1083 3803 1381 3874 cognoscit,
1411 3823 1432 3854 ι
1462 3804 1629 3858 Cono.
1672 3804 1816 3859 Valla
1852 3807 1936 3861 his

354 3883 577 3938 prorsus
606 3881 772 3925 caret.

427 3939 504 4008 (2)
547 3940 630 4004 Τῷ
670 3940 739 4018 δᾴ
767 3941 1256 4018 αὑγρειδεᾳτάτῳ.
1314 3943 1471 4018 (ξοηο
1492 3958 1508 4018 _:
1544 3943 1928 4018 ιιΙη-ὠοειδείᾳ

355 4023 487 4082 vero
505 4020 561 4082 et
578 4012 818 4082 omnium
848 4012 1154 4082 clarissimo
1180 4014 1296 4067 visu
1321 4012 1565 4067 ὠοειδέα.
1595 4033 1615 4066 ι
1640 4013 1781 4082 Ergo
1804 4012 1929 4070 ante

353 4079 784 4151 αὐγοειδεστάτῳ
811 4080 954 4134 aliud
1004 4082 1166 4134 etiam
1222 4083 1542 4138 vocabulum
1593 4079 1819 4149 invenit,
1848 4087 1926 4139 nti

354 4161 515 4222 antea
543 4159 596 4204 et
618 4152 888 4222 poste-ade
918 4158 1065 4222 tactu
1107 4160 1162 4204 et
1186 4220 1196 4222 4
1217 4162 1372 4221 gustu
1406 4153 1512 4208 duo
1543 4168 1761 4222 quoque
1804 4163 1929 4208 sunt

355 4220 611 4293 epitheta.
645 4221 750 4293 sed
782 4219 1143 4293 ὠοειδήςηοιᾳί
1170 4219 1392 4289 [oi-mam
1417 4219 1608 4293 habens
1636 4219 1782 4293 (quo
1818 4228 1927 4278 uti-

355 4297 444 4341 tur
472 4289 742 4363 Plutareh.
780 4299 821 4345 t.
843 4289 907 4363 11,
935 4307 986 4363 p.
1022 4290 1165 4363 881i;
1187 4301 1242 4345 et
1273 4293 1419 4360 Diog.
1447 4289 1656 4363 Laert.,
1685 4289 1738 4362 p.
1772 4294 1925 4363 409),

355 4375 462 4433 non
491 4370 574 4414 est
602 4359 1187 4433 ltujus_loci._Cun_jicio
1220 4377 1348 4433 ergo
1373 4359 1388 4414 Ξ
1428 4362 1508 4433 τῷ
1539 4363 1618 4433 δὲ,
1642 4359 1929 4432 φωτοειδὲ-

2032 3543 2160 3604 [ηοξ
2204 3527 2558 3604 nabetAeIiam
2614 3527 2910 3604 spongiam,
2947 3543 3165 3599 aquoso.
3216 3528 3288 3584 M.
3338 3530 3365 3584 1
3391 3570 3408 3597 ,
3438 3531 3629 3604 ἀερω-

2032 3597 2199 3669 δοτῶν
2223 3598 2339 3669 loco
2370 3597 2600 3669 ἀερώδει
2619 3598 2747 3650 τῶν.

2105 3668 2183 3737 (5)
2221 3667 2347 3723 Τῶν
2370 3667 2478 3722 τοῦ
2534 3669 2713 3736 ἀέρος
2759 3667 3141 3737 παθημάτωτς.
3188 3667 3282 3725 His
3313 3668 3527 3726 additur
3562 3671 3626 3728 in

2032 3736 2205 3808 marg.
2239 3753 2267 3790 a
2300 3752 2444 3792 man.
2477 3753 2610 3808 rec.,
2638 3739 2725 3808 διὰ
2755 3739 2854 3808 τῆς
2876 3736 3066 3808 ἀκοῆς,
3097 3736 3162 3791 1).
3193 3739 3245 3808 17.

2106 3807 2180 3878 (6)
2217 3807 2602 3878 Σπογιγοειδεῖ
2622 3807 2708 3862 δέ.
2737 3807 3009 3878 Δέεὺεει,
3029 3811 3092 3878 Α.
3121 3808 3176 3861 2.
3216 3807 3360 3873 Mox,
3386 3807 3446 3862 τὸ
3473 3811 3628 3866 κατά

2032 3877 2131 3947 τὴν
2154 3877 2363 3960 γεῦσιν,
2409 3880 2468 3932 1).
2523 3879 2594 3958 1.⁹
2623 3877 2977 3946 Σπογγοειδές
3029 3877 3189 3930 habet
3245 3879 3526 3932 Erotianus
3562 3881 3624 3935 in

2031 3945 2255 4003 Glossrs.
2288 3947 2646 4005 Hippocratis.
2710 3963 2763 4005 ι).
2797 3947 2886 4002 44.
2956 3947 3288 4005 ’Υδατοειδές
3339 3958 3423 4004 est
3472 3953 3626 4005 apud

2033 3962 2255 4003 utessrs.
2288 3962 2646 4016 uippocraus,
2709 3963 2763 4017 p.
2797 3962 2886 4002 44.
2957 3962 3288 4012 'l'oarosws;
3339 3962 3423 4004 est
3472 3963 3539 4018 ap

2033 4017 2184 4082 Diog.
2217 4018 2425 4082 Laert.,
2461 4033 2511 4086 p.
2547 4017 2672 4070 420.

2103 4086 2177 4157 ('7)
2218 4089 2370 4142 Ἀλλ’
2404 4086 2747 4155 ἐπειδήπερ.
2776 4086 3058 4150 Ἀπὸδοσις
3107 4087 3245 4140 infra
3271 4097 3374 4157 est,
3420 4086 3625 4145 τούτου

2031 4156 2217 4228 χάριν.
2245 4158 2486 4228 Μοκᾲτὴν
2510 4159 2692 4228 φύσιν,
2729 4158 2781 4228 id
2817 4167 2920 4222 est,
2956 4156 3226 4228 mem
3251 4156 3432 4228 φύσιν.

2107 4225 2288 4298 (8)-Τὸ
2321 4225 2671 4298 τῶνίόσμῶν
2692 4225 2900 4298 γένος.
2933 4227 3028 4298 ,Τὸ
3058 4226 3165 4298 τῶν
3185 4225 3195 4227 -
3219 4225 3399 4298 ὀδμῶν
3431 4228 3620 4296 γένος,

2034 4295 2173 4350 1).1.
2198 4296 2341 4362 Mox,
2371 4295 2614 4366 δῆλονδὲ
2645 4295 2852 4364 γίνεται
2894 4297 2957 4348 τὸ
2989 4295 3216 4360 τοιοῦτο,
3253 4295 3313 4352 D.
3361 4297 3412 4350 1.
3446 4295 3623 4355 Paulo

2032 4377 2158 4421 ante
2189 4367 2338 4422 Cuno
2365 4383 2378 4418 :
2410 4366 2902 4438 Παχυμερέστερον
2929 4367 3165 4430 exsistit,
3191 4383 3329 4438 aqua
3355 4382 3487 4423 vero
3522 4379 3617 4423 te-

355 4428 545 4508 gfdttqr
589 4423 687 4508 καῖ
722 4423 1169 4508 αὐγοειδεστξτῳ.
1225 4423 1377 4508 {apud
1422 4423 1573 4508 Diog.
1612 4423 1816 4508 Laert.,
1871 4451 1924 4503 p.

2053 4438 2237 4508 iuius:
2267 4423 3013 4508 Haxupe'p‘éstépov,'tteutro
3036 4423 3256 4508 genere:
3271 4437 3430 4491 habet
3444 4439 3618 4493 etiam

351 4499 478 4571 291,
512 4499 580 4554 de
611 4501 730 4555 visu
748 4510 838 4571 est
865 4499 1177 4571 κωνοειδής.
1231 4503 1338 4556 Sed
1397 4513 1452 4557 et
1514 4499 1614 4558 hoc
1669 4499 1927 4559 alienum.

355 4568 505 4623 Valla
530 4571 599 4624 ita
629 4585 643 4623 :
683 4589 701 4622 ‹
735 4569 865 4636 Quae
891 4582 1066 4624 autem
1097 4568 1385 4640 perspicua
1417 4583 1564 4641 sunt,
1593 4573 1660 4629 ab
1689 4577 1929 4630 omnium

353 4641 796 4708 perspicuissimo
829 4643 966 4694 visu.
990 4657 1008 4690 ι

417 4710 500 4796 (ὅ)
536 4712 742 4834 ὐἷιςῖ
768 4727 800 4762 τ
802 4709 886 4764 ὧν
909 4709 1256 4780 αὐτοειδῶν.
1307 4711 1468 4782 Ὀψις
1512 4712 1619 4768 τῶν
1660 4713 1932 4783 αὐγοειδε-

417 4798 585 4834 κατων.
661 4820 675 4834 .
750 4820 763 4833 .

351 4783 585 4843 στάτων,
613 4788 675 4836 Δ.
707 4783 763 4834 2.

424 4851 501 4923 (4)
540 4853 632 4924 Ὠς
661 4852 769 4924 καί
788 4851 869 4916 τῷ
891 4850 1150 4920 ἀερώδει.
1202 4851 1506 4924 Ἀεροειδεῖ.
1531 4852 1648 4924 loco
1677 4854 1925 4924 ἀερώδει,

352 4921 418 4976 1).
438 4921 503 4977 ⁷1.
530 4922 852 4994 Ἀερωειδεῖ,
877 4926 1087 4986 vitiose,
1115 4923 1228 4978 loco
1248 4921 1308 4977 ἀέ
1320 4924 1530 4994 ροειδεῖ,
1547 4923 1610 4976 Δ.
1628 4923 1680 4977 5.
1706 4921 1929 4978 Utrum;

353 5007 459 5060 que
505 4990 821 5047 vocabulum
871 4994 922 5046 in
960 5009 1062 5048 usu
1097 5002 1198 5046 est.
1233 4990 1339 5047 Sed
1393 5004 1452 5046 ut
1486 5009 1607 5047 mox
1637 5005 1722 5047 est
1757 5011 1927 5063 σπογ-

352 5063 551 5130 γοειδεί
581 5072 633 5115 ει
662 5063 954 5116 ὑδατοειδεῖ
974 5103 988 5126 ,
1045 5063 1118 5115 ita
1150 5064 1236 5116 hic
1265 5078 1476 5132 quoque
1530 5063 1926 5132 praeferendum

353 5135 568 5187 videtur
593 5133 875 5203 ἀεροειδεϊ.
911 5133 1175 5188 Caeterum
1215 5134 1301 5188 hic
1329 5134 1540 5188 videtur
1568 5134 1756 5188 deesse
1794 5136 1929 5190 alte-

357 5217 476 5256 rum
521 5205 796 5272 epitheton
861 5214 916 5258 et
950 5219 1145 5258 nomen
1175 5221 1378 5269 sensus,
1432 5204 1520 5272 qui
1563 5203 1649 5257 hic
1683 5213 1926 5268 notatur,

355 5273 611 5326 nimirum
641 5273 798 5344 ἀκοή.
826 5272 972 5344 Couo
1001 5291 1014 5328 :
1065 5291 1084 5320 σ
1117 5273 1174 5327 In
1214 5274 1485 5328 aerifurmi
1512 5273 1707 5344 scilicet
1737 5275 1926 5328 auditu

355 5342 856 5416 aerispassiones.)
878 5343 1085 5416 ponjici
1107 5347 1308 5412 possit:
1337 5345 1412 5416 ὡς
1437 5342 1621 5416 καὶῌτῷ
1642 5344 1926 5416 χονδρώδει

354 5414 450 5486 καὶ
497 5411 807 5486 ἀεροειδείη
830 5411 1233 5486 ςεῷίκατάίτὴν
1255 5415 1446 5484 ἀκοὴν,
1479 5411 1708 5486 τῶντοῦ
1743 5411 1922 5486 ἀέρος.

355 5482 491 5539 Vide
521 5482 678 5548 inira,
703 5500 756 5552 ρ.
782 5483 872 5539 90.
887 5482 1246 5556 Χονδροειδής
1273 5482 1524 5556 non—legi.
1549 5483 1729 5553 Neque
1746 5482 1923 5539 tanien

355 5557 685 5610 contrarium
716 5565 797 5610 est
845 5553 1050 5623 lingu-.e
1087 5553 1306 5607 Graecae.
1357 5553 1460 5607 Sed
1501 5555 1647 5609 auris
1691 5571 1794 5608 non
1845 5565 1926 5610 est

354 5625 692 5698 χονδροειδής
715 5669 730 5691 ,
769 5640 956 5698 verum
1009 5624 1330 5698 χονδρῴδης.
1358 5626 1504 5698 Valla
1535 5645 1549 5680 :
1600 5644 1618 5677 ι
1649 5625 1827 5698 Sicut
1857 5627 1924 5679 ab
1953 5682 1966 5693 ,

355 5695 549 5753 aurum
595 5695 758 5768 (ergo
785 5695 1051 5769 ἀερώδει)
1084 5696 1226 5750 aeris
1259 5695 1559 5764 passiones.
1597 5714 1615 5749 ι
1649 5697 1751 5752 Sed
1783 5696 1921 5752 idem

2030 4506 2096 4558 Α.
2123 4508 2176 4562 5.
2206 4505 2312 4562 Sed
2344 4505 2635 4579 iidein’mux
2659 4505 2879 4579 ex_liibet
2905 4505 3418 4579 λεπτομερέστερος.
3447 4507 3621 4563 Certe

2030 4587 2286 4631 constare
2326 4577 2427 4631 sibi
2462 4577 2691 4631 debebat
2721 4576 2771 4630 io
2801 4583 3030 4645 utroque
3069 4576 3213 4632 loco.
3265 4576 3615 4634 Antecedunt

2029 4645 2172 4717 enim
2189 4648 2217 4700 6
2249 4646 2428 4717 ἀτμός
2444 4656 2497 4700 ει
2520 4645 2580 4698 τὸ
2602 4645 2776 4717 γένος.

2101 4715 2176 4784 (9)
2208 4715 2596 4784 Κορὺζῶντες.
2631 4716 2988 4784 Κορύζοντες.
3021 4717 3083 4769 Α.
3113 4717 3168 4771 2.

2097 4786 2210 4858 (11))
2251 4787 2360 4858 Ter
2373 4786 2561 4858 ἀτμὸν
2579 4785 3259 4858 οὐκ-ἀζτιλᾳμϐἁνοντᾳι.
3279 4785 3396 4839 Τῶν
3418 4787 3615 4858 ἀτμῶν

2027 4854 2128 4927 οὐκ
2154 4856 2296 4927 ἀντ.,
2322 4856 2386 4912 D.
2413 4854 2643 4927 74111.1,
2673 4856 2730 4927 2_.
2756 4855 2807 4910 5.
2831 4854 3461 4927 Οὑκαταλαμϐἀνονται,
3489 4854 3615 4912 loco

2026 4926 2128 4978 οὐκ
2155 4925 2470 4996 ἀντιλαμ6.,
2495 4925 2565 4979 Μ.
2600 4927 2652 4980 1.
2687 4925 3165 4996 CouoiuVapores
3198 4937 3372 4980 tamen
3397 4940 3449 4981 et
3476 4929 3619 4982 odo-

2028 4995 2491 5068 resinequaquam
2514 4997 2770 5068 sentiunt.
2799 4995 2980 5068 gErgo
3010 4995 3372 5068 addit,6é_xai
3404 4997 3607 5068 ὀδμῶν.

2099 5066 2211 5136 (11)
2249 5066 2610 5135 Ἐξεύρηται.
2652 5065 3003 5137 Ἐξηύρηται,
3046 5066 3108 5119 1).
3157 5067 3210 5119 1.
3255 5065 3365 5134 Sic,
3413 5065 3507 5122 sed
3538 5085 3613 5124 ex

2028 5147 2260 5190 correct.
2297 5154 2379 5200 ευ,
2409 5141 2472 5190 Α.
2495 5138 2551 5192 2.

2103 5205 2513 5276 (12)Καλεῖται
2557 5206 2626 5260 δὲ
2665 5204 2965 5272 πολλάκις
3009 5205 3317 5275 αἴσθησις.
3363 5206 3448 5273 Ἦ,
3480 5217 3614 5262 ante

2026 5275 2298 5344 αἴσθησις,
2333 5279 2482 5332 addit
2508 5279 2571 5330 A.
2607 5277 2663 5330 2.

2099 5346 2209 5415 (15)
2242 5348 2316 5401 Τὰ
2358 5347 2735 5418 αἰσθητήρια.
2786 5346 2971 5418 Ceno:
3011 5345 3077 5418 Ai
3127 5346 3425 5418 αἰσθήσεις.
3484 5347 3614 5404 Mox

2025 5415 2170 5489 idem
2187 5418 2384 5489 omittit
2411 5419 2479 5472 ab
2505 5417 2767 5489 διακρίνει
2789 5418 2856 5489 ιιι]
2882 5417 2978 5472 καὶ
2997 5415 3074 5489 τὰ
3096 5415 3444 5489 αἰσθητήρια.
3467 5420 3616 5472 Ante

2025 5485 2094 5538 τὰ
2119 5486 2469 5558 αἰσθητήρια,
2506 5485 2707 5558 omittit
2734 5487 2864 5558 γάρ,
2884 5490 2961 5558 ΔΑ.
2995 5487 3048 5540 5.

2099 5558 2210 5627 (14)
2240 5553 2370 5612 0ὐὶ
2393 5556 2585 5625 αὐτῆς
2632 5553 2785 5611 εἶναι
2814 5553 2943 5625 ’τῆς
2974 5557 3332 5623 αἰσθήσεως.
3372 5557 3448 5611 Οὐ
3485 5559 3612 5612 κατ’

2027 5627 2196 5698 αὐτῆς
2219 5627 2359 5701 εἶναι
2389 5627 2696 5701 τῆςᾼαίσθη
2721 5627 2782 5683 1).
2822 5627 2871 5683 1.
2899 5629 3013 5682 Οὐκ
3048 5629 3225 5699 ,αὐτῆς
3274 5629 3373 5700 τῆς
3412 5627 3611 5701 αἰσθή-

2030 5693 2164 5762 σεως
2193 5693 2355 5767 εἶναι,
2392 5693 2457 5754 Δ.
2485 5699 2538 5756 5.
