3844 6318
417 319 517 376 707

1575 319 1857 374 NEMESII
1900 318 2208 377 EPISCOPI
2249 319 2548 374 EMESENI

3567 323 3684 380 708

417 453 550 509 ergo
576 454 671 509 per
711 453 905 494 nervos
943 448 994 492 et
1027 440 1299 493 musculos
1330 447 1634 501 moventur,
1663 438 1774 492 haec
1804 438 1983 490 omnia

2114 437 2155 489 τὰ
2202 437 2387 509 σκέλη,
2423 455 2565 492 κατα
2601 455 2660 492 τε
2691 439 2751 492 τὸ
2779 440 2948 510 ἰσχίον
2976 442 3068 495 καὶ
3088 441 3188 512 τὴν
3221 442 3375 510 ἰγνὺν
3397 442 3538 514 (21),
3581 445 3688 517 τὴν

419 533 487 586 ah
514 531 690 584 anima
735 532 965 599 pendent
1001 540 1052 584 et
1097 529 1359 584 electione
1400 529 1554 594 ﬁunt,
1608 531 1660 584 in
1697 529 1892 598 quibus
1933 538 1989 584 et

423 637 615 678 sensus
642 635 695 679 et
725 639 908 678 vocem
939 622 1323 677 numerandum
1352 637 1470 677 esse
1491 622 1844 676 ostendimus.

487 803 663 872 Atque
695 803 818 855 hinc
866 803 1056 856 anima:
1087 810 1141 855 et
1189 810 1396 856 natura:
1439 817 1661 870 operum
1695 802 1990 870 probabilis

417 904 499 949 est
559 895 834 948 distinctio
893 894 986 961 (ct
1036 895 1352 960 dijndiCatio
1411 896 1671 956 sumenda
1725 896 1874 963 est).
1922 895 1992 948 At

418 985 558 1040 Dens
585 1001 795 1039 summa
833 1002 928 1040 sua
965 986 1300 1052 providentia
1336 1002 1457 1040 cum
1493 985 1835 1040 naturalibus
1869 987 1988 1040 aui-

420 1093 520 1131 Iuie
563 1093 759 1146 opera,
790 1087 843 1130 et
881 1078 1116 1134 vicissim
1154 1093 1276 1132 cuiu
1313 1079 1508 1130 anima:
1543 1078 1798 1145 operibus
1833 1086 1990 1130 natu-

421 1169 554 1222 ralia
585 1171 886 1238 conjunxit.
921 1169 1188 1234 Quoniam
1225 1169 1370 1222 enim
1405 1169 1599 1236 eiectio
1646 1168 1988 1236 reliquiarum

420 1260 523 1313 cibi
562 1271 614 1312 et
649 1253 882 1328 potionis
905 1302 918 1323 ,
953 1260 1252 1329 depellendi
1288 1261 1557 1314 facultatis
1590 1272 1704 1326 est,
1741 1276 1860 1340 qua:
1886 1275 1988 1312 una

419 1361 498 1403 est
533 1352 597 1402 de
627 1351 962 1404 naturalibus
991 1353 1199 1403 viribus
1220 1393 1234 1416 ,
1271 1367 1335 1406 ne
1368 1363 1561 1422 pra‘ter
1589 1353 1906 1407 electionem
1937 1360 1991 1405 et

422 1444 750 1497 voluntatem
802 1455 1040 1496 uestram
1097 1445 1296 1512 aliquid
1354 1445 1605 1500 indecore
1646 1459 1907 1516 agamus,
1945 1443 1990 1497 si

419 1538 542 1599 vel,
578 1539 667 1590 tibi
721 1551 824 1590 non
879 1547 1121 1606 Oportet,
1173 1539 1286 1601 vel,
1321 1539 1537 1605 quando
1591 1552 1695 1590 non
1748 1544 1987 1604 oportet,

423 1628 540 1691 vel,
573 1628 624 1680 in
658 1629 853 1695 quibus
885 1643 985 1680 non
1018 1637 1265 1695 oportet,
1303 1644 1694 1692 exveruamus,
1724 1629 1990 1698 ianitores

422 1724 680 1788 quosdam
735 1719 975 1785 praefecit
1023 1719 1428 1784 depulsionibus
1488 1720 1758 1776 muscolos
1812 1729 1868 1773 et
1915 1719 1988 1772 ita

2091 528 2190 598 μὲν
2219 530 2310 582 ἐπὶ
2332 529 2399 582 τὰ
2426 530 2593 593 ἔνδον,
2630 531 2727 601 τὴν
2755 531 2812 584 δὲ
2852 533 2944 586 ἐπὶ
2970 533 3039 586 τὰ
3067 533 3193 599 ἔξω.
3215 534 3353 588 Ὅσα
3381 536 3562 589 τοίνυν
3593 538 3688 592 διὰ

2088 620 2295 690 νεύρων
2327 623 2422 673 καὶ
2451 621 2600 692 μυῶν
2624 625 2875 689 κινεῖται,
2899 623 3072 678 ταῦτα
3117 625 3296 679 πάντα
3330 627 3538 698 ψυχικά
3567 629 3684 701 (Ξό)

2087 713 2148 764 τέ
2184 713 2298 765 ἐστι
2347 715 2430 766 (αἱ
2475 715 2616 768 κατὰ
2648 715 2968 786 προαίρεσιν
2991 718 3331 771 ἀποτελεῖται
3366 720 3498 789 ('26).

2161 803 2378 869 Τούτων
2420 805 2476 857 δὲ
2527 807 2620 860 καὶ
2637 806 2749 877 (27)
2778 807 2874 870 τὰς
2915 809 3194 880 αἰσθήσεις
3244 810 3336 863 καὶ
3363 811 3460 882 τὴν
3494 813 3684 884 φωνὴν

2090 895 2375 964 ἐδείξαμεν
2427 892 2588 949 εἶναι.
2630 896 2780 967 Αὕτη
2817 899 2913 968 μὲν
2957 896 3050 953 οὖν
3100 901 3246 954 ἐστιν
3278 904 3309 972 ἡ
3345 904 3485 956 κατὰ
3521 905 3681 971 λόγον

2089 985 2198 1038 τῶν
2230 1004 2289 1039 τε
2322 987 2568 1056 ψυχικῶν
2603 989 2696 1040 κα)⁷
2731 989 2975 1056 φυσικῶν
3001 989 3180 1060 ἔργων
3207 991 3516 1060 διάγνωσις.
3548 996 3603 1046 Ὀ
3625 995 3680 1047 δὲ

2090 1079 2432 1151 Δημιουργδς
2463 1079 2723 1150 κατάτὴν
2748 1079 2923 1150 ἄκραν
2957 1081 3148 1134 ἑαυτοῦ
3181 1085 3523 1154 προμήθειαν
3551 1102 3673 1138 συν-

2093 1171 2284 1236 ἐπλεξε
2337 1173 2451 1233 τοῖς
2509 1173 2760 1238 φυσικοῖς
2809 1171 2877 1224 τὰ
2927 1171 3134 1240 ψυχικὰ
3163 1213 3177 1236 ,
3234 1175 3329 1226 καὶ
3383 1175 3676 1230 ἀνάπαλιν.

2105 1260 2322 1332 Ἐπειδὴ
2355 1261 2464 1332 γὰρ
2495 1263 2527 1332 ἡ
2560 1261 2805 1334 ἔκκρισις
2826 1262 2932 1316 τῶν
2963 1266 3389 1336 περιττωμάτων
3410 1267 3549 1338 (28),
3575 1268 3677 1337 τῆς

2091 1353 2455 1424 ἁποκριτικῆς
2499 1355 2614 1406 ἐστι
2648 1353 2950 1424 δυνάμεως,
2980 1357 3103 1426 ἥτις
3151 1357 3248 1426 μία
3287 1358 3396 1410 τῶν
3427 1361 3677 1426 φυσικῶν

2092 1447 2206 1498 ἐστι
2261 1445 2544 1515 δυνάμεων
2572 1445 2708 1514 (29),
2757 1446 2842 1498 ἵνα
2888 1447 2961 1517 μὴ
3005 1449 3381 1519 ἀπροαιρέτως
3425 1451 3673 1521 ἀσχημοο

2091 1537 2290 1608 νῶμεν,
2321 1537 2450 1590 ἔνθα
2481 1537 2540 1590 ού
2573 1536 2671 1598 δεῖ,
2705 1539 2796 1590 καὶ
2827 1538 2916 1590 ὅτε
2949 1539 3010 1591 ού
3046 1539 3144 1604 δεῖ,
3178 1541 3271 1593 καὶ
3303 1543 3385 1611 ἐφ’
3411 1537 3484 1595 ὧν
3511 1546 3570 1596 ού
3596 1543 3676 1596 δεῖ

2093 1628 2404 1699 προϊέμενοι
2430 1628 2569 1698 (50),
2606 1627 2891 1698 πυλωρούς
2921 1645 3073 1692 τινας
3112 1631 3378 1700 ἐπέστησε
3418 1637 3541 1694 ταῖς
3586 1635 3676 1686 ὲκο

2093 1721 2310 1790 κρίσεσι
2340 1721 2466 1782 τοὺς
2505 1719 2631 1790 μῦς,
2659 1720 2756 1772 καὶ
2781 1721 2953 1784 οὕτως
2982 1721 3205 1792 ἐποίησε
3243 1724 3310 1775 τά
3337 1724 3433 1794 τῆς
3458 1726 3675 1794 φύσεως

423 1823 628 1865 natura:
662 1826 824 1879 opera
847 1850 862 1876 ,
894 1820 951 1864 ut
983 1812 1176 1866 animae
1211 1822 1391 1867 essent
1413 1852 1427 1876 ,
1462 1813 1657 1867 eﬂ'ecit.
1687 1811 1819 1866 Nam
1854 1812 1991 1866 hanc

2114 1789 2228 1882 ἱργα
2267 1789 2638 1882 ψυχικά.γΤὰς
2675 1812 2804 1880 γοῦν
2841 1789 3137 1884 ἐκκρίσεις*
3162 1789 3497 1884 ἐπέχειν-διά
3521 1817 3675 1869 τοῦτο

423 1905 493 1960 ob
542 1919 761 1959 causam
819 1913 874 1958 et
923 1919 1065 1972 saepe
1117 1915 1171 1958 et
1213 1907 1300 1957 diu
1349 1906 1619 1960 sustinere
1652 1903 1992 1974 dcpulsioues

424 2011 736 2067 possumus.
779 1995 1139 2048 Demittuntur
1174 2005 1351 2048 autem
1382 1997 1679 2049 sentientes
1709 2003 1763 2049 et
1801 1994 1991 2048 molles

427 2087 578 2142 nervi
623 2103 650 2141 a
687 2086 862 2140 medio
896 2095 948 2139 et
983 2086 1343 2141 anterioribus
1391 2087 1708 2141 vcntriculis
1739 2085 1947 2140 cerebri
1976 2103 1989 2139 :

421 2180 670 2234 duriores
727 2192 856 2232 vero
898 2187 952 2231 et
1003 2178 1055 2230 in
1103 2177 1300 2247 quibus
1345 2178 1592 2232 movendi
1638 2177 1717 2232 vis
1753 2178 1927 2242 inest,
1963 2193 1993 2231 a

419 2281 695 2341 postremo
769 2269 1072 2324 ventriculo
1126 2279 1179 2324 et
1235 2270 1379 2324 dorsi
1435 2269 1686 2324 medulla.
1755 2269 1862 2324 Sed
1897 2270 1996 2324 du-

421 2363 592 2418 riores
653 2370 807 2428 sunt,
863 2362 953 2431 qui
986 2376 1048 2416 ex
1088 2361 1232 2416 dorsi
1268 2360 1498 2415 medulla
1522 2400 1537 2426 ,
1574 2371 1629 2416 et
1678 2361 1729 2416 in
1767 2361 1851 2416 his
1879 2377 1995 2416 ma-

421 2454 568 2508 xime
589 2493 606 2518 ,
637 2453 728 2521 qui
761 2467 828 2506 ex
856 2451 1205 2506 inferioribus
1228 2451 1346 2520 ejus
1371 2452 1615 2521 partibus
1639 2452 1996 2522 proficiscun-

424 2559 531 2603 tur.
580 2549 701 2616 Quo
742 2549 884 2604 enim
929 2549 1102 2618 magis
1149 2547 1386 2602 abscedit
1434 2561 1464 2600 a
1502 2545 1728 2602 cerebro
1761 2545 1996 2602 medulla

421 2640 609 2708 dorsi,
643 2656 708 2696 eo
737 2655 858 2694 cum
895 2641 1010 2710 ipsa
1045 2641 1104 2694 lit
1129 2640 1334 2703 durior,
1366 2647 1477 2694 tum
1505 2639 1686 2704 nervi,
1716 2641 1807 2709 qui
1839 2655 1906 2696 ex
1933 2653 1998 2695 ea

427 2744 748 2789 nascuntur.
777 2731 931 2788 Sicut
957 2745 1135 2787 autem
1166 2746 1358 2787 sensus
1395 2732 1636 2801 duplices
1664 2733 1994 2802 accepimus,

422 2825 505 2877 sic
531 2833 710 2878 ortum
762 2837 1049 2877 nervorum
1105 2822 1373 2892 duplicem
1427 2824 1710 2878 habemus.
1759 2822 2000 2892 Quaque

423 2917 568 2970 enim
607 2915 856 2971 medulla:
883 2915 1029 2969 dorsi
1081 2915 1330 2970 vertebra
1385 2915 1820 2984 coniugationem
1873 2929 2001 2968 ner-

426 3023 622 3062 vorum
657 3007 899 3062 emittit:
949 3007 1104 3077 cujus
1131 3006 1301 3062 altera
1351 3006 1417 3061 ad
1463 3007 1710 3061 dextram
1755 3006 1998 3075 corporis

2091 1899 2370 1970 δυνάμεθα
2397 1901 2533 1971 (51),
2568 1901 2661 1954 καὶ
2701 1901 2980 1965 πολλάκις,
3013 1902 3108 1955 καὶ
3151 1903 3241 1954 ἐπὶ
3289 1903 3442 1958 πολύ.
3485 1907 3672 1959 Κατα-

2098 1993 2375 2062 πέμπεται
2413 1993 2472 2046 δὲ
2527 1993 2595 2046 τὰ
2645 1994 2742 2064 μὲν
2799 1993 3091 2064 αἰσθητικὰ
3126 1995 3220 2048 καὶ
3257 1995 3474 2066 μαλακά
3507 1997 3675 2068 νεῦρα

2093 2083 2200 2136 ἀπό
2239 2099 2301 2135 τε
2345 2082 2446 2152 τῆς
2499 2083 2668 2153 μέσης
2717 2083 2810 2136 καὶ
2854 2082 2962 2136 τῶν
3002 2083 3310 2154 ἔμπροσθεν
3344 2086 3561 2140 κοιλιῶν
3581 2087 3672 2140 τοῦ

2094 2175 2428 2244 ἐγκεφάλου·
2482 2175 2549 2228 τὰ
2601 2175 2657 2227 δὲ
2724 2175 3060 2246 σκληρότερα
3117 2178 3209 2230 καὶ
3261 2181 3672 2249 κινητικᾶβὲ),

2095 2267 2202 2320 ἀπὺ
2246 2267 2343 2337 τῆς
2374 2265 2596 2319 ὄπισθεν
2629 2265 2840 2329 κοιλίας
2889 2267 2982 2320 καὶ
3021 2266 3114 2321 τοῦ
3167 2270 3418 2324 νωτιαίου
3440 2271 3670 2341 μυελοῦ·

2068 2378 2071 2381 ·
2100 2358 2444 2430 σκληρότερα
2462 2359 2532 2428 ,δὲ
2579 2359 2777 2429 μᾶλλόν
2813 2361 2929 2411 ἐστι
2961 2359 3030 2412 τὰ
3060 2361 3123 2414 ἐκ
3153 2359 3245 2414 τοῦ
3286 2364 3555 2429 νωτιαίου,
3581 2366 3673 2418 καὶ

2096 2449 2297 2504 τούτων
2328 2450 2383 2503 δὲ
2416 2451 2494 2503 ἔτι
2520 2451 2739 2520 μᾶλλον,
2777 2451 2847 2504 τὰ
2885 2453 2948 2504 ὲκ
2976 2452 3084 2504 τῶν
3107 2453 3349 2507 κάτωθεν
3375 2456 3556 2526 μερῶν
3580 2456 3672 2510 τοῦ

2099 2541 2352 2596 νωτιαίου
2372 2541 2510 2612 (33).
2546 2543 2696 2613 Ὅσῳ
2723 2543 2833 2614 γὰρ
2875 2543 3036 2597 πλέον
3089 2545 3366 2616 ἀποχωρεῖ
3397 2546 3491 2599 τοῦ
3522 2549 3675 2616 ἐγκε-

2100 2633 2267 2703 φάλου
2295 2633 2456 2702 118
2474 2633 2502 2685 ὀ
2534 2637 2799 2698 νωτιαῖος,
2829 2634 3068 2706 τοσούτῳ
3093 2634 3254 2688 πλέον
3282 2635 3392 2706 (54)
3426 2637 3589 2700 αύτός
3615 2655 3672 2692 τε

2101 2725 2464 2796 σκληρότερος
2487 2723 2719 2792 γίνεται,
2752 2725 2848 2778 καὶ
2881 2726 2952 2778 τά
2977 2724 3144 2796 νεῦρα
3176 2726 3244 2778 τὶ
3261 2725 3322 2790 ἐξ
3359 2726 3522 2779 αὐτοῦ
3546 2727 3674 2796 φυό-

2102 2833 2259 2892 μενα.
2296 2815 2507 2887 Ὠσπερ
2556 2815 2614 2868 δὲ
2645 2816 2744 2880 τὰς
2794 2817 3080 2888 αἰσθήσεις
3133 2817 3324 2881 διπλᾶς
3377 2817 3671 2888 ἐλάϐομεν,

2097 2912 2238 2965 οὕτω
2268 2907 2362 2964 καὶ
2389 2907 2488 2970 τὰς
2532 2906 2790 2976 ἐκφύσεις
2813 2909 2944 2968 ,τῶν
2975 2909 3178 2980 νεύρων
3218 2909 3412 2973 διπλᾶς
3461 2910 3670 2981 ἔχομεν.

2101 3005 2371 3068 Ἕκαστος
2403 2999 2511 3072 γὰρ
2566 3001 2856 3070 σφόνδυλος
2876 3002 2989 3070 (55)
3011 3001 3104 3054 τοῦ
3136 3001 3387 3055 νωτιαίου
3420 3002 3674 3071 συζυγίαν

429 3110 641 3170 partem
677 3099 882 3165 tendit,
913 3097 1080 3152 altera
1112 3099 1177 3153 ad
1222 3097 1432 3152 lmvam.
1466 3096 1603 3154 Fere
1649 3097 1794 3152 enim
1827 3107 1996 3152 totum

2114 3096 2376 3168 ἐκπέμπει
2405 3091 2634 3168 νεύρων,
2671 3087 2737 3165 ἧς
2771 3094 2832 3146 τὸ
2863 3093 2961 3164 μὲν
2991 3095 3082 3146 ἐπὶ
3128 3093 3196 3148 τὰ
3234 3093 3383 3160 δεξιὰ
3411 3093 3552 3166 μέρη
3581 3092 3670 3147 τοῦ

425 3205 626 3260 corpus
674 3199 918 3247 nostrum
970 3191 1022 3244 in
1066 3192 1172 3245 duo
1219 3191 1449 3246 divisum
1498 3198 1580 3246 est
1619 3230 1635 3255 ,
1671 3190 1723 3245 in
1749 3191 1996 3246 dextrum

427 3293 482 3339 et
513 3284 726 3338 kevum.
757 3283 846 3338 Sic
879 3293 933 3338 et
967 3283 1130 3351 pedes
1168 3292 1221 3337 et
1257 3297 1446 3338 manus
1475 3291 1530 3337 et
1577 3283 1828 3353 quodque
1872 3283 1999 3336 reli-

429 3391 694 3446 quorum,
727 3376 1179 3445 quemadmodum
1216 3384 1271 3429 et
1308 3375 1664 3430 instrumenta
1699 3375 1996 3440 sentiendi,

427 3471 615 3524 dextra
639 3510 655 3538 ,
691 3469 930 3538 lmvaqne
962 3468 1288 3538 accepimus.

1000 3640 1154 3696 CAP.
1199 3640 1430 3696 XXVIII.

977 3731 1050 3786 De
1092 3735 1452 3802 respiratione.

498 3823 803 3893 Respiratio
842 3825 1005 3880 etiam
1051 3839 1115 3880 ex
1157 3827 1351 3880 anima:
1391 3827 1705 3882 muneribus
1738 3843 1999 3884 numera-

2107 3187 2359 3259 σώματος
2392 3187 2578 3260 χωρεῖ,
2616 3183 2840 3255 θάτερον
2882 3183 2939 3236 δὲ
2983 3185 3076 3237 ἐπὶ
3112 3185 3180 3239 τὰ
3236 3185 3503 3256 ἀριστερά
3542 3183 3669 3253 (36).

2105 3279 2298 3350 Σχεδὸν
2340 3279 2450 3349 γὰρ
2491 3278 2610 3332 ὅλον
2653 3275 2811 3348 ἡμῶν
2835 3275 2899 3332 τὸ
2922 3274 3076 3345 σῶμα
3102 3278 3180 3340 εἰς
3207 3276 3300 3329 δύο
3332 3276 3666 3346 μεμέρισται,

2104 3373 2184 3434 είς
2232 3371 2381 3437 δεξιὰ
2429 3371 2523 3423 καὶ
2576 3372 2837 3442 ἀριστερά
2865 3371 2999 3442 (57).
3033 3367 3190 3426 Οὕτω
3246 3369 3339 3426 καὶ
3383 3369 3544 3432 πόδες
3587 3367 3666 3420 καὶ

2102 3466 2283 3534 χεῖρες
2309 3463 2403 3515 καὶ
2429 3461 2538 3516 τῶν
2571 3462 2745 3517 ἄλλων
2777 3464 3028 3528 ἕκαστον,
3063 3468 3136 3528 ὡς
3163 3465 3256 3517 κα)⁸
3290 3463 3398 3518 τῶν
3421 3462 3656 3534 αἰσθητη·

2143 3553 2255 3608 ξων.

2105 3573 2255 3626 ριων.
2429 3626 2436 3634 .

2644 3649 2800 3701 xm.
2842 3649 2957 3701 KH'
2991 3647 3125 3717 (38).

2627 3741 2767 3810 Περί
2819 3739 3132 3809 ἀναπνοῆς

2172 3830 2282 3882 Καὶ
2316 3831 2350 3900 ἡ
2377 3830 2620 3901 ἀναπνοὴ
2657 3830 2714 3884 δὲ
2742 3830 2852 3884 τῶν
2881 3830 3124 3900 ψυχικῶν
3154 3831 3301 3882 ἐστιν
3334 3827 3512 3900 ἔργων
3546 3825 3645 3898 (39)

1619 3980 1780 4037 VAR.
1822 3980 2022 4038 LECT.
2062 3981 2152 4038 ΕΤ
2192 3983 2521 4040 ANIMADV.

501 4142 615 4209 (9.1)
645 4141 755 4195 Καὶ
791 4159 904 4214 την
951 4142 1140 4212 ἰγνῦν.
1193 4141 1339 4214 Loco
1373 4145 1468 4197 καὶ
1501 4143 1601 4214 τήν
1632 4153 1718 4197 est
1761 4145 1992 4214 spatium

427 4229 656 4337 xacgum
680 4229 695 4277 ;
735 4213 951 4267 exhibet
984 4223 1163 4268 autem
1191 4213 1364 4281 ἰγνύν,
1389 4217 1452 4268 A.
1473 4215 1523 4268 1.
1555 4213 1665 4266 Καὶ
1687 4213 1990 4285 τὴνίγνύν,

427 4320 612 4477 ζ’(ξὲ)
651 4351 840 4406 Ταῦτα
862 4352 1059 4408 πάντα
1083 4352 1336 4423 ψυχικὰ.
1365 4353 1554 4406 Πάντα
1582 4353 1757 4408 ταῦτα
1775 4353 2000 4425 ψυχικά,

501 4493 613 4564 (26)
653 4492 815 4546 Κατὰ
851 4493 1201 4561 προαίρεσιν
1233 4493 1629 4549 ἀποτελεῖται.
1682 4494 1774 4549 llis
1797 4509 1825 4548 a
1855 4510 2000 4548 man.
2035 4481 2084 4541 Ι)

430 4579 539 4620 rec.
587 4564 638 4617 in
683 4579 850 4630 marg.
901 4575 1152 4632 tanquam
1195 4567 1356 4618 verba
1405 4575 1582 4618 textus
1626 4565 1807 4618 addita
1851 4574 1996 4628 sunt,

427 4633 567 4704 πλὴν
596 4633 696 4703 τῆς
719 4633 1012 4702 ἀναπνοῆς,
1049 4634 1112 4688 D.
1137 4635 1189 4689 1.
1224 4635 1372 4689 Cono
1406 4635 1517 4690 hinc
1543 4635 1791 4700 reddidit,
1817 4644 1865 4688 et
1895 4634 2001 4688 ele-

429 4705 601 4758 ctione
624 4705 865 4771 pra'dita.

501 4773 613 4844 (‘27)
658 4771 972 4844 ζὀὐτωνδὲ
989 4772 1108 4826 καί.
1145 4771 1254 4844 Καί
1281 4771 1461 4844 abest,
1484 4771 1544 4826 1).
1583 4774 1635 4830 1.
1666 4773 1830 4830 Paulo
1855 4783 1997 4844 post,

433 4841 721 4928 συνέπλεὲε
753 4844 867 4905 τοῖς
894 4841 1143 4928 ψυχικοῖς
1167 4841 1238 4928 ἰὰ
1268 4843 1492 4928 φυσικά,
1518 4844 1582 4896 Α.
1611 4847 1666 4898 3.

500 4914 612 4982 (ὶὸ)
641 4913 1117 4981 Περιττωμάτων.
1173 4913 1606 4984 Περιττομένων.
1671 4913 1781 4978 Sic,
1810 4913 1908 4984 7M.
1946 4913 1998 4984 1.

430 4981 628 5052 Supra,
663 4999 782 5053 patr.
828 4984 952 5048 115,
998 4985 1116 5036 init.
1168 4981 1362 5036 similis
1403 4981 1486 5038 est
1515 4986 1770 5038 varietas.
1809 4983 2000 5036 Proxi-

432 5069 596 5116 tnatn,
621 5065 746 5107 ante
777 5056 937 5114 hanc,
964 5053 1239 5122 periodum
1286 5053 1590 5108 Ellebodius
1620 5063 1682 5106 ex
1716 5061 1864 5122 parte
1899 5053 2000 5105 dti-

431 5122 551 5190 plici
608 5123 767 5177 modo
810 5125 1060 5176 reddidit.
1110 5121 1433 5176 Oxoniensis
1483 5139 1611 5191 ergo
1660 5121 1833 5176 editor
1882 5131 2000 5188 post

430 5192 713 5244 probabilis
746 5193 924 5246 omisit
960 5203 1057 5253 est,
1095 5193 1236 5261 quod
1273 5193 1446 5246 locum
1486 5211 1591 5247 non
1627 5195 1807 5247 habet.
1840 5192 1999 5246 Forte

431 5269 611 5314 tamen
655 5261 956 5315 I-lllebodius
995 5264 1252 5315 voluitet.

505 5329 616 5401 (‘29)
655 5330 813 5383 Ἐστι
851 5331 1181 5399 δυνάμεων.
1235 5330 1528 5401 Δυνάμεών
1576 5333 1760 5393 ἐστιν,
1816 5332 1879 5384 Α.
1939 5329 1995 5382 9..

442 5397 610 5471 Ἐστι,
643 5411 756 5466 past
815 5401 913 5469 μία
963 5397 1121 5454 habet
1162 5402 1226 5454 Δ.
1258 5403 1310 5456 5.
1344 5397 1426 5452 Αἰ)
1453 5403 1574 5471 ἥτις
1605 5402 1670 5456 ad
1717 5402 1998 5471 δυνάμεων

426 5469 600 5533 abest,
631 5471 764 5524 Con.
804 5473 947 5534 Mox,
979 5471 1040 5523 ού
1073 5471 1153 5523 δεῖ
1182 5473 1379 5524 omittit
1407 5469 1553 5524 Αζὸ.

500 5540 614 5610 (50)
652 5542 830 5596 Ἔνθα
873 5543 945 5595 οὺ
978 5540 1069 5594 δεῖ
1099 5569 1166 5579 -
1191 5539 1542 5610 προϊέμενοι.
1577 5538 1675 5594 Ubi
1717 5539 1999 5594 honestate

427 5623 564 5678 Opus
598 5620 679 5664 est
717 5622 771 5665 et
800 5611 887 5665 tibi
932 5627 1035 5666 non
1061 5615 1234 5674 decet,
1271 5622 1601 5673 eintttainus,
1637 5610 1774 5663 (Ion.

501 5681 614 5750 (51)
647 5680 751 5734 Διὰ
777 5684 992 5737 τούτου
1019 5680 1341 5750 δυνάμεθα.
1382 5679 1481 5732 Διὰ
1508 5682 1665 5734 τοῦτο
1700 5677 1996 5748 δυνάμεθα,

430 5749 572 5819 Δοῖ,
597 5749 670 5820 3;
699 5751 759 5810 1).
805 5756 853 5821 1,
884 5753 954 5809 Μ.
992 5754 1044 5810 1.
1071 5754 1178 5808 Aut
1205 5749 1294 5804 διὰ
1323 5749 1499 5816 τοῦτο,
1532 5761 1624 5804 aut
1653 5750 1740 5800 διὰ
1773 5749 1994 5816 τούτων,

2102 4145 2154 4199 id
2200 4157 2302 4212 est,
2338 4145 2507 4218 μυῶν,
2549 4147 2848 4217 legendum.
2884 4146 3051 4218 Cotto,
3099 4161 3196 4218 per
3231 4145 3350 4202 hos.
3398 4143 3570 4207 Valla,
3600 4140 3659 4197 ob

2112 4227 2232 4288 hoc.
2262 4216 2401 4278 Mox,
2434 4216 2778 4288 ἐμπροσθίων
2808 4216 3048 4288 κοιλιῶν,
3084 4218 3147 4288 Α.
3181 4217 3236 4288 5.

2183 4286 2292 4358 (52)
2323 4285 2836 4358 ΚαίκινὴτικὰξῊ
2865 4286 3078 4358 κινητὰ,
3120 4287 3186 4339 Μ.
3226 4285 3276 4338 1.

2181 4355 2292 4421 (⁷55)
2326 4356 2434 4410 Καὶ
2472 4361 2698 4410 τούτων
2749 4357 2817 4409 δὲ
2864 4355 3051 4409 ἕτιὲ-
3089 4355 3385 4409 νωτιαίου.
3444 4355 3656 4417 Absuut,

2112 4425 2386 4498 νωιωιυκ
2415 4427 2537 4498 ὅσον
2569 4429 2700 4498 γάρ,
2735 4427 2850 4498 loco
2880 4429 2990 4496 ὅσῳ
3014 4427 3141 4498 γάρ,
3178 4428 3241 4498 Α.

2178 4497 2290 4565 (3t)
2330 4493 2598 4564 Ίοσούτφ
2644 4493 2852 4551 πλέον.
2903 4493 3146 4565 Τοσοῦτον
3187 4493 3364 4565 πλέον,
3427 4494 3491 4547 Α.
3538 4493 3656 4555 2,3.

2105 4563 2226 4621 Mox
2261 4563 2520 4633 ἐκφύσεις
2565 4563 2814 4631 reddidit,
2847 4582 3086 4632 naturas,
3113 4564 3250 4618 Vall.
3291 4563 3485 4628 Φύσεις
3515 4565 3656 4617 etiam

2105 4636 2321 4688 exhibet
2347 4635 2418 4688 Μ.
2447 4637 2470 4688 1

2105 4636 2321 4690 exhibet
2347 4636 2418 4689 Μ.
2447 4637 2470 4688 1

2176 4706 2285 4771 (35‘
2322 4706 2693 4775 Σρόνδυλος.
2735 4704 2846 4763 Sic.
2878 4709 3060 4769 credo,
3099 4715 3284 4775 antea;
3326 4719 3468 4757 nunc
3502 4716 3650 4775 areo.

2106 4775 2316 4840 σπόνδ.,
2350 4772 2409 4828 1).
2440 4777 2490 4828 1.
2520 4775 2835 4837 Σπόνδυλος,
2864 4775 2932 4828 Μ.
2967 4776 3016 4837 1,
3041 4778 3103 4830 Α.
3131 4775 3183 4828 5.
3212 4773 3515 4837 Spondilttt,
3535 4772 3649 4828 Con.

2119 4844 2382 4908 Vertebm,
2411 4844 2546 4898 Vall.
2574 4845 2689 4898 Mox
2735 4847 2922 4899 vitiose
2950 4844 3205 4902 νοτιαίου,
3236 4843 3296 4895 1).
3342 4845 3391 4896 1.

2177 4915 2288 4982 (56)
2313 4916 2555 4983 Ἕτερον
2591 4915 2660 4968 δὲ
2692 4915 2793 4969 ἐπὶ
2825 4916 2894 4968 τὰ
2924 4913 3224 4982 ἀριστερά.
3257 4913 3514 4983 Θάτερον,

2105 4985 2311 5106 item”?
2329 4981 2460 5106 2,
2486 4986 2544 5051 3;
2569 4986 2629 5040 1).
2656 4986 2705 5038 1.
2729 4986 2838 5048 Sic,
2859 4981 3163 5040 sedomisso
3189 4981 3524 5047 τά,,οχ.“Εἰς,
3552 4981 3650 5033 loco

2136 5071 2214 5106 ττι.
2306 5094 2316 5104 .
2393 5095 2407 5106 .

2136 5071 2214 5112 πι,
2250 5071 2316 5106 m.
2357 5071 2407 5108 ‘l.

2175 5124 2287 5193 (57)
2321 5127 2422 5189 Εἰς
2464 5123 2632 5187 δεξιὰ
2683 5122 2988 5192 ἀριστερά.
3029 5124 3144 5186 Εἰς,
3207 5133 3331 5176 ante
3388 5118 3645 5193 ἁριστερᾷ,

2108 5191 2346 5246 τιείιιίιἈ.
2395 5196 2448 5246 2.
2500 5194 2640 5255 Mox,
2691 5193 2804 5256 καί,
2847 5191 2971 5247 ante
3010 5193 3187 5255 πόδες,
3217 5191 3550 5246 οηιὶιιίιοι.
3600 5191 3643 5240 In

2107 5266 2212 5315 line
2246 5265 2435 5333 capitis
2462 5264 2785 5333 αἰσθήσεων,
2816 5267 2932 5318 loci)
2967 5264 3356 5333 αἰσθητηρίων,
3379 5262 3448 5316 Μ.
3479 5262 3526 5312 1.

2175 5332 2282 5398 (58)
2313 5317 2444 5400 ὶὶέιρ.
2474 5335 2564 5386 28.
2600 5317 2784 5387 [IHICI'
2804 5336 2968 5396 idem,
3006 5337 3071 5385 A.
3108 5317 3159 5385 3.
3185 5317 3355 5391 idem,
3385 5333 3474 5400 sed
3507 5334 3642 5400 caput

2106 5400 2209 5464 κζ’.
2233 5403 2296 5454 Α.
2333 5398 2477 5474 1,’1ὶ.
2507 5404 2557 5458 1.
2600 5405 2690 5456 Sic
2725 5413 2985 5474 ari-cent.
3034 5403 3138 5474 Sed
3188 5408 3296 5468 κη’,
3344 5399 3491 5474 Ληὲ
3523 5398 3642 5474 1τιιςρ

2106 5488 2208 5538 κεφ
2270 5484 2351 5524 est
2377 5473 2550 5540 λόγος,
2580 5474 2647 5526 Μ.
2680 5475 2730 5526 1.
2763 5473 2837 5526 De
2867 5465 3376 5537 respiro!io:w,i:ap.
3409 5469 3491 5521 27.
3531 5465 3638 5519 Vall.

2104 5542 2251 5594 Couo
2292 5544 2478 5610 lllCipIt
2514 5545 2631 5595 libri
2663 5559 2715 5596 tv
2751 5559 2868 5611 eap.
2905 5543 2992 5603 19,
3030 5541 3104 5593 De
3127 5542 3171 5592 vi
3209 5540 3529 5611 respiratirn.

2177 5611 2289 5682 (39)
2324 5608 2601 5680 Ψύχικῶν
2650 5608 2829 5666 ἑστινί
2865 5613 3061 5682 ἔργον.
3087 5611 3228 5679 Ψυχ.
3273 5611 3433 5682 ἐστιν.
3473 5608 3619 5682 ξργωςδ

2105 5674 2280 5733 Λ.’Ξ.’
2309 5682 2380 5733 Ita
2416 5674 2672 5736 'vidcutur
2728 5674 3282 5750 legisse'l‘lllebodius
3313 5692 3365 5732 ct
3401 5674 3533 5730 Valla
3592 5674 3635 5724 Η

2107 5751 2235 5808 mihi
2268 5751 2431 5807 etiam
2459 5753 2734 5823 probatur.
2761 5749 2904 5820 Mox,
2937 5751 3090 5823 μύες,
3134 5749 3191 5802 D.
3236 5751 3284 5804 1.
