  <div class='ocr_page' id='page_1' title='image "/cluster/home/n/w/nwhite01/storage/ocr_20150623/40/hvd.32044019207786/414.png"; bbox 0 0 3858 6304; ppageno 0'>
   <div class='ocr_carea' id='block_1_1' title="bbox 113 277 238 334">
    <p class='ocr_par' dir='ltr' id='par_1_1' title="bbox 113 277 238 334">
     <span class='ocr_line' id='line_1_1' title="bbox 113 277 238 334; baseline -0.008 0"><span class='ocrx_word' id='word_1_1' title='bbox 113 277 238 334; x_wconf 67' lang='grc'><strong>’193</strong></span> 
     </span>
    </p>
   </div>
   <div class='ocr_carea' id='block_1_2' title="bbox 1379 277 2130 338">
    <p class='ocr_par' dir='ltr' id='par_1_2' title="bbox 1379 277 2130 338">
     <span class='ocr_line' id='line_1_2' title="bbox 1379 277 2130 338; baseline 0.009 -7"><span class='ocrx_word' id='word_1_2' title='bbox 1379 277 1464 332; x_wconf 87' lang='lat' dir='ltr'><strong>DE</strong></span> <span class='ocrx_word' id='word_1_3' title='bbox 1498 277 1783 335; x_wconf 79' lang='lat' dir='ltr'><strong>NATURA</strong></span> <span class='ocrx_word' id='word_1_4' title='bbox 1826 277 2130 338; x_wconf 78' lang='lat' dir='ltr'><strong>HOMINIS.</strong></span> 
     </span>
    </p>
   </div>
   <div class='ocr_carea' id='block_1_3' title="bbox 3301 285 3406 342">
    <p class='ocr_par' dir='ltr' id='par_1_3' title="bbox 3301 285 3406 342">
     <span class='ocr_line' id='line_1_3' title="bbox 3301 285 3406 342; baseline 0.019 -2"><span class='ocrx_word' id='word_1_5' title='bbox 3301 285 3406 342; x_wconf 58' lang='lat'><strong>791</strong></span> 
     </span>
    </p>
   </div>
   <div class='ocr_carea' id='block_1_4' title="bbox 116 379 1724 462">
    <p class='ocr_par' dir='ltr' id='par_1_4' title="bbox 116 388 1710 462">
     <span class='ocr_line' id='line_1_4' title="bbox 116 388 1710 462; baseline 0.001 -18"><span class='ocrx_word' id='word_1_6' title='bbox 116 391 278 444; x_wconf 82' lang='grc' dir='ltr'>σθαι.</span> <span class='ocrx_word' id='word_1_7' title='bbox 328 390 416 443; x_wconf 83' lang='grc' dir='ltr'>Ἐν</span> <span class='ocrx_word' id='word_1_8' title='bbox 441 388 703 460; x_wconf 76' lang='grc' dir='ltr'><strong>ἀσθενείᾳ</strong></span> <span class='ocrx_word' id='word_1_9' title='bbox 731 389 841 461; x_wconf 81' lang='grc' dir='ltr'>γὰρ</span> <span class='ocrx_word' id='word_1_10' title='bbox 868 390 1088 454; x_wconf 78' lang='grc' dir='ltr'>πάντως</span> <span class='ocrx_word' id='word_1_11' title='bbox 1126 391 1322 462; x_wconf 83' lang='grc' dir='ltr'>ὁρᾶται</span> <span class='ocrx_word' id='word_1_12' title='bbox 1352 391 1414 444; x_wconf 82' lang='grc' dir='ltr'><strong>τὸ</strong></span> <span class='ocrx_word' id='word_1_13' title='bbox 1444 391 1710 446; x_wconf 82' lang='grc' dir='ltr'>τοιοῦτον.</span> 
     </span>
    </p>
   </div>
   <div class='ocr_carea' id='block_1_5' title="bbox 1846 379 3407 462">
    <p class='ocr_par' dir='ltr' id='par_1_5' title="bbox 1846 385 3407 456">
     <span class='ocr_line' id='line_1_5' title="bbox 1846 385 3407 456; baseline 0.003 -7"><span class='ocrx_word' id='word_1_14' title='bbox 1846 403 1918 450; x_wconf 89' lang='lat' dir='ltr'><strong>st.</strong></span> <span class='ocrx_word' id='word_1_15' title='bbox 1969 395 2134 450; x_wconf 85' lang='lat' dir='ltr'><strong>Multa</strong></span> <span class='ocrx_word' id='word_1_16' title='bbox 2187 407 2313 453; x_wconf 92' lang='lat' dir='ltr'><strong>sunt</strong></span> <span class='ocrx_word' id='word_1_17' title='bbox 2357 385 2520 454; x_wconf 81' lang='lat' dir='ltr'><strong>etiam</strong></span> <span class='ocrx_word' id='word_1_18' title='bbox 2562 401 2613 454; x_wconf 94' lang='lat' dir='ltr'><strong>in</strong></span> <span class='ocrx_word' id='word_1_19' title='bbox 2657 399 2982 456; x_wconf 78' lang='lat' dir='ltr'><strong>animalibus</strong></span> <span class='ocrx_word' id='word_1_20' title='bbox 3025 397 3312 454; x_wconf 87' lang='lat' dir='ltr'><strong>simulacra</strong></span> <span class='ocrx_word' id='word_1_21' title='bbox 3353 407 3407 453; x_wconf 88' lang='lat' dir='ltr'><strong>et</strong></span> 
     </span>
    </p>
   </div>
   <div class='ocr_carea' id='block_1_6' title="bbox 113 479 1716 552">
    <p class='ocr_par' dir='ltr' id='par_1_6' title="bbox 113 479 1716 552">
     <span class='ocr_line' id='line_1_6' title="bbox 113 479 1716 552; baseline 0.001 -17"><span class='ocrx_word' id='word_1_22' title='bbox 113 481 305 552; x_wconf 80' lang='grc' dir='ltr'><strong>Πολλὴ</strong></span> <span class='ocrx_word' id='word_1_23' title='bbox 333 481 391 534; x_wconf 85' lang='grc' dir='ltr'>δὲ</span> <span class='ocrx_word' id='word_1_24' title='bbox 427 480 525 534; x_wconf 66' lang='grc' dir='ltr'><strong>κα)⁵</strong></span> <span class='ocrx_word' id='word_1_25' title='bbox 574 482 691 544; x_wconf 83' lang='grc' dir='ltr'>τοῖς</span> <span class='ocrx_word' id='word_1_26' title='bbox 729 479 892 544; x_wconf 80' lang='grc' dir='ltr'><strong>ζώοις</strong></span> <span class='ocrx_word' id='word_1_27' title='bbox 924 480 1165 552; x_wconf 76' lang='grc' dir='ltr'>ἔμφασις</span> <span class='ocrx_word' id='word_1_28' title='bbox 1212 482 1562 536; x_wconf 87' lang='grc' dir='ltr'>ὲναπόκειται</span> <span class='ocrx_word' id='word_1_29' title='bbox 1607 482 1716 536; x_wconf 88' lang='grc' dir='ltr'><strong>τῶν</strong></span> 
     </span>
    </p>
   </div>
   <div class='ocr_carea' id='block_1_7' title="bbox 116 571 1720 646">
    <p class='ocr_par' dir='ltr' id='par_1_7' title="bbox 116 571 1720 646">
     <span class='ocr_line' id='line_1_7' title="bbox 116 571 1720 646; baseline -0.001 -19"><span class='ocrx_word' id='word_1_30' title='bbox 116 573 452 646; x_wconf 74' lang='grc' dir='ltr'>εἰρημένων.</span> <span class='ocrx_word' id='word_1_31' title='bbox 486 573 604 626; x_wconf 78' lang='grc' dir='ltr'><strong>Πᾶν</strong></span> <span class='ocrx_word' id='word_1_32' title='bbox 632 571 744 644; x_wconf 82' lang='grc' dir='ltr'>γὰρ</span> <span class='ocrx_word' id='word_1_33' title='bbox 776 571 838 625; x_wconf 84' lang='grc' dir='ltr'>τὸ</span> <span class='ocrx_word' id='word_1_34' title='bbox 887 573 1158 643; x_wconf 79' lang='grc' dir='ltr'><strong>γεννῆσαν</strong></span> <span class='ocrx_word' id='word_1_35' title='bbox 1205 573 1300 626; x_wconf 74' lang='grc' dir='ltr'><strong>καὶ</strong></span> <span class='ocrx_word' id='word_1_36' title='bbox 1357 573 1456 643; x_wconf 83' lang='grc' dir='ltr'>τῆς</span> <span class='ocrx_word' id='word_1_37' title='bbox 1510 573 1720 645; x_wconf 77' lang='grc' dir='ltr'><strong>τροφῆς</strong></span> 
     </span>
    </p>
   </div>
   <div class='ocr_carea' id='block_1_8' title="bbox 113 659 1720 734">
    <p class='ocr_par' dir='ltr' id='par_1_8' title="bbox 113 659 1720 734">
     <span class='ocr_line' id='line_1_8' title="bbox 113 659 1720 734; baseline -0.001 -17"><span class='ocrx_word' id='word_1_38' title='bbox 113 664 469 734; x_wconf 73' lang='grc' dir='ltr'><strong>ἐπιμελεῖται</strong></span> <span class='ocrx_word' id='word_1_39' title='bbox 506 660 602 714; x_wconf 80' lang='grc' dir='ltr'>τοῦ</span> <span class='ocrx_word' id='word_1_40' title='bbox 650 659 1005 732; x_wconf 76' lang='grc' dir='ltr'><strong>γεννηθέντος</strong></span> <span class='ocrx_word' id='word_1_41' title='bbox 1029 677 1046 694; x_wconf 76' lang='grc' dir='ltr'><strong>ο</strong></span> <span class='ocrx_word' id='word_1_42' title='bbox 1085 663 1114 714; x_wconf 89' lang='grc' dir='ltr'><strong>ό</strong></span> <span class='ocrx_word' id='word_1_43' title='bbox 1167 662 1225 715; x_wconf 81' lang='grc' dir='ltr'><strong>δὲ</strong></span> <span class='ocrx_word' id='word_1_44' title='bbox 1278 660 1567 732; x_wconf 81' lang='grc' dir='ltr'>ἄνθρωπος</span> <span class='ocrx_word' id='word_1_45' title='bbox 1625 661 1720 715; x_wconf 72' lang='grc' dir='ltr'><strong>καὶ</strong></span> 
     </span>
    </p>
   </div>
   <div class='ocr_carea' id='block_1_9' title="bbox 115 747 1721 824">
    <p class='ocr_par' dir='ltr' id='par_1_9' title="bbox 115 747 1721 824">
     <span class='ocr_line' id='line_1_9' title="bbox 115 747 1721 824; baseline -0.003 -14"><span class='ocrx_word' id='word_1_46' title='bbox 115 757 240 810; x_wconf 86' lang='grc' dir='ltr'><strong>τῶν</strong></span> <span class='ocrx_word' id='word_1_47' title='bbox 261 756 435 811; x_wconf 75' lang='grc' dir='ltr'>ἄλλων</span> <span class='ocrx_word' id='word_1_48' title='bbox 466 755 690 809; x_wconf 84' lang='grc' dir='ltr'>πάντων</span> <span class='ocrx_word' id='word_1_49' title='bbox 714 753 824 807; x_wconf 86' lang='grc' dir='ltr'><strong>τῶν</strong></span> <span class='ocrx_word' id='word_1_50' title='bbox 850 753 994 808; x_wconf 84' lang='grc' dir='ltr'>κατὰ</span> <span class='ocrx_word' id='word_1_51' title='bbox 1020 755 1110 807; x_wconf 81' lang='grc' dir='ltr'>τὸν</span> <span class='ocrx_word' id='word_1_52' title='bbox 1141 753 1277 824; x_wconf 86' lang='grc' dir='ltr'>βίον,</span> <span class='ocrx_word' id='word_1_53' title='bbox 1308 752 1430 806; x_wconf 88' lang='grc' dir='ltr'>καθ’</span> <span class='ocrx_word' id='word_1_54' title='bbox 1457 753 1580 806; x_wconf 84' lang='grc' dir='ltr'>ὅσον</span> <span class='ocrx_word' id='word_1_55' title='bbox 1607 747 1721 815; x_wconf 72' lang='grc' dir='ltr'>οἷός</span> 
     </span>
    </p>
   </div>
   <div class='ocr_carea' id='block_1_10' title="bbox 113 841 1719 917">
    <p class='ocr_par' dir='ltr' id='par_1_10' title="bbox 113 841 1719 917">
     <span class='ocr_line' id='line_1_10' title="bbox 113 841 1719 917; baseline -0.004 -17"><span class='ocrx_word' id='word_1_56' title='bbox 113 848 180 900; x_wconf 80' lang='grc' dir='ltr'><strong>τέ</strong></span> <span class='ocrx_word' id='word_1_57' title='bbox 242 848 357 900; x_wconf 75' lang='grc' dir='ltr'>ἐστι</span> <span class='ocrx_word' id='word_1_58' title='bbox 419 844 573 917; x_wconf 89' lang='lat'>(71),</span> <span class='ocrx_word' id='word_1_59' title='bbox 622 844 883 915; x_wconf 80' lang='grc' dir='ltr'><strong>προνοεῖ·</strong></span> <span class='ocrx_word' id='word_1_60' title='bbox 914 843 984 896; x_wconf 78' lang='grc' dir='ltr'>τὰ</span> <span class='ocrx_word' id='word_1_61' title='bbox 1021 842 1080 896; x_wconf 83' lang='grc' dir='ltr'><strong>δὲ</strong></span> <span class='ocrx_word' id='word_1_62' title='bbox 1128 843 1203 913; x_wconf 82' lang='grc' dir='ltr'>μὴ</span> <span class='ocrx_word' id='word_1_63' title='bbox 1238 842 1606 907; x_wconf 83' lang='grc' dir='ltr'>προνοοῦντα,</span> <span class='ocrx_word' id='word_1_64' title='bbox 1650 841 1719 894; x_wconf 86' lang='grc' dir='ltr'><strong>δι’</strong></span> 
     </span>
    </p>
   </div>
   <div class='ocr_carea' id='block_1_11' title="bbox 119 929 1722 1009">
    <p class='ocr_par' dir='ltr' id='par_1_11' title="bbox 119 929 1722 1009">
     <span class='ocr_line' id='line_1_11' title="bbox 119 929 1722 1009; baseline -0.002 -19"><span class='ocrx_word' id='word_1_65' title='bbox 119 936 416 990; x_wconf 80' lang='grc' dir='ltr'>ἀσθένειαν</span> <span class='ocrx_word' id='word_1_66' title='bbox 481 935 545 988; x_wconf 75' lang='grc' dir='ltr'><strong>οὐ</strong></span> <span class='ocrx_word' id='word_1_67' title='bbox 611 937 852 1009; x_wconf 78' lang='grc' dir='ltr'>προνοεῖ.</span> <span class='ocrx_word' id='word_1_68' title='bbox 912 935 1193 988; x_wconf 79' lang='grc' dir='ltr'><strong>Δέδεικται</strong></span> <span class='ocrx_word' id='word_1_69' title='bbox 1250 929 1343 988; x_wconf 81' lang='grc' dir='ltr'><strong>οὖν</strong></span> <span class='ocrx_word' id='word_1_70' title='bbox 1411 931 1544 997; x_wconf 81' lang='grc' dir='ltr'>Θεὸς</span> <span class='ocrx_word' id='word_1_71' title='bbox 1621 932 1722 1002; x_wconf 85' lang='grc' dir='ltr'>μὲν</span> 
     </span>
    </p>
   </div>
   <div class='ocr_carea' id='block_1_12' title="bbox 118 1024 1721 1100">
    <p class='ocr_par' dir='ltr' id='par_1_12' title="bbox 118 1024 1721 1100">
     <span class='ocr_line' id='line_1_12' title="bbox 118 1024 1721 1100; baseline -0.003 -19"><span class='ocrx_word' id='word_1_72' title='bbox 118 1028 203 1081; x_wconf 79' lang='grc' dir='ltr'>ὢν</span> <span class='ocrx_word' id='word_1_73' title='bbox 241 1027 358 1097; x_wconf 87' lang='lat'>(72)</span> <span class='ocrx_word' id='word_1_74' title='bbox 401 1029 430 1082; x_wconf 84' lang='grc' dir='ltr'>ὁ</span> <span class='ocrx_word' id='word_1_75' title='bbox 466 1025 806 1100; x_wconf 82' lang='grc' dir='ltr'>προνοητὴς,</span> <span class='ocrx_word' id='word_1_76' title='bbox 861 1026 1092 1098; x_wconf 88' lang='grc' dir='ltr'>πρόνοια</span> <span class='ocrx_word' id='word_1_77' title='bbox 1129 1027 1188 1080; x_wconf 87' lang='grc' dir='ltr'>δὲ</span> <span class='ocrx_word' id='word_1_78' title='bbox 1241 1027 1274 1098; x_wconf 84' lang='grc' dir='ltr'><strong>ἡ</strong></span> <span class='ocrx_word' id='word_1_79' title='bbox 1324 1025 1579 1096; x_wconf 84' lang='grc' dir='ltr'>βούλησις</span> <span class='ocrx_word' id='word_1_80' title='bbox 1619 1024 1721 1078; x_wconf 84' lang='grc' dir='ltr'>αὑ-</span> 
     </span>
    </p>
   </div>
   <div class='ocr_carea' id='block_1_13' title="bbox 117 1136 248 1174">
    <p class='ocr_par' dir='ltr' id='par_1_13' title="bbox 117 1136 248 1174">
     <span class='ocr_line' id='line_1_13' title="bbox 117 1136 248 1174; baseline 0.008 -2"><span class='ocrx_word' id='word_1_81' title='bbox 117 1136 223 1174; x_wconf 79' lang='grc' dir='ltr'><strong>του</strong></span> <span class='ocrx_word' id='word_1_82' title='bbox 233 1159 248 1173; x_wconf 77' lang='grc' dir='ltr'><strong><em>ο</em></strong></span> 
     </span>
    </p>
   </div>
   <div class='ocr_carea' id='block_1_14' title="bbox 697 1207 1153 1280">
    <p class='ocr_par' dir='ltr' id='par_1_14' title="bbox 697 1207 1153 1280">
     <span class='ocr_line' id='line_1_14' title="bbox 697 1207 1153 1280; baseline 0 -17"><span class='ocrx_word' id='word_1_83' title='bbox 697 1211 854 1263; x_wconf 83' lang='grc' dir='ltr'>ΚΕΦ.</span> <span class='ocrx_word' id='word_1_84' title='bbox 887 1210 996 1262; x_wconf 71' lang='lat' dir='ltr'><strong>MA&#39;</strong></span> <span class='ocrx_word' id='word_1_85' title='bbox 1019 1207 1153 1280; x_wconf 75' lang='lat'>(73).</span> 
     </span>
    </p>
   </div>
   <div class='ocr_carea' id='block_1_15' title="bbox 449 1300 1401 1370">
    <p class='ocr_par' dir='ltr' id='par_1_15' title="bbox 449 1300 1401 1370">
     <span class='ocr_line' id='line_1_15' title="bbox 449 1300 1401 1370; baseline 0 -16"><span class='ocrx_word' id='word_1_86' title='bbox 449 1302 591 1370; x_wconf 77' lang='grc' dir='ltr'>Περὶ</span> <span class='ocrx_word' id='word_1_87' title='bbox 617 1300 726 1354; x_wconf 90' lang='grc' dir='ltr'>τοῦ</span> <span class='ocrx_word' id='word_1_88' title='bbox 756 1301 938 1354; x_wconf 79' lang='grc' dir='ltr'>τίνων</span> <span class='ocrx_word' id='word_1_89' title='bbox 967 1300 1100 1354; x_wconf 74' lang='grc' dir='ltr'>ἐστὶ</span> <span class='ocrx_word' id='word_1_90' title='bbox 1129 1300 1401 1368; x_wconf 70' lang='grc' dir='ltr'>πρόνοια.</span> 
     </span>
    </p>
   </div>
   <div class='ocr_carea' id='block_1_16' title="bbox 196 1391 1725 1464">
    <p class='ocr_par' dir='ltr' id='par_1_16' title="bbox 196 1391 1725 1464">
     <span class='ocr_line' id='line_1_16' title="bbox 196 1391 1725 1464; baseline -0.003 -17"><span class='ocrx_word' id='word_1_91' title='bbox 196 1395 326 1447; x_wconf 75' lang='grc' dir='ltr'>Ὀτι</span> <span class='ocrx_word' id='word_1_92' title='bbox 360 1393 463 1464; x_wconf 79' lang='grc' dir='ltr'>μὲν</span> <span class='ocrx_word' id='word_1_93' title='bbox 490 1391 634 1464; x_wconf 74' lang='grc' dir='ltr'>[οὖν]</span> <span class='ocrx_word' id='word_1_94' title='bbox 669 1392 783 1446; x_wconf 77' lang='grc' dir='ltr'>ἐστι</span> <span class='ocrx_word' id='word_1_95' title='bbox 817 1392 1046 1463; x_wconf 86' lang='grc' dir='ltr'>πρόνοια</span> <span class='ocrx_word' id='word_1_96' title='bbox 1069 1392 1206 1461; x_wconf 68' lang='grc'>(74),</span> <span class='ocrx_word' id='word_1_97' title='bbox 1233 1393 1328 1446; x_wconf 74' lang='grc' dir='ltr'><strong>καὶ</strong></span> <span class='ocrx_word' id='word_1_98' title='bbox 1348 1392 1400 1444; x_wconf 90' lang='grc' dir='ltr'><strong>τί</strong></span> <span class='ocrx_word' id='word_1_99' title='bbox 1443 1392 1611 1452; x_wconf 81' lang='grc' dir='ltr'>ἐστιν,</span> <span class='ocrx_word' id='word_1_100' title='bbox 1648 1391 1725 1444; x_wconf 80' lang='grc' dir='ltr'><strong>ετ-</strong></span> 
     </span>
    </p>
   </div>
   <div class='ocr_carea' id='block_1_17' title="bbox 120 1483 1720 1559">
    <p class='ocr_par' dir='ltr' id='par_1_17' title="bbox 120 1483 1720 1559">
     <span class='ocr_line' id='line_1_17' title="bbox 120 1483 1720 1559; baseline -0.001 -21"><span class='ocrx_word' id='word_1_101' title='bbox 120 1503 292 1559; x_wconf 74' lang='grc' dir='ltr'>ρεηται</span> <span class='ocrx_word' id='word_1_102' title='bbox 312 1502 327 1515; x_wconf 87' lang='grc'><strong>·</strong></span> <span class='ocrx_word' id='word_1_103' title='bbox 360 1484 612 1538; x_wconf 84' lang='grc' dir='ltr'>λείπεται</span> <span class='ocrx_word' id='word_1_104' title='bbox 632 1484 689 1536; x_wconf 89' lang='grc' dir='ltr'>δὲ</span> <span class='ocrx_word' id='word_1_105' title='bbox 723 1485 920 1548; x_wconf 78' lang='grc' dir='ltr'>εἰπεῖν,</span> <span class='ocrx_word' id='word_1_106' title='bbox 944 1485 1104 1538; x_wconf 87' lang='grc' dir='ltr'>τίνων</span> <span class='ocrx_word' id='word_1_107' title='bbox 1132 1485 1250 1536; x_wconf 78' lang='grc' dir='ltr'>ἐστὶ</span> <span class='ocrx_word' id='word_1_108' title='bbox 1306 1483 1531 1554; x_wconf 86' lang='grc' dir='ltr'>πρόνοια</span> <span class='ocrx_word' id='word_1_109' title='bbox 1579 1484 1720 1553; x_wconf 80' lang='grc'>(75),</span> 
     </span>
    </p>
   </div>
   <div class='ocr_carea' id='block_1_18' title="bbox 118 1571 1724 1645">
    <p class='ocr_par' dir='ltr' id='par_1_18' title="bbox 118 1571 1724 1645">
     <span class='ocr_line' id='line_1_18' title="bbox 118 1571 1724 1645; baseline -0.001 -19"><span class='ocrx_word' id='word_1_110' title='bbox 118 1575 353 1645; x_wconf 79' lang='grc' dir='ltr'>πότερον</span> <span class='ocrx_word' id='word_1_111' title='bbox 385 1572 496 1626; x_wconf 90' lang='grc' dir='ltr'><strong>τῶν</strong></span> <span class='ocrx_word' id='word_1_112' title='bbox 521 1571 772 1633; x_wconf 81' lang='grc' dir='ltr'><strong>καθόλου,</strong></span> <span class='ocrx_word' id='word_1_113' title='bbox 796 1572 828 1643; x_wconf 83' lang='grc' dir='ltr'><strong>ἢ</strong></span> <span class='ocrx_word' id='word_1_114' title='bbox 859 1572 968 1626; x_wconf 88' lang='grc' dir='ltr'><strong>τῶν</strong></span> <span class='ocrx_word' id='word_1_115' title='bbox 997 1573 1117 1626; x_wconf 85' lang='grc' dir='ltr'>καθ’</span> <span class='ocrx_word' id='word_1_116' title='bbox 1155 1574 1361 1627; x_wconf 74' lang='grc' dir='ltr'>ἕκαστα</span> <span class='ocrx_word' id='word_1_117' title='bbox 1391 1573 1528 1642; x_wconf 83' lang='grc'>(70),</span> <span class='ocrx_word' id='word_1_118' title='bbox 1556 1573 1588 1645; x_wconf 76' lang='grc' dir='ltr'>ἢ</span> <span class='ocrx_word' id='word_1_119' title='bbox 1616 1573 1724 1625; x_wconf 89' lang='grc' dir='ltr'><strong>τῶν</strong></span> 
     </span>
    </p>
   </div>
   <div class='ocr_carea' id='block_1_19' title="bbox 117 1659 1724 1735">
    <p class='ocr_par' dir='ltr' id='par_1_19' title="bbox 117 1659 1724 1735">
     <span class='ocr_line' id='line_1_19' title="bbox 117 1659 1724 1735; baseline -0.001 -17"><span class='ocrx_word' id='word_1_120' title='bbox 117 1663 359 1718; x_wconf 73' lang='grc' dir='ltr'>καθόλου</span> <span class='ocrx_word' id='word_1_121' title='bbox 390 1665 487 1717; x_wconf 80' lang='grc' dir='ltr'><strong>καὶ</strong></span> <span class='ocrx_word' id='word_1_122' title='bbox 510 1663 616 1717; x_wconf 83' lang='grc' dir='ltr'><strong>τῶν</strong></span> <span class='ocrx_word' id='word_1_123' title='bbox 654 1663 776 1716; x_wconf 86' lang='grc' dir='ltr'>καθ’</span> <span class='ocrx_word' id='word_1_124' title='bbox 803 1663 1011 1717; x_wconf 74' lang='grc' dir='ltr'>ἕκαστα</span> <span class='ocrx_word' id='word_1_125' title='bbox 1060 1664 1191 1734; x_wconf 89' lang='grc'>(77).</span> <span class='ocrx_word' id='word_1_126' title='bbox 1215 1663 1443 1718; x_wconf 84' lang='grc' dir='ltr'>Πλάτων</span> <span class='ocrx_word' id='word_1_127' title='bbox 1485 1665 1582 1735; x_wconf 88' lang='grc' dir='ltr'>μὲν</span> <span class='ocrx_word' id='word_1_128' title='bbox 1631 1659 1724 1717; x_wconf 75' lang='grc' dir='ltr'><strong>οὖν</strong></span> 
     </span>
    </p>
   </div>
   <div class='ocr_carea' id='block_1_20' title="bbox 1821 484 3455 560">
    <p class='ocr_par' dir='ltr' id='par_1_20' title="bbox 1821 484 3455 560">
     <span class='ocr_line' id='line_1_20' title="bbox 1821 484 3455 560; baseline 0.003 -22"><span class='ocrx_word' id='word_1_129' title='bbox 1821 484 2084 557; x_wconf 81' lang='lat' dir='ltr'><strong>imagines</strong></span> <span class='ocrx_word' id='word_1_130' title='bbox 2117 503 2328 553; x_wconf 91' lang='lat' dir='ltr'><strong>eorum,</strong></span> <span class='ocrx_word' id='word_1_131' title='bbox 2359 505 2479 560; x_wconf 86' lang='lat' dir='ltr'><strong>quae</strong></span> <span class='ocrx_word' id='word_1_132' title='bbox 2515 490 2774 544; x_wconf 77' lang='lat' dir='ltr'><strong>diximus.</strong></span> <span class='ocrx_word' id='word_1_133' title='bbox 2812 489 3082 558; x_wconf 81' lang='lat' dir='ltr'><strong>Quidquid</strong></span> <span class='ocrx_word' id='word_1_134' title='bbox 3125 489 3270 542; x_wconf 77' lang='lat' dir='ltr'><strong>enim</strong></span> <span class='ocrx_word' id='word_1_135' title='bbox 3313 503 3407 558; x_wconf 86' lang='lat' dir='ltr'><strong>ge-</strong></span> <span class='ocrx_word' id='word_1_136' title='bbox 3437 514 3455 530; x_wconf 70' lang='grc' dir='ltr'><em>ν</em></span> 
     </span>
    </p>
   </div>
   <div class='ocr_carea' id='block_1_21' title="bbox 1820 578 3405 652">
    <p class='ocr_par' dir='ltr' id='par_1_21' title="bbox 1820 578 3405 652">
     <span class='ocr_line' id='line_1_21' title="bbox 1820 578 3405 652; baseline 0.001 -19"><span class='ocrx_word' id='word_1_137' title='bbox 1820 578 1959 642; x_wconf 89' lang='lat' dir='ltr'><strong>nuit,</strong></span> <span class='ocrx_word' id='word_1_138' title='bbox 1999 580 2176 634; x_wconf 90' lang='lat' dir='ltr'><strong>cibum</strong></span> <span class='ocrx_word' id='word_1_139' title='bbox 2209 596 2426 652; x_wconf 87' lang='lat' dir='ltr'><strong>quoque</strong></span> <span class='ocrx_word' id='word_1_140' title='bbox 2459 582 2594 637; x_wconf 91' lang='lat' dir='ltr'><strong>fetui</strong></span> <span class='ocrx_word' id='word_1_141' title='bbox 2639 588 2928 652; x_wconf 78' lang='lat' dir='ltr'><strong>procurat;</strong></span> <span class='ocrx_word' id='word_1_142' title='bbox 2965 589 3019 634; x_wconf 93' lang='lat' dir='ltr'><strong>et</strong></span> <span class='ocrx_word' id='word_1_143' title='bbox 3054 580 3214 634; x_wconf 88' lang='lat' dir='ltr'><strong>homo</strong></span> <span class='ocrx_word' id='word_1_144' title='bbox 3243 580 3405 634; x_wconf 88' lang='lat' dir='ltr'><strong>etiam</strong></span> 
     </span>
    </p>
   </div>
   <div class='ocr_carea' id='block_1_22' title="bbox 1820 669 3408 744">
    <p class='ocr_par' dir='ltr' id='par_1_22' title="bbox 1820 669 3408 744">
     <span class='ocr_line' id='line_1_22' title="bbox 1820 669 3408 744; baseline -0.001 -21"><span class='ocrx_word' id='word_1_145' title='bbox 1820 669 1888 723; x_wconf 91' lang='lat' dir='ltr'><strong>de</strong></span> <span class='ocrx_word' id='word_1_146' title='bbox 1917 671 2128 726; x_wconf 78' lang='lat' dir='ltr'><strong>caeteris</strong></span> <span class='ocrx_word' id='word_1_147' title='bbox 2165 674 2435 736; x_wconf 91' lang='lat' dir='ltr'><strong>omnibus,</strong></span> <span class='ocrx_word' id='word_1_148' title='bbox 2477 689 2597 744; x_wconf 62' lang='lat' dir='ltr'><strong>qum</strong></span> <span class='ocrx_word' id='word_1_149' title='bbox 2635 675 2700 726; x_wconf 88' lang='lat' dir='ltr'><strong>ad</strong></span> <span class='ocrx_word' id='word_1_150' title='bbox 2739 674 2901 726; x_wconf 89' lang='lat' dir='ltr'><strong>vitam</strong></span> <span class='ocrx_word' id='word_1_151' title='bbox 2953 671 3250 738; x_wconf 84' lang='lat' dir='ltr'><strong>degendam</strong></span> <span class='ocrx_word' id='word_1_152' title='bbox 3287 685 3408 738; x_wconf 75' lang='lat' dir='ltr'><strong>spe.</strong></span> 
     </span>
    </p>
   </div>
   <div class='ocr_carea' id='block_1_23' title="bbox 1821 763 3411 834">
    <p class='ocr_par' dir='ltr' id='par_1_23' title="bbox 1821 763 3411 834">
     <span class='ocr_line' id='line_1_23' title="bbox 1821 763 3411 834; baseline -0.001 -18"><span class='ocrx_word' id='word_1_153' title='bbox 1821 768 1993 828; x_wconf 90' lang='lat' dir='ltr'><strong>ctant,</strong></span> <span class='ocrx_word' id='word_1_154' title='bbox 2033 763 2210 831; x_wconf 92' lang='lat' dir='ltr'><strong>quoad</strong></span> <span class='ocrx_word' id='word_1_155' title='bbox 2249 764 2367 830; x_wconf 86' lang='lat' dir='ltr'><strong>ejus</strong></span> <span class='ocrx_word' id='word_1_156' title='bbox 2394 764 2509 819; x_wconf 85' lang='lat' dir='ltr'><strong>fieri</strong></span> <span class='ocrx_word' id='word_1_157' title='bbox 2551 773 2748 834; x_wconf 90' lang='lat' dir='ltr'><strong>potest,</strong></span> <span class='ocrx_word' id='word_1_158' title='bbox 2794 764 3076 834; x_wconf 85' lang='lat' dir='ltr'><strong>prospicit.</strong></span> <span class='ocrx_word' id='word_1_159' title='bbox 3124 763 3254 829; x_wconf 69' lang='lat' dir='ltr'><strong>Quae</strong></span> <span class='ocrx_word' id='word_1_160' title='bbox 3282 778 3411 815; x_wconf 86' lang='lat' dir='ltr'><strong>vero</strong></span> 
     </span>
    </p>
   </div>
   <div class='ocr_carea' id='block_1_24' title="bbox 1823 855 3408 924">
    <p class='ocr_par' dir='ltr' id='par_1_24' title="bbox 1823 855 3408 924">
     <span class='ocr_line' id='line_1_24' title="bbox 1823 855 3408 924; baseline -0.002 -17"><span class='ocrx_word' id='word_1_161' title='bbox 1823 867 1928 908; x_wconf 92' lang='lat' dir='ltr'><strong>non</strong></span> <span class='ocrx_word' id='word_1_162' title='bbox 1980 855 2283 924; x_wconf 89' lang='lat' dir='ltr'><strong>provident,</strong></span> <span class='ocrx_word' id='word_1_163' title='bbox 2334 857 2403 912; x_wconf 90' lang='lat' dir='ltr'><strong>ob</strong></span> <span class='ocrx_word' id='word_1_164' title='bbox 2459 857 2884 912; x_wconf 86' lang='lat' dir='ltr'><strong>imbecillitatem</strong></span> <span class='ocrx_word' id='word_1_165' title='bbox 2948 870 3054 910; x_wconf 93' lang='lat' dir='ltr'><strong>non</strong></span> <span class='ocrx_word' id='word_1_166' title='bbox 3100 855 3408 924; x_wconf 88' lang='lat' dir='ltr'><strong>provident.</strong></span> 
     </span>
    </p>
   </div>
   <div class='ocr_carea' id='block_1_25' title="bbox 1823 935 3411 1015">
    <p class='ocr_par' dir='ltr' id='par_1_25' title="bbox 1823 935 3411 1015">
     <span class='ocr_line' id='line_1_25' title="bbox 1823 935 3411 1015; baseline 0.001 -22"><span class='ocrx_word' id='word_1_167' title='bbox 1823 942 2000 1008; x_wconf 85' lang='lat' dir='ltr'><strong>Quare</strong></span> <span class='ocrx_word' id='word_1_168' title='bbox 2021 953 2297 998; x_wconf 92' lang='lat' dir='ltr'><strong>ostensum</strong></span> <span class='ocrx_word' id='word_1_169' title='bbox 2327 953 2432 1011; x_wconf 92' lang='lat' dir='ltr'><strong>est,</strong></span> <span class='ocrx_word' id='word_1_170' title='bbox 2462 947 2627 1000; x_wconf 91' lang='lat' dir='ltr'><strong>Deum</strong></span> <span class='ocrx_word' id='word_1_171' title='bbox 2671 961 2814 1012; x_wconf 89' lang='lat' dir='ltr'><strong>esse,</strong></span> <span class='ocrx_word' id='word_1_172' title='bbox 2867 946 2959 1014; x_wconf 89' lang='lat' dir='ltr'><strong>qui</strong></span> <span class='ocrx_word' id='word_1_173' title='bbox 3016 935 3322 1015; x_wconf 83' lang='lat' dir='ltr'><strong>provideat,</strong></span> <span class='ocrx_word' id='word_1_174' title='bbox 3355 952 3411 996; x_wconf 93' lang='lat' dir='ltr'><strong>et</strong></span> 
     </span>
    </p>
   </div>
   <div class='ocr_carea' id='block_1_26' title="bbox 1823 1033 3022 1105">
    <p class='ocr_par' dir='ltr' id='par_1_26' title="bbox 1823 1033 3022 1105">
     <span class='ocr_line' id='line_1_26' title="bbox 1823 1033 3022 1105; baseline 0.003 -19"><span class='ocrx_word' id='word_1_175' title='bbox 1823 1033 2215 1102; x_wconf 83' lang='lat' dir='ltr'><strong>providentiam</strong></span> <span class='ocrx_word' id='word_1_176' title='bbox 2243 1049 2361 1090; x_wconf 90' lang='lat' dir='ltr'><strong>esse</strong></span> <span class='ocrx_word' id='word_1_177' title='bbox 2389 1035 2634 1105; x_wconf 88' lang='lat' dir='ltr'><strong>ejusdem</strong></span> <span class='ocrx_word' id='word_1_178' title='bbox 2669 1037 3022 1092; x_wconf 84' lang='lat' dir='ltr'><strong>voluntatem.</strong></span> 
     </span>
    </p>
   </div>
   <div class='ocr_carea' id='block_1_27' title="bbox 2430 1213 2788 1269">
    <p class='ocr_par' dir='ltr' id='par_1_27' title="bbox 2430 1213 2788 1269">
     <span class='ocr_line' id='line_1_27' title="bbox 2430 1213 2788 1269; baseline -0.003 0"><span class='ocrx_word' id='word_1_179' title='bbox 2430 1213 2582 1269; x_wconf 83' lang='lat' dir='ltr'><strong>CAP.</strong></span> <span class='ocrx_word' id='word_1_180' title='bbox 2626 1213 2788 1268; x_wconf 80' lang='lat' dir='ltr'><strong>XLIV</strong></span> 
     </span>
    </p>
   </div>
   <div class='ocr_carea' id='block_1_28' title="bbox 2142 1304 3085 1373">
    <p class='ocr_par' dir='ltr' id='par_1_28' title="bbox 2142 1304 3085 1373">
     <span class='ocr_line' id='line_1_28' title="bbox 2142 1304 3085 1373; baseline -0.001 -14"><span class='ocrx_word' id='word_1_181' title='bbox 2142 1305 2382 1372; x_wconf 85' lang='lat' dir='ltr'><strong>Quarum</strong></span> <span class='ocrx_word' id='word_1_182' title='bbox 2430 1322 2603 1359; x_wconf 85' lang='lat' dir='ltr'><strong>rerum</strong></span> <span class='ocrx_word' id='word_1_183' title='bbox 2630 1306 2696 1358; x_wconf 84' lang='lat' dir='ltr'><strong>sit</strong></span> <span class='ocrx_word' id='word_1_184' title='bbox 2734 1304 3085 1373; x_wconf 77' lang='lat' dir='ltr'><strong>providentia.</strong></span> 
     </span>
    </p>
   </div>
   <div class='ocr_carea' id='block_1_29' title="bbox 1866 1393 3403 1466">
    <p class='ocr_par' dir='ltr' id='par_1_29' title="bbox 1866 1393 3403 1466">
     <span class='ocr_line' id='line_1_29' title="bbox 1866 1393 3403 1466; baseline -0.001 -18"><span class='ocrx_word' id='word_1_185' title='bbox 1866 1393 2027 1449; x_wconf 89' lang='lat' dir='ltr'><strong>.Esse</strong></span> <span class='ocrx_word' id='word_1_186' title='bbox 2055 1393 2222 1462; x_wconf 81' lang='lat' dir='ltr'><strong>igitur</strong></span> <span class='ocrx_word' id='word_1_187' title='bbox 2248 1396 2674 1466; x_wconf 85' lang='lat' dir='ltr'><strong>providentiam,</strong></span> <span class='ocrx_word' id='word_1_188' title='bbox 2714 1404 2770 1450; x_wconf 87' lang='lat' dir='ltr'><strong>et</strong></span> <span class='ocrx_word' id='word_1_189' title='bbox 2819 1395 2944 1464; x_wconf 88' lang='lat' dir='ltr'><strong>quid</strong></span> <span class='ocrx_word' id='word_1_190' title='bbox 2980 1410 3042 1449; x_wconf 91' lang='lat' dir='ltr'><strong>ea</strong></span> <span class='ocrx_word' id='word_1_191' title='bbox 3075 1395 3167 1461; x_wconf 90' lang='lat' dir='ltr'><strong>sit,</strong></span> <span class='ocrx_word' id='word_1_192' title='bbox 3201 1393 3403 1449; x_wconf 89' lang='lat' dir='ltr'><strong>dictum</strong></span> 
     </span>
    </p>
   </div>
   <div class='ocr_carea' id='block_1_30' title="bbox 1825 1485 3410 1560">
    <p class='ocr_par' dir='ltr' id='par_1_30' title="bbox 1825 1485 3410 1560">
     <span class='ocr_line' id='line_1_30' title="bbox 1825 1485 3410 1560; baseline -0.003 -19"><span class='ocrx_word' id='word_1_193' title='bbox 1825 1495 1951 1541; x_wconf 66' lang='lat' dir='ltr'><strong>esu</strong></span> <span class='ocrx_word' id='word_1_194' title='bbox 2014 1495 2201 1553; x_wconf 86' lang='lat' dir='ltr'><strong>restat,</strong></span> <span class='ocrx_word' id='word_1_195' title='bbox 2269 1496 2327 1542; x_wconf 90' lang='lat' dir='ltr'><strong>ut</strong></span> <span class='ocrx_word' id='word_1_196' title='bbox 2380 1501 2738 1560; x_wconf 77' lang='lat' dir='ltr'><strong>exponamus,</strong></span> <span class='ocrx_word' id='word_1_197' title='bbox 2801 1501 3031 1554; x_wconf 86' lang='lat' dir='ltr'><strong>quarum</strong></span> <span class='ocrx_word' id='word_1_198' title='bbox 3100 1499 3278 1539; x_wconf 86' lang='lat' dir='ltr'><strong>rerum</strong></span> <span class='ocrx_word' id='word_1_199' title='bbox 3338 1485 3410 1538; x_wconf 85' lang='lat' dir='ltr'><strong>sit</strong></span> 
     </span>
    </p>
   </div>
   <div class='ocr_carea' id='block_1_31' title="bbox 1826 1573 3425 1646">
    <p class='ocr_par' dir='ltr' id='par_1_31' title="bbox 1826 1573 3425 1646">
     <span class='ocr_line' id='line_1_31' title="bbox 1826 1573 3425 1646; baseline -0.003 -16"><span class='ocrx_word' id='word_1_200' title='bbox 1826 1575 2206 1644; x_wconf 85' lang='lat' dir='ltr'><strong>providentia,</strong></span> <span class='ocrx_word' id='word_1_201' title='bbox 2273 1577 2744 1639; x_wconf 87' lang='lat' dir='ltr'><strong>universarumue.</strong></span> <span class='ocrx_word' id='word_1_202' title='bbox 2802 1592 2869 1630; x_wconf 91' lang='lat' dir='ltr'><strong>an</strong></span> <span class='ocrx_word' id='word_1_203' title='bbox 2917 1575 3291 1646; x_wconf 79' lang='lat' dir='ltr'><strong>singularum,</strong></span> <span class='ocrx_word' id='word_1_204' title='bbox 3341 1573 3425 1626; x_wconf 88' lang='lat' dir='ltr'><strong>an</strong></span> 
     </span>
    </p>
   </div>
   <div class='ocr_carea' id='block_1_32' title="bbox 1830 1667 3408 1737">
    <p class='ocr_par' dir='ltr' id='par_1_32' title="bbox 1830 1667 3408 1737">
     <span class='ocr_line' id='line_1_32' title="bbox 1830 1667 3408 1737; baseline -0.003 -16"><span class='ocrx_word' id='word_1_205' title='bbox 1830 1669 2204 1722; x_wconf 88' lang='lat' dir='ltr'><strong>universarum</strong></span> <span class='ocrx_word' id='word_1_206' title='bbox 2237 1677 2292 1722; x_wconf 94' lang='lat' dir='ltr'><strong>et</strong></span> <span class='ocrx_word' id='word_1_207' title='bbox 2321 1667 2681 1737; x_wconf 72' lang='lat' dir='ltr'><strong>singularum.</strong></span> <span class='ocrx_word' id='word_1_208' title='bbox 2712 1667 2862 1723; x_wconf 88' lang='lat' dir='ltr'><strong>Plato</strong></span> <span class='ocrx_word' id='word_1_209' title='bbox 2895 1677 2948 1721; x_wconf 92' lang='lat' dir='ltr'><strong>et</strong></span> <span class='ocrx_word' id='word_1_210' title='bbox 2982 1667 3270 1721; x_wconf 86' lang='lat' dir='ltr'><strong>universas</strong></span> <span class='ocrx_word' id='word_1_211' title='bbox 3302 1680 3408 1726; x_wconf 90' lang='lat' dir='ltr'><strong>res,</strong></span> 
     </span>
    </p>
   </div>
   <div class='ocr_carea' id='block_1_33' title="bbox 118 1751 1724 1830">
    <p class='ocr_par' dir='ltr' id='par_1_33' title="bbox 118 1756 1724 1828">
     <span class='ocr_line' id='line_1_33' title="bbox 118 1756 1724 1828; baseline 0.001 -18"><span class='ocrx_word' id='word_1_212' title='bbox 118 1758 219 1811; x_wconf 75' lang='grc' dir='ltr'><strong>καὶ</strong></span> <span class='ocrx_word' id='word_1_213' title='bbox 247 1757 316 1810; x_wconf 70' lang='grc' dir='ltr'>τὰ</span> <span class='ocrx_word' id='word_1_214' title='bbox 347 1756 608 1820; x_wconf 87' lang='grc' dir='ltr'>καθόλου,</span> <span class='ocrx_word' id='word_1_215' title='bbox 641 1756 738 1810; x_wconf 70' lang='grc' dir='ltr'>καὶ</span> <span class='ocrx_word' id='word_1_216' title='bbox 756 1757 826 1810; x_wconf 81' lang='grc' dir='ltr'>τὰ</span> <span class='ocrx_word' id='word_1_217' title='bbox 853 1757 976 1810; x_wconf 89' lang='grc' dir='ltr'>καθ’</span> <span class='ocrx_word' id='word_1_218' title='bbox 1003 1757 1210 1811; x_wconf 74' lang='grc' dir='ltr'>ἕκαστα</span> <span class='ocrx_word' id='word_1_219' title='bbox 1232 1758 1487 1828; x_wconf 85' lang='grc' dir='ltr'>πρόνοιαν</span> <span class='ocrx_word' id='word_1_220' title='bbox 1511 1757 1724 1812; x_wconf 81' lang='grc' dir='ltr'><strong>διοικεῖν</strong></span> 
     </span>
    </p>
   </div>
   <div class='ocr_carea' id='block_1_34' title="bbox 1846 1751 3412 1830">
    <p class='ocr_par' dir='ltr' id='par_1_34' title="bbox 1846 1756 3412 1830">
     <span class='ocr_line' id='line_1_34' title="bbox 1846 1756 3412 1830; baseline -0.003 -17"><span class='ocrx_word' id='word_1_221' title='bbox 1846 1769 1887 1813; x_wconf 74' lang='lat' dir='ltr'><strong>3t</strong></span> <span class='ocrx_word' id='word_1_222' title='bbox 1935 1759 2178 1830; x_wconf 85' lang='lat' dir='ltr'><strong>singulas</strong></span> <span class='ocrx_word' id='word_1_223' title='bbox 2207 1773 2236 1812; x_wconf 91' lang='lat' dir='ltr'><strong>a</strong></span> <span class='ocrx_word' id='word_1_224' title='bbox 2269 1758 2606 1827; x_wconf 88' lang='lat' dir='ltr'><strong>providentia</strong></span> <span class='ocrx_word' id='word_1_225' title='bbox 2642 1757 2933 1829; x_wconf 78' lang='lat' dir='ltr'><strong>gubernari</strong></span> <span class='ocrx_word' id='word_1_226' title='bbox 2963 1756 3097 1824; x_wconf 89' lang='lat' dir='ltr'><strong>vult,</strong></span> <span class='ocrx_word' id='word_1_227' title='bbox 3131 1757 3412 1828; x_wconf 82' lang='lat' dir='ltr'><strong>providen-</strong></span> 
     </span>
    </p>
   </div>
   <div class='ocr_carea' id='block_1_35' title="bbox 119 1845 1724 1918">
    <p class='ocr_par' dir='ltr' id='par_1_35' title="bbox 119 1845 1724 1918">
     <span class='ocr_line' id='line_1_35' title="bbox 119 1845 1724 1918; baseline 0.002 -20"><span class='ocrx_word' id='word_1_228' title='bbox 119 1845 402 1917; x_wconf 78' lang='grc' dir='ltr'>βούλεται,</span> <span class='ocrx_word' id='word_1_229' title='bbox 421 1845 650 1917; x_wconf 86' lang='grc' dir='ltr'>διαιρῶν</span> <span class='ocrx_word' id='word_1_230' title='bbox 668 1847 758 1899; x_wconf 82' lang='grc' dir='ltr'><strong>τὸν</strong></span> <span class='ocrx_word' id='word_1_231' title='bbox 780 1847 880 1916; x_wconf 84' lang='grc' dir='ltr'><strong>τῆς</strong></span> <span class='ocrx_word' id='word_1_232' title='bbox 897 1847 1156 1917; x_wconf 80' lang='grc' dir='ltr'>προνοίας</span> <span class='ocrx_word' id='word_1_233' title='bbox 1172 1846 1328 1914; x_wconf 88' lang='grc' dir='ltr'>λόγον</span> <span class='ocrx_word' id='word_1_234' title='bbox 1349 1850 1429 1909; x_wconf 83' lang='grc' dir='ltr'>εἰς</span> <span class='ocrx_word' id='word_1_235' title='bbox 1444 1848 1572 1918; x_wconf 88' lang='grc' dir='ltr'>τρία</span> <span class='ocrx_word' id='word_1_236' title='bbox 1591 1847 1724 1917; x_wconf 89' lang='grc'>(78).</span> 
     </span>
    </p>
   </div>
   <div class='ocr_carea' id='block_1_36' title="bbox 118 1933 1725 2010">
    <p class='ocr_par' dir='ltr' id='par_1_36' title="bbox 118 1933 1725 2010">
     <span class='ocr_line' id='line_1_36' title="bbox 118 1933 1725 2010; baseline 0.001 -19"><span class='ocrx_word' id='word_1_237' title='bbox 118 1937 360 2009; x_wconf 83' lang='grc' dir='ltr'>Πρώτην</span> <span class='ocrx_word' id='word_1_238' title='bbox 396 1938 495 2008; x_wconf 83' lang='grc' dir='ltr'><strong>μὲν</strong></span> <span class='ocrx_word' id='word_1_239' title='bbox 525 1938 634 2008; x_wconf 84' lang='grc' dir='ltr'>γὰρ</span> <span class='ocrx_word' id='word_1_240' title='bbox 678 1933 820 1990; x_wconf 75' lang='grc' dir='ltr'>εἶναι</span> <span class='ocrx_word' id='word_1_241' title='bbox 855 1937 990 2008; x_wconf 82' lang='grc'>(79),</span> <span class='ocrx_word' id='word_1_242' title='bbox 1032 1937 1133 2009; x_wconf 80' lang='grc' dir='ltr'>τὴν</span> <span class='ocrx_word' id='word_1_243' title='bbox 1177 1937 1271 1991; x_wconf 76' lang='grc' dir='ltr'>τοῦ</span> <span class='ocrx_word' id='word_1_244' title='bbox 1312 1938 1528 2010; x_wconf 83' lang='grc' dir='ltr'>πρώτου</span> <span class='ocrx_word' id='word_1_245' title='bbox 1554 1939 1687 1992; x_wconf 79' lang='grc' dir='ltr'>Θεοῦ</span> <span class='ocrx_word' id='word_1_246' title='bbox 1709 1955 1725 1970; x_wconf 79' lang='grc' dir='ltr'><strong><em>ο</em></strong></span> 
     </span>
    </p>
   </div>
   <div class='ocr_carea' id='block_1_37' title="bbox 118 2029 1724 2103">
    <p class='ocr_par' dir='ltr' id='par_1_37' title="bbox 118 2029 1724 2103">
     <span class='ocr_line' id='line_1_37' title="bbox 118 2029 1724 2103; baseline 0.003 -22"><span class='ocrx_word' id='word_1_247' title='bbox 118 2033 382 2099; x_wconf 82' lang='grc' dir='ltr'>προνοεῖν</span> <span class='ocrx_word' id='word_1_248' title='bbox 413 2029 471 2082; x_wconf 85' lang='grc' dir='ltr'>δὲ</span> <span class='ocrx_word' id='word_1_249' title='bbox 497 2029 681 2082; x_wconf 78' lang='grc' dir='ltr'>τοῦτον</span> <span class='ocrx_word' id='word_1_250' title='bbox 701 2030 1128 2100; x_wconf 79' lang='grc' dir='ltr'><strong>προηγουμένως</strong></span> <span class='ocrx_word' id='word_1_251' title='bbox 1159 2031 1256 2099; x_wconf 79' lang='grc' dir='ltr'><strong>μὲν</strong></span> <span class='ocrx_word' id='word_1_252' title='bbox 1284 2031 1392 2084; x_wconf 88' lang='grc' dir='ltr'><strong>τῶν</strong></span> <span class='ocrx_word' id='word_1_253' title='bbox 1423 2031 1576 2084; x_wconf 82' lang='grc' dir='ltr'>ἰδεῶν</span> <span class='ocrx_word' id='word_1_254' title='bbox 1592 2032 1724 2103; x_wconf 90' lang='grc'>(80),</span> 
     </span>
    </p>
   </div>
   <div class='ocr_carea' id='block_1_38' title="bbox 121 2119 1727 2193">
    <p class='ocr_par' dir='ltr' id='par_1_38' title="bbox 121 2119 1727 2193">
     <span class='ocr_line' id='line_1_38' title="bbox 121 2119 1727 2193; baseline 0.001 -19"><span class='ocrx_word' id='word_1_255' title='bbox 121 2122 323 2176; x_wconf 71' lang='grc' dir='ltr'>ἔπειτα</span> <span class='ocrx_word' id='word_1_256' title='bbox 343 2121 404 2174; x_wconf 83' lang='grc' dir='ltr'><strong>δὲ</strong></span> <span class='ocrx_word' id='word_1_257' title='bbox 441 2120 754 2190; x_wconf 82' lang='grc' dir='ltr'>ξύμπαντος</span> <span class='ocrx_word' id='word_1_258' title='bbox 801 2121 914 2190; x_wconf 90' lang='lat'>(81)</span> <span class='ocrx_word' id='word_1_259' title='bbox 949 2120 1043 2173; x_wconf 78' lang='grc' dir='ltr'><strong>τοῦ</strong></span> <span class='ocrx_word' id='word_1_260' title='bbox 1078 2121 1306 2175; x_wconf 80' lang='grc' dir='ltr'>καθόλου</span> <span class='ocrx_word' id='word_1_261' title='bbox 1337 2123 1565 2193; x_wconf 76' lang='grc' dir='ltr'>κόσμου,</span> <span class='ocrx_word' id='word_1_262' title='bbox 1593 2119 1727 2188; x_wconf 70' lang='grc' dir='ltr'>οἷον,</span> 
     </span>
    </p>
   </div>
   <div class='ocr_carea' id='block_1_39' title="bbox 119 2209 1725 2282">
    <p class='ocr_par' dir='ltr' id='par_1_39' title="bbox 119 2209 1725 2282">
     <span class='ocr_line' id='line_1_39' title="bbox 119 2209 1725 2282; baseline -0.001 -17"><span class='ocrx_word' id='word_1_263' title='bbox 119 2211 366 2282; x_wconf 73' lang='grc' dir='ltr'>οὐρανοῦ</span> <span class='ocrx_word' id='word_1_264' title='bbox 395 2211 494 2264; x_wconf 73' lang='grc' dir='ltr'><strong>καὶ</strong></span> <span class='ocrx_word' id='word_1_265' title='bbox 533 2210 782 2282; x_wconf 83' lang='grc' dir='ltr'>ἀστέρων</span> <span class='ocrx_word' id='word_1_266' title='bbox 806 2209 918 2280; x_wconf 69' lang='lat'>(82)</span> <span class='ocrx_word' id='word_1_267' title='bbox 954 2212 1050 2265; x_wconf 73' lang='grc' dir='ltr'><strong>καὶ</strong></span> <span class='ocrx_word' id='word_1_268' title='bbox 1086 2211 1305 2265; x_wconf 84' lang='grc' dir='ltr'>πάντων</span> <span class='ocrx_word' id='word_1_269' title='bbox 1331 2211 1439 2264; x_wconf 88' lang='grc' dir='ltr'><strong>τῶν</strong></span> <span class='ocrx_word' id='word_1_270' title='bbox 1473 2212 1725 2276; x_wconf 83' lang='grc' dir='ltr'>καθόλου,</span> 
     </span>
    </p>
   </div>
   <div class='ocr_carea' id='block_1_40' title="bbox 119 2301 1728 2384">
    <p class='ocr_par' dir='ltr' id='par_1_40' title="bbox 119 2301 1728 2384">
     <span class='ocr_line' id='line_1_40' title="bbox 119 2301 1728 2384; baseline 0 -28"><span class='ocrx_word' id='word_1_271' title='bbox 119 2303 379 2356; x_wconf 80' lang='grc' dir='ltr'>τουτέστι</span> <span class='ocrx_word' id='word_1_272' title='bbox 409 2302 519 2355; x_wconf 91' lang='grc' dir='ltr'><strong>τῶν</strong></span> <span class='ocrx_word' id='word_1_273' title='bbox 565 2302 760 2370; x_wconf 82' lang='grc' dir='ltr'>γενῶν,</span> <span class='ocrx_word' id='word_1_274' title='bbox 822 2301 1012 2366; x_wconf 71' lang='grc' dir='ltr'>οὐςίας</span> <span class='ocrx_word' id='word_1_275' title='bbox 1045 2320 1106 2356; x_wconf 90' lang='grc' dir='ltr'><strong>τε</strong></span> <span class='ocrx_word' id='word_1_276' title='bbox 1151 2304 1247 2356; x_wconf 76' lang='grc' dir='ltr'><strong>καὶ</strong></span> <span class='ocrx_word' id='word_1_277' title='bbox 1292 2303 1590 2373; x_wconf 81' lang='grc' dir='ltr'>ποσότητος</span> <span class='ocrx_word' id='word_1_278' title='bbox 1617 2301 1728 2384; x_wconf 79' lang='grc'>(85)</span> 
     </span>
    </p>
   </div>
   <div class='ocr_carea' id='block_1_41' title="bbox 123 2394 1728 2464">
    <p class='ocr_par' dir='ltr' id='par_1_41' title="bbox 123 2394 1728 2464">
     <span class='ocr_line' id='line_1_41' title="bbox 123 2394 1728 2464; baseline 0.002 -16"><span class='ocrx_word' id='word_1_279' title='bbox 123 2396 220 2449; x_wconf 75' lang='grc' dir='ltr'><strong>καὶ</strong></span> <span class='ocrx_word' id='word_1_280' title='bbox 252 2395 564 2464; x_wconf 79' lang='grc' dir='ltr'>ποιότητος,</span> <span class='ocrx_word' id='word_1_281' title='bbox 609 2396 704 2448; x_wconf 67' lang='grc' dir='ltr'>καὶ</span> <span class='ocrx_word' id='word_1_282' title='bbox 737 2394 846 2447; x_wconf 88' lang='grc' dir='ltr'><strong>τῶν</strong></span> <span class='ocrx_word' id='word_1_283' title='bbox 872 2394 1048 2449; x_wconf 84' lang='grc' dir='ltr'>ἄλλων</span> <span class='ocrx_word' id='word_1_284' title='bbox 1073 2397 1184 2449; x_wconf 90' lang='grc' dir='ltr'><strong>τῶν</strong></span> <span class='ocrx_word' id='word_1_285' title='bbox 1210 2396 1466 2449; x_wconf 76' lang='grc' dir='ltr'>τοιούτων</span> <span class='ocrx_word' id='word_1_286' title='bbox 1491 2396 1586 2450; x_wconf 75' lang='grc' dir='ltr'><strong>καὶ</strong></span> <span class='ocrx_word' id='word_1_287' title='bbox 1619 2396 1728 2452; x_wconf 92' lang='grc' dir='ltr'><strong>τῶν</strong></span> 
     </span>
    </p>
   </div>
   <div class='ocr_carea' id='block_1_42' title="bbox 123 2479 1729 2559">
    <p class='ocr_par' dir='ltr' id='par_1_42' title="bbox 123 2479 1729 2559">
     <span class='ocr_line' id='line_1_42' title="bbox 123 2479 1729 2559; baseline 0.002 -20"><span class='ocrx_word' id='word_1_288' title='bbox 123 2487 343 2549; x_wconf 78' lang='grc' dir='ltr'>τούτοις</span> <span class='ocrx_word' id='word_1_289' title='bbox 379 2479 838 2557; x_wconf 72' lang='grc' dir='ltr'>ὑποτεταγμένων</span> <span class='ocrx_word' id='word_1_290' title='bbox 872 2488 1049 2541; x_wconf 79' lang='grc' dir='ltr'>εἰδῶν·</span> <span class='ocrx_word' id='word_1_291' title='bbox 1091 2489 1190 2559; x_wconf 83' lang='grc' dir='ltr'>τῆς</span> <span class='ocrx_word' id='word_1_292' title='bbox 1223 2489 1279 2541; x_wconf 83' lang='grc' dir='ltr'>δὲ</span> <span class='ocrx_word' id='word_1_293' title='bbox 1317 2490 1584 2557; x_wconf 84' lang='grc' dir='ltr'>γενέσεως</span> <span class='ocrx_word' id='word_1_294' title='bbox 1621 2490 1729 2543; x_wconf 90' lang='grc' dir='ltr'><strong>τῶν</strong></span> 
     </span>
    </p>
   </div>
   <div class='ocr_carea' id='block_1_43' title="bbox 125 2575 1729 2647">
    <p class='ocr_par' dir='ltr' id='par_1_43' title="bbox 125 2575 1729 2647">
     <span class='ocr_line' id='line_1_43' title="bbox 125 2575 1729 2647; baseline 0.002 -18"><span class='ocrx_word' id='word_1_295' title='bbox 125 2576 347 2647; x_wconf 85' lang='grc' dir='ltr'>ἀτίμων</span> <span class='ocrx_word' id='word_1_296' title='bbox 377 2575 533 2640; x_wconf 74' lang='grc' dir='ltr'>ζώων</span> <span class='ocrx_word' id='word_1_297' title='bbox 582 2578 697 2646; x_wconf 78' lang='grc'>(84)</span> <span class='ocrx_word' id='word_1_298' title='bbox 727 2595 786 2630; x_wconf 88' lang='grc' dir='ltr'><strong>τε</strong></span> <span class='ocrx_word' id='word_1_299' title='bbox 820 2578 918 2632; x_wconf 73' lang='grc' dir='ltr'><strong>καὶ</strong></span> <span class='ocrx_word' id='word_1_300' title='bbox 947 2579 1130 2646; x_wconf 79' lang='grc' dir='ltr'>φυτῶν</span> <span class='ocrx_word' id='word_1_301' title='bbox 1169 2579 1262 2632; x_wconf 73' lang='grc' dir='ltr'><strong>καὶ</strong></span> <span class='ocrx_word' id='word_1_302' title='bbox 1290 2579 1509 2633; x_wconf 82' lang='grc' dir='ltr'>πάντων</span> <span class='ocrx_word' id='word_1_303' title='bbox 1540 2581 1648 2633; x_wconf 89' lang='grc' dir='ltr'><strong>τῶν</strong></span> <span class='ocrx_word' id='word_1_304' title='bbox 1671 2582 1729 2634; x_wconf 83' lang='grc' dir='ltr'>ὲν</span> 
     </span>
    </p>
   </div>
   <div class='ocr_carea' id='block_1_44' title="bbox 126 2669 1730 2742">
    <p class='ocr_par' dir='ltr' id='par_1_44' title="bbox 126 2669 1730 2742">
     <span class='ocr_line' id='line_1_44' title="bbox 126 2669 1730 2742; baseline 0.002 -19"><span class='ocrx_word' id='word_1_305' title='bbox 126 2669 349 2737; x_wconf 83' lang='grc' dir='ltr'>γενέσει</span> <span class='ocrx_word' id='word_1_306' title='bbox 399 2671 495 2722; x_wconf 78' lang='grc' dir='ltr'>καὶ</span> <span class='ocrx_word' id='word_1_307' title='bbox 544 2669 718 2740; x_wconf 80' lang='grc' dir='ltr'>φθορᾷ</span> <span class='ocrx_word' id='word_1_308' title='bbox 746 2670 879 2740; x_wconf 88' lang='grc'>(85),</span> <span class='ocrx_word' id='word_1_309' title='bbox 907 2672 1036 2732; x_wconf 72' lang='grc' dir='ltr'>τοὺς</span> <span class='ocrx_word' id='word_1_310' title='bbox 1084 2671 1370 2742; x_wconf 84' lang='grc' dir='ltr'>δευτέρους</span> <span class='ocrx_word' id='word_1_311' title='bbox 1401 2673 1577 2736; x_wconf 77' lang='grc' dir='ltr'>θεοὺς,</span> <span class='ocrx_word' id='word_1_312' title='bbox 1601 2673 1730 2737; x_wconf 80' lang='grc' dir='ltr'>τοὺς</span> 
     </span>
    </p>
   </div>
   <div class='ocr_carea' id='block_1_45' title="bbox 126 2759 1730 2834">
    <p class='ocr_par' dir='ltr' id='par_1_45' title="bbox 126 2759 1730 2834">
     <span class='ocr_line' id='line_1_45' title="bbox 126 2759 1730 2834; baseline 0.002 -20"><span class='ocrx_word' id='word_1_313' title='bbox 126 2763 222 2814; x_wconf 60' lang='grc' dir='ltr'>τὸν</span> <span class='ocrx_word' id='word_1_314' title='bbox 251 2761 488 2829; x_wconf 75' lang='grc' dir='ltr'>οὐρανὸν</span> <span class='ocrx_word' id='word_1_315' title='bbox 513 2759 624 2829; x_wconf 87' lang='grc'>(86)</span> <span class='ocrx_word' id='word_1_316' title='bbox 652 2760 1102 2834; x_wconf 78' lang='grc' dir='ltr'>περιπολοῦντας,</span> <span class='ocrx_word' id='word_1_317' title='bbox 1135 2762 1296 2832; x_wconf 76' lang='lat'><strong>168</strong></span> <span class='ocrx_word' id='word_1_318' title='bbox 1319 2767 1590 2833; x_wconf 86' lang='grc' dir='ltr'>προνοεῖν.</span> <span class='ocrx_word' id='word_1_319' title='bbox 1620 2765 1730 2818; x_wconf 74' lang='grc' dir='ltr'><strong>Καὶ</strong></span> 
     </span>
    </p>
   </div>
   <div class='ocr_carea' id='block_1_46' title="bbox 143 2849 1728 2926">
    <p class='ocr_par' dir='ltr' id='par_1_46' title="bbox 143 2849 1728 2926">
     <span class='ocr_line' id='line_1_46' title="bbox 143 2849 1728 2926; baseline 0.002 -21"><span class='ocrx_word' id='word_1_320' title='bbox 143 2851 532 2923; x_wconf 77' lang='grc' dir='ltr'>Ἀριστοτέλης</span> <span class='ocrx_word' id='word_1_321' title='bbox 562 2852 674 2920; x_wconf 85' lang='grc'>(87)</span> <span class='ocrx_word' id='word_1_322' title='bbox 701 2851 758 2904; x_wconf 84' lang='grc' dir='ltr'>δὲ</span> <span class='ocrx_word' id='word_1_323' title='bbox 785 2851 885 2921; x_wconf 83' lang='grc' dir='ltr'><strong>τὴν</strong></span> <span class='ocrx_word' id='word_1_324' title='bbox 914 2849 1118 2905; x_wconf 81' lang='grc' dir='ltr'>τούτων</span> <span class='ocrx_word' id='word_1_325' title='bbox 1157 2853 1374 2921; x_wconf 80' lang='grc' dir='ltr'>γένεσιν</span> <span class='ocrx_word' id='word_1_326' title='bbox 1408 2855 1728 2926; x_wconf 87' lang='grc' dir='ltr'>ἀνατίθησιν</span> 
     </span>
    </p>
   </div>
   <div class='ocr_carea' id='block_1_47' title="bbox 130 2941 1730 3015">
    <p class='ocr_par' dir='ltr' id='par_1_47' title="bbox 130 2941 1730 3015">
     <span class='ocr_line' id='line_1_47' title="bbox 130 2941 1730 3015; baseline 0.001 -19"><span class='ocrx_word' id='word_1_327' title='bbox 130 2944 272 3014; x_wconf 78' lang='grc' dir='ltr'>ἡλίῳ</span> <span class='ocrx_word' id='word_1_328' title='bbox 301 2945 402 2997; x_wconf 77' lang='grc' dir='ltr'>καὶ</span> <span class='ocrx_word' id='word_1_329' title='bbox 431 2942 510 3012; x_wconf 80' lang='grc' dir='ltr'>τῷ</span> <span class='ocrx_word' id='word_1_330' title='bbox 530 2941 782 3012; x_wconf 78' lang='grc' dir='ltr'>ζωδιακῷ</span> <span class='ocrx_word' id='word_1_331' title='bbox 805 2941 1009 3013; x_wconf 81' lang='grc' dir='ltr'>κύκλῳ.</span> <span class='ocrx_word' id='word_1_332' title='bbox 1036 2944 1148 3014; x_wconf 82' lang='grc' dir='ltr'><strong>Τῆς</strong></span> <span class='ocrx_word' id='word_1_333' title='bbox 1180 2943 1237 2996; x_wconf 84' lang='grc' dir='ltr'>δὲ</span> <span class='ocrx_word' id='word_1_334' title='bbox 1267 2942 1606 3015; x_wconf 79' lang='grc' dir='ltr'>διεξαγωγῆς</span> <span class='ocrx_word' id='word_1_335' title='bbox 1637 2946 1730 2998; x_wconf 71' lang='grc' dir='ltr'><strong>καὶ</strong></span> 
     </span>
    </p>
   </div>
   <div class='ocr_carea' id='block_1_48' title="bbox 130 3035 1728 3106">
    <p class='ocr_par' dir='ltr' id='par_1_48' title="bbox 130 3035 1728 3106">
     <span class='ocr_line' id='line_1_48' title="bbox 130 3035 1728 3106; baseline 0.001 -17"><span class='ocrx_word' id='word_1_336' title='bbox 130 3035 225 3090; x_wconf 74' lang='grc' dir='ltr'>τοῦ</span> <span class='ocrx_word' id='word_1_337' title='bbox 283 3035 479 3098; x_wconf 86' lang='grc' dir='ltr'>τέλους</span> <span class='ocrx_word' id='word_1_338' title='bbox 511 3035 621 3088; x_wconf 83' lang='grc' dir='ltr'><strong>τῶν</strong></span> <span class='ocrx_word' id='word_1_339' title='bbox 663 3035 926 3106; x_wconf 85' lang='grc' dir='ltr'>πρακτῶν</span> <span class='ocrx_word' id='word_1_340' title='bbox 973 3035 1084 3104; x_wconf 89' lang='grc'>(88)</span> <span class='ocrx_word' id='word_1_341' title='bbox 1123 3037 1217 3088; x_wconf 77' lang='grc' dir='ltr'>καὶ</span> <span class='ocrx_word' id='word_1_342' title='bbox 1245 3036 1343 3105; x_wconf 73' lang='grc' dir='ltr'>τῆς</span> <span class='ocrx_word' id='word_1_343' title='bbox 1365 3035 1573 3100; x_wconf 84' lang='grc' dir='ltr'>τάξεως</span> <span class='ocrx_word' id='word_1_344' title='bbox 1618 3037 1728 3091; x_wconf 87' lang='grc' dir='ltr'><strong>τῶν</strong></span> 
     </span>
    </p>
   </div>
   <div class='ocr_carea' id='block_1_49' title="bbox 135 3125 1730 3198">
    <p class='ocr_par' dir='ltr' id='par_1_49' title="bbox 135 3125 1730 3198">
     <span class='ocr_line' id='line_1_49' title="bbox 135 3125 1730 3198; baseline 0.001 -18"><span class='ocrx_word' id='word_1_345' title='bbox 135 3127 276 3180; x_wconf 76' lang='grc' dir='ltr'>κατὰ</span> <span class='ocrx_word' id='word_1_346' title='bbox 302 3126 418 3198; x_wconf 90' lang='grc'>(89)</span> <span class='ocrx_word' id='word_1_347' title='bbox 473 3126 562 3178; x_wconf 79' lang='grc' dir='ltr'><strong>τὸν</strong></span> <span class='ocrx_word' id='word_1_348' title='bbox 597 3125 732 3196; x_wconf 87' lang='grc' dir='ltr'>βίον,</span> <span class='ocrx_word' id='word_1_349' title='bbox 763 3125 874 3179; x_wconf 87' lang='grc' dir='ltr'><strong>τῶν</strong></span> <span class='ocrx_word' id='word_1_350' title='bbox 898 3144 956 3180; x_wconf 88' lang='grc' dir='ltr'><strong>τε</strong></span> <span class='ocrx_word' id='word_1_351' title='bbox 989 3126 1236 3195; x_wconf 81' lang='grc' dir='ltr'>φυσικῶν</span> <span class='ocrx_word' id='word_1_352' title='bbox 1287 3127 1507 3180; x_wconf 79' lang='grc' dir='ltr'>καὶτῶν</span> <span class='ocrx_word' id='word_1_353' title='bbox 1532 3128 1730 3181; x_wconf 84' lang='grc' dir='ltr'>ὑλικῶν</span> 
     </span>
    </p>
   </div>
   <div class='ocr_carea' id='block_1_50' title="bbox 132 3215 1728 3287">
    <p class='ocr_par' dir='ltr' id='par_1_50' title="bbox 132 3215 1728 3287">
     <span class='ocr_line' id='line_1_50' title="bbox 132 3215 1728 3287; baseline 0 -17"><span class='ocrx_word' id='word_1_354' title='bbox 132 3235 191 3270; x_wconf 83' lang='grc' dir='ltr'><strong>τε</strong></span> <span class='ocrx_word' id='word_1_355' title='bbox 220 3218 322 3270; x_wconf 74' lang='grc' dir='ltr'><strong>καὶ</strong></span> <span class='ocrx_word' id='word_1_356' title='bbox 351 3215 664 3287; x_wconf 80' lang='grc' dir='ltr'>ὀργανικῶν</span> <span class='ocrx_word' id='word_1_357' title='bbox 687 3216 1040 3285; x_wconf 85' lang='grc' dir='ltr'>καλουμένων</span> <span class='ocrx_word' id='word_1_358' title='bbox 1069 3217 1314 3284; x_wconf 83' lang='grc' dir='ltr'>ἀγαθῶν,</span> <span class='ocrx_word' id='word_1_359' title='bbox 1345 3217 1439 3271; x_wconf 74' lang='grc' dir='ltr'><strong>καὶ</strong></span> <span class='ocrx_word' id='word_1_360' title='bbox 1466 3218 1570 3270; x_wconf 90' lang='grc' dir='ltr'><strong>τῶν</strong></span> <span class='ocrx_word' id='word_1_361' title='bbox 1603 3217 1728 3270; x_wconf 86' lang='grc' dir='ltr'>τού-</span> 
     </span>
    </p>
   </div>
   <div class='ocr_carea' id='block_1_51' title="bbox 133 3303 1730 3382">
    <p class='ocr_par' dir='ltr' id='par_1_51' title="bbox 133 3303 1730 3382">
     <span class='ocr_line' id='line_1_51' title="bbox 133 3303 1730 3382; baseline 0 -20"><span class='ocrx_word' id='word_1_362' title='bbox 133 3326 248 3372; x_wconf 86' lang='grc' dir='ltr'>τοις</span> <span class='ocrx_word' id='word_1_363' title='bbox 296 3305 695 3378; x_wconf 84' lang='grc' dir='ltr'>ἀντικειμένων</span> <span class='ocrx_word' id='word_1_364' title='bbox 747 3306 880 3378; x_wconf 88' lang='grc'>(90),</span> <span class='ocrx_word' id='word_1_365' title='bbox 922 3308 1020 3376; x_wconf 81' lang='grc' dir='ltr'>τὴν</span> <span class='ocrx_word' id='word_1_366' title='bbox 1065 3307 1256 3379; x_wconf 87' lang='grc' dir='ltr'>τρίτην</span> <span class='ocrx_word' id='word_1_367' title='bbox 1304 3303 1443 3361; x_wconf 79' lang='grc' dir='ltr'>εἶναι</span> <span class='ocrx_word' id='word_1_368' title='bbox 1475 3309 1730 3382; x_wconf 86' lang='grc' dir='ltr'>πρόνοιαν</span> 
     </span>
    </p>
   </div>
   <div class='ocr_carea' id='block_1_52' title="bbox 1833 1847 3410 1920">
    <p class='ocr_par' dir='ltr' id='par_1_52' title="bbox 1833 1847 3410 1920">
     <span class='ocr_line' id='line_1_52' title="bbox 1833 1847 3410 1920; baseline -0.002 -16"><span class='ocrx_word' id='word_1_369' title='bbox 1833 1851 2026 1919; x_wconf 72' lang='lat' dir='ltr'><strong>tiaeque</strong></span> <span class='ocrx_word' id='word_1_370' title='bbox 2079 1851 2343 1906; x_wconf 89' lang='lat' dir='ltr'><strong>rationem</strong></span> <span class='ocrx_word' id='word_1_371' title='bbox 2397 1851 2634 1920; x_wconf 85' lang='lat' dir='ltr'><strong>partitur</strong></span> <span class='ocrx_word' id='word_1_372' title='bbox 2685 1851 2737 1904; x_wconf 93' lang='lat' dir='ltr'><strong>in</strong></span> <span class='ocrx_word' id='word_1_373' title='bbox 2791 1850 2916 1904; x_wconf 90' lang='lat' dir='ltr'><strong>tria.</strong></span> <span class='ocrx_word' id='word_1_374' title='bbox 2973 1849 3214 1903; x_wconf 89' lang='lat' dir='ltr'><strong>Primum</strong></span> <span class='ocrx_word' id='word_1_375' title='bbox 3263 1847 3410 1902; x_wconf 91' lang='lat' dir='ltr'><strong>enim</strong></span> 
     </span>
    </p>
   </div>
   <div class='ocr_carea' id='block_1_53' title="bbox 1829 1938 3409 2011">
    <p class='ocr_par' dir='ltr' id='par_1_53' title="bbox 1829 1938 3409 2011">
     <span class='ocr_line' id='line_1_53' title="bbox 1829 1938 3409 2011; baseline -0.003 -16"><span class='ocrx_word' id='word_1_376' title='bbox 1829 1956 1948 1995; x_wconf 90' lang='lat' dir='ltr'><strong>esse</strong></span> <span class='ocrx_word' id='word_1_377' title='bbox 1984 1941 2242 2011; x_wconf 89' lang='lat' dir='ltr'><strong>principis</strong></span> <span class='ocrx_word' id='word_1_378' title='bbox 2283 1939 2376 1995; x_wconf 88' lang='lat' dir='ltr'><strong>Dei</strong></span> <span class='ocrx_word' id='word_1_379' title='bbox 2431 1940 2852 2010; x_wconf 86' lang='lat' dir='ltr'><strong>providentiam,</strong></span> <span class='ocrx_word' id='word_1_380' title='bbox 2879 1940 2970 2009; x_wconf 91' lang='lat' dir='ltr'><strong>qui</strong></span> <span class='ocrx_word' id='word_1_381' title='bbox 2998 1939 3258 2008; x_wconf 89' lang='lat' dir='ltr'><strong>primario</strong></span> <span class='ocrx_word' id='word_1_382' title='bbox 3287 1938 3409 2011; x_wconf 89' lang='lat' dir='ltr'><strong>qui-</strong></span> 
     </span>
    </p>
   </div>
   <div class='ocr_carea' id='block_1_54' title="bbox 1828 2029 3407 2098">
    <p class='ocr_par' dir='ltr' id='par_1_54' title="bbox 1828 2029 3407 2098">
     <span class='ocr_line' id='line_1_54' title="bbox 1828 2029 3407 2098; baseline -0.006 -10"><span class='ocrx_word' id='word_1_383' title='bbox 1828 2033 1950 2088; x_wconf 86' lang='lat' dir='ltr'><strong>dem</strong></span> <span class='ocrx_word' id='word_1_384' title='bbox 1977 2032 2098 2088; x_wconf 83' lang='lat' dir='ltr'><strong>loco</strong></span> <span class='ocrx_word' id='word_1_385' title='bbox 2134 2033 2292 2098; x_wconf 87' lang='lat' dir='ltr'><strong>ideis,</strong></span> <span class='ocrx_word' id='word_1_386' title='bbox 2330 2033 2526 2086; x_wconf 89' lang='lat' dir='ltr'><strong>deinde</strong></span> <span class='ocrx_word' id='word_1_387' title='bbox 2557 2032 2813 2086; x_wconf 88' lang='lat' dir='ltr'><strong>universe</strong></span> <span class='ocrx_word' id='word_1_388' title='bbox 2843 2031 2938 2084; x_wconf 91' lang='lat' dir='ltr'><strong>toti</strong></span> <span class='ocrx_word' id='word_1_389' title='bbox 2971 2031 3089 2084; x_wconf 91' lang='lat' dir='ltr'><strong>orbi</strong></span> <span class='ocrx_word' id='word_1_390' title='bbox 3133 2029 3407 2092; x_wconf 87' lang='lat' dir='ltr'><strong>consulat,</strong></span> 
     </span>
    </p>
   </div>
   <div class='ocr_carea' id='block_1_55' title="bbox 1830 2119 3409 2184">
    <p class='ocr_par' dir='ltr' id='par_1_55' title="bbox 1830 2119 3409 2184">
     <span class='ocr_line' id='line_1_55' title="bbox 1830 2119 3409 2184; baseline -0.003 -8"><span class='ocrx_word' id='word_1_391' title='bbox 1830 2132 1888 2176; x_wconf 91' lang='lat' dir='ltr'><strong>ut</strong></span> <span class='ocrx_word' id='word_1_392' title='bbox 1950 2123 2088 2179; x_wconf 66' lang='lat' dir='ltr'><strong>caelo</strong></span> <span class='ocrx_word' id='word_1_393' title='bbox 2142 2131 2198 2178; x_wconf 90' lang='lat' dir='ltr'><strong>et</strong></span> <span class='ocrx_word' id='word_1_394' title='bbox 2226 2122 2496 2177; x_wconf 88' lang='lat' dir='ltr'><strong>sideribus</strong></span> <span class='ocrx_word' id='word_1_395' title='bbox 2545 2130 2599 2175; x_wconf 89' lang='lat' dir='ltr'><strong>et</strong></span> <span class='ocrx_word' id='word_1_396' title='bbox 2641 2121 2891 2176; x_wconf 91' lang='lat' dir='ltr'><strong>omnibus</strong></span> <span class='ocrx_word' id='word_1_397' title='bbox 2926 2119 3086 2174; x_wconf 87' lang='lat' dir='ltr'><strong>rebus</strong></span> <span class='ocrx_word' id='word_1_398' title='bbox 3121 2119 3409 2184; x_wconf 85' lang='lat' dir='ltr'><strong>universis,</strong></span> 
     </span>
    </p>
   </div>
   <div class='ocr_carea' id='block_1_56' title="bbox 1831 2200 3414 2286">
    <p class='ocr_par' dir='ltr' id='par_1_56' title="bbox 1831 2200 3414 2286">
     <span class='ocr_line' id='line_1_56' title="bbox 1831 2200 3414 2286; baseline -0.005 -16"><span class='ocrx_word' id='word_1_399' title='bbox 1831 2217 1882 2270; x_wconf 88' lang='lat' dir='ltr'><strong>id</strong></span> <span class='ocrx_word' id='word_1_400' title='bbox 1928 2225 2012 2270; x_wconf 88' lang='lat' dir='ltr'><strong>est</strong></span> <span class='ocrx_word' id='word_1_401' title='bbox 2072 2215 2386 2286; x_wconf 80' lang='lat' dir='ltr'><strong>generibus,</strong></span> <span class='ocrx_word' id='word_1_402' title='bbox 2441 2212 2789 2276; x_wconf 62' lang='lat' dir='ltr'><strong>substantiae,</strong></span> <span class='ocrx_word' id='word_1_403' title='bbox 2855 2211 3180 2280; x_wconf 86' lang='lat' dir='ltr'><strong>quantitati,</strong></span> <span class='ocrx_word' id='word_1_404' title='bbox 3237 2200 3414 2280; x_wconf 87' lang='lat' dir='ltr'><strong>quali-</strong></span> 
     </span>
    </p>
   </div>
   <div class='ocr_carea' id='block_1_57' title="bbox 1829 2298 3414 2370">
    <p class='ocr_par' dir='ltr' id='par_1_57' title="bbox 1829 2298 3414 2370">
     <span class='ocr_line' id='line_1_57' title="bbox 1829 2298 3414 2370; baseline -0.007 -8"><span class='ocrx_word' id='word_1_405' title='bbox 1829 2307 1956 2370; x_wconf 86' lang='lat' dir='ltr'><strong>tati,</strong></span> <span class='ocrx_word' id='word_1_406' title='bbox 1986 2314 2040 2360; x_wconf 89' lang='lat' dir='ltr'><strong>et</strong></span> <span class='ocrx_word' id='word_1_407' title='bbox 2077 2305 2201 2360; x_wconf 90' lang='lat' dir='ltr'><strong>aliis</strong></span> <span class='ocrx_word' id='word_1_408' title='bbox 2231 2303 2458 2367; x_wconf 90' lang='lat' dir='ltr'><strong>talibus,</strong></span> <span class='ocrx_word' id='word_1_409' title='bbox 2498 2310 2552 2357; x_wconf 92' lang='lat' dir='ltr'><strong>et</strong></span> <span class='ocrx_word' id='word_1_410' title='bbox 2601 2301 2788 2356; x_wconf 81' lang='lat' dir='ltr'><strong>formis</strong></span> <span class='ocrx_word' id='word_1_411' title='bbox 2834 2315 2953 2369; x_wconf 71' lang='lat' dir='ltr'><strong>qua:</strong></span> <span class='ocrx_word' id='word_1_412' title='bbox 2981 2299 3080 2354; x_wconf 92' lang='lat' dir='ltr'><strong>sub</strong></span> <span class='ocrx_word' id='word_1_413' title='bbox 3123 2299 3244 2354; x_wconf 89' lang='lat' dir='ltr'><strong>istis</strong></span> <span class='ocrx_word' id='word_1_414' title='bbox 3285 2298 3414 2354; x_wconf 57' lang='lat' dir='ltr'><strong>sub.</strong></span> 
     </span>
    </p>
   </div>
   <div class='ocr_carea' id='block_1_58' title="bbox 1823 2390 3411 2469">
    <p class='ocr_par' dir='ltr' id='par_1_58' title="bbox 1823 2390 3411 2469">
     <span class='ocr_line' id='line_1_58' title="bbox 1823 2390 3411 2469; baseline -0.006 -16"><span class='ocrx_word' id='word_1_415' title='bbox 1823 2400 1981 2469; x_wconf 69' lang='lat' dir='ltr'><strong>jecur:</strong></span> <span class='ocrx_word' id='word_1_416' title='bbox 2023 2407 2167 2452; x_wconf 85' lang='lat' dir='ltr'><strong>sunt.</strong></span> <span class='ocrx_word' id='word_1_417' title='bbox 2208 2394 2367 2451; x_wconf 88' lang='lat' dir='ltr'><strong>Ortui</strong></span> <span class='ocrx_word' id='word_1_418' title='bbox 2429 2405 2609 2450; x_wconf 90' lang='lat' dir='ltr'><strong>autem</strong></span> <span class='ocrx_word' id='word_1_419' title='bbox 2663 2392 3044 2463; x_wconf 82' lang='lat' dir='ltr'><strong>ignobiliorum</strong></span> <span class='ocrx_word' id='word_1_420' title='bbox 3095 2390 3411 2446; x_wconf 86' lang='lat' dir='ltr'><strong>animalium</strong></span> 
     </span>
    </p>
   </div>
   <div class='ocr_carea' id='block_1_59' title="bbox 1829 2483 3414 2552">
    <p class='ocr_par' dir='ltr' id='par_1_59' title="bbox 1829 2483 3414 2552">
     <span class='ocr_line' id='line_1_59' title="bbox 1829 2483 3414 2552; baseline -0.005 -13"><span class='ocrx_word' id='word_1_421' title='bbox 1829 2495 1885 2539; x_wconf 93' lang='lat' dir='ltr'><strong>et</strong></span> <span class='ocrx_word' id='word_1_422' title='bbox 1926 2484 2213 2552; x_wconf 83' lang='lat' dir='ltr'><strong>stirpium,</strong></span> <span class='ocrx_word' id='word_1_423' title='bbox 2256 2492 2311 2536; x_wconf 87' lang='lat' dir='ltr'><strong>et</strong></span> <span class='ocrx_word' id='word_1_424' title='bbox 2365 2483 2605 2536; x_wconf 90' lang='lat' dir='ltr'><strong>omnium</strong></span> <span class='ocrx_word' id='word_1_425' title='bbox 2659 2497 2780 2551; x_wconf 68' lang='lat' dir='ltr'><strong>qua:</strong></span> <span class='ocrx_word' id='word_1_426' title='bbox 2825 2489 3152 2550; x_wconf 84' lang='lat' dir='ltr'><strong>generantur</strong></span> <span class='ocrx_word' id='word_1_427' title='bbox 3201 2488 3255 2533; x_wconf 92' lang='lat' dir='ltr'><strong>et</strong></span> <span class='ocrx_word' id='word_1_428' title='bbox 3289 2493 3414 2532; x_wconf 88' lang='lat' dir='ltr'><strong>cor-</strong></span> 
     </span>
    </p>
   </div>
   <div class='ocr_carea' id='block_1_60' title="bbox 1829 2569 3410 2645">
    <p class='ocr_par' dir='ltr' id='par_1_60' title="bbox 1829 2569 3410 2645">
     <span class='ocr_line' id='line_1_60' title="bbox 1829 2569 3410 2645; baseline -0.005 -15"><span class='ocrx_word' id='word_1_429' title='bbox 1829 2585 2172 2645; x_wconf 77' lang='lat' dir='ltr'><strong>rumpuntur,</strong></span> <span class='ocrx_word' id='word_1_430' title='bbox 2211 2575 2478 2629; x_wconf 86' lang='lat' dir='ltr'><strong>secundos</strong></span> <span class='ocrx_word' id='word_1_431' title='bbox 2505 2575 2658 2637; x_wconf 90' lang='lat' dir='ltr'><strong>deos,</strong></span> <span class='ocrx_word' id='word_1_432' title='bbox 2693 2587 2788 2628; x_wconf 92' lang='lat' dir='ltr'><strong>eos</strong></span> <span class='ocrx_word' id='word_1_433' title='bbox 2819 2572 2910 2642; x_wconf 86' lang='lat' dir='ltr'><strong>qui</strong></span> <span class='ocrx_word' id='word_1_434' title='bbox 2947 2570 3143 2625; x_wconf 86' lang='lat' dir='ltr'><strong>coelum</strong></span> <span class='ocrx_word' id='word_1_435' title='bbox 3174 2569 3410 2634; x_wconf 88' lang='lat' dir='ltr'><strong>volvant,</strong></span> 
     </span>
    </p>
   </div>
   <div class='ocr_carea' id='block_1_61' title="bbox 1830 2659 3416 2738">
    <p class='ocr_par' dir='ltr' id='par_1_61' title="bbox 1830 2659 3416 2738">
     <span class='ocr_line' id='line_1_61' title="bbox 1830 2659 3416 2738; baseline -0.004 -17"><span class='ocrx_word' id='word_1_436' title='bbox 1830 2669 2176 2738; x_wconf 83' lang='lat' dir='ltr'><strong>prospicere:</strong></span> <span class='ocrx_word' id='word_1_437' title='bbox 2213 2681 2444 2734; x_wconf 91' lang='lat' dir='ltr'><strong>quorum</strong></span> <span class='ocrx_word' id='word_1_438' title='bbox 2480 2673 2661 2719; x_wconf 89' lang='lat' dir='ltr'><strong>ortum</strong></span> <span class='ocrx_word' id='word_1_439' title='bbox 2706 2661 3027 2718; x_wconf 87' lang='lat' dir='ltr'><strong>Aristoteles</strong></span> <span class='ocrx_word' id='word_1_440' title='bbox 3053 2661 3118 2715; x_wconf 91' lang='lat' dir='ltr'><strong>ad</strong></span> <span class='ocrx_word' id='word_1_441' title='bbox 3164 2659 3330 2714; x_wconf 88' lang='lat' dir='ltr'><strong>solem</strong></span> <span class='ocrx_word' id='word_1_442' title='bbox 3359 2667 3416 2714; x_wconf 86' lang='lat' dir='ltr'><strong>et</strong></span> 
     </span>
    </p>
   </div>
   <div class='ocr_carea' id='block_1_62' title="bbox 1831 2750 3414 2828">
    <p class='ocr_par' dir='ltr' id='par_1_62' title="bbox 1831 2750 3414 2828">
     <span class='ocr_line' id='line_1_62' title="bbox 1831 2750 3414 2828; baseline -0.005 -15"><span class='ocrx_word' id='word_1_443' title='bbox 1831 2757 2149 2828; x_wconf 80' lang='lat' dir='ltr'><strong>signiferum</strong></span> <span class='ocrx_word' id='word_1_444' title='bbox 2217 2757 2406 2812; x_wconf 89' lang='lat' dir='ltr'><strong>orbem</strong></span> <span class='ocrx_word' id='word_1_445' title='bbox 2475 2755 2662 2810; x_wconf 83' lang='lat' dir='ltr'><strong>refert.</strong></span> <span class='ocrx_word' id='word_1_446' title='bbox 2726 2750 2964 2809; x_wconf 88' lang='lat' dir='ltr'><strong>Tertiam</strong></span> <span class='ocrx_word' id='word_1_447' title='bbox 3014 2751 3168 2806; x_wconf 80' lang='lat' dir='ltr'><strong>Plato</strong></span> <span class='ocrx_word' id='word_1_448' title='bbox 3227 2750 3414 2805; x_wconf 87' lang='lat' dir='ltr'><strong>statuit</strong></span> 
     </span>
    </p>
   </div>
   <div class='ocr_carea' id='block_1_63' title="bbox 1831 2841 3411 2920">
    <p class='ocr_par' dir='ltr' id='par_1_63' title="bbox 1831 2841 3411 2920">
     <span class='ocr_line' id='line_1_63' title="bbox 1831 2841 3411 2920; baseline -0.007 -17"><span class='ocrx_word' id='word_1_449' title='bbox 1831 2850 2226 2920; x_wconf 88' lang='lat' dir='ltr'><strong>providentiam</strong></span> <span class='ocrx_word' id='word_1_450' title='bbox 2247 2890 2262 2915; x_wconf 94' lang='lat'><strong>,</strong></span> <span class='ocrx_word' id='word_1_451' title='bbox 2295 2862 2459 2918; x_wconf 90' lang='lat' dir='ltr'><strong>penes</strong></span> <span class='ocrx_word' id='word_1_452' title='bbox 2485 2862 2652 2916; x_wconf 90' lang='lat' dir='ltr'><strong>quam</strong></span> <span class='ocrx_word' id='word_1_453' title='bbox 2701 2846 2770 2901; x_wconf 91' lang='lat' dir='ltr'><strong>sit</strong></span> <span class='ocrx_word' id='word_1_454' title='bbox 2798 2841 3195 2898; x_wconf 86' lang='lat' dir='ltr'><strong>administratio</strong></span> <span class='ocrx_word' id='word_1_455' title='bbox 3229 2855 3411 2894; x_wconf 90' lang='lat' dir='ltr'><strong>rerum</strong></span> 
     </span>
    </p>
   </div>
   <div class='ocr_carea' id='block_1_64' title="bbox 1832 2933 3416 3014">
    <p class='ocr_par' dir='ltr' id='par_1_64' title="bbox 1832 2933 3416 3014">
     <span class='ocr_line' id='line_1_64' title="bbox 1832 2933 3416 3014; baseline -0.007 -17"><span class='ocrx_word' id='word_1_456' title='bbox 1832 2943 2160 3014; x_wconf 82' lang='lat' dir='ltr'><strong>agendarum</strong></span> <span class='ocrx_word' id='word_1_457' title='bbox 2211 2951 2266 2997; x_wconf 93' lang='lat' dir='ltr'><strong>et</strong></span> <span class='ocrx_word' id='word_1_458' title='bbox 2306 2942 2523 3007; x_wconf 79' lang='lat' dir='ltr'><strong>exitus;</strong></span> <span class='ocrx_word' id='word_1_459' title='bbox 2564 2942 2801 3008; x_wconf 87' lang='lat' dir='ltr'><strong>itemque</strong></span> <span class='ocrx_word' id='word_1_460' title='bbox 2854 2933 3179 2990; x_wconf 86' lang='lat' dir='ltr'><strong>naturalium</strong></span> <span class='ocrx_word' id='word_1_461' title='bbox 3219 2943 3273 2988; x_wconf 90' lang='lat' dir='ltr'><strong>et</strong></span> <span class='ocrx_word' id='word_1_462' title='bbox 3305 2933 3416 2987; x_wconf 87' lang='lat' dir='ltr'><strong>for-</strong></span> 
     </span>
    </p>
   </div>
   <div class='ocr_carea' id='block_1_65' title="bbox 1836 3026 3414 3102">
    <p class='ocr_par' dir='ltr' id='par_1_65' title="bbox 1836 3026 3414 3102">
     <span class='ocr_line' id='line_1_65' title="bbox 1836 3026 3414 3102; baseline -0.008 -12"><span class='ocrx_word' id='word_1_463' title='bbox 1836 3037 2091 3090; x_wconf 91' lang='lat' dir='ltr'><strong>tuitorum</strong></span> <span class='ocrx_word' id='word_1_464' title='bbox 2129 3037 2424 3099; x_wconf 86' lang='lat' dir='ltr'><strong>bonorum,</strong></span> <span class='ocrx_word' id='word_1_465' title='bbox 2471 3047 2594 3102; x_wconf 77' lang='lat' dir='ltr'><strong>qua:</strong></span> <span class='ocrx_word' id='word_1_466' title='bbox 2645 3030 2887 3084; x_wconf 65' lang='lat' dir='ltr'><strong>materiae</strong></span> <span class='ocrx_word' id='word_1_467' title='bbox 2931 3029 3186 3089; x_wconf 85' lang='lat' dir='ltr'><strong>admista,</strong></span> <span class='ocrx_word' id='word_1_468' title='bbox 3235 3035 3288 3080; x_wconf 89' lang='lat' dir='ltr'><strong>et</strong></span> <span class='ocrx_word' id='word_1_469' title='bbox 3328 3026 3414 3079; x_wconf 88' lang='lat' dir='ltr'><strong>in-</strong></span> 
     </span>
    </p>
   </div>
   <div class='ocr_carea' id='block_1_66' title="bbox 1835 3118 3412 3188">
    <p class='ocr_par' dir='ltr' id='par_1_66' title="bbox 1835 3118 3412 3188">
     <span class='ocr_line' id='line_1_66' title="bbox 1835 3118 3412 3188; baseline -0.008 -7"><span class='ocrx_word' id='word_1_470' title='bbox 1835 3127 2121 3182; x_wconf 79' lang='lat' dir='ltr'><strong>Strumenti</strong></span> <span class='ocrx_word' id='word_1_471' title='bbox 2172 3125 2350 3179; x_wconf 89' lang='lat' dir='ltr'><strong>locum</strong></span> <span class='ocrx_word' id='word_1_472' title='bbox 2410 3124 2660 3177; x_wconf 88' lang='lat' dir='ltr'><strong>obtinere</strong></span> <span class='ocrx_word' id='word_1_473' title='bbox 2709 3123 2989 3185; x_wconf 89' lang='lat' dir='ltr'><strong>dicuntur,</strong></span> <span class='ocrx_word' id='word_1_474' title='bbox 3043 3127 3204 3188; x_wconf 90' lang='lat' dir='ltr'><strong>atque</strong></span> <span class='ocrx_word' id='word_1_475' title='bbox 3251 3118 3412 3172; x_wconf 86' lang='lat' dir='ltr'><strong>etiam</strong></span> 
     </span>
    </p>
   </div>
   <div class='ocr_carea' id='block_1_67' title="bbox 1837 3209 3415 3285">
    <p class='ocr_par' dir='ltr' id='par_1_67' title="bbox 1837 3209 3415 3285">
     <span class='ocr_line' id='line_1_67' title="bbox 1837 3209 3415 3285; baseline -0.006 -13"><span class='ocrx_word' id='word_1_476' title='bbox 1837 3232 2024 3272; x_wconf 83' lang='lat' dir='ltr'><strong>eorum</strong></span> <span class='ocrx_word' id='word_1_477' title='bbox 2063 3232 2186 3285; x_wconf 72' lang='lat' dir='ltr'><strong>qua:</strong></span> <span class='ocrx_word' id='word_1_478' title='bbox 2214 3216 2299 3270; x_wconf 90' lang='lat' dir='ltr'><strong>bis</strong></span> <span class='ocrx_word' id='word_1_479' title='bbox 2327 3214 2459 3284; x_wconf 90' lang='lat' dir='ltr'><strong>ipsis</strong></span> <span class='ocrx_word' id='word_1_480' title='bbox 2497 3212 2768 3267; x_wconf 84' lang='lat' dir='ltr'><strong>contraria</strong></span> <span class='ocrx_word' id='word_1_481' title='bbox 2801 3220 2949 3277; x_wconf 89' lang='lat' dir='ltr'><strong>sunt,</strong></span> <span class='ocrx_word' id='word_1_482' title='bbox 3002 3210 3234 3278; x_wconf 79' lang='lat' dir='ltr'><strong>adeptio.</strong></span> <span class='ocrx_word' id='word_1_483' title='bbox 3276 3209 3415 3263; x_wconf 83' lang='lat' dir='ltr'><strong>Huic</strong></span> 
     </span>
    </p>
   </div>
   <div class='ocr_carea' id='block_1_68' title="bbox 1837 3298 3413 3377">
    <p class='ocr_par' dir='ltr' id='par_1_68' title="bbox 1837 3298 3413 3377">
     <span class='ocr_line' id='line_1_68' title="bbox 1837 3298 3413 3377; baseline -0.005 -17"><span class='ocrx_word' id='word_1_484' title='bbox 1837 3307 2188 3377; x_wconf 67' lang='lat' dir='ltr'><strong>providentia:</strong></span> <span class='ocrx_word' id='word_1_485' title='bbox 2224 3319 2458 3374; x_wconf 66' lang='lat' dir='ltr'><strong>praeesse</strong></span> <span class='ocrx_word' id='word_1_486' title='bbox 2488 3311 2676 3357; x_wconf 89' lang='lat' dir='ltr'><strong>censet</strong></span> <span class='ocrx_word' id='word_1_487' title='bbox 2706 3309 2884 3354; x_wconf 87' lang='lat' dir='ltr'><strong>certos</strong></span> <span class='ocrx_word' id='word_1_488' title='bbox 2926 3299 3181 3368; x_wconf 90' lang='lat' dir='ltr'><strong>quosdam</strong></span> <span class='ocrx_word' id='word_1_489' title='bbox 3216 3298 3413 3366; x_wconf 48' lang='lat' dir='ltr'><strong>(tremo-</strong></span> 
     </span>
    </p>
   </div>
   <div class='ocr_carea' id='block_1_69' title="bbox 1313 3460 2218 3520">
    <p class='ocr_par' dir='ltr' id='par_1_69' title="bbox 1313 3460 2218 3520">
     <span class='ocr_line' id='line_1_69' title="bbox 1313 3460 2218 3520; baseline -0.006 -2"><span class='ocrx_word' id='word_1_490' title='bbox 1313 3463 1471 3518; x_wconf 73' lang='lat' dir='ltr'><strong>VAR.</strong></span> <span class='ocrx_word' id='word_1_491' title='bbox 1515 3463 1715 3520; x_wconf 87' lang='lat' dir='ltr'><strong>LECT.</strong></span> <span class='ocrx_word' id='word_1_492' title='bbox 1758 3461 1847 3518; x_wconf 83' lang='lat' dir='ltr'><strong>ET</strong></span> <span class='ocrx_word' id='word_1_493' title='bbox 1884 3460 2218 3515; x_wconf 82' lang='lat' dir='ltr'><strong>ANIMADV.</strong></span> 
     </span>
    </p>
   </div>
   <div class='ocr_carea' id='block_1_70' title="bbox 209 3593 1724 3728">
    <p class='ocr_par' dir='ltr' id='par_1_70' title="bbox 209 3593 1724 3728">
     <span class='ocr_line' id='line_1_70' title="bbox 209 3593 1724 3728; baseline -0.005 -69"><span class='ocrx_word' id='word_1_494' title='bbox 209 3605 263 3674; x_wconf 88' lang='lat'><strong>(7</strong></span> <span class='ocrx_word' id='word_1_495' title='bbox 274 3605 324 3728; x_wconf 47' lang='grc' dir='ltr'>Ι)</span> <span class='ocrx_word' id='word_1_496' title='bbox 360 3605 502 3658; x_wconf 78' lang='grc' dir='ltr'>Καθ’</span> <span class='ocrx_word' id='word_1_497' title='bbox 535 3603 686 3656; x_wconf 78' lang='grc' dir='ltr'>ὅσον</span> <span class='ocrx_word' id='word_1_498' title='bbox 713 3595 843 3654; x_wconf 79' lang='grc' dir='ltr'>οἶόν</span> <span class='ocrx_word' id='word_1_499' title='bbox 869 3599 934 3653; x_wconf 86' lang='grc' dir='ltr'><em>τέ</em></span> <span class='ocrx_word' id='word_1_500' title='bbox 970 3615 1121 3666; x_wconf 82' lang='grc' dir='ltr'>εστι,</span> <span class='ocrx_word' id='word_1_501' title='bbox 1163 3617 1216 3652; x_wconf 90' lang='grc' dir='ltr'><strong>κ.</strong></span> <span class='ocrx_word' id='word_1_502' title='bbox 1247 3617 1296 3652; x_wconf 91' lang='grc' dir='ltr'><strong>τ.</strong></span> <span class='ocrx_word' id='word_1_503' title='bbox 1331 3600 1381 3652; x_wconf 89' lang='grc' dir='ltr'>λ.</span> <span class='ocrx_word' id='word_1_504' title='bbox 1413 3593 1557 3662; x_wconf 72' lang='grc' dir='ltr'>Οῗος,</span> <span class='ocrx_word' id='word_1_505' title='bbox 1609 3598 1724 3653; x_wconf 83' lang='lat' dir='ltr'><strong>loco</strong></span> 
     </span>
     <span class='ocr_line' id='line_1_71' title="bbox 209 3667 1720 3728; baseline -0.003 -2"><span class='ocrx_word' id='word_1_506' title='bbox 209 3694 269 3728; x_wconf 62' lang='grc' dir='ltr'><strong>ιν.</strong></span> <span class='ocrx_word' id='word_1_507' title='bbox 321 3677 368 3726; x_wconf 86' lang='grc'>).</span> <span class='ocrx_word' id='word_1_508' title='bbox 395 3675 447 3727; x_wconf 90' lang='lat'><strong>1.</strong></span> <span class='ocrx_word' id='word_1_509' title='bbox 489 3673 631 3726; x_wconf 82' lang='grc' dir='ltr'>Καθ’</span> <span class='ocrx_word' id='word_1_510' title='bbox 663 3672 785 3724; x_wconf 84' lang='grc' dir='ltr'>ὅσον</span> <span class='ocrx_word' id='word_1_511' title='bbox 825 3667 934 3728; x_wconf 76' lang='grc' dir='ltr'>οἷός</span> <span class='ocrx_word' id='word_1_512' title='bbox 962 3673 1017 3721; x_wconf 78' lang='grc' dir='ltr'><strong>τέ</strong></span> <span class='ocrx_word' id='word_1_513' title='bbox 1057 3673 1169 3723; x_wconf 74' lang='grc' dir='ltr'>ἐστι</span> <span class='ocrx_word' id='word_1_514' title='bbox 1212 3670 1529 3728; x_wconf 80' lang='grc' dir='ltr'>προνοῆται,</span> <span class='ocrx_word' id='word_1_515' title='bbox 1571 3669 1634 3722; x_wconf 85' lang='grc' dir='ltr'><strong>Α.</strong></span> <span class='ocrx_word' id='word_1_516' title='bbox 1666 3671 1720 3722; x_wconf 95' lang='lat'><strong>2.</strong></span> 
     </span>
    </p>
   </div>
   <div class='ocr_carea' id='block_1_71' title="bbox 139 3667 1720 3742">
    <p class='ocr_par' dir='ltr' id='par_1_71' title="bbox 139 3667 1720 3742">
     <span class='ocr_line' id='line_1_72' title="bbox 139 3667 1720 3742; baseline -0.006 -13"><span class='ocrx_word' id='word_1_517' title='bbox 139 3667 269 3738; x_wconf 75' lang='grc' dir='ltr'>οἷον,</span> <span class='ocrx_word' id='word_1_518' title='bbox 302 3667 368 3728; x_wconf 78' lang='grc' dir='ltr'>ί).</span> <span class='ocrx_word' id='word_1_519' title='bbox 395 3675 447 3727; x_wconf 90' lang='lat'><strong>1.</strong></span> <span class='ocrx_word' id='word_1_520' title='bbox 489 3673 631 3726; x_wconf 83' lang='grc' dir='ltr'>Καθ’</span> <span class='ocrx_word' id='word_1_521' title='bbox 663 3672 785 3724; x_wconf 84' lang='grc' dir='ltr'>ὅσον</span> <span class='ocrx_word' id='word_1_522' title='bbox 825 3667 1017 3742; x_wconf 21' lang='grc' dir='ltr'>οἷόςῗτέ</span> <span class='ocrx_word' id='word_1_523' title='bbox 1057 3673 1169 3723; x_wconf 74' lang='grc' dir='ltr'>ἐστι</span> <span class='ocrx_word' id='word_1_524' title='bbox 1212 3670 1529 3742; x_wconf 81' lang='grc' dir='ltr'>προνοῆται,</span> <span class='ocrx_word' id='word_1_525' title='bbox 1571 3669 1642 3742; x_wconf 84' lang='lat' dir='ltr'><strong>A._</strong></span> <span class='ocrx_word' id='word_1_526' title='bbox 1666 3671 1720 3742; x_wconf 79' lang='lat'><strong>2.</strong></span> 
     </span>
    </p>
   </div>
   <div class='ocr_carea' id='block_1_72' title="bbox 141 3739 1724 3810">
    <p class='ocr_par' dir='ltr' id='par_1_72' title="bbox 141 3739 1724 3810">
     <span class='ocr_line' id='line_1_73' title="bbox 141 3739 1724 3810; baseline -0.003 -16"><span class='ocrx_word' id='word_1_527' title='bbox 141 3747 424 3810; x_wconf 83' lang='lat' dir='ltr'><strong>Quatenus</strong></span> <span class='ocrx_word' id='word_1_528' title='bbox 478 3742 724 3807; x_wconf 74' lang='lat' dir='ltr'><strong>possibile</strong></span> <span class='ocrx_word' id='word_1_529' title='bbox 766 3753 883 3806; x_wconf 85' lang='lat' dir='ltr'><strong>est,</strong></span> <span class='ocrx_word' id='word_1_530' title='bbox 934 3739 1282 3808; x_wconf 75' lang='lat' dir='ltr'><strong>Cou.tQua|n</strong></span> <span class='ocrx_word' id='word_1_531' title='bbox 1323 3742 1556 3793; x_wconf 74' lang='lat' dir='ltr'><strong>maxime</strong></span> <span class='ocrx_word' id='word_1_532' title='bbox 1605 3739 1724 3806; x_wconf 77' lang='lat' dir='ltr'><strong>ﬁeri</strong></span> 
     </span>
    </p>
   </div>
   <div class='ocr_carea' id='block_1_73' title="bbox 140 3813 510 3884">
    <p class='ocr_par' dir='ltr' id='par_1_73' title="bbox 140 3813 510 3884">
     <span class='ocr_line' id='line_1_74' title="bbox 140 3813 510 3884; baseline -0.005 -16"><span class='ocrx_word' id='word_1_533' title='bbox 140 3813 510 3884; x_wconf 53' lang='lat' dir='ltr'><strong>pauiu-Va&quot;.</strong></span> 
     </span>
    </p>
   </div>
   <div class='ocr_carea' id='block_1_74' title="bbox 211 3897 1729 3971">
    <p class='ocr_par' dir='ltr' id='par_1_74' title="bbox 211 3897 1729 3971">
     <span class='ocr_line' id='line_1_75' title="bbox 211 3897 1729 3971; baseline -0.003 -15"><span class='ocrx_word' id='word_1_534' title='bbox 211 3903 329 3969; x_wconf 87' lang='lat'>(72)</span> <span class='ocrx_word' id='word_1_535' title='bbox 358 3901 656 3955; x_wconf 67' lang='grc' dir='ltr'>Δέδεικται</span> <span class='ocrx_word' id='word_1_536' title='bbox 685 3897 801 3958; x_wconf 80' lang='grc' dir='ltr'><strong>οὖν</strong></span> <span class='ocrx_word' id='word_1_537' title='bbox 833 3902 977 3968; x_wconf 83' lang='grc' dir='ltr'>Θεὸς</span> <span class='ocrx_word' id='word_1_538' title='bbox 1007 3899 1124 3971; x_wconf 83' lang='grc' dir='ltr'><strong>μὲν</strong></span> <span class='ocrx_word' id='word_1_539' title='bbox 1161 3899 1264 3953; x_wconf 79' lang='grc' dir='ltr'><strong>ὢν.</strong></span> <span class='ocrx_word' id='word_1_540' title='bbox 1313 3899 1598 3952; x_wconf 81' lang='grc' dir='ltr'>Δέδεικται</span> <span class='ocrx_word' id='word_1_541' title='bbox 1630 3898 1729 3969; x_wconf 84' lang='grc' dir='ltr'><strong>μὲν</strong></span> 
     </span>
    </p>
   </div>
   <div class='ocr_carea' id='block_1_75' title="bbox 142 3968 690 4035">
    <p class='ocr_par' dir='ltr' id='par_1_75' title="bbox 142 3968 690 4035">
     <span class='ocr_line' id='line_1_76' title="bbox 142 3968 690 4035; baseline -0.004 -8"><span class='ocrx_word' id='word_1_542' title='bbox 142 3968 230 4027; x_wconf 79' lang='grc' dir='ltr'><strong>οὖν</strong></span> <span class='ocrx_word' id='word_1_543' title='bbox 251 3973 388 4035; x_wconf 82' lang='grc' dir='ltr'>Θεὸς</span> <span class='ocrx_word' id='word_1_544' title='bbox 412 3972 509 4035; x_wconf 80' lang='grc' dir='ltr'><strong>ῶν,</strong></span> <span class='ocrx_word' id='word_1_545' title='bbox 547 3974 606 4026; x_wconf 79' lang='grc' dir='ltr'><strong>Α.</strong></span> <span class='ocrx_word' id='word_1_546' title='bbox 637 3973 690 4025; x_wconf 82' lang='lat'><strong>2.</strong></span> 
     </span>
    </p>
   </div>
   <div class='ocr_carea' id='block_1_76' title="bbox 211 4063 1722 4135">
    <p class='ocr_par' dir='ltr' id='par_1_76' title="bbox 211 4063 1722 4135">
     <span class='ocr_line' id='line_1_77' title="bbox 211 4063 1722 4135; baseline -0.003 -15"><span class='ocrx_word' id='word_1_547' title='bbox 211 4067 327 4135; x_wconf 76' lang='lat'>(75)</span> <span class='ocrx_word' id='word_1_548' title='bbox 380 4065 514 4134; x_wconf 85' lang='lat' dir='ltr'><strong>Cap.</strong></span> <span class='ocrx_word' id='word_1_549' title='bbox 549 4066 638 4120; x_wconf 65' lang='lat'><strong>11.</strong></span> <span class='ocrx_word' id='word_1_550' title='bbox 681 4066 840 4120; x_wconf 77' lang='lat' dir='ltr'><strong>Index</strong></span> <span class='ocrx_word' id='word_1_551' title='bbox 894 4065 1055 4130; x_wconf 82' lang='lat' dir='ltr'><strong>idem,</strong></span> <span class='ocrx_word' id='word_1_552' title='bbox 1105 4067 1196 4119; x_wconf 81' lang='lat' dir='ltr'><strong>sed</strong></span> <span class='ocrx_word' id='word_1_553' title='bbox 1233 4076 1387 4129; x_wconf 78' lang='lat' dir='ltr'><strong>caput</strong></span> <span class='ocrx_word' id='word_1_554' title='bbox 1427 4065 1534 4135; x_wconf 82' lang='grc' dir='ltr'><strong>μβ⁹,</strong></span> <span class='ocrx_word' id='word_1_555' title='bbox 1571 4063 1630 4116; x_wconf 83' lang='grc' dir='ltr'><strong>Ι).</strong></span> <span class='ocrx_word' id='word_1_556' title='bbox 1671 4064 1722 4116; x_wconf 84' lang='lat'><strong>1.</strong></span> 
     </span>
    </p>
   </div>
   <div class='ocr_carea' id='block_1_77' title="bbox 145 4132 1726 4206">
    <p class='ocr_par' dir='ltr' id='par_1_77' title="bbox 145 4132 1726 4206">
     <span class='ocr_line' id='line_1_78' title="bbox 145 4132 1726 4206; baseline -0.002 -19"><span class='ocrx_word' id='word_1_557' title='bbox 145 4132 313 4200; x_wconf 60' lang='lat' dir='ltr'><strong>Heiu,</strong></span> <span class='ocrx_word' id='word_1_558' title='bbox 334 4137 430 4191; x_wconf 84' lang='lat' dir='ltr'><strong>sed</strong></span> <span class='ocrx_word' id='word_1_559' title='bbox 462 4132 490 4188; x_wconf 65' lang='lat' dir='ltr'><strong>it</strong></span> <span class='ocrx_word' id='word_1_560' title='bbox 526 4152 672 4206; x_wconf 79' lang='lat' dir='ltr'><strong>tuan.</strong></span> <span class='ocrx_word' id='word_1_561' title='bbox 705 4152 836 4206; x_wconf 6' lang='lat' dir='ltr'><strong>rec.)</strong></span> <span class='ocrx_word' id='word_1_562' title='bbox 859 4141 972 4206; x_wconf 69' lang='grc' dir='ltr'>μγθ,</span> <span class='ocrx_word' id='word_1_563' title='bbox 1002 4138 1065 4192; x_wconf 82' lang='grc' dir='ltr'><strong>Α.</strong></span> <span class='ocrx_word' id='word_1_564' title='bbox 1093 4136 1148 4189; x_wconf 83' lang='lat'><strong>2.</strong></span> <span class='ocrx_word' id='word_1_565' title='bbox 1179 4137 1232 4189; x_wconf 91' lang='lat' dir='ltr'><strong>In</strong></span> <span class='ocrx_word' id='word_1_566' title='bbox 1271 4135 1340 4190; x_wconf 79' lang='grc' dir='ltr'>Μ.</span> <span class='ocrx_word' id='word_1_567' title='bbox 1366 4132 1544 4200; x_wconf 46' lang='grc' dir='ltr'><strong>Ξίιιίο</strong></span> <span class='ocrx_word' id='word_1_568' title='bbox 1590 4151 1726 4206; x_wconf 80' lang='lat' dir='ltr'><strong>pun-</strong></span> 
     </span>
    </p>
   </div>
   <div class='ocr_carea' id='block_1_78' title="bbox 144 4203 1724 4273">
    <p class='ocr_par' dir='ltr' id='par_1_78' title="bbox 144 4203 1724 4273">
     <span class='ocr_line' id='line_1_79' title="bbox 144 4203 1724 4273; baseline -0.001 -16"><span class='ocrx_word' id='word_1_569' title='bbox 144 4210 245 4260; x_wconf 81' lang='lat' dir='ltr'><strong>etis</strong></span> <span class='ocrx_word' id='word_1_570' title='bbox 272 4207 511 4260; x_wconf 89' lang='lat' dir='ltr'><strong>deletum</strong></span> <span class='ocrx_word' id='word_1_571' title='bbox 547 4205 642 4258; x_wconf 80' lang='grc' dir='ltr'><strong>τοῦ</strong></span> <span class='ocrx_word' id='word_1_572' title='bbox 671 4203 1053 4273; x_wconf 67' lang='grc' dir='ltr'>αὐτοῦ’λόγος.</span> <span class='ocrx_word' id='word_1_573' title='bbox 1092 4207 1298 4272; x_wconf 78' lang='lat' dir='ltr'><strong>Quibus</strong></span> <span class='ocrx_word' id='word_1_574' title='bbox 1345 4206 1394 4258; x_wconf 89' lang='lat' dir='ltr'><strong>in</strong></span> <span class='ocrx_word' id='word_1_575' title='bbox 1443 4207 1604 4259; x_wconf 85' lang='lat' dir='ltr'><strong>rebus</strong></span> <span class='ocrx_word' id='word_1_576' title='bbox 1652 4203 1724 4273; x_wconf 75' lang='lat' dir='ltr'><strong>sit</strong></span> 
     </span>
    </p>
   </div>
   <div class='ocr_carea' id='block_1_79' title="bbox 146 4272 1720 4342">
    <p class='ocr_par' dir='ltr' id='par_1_79' title="bbox 146 4272 1720 4342">
     <span class='ocr_line' id='line_1_80' title="bbox 146 4272 1720 4342; baseline 0.004 -20"><span class='ocrx_word' id='word_1_577' title='bbox 146 4275 508 4342; x_wconf 83' lang='lat' dir='ltr'><strong>providentia,</strong></span> <span class='ocrx_word' id='word_1_578' title='bbox 539 4275 675 4329; x_wconf 82' lang='lat' dir='ltr'><strong>Vall.</strong></span> <span class='ocrx_word' id='word_1_579' title='bbox 710 4275 859 4330; x_wconf 72' lang='grc' dir='ltr'>(Ζυηο</span> <span class='ocrx_word' id='word_1_580' title='bbox 887 4272 1074 4342; x_wconf 83' lang='lat' dir='ltr'><strong>incipit</strong></span> <span class='ocrx_word' id='word_1_581' title='bbox 1132 4276 1252 4328; x_wconf 88' lang='lat' dir='ltr'><strong>libri</strong></span> <span class='ocrx_word' id='word_1_582' title='bbox 1305 4292 1399 4329; x_wconf 80' lang='lat' dir='ltr'><strong>vut</strong></span> <span class='ocrx_word' id='word_1_583' title='bbox 1481 4291 1602 4341; x_wconf 78' lang='lat' dir='ltr'><strong>cap.</strong></span> <span class='ocrx_word' id='word_1_584' title='bbox 1665 4272 1720 4337; x_wconf 86' lang='grc'><strong>’5,</strong></span> 
     </span>
    </p>
   </div>
   <div class='ocr_carea' id='block_1_80' title="bbox 150 4345 1728 4412">
    <p class='ocr_par' dir='ltr' id='par_1_80' title="bbox 150 4345 1728 4412">
     <span class='ocr_line' id='line_1_81' title="bbox 150 4345 1728 4412; baseline 0.006 -22"><span class='ocrx_word' id='word_1_585' title='bbox 150 4363 165 4390; x_wconf 75' lang='grc' dir='ltr'><strong>ι</strong></span> <span class='ocrx_word' id='word_1_586' title='bbox 197 4345 579 4408; x_wconf 83' lang='lat' dir='ltr'><strong>Quorumnatn</strong></span> <span class='ocrx_word' id='word_1_587' title='bbox 625 4345 697 4398; x_wconf 89' lang='lat' dir='ltr'><strong>sit</strong></span> <span class='ocrx_word' id='word_1_588' title='bbox 725 4346 1064 4412; x_wconf 82' lang='lat' dir='ltr'><strong>providentia</strong></span> <span class='ocrx_word' id='word_1_589' title='bbox 1101 4346 1304 4410; x_wconf 88' lang='lat' dir='ltr'><strong>divina,</strong></span> <span class='ocrx_word' id='word_1_590' title='bbox 1332 4362 1398 4399; x_wconf 90' lang='lat' dir='ltr'><strong>an</strong></span> <span class='ocrx_word' id='word_1_591' title='bbox 1438 4347 1728 4400; x_wconf 78' lang='lat' dir='ltr'><strong>universa-</strong></span> 
     </span>
    </p>
   </div>
   <div class='ocr_carea' id='block_1_81' title="bbox 1825 3593 3413 3720">
    <p class='ocr_par' dir='ltr' id='par_1_81' title="bbox 1825 3593 3413 3720">
     <span class='ocr_line' id='line_1_82' title="bbox 1825 3593 3413 3668; baseline -0.003 -17"><span class='ocrx_word' id='word_1_592' title='bbox 1825 3598 2156 3668; x_wconf 79' lang='lat' dir='ltr'><strong>singularum</strong></span> <span class='ocrx_word' id='word_1_593' title='bbox 2187 3611 2312 3652; x_wconf 85' lang='lat' dir='ltr'><strong>cura</strong></span> <span class='ocrx_word' id='word_1_594' title='bbox 2337 3607 2392 3653; x_wconf 91' lang='lat' dir='ltr'><strong>el</strong></span> <span class='ocrx_word' id='word_1_595' title='bbox 2425 3595 2758 3666; x_wconf 80' lang='lat' dir='ltr'><strong>providentia</strong></span> <span class='ocrx_word' id='word_1_596' title='bbox 2800 3594 3000 3660; x_wconf 86' lang='lat' dir='ltr'><strong>divina,</strong></span> <span class='ocrx_word' id='word_1_597' title='bbox 3035 3594 3170 3646; x_wconf 76' lang='grc' dir='ltr'>πᾶσι</span> <span class='ocrx_word' id='word_1_598' title='bbox 3191 3594 3246 3647; x_wconf 83' lang='grc' dir='ltr'>δὲ</span> <span class='ocrx_word' id='word_1_599' title='bbox 3279 3593 3413 3647; x_wconf 88' lang='grc' dir='ltr'>καθ-</span> 
     </span>
     <span class='ocr_line' id='line_1_83' title="bbox 1828 3663 2506 3720; baseline 0 0"><span class='ocrx_word' id='word_1_600' title='bbox 1828 3667 1950 3720; x_wconf 89' lang='grc' dir='ltr'>όλου</span> <span class='ocrx_word' id='word_1_601' title='bbox 1980 3670 2092 3720; x_wconf 75' lang='grc' dir='ltr'>τοῖς</span> <span class='ocrx_word' id='word_1_602' title='bbox 2117 3663 2257 3720; x_wconf 75' lang='grc' dir='ltr'>οὖσι.</span> <span class='ocrx_word' id='word_1_603' title='bbox 2285 3686 2339 3720; x_wconf 90' lang='grc' dir='ltr'>κ.</span> <span class='ocrx_word' id='word_1_604' title='bbox 2376 3685 2426 3720; x_wconf 89' lang='grc' dir='ltr'><strong>τ.</strong></span> <span class='ocrx_word' id='word_1_605' title='bbox 2456 3668 2506 3720; x_wconf 90' lang='grc' dir='ltr'><strong>λ.</strong></span> 
     </span>
    </p>
   </div>
   <div class='ocr_carea' id='block_1_82' title="bbox 1891 3685 2506 3733">
    <p class='ocr_par' dir='ltr' id='par_1_82' title="bbox 1891 3685 2506 3733">
     <span class='ocr_line' id='line_1_84' title="bbox 1891 3685 2506 3733; baseline -0.002 -12"><span class='ocrx_word' id='word_1_606' title='bbox 1891 3686 1950 3721; x_wconf 80' lang='grc' dir='ltr'><strong>Ου</strong></span> <span class='ocrx_word' id='word_1_607' title='bbox 1980 3685 2092 3729; x_wconf 82' lang='grc' dir='ltr'>τοις</span> <span class='ocrx_word' id='word_1_608' title='bbox 2117 3685 2257 3733; x_wconf 80' lang='grc' dir='ltr'>ουσι,</span> <span class='ocrx_word' id='word_1_609' title='bbox 2285 3686 2339 3722; x_wconf 87' lang='grc' dir='ltr'><strong>κ.</strong></span> <span class='ocrx_word' id='word_1_610' title='bbox 2376 3685 2426 3722; x_wconf 84' lang='grc' dir='ltr'><strong>τ.</strong></span> <span class='ocrx_word' id='word_1_611' title='bbox 2457 3685 2506 3720; x_wconf 85' lang='grc' dir='ltr'><strong>Λ.</strong></span> 
     </span>
    </p>
   </div>
   <div class='ocr_carea' id='block_1_83' title="bbox 1900 3731 3412 3808">
    <p class='ocr_par' dir='ltr' id='par_1_83' title="bbox 1900 3731 3412 3808">
     <span class='ocr_line' id='line_1_85' title="bbox 1900 3731 3412 3808; baseline -0.002 0"><span class='ocrx_word' id='word_1_612' title='bbox 1900 3731 2294 3808; x_wconf 63' lang='grc' dir='ltr'>(⁷9)]1ρῶτόν</span> <span class='ocrx_word' id='word_1_613' title='bbox 2335 3737 2453 3805; x_wconf 79' lang='grc' dir='ltr'><strong>μὲν</strong></span> <span class='ocrx_word' id='word_1_614' title='bbox 2484 3735 2594 3805; x_wconf 74' lang='grc' dir='ltr'><strong>γὰρ</strong></span> <span class='ocrx_word' id='word_1_615' title='bbox 2634 3731 2809 3808; x_wconf 55' lang='grc' dir='ltr'>εἷται·</span> <span class='ocrx_word' id='word_1_616' title='bbox 2851 3733 3123 3808; x_wconf 68' lang='grc' dir='ltr'>Πρώτην,</span> <span class='ocrx_word' id='word_1_617' title='bbox 3151 3734 3249 3808; x_wconf 50' lang='grc' dir='ltr'>μὲν</span> <span class='ocrx_word' id='word_1_618' title='bbox 3304 3733 3412 3808; x_wconf 60' lang='grc' dir='ltr'><strong>γὰρ</strong></span> 
     </span>
    </p>
   </div>
   <div class='ocr_carea' id='block_1_84' title="bbox 1831 3753 3409 3871">
    <p class='ocr_par' dir='ltr' id='par_1_84' title="bbox 1831 3753 3409 3871">
     <span class='ocr_line' id='line_1_86' title="bbox 1900 3753 3409 3858; baseline -0.002 -68"><span class='ocrx_word' id='word_1_619' title='bbox 1900 3753 2012 3808; x_wconf 68' lang='lat' dir='ltr'><strong>(tu)</strong></span> <span class='ocrx_word' id='word_1_620' title='bbox 2053 3753 2294 3804; x_wconf 76' lang='grc' dir='ltr'>ιιρωτον</span> <span class='ocrx_word' id='word_1_621' title='bbox 2335 3754 2453 3805; x_wconf 82' lang='grc' dir='ltr'>μεν</span> <span class='ocrx_word' id='word_1_622' title='bbox 2484 3753 2594 3805; x_wconf 74' lang='grc' dir='ltr'><strong>γαρ</strong></span> <span class='ocrx_word' id='word_1_623' title='bbox 2634 3753 2809 3789; x_wconf 68' lang='lat' dir='ltr'><strong>urat.</strong></span> <span class='ocrx_word' id='word_1_624' title='bbox 2861 3753 3124 3858; x_wconf 44' lang='grc' dir='ltr'>ιξρωτΡν.</span> <span class='ocrx_word' id='word_1_625' title='bbox 3151 3753 3249 3804; x_wconf 90' lang='grc' dir='ltr'><strong>μεν</strong></span> <span class='ocrx_word' id='word_1_626' title='bbox 3304 3753 3409 3805; x_wconf 83' lang='grc' dir='ltr'><strong>γαρ</strong></span> 
     </span>
     <span class='ocr_line' id='line_1_87' title="bbox 1831 3803 3409 3871; baseline -0.002 -12"><span class='ocrx_word' id='word_1_627' title='bbox 1831 3803 1989 3870; x_wconf 81' lang='grc' dir='ltr'>εἶναι,</span> <span class='ocrx_word' id='word_1_628' title='bbox 2025 3807 2085 3862; x_wconf 83' lang='lat' dir='ltr'><strong>D.</strong></span> <span class='ocrx_word' id='word_1_629' title='bbox 2115 3809 2165 3860; x_wconf 91' lang='lat'><strong>1.</strong></span> <span class='ocrx_word' id='word_1_630' title='bbox 2191 3808 2443 3870; x_wconf 78' lang='lat' dir='ltr'><strong>Primam,</strong></span> <span class='ocrx_word' id='word_1_631' title='bbox 2471 3809 2631 3871; x_wconf 64' lang='lat'><strong>(10&quot;.,</strong></span> <span class='ocrx_word' id='word_1_632' title='bbox 2675 3804 2813 3858; x_wconf 86' lang='lat' dir='ltr'><strong>Vall.</strong></span> <span class='ocrx_word' id='word_1_633' title='bbox 2847 3803 2938 3859; x_wconf 87' lang='lat' dir='ltr'><strong>Stc</strong></span> <span class='ocrx_word' id='word_1_634' title='bbox 2969 3821 3020 3858; x_wconf 88' lang='lat' dir='ltr'><strong>tn</strong></span> <span class='ocrx_word' id='word_1_635' title='bbox 3049 3820 3193 3860; x_wconf 85' lang='lat' dir='ltr'><strong>ertus</strong></span> <span class='ocrx_word' id='word_1_636' title='bbox 3223 3803 3409 3857; x_wconf 76' lang='grc' dir='ltr'>δευτέ-</span> 
     </span>
    </p>
   </div>
   <div class='ocr_carea' id='block_1_85' title="bbox 1836 3877 2858 3949">
    <p class='ocr_par' dir='ltr' id='par_1_85' title="bbox 1836 3877 2858 3949">
     <span class='ocr_line' id='line_1_88' title="bbox 1836 3877 2858 3949; baseline -0.004 -19"><span class='ocrx_word' id='word_1_637' title='bbox 1836 3895 1902 3949; x_wconf 81' lang='grc' dir='ltr'><strong>ρα</strong></span> <span class='ocrx_word' id='word_1_638' title='bbox 1937 3878 2030 3949; x_wconf 79' lang='grc' dir='ltr'><strong>καὶ</strong></span> <span class='ocrx_word' id='word_1_639' title='bbox 2055 3877 2216 3949; x_wconf 66' lang='grc' dir='ltr'>τρίτῃ</span> <span class='ocrx_word' id='word_1_640' title='bbox 2253 3885 2584 3949; x_wconf 53' lang='lat' dir='ltr'><strong>memorati”</strong></span> <span class='ocrx_word' id='word_1_641' title='bbox 2612 3877 2858 3949; x_wconf 54' lang='grc' dir='ltr'>πρό-νοια.</span> 
     </span>
    </p>
   </div>
   <div class='ocr_carea' id='block_1_86' title="bbox 1908 3944 3412 4016">
    <p class='ocr_par' dir='ltr' id='par_1_86' title="bbox 1908 3944 3412 4016">
     <span class='ocr_line' id='line_1_89' title="bbox 1908 3944 3412 4016; baseline -0.001 -16"><span class='ocrx_word' id='word_1_642' title='bbox 1908 3946 2019 4016; x_wconf 89' lang='grc'>(80)</span> <span class='ocrx_word' id='word_1_643' title='bbox 2051 3944 2261 4016; x_wconf 55' lang='grc' dir='ltr'>Ἰδεῶὴ.</span> <span class='ocrx_word' id='word_1_644' title='bbox 2293 3947 2481 4008; x_wconf 89' lang='grc' dir='ltr'>Ίδίων,</span> <span class='ocrx_word' id='word_1_645' title='bbox 2513 3946 2572 3998; x_wconf 90' lang='lat' dir='ltr'><strong>D.</strong></span> <span class='ocrx_word' id='word_1_646' title='bbox 2612 3944 2668 3998; x_wconf 64' lang='lat'><strong>1.</strong></span> <span class='ocrx_word' id='word_1_647' title='bbox 2694 3944 2790 4016; x_wconf 5' lang='lat' dir='ltr'><strong>(Sic</strong></span> <span class='ocrx_word' id='word_1_648' title='bbox 2810 3955 3156 4016; x_wconf 67' lang='lat' dir='ltr'><strong>autea,nunc</strong></span> <span class='ocrx_word' id='word_1_649' title='bbox 3180 3958 3246 3998; x_wconf 80' lang='lat' dir='ltr'><strong>ex</strong></span> <span class='ocrx_word' id='word_1_650' title='bbox 3268 3958 3412 4000; x_wconf 91' lang='lat' dir='ltr'><strong>corr.</strong></span> 
     </span>
    </p>
   </div>
   <div class='ocr_carea' id='block_1_87' title="bbox 1834 4013 3024 4084">
    <p class='ocr_par' dir='ltr' id='par_1_87' title="bbox 1834 4013 3024 4084">
     <span class='ocr_line' id='line_1_90' title="bbox 1834 4013 3024 4084; baseline -0.002 -16"><span class='ocrx_word' id='word_1_651' title='bbox 1834 4013 2009 4080; x_wconf 76' lang='grc' dir='ltr'>ἰδεῶν,</span> <span class='ocrx_word' id='word_1_652' title='bbox 2034 4015 2096 4069; x_wconf 84' lang='grc' dir='ltr'><strong>Α.</strong></span> <span class='ocrx_word' id='word_1_653' title='bbox 2131 4017 2184 4070; x_wconf 89' lang='lat'><strong>2.</strong></span> <span class='ocrx_word' id='word_1_654' title='bbox 2223 4015 2483 4084; x_wconf 82' lang='lat' dir='ltr'><strong>Propriis,</strong></span> <span class='ocrx_word' id='word_1_655' title='bbox 2507 4016 2640 4070; x_wconf 84' lang='lat' dir='ltr'><strong>Con.</strong></span> <span class='ocrx_word' id='word_1_656' title='bbox 2681 4015 2859 4076; x_wconf 81' lang='lat' dir='ltr'><strong>Ideas,</strong></span> <span class='ocrx_word' id='word_1_657' title='bbox 2892 4013 3024 4067; x_wconf 83' lang='lat' dir='ltr'><strong>Vall.</strong></span> 
     </span>
    </p>
   </div>
   <div class='ocr_carea' id='block_1_88' title="bbox 1903 4082 3415 4158">
    <p class='ocr_par' dir='ltr' id='par_1_88' title="bbox 1903 4082 3415 4158">
     <span class='ocr_line' id='line_1_91' title="bbox 1903 4082 3415 4158; baseline -0.003 -16"><span class='ocrx_word' id='word_1_658' title='bbox 1903 4088 2012 4158; x_wconf 87' lang='lat'>(8|)</span> <span class='ocrx_word' id='word_1_659' title='bbox 2049 4082 2422 4158; x_wconf 76' lang='grc' dir='ltr'>Ξύμπαντος.</span> <span class='ocrx_word' id='word_1_660' title='bbox 2468 4085 2747 4156; x_wconf 84' lang='grc' dir='ltr'>Ξύμπτος,</span> <span class='ocrx_word' id='word_1_661' title='bbox 2782 4096 2838 4140; x_wconf 89' lang='lat' dir='ltr'><strong>et</strong></span> <span class='ocrx_word' id='word_1_662' title='bbox 2877 4099 2944 4140; x_wconf 81' lang='lat' dir='ltr'><strong>ex</strong></span> <span class='ocrx_word' id='word_1_663' title='bbox 2990 4099 3134 4139; x_wconf 89' lang='lat' dir='ltr'><strong>corr.</strong></span> <span class='ocrx_word' id='word_1_664' title='bbox 3177 4099 3288 4139; x_wconf 87' lang='lat' dir='ltr'><strong>rec.</strong></span> <span class='ocrx_word' id='word_1_665' title='bbox 3323 4082 3415 4148; x_wconf 72' lang='grc' dir='ltr'><strong>ξύ-</strong></span> 
     </span>
    </p>
   </div>
   <div class='ocr_carea' id='block_1_89' title="bbox 1834 4157 2361 4228">
    <p class='ocr_par' dir='ltr' id='par_1_89' title="bbox 1834 4157 2361 4228">
     <span class='ocr_line' id='line_1_92' title="bbox 1834 4157 2361 4228; baseline -0.006 -16"><span class='ocrx_word' id='word_1_666' title='bbox 1834 4157 2042 4228; x_wconf 78' lang='grc' dir='ltr'>μικτος.</span> <span class='ocrx_word' id='word_1_667' title='bbox 2072 4157 2194 4226; x_wconf 88' lang='lat' dir='ltr'><strong>(sic)</strong></span> <span class='ocrx_word' id='word_1_668' title='bbox 2223 4158 2361 4228; x_wconf 15' lang='lat' dir='ltr'><strong>A.A2.</strong></span> 
     </span>
    </p>
   </div>
   <div class='ocr_carea' id='block_1_90' title="bbox 1901 4222 3414 4295">
    <p class='ocr_par' dir='ltr' id='par_1_90' title="bbox 1901 4222 3414 4295">
     <span class='ocr_line' id='line_1_93' title="bbox 1901 4222 3414 4295; baseline -0.002 -15"><span class='ocrx_word' id='word_1_669' title='bbox 1901 4229 2012 4293; x_wconf 84' lang='lat'>(82)</span> <span class='ocrx_word' id='word_1_670' title='bbox 2046 4222 2317 4294; x_wconf 77' lang='grc' dir='ltr'>Οὐρανοῦ</span> <span class='ocrx_word' id='word_1_671' title='bbox 2333 4226 2431 4279; x_wconf 80' lang='grc' dir='ltr'>καὶ</span> <span class='ocrx_word' id='word_1_672' title='bbox 2454 4225 2743 4294; x_wconf 77' lang='grc' dir='ltr'>ἀστέρων.</span> <span class='ocrx_word' id='word_1_673' title='bbox 2779 4223 3038 4295; x_wconf 86' lang='grc' dir='ltr'>Οὐρανῶν</span> <span class='ocrx_word' id='word_1_674' title='bbox 3059 4222 3154 4276; x_wconf 71' lang='grc' dir='ltr'><strong>καὶ</strong></span> <span class='ocrx_word' id='word_1_675' title='bbox 3177 4223 3414 4294; x_wconf 87' lang='grc' dir='ltr'>ἄστρων,</span> 
     </span>
    </p>
   </div>
   <div class='ocr_carea' id='block_1_91' title="bbox 1831 4295 3407 4422">
    <p class='ocr_par' dir='ltr' id='par_1_91' title="bbox 1831 4295 3407 4422">
     <span class='ocr_line' id='line_1_94' title="bbox 1831 4295 3407 4422; baseline -0.003 -71"><span class='ocrx_word' id='word_1_676' title='bbox 1831 4297 2268 4422; x_wconf 47' lang='grc' dir='ltr'>3.1ἶ.οὺρανῶν</span> <span class='ocrx_word' id='word_1_677' title='bbox 2305 4299 2465 4350; x_wconf 89' lang='lat' dir='ltr'><strong>etiam</strong></span> <span class='ocrx_word' id='word_1_678' title='bbox 2518 4296 2584 4350; x_wconf 87' lang='lat' dir='ltr'><strong>A.</strong></span> <span class='ocrx_word' id='word_1_679' title='bbox 2631 4295 2867 4350; x_wconf 72' lang='lat' dir='ltr'><strong>2.tCteli</strong></span> <span class='ocrx_word' id='word_1_680' title='bbox 2900 4295 3086 4362; x_wconf 87' lang='lat' dir='ltr'><strong>globos</strong></span> <span class='ocrx_word' id='word_1_681' title='bbox 3105 4299 3407 4362; x_wconf 63' lang='lat' dir='ltr'><strong>etstellas,»</strong></span> 
     </span>
     <span class='ocr_line' id='line_1_95' title="bbox 1879 4383 1970 4420; baseline -0.011 0"><span class='ocrx_word' id='word_1_682' title='bbox 1879 4383 1905 4420; x_wconf 90' lang='lat' dir='ltr'><strong>a</strong></span> <span class='ocrx_word' id='word_1_683' title='bbox 1955 4404 1970 4419; x_wconf 94' lang='lat'><strong>.</strong></span> 
     </span>
    </p>
   </div>
   <div class='ocr_carea' id='block_1_92' title="bbox 1879 4383 1970 4420">
    <p class='ocr_par' dir='ltr' id='par_1_92' title="bbox 1879 4383 1970 4420">
     <span class='ocr_line' id='line_1_96' title="bbox 1879 4383 1970 4420; baseline -0.011 0"><span class='ocrx_word' id='word_1_684' title='bbox 1879 4383 1970 4420; x_wconf 87' lang='lat' dir='ltr'><strong>an.</strong></span> 
     </span>
    </p>
   </div>
   <div class='ocr_carea' id='block_1_93' title="bbox 143 4412 1724 4505">
    <p class='ocr_par' dir='ltr' id='par_1_93' title="bbox 143 4412 1724 4505">
     <span class='ocr_line' id='line_1_97' title="bbox 143 4412 1724 4505; baseline 0.002 -39"><span class='ocrx_word' id='word_1_685' title='bbox 143 4412 988 4505; x_wconf 41' lang='lat' dir='ltr'><strong>(inmicnerttmftjspecierum</strong></span> <span class='ocrx_word' id='word_1_686' title='bbox 1020 4423 1253 4505; x_wconf 68' lang='lat' dir='ltr'><strong>tantum,</strong></span> <span class='ocrx_word' id='word_1_687' title='bbox 1284 4425 1342 4469; x_wconf 92' lang='lat' dir='ltr'><strong>ut</strong></span> <span class='ocrx_word' id='word_1_688' title='bbox 1365 4417 1443 4505; x_wconf 50' lang='lat' dir='ltr'><strong>ait.</strong></span> <span class='ocrx_word' id='word_1_689' title='bbox 1457 4416 1724 4505; x_wconf 45' lang='lat' dir='ltr'><strong>Aristotle-</strong></span> 
     </span>
    </p>
   </div>
   <div class='ocr_carea' id='block_1_94' title="bbox 1846 4412 3412 4505">
    <p class='ocr_par' dir='ltr' id='par_1_94' title="bbox 1850 4412 3412 4505">
     <span class='ocr_line' id='line_1_98' title="bbox 1850 4412 3412 4505; baseline -0.001 -17"><span class='ocrx_word' id='word_1_690' title='bbox 1850 4412 2012 4505; x_wconf 51' lang='grc'>’(83)</span> <span class='ocrx_word' id='word_1_691' title='bbox 2042 4436 2150 4488; x_wconf 83' lang='lat' dir='ltr'><strong>Kal</strong></span> <span class='ocrx_word' id='word_1_692' title='bbox 2185 4436 2544 4505; x_wconf 76' lang='grc' dir='ltr'>ποσότητος.</span> <span class='ocrx_word' id='word_1_693' title='bbox 2579 4434 2619 4486; x_wconf 83' lang='grc' dir='ltr'>Α</span> <span class='ocrx_word' id='word_1_694' title='bbox 2674 4449 2819 4505; x_wconf 73' lang='lat' dir='ltr'><strong>man.</strong></span> <span class='ocrx_word' id='word_1_695' title='bbox 2847 4447 2955 4486; x_wconf 86' lang='lat' dir='ltr'><strong>rec.</strong></span> <span class='ocrx_word' id='word_1_696' title='bbox 2990 4432 3212 4498; x_wconf 86' lang='lat' dir='ltr'><strong>inserta,</strong></span> <span class='ocrx_word' id='word_1_697' title='bbox 3264 4432 3323 4486; x_wconf 90' lang='lat' dir='ltr'><strong>D.</strong></span> <span class='ocrx_word' id='word_1_698' title='bbox 3361 4435 3412 4488; x_wconf 87' lang='lat'><strong>1.</strong></span> 
     </span>
    </p>
   </div>
   <div class='ocr_carea' id='block_1_95' title="bbox 145 4481 1728 4556">
    <p class='ocr_par' dir='ltr' id='par_1_95' title="bbox 145 4481 1728 4556">
     <span class='ocr_line' id='line_1_99' title="bbox 145 4481 1728 4556; baseline 0.005 -23"><span class='ocrx_word' id='word_1_699' title='bbox 145 4481 237 4556; x_wconf 70' lang='grc' dir='ltr'>ιεε,</span> <span class='ocrx_word' id='word_1_700' title='bbox 274 4481 364 4535; x_wconf 79' lang='lat' dir='ltr'><strong>vel</strong></span> <span class='ocrx_word' id='word_1_701' title='bbox 389 4481 843 4556; x_wconf 84' lang='lat' dir='ltr'><strong>_an_providentia</strong></span> <span class='ocrx_word' id='word_1_702' title='bbox 887 4485 1247 4556; x_wconf 69' lang='lat' dir='ltr'><strong>Singularium</strong></span> <span class='ocrx_word' id='word_1_703' title='bbox 1287 4501 1382 4556; x_wconf 86' lang='lat' dir='ltr'><strong>per</strong></span> <span class='ocrx_word' id='word_1_704' title='bbox 1412 4485 1544 4539; x_wconf 86' lang='lat' dir='ltr'><strong>deos</strong></span> <span class='ocrx_word' id='word_1_705' title='bbox 1589 4485 1728 4556; x_wconf 85' lang='lat' dir='ltr'><strong>infe-</strong></span> 
     </span>
    </p>
   </div>
   <div class='ocr_carea' id='block_1_96' title="bbox 144 4550 1728 4620">
    <p class='ocr_par' dir='ltr' id='par_1_96' title="bbox 144 4550 1728 4620">
     <span class='ocr_line' id='line_1_100' title="bbox 144 4550 1728 4620; baseline 0.005 -17"><span class='ocrx_word' id='word_1_706' title='bbox 144 4551 313 4606; x_wconf 74' lang='lat' dir='ltr'><strong>riores</strong></span> <span class='ocrx_word' id='word_1_707' title='bbox 338 4550 775 4612; x_wconf 78' lang='lat' dir='ltr'><strong>administretur.</strong></span> <span class='ocrx_word' id='word_1_708' title='bbox 807 4563 865 4606; x_wconf 93' lang='lat' dir='ltr'><strong>ut</strong></span> <span class='ocrx_word' id='word_1_709' title='bbox 901 4550 1052 4607; x_wconf 83' lang='lat' dir='ltr'><strong>Plato</strong></span> <span class='ocrx_word' id='word_1_710' title='bbox 1080 4550 1300 4620; x_wconf 57' lang='lat' dir='ltr'><strong>censet,</strong></span> <span class='ocrx_word' id='word_1_711' title='bbox 1320 4557 1412 4610; x_wconf 90' lang='lat' dir='ltr'><strong>ubi</strong></span> <span class='ocrx_word' id='word_1_712' title='bbox 1445 4556 1620 4611; x_wconf 86' lang='lat' dir='ltr'><strong>obiter</strong></span> <span class='ocrx_word' id='word_1_713' title='bbox 1647 4555 1728 4610; x_wconf 85' lang='lat' dir='ltr'><strong>fa-</strong></span> 
     </span>
    </p>
   </div>
   <div class='ocr_carea' id='block_1_97' title="bbox 146 4620 1439 4691">
    <p class='ocr_par' dir='ltr' id='par_1_97' title="bbox 146 4620 1439 4691">
     <span class='ocr_line' id='line_1_101' title="bbox 146 4620 1439 4691; baseline 0.002 -18"><span class='ocrx_word' id='word_1_714' title='bbox 146 4621 386 4675; x_wconf 88' lang='lat' dir='ltr'><strong>naticam</strong></span> <span class='ocrx_word' id='word_1_715' title='bbox 427 4620 645 4691; x_wconf 82' lang='lat' dir='ltr'><strong>Epicuri</strong></span> <span class='ocrx_word' id='word_1_716' title='bbox 675 4624 986 4691; x_wconf 77' lang='lat' dir='ltr'><strong>opinionem</strong></span> <span class='ocrx_word' id='word_1_717' title='bbox 1023 4624 1336 4691; x_wconf 46' lang='lat' dir='ltr'><strong>confutatg</strong></span> <span class='ocrx_word' id='word_1_718' title='bbox 1425 4646 1439 4658; x_wconf 77' lang='grc' dir='ltr'><em>ο</em></span> 
     </span>
    </p>
   </div>
   <div class='ocr_carea' id='block_1_98' title="bbox 144 4686 1722 4813">
    <p class='ocr_par' dir='ltr' id='par_1_98' title="bbox 144 4686 1722 4813">
     <span class='ocr_line' id='line_1_102' title="bbox 144 4686 1722 4813; baseline -0.001 -70"><span class='ocrx_word' id='word_1_719' title='bbox 144 4758 183 4812; x_wconf 78' lang='lat' dir='ltr'>D</span> <span class='ocrx_word' id='word_1_720' title='bbox 209 4686 616 4813; x_wconf 49' lang='lat' dir='ltr'><strong>(Z$)V&quot;0ﬁipér</strong></span> <span class='ocrx_word' id='word_1_721' title='bbox 638 4686 751 4744; x_wconf 56' lang='grc' dir='ltr'><strong>οὖὶ⁴</strong></span> <span class='ocrx_word' id='word_1_722' title='bbox 773 4691 904 4743; x_wconf 80' lang='grc' dir='ltr'>ἐστι</span> <span class='ocrx_word' id='word_1_723' title='bbox 929 4694 1202 4758; x_wconf 77' lang='grc' dir='ltr'>πρόνοια.</span> <span class='ocrx_word' id='word_1_724' title='bbox 1235 4687 1341 4744; x_wconf 80' lang='grc' dir='ltr'><strong>Οὖν</strong></span> <span class='ocrx_word' id='word_1_725' title='bbox 1373 4691 1546 4756; x_wconf 87' lang='lat' dir='ltr'><strong>abest,</strong></span> <span class='ocrx_word' id='word_1_726' title='bbox 1576 4690 1642 4744; x_wconf 83' lang='lat' dir='ltr'><strong>A.</strong></span> <span class='ocrx_word' id='word_1_727' title='bbox 1666 4689 1722 4756; x_wconf 95' lang='lat'><strong>2,</strong></span> 
     </span>
     <span class='ocr_line' id='line_1_103' title="bbox 187 4777 463 4813; baseline -0.007 0"><span class='ocrx_word' id='word_1_728' title='bbox 187 4801 200 4813; x_wconf 92' lang='lat'><strong>.</strong></span> <span class='ocrx_word' id='word_1_729' title='bbox 271 4802 287 4813; x_wconf 88' lang='lat'><strong>.</strong></span> <span class='ocrx_word' id='word_1_730' title='bbox 375 4777 401 4811; x_wconf 90' lang='lat' dir='ltr'><strong>a</strong></span> <span class='ocrx_word' id='word_1_731' title='bbox 453 4799 463 4812; x_wconf 97' lang='lat'><strong>.</strong></span> 
     </span>
    </p>
   </div>
   <div class='ocr_carea' id='block_1_99' title="bbox 187 4777 463 4822">
    <p class='ocr_par' dir='ltr' id='par_1_99' title="bbox 187 4777 463 4822">
     <span class='ocr_line' id='line_1_104' title="bbox 187 4777 463 4822; baseline -0.007 -9"><span class='ocrx_word' id='word_1_732' title='bbox 187 4801 200 4813; x_wconf 92' lang='lat'><strong>.</strong></span> <span class='ocrx_word' id='word_1_733' title='bbox 237 4777 287 4822; x_wconf 84' lang='grc' dir='ltr'><strong>ι,</strong></span> <span class='ocrx_word' id='word_1_734' title='bbox 329 4777 463 4812; x_wconf 78' lang='lat' dir='ltr'><strong>van.</strong></span> 
     </span>
    </p>
   </div>
   <div class='ocr_carea' id='block_1_100' title="bbox 209 4851 1528 4919">
    <p class='ocr_par' dir='ltr' id='par_1_100' title="bbox 209 4851 1528 4919">
     <span class='ocr_line' id='line_1_105' title="bbox 209 4851 1528 4919; baseline 0.003 -17"><span class='ocrx_word' id='word_1_735' title='bbox 209 4852 322 4915; x_wconf 71' lang='grc'>(75)</span> <span class='ocrx_word' id='word_1_736' title='bbox 367 4851 552 4905; x_wconf 73' lang='grc' dir='ltr'><em>Τίνων</em></span> <span class='ocrx_word' id='word_1_737' title='bbox 574 4851 706 4904; x_wconf 81' lang='grc' dir='ltr'>ἐστὶ</span> <span class='ocrx_word' id='word_1_738' title='bbox 741 4854 1007 4919; x_wconf 78' lang='grc' dir='ltr'>πρόνοια.</span> <span class='ocrx_word' id='word_1_739' title='bbox 1055 4852 1201 4904; x_wconf 81' lang='grc' dir='ltr'>Ἑστί</span> <span class='ocrx_word' id='word_1_740' title='bbox 1230 4853 1402 4917; x_wconf 83' lang='lat' dir='ltr'><strong>abest,</strong></span> <span class='ocrx_word' id='word_1_741' title='bbox 1428 4852 1528 4908; x_wconf 78' lang='lat' dir='ltr'><strong>Ox.</strong></span> 
     </span>
    </p>
   </div>
   <div class='ocr_carea' id='block_1_101' title="bbox 1830 4502 3006 4574">
    <p class='ocr_par' dir='ltr' id='par_1_101' title="bbox 1830 4502 3006 4574">
     <span class='ocr_line' id='line_1_106' title="bbox 1830 4502 3006 4574; baseline -0.006 -14"><span class='ocrx_word' id='word_1_742' title='bbox 1830 4502 2227 4574; x_wconf 38' lang='lat' dir='ltr'><strong>Et&#39;qitalilalis,</strong></span> <span class='ocrx_word' id='word_1_743' title='bbox 2264 4504 2400 4574; x_wconf 69' lang='lat' dir='ltr'><strong>Val).</strong></span> <span class='ocrx_word' id='word_1_744' title='bbox 2421 4504 2535 4556; x_wconf 56' lang='lat' dir='ltr'><strong>&#39;llue</strong></span> <span class='ocrx_word' id='word_1_745' title='bbox 2560 4512 2676 4574; x_wconf 3' lang='lat' dir='ltr'><strong>(est,</strong></span> <span class='ocrx_word' id='word_1_746' title='bbox 2703 4502 3006 4574; x_wconf 82' lang='grc' dir='ltr'>ποιότητος.</span> 
     </span>
    </p>
   </div>
   <div class='ocr_carea' id='block_1_102' title="bbox 1900 4569 3413 4643">
    <p class='ocr_par' dir='ltr' id='par_1_102' title="bbox 1900 4569 3413 4643">
     <span class='ocr_line' id='line_1_107' title="bbox 1900 4569 3413 4643; baseline -0.003 -14"><span class='ocrx_word' id='word_1_747' title='bbox 1900 4569 2014 4643; x_wconf 70' lang='grc'>(84)</span> <span class='ocrx_word' id='word_1_748' title='bbox 2061 4575 2308 4641; x_wconf 77' lang='grc' dir='ltr'>Ἀτίμων</span> <span class='ocrx_word' id='word_1_749' title='bbox 2353 4573 2524 4633; x_wconf 79' lang='grc' dir='ltr'>ζώων.</span> <span class='ocrx_word' id='word_1_750' title='bbox 2558 4573 2822 4641; x_wconf 84' lang='grc' dir='ltr'>’Λτόμων,</span> <span class='ocrx_word' id='word_1_751' title='bbox 2860 4571 3032 4643; x_wconf 68' lang='grc' dir='ltr'>ζώων,</span> <span class='ocrx_word' id='word_1_752' title='bbox 3063 4569 3124 4622; x_wconf 83' lang='grc' dir='ltr'>Ι).</span> <span class='ocrx_word' id='word_1_753' title='bbox 3164 4571 3230 4643; x_wconf 87' lang='lat'><strong>1,_</strong></span> <span class='ocrx_word' id='word_1_754' title='bbox 3263 4571 3323 4624; x_wconf 82' lang='lat' dir='ltr'><strong>A.</strong></span> <span class='ocrx_word' id='word_1_755' title='bbox 3357 4573 3413 4634; x_wconf 85' lang='lat'><strong>2,</strong></span> 
     </span>
    </p>
   </div>
   <div class='ocr_carea' id='block_1_103' title="bbox 1830 4640 3414 4710">
    <p class='ocr_par' dir='ltr' id='par_1_103' title="bbox 1830 4640 3414 4710">
     <span class='ocr_line' id='line_1_108' title="bbox 1830 4640 3414 4710; baseline -0.005 -10"><span class='ocrx_word' id='word_1_756' title='bbox 1830 4640 1935 4700; x_wconf 68' lang='lat' dir='ltr'><strong>Ox.</strong></span> <span class='ocrx_word' id='word_1_757' title='bbox 1979 4640 2315 4704; x_wconf 85' lang='lat' dir='ltr'><strong>Ellebodius.</strong></span> <span class='ocrx_word' id='word_1_758' title='bbox 2356 4640 2753 4710; x_wconf 79' lang='lat' dir='ltr'><strong>ignobiliorum.</strong></span> <span class='ocrx_word' id='word_1_759' title='bbox 2789 4643 2894 4695; x_wconf 90' lang='lat' dir='ltr'><strong>Sed</strong></span> <span class='ocrx_word' id='word_1_760' title='bbox 2952 4641 3101 4693; x_wconf 86' lang='lat' dir='ltr'><strong>Couo</strong></span> <span class='ocrx_word' id='word_1_761' title='bbox 3136 4656 3150 4691; x_wconf 87' lang='lat'><strong>:</strong></span> <span class='ocrx_word' id='word_1_762' title='bbox 3206 4640 3414 4694; x_wconf 70' lang='grc' dir='ltr'>[παίω-</span> 
     </span>
    </p>
   </div>
   <div class='ocr_carea' id='block_1_104' title="bbox 1829 4710 3416 4779">
    <p class='ocr_par' dir='ltr' id='par_1_104' title="bbox 1829 4710 3416 4779">
     <span class='ocr_line' id='line_1_109' title="bbox 1829 4710 3416 4779; baseline -0.003 -11"><span class='ocrx_word' id='word_1_763' title='bbox 1829 4717 2058 4768; x_wconf 81' lang='lat' dir='ltr'><strong>duorum</strong></span> <span class='ocrx_word' id='word_1_764' title='bbox 2103 4725 2150 4766; x_wconf 86' lang='lat' dir='ltr'><strong>et</strong></span> <span class='ocrx_word' id='word_1_765' title='bbox 2181 4713 2495 4766; x_wconf 81' lang='lat' dir='ltr'><strong>animalium</strong></span> <span class='ocrx_word' id='word_1_766' title='bbox 2526 4721 2574 4766; x_wconf 88' lang='lat' dir='ltr'><strong>et</strong></span> <span class='ocrx_word' id='word_1_767' title='bbox 2612 4712 2929 4779; x_wconf 79' lang='lat' dir='ltr'><strong>plantarum.</strong></span> <span class='ocrx_word' id='word_1_768' title='bbox 2963 4710 3142 4764; x_wconf 83' lang='lat' dir='ltr'><strong>Valla:</strong></span> <span class='ocrx_word' id='word_1_769' title='bbox 3180 4710 3261 4762; x_wconf 85' lang='lat' dir='ltr'><strong>Ad</strong></span> <span class='ocrx_word' id='word_1_770' title='bbox 3295 4721 3416 4764; x_wconf 86' lang='lat' dir='ltr'><strong>ato-</strong></span> 
     </span>
    </p>
   </div>
   <div class='ocr_carea' id='block_1_105' title="bbox 1825 4781 3032 4853">
    <p class='ocr_par' dir='ltr' id='par_1_105' title="bbox 1825 4781 3032 4853">
     <span class='ocr_line' id='line_1_110' title="bbox 1825 4781 3032 4853; baseline -0.004 -15"><span class='ocrx_word' id='word_1_771' title='bbox 1825 4801 1937 4838; x_wconf 82' lang='lat' dir='ltr'><strong>mos</strong></span> <span class='ocrx_word' id='word_1_772' title='bbox 1969 4783 2296 4853; x_wconf 79' lang='lat' dir='ltr'><strong>generandas</strong></span> <span class='ocrx_word' id='word_1_773' title='bbox 2329 4783 2688 4852; x_wconf 86' lang='lat' dir='ltr'><strong>animaliaque</strong></span> <span class='ocrx_word' id='word_1_774' title='bbox 2713 4792 2780 4853; x_wconf 83' lang='lat' dir='ltr'><strong>et_</strong></span> <span class='ocrx_word' id='word_1_775' title='bbox 2801 4781 3032 4853; x_wconf 49' lang='lat' dir='ltr'><strong>plantas.</strong></span> 
     </span>
    </p>
   </div>
   <div class='ocr_carea' id='block_1_106' title="bbox 1900 4848 3418 4924">
    <p class='ocr_par' dir='ltr' id='par_1_106' title="bbox 1900 4848 3418 4924">
     <span class='ocr_line' id='line_1_111' title="bbox 1900 4848 3418 4924; baseline -0.005 -15"><span class='ocrx_word' id='word_1_776' title='bbox 1900 4848 2010 4924; x_wconf 72' lang='lat'>(83)</span> <span class='ocrx_word' id='word_1_777' title='bbox 2065 4854 2167 4907; x_wconf 81' lang='grc' dir='ltr'><strong>Ἐν</strong></span> <span class='ocrx_word' id='word_1_778' title='bbox 2190 4855 2425 4923; x_wconf 75' lang='grc' dir='ltr'>γενέσει</span> <span class='ocrx_word' id='word_1_779' title='bbox 2466 4853 2563 4906; x_wconf 83' lang='grc' dir='ltr'>καὶ</span> <span class='ocrx_word' id='word_1_780' title='bbox 2591 4848 2800 4922; x_wconf 55' lang='grc' dir='ltr'>φθορᾷ.</span> <span class='ocrx_word' id='word_1_781' title='bbox 2835 4851 2926 4914; x_wconf 82' lang='grc' dir='ltr'><strong>Τε,</strong></span> <span class='ocrx_word' id='word_1_782' title='bbox 2964 4859 3090 4905; x_wconf 85' lang='lat' dir='ltr'><strong>ante</strong></span> <span class='ocrx_word' id='word_1_783' title='bbox 3127 4848 3238 4913; x_wconf 88' lang='grc' dir='ltr'>καί,</span> <span class='ocrx_word' id='word_1_784' title='bbox 3269 4850 3418 4905; x_wconf 82' lang='lat' dir='ltr'><strong>addit</strong></span> 
     </span>
    </p>
   </div>
   <div class='ocr_carea' id='block_1_107' title="bbox 206 4919 1954 4992">
    <p class='ocr_par' dir='ltr' id='par_1_107' title="bbox 206 4919 1954 4992">
     <span class='ocr_line' id='line_1_112' title="bbox 206 4919 1954 4992; baseline 0.002 -19"><span class='ocrx_word' id='word_1_785' title='bbox 206 4921 318 4992; x_wconf 86' lang='lat'>(76)</span> <span class='ocrx_word' id='word_1_786' title='bbox 377 4923 448 4992; x_wconf 82' lang='grc' dir='ltr'>Ἡ</span> <span class='ocrx_word' id='word_1_787' title='bbox 475 4919 596 4992; x_wconf 81' lang='grc' dir='ltr'>τῶν</span> <span class='ocrx_word' id='word_1_788' title='bbox 639 4923 768 4977; x_wconf 79' lang='grc' dir='ltr'>καθ’</span> <span class='ocrx_word' id='word_1_789' title='bbox 801 4921 1053 4977; x_wconf 72' lang='grc' dir='ltr'>ἕκαστα.</span> <span class='ocrx_word' id='word_1_790' title='bbox 1095 4923 1165 4975; x_wconf 83' lang='grc' dir='ltr'>Ἦ</span> <span class='ocrx_word' id='word_1_791' title='bbox 1218 4923 1310 4976; x_wconf 77' lang='grc' dir='ltr'>καὶ</span> <span class='ocrx_word' id='word_1_792' title='bbox 1350 4924 1457 4976; x_wconf 85' lang='grc' dir='ltr'><strong>τῶν</strong></span> <span class='ocrx_word' id='word_1_793' title='bbox 1484 4923 1723 4976; x_wconf 80' lang='grc' dir='ltr'>καθέκα-</span> <span class='ocrx_word' id='word_1_794' title='bbox 1827 4919 1954 4980; x_wconf 56' lang='grc'><strong>0.]</strong></span> 
     </span>
    </p>
   </div>
   <div class='ocr_carea' id='block_1_108' title="bbox 144 4991 808 5051">
    <p class='ocr_par' dir='ltr' id='par_1_108' title="bbox 144 4991 808 5051">
     <span class='ocr_line' id='line_1_113' title="bbox 144 4991 808 5051; baseline 0.009 -11"><span class='ocrx_word' id='word_1_795' title='bbox 144 5004 256 5051; x_wconf 83' lang='grc' dir='ltr'>στα,</span> <span class='ocrx_word' id='word_1_796' title='bbox 300 4991 369 5045; x_wconf 73' lang='grc' dir='ltr'><strong>Α.</strong></span> <span class='ocrx_word' id='word_1_797' title='bbox 409 4991 466 5046; x_wconf 93' lang='lat'><strong>2.</strong></span> <span class='ocrx_word' id='word_1_798' title='bbox 490 4991 624 5046; x_wconf 79' lang='lat' dir='ltr'><strong>Vide</strong></span> <span class='ocrx_word' id='word_1_799' title='bbox 663 5008 808 5046; x_wconf 76' lang='lat' dir='ltr'><strong>mox.</strong></span> 
     </span>
    </p>
   </div>
   <div class='ocr_carea' id='block_1_109' title="bbox 209 5061 1724 5129">
    <p class='ocr_par' dir='ltr' id='par_1_109' title="bbox 209 5061 1724 5129">
     <span class='ocr_line' id='line_1_114' title="bbox 209 5061 1724 5129; baseline 0.003 -16"><span class='ocrx_word' id='word_1_800' title='bbox 209 5061 322 5129; x_wconf 92' lang='grc'>(77)</span> <span class='ocrx_word' id='word_1_801' title='bbox 361 5063 439 5115; x_wconf 88' lang='grc' dir='ltr'><strong><em>Ἦ</em></strong></span> <span class='ocrx_word' id='word_1_802' title='bbox 484 5062 606 5115; x_wconf 76' lang='grc' dir='ltr'>τῶν</span> <span class='ocrx_word' id='word_1_803' title='bbox 649 5065 910 5118; x_wconf 76' lang='grc' dir='ltr'>καθόλου</span> <span class='ocrx_word' id='word_1_804' title='bbox 953 5064 1052 5118; x_wconf 77' lang='grc' dir='ltr'>καὶ</span> <span class='ocrx_word' id='word_1_805' title='bbox 1073 5063 1192 5117; x_wconf 82' lang='grc' dir='ltr'>τῶν</span> <span class='ocrx_word' id='word_1_806' title='bbox 1223 5063 1581 5118; x_wconf 81' lang='grc' dir='ltr'>καθέκαστα.</span> <span class='ocrx_word' id='word_1_807' title='bbox 1618 5064 1724 5118; x_wconf 84' lang='lat' dir='ltr'><strong>Ab-</strong></span> 
     </span>
    </p>
   </div>
   <div class='ocr_carea' id='block_1_110' title="bbox 145 5131 1724 5209">
    <p class='ocr_par' dir='ltr' id='par_1_110' title="bbox 145 5131 1724 5209">
     <span class='ocr_line' id='line_1_115' title="bbox 145 5131 1724 5209; baseline 0.002 -26"><span class='ocrx_word' id='word_1_808' title='bbox 145 5142 290 5209; x_wconf 79' lang='lat' dir='ltr'><strong>suut_,_</strong></span> <span class='ocrx_word' id='word_1_809' title='bbox 330 5133 406 5209; x_wconf 40' lang='lat' dir='ltr'><strong>AL</strong></span> <span class='ocrx_word' id='word_1_810' title='bbox 425 5131 497 5209; x_wconf 88' lang='lat'><strong>2._</strong></span> <span class='ocrx_word' id='word_1_811' title='bbox 521 5135 581 5186; x_wconf 91' lang='lat' dir='ltr'><strong>D.</strong></span> <span class='ocrx_word' id='word_1_812' title='bbox 629 5133 677 5197; x_wconf 89' lang='lat'><strong>1,</strong></span> <span class='ocrx_word' id='word_1_813' title='bbox 708 5132 1076 5209; x_wconf 78' lang='lat' dir='ltr'><strong>_C0u.__Solum</strong></span> <span class='ocrx_word' id='word_1_814' title='bbox 1103 5135 1232 5209; x_wconf 81' lang='grc' dir='ltr'>τῶν,</span> <span class='ocrx_word' id='word_1_815' title='bbox 1258 5148 1376 5204; x_wconf 87' lang='lat' dir='ltr'><strong>post</strong></span> <span class='ocrx_word' id='word_1_816' title='bbox 1417 5134 1532 5198; x_wconf 88' lang='grc' dir='ltr'>καί,</span> <span class='ocrx_word' id='word_1_817' title='bbox 1562 5137 1724 5209; x_wconf 72' lang='lat' dir='ltr'><strong>uiuit-</strong></span> 
     </span>
    </p>
   </div>
   <div class='ocr_carea' id='block_1_111' title="bbox 147 5199 1724 5270">
    <p class='ocr_par' dir='ltr' id='par_1_111' title="bbox 147 5199 1724 5270">
     <span class='ocr_line' id='line_1_116' title="bbox 147 5199 1724 5270; baseline 0.003 -18"><span class='ocrx_word' id='word_1_818' title='bbox 147 5200 204 5270; x_wconf 80' lang='lat' dir='ltr'><strong>tit</strong></span> <span class='ocrx_word' id='word_1_819' title='bbox 243 5199 315 5254; x_wconf 79' lang='grc' dir='ltr'><strong>Μ.</strong></span> <span class='ocrx_word' id='word_1_820' title='bbox 374 5201 431 5254; x_wconf 89' lang='lat'><strong>2.</strong></span> <span class='ocrx_word' id='word_1_821' title='bbox 465 5203 657 5256; x_wconf 85' lang='lat' dir='ltr'><strong>Servat</strong></span> <span class='ocrx_word' id='word_1_822' title='bbox 706 5202 822 5256; x_wconf 64' lang='lat' dir='ltr'><strong>base</strong></span> <span class='ocrx_word' id='word_1_823' title='bbox 867 5202 1040 5256; x_wconf 84' lang='lat' dir='ltr'><strong>Valla.</strong></span> <span class='ocrx_word' id='word_1_824' title='bbox 1086 5205 1237 5258; x_wconf 84' lang='lat' dir='ltr'><strong>Alter</strong></span> <span class='ocrx_word' id='word_1_825' title='bbox 1260 5199 1390 5270; x_wconf 80' lang='lat' dir='ltr'><strong>ergo</strong></span> <span class='ocrx_word' id='word_1_826' title='bbox 1422 5221 1485 5257; x_wconf 81' lang='lat' dir='ltr'><strong>ex</strong></span> <span class='ocrx_word' id='word_1_827' title='bbox 1531 5205 1724 5257; x_wconf 84' lang='lat' dir='ltr'><strong>scribis</strong></span> 
     </span>
    </p>
   </div>
   <div class='ocr_carea' id='block_1_112' title="bbox 147 5268 1724 5344">
    <p class='ocr_par' dir='ltr' id='par_1_112' title="bbox 147 5268 1724 5344">
     <span class='ocr_line' id='line_1_117' title="bbox 147 5268 1724 5344; baseline 0.005 -24"><span class='ocrx_word' id='word_1_828' title='bbox 147 5268 665 5344; x_wconf 21' lang='lat' dir='ltr'><strong>istorunrcodic‘um</strong></span> <span class='ocrx_word' id='word_1_829' title='bbox 715 5281 838 5344; x_wconf 78' lang='lat' dir='ltr'><strong>post</strong></span> <span class='ocrx_word' id='word_1_830' title='bbox 866 5274 924 5344; x_wconf 72' lang='grc' dir='ltr'><strong>ἦ,</strong></span> <span class='ocrx_word' id='word_1_831' title='bbox 973 5273 1109 5327; x_wconf 91' lang='lat' dir='ltr'><strong>alter</strong></span> <span class='ocrx_word' id='word_1_832' title='bbox 1157 5283 1278 5342; x_wconf 90' lang='lat' dir='ltr'><strong>post</strong></span> <span class='ocrx_word' id='word_1_833' title='bbox 1327 5268 1553 5344; x_wconf 71' lang='grc' dir='ltr'>ἕκαστα,</span> <span class='ocrx_word' id='word_1_834' title='bbox 1581 5289 1724 5342; x_wconf 72' lang='lat' dir='ltr'><strong>qum--</strong></span> 
     </span>
    </p>
   </div>
   <div class='ocr_carea' id='block_1_113' title="bbox 146 5341 1722 5414">
    <p class='ocr_par' dir='ltr' id='par_1_113' title="bbox 146 5341 1722 5414">
     <span class='ocr_line' id='line_1_118' title="bbox 146 5341 1722 5414; baseline 0.003 -20"><span class='ocrx_word' id='word_1_835' title='bbox 146 5341 255 5414; x_wconf 66' lang='lat' dir='ltr'><strong>{iam</strong></span> <span class='ocrx_word' id='word_1_836' title='bbox 278 5342 485 5414; x_wconf 72' lang='lat' dir='ltr'><strong>onusit,</strong></span> <span class='ocrx_word' id='word_1_837' title='bbox 522 5341 592 5414; x_wconf 91' lang='lat' dir='ltr'><strong>o_b</strong></span> <span class='ocrx_word' id='word_1_838' title='bbox 626 5341 1033 5414; x_wconf 78' lang='lat' dir='ltr'><strong>similitudinem</strong></span> <span class='ocrx_word' id='word_1_839' title='bbox 1070 5341 1453 5398; x_wconf 84' lang='lat' dir='ltr'><strong>membrorum.</strong></span> <span class='ocrx_word' id='word_1_840' title='bbox 1491 5341 1722 5414; x_wconf 82' lang='lat' dir='ltr'><strong>Vulgata</strong></span> 
     </span>
    </p>
   </div>
   <div class='ocr_carea' id='block_1_114' title="bbox 147 5406 1330 5482">
    <p class='ocr_par' dir='ltr' id='par_1_114' title="bbox 147 5406 1330 5482">
     <span class='ocr_line' id='line_1_119' title="bbox 147 5406 1330 5482; baseline 0.007 -22"><span class='ocrx_word' id='word_1_841' title='bbox 147 5406 271 5482; x_wconf 61' lang='lat' dir='ltr'><strong>bene</strong></span> <span class='ocrx_word' id='word_1_842' title='bbox 294 5406 482 5482; x_wconf 84' lang='lat' dir='ltr'><strong>habet.</strong></span> <span class='ocrx_word' id='word_1_843' title='bbox 521 5411 735 5482; x_wconf 81' lang='lat' dir='ltr'><strong>Triplex</strong></span> <span class='ocrx_word' id='word_1_844' title='bbox 776 5415 920 5466; x_wconf 90' lang='lat' dir='ltr'><strong>enim</strong></span> <span class='ocrx_word' id='word_1_845' title='bbox 972 5416 1198 5481; x_wconf 66' lang='lat' dir='ltr'><strong>quaestio</strong></span> <span class='ocrx_word' id='word_1_846' title='bbox 1229 5424 1330 5468; x_wconf 87' lang='lat' dir='ltr'><strong>est.</strong></span> 
     </span>
    </p>
   </div>
   <div class='ocr_carea' id='block_1_115' title="bbox 208 5479 1719 5602">
    <p class='ocr_par' dir='ltr' id='par_1_115' title="bbox 208 5479 1719 5602">
     <span class='ocr_line' id='line_1_120' title="bbox 208 5479 1719 5602; baseline 0.003 -69"><span class='ocrx_word' id='word_1_847' title='bbox 208 5479 317 5602; x_wconf 66' lang='lat'>(78)</span> <span class='ocrx_word' id='word_1_848' title='bbox 345 5481 453 5547; x_wconf 72' lang='grc' dir='ltr'><strong>Εἰς</strong></span> <span class='ocrx_word' id='word_1_849' title='bbox 481 5479 632 5548; x_wconf 70' lang='grc' dir='ltr'>τρία.</span> <span class='ocrx_word' id='word_1_850' title='bbox 671 5482 763 5536; x_wconf 91' lang='lat' dir='ltr'><strong>His</strong></span> <span class='ocrx_word' id='word_1_851' title='bbox 779 5479 1255 5566; x_wconf 29' lang='lat' dir='ltr'><strong>similiagleg‘untur.</strong></span> <span class='ocrx_word' id='word_1_852' title='bbox 1282 5483 1423 5553; x_wconf 90' lang='lat' dir='ltr'><strong>apud</strong></span> <span class='ocrx_word' id='word_1_853' title='bbox 1448 5483 1719 5564; x_wconf 78' lang='lat' dir='ltr'><strong>Plutarcb.</strong></span> 
     </span>
     <span class='ocr_line' id='line_1_121' title="bbox 238 5550 1719 5602; baseline 0 0"><span class='ocrx_word' id='word_1_854' title='bbox 238 5550 274 5602; x_wconf 89' lang='lat' dir='ltr'><strong>I.</strong></span> <span class='ocrx_word' id='word_1_855' title='bbox 310 5567 367 5602; x_wconf 82' lang='grc' dir='ltr'>ι).</span> <span class='ocrx_word' id='word_1_856' title='bbox 392 5551 520 5602; x_wconf 84' lang='lat'><strong>572.</strong></span> <span class='ocrx_word' id='word_1_857' title='bbox 556 5552 758 5602; x_wconf 85' lang='lat' dir='ltr'><strong>Locum</strong></span> <span class='ocrx_word' id='word_1_858' title='bbox 791 5551 1032 5602; x_wconf 73' lang='lat' dir='ltr'><strong>Platonis</strong></span> <span class='ocrx_word' id='word_1_859' title='bbox 1065 5555 1412 5602; x_wconf 81' lang='lat' dir='ltr'><strong>tlluslrlorem</strong></span> <span class='ocrx_word' id='word_1_860' title='bbox 1450 5553 1516 5602; x_wconf 83' lang='lat' dir='ltr'><strong>de</strong></span> <span class='ocrx_word' id='word_1_861' title='bbox 1545 5570 1719 5602; x_wconf 63' lang='grc' dir='ltr'>ιιι-οτι-</span> 
     </span>
    </p>
   </div>
   <div class='ocr_carea' id='block_1_116' title="bbox 148 5550 1725 5624">
    <p class='ocr_par' dir='ltr' id='par_1_116' title="bbox 148 5550 1725 5624">
     <span class='ocr_line' id='line_1_122' title="bbox 148 5550 1725 5624; baseline 0.002 -21"><span class='ocrx_word' id='word_1_862' title='bbox 148 5554 182 5624; x_wconf 78' lang='lat' dir='ltr'><strong>t_.</strong></span> <span class='ocrx_word' id='word_1_863' title='bbox 215 5550 275 5624; x_wconf 79' lang='grc' dir='ltr'><strong>ΙΙ,</strong></span> <span class='ocrx_word' id='word_1_864' title='bbox 297 5550 367 5624; x_wconf 63' lang='grc'><strong>⁷1).</strong></span> <span class='ocrx_word' id='word_1_865' title='bbox 392 5551 520 5607; x_wconf 83' lang='lat'><strong>572.</strong></span> <span class='ocrx_word' id='word_1_866' title='bbox 555 5552 758 5624; x_wconf 83' lang='lat' dir='ltr'><strong>Locum</strong></span> <span class='ocrx_word' id='word_1_867' title='bbox 791 5550 1412 5624; x_wconf 33' lang='lat' dir='ltr'><strong>Platonisfilluslrior‘em</strong></span> <span class='ocrx_word' id='word_1_868' title='bbox 1450 5553 1516 5608; x_wconf 93' lang='lat' dir='ltr'><strong>de</strong></span> <span class='ocrx_word' id='word_1_869' title='bbox 1545 5554 1725 5624; x_wconf 69' lang='lat' dir='ltr'><strong>provi-</strong></span> 
     </span>
    </p>
   </div>
   <div class='ocr_carea' id='block_1_117' title="bbox 149 5617 1725 5693">
    <p class='ocr_par' dir='ltr' id='par_1_117' title="bbox 149 5617 1725 5693">
     <span class='ocr_line' id='line_1_123' title="bbox 149 5617 1725 5693; baseline 0.005 -25"><span class='ocrx_word' id='word_1_870' title='bbox 149 5617 335 5693; x_wconf 53' lang='lat' dir='ltr'><strong>tientia:</strong></span> <span class='ocrx_word' id='word_1_871' title='bbox 351 5621 530 5693; x_wconf 79' lang='lat' dir='ltr'><strong>laudat</strong></span> <span class='ocrx_word' id='word_1_872' title='bbox 571 5623 733 5693; x_wconf 88' lang='lat' dir='ltr'><strong>eliam</strong></span> <span class='ocrx_word' id='word_1_873' title='bbox 792 5621 988 5678; x_wconf 87' lang='lat' dir='ltr'><strong>Euseb.</strong></span> <span class='ocrx_word' id='word_1_874' title='bbox 1029 5623 1272 5691; x_wconf 65' lang='lat' dir='ltr'><strong>Praepar.</strong></span> <span class='ocrx_word' id='word_1_875' title='bbox 1310 5641 1490 5692; x_wconf 81' lang='lat' dir='ltr'><strong>evang.</strong></span> <span class='ocrx_word' id='word_1_876' title='bbox 1533 5617 1584 5693; x_wconf 66' lang='grc' dir='ltr'><strong>εἰ.</strong></span> <span class='ocrx_word' id='word_1_877' title='bbox 1621 5625 1725 5678; x_wconf 77' lang='lat'><strong>650</strong></span> 
     </span>
    </p>
   </div>
   <div class='ocr_carea' id='block_1_118' title="bbox 150 5691 1723 5765">
    <p class='ocr_par' dir='ltr' id='par_1_118' title="bbox 150 5691 1723 5765">
     <span class='ocr_line' id='line_1_124' title="bbox 150 5691 1723 5765; baseline 0.004 -24"><span class='ocrx_word' id='word_1_878' title='bbox 150 5702 284 5760; x_wconf 69' lang='lat' dir='ltr'><strong>seqq.</strong></span> <span class='ocrx_word' id='word_1_879' title='bbox 316 5691 520 5748; x_wconf 80' lang='lat' dir='ltr'><strong>Ibidem</strong></span> <span class='ocrx_word' id='word_1_880' title='bbox 565 5706 618 5762; x_wconf 89' lang='lat' dir='ltr'><strong>p.</strong></span> <span class='ocrx_word' id='word_1_881' title='bbox 663 5692 770 5746; x_wconf 61' lang='lat'><strong>2&amp;9</strong></span> <span class='ocrx_word' id='word_1_882' title='bbox 830 5693 979 5748; x_wconf 87' lang='lat' dir='ltr'><strong>locus</strong></span> <span class='ocrx_word' id='word_1_883' title='bbox 1027 5704 1105 5749; x_wconf 81' lang='lat' dir='ltr'><strong>est</strong></span> <span class='ocrx_word' id='word_1_884' title='bbox 1139 5695 1386 5765; x_wconf 82' lang='lat' dir='ltr'><strong>egregius</strong></span> <span class='ocrx_word' id='word_1_885' title='bbox 1432 5691 1497 5750; x_wconf 83' lang='lat' dir='ltr'><strong>de</strong></span> <span class='ocrx_word' id='word_1_886' title='bbox 1534 5691 1723 5750; x_wconf 70' lang='lat' dir='ltr'><strong>rerum</strong></span> 
     </span>
    </p>
   </div>
   <div class='ocr_carea' id='block_1_119' title="bbox 1896 4990 3416 5065">
    <p class='ocr_par' dir='ltr' id='par_1_119' title="bbox 1896 4990 3416 5065">
     <span class='ocr_line' id='line_1_125' title="bbox 1896 4990 3416 5065; baseline -0.005 -16"><span class='ocrx_word' id='word_1_887' title='bbox 1896 4995 2007 5065; x_wconf 88' lang='lat'>(86)</span> <span class='ocrx_word' id='word_1_888' title='bbox 2052 4995 2197 5061; x_wconf 84' lang='grc' dir='ltr'>Τοὺς</span> <span class='ocrx_word' id='word_1_889' title='bbox 2242 4996 2348 5048; x_wconf 83' lang='grc' dir='ltr'><strong>τὸν</strong></span> <span class='ocrx_word' id='word_1_890' title='bbox 2370 4995 2649 5062; x_wconf 76' lang='grc' dir='ltr'>οὐρανόν.</span> <span class='ocrx_word' id='word_1_891' title='bbox 2678 4992 2816 5065; x_wconf 71' lang='grc' dir='ltr'>Τοὺς</span> <span class='ocrx_word' id='word_1_892' title='bbox 2846 5007 2888 5065; x_wconf 86' lang='lat' dir='ltr'><strong>a_</strong></span> <span class='ocrx_word' id='word_1_893' title='bbox 2918 5006 3026 5045; x_wconf 81' lang='lat' dir='ltr'><strong>rec.</strong></span> <span class='ocrx_word' id='word_1_894' title='bbox 3057 5007 3201 5065; x_wconf 84' lang='lat' dir='ltr'><strong>t_nau.</strong></span> <span class='ocrx_word' id='word_1_895' title='bbox 3237 4990 3416 5044; x_wconf 88' lang='lat' dir='ltr'><strong>inser-</strong></span> 
     </span>
    </p>
   </div>
   <div class='ocr_carea' id='block_1_120' title="bbox 1826 5061 3180 5132">
    <p class='ocr_par' dir='ltr' id='par_1_120' title="bbox 1826 5061 3180 5132">
     <span class='ocr_line' id='line_1_126' title="bbox 1826 5061 3180 5132; baseline -0.004 -13"><span class='ocrx_word' id='word_1_896' title='bbox 1826 5073 1961 5127; x_wconf 84' lang='lat' dir='ltr'><strong>tum,</strong></span> <span class='ocrx_word' id='word_1_897' title='bbox 1991 5061 2060 5120; x_wconf 47' lang='lat' dir='ltr'><strong>&#39;D.</strong></span> <span class='ocrx_word' id='word_1_898' title='bbox 2096 5067 2147 5119; x_wconf 88' lang='lat'><strong>1.</strong></span> <span class='ocrx_word' id='word_1_899' title='bbox 2188 5066 2352 5121; x_wconf 87' lang='lat' dir='ltr'><strong>Paulo</strong></span> <span class='ocrx_word' id='word_1_900' title='bbox 2390 5061 2515 5119; x_wconf 83' lang='lat' dir='ltr'><strong>ante</strong></span> <span class='ocrx_word' id='word_1_901' title='bbox 2546 5063 2828 5132; x_wconf 81' lang='grc' dir='ltr'>δευτέρους</span> <span class='ocrx_word' id='word_1_902' title='bbox 2845 5062 3012 5122; x_wconf 86' lang='lat' dir='ltr'><strong>abest,</strong></span> <span class='ocrx_word' id='word_1_903' title='bbox 3047 5061 3180 5132; x_wconf 69' lang='lat' dir='ltr'><strong>Qun.</strong></span> 
     </span>
    </p>
   </div>
   <div class='ocr_carea' id='block_1_121' title="bbox 1897 5128 3414 5206">
    <p class='ocr_par' dir='ltr' id='par_1_121' title="bbox 1897 5128 3414 5206">
     <span class='ocr_line' id='line_1_127' title="bbox 1897 5128 3414 5206; baseline -0.007 -16"><span class='ocrx_word' id='word_1_904' title='bbox 1897 5137 2011 5206; x_wconf 87' lang='lat'>(87)</span> <span class='ocrx_word' id='word_1_905' title='bbox 2045 5136 2154 5190; x_wconf 87' lang='grc' dir='ltr'><strong>Καὶ</strong></span> <span class='ocrx_word' id='word_1_906' title='bbox 2182 5137 2610 5203; x_wconf 79' lang='grc' dir='ltr'>Ἀριστοτέλης.</span> <span class='ocrx_word' id='word_1_907' title='bbox 2653 5128 2760 5184; x_wconf 66' lang='grc' dir='ltr'>καί</span> <span class='ocrx_word' id='word_1_908' title='bbox 2806 5132 3006 5185; x_wconf 89' lang='lat' dir='ltr'><strong>omittit</strong></span> <span class='ocrx_word' id='word_1_909' title='bbox 3053 5131 3185 5185; x_wconf 77' lang='lat' dir='ltr'><strong>\‘all.</strong></span> <span class='ocrx_word' id='word_1_910' title='bbox 3234 5128 3414 5182; x_wconf 77' lang='lat' dir='ltr'><strong>Malim</strong></span> 
     </span>
    </p>
   </div>
   <div class='ocr_carea' id='block_1_122' title="bbox 1827 5207 2411 5272">
    <p class='ocr_par' dir='ltr' id='par_1_122' title="bbox 1827 5207 2411 5272">
     <span class='ocr_line' id='line_1_128' title="bbox 1827 5207 2411 5272; baseline -0.009 -11"><span class='ocrx_word' id='word_1_911' title='bbox 1827 5215 1883 5261; x_wconf 88' lang='lat' dir='ltr'><strong>et</strong></span> <span class='ocrx_word' id='word_1_912' title='bbox 1909 5207 2022 5272; x_wconf 88' lang='lat' dir='ltr'><strong>ipse</strong></span> <span class='ocrx_word' id='word_1_913' title='bbox 2053 5207 2102 5258; x_wconf 89' lang='lat' dir='ltr'><strong>id</strong></span> <span class='ocrx_word' id='word_1_914' title='bbox 2142 5211 2411 5259; x_wconf 86' lang='lat' dir='ltr'><strong>omittere.</strong></span> 
     </span>
    </p>
   </div>
   <div class='ocr_carea' id='block_1_123' title="bbox 1898 5268 3342 5352">
    <p class='ocr_par' dir='ltr' id='par_1_123' title="bbox 1898 5268 3342 5352">
     <span class='ocr_line' id='line_1_129' title="bbox 1898 5268 3342 5352; baseline 0 0"><span class='ocrx_word' id='word_1_915' title='bbox 1898 5268 2010 5352; x_wconf 58' lang='grc' dir='ltr'>(ἓξ)</span> <span class='ocrx_word' id='word_1_916' title='bbox 2035 5273 2173 5352; x_wconf 59' lang='grc' dir='ltr'><strong>ζῶε</strong></span> <span class='ocrx_word' id='word_1_917' title='bbox 2192 5273 2520 5352; x_wconf 70' lang='grc' dir='ltr'><strong>πρακξέων-</strong></span> <span class='ocrx_word' id='word_1_918' title='bbox 2541 5270 2970 5352; x_wconf 54' lang='grc' dir='ltr'><strong>τετανξρακῖῶνι</strong></span> <span class='ocrx_word' id='word_1_919' title='bbox 3004 5272 3066 5351; x_wconf 75' lang='lat'><strong>0.-</strong></span> <span class='ocrx_word' id='word_1_920' title='bbox 3107 5268 3342 5352; x_wconf 51' lang='grc' dir='ltr'><strong>κέλ-,2ο</strong></span> 
     </span>
    </p>
   </div>
   <div class='ocr_carea' id='block_1_124' title="bbox 1898 5339 3407 5412">
    <p class='ocr_par' dir='ltr' id='par_1_124' title="bbox 1898 5339 3407 5412">
     <span class='ocr_line' id='line_1_130' title="bbox 1898 5339 3407 5412; baseline -0.003 -13"><span class='ocrx_word' id='word_1_921' title='bbox 1898 5339 2008 5411; x_wconf 84' lang='grc'>(89)</span> <span class='ocrx_word' id='word_1_922' title='bbox 2054 5339 2286 5410; x_wconf 80' lang='grc' dir='ltr'><em>Τάξεώς</em></span> <span class='ocrx_word' id='word_1_923' title='bbox 2306 5343 2418 5412; x_wconf 83' lang='grc' dir='ltr'>τῆς</span> <span class='ocrx_word' id='word_1_924' title='bbox 2454 5341 2624 5396; x_wconf 81' lang='grc' dir='ltr'>κατά.</span> <span class='ocrx_word' id='word_1_925' title='bbox 2672 5339 2811 5404; x_wconf 79' lang='grc' dir='ltr'>Τῶν,</span> <span class='ocrx_word' id='word_1_926' title='bbox 2848 5342 2965 5412; x_wconf 87' lang='lat' dir='ltr'><strong>loco</strong></span> <span class='ocrx_word' id='word_1_927' title='bbox 2999 5342 3121 5411; x_wconf 80' lang='grc' dir='ltr'>τῆς,</span> <span class='ocrx_word' id='word_1_928' title='bbox 3164 5342 3223 5393; x_wconf 82' lang='grc' dir='ltr'>ι).</span> <span class='ocrx_word' id='word_1_929' title='bbox 3257 5339 3308 5402; x_wconf 90' lang='lat'><strong>1,</strong></span> <span class='ocrx_word' id='word_1_930' title='bbox 3341 5340 3407 5394; x_wconf 85' lang='lat' dir='ltr'><strong>A.</strong></span> 
     </span>
    </p>
   </div>
   <div class='ocr_carea' id='block_1_125' title="bbox 1829 5411 3050 5476">
    <p class='ocr_par' dir='ltr' id='par_1_125' title="bbox 1829 5411 3050 5476">
     <span class='ocr_line' id='line_1_131' title="bbox 1829 5411 3050 5476; baseline 0 -8"><span class='ocrx_word' id='word_1_931' title='bbox 1829 5414 1884 5476; x_wconf 85' lang='lat'><strong>2,</strong></span> <span class='ocrx_word' id='word_1_932' title='bbox 1904 5413 2147 5468; x_wconf 63' lang='lat' dir='ltr'><strong>COIIJEI</strong></span> <span class='ocrx_word' id='word_1_933' title='bbox 2173 5418 2237 5469; x_wconf 91' lang='lat' dir='ltr'><strong>ad</strong></span> <span class='ocrx_word' id='word_1_934' title='bbox 2267 5415 2550 5468; x_wconf 89' lang='lat' dir='ltr'><strong>videndum</strong></span> <span class='ocrx_word' id='word_1_935' title='bbox 2593 5413 2858 5475; x_wconf 89' lang='lat' dir='ltr'><strong>ordinem,</strong></span> <span class='ocrx_word' id='word_1_936' title='bbox 2885 5411 3050 5468; x_wconf 65' lang='lat' dir='ltr'><strong>iVaIl.</strong></span> 
     </span>
    </p>
   </div>
   <div class='ocr_carea' id='block_1_126' title="bbox 1900 5480 3411 5556">
    <p class='ocr_par' dir='ltr' id='par_1_126' title="bbox 1900 5480 3411 5556">
     <span class='ocr_line' id='line_1_132' title="bbox 1900 5480 3411 5556; baseline -0.005 -17"><span class='ocrx_word' id='word_1_937' title='bbox 1900 5485 2010 5556; x_wconf 83' lang='lat'>(90)</span> <span class='ocrx_word' id='word_1_938' title='bbox 2040 5486 2147 5556; x_wconf 75' lang='lat' dir='ltr'><strong>Kal</strong></span> <span class='ocrx_word' id='word_1_939' title='bbox 2177 5483 2294 5537; x_wconf 76' lang='grc' dir='ltr'>τῶν</span> <span class='ocrx_word' id='word_1_940' title='bbox 2318 5485 2547 5556; x_wconf 74' lang='grc' dir='ltr'>τούτοις</span> <span class='ocrx_word' id='word_1_941' title='bbox 2581 5482 3003 5556; x_wconf 64' lang='grc' dir='ltr'>ἀντικειμένων</span> <span class='ocrx_word' id='word_1_942' title='bbox 3022 5511 3091 5556; x_wconf 68' lang='grc' dir='ltr'><strong>τ-</strong></span> <span class='ocrx_word' id='word_1_943' title='bbox 3125 5480 3411 5556; x_wconf 52' lang='lat' dir='ltr'><strong>«peiora-</strong></span> 
     </span>
    </p>
   </div>
   <div class='ocr_carea' id='block_1_127' title="bbox 1827 5551 3410 5621">
    <p class='ocr_par' dir='ltr' id='par_1_127' title="bbox 1827 5551 3410 5621">
     <span class='ocr_line' id='line_1_133' title="bbox 1827 5551 3410 5621; baseline -0.004 -13"><span class='ocrx_word' id='word_1_944' title='bbox 1827 5551 2000 5608; x_wconf 58' lang='grc' dir='ltr'>σθαι.</span> <span class='ocrx_word' id='word_1_945' title='bbox 2022 5555 2165 5609; x_wconf 84' lang='lat' dir='ltr'><strong>Valla</strong></span> <span class='ocrx_word' id='word_1_946' title='bbox 2202 5557 2314 5608; x_wconf 74' lang='lat' dir='ltr'><strong>bazc</strong></span> <span class='ocrx_word' id='word_1_947' title='bbox 2336 5553 2535 5606; x_wconf 74' lang='lat' dir='ltr'><strong>itazcEt</strong></span> <span class='ocrx_word' id='word_1_948' title='bbox 2561 5555 2644 5607; x_wconf 87' lang='lat' dir='ltr'><strong>bis</strong></span> <span class='ocrx_word' id='word_1_949' title='bbox 2665 5552 2828 5605; x_wconf 86' lang='lat' dir='ltr'><strong>etiam</strong></span> <span class='ocrx_word' id='word_1_950' title='bbox 2858 5551 3097 5621; x_wconf 87' lang='lat' dir='ltr'><strong>opposita</strong></span> <span class='ocrx_word' id='word_1_951' title='bbox 3127 5554 3194 5604; x_wconf 86' lang='lat' dir='ltr'><strong>ab</strong></span> <span class='ocrx_word' id='word_1_952' title='bbox 3222 5551 3410 5621; x_wconf 85' lang='lat' dir='ltr'><strong>iisdem</strong></span> 
     </span>
    </p>
   </div>
   <div class='ocr_carea' id='block_1_128' title="bbox 1827 5619 3410 5690">
    <p class='ocr_par' dir='ltr' id='par_1_128' title="bbox 1827 5619 3410 5690">
     <span class='ocr_line' id='line_1_134' title="bbox 1827 5619 3410 5690; baseline -0.003 -13"><span class='ocrx_word' id='word_1_953' title='bbox 1827 5625 1940 5677; x_wconf 88' lang='lat' dir='ltr'><strong>vult</strong></span> <span class='ocrx_word' id='word_1_954' title='bbox 1964 5623 2353 5678; x_wconf 85' lang='lat' dir='ltr'><strong>administrari.</strong></span> <span class='ocrx_word' id='word_1_955' title='bbox 2377 5621 2616 5677; x_wconf 79' lang='lat' dir='ltr'><strong>Tertiam</strong></span> <span class='ocrx_word' id='word_1_956' title='bbox 2649 5637 2776 5677; x_wconf 69' lang='lat' dir='ltr'><strong>vero</strong></span> <span class='ocrx_word' id='word_1_957' title='bbox 2800 5619 2985 5680; x_wconf 79' lang='lat' dir='ltr'><strong>delinit</strong></span> <span class='ocrx_word' id='word_1_958' title='bbox 3032 5621 3183 5677; x_wconf 81' lang='lat' dir='ltr'><strong>Plato</strong></span> <span class='ocrx_word' id='word_1_959' title='bbox 3222 5619 3410 5690; x_wconf 80' lang='lat' dir='ltr'><strong>provi-</strong></span> 
     </span>
    </p>
   </div>
   <div class='ocr_carea' id='block_1_129' title="bbox 1829 5695 2642 5764">
    <p class='ocr_par' dir='ltr' id='par_1_129' title="bbox 1829 5695 2642 5764">
     <span class='ocr_line' id='line_1_135' title="bbox 1829 5695 2642 5764; baseline 0 -14"><span class='ocrx_word' id='word_1_960' title='bbox 1829 5695 2089 5764; x_wconf 81' lang='lat' dir='ltr'><strong>dentiam,</strong></span> <span class='ocrx_word' id='word_1_961' title='bbox 2131 5695 2216 5750; x_wconf 90' lang='lat' dir='ltr'><strong>cui</strong></span> <span class='ocrx_word' id='word_1_962' title='bbox 2245 5705 2642 5764; x_wconf 63' lang='lat' dir='ltr'><strong>praecsse,»etc.</strong></span> 
     </span>
    </p>
   </div>
  </div>
