3858 6304
181 317 276 373 801

1430 301 1516 377 DE
1557 323 1842 382 NATURA
1884 325 2188 384 HOMINIS.

3261 363 3274 368 κ
3341 339 3449 398 802

179 450 289 496 τος,
336 433 417 497 ὡς
463 434 658 506 σωρός.
694 435 878 506 Σωροῦ
903 426 1018 506 ἡμὲν
1067 435 1180 506 (47)
1217 437 1324 506 γὰρ
1353 437 1454 490 κᾶν
1495 438 1587 491 δύο
1622 440 1750 509 μεδί·

1874 443 2014 509 quod
2057 443 2399 515 relinquitur,
2441 459 2666 504 acervus
2698 459 2798 506 est.
2850 451 2982 507 ltem
3037 453 3349 510 beatitudini
3395 459 3448 512 in
3499 447 3502 452 ’

181 541 343 594 μνους
383 524 698 598 ἁφέλῃς,τδ
727 525 1045 597 λειπόμενον
1097 527 1248 598 μένει
1291 529 1497 599 σωρός·
1533 531 1627 582 καὶ
1672 531 1750 600 τῆ‹

1873 535 2157 592 latitudine
2204 536 2490 592 intellecta:
2551 539 2596 594 si
2632 542 2931 598 detraxeris
2972 547 3216 615 corporis
3272 558 3328 604 et
3360 563 3450 604 ex-

184 614 314 667 ιατὰ
347 615 554 680 πλάτος
592 615 647 668 δὲ
679 616 1084 688 μακαριότητος
1101 616 1214 687 (48)
1253 617 1321 671 ἂν
1363 618 1568 692 ἀφέλῃς
1608 620 1675 674 τά
1710 637 1770 672 τε

1873 633 2025 679 terna
2057 625 2219 693 bona,
2257 626 2508 696 solasque
2541 628 2767 685 virtutes
2803 632 3107 702 reliqueris,
3175 636 3451 692 nihilomi~

184 705 265 759 ςοῦ
297 705 556 778 σώματος
579 709 674 762 καὶ
696 709 767 762 τὰ
789 709 896 762 τῶν
921 709 1081 772 ἐκτὸς
1101 709 1213 779 (49)
1238 710 1439 780 ἀγαθὰ,
1467 712 1750 783 καταλίπῃς

1872 733 1972 770 nus
2006 717 2281 772 beatitudo
2306 729 2511 783 manet,
2549 720 2770 791 ipsaque
2797 725 2910 778 sola
2935 726 3104 781 virtus
3141 742 3199 783 se
3232 729 3346 798 ipsa
3379 731 3448 784 ad

172 798 227 852 δὲ
260 800 432 870 μόνας
470 800 570 865 τάς
596 803 821 874 ἀρετὰς,
867 803 1018 875 μένει
1057 806 1151 858 καὶ
1174 806 1287 876 (50)
1319 807 1460 859 οὕτω
1494 806 1555 859 τὸ
1588 808 1767 877 μακά-

176 908 325 960 ριονο
361 893 396 962 ἡ
424 893 536 965 γάρ
578 895 750 966 ἀρετὴ
797 895 894 948 καὶ
941 895 1062 949 καθ’
1097 897 1298 968 ἑαυτὴν
1333 897 1616 968 αὐτάρκης
1651 899 1768 952 ἐστὶ

175 985 313 1055 πρὸς
360 987 731 1058 εὐδαιμονίαν.
769 991 884 1054 Πᾶς
933 985 1026 1044 οὖν
1076 990 1282 1059 ἀγαθὸς
1331 991 1622 1062 μακάριος,
1673 993 1767 1046 καὶ

175 1077 282 1138 πᾶς
308 1077 481 1141 κακὸς
509 1077 714 1142 ἄθλιος,
745 1079 848 1132 κᾶν
877 1080 1055 1134 πάντα
1103 1081 1404 1152 συλλήϐδην
1427 1082 1539 1152 (51)
1572 1081 1670 1153 ἔχῃ
1696 1081 1767 1135 τὰ

173 1167 448 1238 λεγόμενα
495 1171 594 1240 τῆς
641 1170 809 1240 τύχης
849 1171 1048 1240 ἀγαθά.
1090 1174 1264 1242 Ὅπερ
1309 1173 1628 1241 ἀγνοοῦντες
1650 1173 1762 1243 (52)

172 1263 218 1313 οί
258 1261 470 1324 πολλοὶ,
505 1263 695 1332 μόνους
727 1265 1031 1334 μακαρίους
1055 1259 1192 1316 εἶναι
1215 1265 1493 1335 νομίζουσι
1513 1265 1622 1336 (55)
1639 1267 1764 1328 τοὺς

175 1351 567 1420 σωματοῦντάς
597 1370 653 1405 τε
683 1354 778 1407 καὶ
799 1353 1184 1418 πλουτοῦντας.
1211 1355 1302 1406 Διὸ
1335 1353 1638 1426 μέμφονται
1663 1355 1762 1425 τὴν

174 1443 460 1512 πρόνοιαν,
485 1443 586 1514 τὴν
608 1443 668 1496 οὑ
698 1443 856 1514 μόνον
880 1447 944 1498 ὲκ
959 1445 1068 1498 τῶν
1084 1445 1424 1516 φαινομένων
1448 1444 1759 1500 διοικοῦσαν

169 1536 238 1588 τά
271 1534 399 1587 καθ’
445 1537 596 1606 ἡμᾶς
629 1535 766 1606 (54),
796 1535 933 1589 ἀλλὰ
967 1537 1058 1589 καὶ
1084 1537 1225 1588 κατὰ
1256 1536 1354 1607 τὴν
1385 1537 1593 1590 οίκείαν
1627 1537 1761 1608 πρό-

171 1643 400 1693 γνωσιν.
446 1627 620 1691 Εἰδὼς
652 1627 760 1699 γὰρ
792 1630 821 1682 ὁ
849 1627 1002 1692 Θεὸς,
1032 1629 1113 1682 ὅτι
1145 1629 1223 1700 τῷ
1254 1629 1350 1683 νῦν
1385 1629 1608 1700 χρηστῷ
1644 1630 1756 1698 (55)

1871 803 2026 858 beate
2064 805 2347 860 vivendum
2389 817 2642 864 contenta
2705 807 2808 866 esti
2863 811 3050 870 Omnis
3094 831 3225 886 ergo
3274 816 3447 873 bonus

1829 939 1835 948 .
1868 893 2084 958 beatus,
2122 903 2177 949 et
2223 896 2401 950 omnis
2434 899 2712 968 improbus
2787 902 2972 968 miser,
3015 906 3224 961 etiamsi
3262 907 3444 964 omni-

1867 984 1968 1038 bus
1991 1000 2210 1053 prorsus
2233 987 2465 1046 fortunae
2491 991 2679 1059 bonis,
2705 1011 2826 1065 qua:
2865 999 3139 1066 dicuntur,
3177 1002 3436 1056 abundet.

1867 1073 1996 1140 Qua:
2040 1093 2160 1131 cum
2216 1081 2502 1137 multitudo
2559 1085 2794 1154 ignoret,
2835 1089 2978 1144 solos
3017 1091 3207 1146 beatos
3257 1094 3437 1156 ducit,

1866 1168 1958 1236 qui
1986 1178 2039 1222 et
2074 1184 2300 1238 corpore
2345 1174 2511 1240 probe
2544 1175 2653 1229 sint
2691 1177 2868 1233 affecti
2896 1191 2951 1234 et
2989 1181 3212 1250 copiosi.
3258 1181 3440 1248 Quare

1863 1259 2256 1326 providentiam
2297 1265 2715 1332 reprehendunt,
2764 1283 2884 1337 quae
2927 1269 3304 1342 (providentia)
3355 1289 3440 1328 res

1864 1346 2129 1404 humanas
2160 1365 2265 1404 non
2307 1351 2482 1406 solum
2530 1367 2598 1407 ex
2637 1354 2742 1421 his,
2789 1372 2910 1425 qua:
2953 1361 3201 1414 sensibus
3243 1371 3438 1415 notan-

1863 1443 1971 1500 tur,
2001 1439 2096 1492 sed
2124 1441 2288 1494 etiam
2320 1457 2382 1496 ex
2428 1459 2523 1497 sua
2555 1454 2610 1499 et
2645 1449 2858 1517 propria
2891 1450 3312 1520 prazcognitione
3342 1452 3439 1504 ad-

1862 1529 2154 1584 ministrat.
2200 1530 2336 1586 Cum
2370 1535 2514 1588 enim
2559 1535 2697 1590 Deus
2737 1554 2842 1591 non
2873 1540 3101 1606 nesciat,
3142 1540 3282 1594 bono
3317 1541 3437 1596 viro

1858 1618 2114 1686 expedire
2158 1634 2446 1691 pauperem
2486 1639 2627 1687 esse,
2671 1624 2894 1696 ejusque
2938 1643 3156 1683 sensum
3191 1645 3341 1700 opes,
3386 1633 3434 1687 si

168 1720 262 1772 καὶ
294 1719 492 1789 ἀγαθῷ
547 1719 816 1791 συμφέρει
869 1719 1148 1785 πένεσθαι,
1194 1721 1289 1774 κα)⁹
1337 1721 1418 1773 ὅτι
1454 1720 1750 1792 διαφθείρει

1868 1709 2077 1775 dentur,
2130 1711 2540 1781 depravaturas,
2593 1715 2796 1770 utiliter
2847 1732 2969 1771 eum
3023 1718 3075 1771 in
3118 1729 3437 1788 paupertate

167 1811 266 1880 τὴν
295 1787 530 1883 γνώμην
563 1787 743 1865 αῦτοῦν
765 1809 990 1874 πλοῦτος
1023 1811 1373 1872 ἐπεισελθὼν.
1413 1812 1471 1864 ὲν
1496 1787 1567 1882 τῇ
1598 1787 1750 1883 πενίᾳ

1868 1798 1991 1852 sinit
2020 1800 2240 1856 vivere:
2276 1812 2367 1867 at,
2405 1803 2496 1873 qui
2533 1805 2819 1871 opulentus
2853 1818 2956 1871 est,
2993 1824 3138 1879 srepc
3171 1787 3435 1880 importu-

169 1897 436 1966 φυλάττει
470 1900 857 1970 συμφερόντως
889 1899 1052 1955 αὐτόν
1071 1918 1082 1930 ο
1106 1899 1262 1964 εἰδὼς
1283 1900 1360 1966 δὲ,
1387 1901 1646 1964 πολλάκις
1668 1901 1773 1973 τὸν,

168 1989 434 2043 πλούσιον
472 1991 583 2060 (56)
633 1990 1012 2062 χαλεπώτερον
1057 1992 1332 2063 ἐσόμενον,
1384 1993 1432 2044 εί
1481 1991 1759 2046 σπανίσειε

163 2082 470 2152 χρημάτων
498 2081 795 2152 (λῃστείαις
816 2081 924 2152 γάρ
953 2084 1354 2152 ἐπιχειρήσειεν
1378 2082 1519 2154 (57),
1546 2082 1578 2152 ἢ
1611 2100 1760 2153 μιαι-

163 2173 404 2242 φονίαις,
436 2174 470 2244 ἡ
502 2189 644 2226 τισιν
683 2173 866 2236 ἄλλοις
899 2174 1012 2245 (58)
1047 2173 1256 2244 μείζοσι
1293 2175 1528 2240 κακοῖς),
1563 2176 1627 2245 ἑᾷ
1665 2175 1759 2229 τὸν

163 2253 403 2315 πλοῦτον
422 2263 638 2334 καρποῦ
647 2264 789 2318 σθαι.
809 2263 1020 2320 Οὐκοῦν
1035 2265 1194 2318 πενία
1214 2263 1473 2329 πολλάκις
1495 2266 1624 2336 ἡμῖν
1642 2265 1755 2336 (59)

162 2356 543 2428 ἐλυσιτέλησε,
601 2358 696 2411 καὶ
752 2358 920 2412 τέκνα
969 2357 1158 2428 θάψαι,
1216 2358 1311 2412 καὶ
1364 2361 1555 2428 φυγεῖν
1613 2357 1758 2410 οἰκέ-

161 2465 262 2510 τας
282 2465 296 2478 ’
330 2448 641 2520 πικροτέρα
671 2449 778 2520 γὰρ
806 2449 905 2519 τῆς
932 2449 1206 2513 ἀπωλείας
1233 2448 1413 2504 αὐτῶν
1447 2449 1663 2518 ἐγένετο
1690 2447 1757 2502 ἂν

161 2541 194 2608 ἡ
233 2539 483 2608 σωτηρία
505 2556 518 2570 ο
556 2539 775 2608 φαύλων
801 2539 899 2610 μὲν
929 2539 1036 2592 τῶν
1061 2539 1266 2592 τέκνων
1293 2537 1428 2609 (60),
1457 2538 1672 2611 λῃστῶν
1698 2538 1756 2591 δὲ

162 2627 270 2680 τῶν
299 2629 531 2681 οἰκετῶν
567 2629 892 2700 γενομένων.
941 2629 1131 2701 Ἡμεῖς
1175 2630 1274 2700 μὲν
1308 2631 1416 2701 γάρ
1459 2630 1610 2683 οὐδὲν
1648 2629 1756 2683 τῶν

166 2716 452 2786 ἐσομένων
486 2720 705 2781 εἰδότες,
735 2717 872 2788 πρὸς
899 2718 966 2771 τὰ
991 2718 1234 2789 παρόντα
1259 2718 1314 2771 δὲ
1345 2720 1505 2788 μόνον
1537 2719 1756 2788 βλέπον-

162 2824 253 2870 τες
281 2807 420 2873 (61),
452 2809 552 2860 οὐκ
585 2808 742 2879 173
769 2808 946 2879 ὀρθῶς
969 2810 1038 2863 τὰ
1061 2809 1427 2879 συμϐαίνοντα
1459 2809 1717 2881 κρίνομεν
1735 2827 1751 2842 ο

161 2898 239 2968 τῷ
270 2899 328 2952 δὲ
359 2899 482 2970 Θεῷ
512 2901 604 2953 καὶ
632 2902 698 2953 τὰ
731 2901 992 2970 μέλλοντα
1025 2901 1098 2964 ὡς
1129 2900 1373 2973 παρόντα
1406 2901 1572 2954 ἐστίν.

246 2990 414 3044 Ἀλλὰ
444 2991 623 3044 ταῦτα
654 2993 753 3061 μὲν
780 2991 916 3063 πρὸς
946 2993 1070 3055 τοὺς
1100 2990 1614 3059 καταγινώσκοντας
1642 2992 1751 3062 (62)

1862 1891 2069 1944 niorem
2114 1891 2230 1947 fore
2277 1894 2485 1959 videns,
2539 1895 2585 1949 si
2652 1906 2808 1967 egeat
2865 1899 2952 1968 (ad
3005 1899 3431 1956 latrocinandum

1862 1979 2007 2032 enim
2039 1989 2133 2034 aut
2163 1981 2228 2034 ad
2271 1983 2620 2038 trucidandos
2657 1985 2926 2050 homines,
2957 1997 3048 2041 aut
3073 1988 3138 2043 ad
3165 1987 3268 2042 alia
3293 2005 3435 2059 qua:-

1860 2071 1982 2125 dam
2013 2073 2257 2142 graviora
2293 2074 2534 2130 facinora
2568 2076 2806 2131 animum
2843 2077 3181 2149 adiungeret)
3204 2117 3222 2144 ,
3269 2082 3430 2150 potiri

1861 2161 2009 2217 illum
2081 2164 2275 2233 opibus
2340 2168 2625 2236 permittit.
2668 2169 2852 2238 Itaque
2902 2179 2957 2224 ct
2991 2170 3058 2224 ad
3097 2172 3432 2241 sepeliendos

1858 2250 2081 2316 liberos,
2125 2262 2179 2308 et
2223 2255 2288 2309 ad
2333 2256 2580 2312 vitandos
2621 2258 2870 2324 famulos,
2917 2275 3060 2329 saepe
3093 2261 3246 2316 nobis
3286 2263 3431 2317 utilis

1856 2341 2146 2411 paupertas
2183 2343 2285 2398 fuit
2326 2363 2339 2399 :
2397 2357 2542 2402 esset
2588 2350 2732 2403 enim
2779 2365 2964 2404 eorum
3006 2351 3152 2406 salus
3207 2352 3426 2407 interitu

1855 2436 2122 2500 acerbior,
2159 2437 2204 2490 si
2240 2446 2296 2491 et
2334 2437 2531 2494 liberos
2565 2440 2836 2510 improbos
2865 2450 2919 2495 et
2953 2441 3186 2498 famulos
3223 2445 3420 2512 przedo-

1857 2543 1951 2582 nes
1985 2528 2327 2585 haberemus.
2366 2530 2474 2586 Nos
2511 2534 2653 2586 enim
2703 2533 2838 2588 nihil
2874 2550 3050 2589 rerum
3095 2536 3425 2590 venientium

1854 2620 2296 2687 prazsentientes,
2339 2630 2394 2675 et
2445 2637 2540 2688 ea,
2594 2638 2715 2692 qua:
2771 2625 3009 2691 instant,
3063 2635 3269 2680 tantum
3313 2641 3430 2695 spe-

1854 2721 2084 2780 ctantes,
2117 2729 2222 2767 non
2270 2723 2414 2768 recte
2463 2715 2528 2768 de
2567 2716 2666 2781 iis,
2709 2732 2828 2786 quae
2875 2720 2926 2772 in
2974 2719 3133 2774 rebus
3178 2719 3429 2774 humanis

1853 2805 2144 2871 eveniunt,
2175 2805 2479 2873 judicamus
2511 2824 2526 2861 :
2557 2817 2612 2862 at
2638 2808 2748 2863 Deo
2773 2811 2935 2864 etiam
2969 2811 3146 2864 futura
3173 2821 3426 2880 tanquam

1853 2897 2138 2967 praesentia
2173 2909 2329 2952 sunt.

1926 2987 2031 3044 Sed
2050 2991 2161 3045 haec
2179 2991 2394 3059 quidem
2414 3000 2601 3046 contra
2623 3007 2735 3058 eos,
2755 2993 2844 3060 qui
2864 2995 3254 3063 providentiam
3275 2999 3426 3054 dam-

163 3082 405 3153 εῐρηται,
443 3082 582 3153 πρὸς
616 3082 710 3146 οὒς
745 3081 840 3136 καὶ
871 3083 933 3135 τὸ
963 3082 1064 3152 τῆς
1097 3083 1318 3153 Γραφῆς
1358 3081 1651 3152 ἁρμόσειεν
1685 3082 1750 3137 ἂν

1868 3089 2013 3145 nant,
2043 3080 2314 3148 disputata
2341 3094 2486 3137 sunt.
2512 3081 2565 3136 In
2597 3099 2734 3152 quos
2755 3085 2917 3139 etiam
2942 3085 3068 3140 illud
3094 3103 3124 3142 e
3148 3088 3424 3160 Scriptura

159 3175 377 3227 είπεῖνο
419 3173 517 3242 Μὴ
553 3178 586 3229 ὁ
617 3175 814 3242 πηλὸς
840 3175 948 3246 (65)
983 3175 1109 3243 ἐρεῖ
1139 3175 1221 3241 τῷ
1265 3175 1521 3244 κεραμεῖ,
1558 3177 1651 3229 καὶ
1680 3175 1749 3229 τά

1868 3180 2042 3224 sancta
2076 3172 2361 3226 conveniet
2394 3173 2608 3227 dicere:
2644 3175 2724 3226 An
2754 3177 2920 3228 lutum
2950 3177 3267 3248 dicet/igufo
3289 3180 3424 3248 (Ita.

160 3265 289 3335 ἑξῆς
321 3266 459 3336 (64).
485 3267 611 3330 Πῶς
636 3267 745 3338 γὰρ
768 3268 829 3320 οὐ
867 3267 1098 3336 φευκτάς
1125 3267 1237 3336 (65)
1266 3268 1413 3319 ἐστιν
1433 3267 1743 3337 ἄνθρωπος,

158 3357 598 3429 ἀντινομοθετῶν
642 3359 718 3429 τῷ
764 3359 916 3430 Θεῷ,
971 3359 1067 3412 καὶ
1121 3357 1748 3430 ἀντιπαρακελευόμενος

1856 3274 1981 3325 XLV,
2011 3259 2092 3326 9),
2151 3269 2206 3315 et
2231 3277 2349 3329 quae
2375 3271 2692 3332 sequuntur.
2722 3263 3000 3330 Quomodo
3030 3269 3173 3322 enim
3200 3285 3303 3324 non
3337 3269 3424 3324 fi:-

1855 3352 2082 3424 giendus
2103 3353 2266 3408 homo
2293 3363 2396 3419 e51,
2424 3355 2514 3423 qui
2568 3366 2758 3410 contra
2808 3357 2975 3412 Deum
3027 3360 3200 3430 legem
3231 3361 3332 3418 fert
3366 3373 3426 3416 et

1359 3475 1517 3532 VAR.
1559 3473 1760 3530 LECT.
1802 3470 1891 3525 ET
1927 3467 2261 3524 ANIMADV.

232 3567 350 3640 (ιιι)
392 3569 609 3640 Σωρρς.
640 3563 844 3633 Σωρου
861 3585 995 3636 μεν.
1041 3569 1252 3640 Σωρός·
1313 3571 1512 3635 σωοοῦ,
1548 3570 1752 3626 omisso

165 3637 289 3706 μέν,
325 3637 493 3706 1).).
514 3636 627 3706 Μέν
657 3647 814 3689 etiam
850 3641 1023 3700 abest,
1053 3636 1202 3694 A.'2.

233 3706 374 3778 (48)_
390 3704 501 3778 Καὶ
532 3703 640 3778 τῆς
671 3706 820 3778 κατὰ
852 3707 1081 3773 πλάτος
1117 3707 1185 3760 δὲ
1219 3725 1433 3777 μακαρ.
1476 3710 1544 3762 Δὲ
1572 3709 1749 3778 rejicit

160 3786 282 3899 Bos:
310 3775 436 3843 τῆς,
467 3777 533 3828 Α.
567 3775 622 3828 2.
655 3775 748 3844 Δέ,
793 3787 917 3830 ante
964 3794 1170 3850 μακαρ.
1202 3775 1462 3833 insertum
1494 3796 1521 3832 a
1551 3775 1746 3848 primo,

227 3937 348 4006 (49)
374 3935 484 3990 Καὶ
518 3936 590 3990 τὰ
633 3933 752 3990 τῶν
791 3937 986 4004 ἐκτός.
1021 3937 1104 3991 Τά
1151 3938 1324 4005 abest,
1380 3938 1441 3994 D.
1501 3939 1553 3993 1.
1603 3937 1748 4004 Mox,

159 4007 524 4076 καταλείπῃς,
559 4008 623 4059 Α.
651 4007 706 4070 2,
739 4005 798 4060 D.
831 4008 881 4060 1.

230 4077 356 4149 (50)
369 4067 550 4149 M58;
579 4077 679 4129 καί
686 4067 702 4129 ζ
715 4077 834 4149 Καὶ
864 4076 1155 4149 μένει-καί,
1185 4077 1250 4132 Α.
1277 4076 1332 4131 2.
1357 4077 1502 4149 Mox,
1519 4079 1550 4149 δ
1569 4077 1751 4149 μακάο

163 4163 317 4218 ριος,
346 4148 464 4200 loco
489 4146 551 4218 τὸ
581 4147 870 4216 μακάριον,
907 4146 975 4218 bl.
1017 4146 1072 4200 2.
1107 4147 1288 4218 Manet
1315 4147 1480 4201 etiam
1511 4146 1603 4218 sic
1623 4150 1751 4202 bea-

161 4215 453 4271 titudinem
489 4215 696 4270 habens
729 4215 1024 4270 Secundum
1055 4217 1286 4284 seipsa‘m
1322 4218 1525 4270 anima.
1563 4215 1750 4271 Virtus

158 4287 340 4358 enim,
363 4286 532 4358 Cono_.
570 4285 712 4358 Mos,
734 4287 900 4358 qvip
934 4286 1367 4358 ἀρετὴᾼκαθΪηΑ.
1399 4286 1454 4340 2.
1476 4285 1602 4358 ΔΓάρ
1632 4288 1752 4358 loco

158 4356 421 4496 Bépxhabﬁt
451 4355 616 4478 Etiam
657 4357 720 4409 D.
755 4355 818 4421 1;
856 4355 1067 4422 deinde,
1090 4355 1175 4409 δι’
1209 4355 1583 4426 εὐδαιμονίαν,
1630 4356 1751 4411 loco

159 4442 200 4477 π
241 4442 321 4489 λς,
412 4466 425 4478 .
496 4466 509 4478 .

159 4442 321 4489 προς,
348 4442 425 4479 Μ.
455 4442 509 4478 z.

226 4518 346 4589 (51)
377 4519 580 4589 [hirta
613 4516 995 4587 συλλήϐδην.
1029 4518 1213 4572 Πάντα
1233 4515 1369 4588 ὁμοῦ
1421 4515 1744 4589 συλλήϐδην.

158 4590 220 4660 ᾼ.
239 4587 304 4644 ⁷2.
327 4587 514 4660 ’Ὁμοῦ
543 4589 864 4660 συλλήϐδην,
892 4603 1010 4656 quae
1037 4589 1177 4642 idem
1209 4596 1415 4660 notant,
1445 4589 1510 4640 ἐκ
1537 4587 1748 4660 παραλ-

157 4657 325 4741 λήλου
350 4657 537 4741 juncta
588 4657 735 4722 sunt,
768 4657 862 4738 u’ti_
890 4659 1230 4741 grammatici
1268 4659 1582 4741 loquuntur.
1603 4657 1745 4741 Cum

159 4727 258 4784 tria
287 4743 491 4798 genera
520 4728 780 4782 bonorum
819 4729 950 4789 sint,
983 4727 1170 4798 animi,
1203 4727 1448 4796 corporis
1480 4736 1532 4781 et
1561 4740 1743 4798 rerum

158 4795 535 4866 externarum,
564 4813 659 4853 seu
698 4798 945 4858 fortunm,
981 4811 1088 4850 non
1136 4795 1313 4866 inepta
1347 4797 1559 4852 videtur
1589 4795 1748 4851 lectio

157 4869 278 4939 γῆς.
317 4865 426 4921 Sed
478 4882 576 4939 nec
607 4867 784 4939 τύχης
828 4867 1062 4939 alienum
1112 4865 1398 4939 est,’_cum_
1428 4877 1747 4939 contra__eos

157 4933 421 5005 disputet,
466 4936 554 5002 qui
598 4933 828 4992 fortunae
883 4935 1020 5005 bona
1075 4936 1254 5005 magni
1283 4936 1576 4990 aestimant.
1605 4933 1747 5005 Vide

155 5022 206 5076 p.
240 5002 343 5060 171
370 5021 386 5058 :
412 5006 628 5060 Οίονται
655 5005 764 5076 γὰρ
797 5007 924 5068 τοὺς
967 5002 1216 5076 πλοῦτον.
1261 5005 1528 5059 Ρῐωιθι-εει
1562 5003 1637 5076 τάτ
1662 5002 1746 5055 λε-

156 5073 368 5145 γόμενα
397 5073 676 5129 vindicant
719 5073 881 5146 etiam
927 5073 1117 5145 τύχης.
1177 5074 1344 5146 Vulgo
1391 5077 1534 5131 enim
1574 5073 1746 5144 τύχης

155 5143 340 5214 ἀγαθὰ
368 5146 607 5212 λέγεται,
641 5159 744 5198 ιιοη
775 5143 896 5214 γῆς.

157 5212 563 5340 υ“(ῗὲ)ν”ιῖιπερ
599 5212 980 5279 ἀγνοοῦντες.
1017 5214 1196 5278 Ὅπερ
1226 5212 1569 5283 ἀγνοοῦντες,
1594 5215 1658 5268 Α.
1687 5214 1740 5279 2,

201 5327 214 5340 .
287 5327 306 5340 .
386 5303 414 5338 a
465 5323 480 5339 .

201 5327 214 5341 .
247 5290 272 5341 1
287 5327 306 5353 ,
342 5287 480 5340 Vall.

223 5378 344 5447 (55)
383 5376 730 5447 ῌακαρίους
753 5372 904 5430 εἶναι
945 5375 1274 5447 νομίζουςι.
1304 5375 1622 5446 Μακαρίους
1655 5376 1744 5429 λέ-

157 5442 346 5516 γουσιν
375 5443 536 5511 εἶναι,
555 5442 632 5500 ’1).
662 5447 715 5500 1.
749 5442 1139 5516 Μακαριστοὺς
1170 5442 1330 5510 εἶναι,
1359 5442 1561 5516 omiSso
1593 5447 1746 5516 νομί-

157 5515 333 5583 ζουσι,
360 5519 429 5572 Α.
456 5517 513 5570 2.
545 5517 664 5570 Mox
699 5518 839 5570 idem
869 5515 1072 5570 omittit
1104 5533 1188 5579 τε,
1225 5528 1352 5569 ante
1378 5515 1494 5568 καί.

382 5587 617 5666 ’παρ’
646 5583 823 5666 ἡμᾶς.
857 5587 929 5638 Τὸ
956 5585 1276 5666 καθ’-ημᾶς,
1320 5587 1380 5639 1).
1422 5585 1474 5666 1.

223 5655 342 5726 (55)
382 5657 513 5710 Ὀτι
534 5656 617 5721 τῷ
641 5655 758 5726 νῦν
787 5656 1052 5724 χρηστῷ.
1078 5655 1190 5709 Νῦν
1215 5658 1388 5717 abest.
1423 5655 1485 5708 D.
1521 5655 1569 5710 1.
1601 5655 1744 5712 Loco

157 5728 185 5782 ὁ
217 5727 376 5798 Θεὸς,
408 5726 575 5785 habet
603 5727 634 5780 ὁ
657 5725 795 5782 θεῶν
826 5726 1042 5797 πρῶτος
1073 5727 1164 5780 καὶ
1190 5726 1464 5796 μέγιστος,
1495 5725 1564 5781 Μ.
1588 5727 1645 5781 2.

1930 3565 2042 3638 (56)
2080 3565 2382 3632 Πολλάκις
2403 3566 2510 3621 τὸν
2542 3570 2860 3624 πλούσιον.
2911 3569 3027 3633 Sic,
3049 3569 3144 3623 sed
3183 3583 3250 3623 ex
3277 3584 3420 3626 corr.

1857 3651 1991 3698 rec.,
2021 3646 2198 3697 anlea.
2231 3640 2410 3700 credo,
2441 3639 2687 3704 πλοῦτον,
2720 3643 2776 3694 υ.
2808 3643 2857 3694 1.

1927 3705 2038 3780 (57)
2090 3705 2573 3774 Ἐπιχειρήσειεν.
2617 3710 3034 3780 Ἐπιχειρήσειν,
3065 3707 3132 3762 Α.
3163 3707 3220 3762 2.
3269 3707 3392 3761 Ἐπι

2075 3915 2312 3993 Οῷκρῦν
2341 3918 2517 3993 {asyla
2548 3911 2854 3993 ,πολλάκιςΔ
3071 3917 3184 3993 Οὐκ
3210 3911 3424 3993 οῦνῌκαὶ

1857 3986 2081 4060 νοσῇσαι
2112 3986 2261 4060 ἡμῖν*
2275 3985 2553 4060 πολλάκις,
2573 3992 2653 4060 _A.
2690 3989 2743 4042 2.
2791 3983 3038 4060 Οὐκοῦν
3075 3989 3168 4042 καὶ
3199 3989 3423 4060 νοσῆσαι

1859 4055 2118 4116 πολλάκις
2160 4056 2310 4125 ἡμῖν,
2360 4056 2421 4110 D.
2467 4057 2518 4110 1.
2566 4056 2670 4112 Sed
2714 4073 2812 4113 nec
2857 4058 3016 4111 πενία
3051 4060 3118 4111 ab
3165 4060 3265 4112 hoc
3303 4055 3423 4113 loco

1857 4125 2031 4194 aliena
2064 4134 2169 4183 est.
2200 4126 2265 4178 de
2291 4141 2395 4194 qua
2430 4128 2588 4180 modo
2615 4129 2770 4182 dixit.
2797 4127 2913 4182 Nisi
2944 4131 3201 4194 scriptum
3231 4129 3418 4193 fuerit,

1849 4193 2176 4267 οὐκοῦν-καὶ
2214 4193 2470 4267 πένεσθαι
2505 4199 2600 4250 καὶ
2639 4200 2884 4267 νοσῆσαι.
2926 4193 3211 4267 Αἰθιέυιατε
3245 4199 3420 4252 solum

1853 4263 2016 4317 habet
2047 4264 2181 4318 Con.
2221 4262 2517 4332 Paupertas
2550 4268 2724 4322 solum
2757 4262 2914 4322 habet
2948 4262 3079 4320 vall.

1921 4333 2032 4400 (60)
2075 4332 2204 4385 Μὲν
2248 4332 2366 4385 τῶν
2403 4333 2646 4389 τέκνων.
2691 4337 2812 4389 Τῶν
2853 4337 3028 4399 abest,
3067 4335 3132 4388 A.
3177 4335 3234 4389 2.
3275 4335 3418 4400 Mox,

1851 4402 2191 4475 γενομένων.
2216 4401 2276 4455 D.
2310 4403 2361 4475 1,
2405 4406 2470 4475 A.
2505 4405 2560 4475 2.
2591 4406 2794 4475 conjici
2823 4404 2993 4475 possit
3019 4405 3420 4475 γενησομένων.

1852 4473 2020 4532 Cono,
2057 4474 2112 4523 in
2147 4487 2240 4523 nos
2268 4473 2489 4538 effectis.
2520 4473 2775 4535 Valla,’si
2804 4503 2875 4512 —
2912 4473 3100 4538 forent.

1918 4539 2029 4612 (61)
2063 4540 2265 4594 Μόνον
2284 4540 2640 4612 βλέποντες.
2679 4543 2830 4596 Μόνα
2861 4541 3164 4612 βλέποντες,
3201 4543 3260 4598 D.
3293 4544 3346 4598 1.

1917 4609 2030 4681 (62)
2069 4608 2658 4698 ξίαταγιγώσκοντας.
2711 4608 3050 4698 Eost'hpcla
3098 4630 3242 4698 man.
3304 4630 3417 4669 rec.

1851 4679 2216 4748 expunctum,
2249 4679 2349 4750 τὴν
2385 4679 2668 4751 πρόνοιαν,
2720 4682 2782 4734 D.
2825 4682 2875 4734 1.
2911 4681 3108 4747 Malim,
3149 4686 3251 4752 τῆς
3282 4700 3418 4754 προ-

1847 4749 2015 4811 νοίας,
2037 4749 2468 4821 additol'ortasse
2501 4754 2664 4804 etiam
2689 4751 2923 4805 ἀδικίαν.
2954 4749 3086 4804 Nam
3115 4751 3420 4821 καταγινώ-

1852 4835 2101 4890 σκοντας,
2129 4820 2266 4890 nuile
2293 4822 2547 4887 positum,
2577 4823 2973 4890 quodammodo
3000 4820 3287 4890 obscurum
3311 4835 3415 4876 est.

1848 4888 1996 4943 Cono
2025 4888 2277 4958 reddidit,
2310 4905 2421 4953 eos,
2453 4892 2543 4958 qui
2582 4888 2809 4958 perversi
2843 4899 2984 4942 sunt.
3016 4889 3181 4956 Valla,
3209 4893 3420 4944 cavilla-

1849 4968 2008 5032 tores.
2043 4957 2247 5032 Neuter
2270 4974 2406 5032 ergo
2432 4957 2941 5032 καταγινώσκοντας
2964 4962 3250 5029 expressit.
3279 4963 3416 5032 Ergo

1850 5027 2082 5082 fortasse
2118 5027 2204 5081 hic
2239 5027 2378 5081 aliud
2411 5027 2728 5083 vocabulum
2759 5030 2908 5083 latet.

1917 5097 2033 5185 (ϐξ)
2053 5096 2152 5164 Μὴ
2173 5099 2450 5220 duméxdc.
2479 5099 2623 5152 Loco
2650 5100 2724 5170 μή
2751 5111 2833 5153 est
2859 5099 3060 5170 μένειν.
3086 5109 3142 5155 et
3159 5100 3212 5154 in
3239 5117 3411 5172 marg.

1917 5185 2042 5220 ιουν
2073 5186 2156 5220 γε.
2195 5195 2206 5220 ι
2249 5207 2262 5220 ο
2336 5208 2350 5220 .

1951 5185 2042 5222 ουν
2073 5186 2156 5231 γε,
2195 5185 2262 5220 m.
2295 5185 2350 5222 Ζ.

1849 5167 1923 5238 μὴ
1951 5167 2042 5222 οὖν
2073 5186 2156 5236 γε,
2195 5169 2262 5220 Μ.
2295 5169 2350 5222 2.
2653 5167 2660 5168 ί
2713 5167 2722 5170 ⁷
2861 5167 2871 5170 ⁷
3361 5167 3385 5172 “

1919 5239 2052 5310 (64)-
2072 5237 2222 5306 Ἑρεῐ
2245 5237 2323 5310 τῷ
2345 5236 2726 5310 κεραμεῖ,ᾲκαι
2751 5237 2821 5290 τὰ
2843 5236 3017 5306 ἑξῆς.
3053 5240 3197 5310 Ἐρεί
3218 5239 3414 5302 solum,

1844 5312 1912 5366 Α.
1951 5307 2266 5362 2.‘lstorum
2299 5309 2416 5361 loco
2461 5319 2578 5375 post
2605 5308 2728 5378 ἐρεῖ,
2762 5323 2790 5360 a
2829 5324 2972 5361 man.
3007 5307 3126 5363 rec.
3152 5323 3418 5376 expuncta

1847 5383 1959 5436 haec
1992 5397 2006 5432 :
2038 5378 2127 5448 Τῷ
2147 5377 2432 5441 πλάσαντι,
2464 5379 2530 5430 Τί
2559 5377 2891 5448 μεέπλασας
2914 5377 3106 5445 οὕτως
3137 5378 3198 5433 D.
3227 5381 3276 5433 1.
3308 5379 3422 5435 Cur

1846 5467 1924 5503 nte
1949 5448 2024 5501 sic
2037 5448 2269 5514 ﬁnxisti?
2289 5448 2436 5501 addit
2453 5449 2588 5502 Con.
2615 5469 2632 5498 ι
2659 5448 2736 5519 Ne
2762 5449 2929 5519 lutum
2951 5453 3200 5519 loquatur
3223 5451 3414 5506 adver-

1846 5535 1961 5581 sus,
1993 5520 2258 5585 planeque
2282 5519 2595 5582 contendat,
2635 5537 2654 5569 ι
2699 5518 2831 5570 Vali.

1919 5587 2029 5657 (65)
2065 5584 2197 5650 ηὼς
2241 5586 2349 5652 γὰρ
2378 5589 2449 5638 οὺ
2493 5589 2772 5654 φευκτός.
2801 5587 3057 5652 Φευκτὸς,
3109 5588 3414 5656 fugiendus.

1841 5661 2112 5719 Fortasse,
2143 5657 2359 5725 ψεκτός,
2394 5657 2861 5724 reprehendendus.
2888 5660 3064 5726 Cono,
3099 5677 3118 5711 ι
3142 5659 3417 5717 detestan-

1840 5729 1962 5784 dus.
1993 5747 2011 5781 ι
2048 5727 2213 5795 Vall.,
2254 5745 2273 5778 ι
2297 5726 2684 5784 ογοτδοηύιιε.»
