3858 6304
428 298 536 355 805

1561 285 1838 342 semesa
1875 267 2187 342 cnseo“
2225 282 2526 363 EMESEXI

3585 278 3698 336 8οι

422 415 683 469 adversus
705 407 1060 479 providentia:
1098 419 1261 475 opera
1318 404 1528 468 nititur,
1577 403 1698 458 cu'm
1731 418 1800 458 ne
1826 403 1999 458 homi

2124 405 2220 465 τοῖς
2245 401 2343 473 τῆς
2374 397 2634 471 προνοίας
2662 397 2849 468 ἔργοις
2877 397 3012 468 (66),
3041 399 3070 450 ὁ
3103 397 3238 468 μηδὲ
3263 399 3384 460 ταῖς
3414 396 3701 468 ἀνθρωπί-

429 519 558 558 num
586 499 803 570 quidem
857 497 1064 564 legibus
1114 495 1308 547 audeat
1359 493 1665 547 obsistere?
1711 491 2004 561 ltaquebis

421 591 701 647 erroribus
763 585 846 639 vel
893 584 995 638 hac
1052 583 1228 651 potius
1295 582 1569 651 impietate
1603 582 1997 650 praetermissa,

423 683 793 746 ostendamus,
851 693 954 732 non
993 685 1144 730 recte
1202 691 1296 729 eos
1349 690 1377 728 a
1410 675 1568 729 rebus
1626 674 1852 744 singulis
1876 689 2004 743 pro-

423 774 717 828 videntiam
753 783 1055 830 removere,
1099 781 1220 820 cum
1261 765 1526 819 universis
1553 773 1608 818 et
1665 765 2004 834 generalibus

423 882 453 919 a
488 867 596 918 Deo
626 863 962 916 consulatur.
1000 859 1092 913 Ha:
1117 859 1260 914 enim
1309 868 1420 912 tres
1460 858 1589 912 sola:
1625 871 1802 912 causa
1823 854 2002 911 aﬂ'erri

422 964 674 1026 possunt,
711 971 808 1009 cur
839 969 925 1009 res
964 952 1194 1020 singula:
1254 951 1346 1004 Dei
1402 949 1736 1018 providentia
1791 964 2006 1003 nonre-

421 1058 637 1116 gantur.
672 1046 777 1100 Aut
797 1046 941 1100 enim
969 1044 1134 1098 Deum
1155 1044 1425 1113 ignorare,
1452 1051 1655 1094 rectum
1679 1053 1818 1104 esse,
1839 1040 2000 1093 etiam

423 1138 530 1192 illis
555 1138 863 1201 consulere,
927 1144 1018 1190 aut
1071 1135 1234 1200 nolle,
1267 1144 1355 1187 aut
1425 1147 1531 1185 non
1570 1145 1748 1198 posse.
1808 1130 2002 1184 Verum

425 1231 690 1297 ignoratio
711 1230 932 1298 quidem
979 1237 1032 1280 et
1091 1227 1305 1280 inscitia
1348 1227 1415 1278 ab
1446 1224 1537 1276 illa
1597 1224 1753 1276 beata
1813 1229 2004 1274 natura

426 1321 762 1374 alienissima
793 1329 895 1373 est.
953 1318 1047 1372 Est
1094 1317 1240 1370 enim
1290 1316 1518 1383 ipsamet
1552 1313 1786 1380 cognitio
1823 1322 1878 1366 et
1913 1328 2002 1365 sa-

423 1414 628 1484 pientia
656 1422 708 1466 et
738 1411 989 1465 scientia.
1016 1411 1203 1478 Atqui,
1239 1409 1512 1478 quomodo
1578 1405 1770 1477 (Deum
1810 1405 2005 1457 lateant

423 1520 487 1558 ea
523 1520 638 1572 qua’
668 1501 780 1572 nec)
807 1503 989 1567 homo,
1020 1502 1110 1570 qui
1142 1500 1317 1569 sapiat
1366 1497 1591 1566 aliquid,
1626 1497 1860 1564 ignoret,
1890 1511 2008 1550 om-

426 1598 585 1654 nibus
616 1596 908 1652 individuis
941 1593 1292 1664 pereuntibus
1319 1593 1482 1646 etiam
1535 1590 1787 1643 universa
1836 1589 2008 1641 inter-

425 1688 610 1744 itura?
640 1687 771 1741 Nam
791 1702 857 1740 ex
884 1686 1133 1740 omnibus
1163 1685 1326 1737 rebus
1354 1683 1582 1752 singulis
1605 1681 1853 1736 universa
1877 1695 2009 1734 con-

2103 509 2223 555 ναις
2265 489 2608 560 νομοθεσίαις
2647 488 2952 556 ἀντιλέγειν
3029 485 3280 556 τολμῶν;
3340 485 3698 557 Παραλιπόν-

2102 594 2196 645 τες
2227 582 2338 651 (07)
2369 576 2462 634 οὖν
2521 579 2591 633 τὰ
2620 579 2847 634 τοιαῦτα
2876 578 3354 649 πλημμελήματα,
3392 578 3599 648 μᾶλλον
3635 576 3698 629 δὲ

2105 673 2454 744 ἀσεϐήματα,
2469 671 2758 742 δείξωμεν,
2790 672 2866 736 ὡς
2899 671 2960 724 οὐ
2977 670 3156 734 καλῶς
3177 670 3361 732 αὐτοῖς
3378 669 3700 740 ἀπρονόητα

2103 757 2320 830 λέγεται
2356 761 2468 831 (68)
2499 762 2570 813 τά
2598 760 2724 813 καθ’
2753 761 2984 823 ἕκαστα,
3015 757 3122 811 τῶν
3163 757 3392 812 καθόλου
3421 759 3515 810 καὶ
3543 773 3702 825 γενι-

2106 856 2219 909 κῶν
2247 854 2503 925 προνοίας
2529 853 2930 924 τυγχανόντων.
2959 854 3122 924 Τρεῖς
3144 851 3252 923 γάρ
3283 850 3486 914 ταύτας
3511 849 3703 913 αἰτίας

2109 947 2276 1019 μόνας
2328 949 2394 1002 ἄν
2436 966 2523 1012 τις
2563 948 2719 1017 φαίη,
2753 945 2849 1000 τοῦ
2895 945 2970 1016 μὴ
3013 944 3260 1014 γίνεσθαι
3293 945 3547 1014 πρόνοιαν
3584 944 3701 996 τῶν

2106 1039 2231 1092 καθ’
2265 1040 2472 1094 ἕκαστα
2493 1054 2507 1068 ⁶
2539 1040 2572 1110 ἢ
2601 1039 2710 1110 γὰρ
2733 1040 2948 1108 ἀγνοεῖν
2971 1038 3082 1108 (69)
3111 1037 3202 1089 τὸν
3231 1036 3385 1100 Θεὸν,
3411 1037 3494 1089 ὅτι
3524 1035 3702 1088 καλὸν

2106 1130 2198 1183 καὶ
2231 1129 2436 1185 τούτων
2466 1131 2868 1208 ἐπιμελεῖσθαι,
2898 1129 2931 1200 ἢ
2978 1129 3053 1199 μὴ
3087 1128 3392 1198 βούλεσθαι,
3427 1129 3459 1198 ἦ
3497 1129 3573 1199 μὴ
3603 1127 3701 1180 δύ-

2107 1223 2304 1276 νασθαι
2341 1223 2474 1292 (70).
2516 1222 2656 1274 Ἀλλ’
2681 1221 2874 1290 ἄγνοια
2910 1222 3008 1292 μὲν
3040 1222 3134 1274 καὶ
3163 1221 3378 1291 ἀμαθία
3404 1221 3701 1273 παντάπα-

2109 1331 2194 1366 σιν
2243 1312 2671 1386 ἀλλοτριωτάτον
2705 1314 2808 1383 τῆς
2853 1312 3129 1383 μακαρίας
3168 1313 3375 1376 οὐσίας.
3410 1311 3551 1364 arma:
3585 1313 3702 1382 γὰρ

2108 1403 2309 1472 γνῶσίς
2341 1405 2452 1475 (71)
2488 1405 2603 1457 ἐστι
2633 1404 2728 1458 καὶ
2754 1404 2916 1473 σοφία
2943 1405 3038 1457 καὶ
3062 1405 3362 1475 ἐπιστήμη.
3392 1403 3518 1466 Πῶς
3542 1403 3591 1455 δ’
3631 1402 3702 1456 ἂν

2109 1497 2205 1549 καὶ
2229 1495 2381 1550 λάθοι
2409 1497 2500 1550 τὸν
2524 1496 2679 1561 Θεὸν,
2708 1496 2744 1550 ὃ.
2773 1497 2908 1568 μηδὲ
2929 1497 3216 1568 ἄνθρωπος
3247 1496 3357 1566 (72)
3388 1483 3446 1549 εὖ
3478 1495 3703 1566 φρονῶν

2109 1588 2448 1658 ἀγνοήσειεν,
2479 1587 2574 1652 ὡς,
2607 1588 2716 1640 τῶν
2753 1587 2895 1642 κατά
2925 1588 3090 1660 μέρος
3124 1588 3341 1640 πάντων
3381 1586 3705 1658 διαφθειρο-

2116 1676 2295 1745 μένων
2333 1676 2484 1747 (75),
2531 1677 2625 1729 καὶ
2675 1677 2744 1729 τὰ.
2785 1676 3012 1730 καθόλου
3065 1676 3177 1745 (74)
3221 1675 3699 1747 διαφθαρήσεταις

426 1781 743 1835 stituuntur.
780 1777 1000 1846 Species
1048 1776 1192 1830 enim
1244 1790 1436 1856 omnes
1472 1773 1710 1842 singulas
1758 1787 1846 1826 res
1914 1786 2006 1825 ex-

2124 1769 2220 1821 Ἐκ
2256 1768 2365 1838 γάρ
2395 1769 2504 1823 τῶν
2531 1769 2674 1822 κατὰ
2721 1770 2885 1840 μέρος
2920 1769 3139 1822 πάντων
3181 1767 3252 1821 τά
3280 1767 3513 1822 καθόλου
3567 1784 3704 1821 συν-

427 1879 644 1939 azquant
678 1879 734 1924 et
773 1869 1198 1937 reciprocantur,
1234 1880 1447 1934 unaque
1493 1867 1769 1920 intereunt
1798 1873 1854 1918 et
1899 1877 2006 1915 una

428 1969 846 2015 conservantur.
889 1959 1072 2028 Neque
1109 1958 1404 2027 quidquam
1450 1957 1656 2020 obstat,
1692 1970 1799 2024 quo
1833 1954 2010 2007 minus

428 2051 612 2108 omnia
643 2051 917 2106 individua
981 2049 1272 2114 intereant,
1330 2048 1374 2102 si
1411 2047 1670 2102 divinitus
1707 2044 1849 2100 nulla
1887 2060 2010 2112 prn-

428 2144 666 2199 videntia
701 2144 1087 2212 guberncntur.
1145 2140 1352 2208 Quibus
1427 2139 1795 2210 pereuntibus,
1845 2140 2008 2193 etiam

428 2232 680 2286 universa
713 2231 1028 2285 interibunt.
1056 2230 1210 2297 Quod
1241 2231 1286 2284 si
1337 2229 1543 2292 dicant,
1603 2229 1706 2283 hoc
1725 2227 1896 2283 solum
1934 2227 2011 2284 illi

427 2337 575 2377 cura:
604 2336 742 2386 esse,
769 2338 836 2376 ne
872 2323 1052 2376 omnia
1087 2321 1360 2376 individua
1391 2320 1676 2384 intereant,
1709 2329 1766 2374 ut
1802 2322 2011 2389 species

427 2425 843 2477 conserventur,
893 2427 997 2466 non
1054 2413 1258 2477 vident,
1291 2426 1352 2466 se
1392 2411 1593 2476 dicere,
1625 2411 1790 2466 etiam
1825 2410 2013 2481 singu-

427 2504 604 2560 larum
638 2519 820 2558 rerum
860 2502 1151 2572 quamdam
1208 2502 1642 2570 procurationem
1679 2516 1818 2566 esse,
1848 2517 2015 2570 quan-

430 2595 720 2664 doquidetn
750 2594 912 2649 rebus
945 2593 1194 2658 singulis.
1218 2604 1276 2646 ut
1314 2593 1416 2661 ipsi
1455 2595 1642 2658 aiunt,
1680 2593 2014 2664 prospiciens

431 2701 629 2756 genera
658 2687 976 2755 speciesque
1010 2692 1207 2739 tuetur.
1235 2684 1341 2738 Alii
1377 2685 1585 2748 dicunt,
1629 2700 1734 2738 non
1764 2685 2014 2754 ignorare

430 2777 647 2848 quidem
694 2775 886 2840 Deum,
945 2775 1041 2830 sed
1108 2775 1390 2844 providere
1446 2775 1608 2831 nolle.
1655 2775 1855 2830 Verum
1913 2778 2018 2831 hoc

373 2871 380 2878 ’
431 2869 610 2938 ipsum
641 2867 802 2933 nolle,
841 2867 1050 2921 duabus
1080 2868 1146 2920 de
1185 2865 1366 2920 causis
1393 2866 1612 2926 accidit.
1644 2877 1736 2920 aut
1763 2869 1832 2922 ob
1865 2869 2014 2937 igua-

431 2962 602 3024 viam,
631 2959 886 3029 autquod
920 2958 1234 3013 indecorum
1292 2948 1382 3014 sit.
1418 2959 1616 3026 Ecquis
1648 2959 1720 3013 ita
1759 2960 2010 3027 insaniat,

433 3062 494 3107 ut
525 3052 752 3122 ignavia:
780 3052 946 3106 Deum
981 3051 1242 3105 accuset?
1271 3050 1479 3106 Rursus
1527 3052 1668 3104 enim
1701 3053 1912 3107 duabus
1946 3054 2011 3108 de

433 3144 613 3198 causis
647 3141 857 3210 ignavia
910 3143 1230 3208 innascitur,
1273 3143 1545 3212 voluptate
1591 3152 1646 3198 et
1700 3144 2008 3199 timiditate.

431 3238 540 3290 Aut
567 3234 709 3290 enim
732 3235 1004 3302 voluptate
1033 3235 1209 3304 aliqua
1242 3233 1427 3299 illecti,
1451 3234 1627 3303 ignavi
1662 3249 1885 3302 sumus;
1919 3245 2014 3290 aut

431 3334 579 3380 metu
619 3325 823 3396 aliquo,
859 3326 928 3380 ab
958 3325 1166 3395 agendo
1198 3339 1557 3380 removentur.
1605 3322 1847 3390 Quorum
1880 3340 2013 3381 neu-

432 3430 577 3476 trum
611 3421 679 3476 de
707 3421 816 3476 Deo
849 3421 1115 3490 suspicari
1144 3419 1227 3475 fas
1254 3428 1356 3476 est.
1399 3421 1495 3475 Sin
1546 3421 1756 3492 ignavia
1792 3423 2010 3492 quidem

433 3513 602 3566 Deum
638 3511 891 3580 liberant,
934 3512 1027 3567 sed
1065 3511 1140 3566 illi
1173 3511 1491 3568 indecorum
1526 3513 1629 3567 hoc
1680 3528 1848 3584 genus
1888 3529 2014 3584 pro-

2113 1862 2348 1916 ίσταται.
2388 1861 2657 1927 Ἐξισάζει
2687 1861 2819 1930 γοῦν
2845 1861 2914 1916 τά
2944 1862 3056 1933 εἴδη
3081 1864 3246 1915 πᾶσιν
3276 1863 3411 1932 ὁμοῦ
3435 1866 3550 1926 τοῖς
3577 1860 3699 1932 (75)

2110 1955 2252 2009 κατά
2293 1955 2480 2027 μέρος,
2521 1956 2618 2009 καὶ
2668 1955 3048 2026 ἀντιστρέφει,
3087 1956 3182 2008 καὶ
3217 1954 3700 2026 συνδιαφθείρεται

2111 2048 2205 2101 καὶ
2236 2047 2657 2112 συνδιασώζεται
2691 2046 2822 2118 (76).
2872 2047 3034 2100 Οὐδὲν
3063 2047 3121 2100 δὲ
3150 2047 3367 2112 κωλύει,
3403 2047 3583 2100 πάντα
3627 2047 3701 2098 τὰ

2111 2140 2290 2210 ἄτομα
2325 2141 2641 2204 ἀπολέσθαι,
2664 2141 2804 2212 ,μηδὲ
2826 2143 2956 2212 μιᾶς
2989 2139 3193 2194 ἄνωθεν
3223 2139 3544 2210 κηδεμονίας
3570 2156 3704 2207 τυγ-

2111 2232 2367 2303 χάνοντα.
2435 2233 2654 2286 Τούτων
2678 2229 2771 2287 οὖν
2800 2231 3211 2302 ἀπολλυμένων,
3242 2232 3337 2285 καὶ
3360 2231 3430 2285 τὰ
3458 2230 3701 2284 καθόλου

2110 2321 2564 2392 διαφθαρήσεται.
2602 2322 2664 2374 El
2709 2320 2869 2392 174
2905 2320 2961 2374 δὲ
2993 2321 3184 2374 τούτου
3234 2323 3482 2391 προνοεῖν
3531 2322 3703 2392 μόνου

2113 2413 2373 2484 φήσουσιν
2393 2413 2554 2466 αὑτὸν
2577 2411 2709 2482 (77).
2735 2411 2830 2464 τοῦ
2853 2413 2927 2483 μὴ
2947 2412 3123 2466 πάντα
3137 2411 3204 2465 τὰ
3226 2411 3366 2465 κατά
3395 2411 3557 2483 μέρος
3577 2411 3702 2483 (78)

2110 2502 2429 2566 ἀπολέσθαι,
2479 2504 2566 2557 ἵνα
2611 2502 2851 2574 σώζηται
2894 2503 2965 2556 τά
2986 2502 3125 2573 εἴδη,
3186 2501 3538 2556 λανθάνουσιν
3580 2502 3700 2570 (79)

2114 2595 2344 2656 ἑαυτοὺς
2385 2592 2658 2662 λέγοντες,
2703 2590 2844 2648 εἷναί
2884 2610 3007 2646 τινα
3049 2593 3145 2647 καί
3175 2593 3281 2648 τῶν
3318 2594 3439 2647 καθ’
3485 2595 3704 2646 ἕκαστα

2115 2689 2397 2761 πρόνοιαν.
2447 2687 2665 2741 Τούτων
2709 2687 2818 2760 γὰρ
2854 2687 3122 2760 προνοῶν,
3165 2687 3240 2751 ῶς
3272 2688 3425 2741 αὐτοὶ
3450 2689 3704 2756 λέγουσι,

2118 2781 2468 2850 διαφυλάττει
2503 2780 2572 2833 τὰ
2620 2780 2735 2850 εἴδη
2775 2783 2869 2834 καὶ
2902 2779 2974 2832 τὰ
3022 2780 3152 2851 γένη
3189 2779 3322 2849 (80).
3357 2778 3496 2832 Ἀλλ’
3543 2778 3704 2832 ἄλλοι

2115 2873 2304 2942 φασὶν,
2361 2872 2436 2934 ὡς
2467 2873 2566 2924 οὐκ
2594 2872 2780 2940 ἀγνοεῖ
2808 2872 2928 2942 μὲν,
2963 2872 3024 2924 οὺ
3059 2871 3303 2941 βούλεται
3328 2869 3385 2922 δὲ
3415 2870 3526 2939 (81)
3555 2887 3703 2942 προ-

2114 2967 2274 3018 νοεῖν.
2334 2963 2496 3017 Ἀλλὰ
2531 2964 2594 3017 τὸ
2631 2964 2706 3035 μὴ
2747 2963 3053 3033 βούλεσθαι,
3079 2963 3168 3017 διὰ
3191 2965 3284 3017 δύο
3312 2965 3521 3033 γίνεται
3563 2984 3704 3036 προ-

2116 3057 2330 3124 φάσεις,
2367 3055 2401 3125 ἢ
2426 3054 2512 3108 διὰ
2550 3054 2842 3126 ρᾳθυμίαν,
2874 3055 2907 3125 ἦ
2949 3055 3036 3108 διά
3071 3055 3131 3108 τὸ
3161 3055 3430 3124 ἀπρεπές.
3468 3057 3578 3110 Καὶ
3612 3057 3703 3119 τίς

2119 3147 2185 3202 ἂν
2219 3148 2293 3219 μὴ
2324 3148 2648 3218 μαινόμενος
2675 3148 2809 3219 (δε),
2827 3148 3102 3221 ῥᾳθυμίας
3125 3148 3303 3201 αἰτίαν
3328 3149 3526 3217 ἐπάγοι
3541 3149 3702 3220 Θεῷ;

2119 3238 2290 3292 Πάλιν
2313 3237 2424 3308 γὰρ
2453 3239 2558 3292 ὑπὸ
2581 3239 2676 3292 δύο
2705 3239 2908 3293 τούτων
2939 3239 3182 3312 ῥᾳθυμία
3211 3241 3475 3302 τίκτεται,
3501 3241 3706 3312 ἡδονῆς

2118 3333 2214 3386 καὶ
2250 3331 2473 3395 δειλίας.
2506 3333 2577 3386 Ἢ
2610 3333 2720 3404 γὰρ
2753 3334 2845 3402 ὑφ’
2882 3333 3076 3404 ήδονῆς
3105 3350 3249 3396 τινος
3281 3334 3704 3404 περιελκόμενοι

2120 3421 2472 3495 ρᾳθυμοῦμεν
2493 3423 2626 3494 (85),
2657 3425 2690 3496 ἢ
2716 3424 2806 3477 διὰ
2832 3425 2994 3493 φόϐον
3013 3424 3376 3495 ἀφιστάμεθα.
3402 3425 3703 3497 Ούδέτερον

2119 3515 2177 3568 δὲ
2210 3515 2322 3587 (84)
2349 3515 2554 3571 τούτων
2579 3517 2803 3589 θεμιτὸν
2827 3517 3172 3590 διανοηθῆναι
3196 3519 3326 3590 περὶ
3358 3517 3514 3574 Θεοῦ.
3548 3519 3618 3572 El
3644 3520 3702 3573 δὲ

1621 3692 1776 3748 VAR.
1819 3691 2020 3749 LECT.
2062 3693 2152 3750 ΕΤ
2191 3694 2526 3751 ANIMADV.

503 3812 619 3887 (00)
652 3814 1390 3887 ,Ἄττιπαρακελευόμενος
1415 3842 1488 3856 -
1517 3817 1732 3887 ἔργοις.
1764 3818 2014 3873 Ἀντιπα-

435 3884 827 3957 ρακελεύε-σθαι
862 3888 1199 3957 probumest
1223 3884 1561 3952 vocabulum,
1591 3884 1851 3957 nutatque
1879 3903 2012 3942 con-

436 3954 607 4028 traria
627 3954 1066 4028 juberetco‘ntra
1091 3955 1317 4011 hortari.
1351 3957 1522 4028 liabet
1543 3954 1785 4028 'l‘bucyd’.
1817 3974 1892 4021 VI;
1918 3959 2007 4022 15,

435 4023 682 4096 Xennpb.
713 4039 764 4096 ρ.
796 4024 886 4088 82,
922 4023 1012 4079 85.
1043 4027 1298 4080 Attamen
1332 4027 1511 4082 minus
1543 4039 1668 4096 apte
1699 4023 1919 4082 'videtur
1947 4030 2004 4082 h.

437 4096 474 4166 |_.
524 4095 672 4166 jungi
713 4095 916 4165 ἔργοις.
960 4097 1291 4166 Alterutrum
1329 4111 1458 4166 ergo
1501 4095 1722 4151 dubium
1769 4099 2001 4154 videtur.

431 4164 674 4237 Conjicio
693 4179 822 4234 ergo
845 4176 936 4218 aut
959 4165 1200 4235 θεσμοῖς,
1227 4164 1432 4236 νόμοις,
1464 4166 1630 4237 ὅροις,
1661 4175 1752 4220 aut
1776 4167 2007 4220 ἀντιπα-

473 4233 866 4304 αταττόμενος,
908 4237 992 4289 vel
1045 4233 1221 4288 Simile
1270 4233 1417 4304 quid.
1473 4233 1622 4290 Cano
1676 4255 1690 4291 :
1751 4240 1999 4292 retinens.

482 4305 630 4374 alla:
657 4323 675 4355 ι
706 4309 756 4357 in
787 4305 1134 4372 providenti-.L-
1161 4320 1322 4374 Opera
1353 4309 1646 4360 invectus.»

496 4372 1132 4497 (671)1Hapalstudr‘tec.
1165 4372 1256 4428 Sic
1285 4388 1340 4429 et
1373 4377 1442 4458 1)..
1466 4375 1999 4459 1..Παραλείποντες,

431 4441 534 4500 0x.
626 4445 998 4500 αοαλιπόντες.
1037 4448 1100 4499 Α.
1127 4445 1181 4498 2.
1216 4445 1364 4500 Cono
1393 4447 1480 4499 lnc
1519 4460 1704 4500 lltClDll.
1737 4449 1857 4500 ltbrt
1909 4463 1999 4500 vm

2187 3817 2299 3890 (75)
2337 3819 2866 3891 ᾼιαφᾷειρομένων,
2914 3838 2969 3874 κ.
3007 3838 3060 3875 τ.
3101 3820 3150 3874 λ.
3181 3819 3556 3891 Φθειρομένων
3601 3823 3703 3876 καὶ

2115 3887 2178 3942 τὸ
2199 3887 2464 3953 καθόλου,
2500 3889 2563 3944 Ι).
2576 3887 2580 3888 ί
2593 3891 2614 3942 1
2629 3930 2642 3944 .

2188 3957 2298 4029 (74)
2331 3959 2580 4012 Πάντων
2604 3960 2675 4012 τὰ
2698 3963 2982 4016 καθόλου.
3008 3959 3191 4015 Πάντα
3217 3961 3286 4014 τὰ
3302 3959 3423 4014 καθ’
3448 3961 3496 4025 δ,
3523 3964 3620 4019 sed
3643 3965 3701 4019 in

2115 4043 2290 4092 marg.
2321 4029 2571 4093 καθόλου,
2606 4029 2674 4084 Μ.
2711 4035 2767 4085 2.
3322 4089 3326 4093 .

2185 4097 2791 4172 (75),Πᾶοξινῃόμοίως
2830 4100 2972 4166 τοῖς.
3009 4102 3178 4172 Πᾶσιν
3205 4098 3337 4172 όμοῦ
3365 4103 3496 4172 τοῖς,
3530 4103 3596 4157 D.
3645 4105 3698 4170 1,

2111 4167 2486 4231 ΑᾏΞζδίηιιιι,
2528 4167 2698 4223 Valla.
2733 4171 2990 4224 Neutrum
3030 4167 3405 4225 hut'utnvbabet
3447 4171 3622 4228 Cono.

2180 4239 2292 4310 (76)
2333 4239 2857 4311 Συνδιαφθείρεται
2902 4242 2998 4294 καὶ
3033 4242 3319 4295 auratae.
3365 4241 3702 4311 Συνδιαφθα-

2151 4309 2342 4381 ήσεται
2375 4310 2468 4362 καὶ
2491 4310 2943 4381 -συνδιασωζεται,
2989 4311 3050 4364 Ι).
3088 4313 3139 4365 1.
3184 4309 3472 4381 Συνδιαφθ.
3507 4309 3602 4366 καὶ
3634 4316 3699 4368 ού

2143 4379 2454 4443 ιασὼζεται,
2490 4379 2558 4434 Μ.
2604 4387 2657 4435 2.

483 4441 534 4498 χ.
577 4441 998 4524 ῌαραλιπόντες,
1037 4445 1181 4524 Αλεὶ.
1216 4445 1364 4524 Cono
1393 4447 1480 4499 hic
1519 4441 1704 4524 incipit
1737 4449 1857 4524 libri
1909 4463 2004 4524 vm

2156 4441 2304 4524 _(7_7)
2339 4441 2542 4524 Μόνον
2596 4449 2871 4524 φήσουσι
2915 4450 3134 4505 αὐτῶν.
3168 4452 3377 4524 ᾹΜόνου
3428 4453 3700 4524 φήσουσιν

432 4532 555 4584 cap.
580 4516 837 4570 GLtDucit
857 4517 1199 4570 Aristotelem
1227 4518 1293 4570 ad
1323 4532 1513 4585 magna
1544 4518 2000 4582 inconvenientia,

434 4587 483 4639 si
521 4585 661 4639 Deus
694 4590 998 4652 provideret
1024 4586 1249 4652 singulis
1285 4587 1594 4640 hominibus
1635 4600 1727 4638 aut
1759 4593 1934 4639 rebus
1958 4599 1977 4631 ι

499 4654 609 4723 (68)
658 4657 740 4708 Οὐ
789 4657 981 4709 καλὸν
1036 4655 1238 4720 αὐτοῖς
1282 4656 1624 4724 ἀπρονόητα
1671 4656 1892 4724 λέγειν.
1929 4657 2003 4708 Οὐ

431 4724 610 4796 καλῶς
641 4727 822 4796 atomis
856 4727 1164 4796 ἀπρονόητα
1203 4726 1440 4793 λέγεται,
1477 4728 1541 4781 Λ.
1583 4726 1639 4789 2,
1689 4727 1750 4780 Ι).
1789 4727 1842 4791 1,
1877 4726 2002 4790 OL,

431 4795 566 4848 Con.
616 4797 720 4850 Sed
765 4794 1091 4850 VallaztUt'
1117 4797 1198 4848 eis
1244 4797 1468 4850 minime
1513 4807 1660 4851 recte
1704 4797 1872 4850 visnm
1903 4812 1999 4858 εει,

431 4865 727 4932 improvisa
763 4865 1009 4917 (ἰξάλου
1043 4863 1220 4927 καλῶς
1261 4867 1421 4918 habet
1451 4867 1612 4919 etiam
1655 4866 1726 4920 Μ.
1757 4867 1811 4920 2.

499 4935 611 5005 (U9)
652 4937 728 4990 Ἦ
749 4935 860 5002 γὰρ
883 4935 1142 5003 ἀγνοεῖν.
1182 4936 1251 4987 Ἢ
1284 4935 1391 5006 γάρ
1432 4937 1634 5003 ἀγνοεῖ,
1667 4942 1729 4990 Α.
1765 4938 1818 4989 ‘2.

503 5007 619 5080 (70)
661 5006 736 5058 Ἦ
753 5006 842 5080 μὴ
865 5006 1209 5080 Δ,βούτιίεεσᾷιιι
1241 5006 1290 5073 ,ἢ
1444 5007 1759 5080 δύξηασθαι.
1791 5009 1877 5080 ξῊ
1927 5009 2004 5080 μὴ

427 5074 708 5147 δύνασθαι,
745 5077 777 5145 ἢ
817 5077 892 5147 μὴ
922 5075 1228 5145 βούλεσθαι,
1257 5081 1322 5129 A.
1354 5076 1409 5139 ‘2,
1438 5079 1501 5130 υ.
1529 5077 1580 5130 1.
1612 5081 1755 5140 Mox,
1781 5074 2004 5147 ἄγνοιαν

431 5094 708 5140 ουνασυαι,
745 5094 777 5145 η
859 5094 892 5145 η
922 5094 1129 5145 ρουΑεσι

431 5146 530 5215 μὲν
561 5148 655 5198 καὶ
690 5094 951 5216 ἀμαξίαν,
989 5147 1049 5198 Ι).
1076 5148 1129 5216 1.

495 5216 608 5285 (71)
639 5215 794 5286 Αὐτὸ
833 5217 943 5284 γὰρ
980 5215 1226 5286 γνῶσις.
1265 5216 1320 5270 In
1359 5217 1544 5271 codice
1571 5217 1633 5272 Ι).
1658 5217 1712 5283 1,
1756 5229 1811 5272 et
1854 5220 1921 5274 Α.
1947 5221 2002 5285 9.,

428 5295 511 5336 est
536 5285 859 5359 subabté‘et
901 5285 1100 5352 γνῶσις
1126 5288 1518 5359 semicirculus,
1546 5299 1601 5342 ut
1620 5290 1688 5342 ita
1717 5298 2007 5359 utrumque

432 5357 753 5426 vocabulum
773 5356 1053 5426 jungatur.
1081 5359 1263 5410 (Juno:
1286 5358 1418 5410 «Per
1442 5374 1499 5411 se
1529 5361 1674 5412 enim
1706 5356 1963 5426 cognitio.
1982 5377 2000 5408 ι

503 5424 616 5499 (Η)
652 5422 784 5499 Πῶς
816 5422 898 5499 δὲ’
919 5424 1248 5499 ᾂνθρωπος,
1293 5444 1346 5479 κ.
1381 5445 1434 5480 τ.
1475 5428 1525 5481 λ.
1560 5429 1685 5491 Πῶς
1706 5422 1864 5499 ’ἂν
1910 5432 2004 5484 καὶ

427 5493 603 5570 λάθοι
614 5495 714 5570 τόν
745 5494 897 5570 65b3,
933 5496 968 5548 ἃ
1012 5493 1156 5570 ,μηδ’Δ
1175 5498 1458 5570 ἄνθρωπον
1495 5500 1638 5570 (sic),
1672 5495 1731 5551 εὖ
1768 5501 2001 5570 φρονῶν,

428 5569 494 5618 Α.
526 5573 579 5617 2.
607 5564 736 5640 ΙῙῶς
771 5565 833 5640 δζ
846 5565 912 5618 ἂν
934 5564 1034 5640 καὶ
1055 5565 1204 5640 λάθῃ
1245 5564 1336 5620 τὶν
1365 5564 1518 5632 Θεὸν,
1552 5564 1606 5622 ά
1631 5570 1764 5640 μηδὲ
1781 5564 2007 5640 ’ἂνθρω-

427 5651 527 5706 πος
572 5631 632 5689 εὖ
664 5636 898 5706 φρονῶν,
932 5638 990 5692 Ι).
1045 5638 1096 5690 1.
1134 5631 1246 5702 Sic,
1292 5631 1511 5691 omisso
1537 5631 1650 5702 καί,
1693 5631 1861 5694 Cano.
1897 5631 2004 5694 Sed

426 5705 579 5761 Valla
609 5724 624 5762 ε
665 5728 682 5759 ι
709 5705 967 5774 Quisnam
1010 5709 1174 5763 homo
1210 5709 1342 5763 adeo
1380 5724 1558 5762 rerum
1593 5712 1812 5779 ignarus
1841 5721 1942 5767 est.
1979 5732 1998 5764 ι

2107 4519 2292 4584 αὐτόν,
2334 4520 2400 4572 Α.
2427 4521 2482 4583 2,
2517 4524 2576 4572 Ι).
2614 4525 2664 4574 1.
2697 4521 2869 4574 Αὐτόν
2906 4525 3065 4575 habet
3106 4522 3269 4575 etiam
3317 4523 3384 4576 Μ.
3424 4519 3478 4576 2.

2178 4591 2294 4660 (78)
2342 4590 2418 4660 Τὰ
2467 4589 2618 4644 κατὰ
2641 4591 2846 4660 μέρος.
2882 4591 2964 4643 Τά
3006 4591 3180 4656 abest,
3215 4593 3281 4648 A.
3314 4591 3368 4645 2.
3401 4590 3524 4647 Mox
3553 4594 3695 4650 idem

2107 4658 2458 4714 ἀπόλλεσθαι.
2643 4658 2664 4712 ί

2183 4729 2294 4798 (79)
2333 4731 2790 4797 Λανθανούσης.
2817 4729 3206 4791 Λανθάνουσιν.
3243 4729 3311 4784 Μ.
3341 4730 3400 4792 2,
3438 4732 3505 4783 Α.
3535 4733 3594 4794 ‘2,
3627 4734 3690 4788 Ι).

2109 4799 2160 4863 1,
2213 4801 2315 4854 0x.
2376 4805 2553 4867 Atque
2609 4803 2678 4854 ita
2705 4805 2919 4855 videtur
2940 4803 3104 4854 etiam
3132 4803 3330 4869 legisse
3358 4801 3691 4866 Ellebodius,

2109 4871 2196 4935 qui
2224 4871 2404 4933 habet,
2431 4885 2534 4924 non
2557 4873 2747 4937 vident.
2790 4871 2958 4932 Cono,
3007 4871 3168 4925 «latet
3205 4887 3355 4925 eos.)
3400 4873 3569 4937 Valla,
3602 4889 3694 4929 «se

2109 4939 2205 5008 ipsi
2240 4939 2456 4992 latent.»
2676 4936 2702 4964 ⁸

2180 5008 2291 5084 (80)
2342 5009 2602 5084 Τὰ-γένῃ
2634 5009 2839 5084 καὶᾼτὰ
2866 5009 3108 5084 είδηηκ.
3158 5029 3210 5065 τ.
3330 5011 3412 5064 Τά
3443 5013 3556 5084 εἴδη
3599 5015 3695 5067 καὶ

2106 5078 2367 5149 τὰγένη.
2433 5078 2599 5134 Ἀλλά
2634 5081 2818 5149 φασὶν,
2861 5081 2943 5133 ὅτι
2991 5081 3112 5148 οὑκ,
3154 5089 3216 5134 Α.
3252 5081 3307 5141 2,
3345 5084 3457 5135 Con
3489 5125 3505 5146 ,
3545 5078 3689 5138 'Vall.

2107 5150 2190 5202 Τά
2209 5149 2336 5221 εἴδη
2365 5152 2460 5202 καὶ
2489 5151 2559 5203 τὰ
2589 5153 2743 5221 γένη.
2777 5151 2946 5221 γἈλλά
2975 5151 3123 5204 ἄλλοι
3154 5153 3336 5219 φασὶν,
3365 5153 3463 5216 ὡς,
3510 5156 3568 5206 D.
3601 5155 3651 5206 1.

2173 5220 2285 5290 (81)
2321 5222 2403 5273 Οὐ
2434 5220 2720 5286 βούλεται
2759 5220 2847 5274 δέ.
2897 5220 2987 5276 Sic
3031 5225 3081 5276 in
3128 5238 3313 5275 rasura
3345 5237 3410 5276 ex
3454 5235 3687 5278 correct.

2110 5300 2459 5361 rec.ﬁ,iantea,
2490 5295 2676 5353 credo,
2707 5291 3042 5361 βουλεύεται,
3079 5293 3142 5344 Ι).
3176 5295 3228 5345 1.

2184 5359 2299 5433 (82)
2323 5361 2452 5433 ςἈν
2492 5359 2872 5430 μαινόμενος.
2907 5365 3004 5415 “Av
3041 5363 3116 5433 μὴ
3150 5361 3498 5433 μαινόμενος,
3541 5364 3600 5416 1).
3637 5364 3688 5417 1.

2107 5433 2174 5485 Α.
2216 5430 2272 5491 ﬁ,
2310 5430 2444 5484 Con.
2495 5433 2600 5486 Sed
2647 5433 2995 5487 VallaztSed
3026 5430 3541 5500 quisnatn.‘qu:eso,
3581 5445 3686 5486 tam

2109 5516 2322 5622 ﬁngens,
2377 5503 2650 5567 utnMux,
2699 5503 2990 5571 ἐπαγάγοι,
3040 5504 3101 5556 D.
3148 5504 3200 5566 1,
3235 5504 3300 5556 Α.
3333 5504 3390 5556 2.
3437 5504 3688 5571 Ἐπάγει,

2175 5641 2287 5716 (85.)
2339 5640 2763 5716 Ῥᾳθυμοῦμενε
2803 5643 3183 5716 Ῥςιθυμῶμεντ
3216 5643 3279 5716 ρο
3326 5644 3373 5716 l-

2179 5712 2294 5783 (84)
2335 5711 2664 5781 Οὑδέτερον
2698 5713 2788 5768 δέ.
2827 5711 3177 5786 Οὖδὲέτερον
3208 5713 3285 5778 δέ,
3318 5715 3385 5768 Α.
3429 5713 3486 5768 2.
