3858 6312
165 317 270 374 ωδ

1409 320 1495 374 DE
1533 314 1820 373 NATURA
1861 315 2164 371 IIOMINIS.

3325 304 3430 367 803

163 429 446 502 ρᾳθυμίαν
483 430 596 500 (85)
632 431 733 502 μὲν
764 431 991 501 ἐπάγειν
1025 427 1396 504 παραιτοῖντο,
1425 435 1635 503 λέγοιεν
1667 431 1745 494 δὲ,

1862 431 2106 485 videntiaa
2167 429 2351 484 dicant
2427 429 2728 499 (indignum
2789 427 2934 482 enim
2981 440 3100 482 esse
3163 408 3428 494 ejusntodi

164 522 239 592 μὴ
271 521 510 592 πρέπειν
531 521 652 592 Θεῷ
675 523 916 590 (ἀνάξιον
939 524 1046 596 γὰρ
1067 521 1204 578 εἶναι
1234 523 1349 597 [86]
1373 527 1473 596 τῆς
1494 524 1750 594 τοιαύτης

161 613 594 685 μακαριότητος,
616 617 730 678 τοῖς
756 615 998 668 εὐτελέσι
1025 618 1119 669 καὶ
1149 621 1362 689 μικροῖς
1384 617 1750 686 συγκαταϐαί-

155 723 270 758 νειν
309 705 452 777 [87],
494 706 590 760 καὶ
614 708 778 759 οἱονεὶ
825 708 1298 778 σπδμόεὸηλοῦσοαι
1341 708 1456 782 [88]
1485 712 1607 773 ταῖς
1637 709 1752 762 ὑλιο

156 800 284 861 καῖς
332 814 394 849 τε
435 798 529 850 κα)⁵
569 802 981 869 προαιρετικαῖς
1021 800 1294 863 ἀτοπίαις,
1331 801 1426 853 καὶ
1467 800 1556 852 διὰ
1591 801 1750 854 τοῦτο

157 888 234 958 μὴ
269 887 620 958 βούλεσθαι)⁶
659 888 934 956 ἀγνοοῦσι,
969 888 1063 941 δύο
1095 889 1241 960 πάθη
1269 890 1337 943 τὰ
1383 891 1631 961 χείριστα
1673 891 1751 962 τῷ

153 982 276 1052 Θεῷ
315 983 718 1051 περιάπτοντες
751 981 886 1050 (89),
919 981 1224 1052 ὑπεροψίαν
1255 983 1350 1035 καὶ
1377 983 1683 1054 μολυσμόνο
1715 984 1748 1054 ἢ

154 1075 265 1144 γὰρ
294 1074 365 1126 δι’
415 1073 718 1145 ὑπεροψίαν
753 1073 862 1143 (90)
914 1075 942 1124 ὁ
989 1075 1330 1146 Δημιουργὸς
1383 1077 1627 1148 ὑπερορᾷ
1651 1079 1752 1146 τῆς

157 1164 347 1235 ἀρχῆς
404 1164 501 1218 καὶ
531 1164 854 1232 διοικήσεως
889 1164 1000 1231 (91)
1045 1162 1154 1214 τῶν
1190 1163 1331 1216 κατὰ
1378 1164 1563 1234 μέρος,
1614 1165 1750 1235 ὅπερ

153 1254 513 1306 ἀτοπώτατον
551 1254 744 1315 εἰπεῖν,
791 1252 824 1321 ἢ
870 1251 961 1303 τὸν
1009 1250 1284 1321 μολυσμὸν
1337 1251 1618 1316 ἐκκλίνων,
1675 1250 1750 1315 ὡς

155 1344 315 1399 αὐτοί
366 1361 557 1412 φασιν.
602 1345 667 1395 Ei
711 1343 788 1404 δὲ,
835 1342 945 1396 τῶν
995 1341 1236 1412 ἡλιακῶν
1286 1342 1540 1404 ἀκτίνων,
1591 1341 1751 1410 φύσιν

157 1429 406 1500 ἐχουσῶν
430 1429 613 1481 ἕλκειν
656 1429 762 1481 πᾶν
792 1428 958 1498 ὑγρὸν
1005 1427 1140 1498 (92),
1177 1425 1238 1479 οὗ
1271 1444 1403 1496 φασι
1443 1426 1752 1497 καταμολύ-

160 1521 347 1574 νεσθαι
379 1521 472 1572 τὸν
499 1520 671 1590 ἥλιον,
708 1518 830 1572 οὐδὲ
882 1517 978 1581 τὰς
1007 1519 1233 1581 ἀκτῖνας
1260 1518 1446 1581 αὑτοῦ,
1485 1519 1612 1571 ὅταν
1638 1520 1751 1579 τοῖς

165 1613 454 1684 βορϐόροις
503 1613 874 1681 ὲλλάμπωσιν,
906 1611 1044 1664 ἀλλὰ
1081 1611 1261 1682 μένειν
1298 1611 1600 1682 ἀχράντους
1651 1611 1749 1664 καὶ

160 1702 435 1774 καθαρὰς,
466 1702 583 1765 πῶς
615 1701 774 1771 175
806 1702 896 1754 τὸν
929 1701 1062 1754 Θεὸν
1090 1701 1349 1772 ἡγοῦνται
1376 1701 1750 1773 συμδὲὸηλοῦ-

162 1794 288 1846 σθαι
319 1795 436 1863 (93)
467 1795 580 1856 τοῖς
605 1792 731 1863 τῇδε
768 1793 1194 1863 πραττομένοις;

233 1884 351 1936 Οὐκ
387 1883 535 1935 ἐστιν
569 1882 893 1954 ἀνθρώπων,
929 1884 1090 1951 φύσιν
1123 1883 1339 1936 είδότων
1385 1883 1541 1945 Θεοῦ,
1577 1883 1749 1937 ταῦτα

159 1975 229 2028 τὰ
276 1975 545 2045 δόγματα.
612 1975 914 2044 Ἀνέπαφον
967 1977 1078 2045 γὰρ
1126 1975 1218 2027 κα)⁸
1265 1974 1589 2044 ἀδιάφθορον
1631 1975 1742 2044 (94)

159 2067 254 2120 καὶ
315 2067 582 2137 ἀμίαντον
629 2068 723 2119 καὶ
777 2066 956 2137 πάσης
996 2066 1334 2130 ἀλλοιώσεως
1389 2070 1634 2138 κρεῖττον
1689 2067 1750 2120 τὸ

161 2159 318 2211 Θεῖον
348 2159 706 2226 καθέστηκεν.
757 2158 814 2212 '0
847 2160 956 2229 γὰρ
989 2159 1260 2230 μολυσμὸς
1299 2159 1408 2229 (95)
1445 2161 1538 2212 καὶ
1572 2160 1749 2212 πάντα

158 2251 226 2304 τὰ
252 2251 486 2304 τοιαῦτα
516 2251 726 2322 τροπῆς
777 2252 924 2303 ἐστιν
959 2251 1116 2322 ἔργα.
1155 2251 1278 2314 Πῶς
1311 2251 1367 2303 δὲ
1401 2250 1500 2304 οὐκ
1528 2249 1746 2303 ἀτοπώ-

158 2358 344 2406 τατον,
389 2341 640 2411 τεχνίτην
672 2341 770 2412 μὲν
798 2342 1120 2410 οίασδήποτε
1146 2341 1358 2410 τέχνης,
1395 2341 1488 2394 καὶ
1516 2341 1749 2411 μάλιστα

161 2432 372 2501 ἰατρὸν,
405 2431 834 2502 ἐπιμελούμενον
863 2431 970 2484 τῶν
995 2431 1242 2495 καθόλου,
1278 2432 1440 2503 μηδὲν
1466 2431 1576 2484 τῶν
1606 2432 1748 2485 κατά

163 2521 332 2592 μέρος
369 2519 503 2590 (96),
532 2521 666 2590 μηδὲ
685 2520 747 2572 τὸ
783 2521 1145 2590 σμικρότατον
1172 2521 1265 2590 ὲᾷν
1295 2520 1624 2590 ἁτέχναστον
1654 2521 1749 2574 καὶ

159 2613 584 2683 ἁνεπιμέλητον,
636 2613 843 2676 εἰδότα,
888 2612 962 2675 ὠς
997 2613 1108 2682 (97)
1153 2614 1232 2675 είς
1263 2612 1322 2665 τὸ
1365 2615 1474 2665 πᾶν
1506 2612 1751 2666 συντελεῖ

158 2706 219 2759 τὸ
261 2706 436 2775 μέρος
469 2704 604 2775 (98),
635 2705 725 2756 τὸν
756 2703 811 2756 δὲ
857 2703 1186 2774 δημιουργὸν
1229 2703 1362 2756 Θεὸν
1395 2704 1487 2756 καὶ
1519 2703 1628 2755 τῶν
1659 2720 1748 2755 τε·

157 2797 362 2868 χνιτῶν
398 2795 724 2865 ἀποφαίνειν
777 2795 1190 2866 ἀμαθέστερονς
1239 2795 1376 2847 Ἀλλ’
1408 2796 1513 2866 ἄρα
1563 2795 1750 2864 βούλε-

158 2907 247 2944 ται
277 2890 402 2958 μὲν,
432 2888 494 2942 οὑ
521 2888 743 2941 δύναται
766 2887 845 2940 δέ.
879 2888 988 2940 Καὶ
1017 2887 1134 2950 πῶς
1154 2887 1253 2940 οὐκ
1277 2888 1539 2957 ἄντικρυς
1575 2888 1749 2956 ἀπεμο

159 2985 386 3050 φαῖνον,
433 2980 634 3052 ἀσθενῆ
690 2981 868 3048 λέγειν
919 2981 1010 3033 τὸν
1059 2980 1191 3033 Θεὸν
1241 2981 1334 3033 καὶ
1375 2979 1635 3034 ἀδύνατον
1685 2975 1744 3032 εὖ

1775 1777 1822 1835 Β

1851 521 2183 577 beatitudine
2207 520 2274 576 ad
2305 535 2394 576 res
2452 521 2586 576 viles
2644 528 2698 576 et
2735 521 2976 574 minutas
3023 533 3084 572 se
3119 517 3428 583 demittere,

1850 607 2199 682 etcorporeis
2260 626 2328 665 ex
2393 623 2685 682 nostraque
2732 611 2996 666 electione
3041 618 3096 664 et
3155 610 3431 664 voluntate

1852 704 2200 758 manantibus
2251 703 2470 772 ineptiis
2510 707 2656 757 velut
2686 701 2987 772 profanari,
3038 702 3270 772 ideoque
3308 717 3433 772 pro-

1855 795 2038 851 videre
2073 796 2261 866 nolle),
2299 812 2403 850 non
2440 794 2760 863 intelligunt,
2787 809 2843 850 se
2880 791 2990 848 Deo
3023 795 3157 848 duas
3193 794 3432 848 vitiosis-

1851 889 2017 942 simas
2062 888 2377 944 affectiones
2431 889 2694 952 tribuere,
2737 887 3044 957 superbiam
3099 895 3150 940 et
3178 887 3430 956 inquina-

1855 978 2073 1032 tionem.
2117 979 2222 1034 Aut
2246 978 2388 1032 enim
2438 978 2506 1031 ob
2555 978 2859 1046 superbiam
2892 976 3034 1031 Deus
3060 977 3343 1047 imperium
3377 986 3432 1028 et

1850 1070 2294 1140 gubernationem
2346 1084 2527 1123 rerum
2585 1068 2920 1138 singularum
2980 1069 3223 1137 deepicit,
3286 1067 3430 1136 quod

1852 1160 2000 1213 dictu
2051 1159 2502 1212 absurdissimum
2563 1167 2667 1220 est,
2726 1168 2838 1222 aut,
2877 1168 2935 1211 ut
2982 1159 3081 1228 ipsi
3114 1158 3429 1228 loquuntur,

1851 1252 1993 1320 quod
2023 1251 2448 1318 inquinationem
2480 1251 2698 1304 devitet.
2734 1250 2885 1316 Quod
2915 1238 2983 1314 si,
3009 1266 3130 1304 cum
3167 1249 3302 1303 radii
3341 1265 3430 1305 so-

1851 1342 1994 1394 lares
2019 1341 2126 1392 vim
2161 1341 2394 1394 habeant
2430 1340 2741 1393 attrahendi
2774 1341 3054 1394 humorem
3073 1356 3312 1406 omnem,
3333 1356 3430 1394 ne-

1851 1443 1979 1502 gant
2003 1432 2275 1500 inquinari
2303 1432 2468 1486 solem
2508 1431 2734 1500 ejusque
2779 1433 2977 1495 radios.
3013 1447 3132 1486 cum
3164 1445 3320 1486 caeno
3343 1418 3432 1485 lu?

1853 1537 1966 1576 cem
2005 1521 2263 1585 inferunt,
2304 1521 2399 1576 sed
2430 1523 2666 1592 integros
2705 1531 2758 1575 et
2805 1522 2870 1574 ab
2901 1523 3045 1575 onmi
3088 1524 3242 1576 sorde
3267 1537 3430 1590 puros

1855 1627 2073 1668 manere
2113 1613 2319 1678 dicunt,
2353 1615 2621 1682 quomodo
2654 1615 2819 1668 Deum
2857 1614 3015 1668 rebus
3034 1613 3281 1667 Immanis
3306 1627 3431 1683 pro-

1854 1703 2026 1758 fanari
2051 1705 2406 1758 existimant?

1924 1886 2040 1940 Non
2076 1897 2200 1942 sunt
2234 1889 2350 1943 btec
2395 1889 2675 1944 hominum
2729 1889 2998 1958 dogmata,
3034 1889 3122 1958 qui
3153 1889 3241 1942 Dei
3275 1897 3430 1942 natu.

1853 1992 1968 2030 ram
2003 1987 2346 2046 perspectam
2408 1979 2662 2032 habeant.
2718 1978 2850 2031 Nam
2907 1979 2959 2031 in
3022 1979 3187 2032 Deum
3258 1993 3431 2047 neque

1853 2069 2040 2130 tactio,
2075 2083 2249 2136 neque
2282 2068 2554 2146 interitus,
2599 2085 2773 2138 neque
2804 2069 3034 2134 macula,
3087 2084 3259 2138 neque
3285 2084 3432 2122 eom-

1854 2159 2078 2212 mutatio
2137 2157 2240 2210 ulla
2309 2168 2488 2228 potest
2533 2161 2752 2212 cadere.
2808 2159 3114 2228 lnquinatio
3164 2170 3344 2214 autem
3378 2167 3433 2214 et

1851 2250 2031 2302 omnia
2093 2247 2206 2315 eius
2257 2251 2473 2318 generis
2517 2245 2582 2303 ad
2615 2250 2966 2304 mutationem
2994 2251 3284 2318 pertinent.
3319 2248 3426 2306 Ve-

1854 2351 2158 2394 rumtamen
2196 2354 2374 2394 nonne
2402 2341 2849 2394 absurdissimum
2886 2351 2990 2405 est,
3015 2341 3309 2410 quemlibet
3339 2357 3431 2395 ar-

1854 2433 2075 2497 tificem,
2121 2436 2463 2501 maximeque
2494 2433 2782 2500 medicum,
2838 2434 3090 2487 universo
3139 2435 3430 2488 consulen-

1853 2536 1982 2589 tem,
2015 2525 2213 2578 nullam
2252 2540 2363 2578 rem
2393 2525 2460 2580 de
2486 2525 2734 2595 singulis,
2765 2541 2832 2579 ne
2879 2527 3155 2580 minimam
3190 2525 3430 2594 quidem.

1853 2618 1984 2672 artis
2006 2626 2060 2671 et
2086 2633 2229 2671 curre
2265 2628 2541 2688 expertem
2602 2619 3016 2687 praetermittere
3041 2657 3055 2682 .
3107 2619 3247 2689 quod
3273 2618 3430 2682 sciat,

1851 2708 2098 2763 conferre
2151 2707 2354 2777 aliquid
2395 2709 2462 2763 ad
2521 2725 2700 2764 rerum
2754 2711 3204 2766 universitatem:
3239 2709 3432 2772 Deum,

1851 2798 2093 2868 ejusdem
2143 2797 2516 2852 universitatis
2553 2799 2878 2864 molitorem,
2940 2800 3102 2854 etiam
3154 2799 3434 2868 Opiﬁcibus

1855 2892 2128 2946 rudiorem
2160 2891 2429 2946 reddere?
2460 2891 2752 2958 Czeterum,
2793 2909 2860 2946 an
2901 2893 3182 2964 providere
3209 2893 3430 2961 quidem

1852 2983 1983 3047 vult,
2016 2971 2122 3037 non
2157 2993 2336 3038 tamen
2401 2985 2618 3052 potest?
2671 2985 2952 3052 Quomodo
3004 3000 3106 3040 non
3155 2983 3435 3055 perspicue

160 3075 338 3124 ποιεῖν
360 3089 376 3136 ;
404 3072 614 3135 Ἀλλως
645 3089 703 3124 τε
734 3071 876 3124 κατὰ
903 3070 994 3122 δύο
1017 3071 1252 3142 τρόπους
1276 3070 1406 3140 φαίη
1432 3088 1514 3134 τις
1543 3069 1608 3123 ἂν
1633 3070 1744 3139 (99)

1862 3074 2143 3130 absurdum
2191 3085 2296 3141 est,
2331 3078 2495 3131 Deum
2541 3078 2862 3134 imbecillem
2915 3093 3185 3143 asserere,
3217 3086 3271 3130 et
3298 3077 3440 3131 bene.

158 3165 250 3217 τὸν
285 3165 423 3218 Θεὸν
457 3165 532 3235 μὴ
570 3163 828 3218 δύνασθαι
870 3167 1117 3234 προνοεῖν
1148 3163 1256 3218 τῶν
1303 3163 1541 3234 ἀτόμων,
1592 3163 1625 3234 ἢ
1669 3163 1747 3234 τῷ

157 3256 325 3308 αὑτὸν
367 3257 443 3326 μὴ
492 3256 814 3324 πεφυκέναι,
847 3257 880 3326 ἢ
927 3256 1006 3326 τῷ
1040 3255 1108 3308 τὰ
1169 3256 1246 3326 (1)
1281 3257 1422 3308 κατὰ
1461 3256 1624 3327 μέρος
1652 3257 1748 3310 ἀν-

161 3348 431 3400 επίδεκτα
463 3348 718 3417 προνοίας
748 3343 905 3402 εἶναι.
925 3347 1065 3400 Ἀλλ’
1098 3347 1180 3399 ὅτι
1213 3347 1310 3417 μὲν
1352 3347 1513 3410 αὐτὸς
1547 3347 1622 3417 (2)
1655 3347 1750 3400 πέ-

160 3454 304 3507 φυκε
333 3441 606 3508 προνοεῖν,
629 3438 723 3490 καὶ
746 3437 898 3490 αὐτοὶ
927 3436 1368 3507 συνομολογοῦσι,
1388 3437 1454 3490 δι’
1484 3431 1558 3489 ὧν
1590 3454 1750 3506 φασιν

155 3530 326 3584 αὑτὸν
357 3529 468 3582 τῶν
497 3529 723 3583 καθόλου
752 3531 1016 3597 προνοεῖν·
1040 3528 1214 3593 ἄλλως
1247 3547 1326 3594 τε,
1362 3528 1432 3583 τὰ
1466 3529 1565 3599 μὲν
1588 3545 1754 3582 κατα-

156 3621 426 3690 δεέστερα
487 3621 713 3689 φθάνειν
775 3623 855 3684 εἰς
909 3621 977 3674 τὰ
1023 3621 1398 3692 ὑπερκείμενα
1428 3620 1524 3690 οὐχ
1570 3615 1659 3673 οἷά
1690 3619 1750 3672 τέ

157 3715 314 3765 ἐστι’
353 3711 464 3764 τῶν
512 3713 569 3765 δὲ
603 3714 928 3784 κρειττόνων
970 3715 1002 3784 ἡ
1044 3712 1272 3783 δύναμις
1321 3712 1448 3783 ἄχρι
1502 3712 1597 3765 καὶ
1641 3711 1750 3764 τῶν

159 3801 492 3856 τελευταίων
532 3805 627 3856 καὶ
671 3802 780 3859 τῶν
827 3803 1170 3876 ἀναισθήτων
1215 3801 1461 3868 σώζουσα
1513 3803 1745 3857 κάτεισι.

1858 3169 2101 3222 merendi
2171 3168 2485 3224 facultatem
2523 3187 2627 3226 non
2683 3171 2926 3226 habere?
2967 3171 3233 3224 Praeterea
3261 3167 3434 3237 dupli-

1856 3259 1990 3309 citur
2021 3257 2242 3328 intelligi
2307 3269 2505 3326 potest,
2573 3261 2740 3314 Deum
2794 3259 3083 3313 individuis
3128 3258 3437 3327 ‘providere

1858 3361 1964 3400 non
2003 3361 2180 3416 posse.
2210 3357 2326 3414 aut,
2360 3350 2502 3418 quod
2548 3349 2662 3418 ipse
2713 3359 2900 3403 natura
2951 3365 3056 3403 non
3092 3350 3164 3404 sit
3204 3350 3269 3402 ad
3309 3361 3433 3416 pro-

1856 3436 2152 3489 curandum
2177 3435 2430 3502 idoneus,
2453 3446 2545 3491 aut
2579 3438 2721 3505 quod
2761 3453 2846 3492 res
2885 3435 3107 3506 singulae
3145 3435 3433 3504 provideno

1857 3527 1944 3579 tia:
1980 3542 2082 3580 non
2114 3528 2223 3582 sint
2253 3543 2497 3598 capaces.
2537 3529 2735 3582 Verum
2765 3529 3018 3583 idoneum
3042 3528 3257 3598 quidem
3282 3525 3432 3580 illum
3507 3587 3511 3590 _

1858 3632 1978 3674 esse
2020 3627 2210 3673 natura
2242 3623 2306 3674 ad
2333 3621 2745 3689 providendum,
2775 3622 2939 3675 etiam
2971 3621 3068 3690 ipsi
3107 3618 3432 3685 concedunt,

1859 3711 1984 3765 dmn
2009 3712 2184 3777 aiunt,
2217 3712 2368 3766 illum
2404 3714 2569 3769 rebus
2618 3713 2885 3768 universis
2925 3712 3233 3781 providere,
3262 3721 3434 3779 eoque

1859 3805 2052 3874 magis,
2092 3805 2235 3876 quod
2275 3804 2536 3861 inferiora
2575 3805 2642 3860 ad
2687 3805 2970 3876 superiora
2998 3803 3304 3874 pertingere
3327 3814 3433 3856 non

1349 3947 1509 4003 VAR.
1552 3947 1751 4006 LECT.
1793 3947 1883 4002 ET
1921 3947 2259 4010 ANIMADV.

237 4070 354 4140 (85)
385 4072 458 4124 El
500 4069 569 4124 δὲ
600 4071 924 4142 ῥᾳθυμίαν,
969 4086 1026 4124 κ.
1067 4086 1116 4124 τ.
1144 4070 1194 4122 λ.
1225 4070 1286 4124 Εἰ
1335 4070 1606 4142 ρᾳθυμίαν
1641 4071 1740 4142 μὲν

161 4143 396 4209 ἐπάγειν
417 4141 769 4212 παραιτοίντο
800 4144 920 4210 (sic,
943 4153 997 4194 et
1018 4158 1045 4194 a
1079 4157 1220 4194 corr.
1250 4141 1358 4193 rec.
1388 4141 1738 4212 παρέψοιντοὶ

161 4214 348 4281 λέγειν
367 4213 484 4280 (sed
506 4211 741 4281 syllaba:
774 4229 854 4264 ειν
879 4213 1197 4280 inscriptqu
1233 4227 1260 4262 a
1290 4227 1436 4264 man.
1473 4228 1581 4263 rec.
1615 4213 1664 4276 ε)
1687 4211 1744 4263 δὲ

208 4280 266 4353 ἡ.
292 4285 362 4336 Α.
404 4282 463 4335 2.
507 4281 571 4334 Εἰ
603 4280 660 4332 δὲ
691 4281 962 4352 ρᾳθυμίαν
992 4282 1097 4353 μὲν.
1117 4281 1343 4353 ἐπάγειν
1375 4283 1744 4353 παραιτοῖντο,

208 4303 266 4353 η,
292 4303 362 4336 Α.
404 4303 463 4335 z.
507 4303 571 4334 ιι
603 4303 660 4332 οε
691 4303 962 4352 ρᾳυυμιαν
992 4303 1091 4352 μεν
1117 4303 1343 4349 επαγειν
1375 4303 1744 4349 παραιτοιπο,

162 4303 379 4422 λιὲγοιεν
407 4353 579 4422 (sedy
607 4353 818 4422 punctis
844 4351 1117 4422 metatum)
1135 4351 1192 4404 δὲ
1238 4350 1312 4422 μὴ
1338 4351 1748 4422 πρέπειν,

235 4417 355 4491 (86)
407 4417 675 4484 Ἀνάξιον
702 4421 810 4490 γὰρ
837 4417 1010 4474 εἶναι.
1054 4421 1167 4492 Γάρ
1193 4417 1396 4474 οἰιιίιηξ
1426 4435 1559 4484 rec.,
1593 4420 1658 4473 A.
1689 4419 1745 4474 2.

163 4494 316 4548 Mox.
355 4493 456 4548 τῆς
483 4491 752 4548 τοσαύτης
787 4491 1206 4548 μακαριότητος.
1238 4491 1346 4544 Sed
1393 4507 1428 4542 α
1452 4491 1745 4544 secundum

217 4510 316 4554 01,

163 4565 217 4617 in
260 4560 556 4632 μακαριότ.
609 4560 1088 4632 suprascriptum,
1131 4563 1193 4615 D.
1231 4561 1282 4614 1.
1325 4560 1606 4629 Τοσαύτης
1643 4574 1746 4613 non

163 4633 439 4700 displicet.

228 4723 347 4791 (87)
388 4721 636 4788 Μικροῗς
671 4721 1193 4791 συγκαταϐαίνειν.
1233 4721 1309 4776 Ex
1345 4730 1573 4776 correct.
1609 4735 1744 4785 rec.,

160 4805 326 4847 antea
373 4795 622 4862 μακροῖς.
679 4793 734 4847 Α.
762 4793 816 4845 2.

233 4881 357 4944 (88)
399 4880 834 4947 Βεὸηλοῦσθαι.
868 4879 1367 4947 Συμόεϐηλοῦσθαι,
1399 4879 1459 4933 D.
1507 4880 1558 4941 1,
1590 4879 1652 4931 Α.
1688 4879 1743 4932 2.

165 4971 183 5000 ι
212 4951 635 5024 Contaminari,
664 4973 682 5004 ο
704 4953 839 5007 Con.
865 4953 986 5024 Mox
1013 4954 1154 5024 idem
1187 4957 1596 5024 προαιρετικοῖς
1624 4956 1753 5009 ἀτο-

158 5022 322 5084 πίαις
354 5021 554 5087 reddit,
588 5023 756 5077 electu
783 5023 1038 5093 indignis.
1073 5022 1214 5095 Ergo
1231 5021 1644 5096 ἀπροαιρέτως.

233 5112 355 5181 (89)
396 5109 852 5177 Περιάπτοντες.
887 5109 1319 5180 Προσάπτοντες,
1369 5112 1430 5165 1).
1483 5113 1532 5177 1,
1573 5117 1638 5166 Α.
1689 5114 1743 5167 2.

171 5180 484 5244 Utrumque
511 5183 792 5232 usitatum.

235 5252 357 5389 (90)
393 5254 470 5303 Ἣ
501 5250 609 5319 γὰρ
630 5248 705 5302 δι’
734 5250 1090 5318 ὑπεροψίαν.
1121 5251 1206 5315 Ei,
1241 5252 1357 5306 loco
1378 5253 1433 5324 ἦ,
1466 5253 1529 5304 Α.
1563 5253 1618 5306 2.

235 5323 326 5389 (91
397 5322 507 5375 Kal
541 5318 910 5386 διοικήσεως,
952 5339 1006 5375 κ.
1042 5338 1094 5374 τ.
1143 5322 1192 5374 λ.
1238 5322 1365 5376 Post
1415 5325 1510 5376 καί
1558 5341 1612 5376 ra

233 5318 355 5389 (91)
397 5318 516 5375 Καὶ
541 5318 910 5386 διοικήσεως,
952 5339 1006 5375 κ.
1042 5338 1094 5374 τ.
1143 5322 1192 5374 λ.
1238 5322 1365 5376 Post
1399 5318 1510 5376 ’καί
1558 5339 1743 5377 rasura

163 5395 406 5447 deletum
432 5392 551 5462 τῆς,
579 5403 634 5444 et
654 5391 734 5454 τό,
769 5391 885 5445 loco
916 5391 1045 5457 τῶν,
1080 5392 1138 5446 D.
1170 5393 1221 5445 1.
1249 5391 1391 5460 Mox,
1422 5393 1498 5456 ὡς
1532 5394 1623 5445 καὶ
1651 5394 1747 5445 αὑ-

163 5464 248 5516 τοί
285 5478 477 5527 φασιν.
521 5463 684 5514 idem.

234 5532 355 5601 (92)
397 5530 527 5585 Πᾶν
558 5529 624 5582 τὸ
655 5532 860 5601 ὑγρόν.
907 5529 980 5581 Τό
1003 5531 1286 5601 Δει1)‹ξει,ί1).
1325 5532 1376 5594 1,
1409 5535 1470 5586 Λ.
1504 5533 1558 5587 2.
1599 5529 1743 5596 Mox,

159 5599 262 5665 τὰς
303 5603 534 5664 ἀκτῖνας
562 5600 749 5671 αὑτὰς,
786 5601 935 5666 ὅταν,
984 5599 1048 5652 Α.
1091 5601 1146 5666 2,
1200 5600 1270 5653 M.
1316 5605 1498 5657 ‘2.«Ne
1528 5605 1742 5671 quidem

161 5674 350 5724 radios
376 5673 544 5738 ipsos,
563 5667 728 5724 iVall.

233 5740 355 5810 (95)
391 5741 942 5810 Συμόεϐιιλοῦσθαι.
987 5740 1375 5812 Βεϐηλοῦσθαι,
1413 5742 1470 5798 D.
1511 5744 1560 5796 1.
1592 5741 1738 5810 Mox,

1851 4073 1939 4142 τῇ.
1972 4071 2024 4123 in
2077 4073 2225 4142 τῇδε,
2259 4087 2286 4125 a
2334 4087 2480 4127 man.
2521 4087 2659 4138 rec.,
2689 4069 2754 4126 Α.
2791 4068 2846 4126 2.
2883 4069 3006 4125 Mox
3042 4071 3146 4138 τά,
3175 4084 3301 4129 ante
3339 4073 3430 4128 δό-

1850 4157 2069 4211 γματα,
2101 4146 2286 4204 abest,
2329 4143 2398 4197 Μ.
2424 4143 2479 4197 2.

1945 4211 2036 4284 95)
2087 4211 2495 4284 ῘΑδιᾴφθορον.
2557 4211 2996 4284 Ἀδιάφορονηᾼ.

1945 4280 2036 4362 95)
2070 4279 2609 4362 ςοῆδὲξμολρσμός,
2640 4279 2795 4362 κκτί
2814 4282 2873 4362 λ..
2915 4281 2973 4362 'Q
2997 4283 3106 4352 γὰρ
3132 4283 3432 4362 μολυεμός,

1849 4348 2023 4422 E192,
2056 4350 2119 4404 Α.
2148 4351 2203 4403 2.
2255 4348 2314 4404 ’0
2345 4353 2453 4422 γὰρ
2475 4348 2883 4422 μολυσμὸςκαὶ
2911 4351 2978 4404 τά
3008 4348 3249 4422 τοιαῦτα,
3283 4348 3344 4406 Π.
3375 4348 3429 4409 1.

1853 4421 1966 4490 Γάρ
1994 4423 2161 4493 habet
2207 4422 2377 4493 etiam
2399 4419 2546 4493 eque
2571 4458 2587 4482 ,
2629 4419 2720 4493 sed
2749 4419 2902 4483 ἄλλα,
2937 4422 3054 4493 loco
3080 4421 3279 4493 πάντα.
3316 4424 3432 4493 Γάρ

355 4493 456 4562 τῆς
483 4477 1206 4565 τοὼύτήίμαξιαριότητρς.
1238 4491 1368 4565 §eti_
1393 4507 1428 4542 α
1452 4477 1745 4565 secundum

1862 4500 1907 4542 et
1935 4477 2112 4565 πάντα
2140 4505 2201 4565 ex
2213 4477 2601 4565 pressityalla'.
2634 4489 2776 4554 Mox,
2798 4477 3048 4558 τεχνίτην
3085 4492 3183 4561 μὲν
3213 4477 3439 4565 οίασδήζ.

1853 4575 2002 4621 ποτε,
2045 4560 2108 4613 D.
2146 4561 2198 4616 1.
2230 4559 2292 4610 A.
2331 4559 2390 4620 2,
2423 4559 2535 4612 Vall

1922 4628 2047 4702 (96),
2069 4627 2426 4702 plndérfdbr
2454 4627 2604 4702 acqu
2635 4627 2833 4702 μέρος.
2879 4629 3030 4702 Μῃδέ
3053 4629 3184 4702 loco
3239 4632 3428 4702 μηδέν,

1849 4699 1914 4752 Α.
2032 4697 2212 4770 Μηδέν
2243 4697 2363 4770 τῶν
2384 4698 2504 4752 καθ’
2531 4698 2738 4770 ἕκαστα
2762 4699 2795 4770 ἢ
2823 4697 2968 4752 κατᾶ
2996 4701 3181 4770 μέρος,
3213 4697 3278 4754 Μ.
3302 4697 3367 4754 ’2.

1922 4768 2060 4841 (97)
2093 4768 2307 4841 Ειδότα
2336 4769 2436 4834 ὡς.
2493 4771 2572 4841 Ab
2606 4769 2705 4841 hoc
2739 4768 2855 4841 loco
2898 4773 2962 4822 ad
2999 4768 3176 4822 tinem
3221 4774 3430 4841 paginae

1854 4837 1956 4890 177
1981 4839 2112 4892 edit.
2168 4839 2293 4911 Aut.
2328 4838 2587 4911 vocabula
2628 4839 2882 4911 διάφορόν
2931 4856 2991 4892 τε
3041 4841 3133 4894 καί
3179 4837 3432 4911 leguntur

1849 4923 1879 4961 a
1915 4923 2059 4963 man.
2091 4924 2199 4962 rec.
2227 4910 2276 4960 in
2314 4925 2505 4976 marg,
2544 4910 2608 4961 Α.
2641 4910 2696 4962 2.

1922 4977 2032 5051 (98)
2072 4978 2370 5051 gvrtslsi
2395 4979 2598 5051 μέρος.
2631 4980 2880 5033 Συντελεῖ
2933 4983 2995 5033 τὸ
3037 4982 3220 5051 μέρος,
3268 4983 3327 5034 Ι).
3375 4981 3428 5046 1,

1849 5048 2044 5120 5.2L
2074 5048 2192 5120 Μυξ
2231 5049 2627 5120 ἀμαθέστερον,
2681 5051 2796 5120 loco
2837 5048 3231 5120 ἀμαθέστατον,
3263 5051 3327 5102 Α.
3370 5052 3427 5117 2,

1850 5117 1974 5191 _D.1,
2005 5118 2140 5191 _Con.
2171 5117 2668 5191 [inperitiuspvalh
2699 5119 2864 5191 Paulo
2881 5117 3029 5186 post,
3059 5122 3425 5191 ἁπεμφαῖνον,

1847 5187 2356 5263 Ιοροάπεμιραίν-ον,
2399 5189 2461 5242 D.
2498 5190 2549 5244 1.
2593 5190 2976 5260 ’Δπεμφαίνων
3021 5187 3235 5263 ἀσθενῆ
3254 5191 3430 5260 λέγων

1846 5257 1939 5309 τὸν
1965 5257 2118 5318 Θεόν,
2153 5261 2228 5312 Μ.
2259 5259 2313 5312 2.

1920 5327 2032 5401 (99)
2071 5331 2222 5397 Φαίη
2261 5346 2352 5394 τις
2385 5329 2482 5382 ἄν.
2525 5330 2664 5400 Φαίη
2706 5331 2771 5385 ἄν
2807 5348 2915 5397 τις,
2956 5332 3023 5389 Α.
3066 5331 3120 5385 2.
3155 5331 3298 5401 Mox,
3335 5333 3428 5386 τὸν

1848 5397 2085 5468 ἀτόμων.
2121 5401 2232 5461 διε,
2277 5402 2335 5452 ι).
2372 5401 2422 5453 1.

1921 5467 1996 5540 (Ι)
2041 5469 2108 5522 Ἦ
2132 5468 2211 5533 τῷ
2232 5468 2424 5540 ,αὑτὸν
2446 5499 2514 5510 —-
2540 5471 2574 5540 ἣ
2608 5471 2689 5536 τῷ
2716 5474 2786 5524 τὰ
2809 5473 2976 5528 κατά.
3009 5474 3078 5525 Ἦ
3107 5474 3168 5526 τὸ
3197 5474 3425 5529 αὐτὸν...

1845 5537 1964 5654 ἢ)τὸ
1995 5540 2136 5592 κατά
2176 5539 2337 5625 μέρρς
2359 5580 2374 5603 ,
2410 5540 2474 5591 Α.
2501 5537 2571 5594 Ξ.
2600 5543 2669 5593 Ἦ
2702 5543 2780 5613 τῷ
2809 5545 2969 5596 αὑτὸν
2996 5573 3066 5582 --
3092 5543 3124 5613 ἢ
3152 5544 3228 5613 τῷ
3263 5544 3427 5608 κατά,

1847 5605 1869 5654 Ι
1897 5646 1910 5654 .
1941 5606 1993 5654 1-
2034 5609 2101 5654 ἸΙ
2136 5609 2197 5654 τὸ
2234 5609 2367 5654 auth
2396 5640 2466 5650 —
2495 5611 2588 5654 καὶ
2628 5612 2689 5654 τὸ
2720 5614 2857 5654 νηττιᾶ
2927 5613 2993 5654 Μ,
3026 5613 3077 5654 9,
3121 5615 3255 5654 Mm,
3286 5608 3427 5654 εἶναι

1847 5605 1910 5658 1).
1941 5606 1994 5660 1.
2025 5609 2102 5681 .Ὶί
2136 5605 2197 5681 τὸ
2234 5605 2367 5681 αὑτὸ
2396 5640 2466 5650 --
2495 5611 2588 5664 καὶ
2628 5612 2689 5665 τὸ
2720 5605 2881 5676 κατά,
2923 5613 2995 5667 Μ.
3026 5613 3080 5665 2.
3113 5605 3259 5681 'Mo'x,
3286 5605 3430 5669 εῖναι

1846 5678 2124 5747 προνοίας,
2158 5680 2218 5731 1).
2261 5680 2308 5734 1.

1915 5746 1993 5817 (2)
2035 5749 2162 5802 Ὀτι
2185 5749 2303 5818 μὲν
2333 5751 2532 5817 αὑτός.
2561 5753 2684 5806 ’Ότι
2715 5753 2876 5817 αὐτὸς
2911 5754 3035 5824 μέν,
3064 5751 3127 5808 D.
3165 5753 3218 5808 1.
