  <div class='ocr_page' id='page_1' title='image "/cluster/home/n/w/nwhite01/storage/ocr_20150623/40/hvd.32044019207786/433.png"; bbox 0 0 3858 6310; ppageno 0'>
   <div class='ocr_carea' id='block_1_1' title="bbox 476 269 2454 361">
    <p class='ocr_par' dir='ltr' id='par_1_1' title="bbox 476 269 2454 361">
     <span class='ocr_line' id='line_1_1' title="bbox 476 269 2454 361; baseline 0.001 -2"><span class='ocrx_word' id='word_1_1' title='bbox 476 307 538 360; x_wconf 63' lang='grc' dir='ltr'>δι</span> <span class='ocrx_word' id='word_1_2' title='bbox 1675 269 2002 361; x_wconf 68' lang='lat' dir='ltr'><strong>senatus</strong></span> <span class='ocrx_word' id='word_1_3' title='bbox 2039 300 2454 360; x_wconf 73' lang='lat' dir='ltr'><strong>oxourensrs</strong></span> 
     </span>
    </p>
   </div>
   <div class='ocr_carea' id='block_1_2' title="bbox 3557 301 3698 363">
    <p class='ocr_par' dir='ltr' id='par_1_2' title="bbox 3557 301 3698 363">
     <span class='ocr_line' id='line_1_2' title="bbox 3557 301 3698 363; baseline 0 0"><span class='ocrx_word' id='word_1_4' title='bbox 3557 301 3698 363; x_wconf 76' lang='grc'><strong>’832</strong></span> 
     </span>
    </p>
   </div>
   <div class='ocr_carea' id='block_1_3' title="bbox 513 413 3697 486">
    <p class='ocr_par' dir='ltr' id='par_1_3' title="bbox 513 413 3697 486">
     <span class='ocr_line' id='line_1_3' title="bbox 513 413 3697 486; baseline 0 -15"><span class='ocrx_word' id='word_1_5' title='bbox 513 418 642 482; x_wconf 83' lang='lat' dir='ltr'><strong>l’ag.</strong></span> <span class='ocrx_word' id='word_1_6' title='bbox 668 415 757 470; x_wconf 75' lang='lat'><strong>82.</strong></span> <span class='ocrx_word' id='word_1_7' title='bbox 789 415 899 472; x_wconf 84' lang='grc' dir='ltr'><em>Τοῦ</em></span> <span class='ocrx_word' id='word_1_8' title='bbox 932 415 1001 470; x_wconf 74' lang='grc' dir='ltr'><em>δὲ</em></span> <span class='ocrx_word' id='word_1_9' title='bbox 1030 415 1302 484; x_wconf 80' lang='grc' dir='ltr'><strong>ἀριθμοῦ.</strong></span> <span class='ocrx_word' id='word_1_10' title='bbox 1331 413 1447 472; x_wconf 73' lang='lat' dir='ltr'><strong>Non</strong></span> <span class='ocrx_word' id='word_1_11' title='bbox 1489 418 1805 472; x_wconf 84' lang='lat' dir='ltr'><strong>memoriam</strong></span> <span class='ocrx_word' id='word_1_12' title='bbox 1835 421 2016 486; x_wconf 91' lang='lat' dir='ltr'><strong>modo,</strong></span> <span class='ocrx_word' id='word_1_13' title='bbox 2048 426 2095 482; x_wconf 77' lang='grc' dir='ltr'><strong>Α</strong></span> <span class='ocrx_word' id='word_1_14' title='bbox 2125 434 2230 473; x_wconf 89' lang='lat' dir='ltr'><strong>non</strong></span> <span class='ocrx_word' id='word_1_15' title='bbox 2275 418 2465 472; x_wconf 87' lang='lat' dir='ltr'><strong>eodem</strong></span> <span class='ocrx_word' id='word_1_16' title='bbox 2501 423 2901 486; x_wconf 72' lang='lat' dir='ltr'><strong>argumentoet</strong></span> <span class='ocrx_word' id='word_1_17' title='bbox 2933 415 3022 468; x_wconf 91' lang='lat' dir='ltr'><strong>alii</strong></span> <span class='ocrx_word' id='word_1_18' title='bbox 3060 423 3361 478; x_wconf 77' lang='lat' dir='ltr'><strong>uterentur,</strong></span> <span class='ocrx_word' id='word_1_19' title='bbox 3390 419 3484 486; x_wconf 89' lang='lat' dir='ltr'><strong>qui</strong></span> <span class='ocrx_word' id='word_1_20' title='bbox 3513 413 3697 476; x_wconf 76' lang='lat' dir='ltr'><strong>solum</strong></span> 
     </span>
    </p>
   </div>
   <div class='ocr_carea' id='block_1_4' title="bbox 438 486 2011 558">
    <p class='ocr_par' dir='ltr' id='par_1_4' title="bbox 438 486 2011 558">
     <span class='ocr_line' id='line_1_4' title="bbox 438 486 2011 558; baseline 0.003 -18"><span class='ocrx_word' id='word_1_21' title='bbox 438 493 535 558; x_wconf 83' lang='lat' dir='ltr'><strong>sed</strong></span> <span class='ocrx_word' id='word_1_22' title='bbox 563 497 618 558; x_wconf 82' lang='lat' dir='ltr'><strong>et</strong></span> <span class='ocrx_word' id='word_1_23' title='bbox 656 486 885 558; x_wconf 84' lang='lat' dir='ltr'><strong>rationis</strong></span> <span class='ocrx_word' id='word_1_24' title='bbox 928 500 1082 558; x_wconf 87' lang='lat' dir='ltr'><strong>usum</strong></span> <span class='ocrx_word' id='word_1_25' title='bbox 1119 486 1356 558; x_wconf 82' lang='lat' dir='ltr'><strong>postulat</strong></span> <span class='ocrx_word' id='word_1_26' title='bbox 1390 487 1706 542; x_wconf 80' lang='lat' dir='ltr'><strong>numerandi</strong></span> <span class='ocrx_word' id='word_1_27' title='bbox 1751 497 2011 558; x_wconf 83' lang='lat' dir='ltr'><strong>potestas.</strong></span> 
     </span>
    </p>
   </div>
   <div class='ocr_carea' id='block_1_5' title="bbox 444 555 2012 625">
    <p class='ocr_par' dir='ltr' id='par_1_5' title="bbox 444 555 2012 625">
     <span class='ocr_line' id='line_1_5' title="bbox 444 555 2012 625; baseline 0.001 -15"><span class='ocrx_word' id='word_1_28' title='bbox 444 555 763 610; x_wconf 73' lang='lat' dir='ltr'><strong>Rectissime</strong></span> <span class='ocrx_word' id='word_1_29' title='bbox 803 557 944 625; x_wconf 89' lang='lat' dir='ltr'><strong>enim</strong></span> <span class='ocrx_word' id='word_1_30' title='bbox 978 557 1228 610; x_wconf 73' lang='lat' dir='ltr'><strong>observat</strong></span> <span class='ocrx_word' id='word_1_31' title='bbox 1262 555 1487 625; x_wconf 84' lang='lat' dir='ltr'><strong>Aristot.</strong></span> <span class='ocrx_word' id='word_1_32' title='bbox 1515 565 1649 610; x_wconf 90' lang='lat' dir='ltr'><strong>sect.</strong></span> <span class='ocrx_word' id='word_1_33' title='bbox 1675 558 1728 619; x_wconf 80' lang='grc'><strong>5,</strong></span> <span class='ocrx_word' id='word_1_34' title='bbox 1752 555 1911 625; x_wconf 79' lang='lat' dir='ltr'><strong>prob.</strong></span> <span class='ocrx_word' id='word_1_35' title='bbox 1941 560 2012 613; x_wconf 88' lang='lat'><strong>6:</strong></span> 
     </span>
    </p>
   </div>
   <div class='ocr_carea' id='block_1_6' title="bbox 442 623 2016 696">
    <p class='ocr_par' dir='ltr' id='par_1_6' title="bbox 442 623 2016 696">
     <span class='ocr_line' id='line_1_6' title="bbox 442 623 2016 696; baseline 0.003 -19"><span class='ocrx_word' id='word_1_36' title='bbox 442 625 760 696; x_wconf 57' lang='grc' dir='ltr'><strong>Ἄνθρωπος</strong></span> <span class='ocrx_word' id='word_1_37' title='bbox 806 624 1058 696; x_wconf 81' lang='grc' dir='ltr'><strong>ἀριθμεῖν</strong></span> <span class='ocrx_word' id='word_1_38' title='bbox 1115 626 1274 696; x_wconf 77' lang='grc' dir='ltr'><em>μόνος</em></span> <span class='ocrx_word' id='word_1_39' title='bbox 1313 623 1614 696; x_wconf 60' lang='grc' dir='ltr'><em>ἐπίσταται</em></span> <span class='ocrx_word' id='word_1_40' title='bbox 1680 623 1791 680; x_wconf 81' lang='grc' dir='ltr'><em>τῶν</em></span> <span class='ocrx_word' id='word_1_41' title='bbox 1840 628 2016 682; x_wconf 76' lang='grc' dir='ltr'><strong>ἄλλων</strong></span> 
     </span>
    </p>
   </div>
   <div class='ocr_carea' id='block_1_7' title="bbox 440 693 2015 758">
    <p class='ocr_par' dir='ltr' id='par_1_7' title="bbox 440 693 2015 758">
     <span class='ocr_line' id='line_1_7' title="bbox 440 693 2015 758; baseline 0.003 -11"><span class='ocrx_word' id='word_1_42' title='bbox 440 693 620 758; x_wconf 77' lang='grc' dir='ltr'><strong>ζώων.</strong></span> <span class='ocrx_word' id='word_1_43' title='bbox 655 693 808 750; x_wconf 84' lang='lat' dir='ltr'><strong>Unde</strong></span> <span class='ocrx_word' id='word_1_44' title='bbox 839 693 1034 747; x_wconf 83' lang='lat' dir='ltr'><strong>merito</strong></span> <span class='ocrx_word' id='word_1_45' title='bbox 1066 693 1262 748; x_wconf 75' lang='lat' dir='ltr'><strong>exinde</strong></span> <span class='ocrx_word' id='word_1_46' title='bbox 1310 694 1565 749; x_wconf 91' lang='lat' dir='ltr'><strong>indicium</strong></span> <span class='ocrx_word' id='word_1_47' title='bbox 1612 697 1846 750; x_wconf 76' lang='lat' dir='ltr'><strong>sumitur</strong></span> <span class='ocrx_word' id='word_1_48' title='bbox 1887 699 2015 752; x_wconf 85' lang='lat' dir='ltr'><strong>bar-</strong></span> 
     </span>
    </p>
   </div>
   <div class='ocr_carea' id='block_1_8' title="bbox 444 763 2014 834">
    <p class='ocr_par' dir='ltr' id='par_1_8' title="bbox 444 763 2014 834">
     <span class='ocr_line' id='line_1_8' title="bbox 444 763 2014 834; baseline 0.002 -17"><span class='ocrx_word' id='word_1_49' title='bbox 444 764 992 834; x_wconf 85' lang='lat' dir='ltr'><strong>bararumgentium,</strong></span> <span class='ocrx_word' id='word_1_50' title='bbox 1022 779 1255 832; x_wconf 85' lang='lat' dir='ltr'><strong>quarum</strong></span> <span class='ocrx_word' id='word_1_51' title='bbox 1284 763 1497 829; x_wconf 78' lang='lat' dir='ltr'><strong>aliquze,</strong></span> <span class='ocrx_word' id='word_1_52' title='bbox 1535 767 1678 834; x_wconf 90' lang='lat' dir='ltr'><strong>quod</strong></span> <span class='ocrx_word' id='word_1_53' title='bbox 1705 767 1772 821; x_wconf 90' lang='lat' dir='ltr'><strong>de</strong></span> <span class='ocrx_word' id='word_1_54' title='bbox 1802 768 2014 820; x_wconf 82' lang='lat' dir='ltr'><strong>Ameri-</strong></span> 
     </span>
    </p>
   </div>
   <div class='ocr_carea' id='block_1_9' title="bbox 439 833 2015 906">
    <p class='ocr_par' dir='ltr' id='par_1_9' title="bbox 439 833 2015 906">
     <span class='ocr_line' id='line_1_9' title="bbox 439 833 2015 906; baseline 0.003 -18"><span class='ocrx_word' id='word_1_55' title='bbox 439 833 592 888; x_wconf 84' lang='lat' dir='ltr'><strong>canis</strong></span> <span class='ocrx_word' id='word_1_56' title='bbox 621 833 837 906; x_wconf 78' lang='lat' dir='ltr'><strong>dicitur,</strong></span> <span class='ocrx_word' id='word_1_57' title='bbox 866 847 970 887; x_wconf 93' lang='lat' dir='ltr'><strong>non</strong></span> <span class='ocrx_word' id='word_1_58' title='bbox 994 834 1140 906; x_wconf 83' lang='lat' dir='ltr'><strong>ultra</strong></span> <span class='ocrx_word' id='word_1_59' title='bbox 1173 843 1315 897; x_wconf 85' lang='lat' dir='ltr'><strong>octo,</strong></span> <span class='ocrx_word' id='word_1_60' title='bbox 1342 833 1431 887; x_wconf 86' lang='lat' dir='ltr'><strong>alii</strong></span> <span class='ocrx_word' id='word_1_61' title='bbox 1465 849 1570 889; x_wconf 89' lang='lat' dir='ltr'><strong>non</strong></span> <span class='ocrx_word' id='word_1_62' title='bbox 1609 834 1746 890; x_wconf 88' lang='lat' dir='ltr'><strong>ultra</strong></span> <span class='ocrx_word' id='word_1_63' title='bbox 1778 848 2015 906; x_wconf 85' lang='lat' dir='ltr'><strong>quatuor</strong></span> 
     </span>
    </p>
   </div>
   <div class='ocr_carea' id='block_1_10' title="bbox 441 902 1128 970">
    <p class='ocr_par' dir='ltr' id='par_1_10' title="bbox 441 902 1128 970">
     <span class='ocr_line' id='line_1_10' title="bbox 441 902 1128 970; baseline 0.001 -14"><span class='ocrx_word' id='word_1_64' title='bbox 441 902 773 956; x_wconf 84' lang='lat' dir='ltr'><strong>numerando</strong></span> <span class='ocrx_word' id='word_1_65' title='bbox 810 903 1128 970; x_wconf 90' lang='lat' dir='ltr'><strong>procedunt.</strong></span> 
     </span>
    </p>
   </div>
   <div class='ocr_carea' id='block_1_11' title="bbox 511 986 2018 1050">
    <p class='ocr_par' dir='ltr' id='par_1_11' title="bbox 511 986 2018 1050">
     <span class='ocr_line' id='line_1_11' title="bbox 511 986 2018 1050; baseline 0.001 -4"><span class='ocrx_word' id='word_1_66' title='bbox 511 993 646 1048; x_wconf 90' lang='lat' dir='ltr'><strong>Ibid.</strong></span> <span class='ocrx_word' id='word_1_67' title='bbox 676 986 904 1047; x_wconf 73' lang='grc' dir='ltr'><em>*Ηττον</em></span> <span class='ocrx_word' id='word_1_68' title='bbox 944 992 1012 1046; x_wconf 81' lang='grc' dir='ltr'><strong>δὲ</strong></span> <span class='ocrx_word' id='word_1_69' title='bbox 1049 993 1147 1048; x_wconf 80' lang='grc' dir='ltr'><strong>διὰ</strong></span> <span class='ocrx_word' id='word_1_70' title='bbox 1185 994 1390 1048; x_wconf 77' lang='grc' dir='ltr'><strong>ὑέλου.</strong></span> <span class='ocrx_word' id='word_1_71' title='bbox 1437 994 1715 1050; x_wconf 79' lang='lat' dir='ltr'><strong>Reiractio</strong></span> <span class='ocrx_word' id='word_1_72' title='bbox 1760 995 1897 1050; x_wconf 85' lang='lat' dir='ltr'><strong>radii</strong></span> <span class='ocrx_word' id='word_1_73' title='bbox 1936 997 2018 1050; x_wconf 64' lang='lat' dir='ltr'><strong>lno</strong></span> 
     </span>
    </p>
   </div>
   <div class='ocr_carea' id='block_1_12' title="bbox 440 1063 2015 1135">
    <p class='ocr_par' dir='ltr' id='par_1_12' title="bbox 440 1063 2015 1135">
     <span class='ocr_line' id='line_1_12' title="bbox 440 1063 2015 1135; baseline 0 -18"><span class='ocrx_word' id='word_1_74' title='bbox 440 1063 724 1135; x_wconf 88' lang='lat' dir='ltr'><strong>minosi__in</strong></span> <span class='ocrx_word' id='word_1_75' title='bbox 763 1077 946 1135; x_wconf 83' lang='lat' dir='ltr'><strong>aerem</strong></span> <span class='ocrx_word' id='word_1_76' title='bbox 985 1079 1052 1135; x_wconf 63' lang='lat' dir='ltr'><strong>ex</strong></span> <span class='ocrx_word' id='word_1_77' title='bbox 1104 1079 1243 1135; x_wconf 88' lang='lat' dir='ltr'><strong>aqua</strong></span> <span class='ocrx_word' id='word_1_78' title='bbox 1285 1079 1342 1118; x_wconf 88' lang='lat' dir='ltr'><strong>se</strong></span> <span class='ocrx_word' id='word_1_79' title='bbox 1380 1065 1574 1128; x_wconf 81' lang='lat' dir='ltr'><strong>habet,</strong></span> <span class='ocrx_word' id='word_1_80' title='bbox 1614 1066 1880 1120; x_wconf 75' lang='lat' dir='ltr'><strong>calculum</strong></span> <span class='ocrx_word' id='word_1_81' title='bbox 1917 1081 2015 1135; x_wconf 84' lang='lat' dir='ltr'><strong>po-</strong></span> 
     </span>
    </p>
   </div>
   <div class='ocr_carea' id='block_1_13' title="bbox 440 1131 2015 1200">
    <p class='ocr_par' dir='ltr' id='par_1_13' title="bbox 440 1131 2015 1200">
     <span class='ocr_line' id='line_1_13' title="bbox 440 1131 2015 1200; baseline 0.002 -14"><span class='ocrx_word' id='word_1_82' title='bbox 440 1143 605 1186; x_wconf 91' lang='lat' dir='ltr'><strong>neute</strong></span> <span class='ocrx_word' id='word_1_83' title='bbox 627 1131 892 1197; x_wconf 79' lang='lat' dir='ltr'><strong>Cartesio,</strong></span> <span class='ocrx_word' id='word_1_84' title='bbox 920 1142 978 1187; x_wconf 92' lang='lat' dir='ltr'><strong>ut</strong></span> <span class='ocrx_word' id='word_1_85' title='bbox 1004 1133 1038 1186; x_wconf 81' lang='lat'><strong>&#39;5</strong></span> <span class='ocrx_word' id='word_1_86' title='bbox 1061 1136 1126 1187; x_wconf 93' lang='lat' dir='ltr'><strong>ad</strong></span> <span class='ocrx_word' id='word_1_87' title='bbox 1158 1131 1214 1196; x_wconf 57' lang='grc' dir='ltr'><strong>λ,</strong></span> <span class='ocrx_word' id='word_1_88' title='bbox 1244 1149 1337 1187; x_wconf 91' lang='lat' dir='ltr'><strong>seu</strong></span> <span class='ocrx_word' id='word_1_89' title='bbox 1376 1135 1554 1200; x_wconf 81' lang='lat' dir='ltr'><strong>potius</strong></span> <span class='ocrx_word' id='word_1_90' title='bbox 1581 1135 1680 1189; x_wconf 70' lang='lat'><strong>187</strong></span> <span class='ocrx_word' id='word_1_91' title='bbox 1711 1137 1776 1188; x_wconf 91' lang='lat' dir='ltr'><strong>ad</strong></span> <span class='ocrx_word' id='word_1_92' title='bbox 1807 1131 1932 1189; x_wconf 68' lang='grc' dir='ltr'><strong>25οζ</strong></span> <span class='ocrx_word' id='word_1_93' title='bbox 1956 1132 2015 1189; x_wconf 90' lang='lat' dir='ltr'><strong>In</strong></span> 
     </span>
    </p>
   </div>
   <div class='ocr_carea' id='block_1_14' title="bbox 439 1203 2018 1272">
    <p class='ocr_par' dir='ltr' id='par_1_14' title="bbox 439 1203 2018 1272">
     <span class='ocr_line' id='line_1_14' title="bbox 439 1203 2018 1272; baseline 0.001 -17"><span class='ocrx_word' id='word_1_94' title='bbox 439 1217 621 1256; x_wconf 88' lang='lat' dir='ltr'><strong>aeretn</strong></span> <span class='ocrx_word' id='word_1_95' title='bbox 652 1217 718 1256; x_wconf 84' lang='lat' dir='ltr'><strong>ex</strong></span> <span class='ocrx_word' id='word_1_96' title='bbox 748 1203 907 1272; x_wconf 84' lang='lat' dir='ltr'><strong>vitro.</strong></span> <span class='ocrx_word' id='word_1_97' title='bbox 947 1213 1003 1255; x_wconf 93' lang='lat' dir='ltr'><strong>ut</strong></span> <span class='ocrx_word' id='word_1_98' title='bbox 1027 1204 1064 1256; x_wconf 80' lang='grc'>2</span> <span class='ocrx_word' id='word_1_99' title='bbox 1101 1214 1154 1258; x_wconf 90' lang='lat' dir='ltr'><strong>et</strong></span> <span class='ocrx_word' id='word_1_100' title='bbox 1184 1205 1238 1266; x_wconf 83' lang='lat'><strong>5,</strong></span> <span class='ocrx_word' id='word_1_101' title='bbox 1275 1206 1318 1256; x_wconf 90' lang='lat' dir='ltr'><strong>si</strong></span> <span class='ocrx_word' id='word_1_102' title='bbox 1355 1203 1585 1272; x_wconf 80' lang='lat' dir='ltr'><strong>Keplero</strong></span> <span class='ocrx_word' id='word_1_103' title='bbox 1613 1206 1764 1259; x_wconf 87' lang='lat' dir='ltr'><strong>lides.</strong></span> <span class='ocrx_word' id='word_1_104' title='bbox 1797 1206 1865 1258; x_wconf 83' lang='lat' dir='ltr'><strong>At</strong></span> <span class='ocrx_word' id='word_1_105' title='bbox 1893 1219 2018 1272; x_wconf 83' lang='lat' dir='ltr'><strong>sup-</strong></span> 
     </span>
    </p>
   </div>
   <div class='ocr_carea' id='block_1_15' title="bbox 438 1271 2014 1339">
    <p class='ocr_par' dir='ltr' id='par_1_15' title="bbox 438 1271 2014 1339">
     <span class='ocr_line' id='line_1_15' title="bbox 438 1271 2014 1339; baseline 0.003 -15"><span class='ocrx_word' id='word_1_106' title='bbox 438 1278 663 1339; x_wconf 85' lang='lat' dir='ltr'><strong>putante</strong></span> <span class='ocrx_word' id='word_1_107' title='bbox 712 1271 1088 1326; x_wconf 87' lang='lat' dir='ltr'><strong>eruditissimo</strong></span> <span class='ocrx_word' id='word_1_108' title='bbox 1140 1285 1382 1328; x_wconf 89' lang='lat' dir='ltr'><strong>nostrate</strong></span> <span class='ocrx_word' id='word_1_109' title='bbox 1433 1274 1492 1328; x_wconf 89' lang='lat' dir='ltr'><strong>D.</strong></span> <span class='ocrx_word' id='word_1_110' title='bbox 1535 1271 1717 1328; x_wconf 78' lang='lat' dir='ltr'><strong>Isaaco</strong></span> <span class='ocrx_word' id='word_1_111' title='bbox 1773 1271 2014 1338; x_wconf 69' lang='lat' dir='ltr'><strong>Barrovv,</strong></span> 
     </span>
    </p>
   </div>
   <div class='ocr_carea' id='block_1_16' title="bbox 443 1341 2018 1465">
    <p class='ocr_par' dir='ltr' id='par_1_16' title="bbox 443 1341 2018 1465">
     <span class='ocr_line' id='line_1_16' title="bbox 443 1341 2018 1465; baseline 0.003 -71"><span class='ocrx_word' id='word_1_112' title='bbox 443 1341 614 1465; x_wconf 60' lang='lat' dir='ltr'><strong>tltlegl.</strong></span> <span class='ocrx_word' id='word_1_113' title='bbox 654 1341 964 1411; x_wconf 82' lang='lat' dir='ltr'><strong>proiessore</strong></span> <span class='ocrx_word' id='word_1_114' title='bbox 1009 1350 1066 1398; x_wconf 87' lang='lat' dir='ltr'><strong>et</strong></span> <span class='ocrx_word' id='word_1_115' title='bbox 1109 1342 1163 1398; x_wconf 87' lang='lat' dir='ltr'><strong>itt</strong></span> <span class='ocrx_word' id='word_1_116' title='bbox 1198 1344 1424 1400; x_wconf 80' lang='lat' dir='ltr'><strong>mathesi</strong></span> <span class='ocrx_word' id='word_1_117' title='bbox 1473 1346 1869 1406; x_wconf 84' lang='lat' dir='ltr'><strong>versatissimo.</strong></span> <span class='ocrx_word' id='word_1_118' title='bbox 1898 1355 1956 1398; x_wconf 82' lang='lat' dir='ltr'><strong>ut.</strong></span> <span class='ocrx_word' id='word_1_119' title='bbox 1984 1345 2018 1399; x_wconf 80' lang='grc'><strong>5</strong></span> 
     </span>
     <span class='ocr_line' id='line_1_17' title="bbox 443 1427 598 1465; baseline 0.013 -2"><span class='ocrx_word' id='word_1_120' title='bbox 443 1427 488 1464; x_wconf 80' lang='grc' dir='ltr'><strong>ιιι</strong></span> <span class='ocrx_word' id='word_1_121' title='bbox 581 1449 598 1465; x_wconf 91' lang='grc'><strong>.</strong></span> 
     </span>
    </p>
   </div>
   <div class='ocr_carea' id='block_1_17' title="bbox 438 1427 598 1466">
    <p class='ocr_par' dir='ltr' id='par_1_17' title="bbox 438 1427 598 1466">
     <span class='ocr_line' id='line_1_18' title="bbox 438 1427 598 1466; baseline 0.013 -2"><span class='ocrx_word' id='word_1_122' title='bbox 438 1427 508 1464; x_wconf 83' lang='lat' dir='ltr'><strong>an</strong></span> <span class='ocrx_word' id='word_1_123' title='bbox 542 1427 598 1466; x_wconf 68' lang='grc' dir='ltr'><strong>ἃ).</strong></span> 
     </span>
    </p>
   </div>
   <div class='ocr_carea' id='block_1_18' title="bbox 513 1501 2020 1575">
    <p class='ocr_par' dir='ltr' id='par_1_18' title="bbox 513 1501 2020 1575">
     <span class='ocr_line' id='line_1_19' title="bbox 513 1501 2020 1575; baseline 0.004 -20"><span class='ocrx_word' id='word_1_124' title='bbox 513 1501 643 1575; x_wconf 77' lang='lat' dir='ltr'><strong>Pag.</strong></span> <span class='ocrx_word' id='word_1_125' title='bbox 669 1501 756 1558; x_wconf 80' lang='lat'><strong>83.</strong></span> <span class='ocrx_word' id='word_1_126' title='bbox 800 1501 872 1575; x_wconf 76' lang='grc' dir='ltr'><strong>Τῤ</strong></span> <span class='ocrx_word' id='word_1_127' title='bbox 911 1501 1032 1575; x_wconf 59' lang='grc' dir='ltr'><strong>ξτῦρ</strong></span> <span class='ocrx_word' id='word_1_128' title='bbox 1070 1502 1344 1571; x_wconf 78' lang='grc' dir='ltr'><strong>δρῶντες.</strong></span> <span class='ocrx_word' id='word_1_129' title='bbox 1381 1502 1456 1558; x_wconf 91' lang='lat' dir='ltr'><strong>De</strong></span> <span class='ocrx_word' id='word_1_130' title='bbox 1489 1502 1685 1575; x_wconf 81' lang='lat' dir='ltr'><strong>Satyro</strong></span> <span class='ocrx_word' id='word_1_131' title='bbox 1713 1503 1891 1575; x_wconf 87' lang='lat' dir='ltr'><strong>ignem</strong></span> <span class='ocrx_word' id='word_1_132' title='bbox 1928 1507 2020 1561; x_wconf 89' lang='lat' dir='ltr'><strong>de-</strong></span> 
     </span>
    </p>
   </div>
   <div class='ocr_carea' id='block_1_19' title="bbox 431 1573 1483 1644">
    <p class='ocr_par' dir='ltr' id='par_1_19' title="bbox 431 1573 1483 1644">
     <span class='ocr_line' id='line_1_20' title="bbox 431 1573 1483 1644; baseline -0.003 -16"><span class='ocrx_word' id='word_1_133' title='bbox 431 1573 718 1644; x_wconf 67' lang='lat' dir='ltr'><strong>osculante</strong></span> <span class='ocrx_word' id='word_1_134' title='bbox 734 1573 1061 1644; x_wconf 74' lang='lat' dir='ltr'><strong>_noli8s‘itnu_s</strong></span> <span class='ocrx_word' id='word_1_135' title='bbox 1086 1583 1171 1626; x_wconf 91' lang='lat' dir='ltr'><strong>est</strong></span> <span class='ocrx_word' id='word_1_136' title='bbox 1201 1574 1483 1644; x_wconf 74' lang='lat' dir='ltr'><strong>apologus.</strong></span> 
     </span>
    </p>
   </div>
   <div class='ocr_carea' id='block_1_20' title="bbox 513 1640 2021 1712">
    <p class='ocr_par' dir='ltr' id='par_1_20' title="bbox 513 1640 2021 1712">
     <span class='ocr_line' id='line_1_21' title="bbox 513 1640 2021 1712; baseline 0.003 -18"><span class='ocrx_word' id='word_1_137' title='bbox 513 1640 642 1710; x_wconf 84' lang='lat' dir='ltr'><strong>Pag.</strong></span> <span class='ocrx_word' id='word_1_138' title='bbox 683 1642 776 1696; x_wconf 67' lang='lat'><strong>84.</strong></span> <span class='ocrx_word' id='word_1_139' title='bbox 817 1643 919 1695; x_wconf 84' lang='grc' dir='ltr'><em>Ἐν</em></span> <span class='ocrx_word' id='word_1_140' title='bbox 974 1641 1049 1710; x_wconf 78' lang='grc' dir='ltr'><em>τῇ</em></span> <span class='ocrx_word' id='word_1_141' title='bbox 1095 1640 1386 1712; x_wconf 69' lang='grc' dir='ltr'><em>θαλάσσῄ</em></span> <span class='ocrx_word' id='word_1_142' title='bbox 1442 1641 1557 1710; x_wconf 78' lang='grc' dir='ltr'><em>τὴν</em></span> <span class='ocrx_word' id='word_1_143' title='bbox 1609 1642 1837 1710; x_wconf 77' lang='grc' dir='ltr'><em>κώπην.</em></span> <span class='ocrx_word' id='word_1_144' title='bbox 1875 1642 2021 1698; x_wconf 84' lang='lat' dir='ltr'><strong>Cave</strong></span> 
     </span>
    </p>
   </div>
   <div class='ocr_carea' id='block_1_21' title="bbox 441 1713 2015 1776">
    <p class='ocr_par' dir='ltr' id='par_1_21' title="bbox 441 1713 2015 1776">
     <span class='ocr_line' id='line_1_22' title="bbox 441 1713 2015 1776; baseline 0 -10"><span class='ocrx_word' id='word_1_145' title='bbox 441 1725 667 1766; x_wconf 87' lang='lat' dir='ltr'><strong>censeas</strong></span> <span class='ocrx_word' id='word_1_146' title='bbox 695 1721 970 1765; x_wconf 85' lang='lat' dir='ltr'><strong>auctorem</strong></span> <span class='ocrx_word' id='word_1_147' title='bbox 1003 1722 1245 1766; x_wconf 90' lang='lat' dir='ltr'><strong>nostrum</strong></span> <span class='ocrx_word' id='word_1_148' title='bbox 1273 1714 1604 1776; x_wconf 82' lang='lat' dir='ltr'><strong>existimare,</strong></span> <span class='ocrx_word' id='word_1_149' title='bbox 1637 1713 2015 1768; x_wconf 76' lang='lat' dir='ltr'><strong>reri-actionem</strong></span> 
     </span>
    </p>
   </div>
   <div class='ocr_carea' id='block_1_22' title="bbox 443 1762 2089 1866">
    <p class='ocr_par' dir='ltr' id='par_1_22' title="bbox 443 1762 2089 1866">
     <span class='ocr_line' id='line_1_23' title="bbox 443 1762 2089 1866; baseline 0.004 -34"><span class='ocrx_word' id='word_1_150' title='bbox 443 1762 978 1866; x_wconf 40' lang='grc' dir='ltr'><strong>ξιφιξζρξιιέεεξίςιίξέί</strong></span> <span class='ocrx_word' id='word_1_151' title='bbox 1003 1762 2016 1866; x_wconf 54' lang='grc' dir='ltr'><strong>’ξεῖ’έηῑίξξέῐέίέίίῑςεῑιι·ε.ἰιι›ῖ.ξ.·.ί·ἰῖξε</strong></span> <span class='ocrx_word' id='word_1_152' title='bbox 2049 1762 2089 1817; x_wconf 76' lang='grc' dir='ltr'><strong>Β</strong></span> 
     </span>
    </p>
   </div>
   <div class='ocr_carea' id='block_1_23' title="bbox 441 1849 2018 1921">
    <p class='ocr_par' dir='ltr' id='par_1_23' title="bbox 441 1849 2018 1921">
     <span class='ocr_line' id='line_1_24' title="bbox 441 1849 2018 1921; baseline 0.002 -17"><span class='ocrx_word' id='word_1_153' title='bbox 441 1850 619 1921; x_wconf 85' lang='lat' dir='ltr'><strong>reddit</strong></span> <span class='ocrx_word' id='word_1_154' title='bbox 650 1849 961 1921; x_wconf 78' lang='lat' dir='ltr'><strong>multiplicis</strong></span> <span class='ocrx_word' id='word_1_155' title='bbox 987 1861 1040 1905; x_wconf 92' lang='lat' dir='ltr'><strong>et</strong></span> <span class='ocrx_word' id='word_1_156' title='bbox 1081 1849 1321 1921; x_wconf 69' lang='lat' dir='ltr'><strong>repetita:</strong></span> <span class='ocrx_word' id='word_1_157' title='bbox 1357 1849 1686 1916; x_wconf 78' lang='lat' dir='ltr'><strong>inﬂexionis,</strong></span> <span class='ocrx_word' id='word_1_158' title='bbox 1722 1867 1842 1920; x_wconf 72' lang='lat' dir='ltr'><strong>quae</strong></span> <span class='ocrx_word' id='word_1_159' title='bbox 1878 1852 2018 1906; x_wconf 91' lang='lat' dir='ltr'><strong>inter</strong></span> 
     </span>
    </p>
   </div>
   <div class='ocr_carea' id='block_1_24' title="bbox 439 1919 2014 2044">
    <p class='ocr_par' dir='ltr' id='par_1_24' title="bbox 439 1919 2014 2044">
     <span class='ocr_line' id='line_1_25' title="bbox 439 1919 2014 2043; baseline 0.003 -70"><span class='ocrx_word' id='word_1_160' title='bbox 439 1919 811 2043; x_wconf 56' lang='lat' dir='ltr'><strong>:eptiganduttt</strong></span> <span class='ocrx_word' id='word_1_161' title='bbox 859 1919 1114 1976; x_wconf 79' lang='lat' dir='ltr'><strong>ﬂuctibus</strong></span> <span class='ocrx_word' id='word_1_162' title='bbox 1144 1919 1388 1979; x_wconf 75' lang='lat' dir='ltr'><strong>subinde</strong></span> <span class='ocrx_word' id='word_1_163' title='bbox 1418 1923 1581 1978; x_wconf 91' lang='lat' dir='ltr'><strong>motis</strong></span> <span class='ocrx_word' id='word_1_164' title='bbox 1633 1919 1894 1994; x_wconf 77' lang='lat' dir='ltr'><strong>apparere</strong></span> <span class='ocrx_word' id='word_1_165' title='bbox 1922 1935 2014 1977; x_wconf 84' lang='lat' dir='ltr'><strong>as-</strong></span> 
     </span>
     <span class='ocr_line' id='line_1_26' title="bbox 473 2004 604 2044; baseline 0.015 -2"><span class='ocrx_word' id='word_1_166' title='bbox 473 2004 505 2041; x_wconf 88' lang='grc' dir='ltr'>υ</span> <span class='ocrx_word' id='word_1_167' title='bbox 529 2004 559 2044; x_wconf 89' lang='lat' dir='ltr'><strong>e</strong></span> <span class='ocrx_word' id='word_1_168' title='bbox 587 2025 604 2043; x_wconf 91' lang='lat'><strong>.</strong></span> 
     </span>
    </p>
   </div>
   <div class='ocr_carea' id='block_1_25' title="bbox 517 2076 2013 2151">
    <p class='ocr_par' dir='ltr' id='par_1_25' title="bbox 517 2076 2013 2151">
     <span class='ocr_line' id='line_1_27' title="bbox 517 2076 2013 2151; baseline 0.003 -19"><span class='ocrx_word' id='word_1_169' title='bbox 517 2076 653 2134; x_wconf 88' lang='lat' dir='ltr'><strong>Ibid.</strong></span> <span class='ocrx_word' id='word_1_170' title='bbox 685 2079 806 2134; x_wconf 78' lang='grc' dir='ltr'><strong>Οὐκ</strong></span> <span class='ocrx_word' id='word_1_171' title='bbox 857 2079 987 2135; x_wconf 75' lang='grc' dir='ltr'><em>ἐστι</em></span> <span class='ocrx_word' id='word_1_172' title='bbox 1024 2080 1199 2136; x_wconf 81' lang='grc' dir='ltr'><em>τοῦτο</em></span> <span class='ocrx_word' id='word_1_173' title='bbox 1238 2079 1615 2151; x_wconf 76' lang='grc' dir='ltr'><strong>διαμάρτημα</strong></span> <span class='ocrx_word' id='word_1_174' title='bbox 1645 2076 1754 2148; x_wconf 80' lang='grc' dir='ltr'><strong>τῆς</strong></span> <span class='ocrx_word' id='word_1_175' title='bbox 1799 2079 2013 2148; x_wconf 74' lang='grc' dir='ltr'><strong>ὄψεως.</strong></span> 
     </span>
    </p>
   </div>
   <div class='ocr_carea' id='block_1_26' title="bbox 441 2146 2014 2221">
    <p class='ocr_par' dir='ltr' id='par_1_26' title="bbox 441 2146 2014 2221">
     <span class='ocr_line' id='line_1_28' title="bbox 441 2146 2014 2221; baseline 0.001 -18"><span class='ocrx_word' id='word_1_176' title='bbox 441 2146 568 2203; x_wconf 74' lang='lat' dir='ltr'><strong>Haec</strong></span> <span class='ocrx_word' id='word_1_177' title='bbox 595 2164 834 2221; x_wconf 82' lang='lat' dir='ltr'><strong>eousque</strong></span> <span class='ocrx_word' id='word_1_178' title='bbox 859 2151 1100 2205; x_wconf 78' lang='lat' dir='ltr'><strong>extendit</strong></span> <span class='ocrx_word' id='word_1_179' title='bbox 1129 2146 1770 2221; x_wconf 46' lang='lat' dir='ltr'><strong>Epicurus,&#39;ut“errorem</strong></span> <span class='ocrx_word' id='word_1_180' title='bbox 1798 2146 2014 2204; x_wconf 83' lang='lat' dir='ltr'><strong>omnem</strong></span> 
     </span>
    </p>
   </div>
   <div class='ocr_carea' id='block_1_27' title="bbox 441 2218 2018 2290">
    <p class='ocr_par' dir='ltr' id='par_1_27' title="bbox 441 2218 2018 2290">
     <span class='ocr_line' id='line_1_29' title="bbox 441 2218 2018 2290; baseline 0.002 -18"><span class='ocrx_word' id='word_1_181' title='bbox 441 2218 694 2290; x_wconf 74' lang='lat' dir='ltr'><strong>sensibus</strong></span> <span class='ocrx_word' id='word_1_182' title='bbox 726 2218 1014 2275; x_wconf 85' lang='lat' dir='ltr'><strong>amoveat:</strong></span> <span class='ocrx_word' id='word_1_183' title='bbox 1053 2218 1192 2277; x_wconf 79' lang='lat' dir='ltr'><strong>unde</strong></span> <span class='ocrx_word' id='word_1_184' title='bbox 1221 2235 1320 2290; x_wconf 90' lang='lat' dir='ltr'><strong>pro</strong></span> <span class='ocrx_word' id='word_1_185' title='bbox 1362 2220 1621 2289; x_wconf 77' lang='lat' dir='ltr'><strong>singulari</strong></span> <span class='ocrx_word' id='word_1_186' title='bbox 1668 2228 2018 2290; x_wconf 10' lang='lat' dir='ltr'><strong>suoistupore</strong></span> 
     </span>
    </p>
   </div>
   <div class='ocr_carea' id='block_1_28' title="bbox 445 2289 2016 2358">
    <p class='ocr_par' dir='ltr' id='par_1_28' title="bbox 445 2289 2016 2358">
     <span class='ocr_line' id='line_1_30' title="bbox 445 2289 2016 2358; baseline 0.001 -17"><span class='ocrx_word' id='word_1_187' title='bbox 445 2289 546 2342; x_wconf 82' lang='lat' dir='ltr'><strong>sibi</strong></span> <span class='ocrx_word' id='word_1_188' title='bbox 577 2289 810 2358; x_wconf 89' lang='lat' dir='ltr'><strong>primum</strong></span> <span class='ocrx_word' id='word_1_189' title='bbox 845 2291 895 2343; x_wconf 89' lang='lat' dir='ltr'><strong>in</strong></span> <span class='ocrx_word' id='word_1_190' title='bbox 925 2292 1164 2344; x_wconf 89' lang='lat' dir='ltr'><strong>animum</strong></span> <span class='ocrx_word' id='word_1_191' title='bbox 1198 2289 1407 2344; x_wconf 75' lang='lat' dir='ltr'><strong>induxit</strong></span> <span class='ocrx_word' id='word_1_192' title='bbox 1439 2299 1493 2343; x_wconf 88' lang='lat' dir='ltr'><strong>et</strong></span> <span class='ocrx_word' id='word_1_193' title='bbox 1521 2291 1713 2343; x_wconf 89' lang='lat' dir='ltr'><strong>deinde</strong></span> <span class='ocrx_word' id='word_1_194' title='bbox 1743 2289 1862 2344; x_wconf 90' lang='lat' dir='ltr'><strong>aliis</strong></span> <span class='ocrx_word' id='word_1_195' title='bbox 1892 2303 2016 2358; x_wconf 89' lang='lat' dir='ltr'><strong>per-</strong></span> 
     </span>
    </p>
   </div>
   <div class='ocr_carea' id='block_1_29' title="bbox 441 2358 2018 2429">
    <p class='ocr_par' dir='ltr' id='par_1_29' title="bbox 441 2358 2018 2429">
     <span class='ocr_line' id='line_1_31' title="bbox 441 2358 2018 2429; baseline 0 -17"><span class='ocrx_word' id='word_1_196' title='bbox 441 2372 662 2429; x_wconf 83' lang='lat' dir='ltr'><strong>suasum</strong></span> <span class='ocrx_word' id='word_1_197' title='bbox 700 2358 886 2423; x_wconf 88' lang='lat' dir='ltr'><strong>voluit,</strong></span> <span class='ocrx_word' id='word_1_198' title='bbox 915 2359 1118 2429; x_wconf 87' lang='lat' dir='ltr'><strong>judicia</strong></span> <span class='ocrx_word' id='word_1_199' title='bbox 1151 2374 1330 2429; x_wconf 86' lang='lat' dir='ltr'><strong>rerum</strong></span> <span class='ocrx_word' id='word_1_200' title='bbox 1364 2360 1415 2412; x_wconf 94' lang='lat' dir='ltr'><strong>in</strong></span> <span class='ocrx_word' id='word_1_201' title='bbox 1448 2359 1700 2413; x_wconf 73' lang='lat' dir='ltr'><strong>sensibus</strong></span> <span class='ocrx_word' id='word_1_202' title='bbox 1739 2361 1889 2428; x_wconf 91' lang='lat' dir='ltr'><strong>poni.</strong></span> <span class='ocrx_word' id='word_1_203' title='bbox 1927 2358 2018 2412; x_wconf 79' lang='grc' dir='ltr'><strong>Τί-</strong></span> 
     </span>
    </p>
   </div>
   <div class='ocr_carea' id='block_1_30' title="bbox 441 2428 2015 2498">
    <p class='ocr_par' dir='ltr' id='par_1_30' title="bbox 441 2428 2015 2498">
     <span class='ocr_line' id='line_1_32' title="bbox 441 2428 2015 2498; baseline 0 -18"><span class='ocrx_word' id='word_1_204' title='bbox 441 2428 577 2482; x_wconf 84' lang='lat' dir='ltr'><strong>tnuit</strong></span> <span class='ocrx_word' id='word_1_205' title='bbox 606 2429 825 2498; x_wconf 86' lang='lat' dir='ltr'><strong>quippe,</strong></span> <span class='ocrx_word' id='word_1_206' title='bbox 868 2428 927 2482; x_wconf 89' lang='lat' dir='ltr'><strong>ut</strong></span> <span class='ocrx_word' id='word_1_207' title='bbox 957 2431 1135 2484; x_wconf 85' lang='lat' dir='ltr'><strong>verbis</strong></span> <span class='ocrx_word' id='word_1_208' title='bbox 1167 2428 1444 2483; x_wconf 85' lang='lat' dir='ltr'><strong>Ciceronis</strong></span> <span class='ocrx_word' id='word_1_209' title='bbox 1477 2440 1620 2494; x_wconf 87' lang='lat' dir='ltr'><strong>utar,</strong></span> <span class='ocrx_word' id='word_1_210' title='bbox 1660 2444 1743 2493; x_wconf 79' lang='lat' dir='ltr'><strong>ne,</strong></span> <span class='ocrx_word' id='word_1_211' title='bbox 1775 2429 1822 2482; x_wconf 78' lang='lat' dir='ltr'><strong>si</strong></span> <span class='ocrx_word' id='word_1_212' title='bbox 1854 2445 2015 2482; x_wconf 83' lang='lat' dir='ltr'><strong>unum</strong></span> 
     </span>
    </p>
   </div>
   <div class='ocr_carea' id='block_1_31' title="bbox 439 2498 2014 2566">
    <p class='ocr_par' dir='ltr' id='par_1_31' title="bbox 439 2498 2014 2566">
     <span class='ocr_line' id='line_1_33' title="bbox 439 2498 2014 2566; baseline 0.001 -17"><span class='ocrx_word' id='word_1_213' title='bbox 439 2499 603 2550; x_wconf 74' lang='lat' dir='ltr'><strong>visum</strong></span> <span class='ocrx_word' id='word_1_214' title='bbox 656 2511 788 2552; x_wconf 75' lang='lat' dir='ltr'><strong>esset</strong></span> <span class='ocrx_word' id='word_1_215' title='bbox 835 2498 1066 2566; x_wconf 74' lang='lat' dir='ltr'><strong>falsum,</strong></span> <span class='ocrx_word' id='word_1_216' title='bbox 1115 2499 1318 2552; x_wconf 82' lang='lat' dir='ltr'><strong>nullum</strong></span> <span class='ocrx_word' id='word_1_217' title='bbox 1369 2508 1503 2552; x_wconf 80' lang='lat' dir='ltr'><strong>esset</strong></span> <span class='ocrx_word' id='word_1_218' title='bbox 1549 2514 1742 2551; x_wconf 83' lang='lat' dir='ltr'><strong>verum.</strong></span> <span class='ocrx_word' id='word_1_219' title='bbox 1792 2498 1862 2550; x_wconf 87' lang='lat' dir='ltr'><strong>At</strong></span> <span class='ocrx_word' id='word_1_220' title='bbox 1908 2513 2014 2552; x_wconf 87' lang='lat' dir='ltr'><strong>non</strong></span> 
     </span>
    </p>
   </div>
   <div class='ocr_carea' id='block_1_32' title="bbox 439 2567 2014 2636">
    <p class='ocr_par' dir='ltr' id='par_1_32' title="bbox 439 2567 2014 2636">
     <span class='ocr_line' id='line_1_34' title="bbox 439 2567 2014 2636; baseline 0.001 -17"><span class='ocrx_word' id='word_1_221' title='bbox 439 2567 576 2621; x_wconf 88' lang='lat' dir='ltr'><strong>adeo</strong></span> <span class='ocrx_word' id='word_1_222' title='bbox 614 2567 877 2636; x_wconf 87' lang='lat' dir='ltr'><strong>Epicurus</strong></span> <span class='ocrx_word' id='word_1_223' title='bbox 903 2568 1193 2622; x_wconf 87' lang='lat' dir='ltr'><strong>sollicitum</strong></span> <span class='ocrx_word' id='word_1_224' title='bbox 1224 2582 1284 2622; x_wconf 89' lang='lat' dir='ltr'><strong>se</strong></span> <span class='ocrx_word' id='word_1_225' title='bbox 1314 2567 1516 2622; x_wconf 88' lang='lat' dir='ltr'><strong>habere</strong></span> <span class='ocrx_word' id='word_1_226' title='bbox 1542 2567 1748 2632; x_wconf 86' lang='lat' dir='ltr'><strong>debuit,</strong></span> <span class='ocrx_word' id='word_1_227' title='bbox 1778 2578 1835 2621; x_wconf 94' lang='lat' dir='ltr'><strong>ut</strong></span> <span class='ocrx_word' id='word_1_228' title='bbox 1873 2567 2014 2621; x_wconf 90' lang='lat' dir='ltr'><strong>veri-</strong></span> 
     </span>
    </p>
   </div>
   <div class='ocr_carea' id='block_1_33' title="bbox 443 2637 2018 2707">
    <p class='ocr_par' dir='ltr' id='par_1_33' title="bbox 443 2637 2018 2707">
     <span class='ocr_line' id='line_1_35' title="bbox 443 2637 2018 2707; baseline 0 -18"><span class='ocrx_word' id='word_1_229' title='bbox 443 2644 611 2689; x_wconf 82' lang='lat' dir='ltr'><strong>tatem</strong></span> <span class='ocrx_word' id='word_1_230' title='bbox 633 2637 953 2707; x_wconf 77' lang='lat' dir='ltr'><strong>stabiliret:</strong></span> <span class='ocrx_word' id='word_1_231' title='bbox 985 2639 1075 2705; x_wconf 90' lang='lat' dir='ltr'><strong>qui</strong></span> <span class='ocrx_word' id='word_1_232' title='bbox 1113 2639 1541 2707; x_wconf 83' lang='lat' dir='ltr'><strong>pr0positionum</strong></span> <span class='ocrx_word' id='word_1_233' title='bbox 1573 2637 2018 2692; x_wconf 89' lang='lat' dir='ltr'><strong>contradictoria-</strong></span> 
     </span>
    </p>
   </div>
   <div class='ocr_carea' id='block_1_34' title="bbox 440 2704 2014 2775">
    <p class='ocr_par' dir='ltr' id='par_1_34' title="bbox 440 2704 2014 2775">
     <span class='ocr_line' id='line_1_36' title="bbox 440 2704 2014 2775; baseline 0.001 -17"><span class='ocrx_word' id='word_1_234' title='bbox 440 2720 558 2759; x_wconf 87' lang='lat' dir='ltr'><strong>rutn</strong></span> <span class='ocrx_word' id='word_1_235' title='bbox 595 2704 823 2759; x_wconf 86' lang='lat' dir='ltr'><strong>alteram</strong></span> <span class='ocrx_word' id='word_1_236' title='bbox 872 2715 966 2760; x_wconf 85' lang='lat' dir='ltr'><strong>aut</strong></span> <span class='ocrx_word' id='word_1_237' title='bbox 1000 2704 1180 2762; x_wconf 80' lang='lat' dir='ltr'><strong>veram</strong></span> <span class='ocrx_word' id='word_1_238' title='bbox 1215 2704 1318 2761; x_wconf 55' lang='lat' dir='ltr'><strong>&#39;aut</strong></span> <span class='ocrx_word' id='word_1_239' title='bbox 1358 2705 1550 2762; x_wconf 79' lang='lat' dir='ltr'><strong>falsam</strong></span> <span class='ocrx_word' id='word_1_240' title='bbox 1582 2720 1701 2772; x_wconf 80' lang='lat' dir='ltr'><strong>esse</strong></span> <span class='ocrx_word' id='word_1_241' title='bbox 1735 2718 2014 2775; x_wconf 77' lang='lat' dir='ltr'><strong>pernegat,</strong></span> 
     </span>
    </p>
   </div>
   <div class='ocr_carea' id='block_1_35' title="bbox 443 2776 2016 2845">
    <p class='ocr_par' dir='ltr' id='par_1_35' title="bbox 443 2776 2016 2845">
     <span class='ocr_line' id='line_1_37' title="bbox 443 2776 2016 2845; baseline 0.003 -17"><span class='ocrx_word' id='word_1_242' title='bbox 443 2783 500 2828; x_wconf 90' lang='lat' dir='ltr'><strong>et</strong></span> <span class='ocrx_word' id='word_1_243' title='bbox 547 2776 774 2843; x_wconf 76' lang='lat' dir='ltr'><strong>proinde</strong></span> <span class='ocrx_word' id='word_1_244' title='bbox 821 2777 1106 2832; x_wconf 87' lang='lat' dir='ltr'><strong>universas</strong></span> <span class='ocrx_word' id='word_1_245' title='bbox 1153 2776 1516 2845; x_wconf 83' lang='lat' dir='ltr'><strong>ratiocinandi</strong></span> <span class='ocrx_word' id='word_1_246' title='bbox 1568 2776 1714 2845; x_wconf 84' lang='lat' dir='ltr'><strong>leges</strong></span> <span class='ocrx_word' id='word_1_247' title='bbox 1757 2787 1812 2830; x_wconf 93' lang='lat' dir='ltr'><strong>et</strong></span> <span class='ocrx_word' id='word_1_248' title='bbox 1855 2791 2016 2832; x_wconf 84' lang='lat' dir='ltr'><strong>onnte</strong></span> 
     </span>
    </p>
   </div>
   <div class='ocr_carea' id='block_1_36' title="bbox 441 2843 2014 2965">
    <p class='ocr_par' dir='ltr' id='par_1_36' title="bbox 441 2843 2014 2965">
     <span class='ocr_line' id='line_1_38' title="bbox 441 2843 2014 2912; baseline 0.004 -16"><span class='ocrx_word' id='word_1_249' title='bbox 441 2846 644 2898; x_wconf 90' lang='lat' dir='ltr'><strong>mentis</strong></span> <span class='ocrx_word' id='word_1_250' title='bbox 685 2845 948 2912; x_wconf 79' lang='lat' dir='ltr'><strong>judicium</strong></span> <span class='ocrx_word' id='word_1_251' title='bbox 999 2846 1242 2902; x_wconf 80' lang='lat' dir='ltr'><strong>funditus</strong></span> <span class='ocrx_word' id='word_1_252' title='bbox 1283 2847 1439 2902; x_wconf 91' lang='lat' dir='ltr'><strong>tollit.</strong></span> <span class='ocrx_word' id='word_1_253' title='bbox 1479 2843 1598 2901; x_wconf 89' lang='lat' dir='ltr'><strong>Vid.</strong></span> <span class='ocrx_word' id='word_1_254' title='bbox 1626 2843 1758 2901; x_wconf 55' lang='lat' dir='ltr'><strong>&#39;Cic.</strong></span> <span class='ocrx_word' id='word_1_255' title='bbox 1797 2846 1832 2899; x_wconf 93' lang='lat' dir='ltr'><strong>l.</strong></span> <span class='ocrx_word' id='word_1_256' title='bbox 1866 2861 1903 2900; x_wconf 87' lang='grc' dir='ltr'>ιι</span> <span class='ocrx_word' id='word_1_257' title='bbox 1937 2846 2014 2902; x_wconf 82' lang='lat' dir='ltr'><strong>De</strong></span> 
     </span>
     <span class='ocr_line' id='line_1_39' title="bbox 441 2913 821 2965; baseline 0.005 -2"><span class='ocrx_word' id='word_1_258' title='bbox 441 2923 547 2965; x_wconf 87' lang='lat' dir='ltr'><strong>nat.</strong></span> <span class='ocrx_word' id='word_1_259' title='bbox 581 2913 821 2965; x_wconf 86' lang='lat' dir='ltr'><strong>deorum.</strong></span> 
     </span>
    </p>
   </div>
   <div class='ocr_carea' id='block_1_37' title="bbox 440 2923 821 2971">
    <p class='ocr_par' dir='ltr' id='par_1_37' title="bbox 440 2923 821 2971">
     <span class='ocr_line' id='line_1_40' title="bbox 440 2923 821 2971; baseline 0.016 -8"><span class='ocrx_word' id='word_1_260' title='bbox 440 2923 547 2965; x_wconf 85' lang='lat' dir='ltr'><strong>nat.</strong></span> <span class='ocrx_word' id='word_1_261' title='bbox 581 2923 821 2971; x_wconf 83' lang='lat' dir='ltr'><strong>deorum.</strong></span> 
     </span>
    </p>
   </div>
   <div class='ocr_carea' id='block_1_38' title="bbox 508 3003 2016 3077">
    <p class='ocr_par' dir='ltr' id='par_1_38' title="bbox 508 3003 2016 3077">
     <span class='ocr_line' id='line_1_41' title="bbox 508 3003 2016 3077; baseline 0.003 -20"><span class='ocrx_word' id='word_1_262' title='bbox 508 3003 639 3077; x_wconf 83' lang='lat' dir='ltr'><strong>Pag.</strong></span> <span class='ocrx_word' id='word_1_263' title='bbox 665 3003 754 3059; x_wconf 80' lang='lat'><strong>85.</strong></span> <span class='ocrx_word' id='word_1_264' title='bbox 784 3005 894 3060; x_wconf 80' lang='lat' dir='ltr'><strong>Kal</strong></span> <span class='ocrx_word' id='word_1_265' title='bbox 934 3008 1197 3077; x_wconf 77' lang='grc' dir='ltr'><strong>γλώττας</strong></span> <span class='ocrx_word' id='word_1_266' title='bbox 1222 3007 1483 3061; x_wconf 81' lang='grc' dir='ltr'><em>ἕκαστον</em></span> <span class='ocrx_word' id='word_1_267' title='bbox 1519 3005 1636 3076; x_wconf 77' lang='grc' dir='ltr'><strong>μὲν</strong></span> <span class='ocrx_word' id='word_1_268' title='bbox 1663 3005 1782 3060; x_wconf 76' lang='grc' dir='ltr'><em>τῶν</em></span> <span class='ocrx_word' id='word_1_269' title='bbox 1808 3007 2016 3062; x_wconf 75' lang='grc' dir='ltr'><em>ἄλλων</em></span> 
     </span>
    </p>
   </div>
   <div class='ocr_carea' id='block_1_39' title="bbox 438 3076 2083 3149">
    <p class='ocr_par' dir='ltr' id='par_1_39' title="bbox 438 3076 2083 3149">
     <span class='ocr_line' id='line_1_42' title="bbox 438 3076 2083 3149; baseline 0.001 -18"><span class='ocrx_word' id='word_1_270' title='bbox 438 3076 861 3149; x_wconf 41' lang='grc' dir='ltr'><strong>αἰσθητηρίων-</strong></span> <span class='ocrx_word' id='word_1_271' title='bbox 889 3076 1167 3132; x_wconf 75' lang='grc' dir='ltr'><strong>διπλοῦν.</strong></span> <span class='ocrx_word' id='word_1_272' title='bbox 1221 3079 1574 3149; x_wconf 16' lang='grc' dir='ltr'>υιγεειιεοιοιει</span> <span class='ocrx_word' id='word_1_273' title='bbox 1613 3079 1841 3146; x_wconf 80' lang='lat' dir='ltr'><strong>duplicia</strong></span> <span class='ocrx_word' id='word_1_274' title='bbox 1888 3094 2013 3146; x_wconf 89' lang='lat' dir='ltr'><strong>pro-</strong></span> <span class='ocrx_word' id='word_1_275' title='bbox 2041 3091 2083 3149; x_wconf 75' lang='grc' dir='ltr'>ο</span> 
     </span>
    </p>
   </div>
   <div class='ocr_carea' id='block_1_40' title="bbox 442 3147 2010 3217">
    <p class='ocr_par' dir='ltr' id='par_1_40' title="bbox 442 3147 2010 3217">
     <span class='ocr_line' id='line_1_43' title="bbox 442 3147 2010 3217; baseline -0.001 -16"><span class='ocrx_word' id='word_1_276' title='bbox 442 3151 622 3217; x_wconf 79' lang='lat' dir='ltr'><strong>baret,</strong></span> <span class='ocrx_word' id='word_1_277' title='bbox 669 3151 802 3217; x_wconf 80' lang='lat' dir='ltr'><strong>duas</strong></span> <span class='ocrx_word' id='word_1_278' title='bbox 849 3147 1060 3217; x_wconf 81' lang='lat' dir='ltr'><strong>linguas</strong></span> <span class='ocrx_word' id='word_1_279' title='bbox 1106 3149 1260 3202; x_wconf 86' lang='lat' dir='ltr'><strong>nobis</strong></span> <span class='ocrx_word' id='word_1_280' title='bbox 1301 3148 1527 3216; x_wconf 79' lang='lat' dir='ltr'><strong>largitur</strong></span> <span class='ocrx_word' id='word_1_281' title='bbox 1570 3157 1760 3200; x_wconf 88' lang='lat' dir='ltr'><strong>auctor</strong></span> <span class='ocrx_word' id='word_1_282' title='bbox 1804 3159 2010 3208; x_wconf 85' lang='lat' dir='ltr'><strong>noster,</strong></span> 
     </span>
    </p>
   </div>
   <div class='ocr_carea' id='block_1_41' title="bbox 440 3215 2010 3288">
    <p class='ocr_par' dir='ltr' id='par_1_41' title="bbox 440 3215 2010 3288">
     <span class='ocr_line' id='line_1_44' title="bbox 440 3215 2010 3288; baseline 0.001 -18"><span class='ocrx_word' id='word_1_283' title='bbox 440 3215 754 3288; x_wconf 79' lang='lat' dir='ltr'><strong>epiglottide</strong></span> <span class='ocrx_word' id='word_1_284' title='bbox 783 3219 834 3271; x_wconf 87' lang='lat' dir='ltr'><strong>itt</strong></span> <span class='ocrx_word' id='word_1_285' title='bbox 859 3215 1112 3288; x_wconf 62' lang='lat' dir='ltr'><strong>guStandi</strong></span> <span class='ocrx_word' id='word_1_286' title='bbox 1135 3233 1329 3272; x_wconf 91' lang='lat' dir='ltr'><strong>munus</strong></span> <span class='ocrx_word' id='word_1_287' title='bbox 1358 3215 1672 3284; x_wconf 86' lang='lat' dir='ltr'><strong>subrogata,</strong></span> <span class='ocrx_word' id='word_1_288' title='bbox 1703 3232 1812 3288; x_wconf 88' lang='lat' dir='ltr'><strong>quo</strong></span> <span class='ocrx_word' id='word_1_289' title='bbox 1837 3217 2010 3288; x_wconf 67' lang='lat' dir='ltr'><strong>Arist.</strong></span> 
     </span>
    </p>
   </div>
   <div class='ocr_carea' id='block_1_42' title="bbox 441 3281 2009 3355">
    <p class='ocr_par' dir='ltr' id='par_1_42' title="bbox 441 3281 2009 3355">
     <span class='ocr_line' id='line_1_45' title="bbox 441 3281 2009 3355; baseline -0.002 -15"><span class='ocrx_word' id='word_1_290' title='bbox 441 3281 699 3354; x_wconf 72' lang='lat' dir='ltr'><strong>auspiciis</strong></span> <span class='ocrx_word' id='word_1_291' title='bbox 730 3281 952 3348; x_wconf 61' lang='lat' dir='ltr'><strong>factu&#39;m,</strong></span> <span class='ocrx_word' id='word_1_292' title='bbox 985 3288 1072 3352; x_wconf 89' lang='lat' dir='ltr'><strong>qui</strong></span> <span class='ocrx_word' id='word_1_293' title='bbox 1104 3287 1193 3340; x_wconf 92' lang='lat' dir='ltr'><strong>lib.</strong></span> <span class='ocrx_word' id='word_1_294' title='bbox 1223 3303 1257 3340; x_wconf 88' lang='grc' dir='ltr'>ιι</span> <span class='ocrx_word' id='word_1_295' title='bbox 1294 3288 1365 3340; x_wconf 80' lang='lat' dir='ltr'><strong>De</strong></span> <span class='ocrx_word' id='word_1_296' title='bbox 1394 3281 1634 3355; x_wconf 63' lang='lat' dir='ltr'><strong>partibus</strong></span> <span class='ocrx_word' id='word_1_297' title='bbox 1673 3281 2009 3348; x_wconf 70' lang='lat' dir='ltr'><strong>animalium,</strong></span> 
     </span>
    </p>
   </div>
   <div class='ocr_carea' id='block_1_43' title="bbox 439 3355 2014 3426">
    <p class='ocr_par' dir='ltr' id='par_1_43' title="bbox 439 3355 2014 3426">
     <span class='ocr_line' id='line_1_46' title="bbox 439 3355 2014 3426; baseline 0 -18"><span class='ocrx_word' id='word_1_298' title='bbox 439 3357 508 3410; x_wconf 91' lang='lat' dir='ltr'><strong>de</strong></span> <span class='ocrx_word' id='word_1_299' title='bbox 540 3355 718 3422; x_wconf 81' lang='lat' dir='ltr'><strong>lingua</strong></span> <span class='ocrx_word' id='word_1_300' title='bbox 753 3358 867 3412; x_wconf 87' lang='lat' dir='ltr'><strong>ait:</strong></span> <span class='ocrx_word' id='word_1_301' title='bbox 902 3357 1067 3426; x_wconf 83' lang='grc' dir='ltr'><em>Δῆλον</em></span> <span class='ocrx_word' id='word_1_302' title='bbox 1099 3355 1154 3408; x_wconf 81' lang='grc' dir='ltr'><strong>δὲ</strong></span> <span class='ocrx_word' id='word_1_303' title='bbox 1203 3357 1321 3426; x_wconf 15' lang='grc' dir='ltr'>ὲπὶί</span> <span class='ocrx_word' id='word_1_304' title='bbox 1346 3355 1571 3426; x_wconf 76' lang='grc' dir='ltr'><em>ταύτηςο</em></span> <span class='ocrx_word' id='word_1_305' title='bbox 1612 3356 1860 3426; x_wconf 75' lang='grc' dir='ltr'><em>φαίνεται</em></span> <span class='ocrx_word' id='word_1_306' title='bbox 1905 3356 2014 3425; x_wconf 82' lang='grc' dir='ltr'><strong>γὰρ</strong></span> 
     </span>
    </p>
   </div>
   <div class='ocr_carea' id='block_1_44' title="bbox 438 3425 2013 3496">
    <p class='ocr_par' dir='ltr' id='par_1_44' title="bbox 438 3425 2013 3496">
     <span class='ocr_line' id='line_1_47' title="bbox 438 3425 2013 3496; baseline 0.001 -18"><span class='ocrx_word' id='word_1_307' title='bbox 438 3426 756 3496; x_wconf 79' lang='grc' dir='ltr'><strong>ὲσχισμένη.</strong></span> <span class='ocrx_word' id='word_1_308' title='bbox 806 3425 1041 3482; x_wconf 86' lang='lat' dir='ltr'><strong>Galenus</strong></span> <span class='ocrx_word' id='word_1_309' title='bbox 1081 3440 1228 3482; x_wconf 66' lang='lat' dir='ltr'><strong>certe</strong></span> <span class='ocrx_word' id='word_1_310' title='bbox 1275 3425 1540 3496; x_wconf 74' lang='grc' dir='ltr'><strong>γλωττίδα</strong></span> <span class='ocrx_word' id='word_1_311' title='bbox 1589 3439 1784 3496; x_wconf 90' lang='lat' dir='ltr'><strong>gustus</strong></span> <span class='ocrx_word' id='word_1_312' title='bbox 1829 3426 2013 3480; x_wconf 84' lang='lat' dir='ltr'><strong>usibus</strong></span> 
     </span>
    </p>
   </div>
   <div class='ocr_carea' id='block_1_45' title="bbox 441 3497 2012 3566">
    <p class='ocr_par' dir='ltr' id='par_1_45' title="bbox 441 3497 2012 3566">
     <span class='ocr_line' id='line_1_48' title="bbox 441 3497 2012 3566; baseline -0.001 -16"><span class='ocrx_word' id='word_1_313' title='bbox 441 3505 746 3566; x_wconf 73' lang='lat' dir='ltr'><strong>Submovet,</strong></span> <span class='ocrx_word' id='word_1_314' title='bbox 787 3507 842 3551; x_wconf 92' lang='lat' dir='ltr'><strong>et</strong></span> <span class='ocrx_word' id='word_1_315' title='bbox 883 3497 1136 3551; x_wconf 83' lang='lat' dir='ltr'><strong>tibiarum</strong></span> <span class='ocrx_word' id='word_1_316' title='bbox 1173 3498 1388 3566; x_wconf 84' lang='lat' dir='ltr'><strong>lingulis</strong></span> <span class='ocrx_word' id='word_1_317' title='bbox 1421 3497 2012 3566; x_wconf 67' lang='lat' dir='ltr'><strong>mquiparandamcett-</strong></span> 
     </span>
    </p>
   </div>
   <div class='ocr_carea' id='block_1_46' title="bbox 439 3564 2011 3637">
    <p class='ocr_par' dir='ltr' id='par_1_46' title="bbox 439 3564 2011 3637">
     <span class='ocr_line' id='line_1_49' title="bbox 439 3564 2011 3637; baseline -0.002 -16"><span class='ocrx_word' id='word_1_318' title='bbox 439 3574 545 3637; x_wconf 9' lang='lat' dir='ltr'><strong>s-r-t.</strong></span> <span class='ocrx_word' id='word_1_319' title='bbox 591 3564 696 3621; x_wconf 88' lang='lat' dir='ltr'><strong>Sed</strong></span> <span class='ocrx_word' id='word_1_320' title='bbox 753 3566 869 3621; x_wconf 68' lang='lat' dir='ltr'><strong>ha&#39;c</strong></span> <span class='ocrx_word' id='word_1_321' title='bbox 924 3564 1337 3637; x_wconf 60' lang='grc' dir='ltr'><strong>ὑπερϐάλλοντι-α</strong></span> <span class='ocrx_word' id='word_1_322' title='bbox 1369 3566 1470 3637; x_wconf 83' lang='grc' dir='ltr'><strong>τῆς</strong></span> <span class='ocrx_word' id='word_1_323' title='bbox 1489 3564 1500 3565; x_wconf 16' lang='lat'><strong>&#39;7</strong></span> <span class='ocrx_word' id='word_1_324' title='bbox 1516 3566 1730 3636; x_wconf 80' lang='grc' dir='ltr'><strong>φύσεως</strong></span> <span class='ocrx_word' id='word_1_325' title='bbox 1780 3565 2011 3635; x_wconf 80' lang='grc' dir='ltr'><strong>κηδεμοο</strong></span> 
     </span>
    </p>
   </div>
   <div class='ocr_carea' id='block_1_47' title="bbox 438 3636 2010 3705">
    <p class='ocr_par' dir='ltr' id='par_1_47' title="bbox 438 3636 2010 3705">
     <span class='ocr_line' id='line_1_50' title="bbox 438 3636 2010 3705; baseline -0.001 -16"><span class='ocrx_word' id='word_1_326' title='bbox 438 3636 551 3702; x_wconf 77' lang='lat' dir='ltr'><strong>via,</strong></span> <span class='ocrx_word' id='word_1_327' title='bbox 587 3648 749 3705; x_wconf 88' lang='lat' dir='ltr'><strong>quam</strong></span> <span class='ocrx_word' id='word_1_328' title='bbox 787 3637 840 3690; x_wconf 85' lang='lat' dir='ltr'><strong>iit</strong></span> <span class='ocrx_word' id='word_1_329' title='bbox 893 3636 1042 3690; x_wconf 88' lang='lat' dir='ltr'><strong>tactu</strong></span> <span class='ocrx_word' id='word_1_330' title='bbox 1075 3637 1348 3691; x_wconf 86' lang='lat' dir='ltr'><strong>desiderat</strong></span> <span class='ocrx_word' id='word_1_331' title='bbox 1387 3645 1576 3692; x_wconf 89' lang='lat' dir='ltr'><strong>auctor</strong></span> <span class='ocrx_word' id='word_1_332' title='bbox 1609 3647 1816 3699; x_wconf 88' lang='lat' dir='ltr'><strong>noster,</strong></span> <span class='ocrx_word' id='word_1_333' title='bbox 1847 3640 2010 3690; x_wconf 86' lang='lat' dir='ltr'><strong>etiam</strong></span> 
     </span>
    </p>
   </div>
   <div class='ocr_carea' id='block_1_48' title="bbox 439 3707 2013 3770">
    <p class='ocr_par' dir='ltr' id='par_1_48' title="bbox 439 3707 2013 3770">
     <span class='ocr_line' id='line_1_51' title="bbox 439 3707 2013 3770; baseline -0.001 -11"><span class='ocrx_word' id='word_1_334' title='bbox 439 3707 492 3759; x_wconf 93' lang='lat' dir='ltr'><strong>in</strong></span> <span class='ocrx_word' id='word_1_335' title='bbox 527 3709 629 3760; x_wconf 83' lang='lat' dir='ltr'><strong>isto</strong></span> <span class='ocrx_word' id='word_1_336' title='bbox 670 3718 833 3760; x_wconf 89' lang='lat' dir='ltr'><strong>sensu</strong></span> <span class='ocrx_word' id='word_1_337' title='bbox 880 3707 1206 3760; x_wconf 86' lang='lat' dir='ltr'><strong>luculentius</strong></span> <span class='ocrx_word' id='word_1_338' title='bbox 1235 3708 1494 3770; x_wconf 89' lang='lat' dir='ltr'><strong>cernitur,</strong></span> <span class='ocrx_word' id='word_1_339' title='bbox 1534 3707 1715 3761; x_wconf 82' lang='lat' dir='ltr'><strong>nervis</strong></span> <span class='ocrx_word' id='word_1_340' title='bbox 1749 3707 1862 3760; x_wconf 81' lang='lat' dir='ltr'><strong>l‘ere</strong></span> <span class='ocrx_word' id='word_1_341' title='bbox 1898 3721 2013 3758; x_wconf 85' lang='lat' dir='ltr'><strong>ont-</strong></span> 
     </span>
    </p>
   </div>
   <div class='ocr_carea' id='block_1_49' title="bbox 439 3775 2002 3846">
    <p class='ocr_par' dir='ltr' id='par_1_49' title="bbox 439 3775 2002 3846">
     <span class='ocr_line' id='line_1_52' title="bbox 439 3775 2002 3846; baseline 0.001 -19"><span class='ocrx_word' id='word_1_342' title='bbox 439 3776 595 3829; x_wconf 88' lang='lat' dir='ltr'><strong>nibus</strong></span> <span class='ocrx_word' id='word_1_343' title='bbox 621 3788 716 3844; x_wconf 86' lang='lat' dir='ltr'><strong>per</strong></span> <span class='ocrx_word' id='word_1_344' title='bbox 737 3775 1177 3846; x_wconf 83' lang='lat' dir='ltr'><strong>conjugationum</strong></span> <span class='ocrx_word' id='word_1_345' title='bbox 1211 3779 1359 3846; x_wconf 77' lang='lat' dir='ltr'><strong>paria</strong></span> <span class='ocrx_word' id='word_1_346' title='bbox 1399 3779 1449 3830; x_wconf 92' lang='lat' dir='ltr'><strong>iu</strong></span> <span class='ocrx_word' id='word_1_347' title='bbox 1478 3788 1765 3846; x_wconf 81' lang='lat' dir='ltr'><strong>utramque</strong></span> <span class='ocrx_word' id='word_1_348' title='bbox 1797 3786 2002 3840; x_wconf 83' lang='lat' dir='ltr'><strong>partem</strong></span> 
     </span>
    </p>
   </div>
   <div class='ocr_carea' id='block_1_50' title="bbox 437 3845 2012 3913">
    <p class='ocr_par' dir='ltr' id='par_1_50' title="bbox 437 3845 2012 3913">
     <span class='ocr_line' id='line_1_53' title="bbox 437 3845 2012 3913; baseline 0.001 -14"><span class='ocrx_word' id='word_1_349' title='bbox 437 3846 683 3913; x_wconf 88' lang='lat' dir='ltr'><strong>corporis</strong></span> <span class='ocrx_word' id='word_1_350' title='bbox 715 3845 1038 3909; x_wconf 80' lang='lat' dir='ltr'><strong>distributis,</strong></span> <span class='ocrx_word' id='word_1_351' title='bbox 1069 3854 1160 3911; x_wconf 92' lang='lat' dir='ltr'><strong>ut,</strong></span> <span class='ocrx_word' id='word_1_352' title='bbox 1205 3845 1327 3900; x_wconf 79' lang='lat' dir='ltr'><strong>cum</strong></span> <span class='ocrx_word' id='word_1_353' title='bbox 1362 3862 1394 3901; x_wconf 91' lang='lat' dir='ltr'><strong>e</strong></span> <span class='ocrx_word' id='word_1_354' title='bbox 1424 3847 1592 3900; x_wconf 86' lang='lat' dir='ltr'><strong>latere</strong></span> <span class='ocrx_word' id='word_1_355' title='bbox 1619 3845 1790 3907; x_wconf 88' lang='lat' dir='ltr'><strong>altero</strong></span> <span class='ocrx_word' id='word_1_356' title='bbox 1821 3860 2012 3900; x_wconf 80' lang='lat' dir='ltr'><strong>sensus</strong></span> 
     </span>
    </p>
   </div>
   <div class='ocr_carea' id='block_1_51' title="bbox 441 3915 2012 3984">
    <p class='ocr_par' dir='ltr' id='par_1_51' title="bbox 441 3915 2012 3984">
     <span class='ocr_line' id='line_1_54' title="bbox 441 3915 2012 3984; baseline 0 -16"><span class='ocrx_word' id='word_1_357' title='bbox 441 3926 686 3968; x_wconf 87' lang='lat' dir='ltr'><strong>mutusve</strong></span> <span class='ocrx_word' id='word_1_358' title='bbox 718 3915 999 3979; x_wconf 82' lang='lat' dir='ltr'><strong>deiecerit,</strong></span> <span class='ocrx_word' id='word_1_359' title='bbox 1028 3916 1221 3970; x_wconf 90' lang='lat' dir='ltr'><strong>saltem</strong></span> <span class='ocrx_word' id='word_1_360' title='bbox 1249 3931 1318 3970; x_wconf 78' lang='lat' dir='ltr'><strong>ex</strong></span> <span class='ocrx_word' id='word_1_361' title='bbox 1352 3917 1578 3970; x_wconf 87' lang='lat' dir='ltr'><strong>adversa</strong></span> <span class='ocrx_word' id='word_1_362' title='bbox 1616 3929 1773 3984; x_wconf 86' lang='lat' dir='ltr'><strong>parte</strong></span> <span class='ocrx_word' id='word_1_363' title='bbox 1811 3916 2012 3969; x_wconf 86' lang='lat' dir='ltr'><strong>retine-</strong></span> 
     </span>
    </p>
   </div>
   <div class='ocr_carea' id='block_1_52' title="bbox 441 3985 2012 4056">
    <p class='ocr_par' dir='ltr' id='par_1_52' title="bbox 441 3985 2012 4056">
     <span class='ocr_line' id='line_1_55' title="bbox 441 3985 2012 4056; baseline 0.001 -20"><span class='ocrx_word' id='word_1_364' title='bbox 441 3994 610 4048; x_wconf 80' lang='lat' dir='ltr'><strong>retur,</strong></span> <span class='ocrx_word' id='word_1_365' title='bbox 637 3987 779 4050; x_wconf 88' lang='lat' dir='ltr'><strong>quod</strong></span> <span class='ocrx_word' id='word_1_366' title='bbox 815 3987 866 4038; x_wconf 91' lang='lat' dir='ltr'><strong>in</strong></span> <span class='ocrx_word' id='word_1_367' title='bbox 899 3985 1133 4056; x_wconf 85' lang='lat' dir='ltr'><strong>paralysi</strong></span> <span class='ocrx_word' id='word_1_368' title='bbox 1159 3996 1212 4040; x_wconf 90' lang='lat' dir='ltr'><strong>et</strong></span> <span class='ocrx_word' id='word_1_369' title='bbox 1244 3987 1567 4055; x_wconf 86' lang='lat' dir='ltr'><strong>bemiplegia</strong></span> <span class='ocrx_word' id='word_1_370' title='bbox 1597 3988 1798 4055; x_wconf 77' lang='lat' dir='ltr'><strong>passim</strong></span> <span class='ocrx_word' id='word_1_371' title='bbox 1827 3986 2012 4040; x_wconf 65' lang='lat' dir='ltr'><strong>obser-</strong></span> 
     </span>
    </p>
   </div>
   <div class='ocr_carea' id='block_1_53' title="bbox 439 4063 695 4107">
    <p class='ocr_par' dir='ltr' id='par_1_53' title="bbox 439 4063 695 4107">
     <span class='ocr_line' id='line_1_56' title="bbox 439 4063 695 4107; baseline -0.016 -1"><span class='ocrx_word' id='word_1_372' title='bbox 439 4067 565 4106; x_wconf 89' lang='lat' dir='ltr'><strong>vare</strong></span> <span class='ocrx_word' id='word_1_373' title='bbox 593 4063 695 4107; x_wconf 71' lang='grc' dir='ltr'>ιεδι.</span> 
     </span>
    </p>
   </div>
   <div class='ocr_carea' id='block_1_54' title="bbox 511 4143 2010 4217">
    <p class='ocr_par' dir='ltr' id='par_1_54' title="bbox 511 4143 2010 4217">
     <span class='ocr_line' id='line_1_57' title="bbox 511 4143 2010 4217; baseline 0.001 -21"><span class='ocrx_word' id='word_1_374' title='bbox 511 4143 754 4217; x_wconf 67' lang='lat' dir='ltr'><strong>I’_ag.ts7.</strong></span> <span class='ocrx_word' id='word_1_375' title='bbox 809 4147 1180 4213; x_wconf 75' lang='grc' dir='ltr'><strong>Σκληρότητι</strong></span> <span class='ocrx_word' id='word_1_376' title='bbox 1234 4145 1352 4216; x_wconf 77' lang='grc' dir='ltr'><strong>μὲν</strong></span> <span class='ocrx_word' id='word_1_377' title='bbox 1404 4145 1516 4217; x_wconf 76' lang='grc' dir='ltr'><strong>γὰρ</strong></span> <span class='ocrx_word' id='word_1_378' title='bbox 1565 4145 1885 4217; x_wconf 18' lang='grc' dir='ltr'><em>ἀνωμαλίαν</em></span> <span class='ocrx_word' id='word_1_379' title='bbox 1916 4163 2010 4215; x_wconf 81' lang='grc' dir='ltr'><strong>μι-</strong></span> 
     </span>
    </p>
   </div>
   <div class='ocr_carea' id='block_1_55' title="bbox 435 4215 2013 4286">
    <p class='ocr_par' dir='ltr' id='par_1_55' title="bbox 435 4215 2013 4286">
     <span class='ocr_line' id='line_1_58' title="bbox 435 4215 2013 4286; baseline 0.001 -18"><span class='ocrx_word' id='word_1_380' title='bbox 435 4215 649 4284; x_wconf 74' lang='grc' dir='ltr'><em>χθεῖσα</em></span> <span class='ocrx_word' id='word_1_381' title='bbox 682 4217 1034 4284; x_wconf 77' lang='grc' dir='ltr'><em>τραχύτητα.</em></span> <span class='ocrx_word' id='word_1_382' title='bbox 1068 4215 1330 4269; x_wconf 77' lang='lat' dir='ltr'><strong>Nmirnm</strong></span> <span class='ocrx_word' id='word_1_383' title='bbox 1366 4215 1613 4285; x_wconf 82' lang='lat' dir='ltr'><strong>curpora,</strong></span> <span class='ocrx_word' id='word_1_384' title='bbox 1641 4233 1759 4286; x_wconf 76' lang='lat' dir='ltr'><strong>qua:</strong></span> <span class='ocrx_word' id='word_1_385' title='bbox 1792 4216 1923 4271; x_wconf 86' lang='lat' dir='ltr'><strong>salis</strong></span> <span class='ocrx_word' id='word_1_386' title='bbox 1957 4225 2013 4269; x_wconf 87' lang='lat' dir='ltr'><strong>et</strong></span> 
     </span>
    </p>
   </div>
   <div class='ocr_carea' id='block_1_56' title="bbox 439 4286 2011 4356">
    <p class='ocr_par' dir='ltr' id='par_1_56' title="bbox 439 4286 2011 4356">
     <span class='ocr_line' id='line_1_59' title="bbox 439 4286 2011 4356; baseline 0.001 -17"><span class='ocrx_word' id='word_1_387' title='bbox 439 4297 594 4339; x_wconf 79' lang='lat' dir='ltr'><strong>terra:</strong></span> <span class='ocrx_word' id='word_1_388' title='bbox 644 4287 766 4339; x_wconf 75' lang='lat' dir='ltr'><strong>lixis</strong></span> <span class='ocrx_word' id='word_1_389' title='bbox 815 4287 1094 4354; x_wconf 87' lang='lat' dir='ltr'><strong>particulis</strong></span> <span class='ocrx_word' id='word_1_390' title='bbox 1143 4295 1378 4350; x_wconf 88' lang='lat' dir='ltr'><strong>scatent,</strong></span> <span class='ocrx_word' id='word_1_391' title='bbox 1426 4290 1643 4356; x_wconf 87' lang='lat' dir='ltr'><strong>quando</strong></span> <span class='ocrx_word' id='word_1_392' title='bbox 1683 4286 1875 4339; x_wconf 80' lang='lat' dir='ltr'><strong>caloris</strong></span> <span class='ocrx_word' id='word_1_393' title='bbox 1909 4301 2011 4353; x_wconf 89' lang='lat' dir='ltr'><strong>ope</strong></span> 
     </span>
    </p>
   </div>
   <div class='ocr_carea' id='block_1_57' title="bbox 437 4357 2009 4425">
    <p class='ocr_par' dir='ltr' id='par_1_57' title="bbox 437 4357 2009 4425">
     <span class='ocr_line' id='line_1_60' title="bbox 437 4357 2009 4425; baseline 0.001 -17"><span class='ocrx_word' id='word_1_394' title='bbox 437 4357 815 4420; x_wconf 86' lang='lat' dir='ltr'><strong>indurescunt,</strong></span> <span class='ocrx_word' id='word_1_395' title='bbox 851 4358 902 4409; x_wconf 92' lang='lat' dir='ltr'><strong>in</strong></span> <span class='ocrx_word' id='word_1_396' title='bbox 941 4371 1098 4425; x_wconf 85' lang='lat' dir='ltr'><strong>rupes</strong></span> <span class='ocrx_word' id='word_1_397' title='bbox 1133 4359 1392 4425; x_wconf 88' lang='lat' dir='ltr'><strong>quasdatn</strong></span> <span class='ocrx_word' id='word_1_398' title='bbox 1433 4361 1717 4412; x_wconf 76' lang='lat' dir='ltr'><strong>horrentes</strong></span> <span class='ocrx_word' id='word_1_399' title='bbox 1756 4371 2009 4422; x_wconf 84' lang='lat' dir='ltr'><strong>asperas-</strong></span> 
     </span>
    </p>
   </div>
   <div class='ocr_carea' id='block_1_58' title="bbox 433 4424 2084 4497">
    <p class='ocr_par' dir='ltr' id='par_1_58' title="bbox 433 4424 2084 4497">
     <span class='ocr_line' id='line_1_61' title="bbox 433 4424 2084 4497; baseline 0.001 -19"><span class='ocrx_word' id='word_1_400' title='bbox 433 4440 541 4495; x_wconf 90' lang='lat' dir='ltr'><strong>que</strong></span> <span class='ocrx_word' id='word_1_401' title='bbox 587 4426 895 4480; x_wconf 72' lang='lat' dir='ltr'><strong>lacessunt:</strong></span> <span class='ocrx_word' id='word_1_402' title='bbox 937 4424 1247 4497; x_wconf 81' lang='lat' dir='ltr'><strong>oleaginusa</strong></span> <span class='ocrx_word' id='word_1_403' title='bbox 1286 4437 1466 4482; x_wconf 89' lang='lat' dir='ltr'><strong>autem</strong></span> <span class='ocrx_word' id='word_1_404' title='bbox 1516 4428 1770 4496; x_wconf 85' lang='lat' dir='ltr'><strong>pleraque</strong></span> <span class='ocrx_word' id='word_1_405' title='bbox 1815 4424 2003 4495; x_wconf 81' lang='lat' dir='ltr'><strong>gelati-</strong></span> <span class='ocrx_word' id='word_1_406' title='bbox 2042 4426 2084 4480; x_wconf 81' lang='grc' dir='ltr'><strong><em>Β</em></strong></span> 
     </span>
    </p>
   </div>
   <div class='ocr_carea' id='block_1_59' title="bbox 435 4497 2003 4566">
    <p class='ocr_par' dir='ltr' id='par_1_59' title="bbox 435 4497 2003 4566">
     <span class='ocr_line' id='line_1_62' title="bbox 435 4497 2003 4566; baseline -0.001 -16"><span class='ocrx_word' id='word_1_407' title='bbox 435 4512 563 4550; x_wconf 91' lang='lat' dir='ltr'><strong>num</strong></span> <span class='ocrx_word' id='word_1_408' title='bbox 609 4497 896 4566; x_wconf 87' lang='lat' dir='ltr'><strong>quemdam</strong></span> <span class='ocrx_word' id='word_1_409' title='bbox 948 4497 1209 4551; x_wconf 88' lang='lat' dir='ltr'><strong>lentorem</strong></span> <span class='ocrx_word' id='word_1_410' title='bbox 1250 4505 1304 4550; x_wconf 91' lang='lat' dir='ltr'><strong>et</strong></span> <span class='ocrx_word' id='word_1_411' title='bbox 1333 4498 1754 4551; x_wconf 87' lang='lat' dir='ltr'><strong>sandaracinam</strong></span> <span class='ocrx_word' id='word_1_412' title='bbox 1805 4497 2003 4563; x_wconf 83' lang='lat' dir='ltr'><strong>politu-</strong></span> 
     </span>
    </p>
   </div>
   <div class='ocr_carea' id='block_1_60' title="bbox 436 4566 2006 4636">
    <p class='ocr_par' dir='ltr' id='par_1_60' title="bbox 436 4566 2006 4636">
     <span class='ocr_line' id='line_1_63' title="bbox 436 4566 2006 4636; baseline -0.001 -16"><span class='ocrx_word' id='word_1_413' title='bbox 436 4581 553 4620; x_wconf 89' lang='lat' dir='ltr'><strong>ram</strong></span> <span class='ocrx_word' id='word_1_414' title='bbox 601 4569 880 4620; x_wconf 91' lang='lat' dir='ltr'><strong>inducunt.</strong></span> <span class='ocrx_word' id='word_1_415' title='bbox 933 4566 1153 4621; x_wconf 89' lang='lat' dir='ltr'><strong>Interim</strong></span> <span class='ocrx_word' id='word_1_416' title='bbox 1209 4577 1420 4631; x_wconf 85' lang='lat' dir='ltr'><strong>tamen,</strong></span> <span class='ocrx_word' id='word_1_417' title='bbox 1472 4568 1836 4636; x_wconf 67' lang='lat' dir='ltr'><strong>inaequalitate</strong></span> <span class='ocrx_word' id='word_1_418' title='bbox 1881 4581 2006 4634; x_wconf 86' lang='lat' dir='ltr'><strong>par-</strong></span> 
     </span>
    </p>
   </div>
   <div class='ocr_carea' id='block_1_61' title="bbox 438 4637 2008 4705">
    <p class='ocr_par' dir='ltr' id='par_1_61' title="bbox 438 4637 2008 4705">
     <span class='ocr_line' id='line_1_64' title="bbox 438 4637 2008 4705; baseline 0.001 -14"><span class='ocrx_word' id='word_1_419' title='bbox 438 4637 570 4691; x_wconf 86' lang='lat' dir='ltr'><strong>tium</strong></span> <span class='ocrx_word' id='word_1_420' title='bbox 606 4645 836 4704; x_wconf 89' lang='lat' dir='ltr'><strong>remota,</strong></span> <span class='ocrx_word' id='word_1_421' title='bbox 864 4650 970 4705; x_wconf 93' lang='lat' dir='ltr'><strong>quo</strong></span> <span class='ocrx_word' id='word_1_422' title='bbox 1017 4638 1238 4691; x_wconf 82' lang='lat' dir='ltr'><strong>duriora</strong></span> <span class='ocrx_word' id='word_1_423' title='bbox 1269 4647 1394 4690; x_wconf 88' lang='lat' dir='ltr'><strong>sunt</strong></span> <span class='ocrx_word' id='word_1_424' title='bbox 1428 4653 1676 4704; x_wconf 86' lang='lat' dir='ltr'><strong>corpora,</strong></span> <span class='ocrx_word' id='word_1_425' title='bbox 1705 4652 1770 4692; x_wconf 90' lang='lat' dir='ltr'><strong>eo</strong></span> <span class='ocrx_word' id='word_1_426' title='bbox 1805 4637 2008 4692; x_wconf 84' lang='lat' dir='ltr'><strong>rectius</strong></span> 
     </span>
    </p>
   </div>
   <div class='ocr_carea' id='block_1_62' title="bbox 434 4706 2007 4778">
    <p class='ocr_par' dir='ltr' id='par_1_62' title="bbox 434 4706 2007 4778">
     <span class='ocr_line' id='line_1_65' title="bbox 434 4706 2007 4778; baseline 0.001 -20"><span class='ocrx_word' id='word_1_427' title='bbox 434 4706 713 4777; x_wconf 82' lang='lat' dir='ltr'><strong>poliuntur</strong></span> <span class='ocrx_word' id='word_1_428' title='bbox 748 4716 804 4761; x_wconf 90' lang='lat' dir='ltr'><strong>et</strong></span> <span class='ocrx_word' id='word_1_429' title='bbox 845 4708 1252 4762; x_wconf 82' lang='lat' dir='ltr'><strong>accuratissime</strong></span> <span class='ocrx_word' id='word_1_430' title='bbox 1300 4706 1635 4778; x_wconf 69' lang='lat' dir='ltr'><strong>laevigantur,</strong></span> <span class='ocrx_word' id='word_1_431' title='bbox 1680 4715 1737 4761; x_wconf 92' lang='lat' dir='ltr'><strong>ut</strong></span> <span class='ocrx_word' id='word_1_432' title='bbox 1765 4707 1818 4761; x_wconf 90' lang='lat' dir='ltr'><strong>in</strong></span> <span class='ocrx_word' id='word_1_433' title='bbox 1861 4721 2007 4760; x_wconf 81' lang='lat' dir='ltr'><strong>mar-</strong></span> 
     </span>
    </p>
   </div>
   <div class='ocr_carea' id='block_1_63' title="bbox 434 4778 1281 4831">
    <p class='ocr_par' dir='ltr' id='par_1_63' title="bbox 434 4778 1281 4831">
     <span class='ocr_line' id='line_1_66' title="bbox 434 4778 1281 4831; baseline -0.001 0"><span class='ocrx_word' id='word_1_434' title='bbox 434 4791 588 4831; x_wconf 86' lang='lat' dir='ltr'><strong>more</strong></span> <span class='ocrx_word' id='word_1_435' title='bbox 614 4785 667 4830; x_wconf 90' lang='lat' dir='ltr'><strong>et</strong></span> <span class='ocrx_word' id='word_1_436' title='bbox 706 4778 938 4830; x_wconf 85' lang='lat' dir='ltr'><strong>metallis</strong></span> <span class='ocrx_word' id='word_1_437' title='bbox 971 4779 1153 4830; x_wconf 79' lang='lat' dir='ltr'><strong>videre</strong></span> <span class='ocrx_word' id='word_1_438' title='bbox 1179 4785 1281 4831; x_wconf 88' lang='lat' dir='ltr'><strong>est.</strong></span> 
     </span>
    </p>
   </div>
   <div class='ocr_carea' id='block_1_64' title="bbox 504 4845 2010 4917">
    <p class='ocr_par' dir='ltr' id='par_1_64' title="bbox 504 4845 2010 4917">
     <span class='ocr_line' id='line_1_67' title="bbox 504 4845 2010 4917; baseline 0.001 -17"><span class='ocrx_word' id='word_1_439' title='bbox 504 4847 636 4900; x_wconf 90' lang='lat' dir='ltr'><strong>Ibid.</strong></span> <span class='ocrx_word' id='word_1_440' title='bbox 670 4845 835 4898; x_wconf 81' lang='grc' dir='ltr'><em>Οὕτω</em></span> <span class='ocrx_word' id='word_1_441' title='bbox 864 4847 961 4900; x_wconf 78' lang='grc' dir='ltr'><strong>καὶ</strong></span> <span class='ocrx_word' id='word_1_442' title='bbox 1009 4847 1046 4915; x_wconf 74' lang='grc' dir='ltr'><strong><em>ἡ</em></strong></span> <span class='ocrx_word' id='word_1_443' title='bbox 1074 4845 1220 4916; x_wconf 66' lang='grc' dir='ltr'><strong>ἁφή.</strong></span> <span class='ocrx_word' id='word_1_444' title='bbox 1249 4847 1395 4902; x_wconf 83' lang='lat' dir='ltr'><strong>Adeo</strong></span> <span class='ocrx_word' id='word_1_445' title='bbox 1432 4863 1530 4904; x_wconf 84' lang='lat' dir='ltr'><strong>nec</strong></span> <span class='ocrx_word' id='word_1_446' title='bbox 1575 4855 1751 4904; x_wconf 90' lang='lat' dir='ltr'><strong>tactus</strong></span> <span class='ocrx_word' id='word_1_447' title='bbox 1794 4848 1908 4917; x_wconf 90' lang='lat' dir='ltr'><strong>ipse</strong></span> <span class='ocrx_word' id='word_1_448' title='bbox 1949 4845 2010 4902; x_wconf 87' lang='lat' dir='ltr'><strong>lit</strong></span> 
     </span>
    </p>
   </div>
   <div class='ocr_carea' id='block_1_65' title="bbox 432 4927 890 4988">
    <p class='ocr_par' dir='ltr' id='par_1_65' title="bbox 432 4927 890 4988">
     <span class='ocr_line' id='line_1_68' title="bbox 432 4927 890 4988; baseline -0.002 -16"><span class='ocrx_word' id='word_1_449' title='bbox 432 4931 531 4988; x_wconf 79' lang='lat' dir='ltr'><strong>per</strong></span> <span class='ocrx_word' id='word_1_450' title='bbox 559 4927 890 4988; x_wconf 74' lang='lat' dir='ltr'><strong>contactum.</strong></span> 
     </span>
    </p>
   </div>
   <div class='ocr_carea' id='block_1_66' title="bbox 504 4984 2008 5058">
    <p class='ocr_par' dir='ltr' id='par_1_66' title="bbox 504 4984 2008 5058">
     <span class='ocr_line' id='line_1_69' title="bbox 504 4984 2008 5058; baseline 0.001 -19"><span class='ocrx_word' id='word_1_451' title='bbox 504 4984 637 5041; x_wconf 93' lang='lat' dir='ltr'><strong>Ibid.</strong></span> <span class='ocrx_word' id='word_1_452' title='bbox 682 4985 752 5058; x_wconf 81' lang='grc' dir='ltr'><em>Ἠ</em></span> <span class='ocrx_word' id='word_1_453' title='bbox 803 4987 955 5056; x_wconf 78' lang='grc' dir='ltr'><em>ἀκοὴ</em></span> <span class='ocrx_word' id='word_1_454' title='bbox 1004 4990 1076 5043; x_wconf 82' lang='grc' dir='ltr'><em>οὐ</em></span> <span class='ocrx_word' id='word_1_455' title='bbox 1112 4987 1239 5042; x_wconf 80' lang='grc' dir='ltr'><em>κατ’</em></span> <span class='ocrx_word' id='word_1_456' title='bbox 1282 4987 1521 5042; x_wconf 79' lang='grc' dir='ltr'><strong>εὐθεῖαν</strong></span> <span class='ocrx_word' id='word_1_457' title='bbox 1549 4988 1761 5058; x_wconf 75' lang='grc' dir='ltr'><em>μόνον.</em></span> <span class='ocrx_word' id='word_1_458' title='bbox 1806 4987 2008 5042; x_wconf 87' lang='lat' dir='ltr'><strong>Eodem</strong></span> 
     </span>
    </p>
   </div>
   <div class='ocr_carea' id='block_1_67' title="bbox 434 5057 2008 5129">
    <p class='ocr_par' dir='ltr' id='par_1_67' title="bbox 434 5057 2008 5129">
     <span class='ocr_line' id='line_1_70' title="bbox 434 5057 2008 5129; baseline 0.001 -19"><span class='ocrx_word' id='word_1_459' title='bbox 434 5067 582 5110; x_wconf 81' lang='lat' dir='ltr'><strong>certe</strong></span> <span class='ocrx_word' id='word_1_460' title='bbox 617 5057 774 5112; x_wconf 89' lang='lat' dir='ltr'><strong>modo</strong></span> <span class='ocrx_word' id='word_1_461' title='bbox 798 5073 912 5129; x_wconf 2' lang='lat' dir='ltr'><strong>vox,</strong></span> <span class='ocrx_word' id='word_1_462' title='bbox 935 5058 1270 5129; x_wconf 72' lang='lat' dir='ltr'><strong>diliunditur,</strong></span> <span class='ocrx_word' id='word_1_463' title='bbox 1301 5073 1408 5128; x_wconf 89' lang='lat' dir='ltr'><strong>quo</strong></span> <span class='ocrx_word' id='word_1_464' title='bbox 1443 5060 1554 5122; x_wconf 83' lang='lat' dir='ltr'><strong>lux,</strong></span> <span class='ocrx_word' id='word_1_465' title='bbox 1583 5059 1649 5112; x_wconf 86' lang='lat' dir='ltr'><strong>de</strong></span> <span class='ocrx_word' id='word_1_466' title='bbox 1679 5074 1784 5129; x_wconf 92' lang='lat' dir='ltr'><strong>qua</strong></span> <span class='ocrx_word' id='word_1_467' title='bbox 1845 5073 2008 5125; x_wconf 83' lang='lat' dir='ltr'><strong>supra</strong></span> 
     </span>
    </p>
   </div>
   <div class='ocr_carea' id='block_1_68' title="bbox 436 5128 2007 5195">
    <p class='ocr_par' dir='ltr' id='par_1_68' title="bbox 436 5128 2007 5195">
     <span class='ocr_line' id='line_1_71' title="bbox 436 5128 2007 5195; baseline 0.003 -18"><span class='ocrx_word' id='word_1_468' title='bbox 436 5132 677 5195; x_wconf 78' lang='lat' dir='ltr'><strong>egimus,</strong></span> <span class='ocrx_word' id='word_1_469' title='bbox 727 5137 786 5183; x_wconf 91' lang='lat' dir='ltr'><strong>ut</strong></span> <span class='ocrx_word' id='word_1_470' title='bbox 819 5128 1030 5184; x_wconf 84' lang='lat' dir='ltr'><strong>scilicet</strong></span> <span class='ocrx_word' id='word_1_471' title='bbox 1075 5128 1298 5183; x_wconf 86' lang='lat' dir='ltr'><strong>circulis</strong></span> <span class='ocrx_word' id='word_1_472' title='bbox 1353 5129 1582 5183; x_wconf 85' lang='lat' dir='ltr'><strong>subinde</strong></span> <span class='ocrx_word' id='word_1_473' title='bbox 1615 5128 2007 5193; x_wconf 83' lang='lat' dir='ltr'><strong>crescentibus,</strong></span> 
     </span>
    </p>
   </div>
   <div class='ocr_carea' id='block_1_69' title="bbox 439 5197 2010 5269">
    <p class='ocr_par' dir='ltr' id='par_1_69' title="bbox 439 5197 2010 5269">
     <span class='ocr_line' id='line_1_72' title="bbox 439 5197 2010 5269; baseline 0.002 -20"><span class='ocrx_word' id='word_1_474' title='bbox 439 5206 614 5250; x_wconf 86' lang='lat' dir='ltr'><strong>tnotus</strong></span> <span class='ocrx_word' id='word_1_475' title='bbox 640 5198 730 5250; x_wconf 90' lang='lat' dir='ltr'><strong>uni</strong></span> <span class='ocrx_word' id='word_1_476' title='bbox 766 5197 884 5252; x_wconf 80' lang='lat' dir='ltr'><strong>loco</strong></span> <span class='ocrx_word' id='word_1_477' title='bbox 921 5201 1216 5269; x_wconf 84' lang='lat' dir='ltr'><strong>impressus</strong></span> <span class='ocrx_word' id='word_1_478' title='bbox 1247 5211 1466 5267; x_wconf 90' lang='lat' dir='ltr'><strong>quoquo</strong></span> <span class='ocrx_word' id='word_1_479' title='bbox 1496 5199 1770 5269; x_wconf 84' lang='lat' dir='ltr'><strong>pervadat.</strong></span> <span class='ocrx_word' id='word_1_480' title='bbox 1807 5198 2010 5253; x_wconf 82' lang='lat' dir='ltr'><strong>Tamen</strong></span> 
     </span>
    </p>
   </div>
   <div class='ocr_carea' id='block_1_70' title="bbox 437 5269 2012 5339">
    <p class='ocr_par' dir='ltr' id='par_1_70' title="bbox 437 5269 2012 5339">
     <span class='ocr_line' id='line_1_73' title="bbox 437 5269 2012 5339; baseline 0.005 -23"><span class='ocrx_word' id='word_1_481' title='bbox 437 5283 560 5339; x_wconf 61' lang='lat' dir='ltr'><strong>runt</strong></span> <span class='ocrx_word' id='word_1_482' title='bbox 613 5281 866 5334; x_wconf 84' lang='lat' dir='ltr'><strong>prorsum</strong></span> <span class='ocrx_word' id='word_1_483' title='bbox 919 5271 1099 5322; x_wconf 88' lang='lat' dir='ltr'><strong>tendat</strong></span> <span class='ocrx_word' id='word_1_484' title='bbox 1133 5278 1188 5322; x_wconf 90' lang='lat' dir='ltr'><strong>et</strong></span> <span class='ocrx_word' id='word_1_485' title='bbox 1235 5281 1644 5339; x_wconf 87' lang='lat' dir='ltr'><strong>promoveatur,</strong></span> <span class='ocrx_word' id='word_1_486' title='bbox 1685 5269 1908 5339; x_wconf 83' lang='lat' dir='ltr'><strong>perinde</strong></span> <span class='ocrx_word' id='word_1_487' title='bbox 1952 5284 2012 5324; x_wconf 88' lang='lat' dir='ltr'><strong>se</strong></span> 
     </span>
    </p>
   </div>
   <div class='ocr_carea' id='block_1_71' title="bbox 441 5337 1846 5410">
    <p class='ocr_par' dir='ltr' id='par_1_71' title="bbox 441 5337 1846 5410">
     <span class='ocr_line' id='line_1_74' title="bbox 441 5337 1846 5410; baseline 0.004 -22"><span class='ocrx_word' id='word_1_488' title='bbox 441 5337 627 5401; x_wconf 79' lang='lat' dir='ltr'><strong>habet,</strong></span> <span class='ocrx_word' id='word_1_489' title='bbox 660 5350 722 5390; x_wconf 91' lang='lat' dir='ltr'><strong>ac</strong></span> <span class='ocrx_word' id='word_1_490' title='bbox 752 5339 797 5392; x_wconf 87' lang='lat' dir='ltr'><strong>si</strong></span> <span class='ocrx_word' id='word_1_491' title='bbox 835 5342 1000 5393; x_wconf 88' lang='lat' dir='ltr'><strong>rectis</strong></span> <span class='ocrx_word' id='word_1_492' title='bbox 1029 5353 1244 5407; x_wconf 84' lang='lat' dir='ltr'><strong>semper</strong></span> <span class='ocrx_word' id='word_1_493' title='bbox 1275 5338 1429 5394; x_wconf 86' lang='lat' dir='ltr'><strong>lineis</strong></span> <span class='ocrx_word' id='word_1_494' title='bbox 1465 5337 1846 5410; x_wconf 81' lang='lat' dir='ltr'><strong>processisset.</strong></span> 
     </span>
    </p>
   </div>
   <div class='ocr_carea' id='block_1_72' title="bbox 509 5425 2014 5503">
    <p class='ocr_par' dir='ltr' id='par_1_72' title="bbox 509 5425 2014 5503">
     <span class='ocr_line' id='line_1_75' title="bbox 509 5425 2014 5503; baseline 0.006 -24"><span class='ocrx_word' id='word_1_495' title='bbox 509 5425 638 5492; x_wconf 83' lang='lat' dir='ltr'><strong>Pag.</strong></span> <span class='ocrx_word' id='word_1_496' title='bbox 668 5427 758 5503; x_wconf 85' lang='lat'><strong>89.</strong></span> <span class='ocrx_word' id='word_1_497' title='bbox 806 5431 1130 5503; x_wconf 62' lang='lat' dir='ltr'><strong>revorterat</strong></span> <span class='ocrx_word' id='word_1_498' title='bbox 1179 5432 1870 5503; x_wconf 72' lang='lat' dir='ltr'><strong>:totdtnrec.,Aristoteles</strong></span> <span class='ocrx_word' id='word_1_499' title='bbox 1925 5447 2014 5488; x_wconf 85' lang='lat' dir='ltr'><strong>eo-</strong></span> 
     </span>
    </p>
   </div>
   <div class='ocr_carea' id='block_1_73' title="bbox 439 5499 2009 5568">
    <p class='ocr_par' dir='ltr' id='par_1_73' title="bbox 439 5499 2009 5568">
     <span class='ocr_line' id='line_1_76' title="bbox 439 5499 2009 5568; baseline 0.005 -18"><span class='ocrx_word' id='word_1_500' title='bbox 439 5499 561 5550; x_wconf 84' lang='lat' dir='ltr'><strong>dem</strong></span> <span class='ocrx_word' id='word_1_501' title='bbox 600 5502 756 5552; x_wconf 79' lang='lat' dir='ltr'><strong>modo</strong></span> <span class='ocrx_word' id='word_1_502' title='bbox 789 5511 1033 5554; x_wconf 72' lang='lat' dir='ltr'><strong>recenset</strong></span> <span class='ocrx_word' id='word_1_503' title='bbox 1065 5502 1158 5555; x_wconf 89' lang='lat' dir='ltr'><strong>lib.</strong></span> <span class='ocrx_word' id='word_1_504' title='bbox 1184 5518 1221 5555; x_wconf 93' lang='grc' dir='ltr'><strong>ιι</strong></span> <span class='ocrx_word' id='word_1_505' title='bbox 1248 5502 1324 5556; x_wconf 85' lang='lat' dir='ltr'><strong>De</strong></span> <span class='ocrx_word' id='word_1_506' title='bbox 1351 5499 1534 5556; x_wconf 68' lang='lat' dir='ltr'><strong>animo</strong></span> <span class='ocrx_word' id='word_1_507' title='bbox 1555 5519 1606 5559; x_wconf 90' lang='lat' dir='ltr'><strong>c.</strong></span> <span class='ocrx_word' id='word_1_508' title='bbox 1637 5505 1721 5560; x_wconf 86' lang='lat' dir='ltr'><strong>I0.</strong></span> <span class='ocrx_word' id='word_1_509' title='bbox 1749 5506 1837 5558; x_wconf 77' lang='lat' dir='ltr'><strong>Ait</strong></span> <span class='ocrx_word' id='word_1_510' title='bbox 1863 5518 2009 5568; x_wconf 85' lang='lat' dir='ltr'><strong>vero,</strong></span> 
     </span>
    </p>
   </div>
   <div class='ocr_carea' id='block_1_74' title="bbox 439 5569 2008 5641">
    <p class='ocr_par' dir='ltr' id='par_1_74' title="bbox 439 5569 2008 5641">
     <span class='ocr_line' id='line_1_77' title="bbox 439 5569 2008 5641; baseline 0.005 -24"><span class='ocrx_word' id='word_1_511' title='bbox 439 5569 922 5641; x_wconf 60' lang='lat' dir='ltr'><strong>esquisitissimam</strong></span> <span class='ocrx_word' id='word_1_512' title='bbox 963 5586 1083 5626; x_wconf 89' lang='lat' dir='ltr'><strong>esse</strong></span> <span class='ocrx_word' id='word_1_513' title='bbox 1117 5583 1357 5626; x_wconf 86' lang='lat' dir='ltr'><strong>nostram</strong></span> <span class='ocrx_word' id='word_1_514' title='bbox 1390 5575 1644 5641; x_wconf 81' lang='lat' dir='ltr'><strong>gustandi</strong></span> <span class='ocrx_word' id='word_1_515' title='bbox 1676 5573 2008 5641; x_wconf 82' lang='lat' dir='ltr'><strong>facultatem,</strong></span> 
     </span>
    </p>
   </div>
   <div class='ocr_carea' id='block_1_75' title="bbox 435 5635 2010 5717">
    <p class='ocr_par' dir='ltr' id='par_1_75' title="bbox 435 5635 2010 5717">
     <span class='ocr_line' id='line_1_78' title="bbox 435 5635 2010 5717; baseline 0.003 -27"><span class='ocrx_word' id='word_1_516' title='bbox 435 5635 524 5717; x_wconf 58' lang='grc' dir='ltr'><strong>ῆξὰ</strong></span> <span class='ocrx_word' id='word_1_517' title='bbox 561 5638 621 5717; x_wconf 65' lang='grc' dir='ltr'><em>τὸ</em></span> <span class='ocrx_word' id='word_1_518' title='bbox 656 5639 826 5717; x_wconf 61' lang='lat' dir='ltr'><strong>at}th</strong></span> <span class='ocrx_word' id='word_1_519' title='bbox 857 5635 997 5717; x_wconf 76' lang='grc' dir='ltr'>εῐνᾳι</span> <span class='ocrx_word' id='word_1_520' title='bbox 1035 5642 1180 5717; x_wconf 62' lang='grc' dir='ltr'><strong>ᾁφήν</strong></span> <span class='ocrx_word' id='word_1_521' title='bbox 1218 5635 1602 5717; x_wconf 40' lang='grc' dir='ltr'>τιναηΕιιιιιιε</span> <span class='ocrx_word' id='word_1_522' title='bbox 1631 5635 2010 5717; x_wconf 57' lang='lat' dir='ltr'><strong>etiarn__ostenl</strong></span> 
     </span>
    </p>
   </div>
   <div class='ocr_carea' id='block_1_76' title="bbox 437 5708 2010 5778">
    <p class='ocr_par' dir='ltr' id='par_1_76' title="bbox 437 5708 2010 5778">
     <span class='ocr_line' id='line_1_79' title="bbox 437 5708 2010 5778; baseline 0.004 -15"><span class='ocrx_word' id='word_1_523' title='bbox 437 5708 538 5776; x_wconf 83' lang='lat' dir='ltr'><strong>dit,</strong></span> <span class='ocrx_word' id='word_1_524' title='bbox 573 5708 845 5768; x_wconf 79' lang='lat' dir='ltr'><strong>hominem</strong></span> <span class='ocrx_word' id='word_1_525' title='bbox 878 5708 1222 5768; x_wconf 78' lang='lat' dir='ltr'><strong>animaleSse</strong></span> <span class='ocrx_word' id='word_1_526' title='bbox 1255 5714 1750 5778; x_wconf 76' lang='lat' dir='ltr'><strong>prudentissimum.</strong></span> <span class='ocrx_word' id='word_1_527' title='bbox 1797 5714 2010 5770; x_wconf 88' lang='lat' dir='ltr'><strong>Utinam</strong></span> 
     </span>
    </p>
   </div>
   <div class='ocr_carea' id='block_1_77' title="bbox 2111 1949 2850 2020">
    <p class='ocr_par' dir='ltr' id='par_1_77' title="bbox 2111 1949 2850 2020">
     <span class='ocr_line' id='line_1_80' title="bbox 2111 1949 2850 2020; baseline 0 -18"><span class='ocrx_word' id='word_1_528' title='bbox 2111 1951 2354 2020; x_wconf 84' lang='lat' dir='ltr'><strong>primum</strong></span> <span class='ocrx_word' id='word_1_529' title='bbox 2408 1952 2462 2004; x_wconf 92' lang='lat' dir='ltr'><strong>in</strong></span> <span class='ocrx_word' id='word_1_530' title='bbox 2532 1949 2850 2018; x_wconf 87' lang='lat' dir='ltr'><strong>corporibus</strong></span> 
     </span>
    </p>
   </div>
   <div class='ocr_carea' id='block_1_78' title="bbox 2122 484 3702 557">
    <p class='ocr_par' dir='ltr' id='par_1_78' title="bbox 2122 484 3702 557">
     <span class='ocr_line' id='line_1_81' title="bbox 2122 484 3702 557; baseline -0.004 -16"><span class='ocrx_word' id='word_1_531' title='bbox 2122 489 2244 554; x_wconf 78' lang='lat' dir='ltr'><strong>gula</strong></span> <span class='ocrx_word' id='word_1_532' title='bbox 2287 489 2522 557; x_wconf 88' lang='lat' dir='ltr'><strong>sapiunt,</strong></span> <span class='ocrx_word' id='word_1_533' title='bbox 2551 496 2605 539; x_wconf 91' lang='lat' dir='ltr'><strong>et</strong></span> <span class='ocrx_word' id='word_1_534' title='bbox 2639 486 2779 557; x_wconf 85' lang='lat' dir='ltr'><strong>quod</strong></span> <span class='ocrx_word' id='word_1_535' title='bbox 2804 484 3290 557; x_wconf 77' lang='lat' dir='ltr'><strong>Quintilianusait,</strong></span> <span class='ocrx_word' id='word_1_536' title='bbox 3319 484 3543 555; x_wconf 70' lang='lat' dir='ltr'><strong>coquum</strong></span> <span class='ocrx_word' id='word_1_537' title='bbox 3582 507 3702 545; x_wconf 76' lang='lat' dir='ltr'><strong>ma-</strong></span> 
     </span>
    </p>
   </div>
   <div class='ocr_carea' id='block_1_79' title="bbox 2110 555 3700 628">
    <p class='ocr_par' dir='ltr' id='par_1_79' title="bbox 2110 555 3700 628">
     <span class='ocr_line' id='line_1_82' title="bbox 2110 555 3700 628; baseline 0.003 -18"><span class='ocrx_word' id='word_1_538' title='bbox 2110 559 2248 628; x_wconf 79' lang='lat' dir='ltr'><strong>juris</strong></span> <span class='ocrx_word' id='word_1_539' title='bbox 2277 555 2498 628; x_wconf 69' lang='lat' dir='ltr'><strong>faciunt,</strong></span> <span class='ocrx_word' id='word_1_540' title='bbox 2528 571 2684 628; x_wconf 75' lang='lat' dir='ltr'><strong>quam</strong></span> <span class='ocrx_word' id='word_1_541' title='bbox 2724 555 3080 628; x_wconf 74' lang='lat' dir='ltr'><strong>philosophum</strong></span> <span class='ocrx_word' id='word_1_542' title='bbox 3103 556 3124 608; x_wconf 87' lang='lat'><strong>.&#39;</strong></span> <span class='ocrx_word' id='word_1_543' title='bbox 3151 555 3490 628; x_wconf 79' lang='lat' dir='ltr'><strong>Mcminerint</strong></span> <span class='ocrx_word' id='word_1_544' title='bbox 3517 569 3700 615; x_wconf 86' lang='lat' dir='ltr'><strong>tamen</strong></span> 
     </span>
    </p>
   </div>
   <div class='ocr_carea' id='block_1_80' title="bbox 2120 626 3668 696">
    <p class='ocr_par' dir='ltr' id='par_1_80' title="bbox 2120 626 3668 696">
     <span class='ocr_line' id='line_1_83' title="bbox 2120 626 3668 696; baseline 0 -14"><span class='ocrx_word' id='word_1_545' title='bbox 2120 630 2369 682; x_wconf 76' lang='lat' dir='ltr'><strong>eritndem</strong></span> <span class='ocrx_word' id='word_1_546' title='bbox 2404 626 2754 681; x_wconf 83' lang='lat' dir='ltr'><strong>Aristotelem</strong></span> <span class='ocrx_word' id='word_1_547' title='bbox 2789 626 2888 696; x_wconf 76' lang='lat' dir='ltr'><strong>hos</strong></span> <span class='ocrx_word' id='word_1_548' title='bbox 2943 639 3132 679; x_wconf 87' lang='lat' dir='ltr'><strong>sensus</strong></span> <span class='ocrx_word' id='word_1_549' title='bbox 3185 641 3295 692; x_wconf 76' lang='lat' dir='ltr'><strong>pra:</strong></span> <span class='ocrx_word' id='word_1_550' title='bbox 3339 626 3560 694; x_wconf 88' lang='lat' dir='ltr'><strong>reliquis</strong></span> <span class='ocrx_word' id='word_1_551' title='bbox 3598 645 3668 696; x_wconf 90' lang='lat' dir='ltr'><strong>pe</strong></span> 
     </span>
    </p>
   </div>
   <div class='ocr_carea' id='block_1_81' title="bbox 2118 694 3696 776">
    <p class='ocr_par' dir='ltr' id='par_1_81' title="bbox 2118 694 3696 776">
     <span class='ocr_line' id='line_1_84' title="bbox 2118 694 3696 776; baseline -0.001 -24"><span class='ocrx_word' id='word_1_552' title='bbox 2118 696 2304 776; x_wconf 73' lang='lat' dir='ltr'><strong>culiari</strong></span> <span class='ocrx_word' id='word_1_553' title='bbox 2349 696 2658 776; x_wconf 50' lang='lat' dir='ltr'><strong>ignominim</strong></span> <span class='ocrx_word' id='word_1_554' title='bbox 2699 704 2821 748; x_wconf 93' lang='lat' dir='ltr'><strong>nota</strong></span> <span class='ocrx_word' id='word_1_555' title='bbox 2870 694 3550 776; x_wconf 51' lang='lat' dir='ltr'><strong>iuttssisse,_aftpo:r‘dr_o_ug</strong></span> <span class='ocrx_word' id='word_1_556' title='bbox 3600 694 3696 751; x_wconf 68' lang='lat' dir='ltr'><strong>Stal.</strong></span> 
     </span>
    </p>
   </div>
   <div class='ocr_carea' id='block_1_82' title="bbox 2093 765 3695 837">
    <p class='ocr_par' dir='ltr' id='par_1_82' title="bbox 2093 765 3695 837">
     <span class='ocr_line' id='line_1_85' title="bbox 2093 765 3695 837; baseline 0.002 -19"><span class='ocrx_word' id='word_1_557' title='bbox 2093 802 2096 804; x_wconf 52' lang='grc' dir='ltr'><strong>ν</strong></span> <span class='ocrx_word' id='word_1_558' title='bbox 2122 765 2355 837; x_wconf 74' lang='grc' dir='ltr'><em>μάλιστα</em></span> <span class='ocrx_word' id='word_1_559' title='bbox 2403 765 2796 828; x_wconf 72' lang='grc' dir='ltr'><strong>ἐπονειδίστως</strong></span> <span class='ocrx_word' id='word_1_560' title='bbox 2825 765 3118 833; x_wconf 86' lang='lat' dir='ltr'><strong>appellans.</strong></span> <span class='ocrx_word' id='word_1_561' title='bbox 3155 765 3319 837; x_wconf 88' lang='lat' dir='ltr'><strong>Addit</strong></span> <span class='ocrx_word' id='word_1_562' title='bbox 3345 765 3552 837; x_wconf 76' lang='lat' dir='ltr'><strong>Gellius</strong></span> <span class='ocrx_word' id='word_1_563' title='bbox 3593 783 3695 822; x_wconf 87' lang='lat' dir='ltr'><strong>nos</strong></span> 
     </span>
    </p>
   </div>
   <div class='ocr_carea' id='block_1_83' title="bbox 2121 835 3698 900">
    <p class='ocr_par' dir='ltr' id='par_1_83' title="bbox 2121 835 3698 900">
     <span class='ocr_line' id='line_1_86' title="bbox 2121 835 3698 900; baseline 0 -10"><span class='ocrx_word' id='word_1_564' title='bbox 2121 835 2218 891; x_wconf 85' lang='lat' dir='ltr'><strong>has</strong></span> <span class='ocrx_word' id='word_1_565' title='bbox 2247 836 2550 900; x_wconf 80' lang='lat' dir='ltr'><strong>voluptates</strong></span> <span class='ocrx_word' id='word_1_566' title='bbox 2586 837 2788 890; x_wconf 89' lang='lat' dir='ltr'><strong>habere</strong></span> <span class='ocrx_word' id='word_1_567' title='bbox 2843 849 2965 888; x_wconf 88' lang='lat' dir='ltr'><strong>cum</strong></span> <span class='ocrx_word' id='word_1_568' title='bbox 3007 849 3102 888; x_wconf 89' lang='lat' dir='ltr'><strong>sue</strong></span> <span class='ocrx_word' id='word_1_569' title='bbox 3138 845 3192 888; x_wconf 90' lang='lat' dir='ltr'><strong>et</strong></span> <span class='ocrx_word' id='word_1_570' title='bbox 3233 835 3399 889; x_wconf 84' lang='lat' dir='ltr'><strong>asinis</strong></span> <span class='ocrx_word' id='word_1_571' title='bbox 3442 851 3698 890; x_wconf 74' lang='lat' dir='ltr'><strong>commu-</strong></span> 
     </span>
    </p>
   </div>
   <div class='ocr_carea' id='block_1_84' title="bbox 2119 903 3701 974">
    <p class='ocr_par' dir='ltr' id='par_1_84' title="bbox 2119 903 3701 974">
     <span class='ocr_line' id='line_1_87' title="bbox 2119 903 3701 974; baseline 0.003 -15"><span class='ocrx_word' id='word_1_572' title='bbox 2119 922 2237 969; x_wconf 89' lang='lat' dir='ltr'><strong>nes,</strong></span> <span class='ocrx_word' id='word_1_573' title='bbox 2267 915 2322 960; x_wconf 90' lang='lat' dir='ltr'><strong>et</strong></span> <span class='ocrx_word' id='word_1_574' title='bbox 2359 904 2732 974; x_wconf 89' lang='lat' dir='ltr'><strong>Hippocratem</strong></span> <span class='ocrx_word' id='word_1_575' title='bbox 2770 918 3029 974; x_wconf 85' lang='lat' dir='ltr'><strong>venereas</strong></span> <span class='ocrx_word' id='word_1_576' title='bbox 3059 903 3356 973; x_wconf 86' lang='lat' dir='ltr'><strong>voluptates</strong></span> <span class='ocrx_word' id='word_1_577' title='bbox 3400 921 3499 974; x_wconf 91' lang='lat' dir='ltr'><strong>pro</strong></span> <span class='ocrx_word' id='word_1_578' title='bbox 3533 915 3701 962; x_wconf 83' lang='lat' dir='ltr'><strong>teter-</strong></span> 
     </span>
    </p>
   </div>
   <div class='ocr_carea' id='block_1_85' title="bbox 2119 973 3349 1036">
    <p class='ocr_par' dir='ltr' id='par_1_85' title="bbox 2119 973 3349 1036">
     <span class='ocr_line' id='line_1_88' title="bbox 2119 973 3349 1036; baseline -0.002 -6"><span class='ocrx_word' id='word_1_579' title='bbox 2119 977 2257 1030; x_wconf 85' lang='lat' dir='ltr'><strong>rimo</strong></span> <span class='ocrx_word' id='word_1_580' title='bbox 2290 973 2496 1033; x_wconf 79' lang='lat' dir='ltr'><strong>morbo.</strong></span> <span class='ocrx_word' id='word_1_581' title='bbox 2530 974 2786 1028; x_wconf 84' lang='lat' dir='ltr'><strong>comitiali</strong></span> <span class='ocrx_word' id='word_1_582' title='bbox 2817 973 2962 1036; x_wconf 89' lang='lat' dir='ltr'><strong>scil.,</strong></span> <span class='ocrx_word' id='word_1_583' title='bbox 2993 974 3349 1031; x_wconf 73' lang='lat' dir='ltr'><strong>existimasse.</strong></span> 
     </span>
    </p>
   </div>
   <div class='ocr_carea' id='block_1_86' title="bbox 2192 1042 3699 1115">
    <p class='ocr_par' dir='ltr' id='par_1_86' title="bbox 2192 1042 3699 1115">
     <span class='ocr_line' id='line_1_89' title="bbox 2192 1042 3699 1115; baseline 0.001 -15"><span class='ocrx_word' id='word_1_584' title='bbox 2192 1046 2318 1115; x_wconf 84' lang='lat' dir='ltr'><strong>Pag.</strong></span> <span class='ocrx_word' id='word_1_585' title='bbox 2346 1045 2435 1100; x_wconf 82' lang='lat'><strong>90.</strong></span> <span class='ocrx_word' id='word_1_586' title='bbox 2476 1044 2634 1112; x_wconf 83' lang='grc' dir='ltr'><strong>Πρὸς</strong></span> <span class='ocrx_word' id='word_1_587' title='bbox 2667 1043 2779 1112; x_wconf 75' lang='grc' dir='ltr'><strong>γὰρ</strong></span> <span class='ocrx_word' id='word_1_588' title='bbox 2823 1043 3082 1112; x_wconf 68' lang='grc' dir='ltr'><strong>ψόφους.</strong></span> <span class='ocrx_word' id='word_1_589' title='bbox 3122 1042 3506 1115; x_wconf 76' lang='lat' dir='ltr'><strong>Cartilaginem</strong></span> <span class='ocrx_word' id='word_1_590' title='bbox 3543 1048 3699 1102; x_wconf 82' lang='lat' dir='ltr'><strong>sonis</strong></span> 
     </span>
    </p>
   </div>
   <div class='ocr_carea' id='block_1_87' title="bbox 2119 1113 3701 1184">
    <p class='ocr_par' dir='ltr' id='par_1_87' title="bbox 2119 1113 3701 1184">
     <span class='ocr_line' id='line_1_90' title="bbox 2119 1113 3701 1184; baseline 0.001 -14"><span class='ocrx_word' id='word_1_591' title='bbox 2119 1113 2354 1170; x_wconf 81' lang='lat' dir='ltr'><strong>maxime</strong></span> <span class='ocrx_word' id='word_1_592' title='bbox 2388 1115 3060 1184; x_wconf 82' lang='lat' dir='ltr'><strong>opportunamostendunt</strong></span> <span class='ocrx_word' id='word_1_593' title='bbox 3110 1114 3256 1168; x_wconf 87' lang='lat' dir='ltr'><strong>auris</strong></span> <span class='ocrx_word' id='word_1_594' title='bbox 3302 1113 3470 1184; x_wconf 90' lang='lat' dir='ltr'><strong>ipsius</strong></span> <span class='ocrx_word' id='word_1_595' title='bbox 3514 1117 3701 1170; x_wconf 78' lang='lat' dir='ltr'><strong>imita-</strong></span> 
     </span>
    </p>
   </div>
   <div class='ocr_carea' id='block_1_88' title="bbox 2120 1182 3698 1255">
    <p class='ocr_par' dir='ltr' id='par_1_88' title="bbox 2120 1182 3698 1255">
     <span class='ocr_line' id='line_1_91' title="bbox 2120 1182 3698 1255; baseline 0 -17"><span class='ocrx_word' id='word_1_596' title='bbox 2120 1195 2299 1239; x_wconf 88' lang='lat' dir='ltr'><strong>menta</strong></span> <span class='ocrx_word' id='word_1_597' title='bbox 2350 1182 2914 1255; x_wconf 32' lang='lat' dir='ltr'><strong>tympanatnecnon</strong></span> <span class='ocrx_word' id='word_1_598' title='bbox 2977 1182 3158 1255; x_wconf 78' lang='lat' dir='ltr'><strong>lidium</strong></span> <span class='ocrx_word' id='word_1_599' title='bbox 3203 1182 3518 1248; x_wconf 88' lang='lat' dir='ltr'><strong>testudines,</strong></span> <span class='ocrx_word' id='word_1_600' title='bbox 3569 1201 3698 1250; x_wconf 62' lang='lat' dir='ltr'><strong>qua</strong></span> 
     </span>
    </p>
   </div>
   <div class='ocr_carea' id='block_1_89' title="bbox 2118 1252 3700 1318">
    <p class='ocr_par' dir='ltr' id='par_1_89' title="bbox 2118 1252 3700 1318">
     <span class='ocr_line' id='line_1_92' title="bbox 2118 1252 3700 1318; baseline 0.001 -10"><span class='ocrx_word' id='word_1_601' title='bbox 2118 1252 2476 1318; x_wconf 45' lang='lat' dir='ltr'><strong>asseresfad</strong></span> <span class='ocrx_word' id='word_1_602' title='bbox 2513 1252 2850 1307; x_wconf 87' lang='lat' dir='ltr'><strong>latuellarum</strong></span> <span class='ocrx_word' id='word_1_603' title='bbox 2908 1253 3416 1309; x_wconf 79' lang='lat' dir='ltr'><strong>metnbranarumve</strong></span> <span class='ocrx_word' id='word_1_604' title='bbox 3461 1255 3700 1310; x_wconf 77' lang='lat' dir='ltr'><strong>formam</strong></span> 
     </span>
    </p>
   </div>
   <div class='ocr_carea' id='block_1_90' title="bbox 2118 1323 2716 1390">
    <p class='ocr_par' dir='ltr' id='par_1_90' title="bbox 2118 1323 2716 1390">
     <span class='ocr_line' id='line_1_93' title="bbox 2118 1323 2716 1390; baseline -0.007 -12"><span class='ocrx_word' id='word_1_605' title='bbox 2118 1333 2449 1385; x_wconf 88' lang='lat' dir='ltr'><strong>attenuatos,</strong></span> <span class='ocrx_word' id='word_1_606' title='bbox 2475 1323 2716 1390; x_wconf 77' lang='lat' dir='ltr'><strong>exigunt.</strong></span> 
     </span>
    </p>
   </div>
   <div class='ocr_carea' id='block_1_91' title="bbox 2189 1389 3704 1460">
    <p class='ocr_par' dir='ltr' id='par_1_91' title="bbox 2189 1389 3704 1460">
     <span class='ocr_line' id='line_1_94' title="bbox 2189 1389 3704 1460; baseline 0.001 -14"><span class='ocrx_word' id='word_1_607' title='bbox 2189 1393 2320 1448; x_wconf 91' lang='lat' dir='ltr'><strong>Ibid.</strong></span> <span class='ocrx_word' id='word_1_608' title='bbox 2361 1389 2589 1459; x_wconf 78' lang='grc' dir='ltr'><em>Ὦσπεῤ</em></span> <span class='ocrx_word' id='word_1_609' title='bbox 2650 1391 2776 1458; x_wconf 83' lang='grc' dir='ltr'><em>τοῖς</em></span> <span class='ocrx_word' id='word_1_610' title='bbox 2825 1389 3039 1455; x_wconf 71' lang='grc' dir='ltr'><em>ἄλλοις</em></span> <span class='ocrx_word' id='word_1_611' title='bbox 3100 1392 3529 1460; x_wconf 72' lang='grc' dir='ltr'><strong>αἰσθητηρίοις.</strong></span> <span class='ocrx_word' id='word_1_612' title='bbox 3587 1391 3704 1447; x_wconf 76' lang='lat' dir='ltr'><strong>Res</strong></span> 
     </span>
    </p>
   </div>
   <div class='ocr_carea' id='block_1_92' title="bbox 2118 1461 3700 1532">
    <p class='ocr_par' dir='ltr' id='par_1_92' title="bbox 2118 1461 3700 1532">
     <span class='ocr_line' id='line_1_95' title="bbox 2118 1461 3700 1532; baseline 0.001 -17"><span class='ocrx_word' id='word_1_613' title='bbox 2118 1464 2336 1532; x_wconf 89' lang='lat' dir='ltr'><strong>quidem</strong></span> <span class='ocrx_word' id='word_1_614' title='bbox 2373 1462 2598 1518; x_wconf 89' lang='lat' dir='ltr'><strong>omnino</strong></span> <span class='ocrx_word' id='word_1_615' title='bbox 2623 1475 2654 1515; x_wconf 88' lang='lat' dir='ltr'><strong>e</strong></span> <span class='ocrx_word' id='word_1_616' title='bbox 2684 1471 2887 1532; x_wconf 83' lang='lat' dir='ltr'><strong>contra</strong></span> <span class='ocrx_word' id='word_1_617' title='bbox 2912 1475 2972 1515; x_wconf 88' lang='lat' dir='ltr'><strong>se</strong></span> <span class='ocrx_word' id='word_1_618' title='bbox 3019 1463 3198 1532; x_wconf 85' lang='lat' dir='ltr'><strong>habet.</strong></span> <span class='ocrx_word' id='word_1_619' title='bbox 3237 1461 3372 1517; x_wconf 87' lang='lat' dir='ltr'><strong>Huic</strong></span> <span class='ocrx_word' id='word_1_620' title='bbox 3415 1467 3559 1516; x_wconf 88' lang='lat' dir='ltr'><strong>enim</strong></span> <span class='ocrx_word' id='word_1_621' title='bbox 3595 1465 3700 1527; x_wconf 82' lang='lat' dir='ltr'><strong>soli</strong></span> 
     </span>
    </p>
   </div>
   <div class='ocr_carea' id='block_1_93' title="bbox 2118 1530 3708 1613">
    <p class='ocr_par' dir='ltr' id='par_1_93' title="bbox 2118 1530 3708 1613">
     <span class='ocr_line' id='line_1_96' title="bbox 2118 1530 3708 1613; baseline 0 -25"><span class='ocrx_word' id='word_1_622' title='bbox 2118 1530 2367 1613; x_wconf 72' lang='lat' dir='ltr'><strong>censorio</strong></span> <span class='ocrx_word' id='word_1_623' title='bbox 2396 1533 2544 1587; x_wconf 84' lang='lat' dir='ltr'><strong>nervi</strong></span> <span class='ocrx_word' id='word_1_624' title='bbox 2574 1530 3076 1613; x_wconf 67' lang='lat' dir='ltr'><strong>accommodantur.</strong></span> <span class='ocrx_word' id='word_1_625' title='bbox 3251 1545 3371 1613; x_wconf 75' lang='lat' dir='ltr'><strong>cum</strong></span> <span class='ocrx_word' id='word_1_626' title='bbox 3408 1547 3708 1613; x_wconf 72' lang='lat' dir='ltr'><strong>processus</strong></span> 
     </span>
    </p>
   </div>
   <div class='ocr_carea' id='block_1_94' title="bbox 2120 1599 3703 1672">
    <p class='ocr_par' dir='ltr' id='par_1_94' title="bbox 2120 1599 3703 1672">
     <span class='ocr_line' id='line_1_97' title="bbox 2120 1599 3703 1672; baseline 0 -16"><span class='ocrx_word' id='word_1_627' title='bbox 2120 1603 2452 1672; x_wconf 85' lang='lat' dir='ltr'><strong>mamillares</strong></span> <span class='ocrx_word' id='word_1_628' title='bbox 2495 1613 2621 1656; x_wconf 91' lang='lat' dir='ltr'><strong>sunt</strong></span> <span class='ocrx_word' id='word_1_629' title='bbox 2657 1600 2794 1672; x_wconf 80' lang='lat' dir='ltr'><strong>mole</strong></span> <span class='ocrx_word' id='word_1_630' title='bbox 2842 1599 3038 1672; x_wconf 84' lang='lat' dir='ltr'><strong>ampli,</strong></span> <span class='ocrx_word' id='word_1_631' title='bbox 3073 1607 3136 1672; x_wconf 83' lang='lat' dir='ltr'><strong>et</strong></span> <span class='ocrx_word' id='word_1_632' title='bbox 3181 1599 3235 1654; x_wconf 93' lang='lat' dir='ltr'><strong>in</strong></span> <span class='ocrx_word' id='word_1_633' title='bbox 3267 1599 3540 1672; x_wconf 83' lang='lat' dir='ltr'><strong>aliquibus</strong></span> <span class='ocrx_word' id='word_1_634' title='bbox 3571 1603 3703 1656; x_wconf 82' lang='lat' dir='ltr'><strong>ani-</strong></span> 
     </span>
    </p>
   </div>
   <div class='ocr_carea' id='block_1_95' title="bbox 2121 1669 3695 1739">
    <p class='ocr_par' dir='ltr' id='par_1_95' title="bbox 2121 1669 3695 1739">
     <span class='ocr_line' id='line_1_98' title="bbox 2121 1669 3695 1739; baseline 0.001 -14"><span class='ocrx_word' id='word_1_635' title='bbox 2121 1671 2352 1728; x_wconf 87' lang='lat' dir='ltr'><strong>malibus</strong></span> <span class='ocrx_word' id='word_1_636' title='bbox 2382 1672 2532 1735; x_wconf 88' lang='lat' dir='ltr'><strong>cavi,</strong></span> <span class='ocrx_word' id='word_1_637' title='bbox 2575 1669 2762 1725; x_wconf 88' lang='lat' dir='ltr'><strong>molles</strong></span> <span class='ocrx_word' id='word_1_638' title='bbox 2798 1679 2854 1724; x_wconf 90' lang='lat' dir='ltr'><strong>et</strong></span> <span class='ocrx_word' id='word_1_639' title='bbox 2896 1669 3118 1738; x_wconf 89' lang='lat' dir='ltr'><strong>reliquis</strong></span> <span class='ocrx_word' id='word_1_640' title='bbox 3147 1672 3331 1726; x_wconf 88' lang='lat' dir='ltr'><strong>nervis</strong></span> <span class='ocrx_word' id='word_1_641' title='bbox 3360 1669 3695 1739; x_wconf 80' lang='lat' dir='ltr'><strong>dissimiles,</strong></span> 
     </span>
    </p>
   </div>
   <div class='ocr_carea' id='block_1_96' title="bbox 2119 1740 3378 1811">
    <p class='ocr_par' dir='ltr' id='par_1_96' title="bbox 2119 1740 3378 1811">
     <span class='ocr_line' id='line_1_99' title="bbox 2119 1740 3378 1811; baseline -0.001 -17"><span class='ocrx_word' id='word_1_642' title='bbox 2119 1756 2217 1811; x_wconf 88' lang='lat' dir='ltr'><strong>pro</strong></span> <span class='ocrx_word' id='word_1_643' title='bbox 2245 1742 2456 1796; x_wconf 85' lang='lat' dir='ltr'><strong>cerebri</strong></span> <span class='ocrx_word' id='word_1_644' title='bbox 2488 1740 2734 1811; x_wconf 74' lang='lat' dir='ltr'><strong>partibus</strong></span> <span class='ocrx_word' id='word_1_645' title='bbox 2769 1741 3180 1811; x_wconf 69' lang='lat' dir='ltr'><strong>reputaliantur.</strong></span> <span class='ocrx_word' id='word_1_646' title='bbox 3207 1809 3216 1811; x_wconf 96' lang='lat'><em>_</em></span> <span class='ocrx_word' id='word_1_647' title='bbox 3371 1761 3378 1766; x_wconf 65' lang='grc' dir='ltr'><em>ο</em></span> 
     </span>
    </p>
   </div>
   <div class='ocr_carea' id='block_1_97' title="bbox 2189 1806 3707 1882">
    <p class='ocr_par' dir='ltr' id='par_1_97' title="bbox 2189 1806 3707 1882">
     <span class='ocr_line' id='line_1_100' title="bbox 2189 1806 3707 1882; baseline 0.001 -18"><span class='ocrx_word' id='word_1_648' title='bbox 2189 1810 2433 1882; x_wconf 86' lang='lat' dir='ltr'><strong>Pag.9l.</strong></span> <span class='ocrx_word' id='word_1_649' title='bbox 2477 1806 2600 1866; x_wconf 82' lang='grc' dir='ltr'><em>Τῶν</em></span> <span class='ocrx_word' id='word_1_650' title='bbox 2643 1806 2860 1882; x_wconf 56' lang='lat' dir='ltr'><strong>omam}</strong></span> <span class='ocrx_word' id='word_1_651' title='bbox 2898 1806 3349 1882; x_wconf 73' lang='lat' dir='ltr'><strong>Suavesodores</strong></span> <span class='ocrx_word' id='word_1_652' title='bbox 3393 1808 3480 1882; x_wconf 84' lang='lat' dir='ltr'><strong>ab</strong></span> <span class='ocrx_word' id='word_1_653' title='bbox 3507 1809 3707 1880; x_wconf 83' lang='lat' dir='ltr'><strong>exqui-</strong></span> 
     </span>
    </p>
   </div>
   <div class='ocr_carea' id='block_1_98' title="bbox 2117 1878 3706 1949">
    <p class='ocr_par' dir='ltr' id='par_1_98' title="bbox 2117 1878 3706 1949">
     <span class='ocr_line' id='line_1_101' title="bbox 2117 1878 3706 1949; baseline 0 -14"><span class='ocrx_word' id='word_1_654' title='bbox 2117 1880 2218 1936; x_wconf 81' lang='lat' dir='ltr'><strong>sita</strong></span> <span class='ocrx_word' id='word_1_655' title='bbox 2265 1878 2550 1935; x_wconf 72' lang='lat' dir='ltr'><strong>liumorum</strong></span> <span class='ocrx_word' id='word_1_656' title='bbox 2605 1878 2955 1949; x_wconf 84' lang='lat' dir='ltr'><strong>concoctione</strong></span> <span class='ocrx_word' id='word_1_657' title='bbox 3006 1879 3140 1934; x_wconf 88' lang='lat' dir='ltr'><strong>oriri</strong></span> <span class='ocrx_word' id='word_1_658' title='bbox 3187 1880 3348 1946; x_wconf 90' lang='lat' dir='ltr'><strong>dicit,</strong></span> <span class='ocrx_word' id='word_1_659' title='bbox 3393 1880 3552 1949; x_wconf 89' lang='lat' dir='ltr'><strong>quia,</strong></span> <span class='ocrx_word' id='word_1_660' title='bbox 3595 1878 3706 1935; x_wconf 70' lang='grc' dir='ltr'>ἰιὺί</span> 
     </span>
    </p>
   </div>
   <div class='ocr_carea' id='block_1_99' title="bbox 2923 1948 3712 2019">
    <p class='ocr_par' dir='ltr' id='par_1_99' title="bbox 2923 1948 3712 2019">
     <span class='ocr_line' id='line_1_102' title="bbox 2923 1948 3712 2019; baseline 0.003 -17"><span class='ocrx_word' id='word_1_661' title='bbox 2923 1948 3351 2019; x_wconf 81' lang='lat' dir='ltr'><strong>fermentescunt</strong></span> <span class='ocrx_word' id='word_1_662' title='bbox 3413 1948 3712 2019; x_wconf 73' lang='lat' dir='ltr'><strong>particula:</strong></span> 
     </span>
    </p>
   </div>
   <div class='ocr_carea' id='block_1_100' title="bbox 2119 2018 3709 2090">
    <p class='ocr_par' dir='ltr' id='par_1_100' title="bbox 2119 2018 3709 2090">
     <span class='ocr_line' id='line_1_103' title="bbox 2119 2018 3709 2090; baseline 0.001 -17"><span class='ocrx_word' id='word_1_663' title='bbox 2119 2018 2294 2075; x_wconf 67' lang='lat' dir='ltr'><strong>aerea:</strong></span> <span class='ocrx_word' id='word_1_664' title='bbox 2319 2019 2433 2074; x_wconf 75' lang='lat' dir='ltr'><strong>sive</strong></span> <span class='ocrx_word' id='word_1_665' title='bbox 2458 2021 2786 2090; x_wconf 67' lang='lat' dir='ltr'><strong>spirituosaz,</strong></span> <span class='ocrx_word' id='word_1_666' title='bbox 2797 2027 2851 2072; x_wconf 89' lang='lat' dir='ltr'><strong>et</strong></span> <span class='ocrx_word' id='word_1_667' title='bbox 2871 2018 3381 2090; x_wconf 67' lang='lat' dir='ltr'><strong>sulphureaeipenes</strong></span> <span class='ocrx_word' id='word_1_668' title='bbox 3402 2018 3537 2089; x_wconf 78' lang='lat' dir='ltr'><strong>quas</strong></span> <span class='ocrx_word' id='word_1_669' title='bbox 3567 2020 3709 2074; x_wconf 85' lang='lat' dir='ltr'><strong>odo-</strong></span> 
     </span>
    </p>
   </div>
   <div class='ocr_carea' id='block_1_101' title="bbox 2119 2087 3800 2160">
    <p class='ocr_par' dir='ltr' id='par_1_101' title="bbox 2119 2087 3800 2160">
     <span class='ocr_line' id='line_1_104' title="bbox 2119 2087 3800 2160; baseline 0.001 -18"><span class='ocrx_word' id='word_1_670' title='bbox 2119 2103 2238 2160; x_wconf 76' lang='lat' dir='ltr'><strong>rum</strong></span> <span class='ocrx_word' id='word_1_671' title='bbox 2285 2087 2553 2160; x_wconf 69' lang='lat' dir='ltr'><strong>praecipua</strong></span> <span class='ocrx_word' id='word_1_672' title='bbox 2618 2088 2810 2160; x_wconf 80' lang='lat' dir='ltr'><strong>ratio),</strong></span> <span class='ocrx_word' id='word_1_673' title='bbox 2858 2087 3093 2160; x_wconf 73' lang='lat' dir='ltr'><strong>nondum</strong></span> <span class='ocrx_word' id='word_1_674' title='bbox 3139 2087 3242 2160; x_wconf 36' lang='lat' dir='ltr'><strong>illae</strong></span> <span class='ocrx_word' id='word_1_675' title='bbox 3293 2087 3522 2144; x_wconf 79' lang='lat' dir='ltr'><strong>vinculis</strong></span> <span class='ocrx_word' id='word_1_676' title='bbox 3567 2092 3711 2144; x_wconf 71' lang='lat' dir='ltr'><strong>satis</strong></span> <span class='ocrx_word' id='word_1_677' title='bbox 3795 2119 3800 2121; x_wconf 91' lang='lat'><strong><em>-</em></strong></span> 
     </span>
    </p>
   </div>
   <div class='ocr_carea' id='block_1_102' title="bbox 2119 2156 3711 2226">
    <p class='ocr_par' dir='ltr' id='par_1_102' title="bbox 2119 2156 3711 2226">
     <span class='ocr_line' id='line_1_105' title="bbox 2119 2156 3711 2226; baseline 0.001 -14"><span class='ocrx_word' id='word_1_678' title='bbox 2119 2156 2390 2222; x_wconf 81' lang='lat' dir='ltr'><strong>laxaniur,</strong></span> <span class='ocrx_word' id='word_1_679' title='bbox 2441 2156 2499 2213; x_wconf 84' lang='lat' dir='ltr'><strong>ut</strong></span> <span class='ocrx_word' id='word_1_680' title='bbox 2551 2158 2772 2214; x_wconf 88' lang='lat' dir='ltr'><strong>omnino</strong></span> <span class='ocrx_word' id='word_1_681' title='bbox 2821 2156 3039 2226; x_wconf 90' lang='lat' dir='ltr'><strong>prodire</strong></span> <span class='ocrx_word' id='word_1_682' title='bbox 3087 2158 3297 2225; x_wconf 88' lang='lat' dir='ltr'><strong>possint</strong></span> <span class='ocrx_word' id='word_1_683' title='bbox 3341 2176 3358 2212; x_wconf 89' lang='lat'><strong>:</strong></span> <span class='ocrx_word' id='word_1_684' title='bbox 3401 2173 3522 2214; x_wconf 90' lang='lat' dir='ltr'><strong>cum</strong></span> <span class='ocrx_word' id='word_1_685' title='bbox 3570 2174 3711 2214; x_wconf 74' lang='lat' dir='ltr'><strong>vero</strong></span> 
     </span>
    </p>
   </div>
   <div class='ocr_carea' id='block_1_103' title="bbox 2119 2227 3706 2298">
    <p class='ocr_par' dir='ltr' id='par_1_103' title="bbox 2119 2227 3706 2298">
     <span class='ocr_line' id='line_1_106' title="bbox 2119 2227 3706 2298; baseline 0.001 -15"><span class='ocrx_word' id='word_1_686' title='bbox 2119 2229 2331 2298; x_wconf 84' lang='lat' dir='ltr'><strong>longius</strong></span> <span class='ocrx_word' id='word_1_687' title='bbox 2371 2229 2700 2298; x_wconf 89' lang='lat' dir='ltr'><strong>processerit</strong></span> <span class='ocrx_word' id='word_1_688' title='bbox 2730 2227 2856 2281; x_wconf 90' lang='lat' dir='ltr'><strong>illud</strong></span> <span class='ocrx_word' id='word_1_689' title='bbox 2881 2241 3036 2298; x_wconf 84' lang='lat' dir='ltr'><strong>opus,</strong></span> <span class='ocrx_word' id='word_1_690' title='bbox 3069 2238 3356 2298; x_wconf 76' lang='lat' dir='ltr'><strong>partesque</strong></span> <span class='ocrx_word' id='word_1_691' title='bbox 3389 2229 3706 2296; x_wconf 67' lang='lat' dir='ltr'><strong>sulphurea:</strong></span> 
     </span>
    </p>
   </div>
   <div class='ocr_carea' id='block_1_104' title="bbox 2117 2296 3705 2368">
    <p class='ocr_par' dir='ltr' id='par_1_104' title="bbox 2117 2296 3705 2368">
     <span class='ocr_line' id='line_1_107' title="bbox 2117 2296 3705 2368; baseline -0.001 -14"><span class='ocrx_word' id='word_1_692' title='bbox 2117 2296 2590 2368; x_wconf 80' lang='lat' dir='ltr'><strong>conglomerantur</strong></span> <span class='ocrx_word' id='word_1_693' title='bbox 2616 2305 2670 2352; x_wconf 86' lang='lat' dir='ltr'><strong>et</strong></span> <span class='ocrx_word' id='word_1_694' title='bbox 2698 2313 2794 2365; x_wconf 88' lang='lat' dir='ltr'><strong>pro</strong></span> <span class='ocrx_word' id='word_1_695' title='bbox 2817 2311 2912 2349; x_wconf 91' lang='lat' dir='ltr'><strong>sua</strong></span> <span class='ocrx_word' id='word_1_696' title='bbox 2947 2297 3151 2368; x_wconf 80' lang='lat' dir='ltr'><strong>ferocia</strong></span> <span class='ocrx_word' id='word_1_697' title='bbox 3171 2296 3310 2352; x_wconf 42' lang='lat' dir='ltr'><strong>lact—0</strong></span> <span class='ocrx_word' id='word_1_698' title='bbox 3338 2303 3550 2368; x_wconf 85' lang='lat' dir='ltr'><strong>agmine</strong></span> <span class='ocrx_word' id='word_1_699' title='bbox 3573 2315 3705 2366; x_wconf 88' lang='lat' dir='ltr'><strong>pro-</strong></span> 
     </span>
    </p>
   </div>
   <div class='ocr_carea' id='block_1_105' title="bbox 2120 2367 3710 2437">
    <p class='ocr_par' dir='ltr' id='par_1_105' title="bbox 2120 2367 3710 2437">
     <span class='ocr_line' id='line_1_108' title="bbox 2120 2367 3710 2437; baseline 0 -15"><span class='ocrx_word' id='word_1_700' title='bbox 2120 2367 2308 2433; x_wconf 86' lang='lat' dir='ltr'><strong>deunt,</strong></span> <span class='ocrx_word' id='word_1_701' title='bbox 2339 2371 2587 2424; x_wconf 86' lang='lat' dir='ltr'><strong>sensoria</strong></span> <span class='ocrx_word' id='word_1_702' title='bbox 2623 2377 2865 2437; x_wconf 85' lang='lat' dir='ltr'><strong>pungunt</strong></span> <span class='ocrx_word' id='word_1_703' title='bbox 2907 2376 2962 2420; x_wconf 92' lang='lat' dir='ltr'><strong>et</strong></span> <span class='ocrx_word' id='word_1_704' title='bbox 3011 2367 3336 2422; x_wconf 85' lang='lat' dir='ltr'><strong>labefactant</strong></span> <span class='ocrx_word' id='word_1_705' title='bbox 3377 2367 3392 2421; x_wconf 70' lang='grc' dir='ltr'><em>ἐ</em></span> <span class='ocrx_word' id='word_1_706' title='bbox 3433 2371 3576 2424; x_wconf 89' lang='lat' dir='ltr'><strong>unde</strong></span> <span class='ocrx_word' id='word_1_707' title='bbox 3622 2371 3710 2422; x_wconf 55' lang='lat' dir='ltr'><strong>in.</strong></span> 
     </span>
    </p>
   </div>
   <div class='ocr_carea' id='block_1_106' title="bbox 2121 2437 3706 2504">
    <p class='ocr_par' dir='ltr' id='par_1_106' title="bbox 2121 2437 3706 2504">
     <span class='ocr_line' id='line_1_109' title="bbox 2121 2437 3706 2504; baseline -0.001 -11"><span class='ocrx_word' id='word_1_708' title='bbox 2121 2441 2412 2494; x_wconf 88' lang='lat' dir='ltr'><strong>termedius</strong></span> <span class='ocrx_word' id='word_1_709' title='bbox 2459 2449 2633 2492; x_wconf 87' lang='lat' dir='ltr'><strong>status</strong></span> <span class='ocrx_word' id='word_1_710' title='bbox 2660 2437 2832 2504; x_wconf 76' lang='lat' dir='ltr'><strong>gratis</strong></span> <span class='ocrx_word' id='word_1_711' title='bbox 2869 2437 3124 2492; x_wconf 89' lang='lat' dir='ltr'><strong>odoribus</strong></span> <span class='ocrx_word' id='word_1_712' title='bbox 3165 2440 3398 2492; x_wconf 77' lang='lat' dir='ltr'><strong>maxime</strong></span> <span class='ocrx_word' id='word_1_713' title='bbox 3449 2439 3706 2492; x_wconf 87' lang='lat' dir='ltr'><strong>idoneus.</strong></span> 
     </span>
    </p>
   </div>
   <div class='ocr_carea' id='block_1_107' title="bbox 2186 2506 3708 2577">
    <p class='ocr_par' dir='ltr' id='par_1_107' title="bbox 2186 2506 3708 2577">
     <span class='ocr_line' id='line_1_110' title="bbox 2186 2506 3708 2577; baseline -0.001 -15"><span class='ocrx_word' id='word_1_714' title='bbox 2186 2508 2319 2563; x_wconf 89' lang='lat' dir='ltr'><strong>Ibid.</strong></span> <span class='ocrx_word' id='word_1_715' title='bbox 2362 2510 2604 2577; x_wconf 83' lang='grc' dir='ltr'><strong>Κρίσεις</strong></span> <span class='ocrx_word' id='word_1_716' title='bbox 2636 2507 2733 2560; x_wconf 77' lang='grc' dir='ltr'><em>καὶ</em></span> <span class='ocrx_word' id='word_1_717' title='bbox 2763 2507 3252 2575; x_wconf 74' lang='grc' dir='ltr'><strong>συγκαταθέσεις.</strong></span> <span class='ocrx_word' id='word_1_718' title='bbox 3286 2506 3410 2561; x_wconf 70' lang='grc' dir='ltr'>Ηειιο</span> <span class='ocrx_word' id='word_1_719' title='bbox 3445 2511 3510 2577; x_wconf 75' lang='lat' dir='ltr'><strong>ad</strong></span> <span class='ocrx_word' id='word_1_720' title='bbox 3550 2509 3708 2561; x_wconf 81' lang='lat' dir='ltr'><strong>Stoi-</strong></span> 
     </span>
    </p>
   </div>
   <div class='ocr_carea' id='block_1_108' title="bbox 2117 2576 3706 2646">
    <p class='ocr_par' dir='ltr' id='par_1_108' title="bbox 2117 2576 3706 2646">
     <span class='ocr_line' id='line_1_111' title="bbox 2117 2576 3706 2646; baseline -0.003 -12"><span class='ocrx_word' id='word_1_721' title='bbox 2117 2594 2304 2634; x_wconf 89' lang='lat' dir='ltr'><strong>corum</strong></span> <span class='ocrx_word' id='word_1_722' title='bbox 2341 2576 2575 2634; x_wconf 85' lang='lat' dir='ltr'><strong>mentem</strong></span> <span class='ocrx_word' id='word_1_723' title='bbox 2611 2577 2751 2632; x_wconf 88' lang='lat' dir='ltr'><strong>dicta</strong></span> <span class='ocrx_word' id='word_1_724' title='bbox 2792 2587 2940 2643; x_wconf 90' lang='lat' dir='ltr'><strong>sunt,</strong></span> <span class='ocrx_word' id='word_1_725' title='bbox 2968 2579 3032 2634; x_wconf 89' lang='lat' dir='ltr'><strong>de</strong></span> <span class='ocrx_word' id='word_1_726' title='bbox 3065 2579 3260 2646; x_wconf 87' lang='lat' dir='ltr'><strong>quibus</strong></span> <span class='ocrx_word' id='word_1_727' title='bbox 3286 2578 3403 2632; x_wconf 85' lang='lat' dir='ltr'><strong>vide</strong></span> <span class='ocrx_word' id='word_1_728' title='bbox 3429 2576 3570 2632; x_wconf 87' lang='lat' dir='ltr'><strong>Gell.</strong></span> <span class='ocrx_word' id='word_1_729' title='bbox 3604 2578 3706 2631; x_wconf 87' lang='lat' dir='ltr'><strong>lib.</strong></span> 
     </span>
    </p>
   </div>
   <div class='ocr_carea' id='block_1_109' title="bbox 2118 2650 2402 2711">
    <p class='ocr_par' dir='ltr' id='par_1_109' title="bbox 2118 2650 2402 2711">
     <span class='ocr_line' id='line_1_112' title="bbox 2118 2650 2402 2711; baseline -0.004 -8"><span class='ocrx_word' id='word_1_730' title='bbox 2118 2663 2230 2711; x_wconf 70' lang='grc' dir='ltr'>χιι,</span> <span class='ocrx_word' id='word_1_731' title='bbox 2267 2663 2316 2702; x_wconf 90' lang='lat' dir='ltr'><strong>c.</strong></span> <span class='ocrx_word' id='word_1_732' title='bbox 2350 2650 2402 2703; x_wconf 81' lang='grc'><strong>1.</strong></span> 
     </span>
    </p>
   </div>
   <div class='ocr_carea' id='block_1_110' title="bbox 2187 2714 3706 2785">
    <p class='ocr_par' dir='ltr' id='par_1_110' title="bbox 2187 2714 3706 2785">
     <span class='ocr_line' id='line_1_113' title="bbox 2187 2714 3706 2785; baseline -0.001 -13"><span class='ocrx_word' id='word_1_733' title='bbox 2187 2719 2322 2772; x_wconf 90' lang='lat' dir='ltr'><strong>Ibid.</strong></span> <span class='ocrx_word' id='word_1_734' title='bbox 2351 2719 2580 2785; x_wconf 64' lang='lat' dir='ltr'><strong>&quot;Hrzep</strong></span> <span class='ocrx_word' id='word_1_735' title='bbox 2623 2715 2822 2785; x_wconf 82' lang='grc' dir='ltr'><em>μόνην</em></span> <span class='ocrx_word' id='word_1_736' title='bbox 2859 2714 3062 2784; x_wconf 80' lang='grc' dir='ltr'><strong>ἀληθῆ</strong></span> <span class='ocrx_word' id='word_1_737' title='bbox 3101 2717 3405 2782; x_wconf 81' lang='grc' dir='ltr'><em>μαντείαν.</em></span> <span class='ocrx_word' id='word_1_738' title='bbox 3448 2714 3504 2770; x_wconf 92' lang='lat' dir='ltr'><strong>In</strong></span> <span class='ocrx_word' id='word_1_739' title='bbox 3553 2718 3706 2770; x_wconf 91' lang='lat' dir='ltr'><strong>omni</strong></span> 
     </span>
    </p>
   </div>
   <div class='ocr_carea' id='block_1_111' title="bbox 2115 2785 3709 2859">
    <p class='ocr_par' dir='ltr' id='par_1_111' title="bbox 2115 2785 3709 2859">
     <span class='ocr_line' id='line_1_114' title="bbox 2115 2785 3709 2859; baseline -0.003 -17"><span class='ocrx_word' id='word_1_740' title='bbox 2115 2788 2393 2859; x_wconf 86' lang='lat' dir='ltr'><strong>gentilium</strong></span> <span class='ocrx_word' id='word_1_741' title='bbox 2446 2789 2704 2859; x_wconf 77' lang='lat' dir='ltr'><strong>religione</strong></span> <span class='ocrx_word' id='word_1_742' title='bbox 2733 2785 2987 2859; x_wconf 79' lang='lat' dir='ltr'><strong>primaria</strong></span> <span class='ocrx_word' id='word_1_743' title='bbox 3017 2789 3154 2841; x_wconf 89' lang='lat' dir='ltr'><strong>ratio</strong></span> <span class='ocrx_word' id='word_1_744' title='bbox 3179 2788 3510 2859; x_wconf 85' lang='lat' dir='ltr'><strong>somniorum</strong></span> <span class='ocrx_word' id='word_1_745' title='bbox 3548 2786 3709 2859; x_wconf 87' lang='lat' dir='ltr'><strong>habi-</strong></span> 
     </span>
    </p>
   </div>
   <div class='ocr_carea' id='block_1_112' title="bbox 2119 2855 3708 2928">
    <p class='ocr_par' dir='ltr' id='par_1_112' title="bbox 2119 2855 3708 2928">
     <span class='ocr_line' id='line_1_115' title="bbox 2119 2855 3708 2928; baseline -0.001 -16"><span class='ocrx_word' id='word_1_746' title='bbox 2119 2855 2192 2921; x_wconf 71' lang='lat' dir='ltr'><strong>ia,</strong></span> <span class='ocrx_word' id='word_1_747' title='bbox 2225 2859 2388 2923; x_wconf 79' lang='lat' dir='ltr'><strong>unde,</strong></span> <span class='ocrx_word' id='word_1_748' title='bbox 2419 2860 2509 2928; x_wconf 86' lang='lat' dir='ltr'><strong>qui</strong></span> <span class='ocrx_word' id='word_1_749' title='bbox 2549 2855 2729 2928; x_wconf 70' lang='lat' dir='ltr'><strong>divina</strong></span> <span class='ocrx_word' id='word_1_750' title='bbox 2758 2855 3047 2928; x_wconf 53' lang='lat' dir='ltr'><strong>rgpetebat</strong></span> <span class='ocrx_word' id='word_1_751' title='bbox 3089 2856 3338 2928; x_wconf 53' lang='lat' dir='ltr'><strong>monita,</strong></span> <span class='ocrx_word' id='word_1_752' title='bbox 3362 2856 3414 2908; x_wconf 93' lang='lat' dir='ltr'><strong>in</strong></span> <span class='ocrx_word' id='word_1_753' title='bbox 3459 2858 3708 2928; x_wconf 78' lang='lat' dir='ltr'><strong>sacrario</strong></span> 
     </span>
    </p>
   </div>
   <div class='ocr_carea' id='block_1_113' title="bbox 2116 2924 3704 2996">
    <p class='ocr_par' dir='ltr' id='par_1_113' title="bbox 2116 2924 3704 2996">
     <span class='ocr_line' id='line_1_116' title="bbox 2116 2924 3704 2996; baseline -0.002 -15"><span class='ocrx_word' id='word_1_754' title='bbox 2116 2929 2296 2996; x_wconf 89' lang='lat' dir='ltr'><strong>aliquo</strong></span> <span class='ocrx_word' id='word_1_755' title='bbox 2321 2924 2639 2982; x_wconf 83' lang='lat' dir='ltr'><strong>dormiebat.</strong></span> <span class='ocrx_word' id='word_1_756' title='bbox 2664 2924 2772 2979; x_wconf 87' lang='lat' dir='ltr'><strong>Sed</strong></span> <span class='ocrx_word' id='word_1_757' title='bbox 2799 2924 3155 2996; x_wconf 72' lang='lat' dir='ltr'><strong>Pythagoras,</strong></span> <span class='ocrx_word' id='word_1_758' title='bbox 3176 2926 3266 2992; x_wconf 90' lang='lat' dir='ltr'><strong>qui</strong></span> <span class='ocrx_word' id='word_1_759' title='bbox 3292 2927 3359 2978; x_wconf 88' lang='lat' dir='ltr'><strong>ab</strong></span> <span class='ocrx_word' id='word_1_760' title='bbox 3386 2925 3704 2996; x_wconf 80' lang='lat' dir='ltr'><strong>animalium</strong></span> 
     </span>
    </p>
   </div>
   <div class='ocr_carea' id='block_1_114' title="bbox 2118 2993 3710 3058">
    <p class='ocr_par' dir='ltr' id='par_1_114' title="bbox 2118 2993 3710 3058">
     <span class='ocr_line' id='line_1_117' title="bbox 2118 2993 3710 3058; baseline -0.001 -8"><span class='ocrx_word' id='word_1_761' title='bbox 2118 2993 2442 3052; x_wconf 71' lang='lat' dir='ltr'><strong>&quot;iactatione</strong></span> <span class='ocrx_word' id='word_1_762' title='bbox 2470 2998 2632 3051; x_wconf 90' lang='lat' dir='ltr'><strong>etiam</strong></span> <span class='ocrx_word' id='word_1_763' title='bbox 2689 3009 2744 3048; x_wconf 83' lang='grc' dir='ltr'><strong>ιι</strong></span> <span class='ocrx_word' id='word_1_764' title='bbox 2784 2994 3066 3049; x_wconf 90' lang='lat' dir='ltr'><strong>sacriliciis</strong></span> <span class='ocrx_word' id='word_1_765' title='bbox 3111 2995 3455 3055; x_wconf 89' lang='lat' dir='ltr'><strong>abhorrebat,</strong></span> <span class='ocrx_word' id='word_1_766' title='bbox 3493 2993 3710 3058; x_wconf 64' lang='lat' dir='ltr'><strong>euolat;</strong></span> 
     </span>
    </p>
   </div>
   <div class='ocr_carea' id='block_1_115' title="bbox 2117 3062 3711 3138">
    <p class='ocr_par' dir='ltr' id='par_1_115' title="bbox 2117 3062 3711 3138">
     <span class='ocr_line' id='line_1_118' title="bbox 2117 3062 3711 3138; baseline 0 -20"><span class='ocrx_word' id='word_1_767' title='bbox 2117 3067 2319 3137; x_wconf 78' lang='grc' dir='ltr'><strong>ἐχρῆτο</strong></span> <span class='ocrx_word' id='word_1_768' title='bbox 2343 3066 2590 3138; x_wconf 57' lang='grc' dir='ltr'><strong>ἀψύχοις,</strong></span> <span class='ocrx_word' id='word_1_769' title='bbox 2620 3065 2793 3138; x_wconf 74' lang='lat' dir='ltr'><strong>inqtnt</strong></span> <span class='ocrx_word' id='word_1_770' title='bbox 2821 3063 3090 3138; x_wconf 60' lang='lat' dir='ltr'><strong>Laertius,</strong></span> <span class='ocrx_word' id='word_1_771' title='bbox 3121 3073 3192 3138; x_wconf 68' lang='lat' dir='ltr'><strong>et,</strong></span> <span class='ocrx_word' id='word_1_772' title='bbox 3225 3075 3285 3118; x_wconf 93' lang='lat' dir='ltr'><strong>ut</strong></span> <span class='ocrx_word' id='word_1_773' title='bbox 3307 3063 3380 3116; x_wconf 91' lang='lat' dir='ltr'><strong>ait</strong></span> <span class='ocrx_word' id='word_1_774' title='bbox 3408 3062 3711 3118; x_wconf 82' lang='lat' dir='ltr'><strong>Nazianze-</strong></span> 
     </span>
    </p>
   </div>
   <div class='ocr_carea' id='block_1_116' title="bbox 2119 3132 3708 3208">
    <p class='ocr_par' dir='ltr' id='par_1_116' title="bbox 2119 3132 3708 3208">
     <span class='ocr_line' id='line_1_119' title="bbox 2119 3132 3708 3208; baseline -0.001 -19"><span class='ocrx_word' id='word_1_775' title='bbox 2119 3132 2489 3208; x_wconf 36' lang='grc' dir='ltr'><strong>ιιίιὶξλπηλίνῴ</strong></span> <span class='ocrx_word' id='word_1_776' title='bbox 2506 3134 2716 3208; x_wconf 11' lang='grc' dir='ltr'><em>βοῒὲτὴν</em></span> <span class='ocrx_word' id='word_1_777' title='bbox 2747 3133 2937 3208; x_wconf 60' lang='grc' dir='ltr'><em>θυσίαν</em></span> <span class='ocrx_word' id='word_1_778' title='bbox 2968 3132 3327 3208; x_wconf 67' lang='grc' dir='ltr'><em>ἀφωᾳιῴσατο</em></span> <span class='ocrx_word' id='word_1_779' title='bbox 3345 3150 3358 3164; x_wconf 89' lang='grc'><strong>·</strong></span> <span class='ocrx_word' id='word_1_780' title='bbox 3374 3149 3708 3208; x_wconf 70' lang='lat' dir='ltr'><strong>quanquam</strong></span> 
     </span>
    </p>
   </div>
   <div class='ocr_carea' id='block_1_117' title="bbox 2117 3203 3709 3276">
    <p class='ocr_par' dir='ltr' id='par_1_117' title="bbox 2117 3203 3709 3276">
     <span class='ocr_line' id='line_1_120' title="bbox 2117 3203 3709 3276; baseline -0.002 -18"><span class='ocrx_word' id='word_1_781' title='bbox 2117 3206 2204 3258; x_wconf 86' lang='lat' dir='ltr'><strong>alii</strong></span> <span class='ocrx_word' id='word_1_782' title='bbox 2242 3205 2307 3258; x_wconf 90' lang='lat' dir='ltr'><strong>de</strong></span> <span class='ocrx_word' id='word_1_783' title='bbox 2333 3203 2563 3276; x_wconf 77' lang='lat' dir='ltr'><strong>integro</strong></span> <span class='ocrx_word' id='word_1_784' title='bbox 2595 3203 2914 3276; x_wconf 79' lang='lat' dir='ltr'><strong>hecatombo</strong></span> <span class='ocrx_word' id='word_1_785' title='bbox 2937 3203 3104 3276; x_wconf 84' lang='lat' dir='ltr'><strong>semel</strong></span> <span class='ocrx_word' id='word_1_786' title='bbox 3143 3204 3210 3257; x_wconf 87' lang='lat' dir='ltr'><strong>ab</strong></span> <span class='ocrx_word' id='word_1_787' title='bbox 3241 3218 3305 3259; x_wconf 87' lang='lat' dir='ltr'><strong>eo</strong></span> <span class='ocrx_word' id='word_1_788' title='bbox 3336 3203 3520 3258; x_wconf 85' lang='lat' dir='ltr'><strong>oblato</strong></span> <span class='ocrx_word' id='word_1_789' title='bbox 3552 3220 3709 3276; x_wconf 81' lang='lat' dir='ltr'><strong>meu-</strong></span> 
     </span>
    </p>
   </div>
   <div class='ocr_carea' id='block_1_118' title="bbox 2117 3273 3707 3344">
    <p class='ocr_par' dir='ltr' id='par_1_118' title="bbox 2117 3273 3707 3344">
     <span class='ocr_line' id='line_1_121' title="bbox 2117 3273 3707 3344; baseline -0.002 -16"><span class='ocrx_word' id='word_1_790' title='bbox 2117 3277 2316 3328; x_wconf 89' lang='lat' dir='ltr'><strong>tiuuem</strong></span> <span class='ocrx_word' id='word_1_791' title='bbox 2361 3273 2582 3342; x_wconf 75' lang='lat' dir='ltr'><strong>iaciant,</strong></span> <span class='ocrx_word' id='word_1_792' title='bbox 2613 3273 2818 3344; x_wconf 76' lang='lat' dir='ltr'><strong>scilicet</strong></span> <span class='ocrx_word' id='word_1_793' title='bbox 2851 3288 2981 3344; x_wconf 83' lang='lat' dir='ltr'><strong>cum</strong></span> <span class='ocrx_word' id='word_1_794' title='bbox 3015 3273 3346 3344; x_wconf 78' lang='lat' dir='ltr'><strong>invenisset,</strong></span> <span class='ocrx_word' id='word_1_795' title='bbox 3389 3289 3510 3344; x_wconf 71' lang='lat' dir='ltr'><strong>qua:</strong></span> <span class='ocrx_word' id='word_1_796' title='bbox 3563 3275 3707 3326; x_wconf 85' lang='lat' dir='ltr'><strong>ratio</strong></span> 
     </span>
    </p>
   </div>
   <div class='ocr_carea' id='block_1_119' title="bbox 2114 3342 3704 3423">
    <p class='ocr_par' dir='ltr' id='par_1_119' title="bbox 2114 3342 3704 3423">
     <span class='ocr_line' id='line_1_122' title="bbox 2114 3342 3704 3423; baseline -0.002 -25"><span class='ocrx_word' id='word_1_797' title='bbox 2114 3353 2258 3423; x_wconf 69' lang='lat' dir='ltr'><strong>esset</strong></span> <span class='ocrx_word' id='word_1_798' title='bbox 2277 3345 2664 3423; x_wconf 52' lang='lat' dir='ltr'><strong>hlpotbenusa:</strong></span> <span class='ocrx_word' id='word_1_799' title='bbox 2689 3342 2754 3396; x_wconf 85' lang='lat' dir='ltr'><strong>ad</strong></span> <span class='ocrx_word' id='word_1_800' title='bbox 2785 3342 2990 3423; x_wconf 77' lang='lat' dir='ltr'><strong>reliqua</strong></span> <span class='ocrx_word' id='word_1_801' title='bbox 3014 3342 3184 3423; x_wconf 72' lang='lat' dir='ltr'><strong>latera</strong></span> <span class='ocrx_word' id='word_1_802' title='bbox 3210 3342 3458 3423; x_wconf 71' lang='lat' dir='ltr'><strong>trianguli</strong></span> <span class='ocrx_word' id='word_1_803' title='bbox 3484 3353 3704 3423; x_wconf 76' lang='lat' dir='ltr'><strong>rectau-</strong></span> 
     </span>
    </p>
   </div>
   <div class='ocr_carea' id='block_1_120' title="bbox 2115 3412 3707 3482">
    <p class='ocr_par' dir='ltr' id='par_1_120' title="bbox 2115 3412 3707 3482">
     <span class='ocr_line' id='line_1_123' title="bbox 2115 3412 3707 3482; baseline 0 -16"><span class='ocrx_word' id='word_1_804' title='bbox 2115 3416 2244 3482; x_wconf 90' lang='lat' dir='ltr'><strong>guli.</strong></span> <span class='ocrx_word' id='word_1_805' title='bbox 2299 3412 2504 3470; x_wconf 67' lang='lat' dir='ltr'><strong>Ilevera</strong></span> <span class='ocrx_word' id='word_1_806' title='bbox 2539 3425 2699 3468; x_wconf 85' lang='lat' dir='ltr'><strong>omne</strong></span> <span class='ocrx_word' id='word_1_807' title='bbox 2725 3412 3326 3482; x_wconf 20' lang='lat' dir='ltr'><strong>extispicitnniinsnper</strong></span> <span class='ocrx_word' id='word_1_808' title='bbox 3365 3413 3575 3478; x_wconf 82' lang='lat' dir='ltr'><strong>habuit,</strong></span> <span class='ocrx_word' id='word_1_809' title='bbox 3619 3428 3707 3466; x_wconf 86' lang='lat' dir='ltr'><strong>so-</strong></span> 
     </span>
    </p>
   </div>
   <div class='ocr_carea' id='block_1_121' title="bbox 2115 3481 3706 3553">
    <p class='ocr_par' dir='ltr' id='par_1_121' title="bbox 2115 3481 3706 3553">
     <span class='ocr_line' id='line_1_124' title="bbox 2115 3481 3706 3553; baseline -0.001 -15"><span class='ocrx_word' id='word_1_810' title='bbox 2115 3481 2219 3538; x_wconf 80' lang='lat' dir='ltr'><strong>lant</strong></span> <span class='ocrx_word' id='word_1_811' title='bbox 2250 3484 2350 3539; x_wconf 91' lang='lat' dir='ltr'><strong>sibi</strong></span> <span class='ocrx_word' id='word_1_812' title='bbox 2384 3485 2597 3552; x_wconf 89' lang='lat' dir='ltr'><strong>reliquit</strong></span> <span class='ocrx_word' id='word_1_813' title='bbox 2620 3482 3045 3553; x_wconf 54' lang='grc' dir='ltr'><strong>ὀνειροτιεολιιιόνἔ</strong></span> <span class='ocrx_word' id='word_1_814' title='bbox 3070 3481 3392 3538; x_wconf 86' lang='lat' dir='ltr'><strong>Plutarchus</strong></span> <span class='ocrx_word' id='word_1_815' title='bbox 3429 3485 3508 3536; x_wconf 90' lang='lat' dir='ltr'><strong>ait</strong></span> <span class='ocrx_word' id='word_1_816' title='bbox 3536 3503 3548 3537; x_wconf 92' lang='lat'><strong>:</strong></span> <span class='ocrx_word' id='word_1_817' title='bbox 3590 3483 3706 3538; x_wconf 79' lang='lat' dir='ltr'><strong>M6—</strong></span> 
     </span>
    </p>
   </div>
   <div class='ocr_carea' id='block_1_122' title="bbox 2115 3552 3706 3623">
    <p class='ocr_par' dir='ltr' id='par_1_122' title="bbox 2115 3552 3706 3623">
     <span class='ocr_line' id='line_1_125' title="bbox 2115 3552 3706 3623; baseline 0 -16"><span class='ocrx_word' id='word_1_818' title='bbox 2115 3571 2204 3607; x_wconf 85' lang='grc' dir='ltr'><strong>νον</strong></span> <span class='ocrx_word' id='word_1_819' title='bbox 2233 3555 2295 3608; x_wconf 82' lang='grc' dir='ltr'><em>τὺ</em></span> <span class='ocrx_word' id='word_1_820' title='bbox 2325 3553 2544 3608; x_wconf 79' lang='grc' dir='ltr'><strong>θυτικὸν</strong></span> <span class='ocrx_word' id='word_1_821' title='bbox 2569 3555 2670 3607; x_wconf 78' lang='grc' dir='ltr'><strong>οὐκ</strong></span> <span class='ocrx_word' id='word_1_822' title='bbox 2700 3552 2964 3623; x_wconf 78' lang='grc' dir='ltr'><strong>ἐγκρίνει.</strong></span> <span class='ocrx_word' id='word_1_823' title='bbox 3005 3552 3166 3607; x_wconf 88' lang='lat' dir='ltr'><strong>Certe</strong></span> <span class='ocrx_word' id='word_1_824' title='bbox 3211 3553 3401 3623; x_wconf 79' lang='lat' dir='ltr'><strong>Cicero</strong></span> <span class='ocrx_word' id='word_1_825' title='bbox 3435 3553 3529 3608; x_wconf 89' lang='lat' dir='ltr'><strong>lib.</strong></span> <span class='ocrx_word' id='word_1_826' title='bbox 3571 3571 3588 3609; x_wconf 90' lang='grc' dir='ltr'><strong>ι</strong></span> <span class='ocrx_word' id='word_1_827' title='bbox 3634 3554 3706 3607; x_wconf 86' lang='lat' dir='ltr'><strong>De</strong></span> 
     </span>
    </p>
   </div>
   <div class='ocr_carea' id='block_1_123' title="bbox 2114 3622 3706 3692">
    <p class='ocr_par' dir='ltr' id='par_1_123' title="bbox 2114 3622 3706 3692">
     <span class='ocr_line' id='line_1_126' title="bbox 2114 3622 3706 3692; baseline 0.001 -15"><span class='ocrx_word' id='word_1_828' title='bbox 2114 3625 2428 3679; x_wconf 77' lang='lat' dir='ltr'><strong>diriuntione</strong></span> <span class='ocrx_word' id='word_1_829' title='bbox 2451 3626 2622 3691; x_wconf 89' lang='lat' dir='ltr'><strong>ipsum</strong></span> <span class='ocrx_word' id='word_1_830' title='bbox 2654 3622 2936 3692; x_wconf 88' lang='lat' dir='ltr'><strong>augurium</strong></span> <span class='ocrx_word' id='word_1_831' title='bbox 2956 3623 3338 3692; x_wconf 81' lang='lat' dir='ltr'><strong>comprobasse</strong></span> <span class='ocrx_word' id='word_1_832' title='bbox 3369 3622 3550 3687; x_wconf 87' lang='lat' dir='ltr'><strong>docet,</strong></span> <span class='ocrx_word' id='word_1_833' title='bbox 3579 3638 3706 3678; x_wconf 84' lang='lat' dir='ltr'><strong>nec-</strong></span> 
     </span>
    </p>
   </div>
   <div class='ocr_carea' id='block_1_124' title="bbox 2116 3691 3703 3762">
    <p class='ocr_par' dir='ltr' id='par_1_124' title="bbox 2116 3691 3703 3762">
     <span class='ocr_line' id='line_1_127' title="bbox 2116 3691 3703 3762; baseline -0.003 -14"><span class='ocrx_word' id='word_1_834' title='bbox 2116 3709 2221 3748; x_wconf 87' lang='lat' dir='ltr'><strong>nun</strong></span> <span class='ocrx_word' id='word_1_835' title='bbox 2257 3695 2514 3762; x_wconf 81' lang='lat' dir='ltr'><strong>Diogenes</strong></span> <span class='ocrx_word' id='word_1_836' title='bbox 2544 3691 2824 3755; x_wconf 81' lang='lat' dir='ltr'><strong>Laertius;</strong></span> <span class='ocrx_word' id='word_1_837' title='bbox 2872 3691 3202 3762; x_wconf 83' lang='lat' dir='ltr'><strong>Porphyrius</strong></span> <span class='ocrx_word' id='word_1_838' title='bbox 3239 3707 3368 3746; x_wconf 88' lang='lat' dir='ltr'><strong>vero</strong></span> <span class='ocrx_word' id='word_1_839' title='bbox 3403 3693 3480 3745; x_wconf 91' lang='lat' dir='ltr'><strong>ait</strong></span> <span class='ocrx_word' id='word_1_840' title='bbox 3527 3695 3579 3747; x_wconf 93' lang='lat' dir='ltr'><strong>in</strong></span> <span class='ocrx_word' id='word_1_841' title='bbox 3615 3709 3703 3748; x_wconf 78' lang='lat' dir='ltr'><strong>Sa-</strong></span> 
     </span>
    </p>
   </div>
   <div class='ocr_carea' id='block_1_125' title="bbox 2114 3761 3702 3833">
    <p class='ocr_par' dir='ltr' id='par_1_125' title="bbox 2114 3761 3702 3833">
     <span class='ocr_line' id='line_1_128' title="bbox 2114 3761 3702 3833; baseline -0.001 -16"><span class='ocrx_word' id='word_1_842' title='bbox 2114 3764 2335 3819; x_wconf 78' lang='lat' dir='ltr'><strong>criliriis</strong></span> <span class='ocrx_word' id='word_1_843' title='bbox 2361 3761 2528 3819; x_wconf 18' lang='lat' dir='ltr'><strong>fusum</strong></span> <span class='ocrx_word' id='word_1_844' title='bbox 2555 3762 2878 3833; x_wconf 14' lang='grc' dir='ltr'><strong>κάλεκτορισι</strong></span> <span class='ocrx_word' id='word_1_845' title='bbox 2909 3761 3005 3815; x_wconf 73' lang='grc' dir='ltr'><strong>καὶ</strong></span> <span class='ocrx_word' id='word_1_846' title='bbox 3036 3761 3146 3815; x_wconf 73' lang='grc' dir='ltr'><em>τῶν</em></span> <span class='ocrx_word' id='word_1_847' title='bbox 3177 3761 3374 3832; x_wconf 73' lang='grc' dir='ltr'><em>χοίρων</em></span> <span class='ocrx_word' id='word_1_848' title='bbox 3405 3763 3702 3816; x_wconf 76' lang='grc' dir='ltr'><strong>ἁπαλωτά-</strong></span> 
     </span>
    </p>
   </div>
   <div class='ocr_carea' id='block_1_126' title="bbox 2113 3832 3704 3901">
    <p class='ocr_par' dir='ltr' id='par_1_126' title="bbox 2113 3832 3704 3901">
     <span class='ocr_line' id='line_1_129' title="bbox 2113 3832 3704 3901; baseline -0.001 -14"><span class='ocrx_word' id='word_1_849' title='bbox 2113 3849 2247 3897; x_wconf 80' lang='grc' dir='ltr'><em>τοις.</em></span> <span class='ocrx_word' id='word_1_850' title='bbox 2276 3834 2428 3900; x_wconf 86' lang='lat' dir='ltr'><strong>Quod</strong></span> <span class='ocrx_word' id='word_1_851' title='bbox 2453 3834 2517 3886; x_wconf 90' lang='lat' dir='ltr'><strong>ad</strong></span> <span class='ocrx_word' id='word_1_852' title='bbox 2541 3832 2756 3886; x_wconf 70' lang='lat' dir='ltr'><strong>Judaeos</strong></span> <span class='ocrx_word' id='word_1_853' title='bbox 2773 3832 2996 3899; x_wconf 87' lang='lat' dir='ltr'><strong>attinet,</strong></span> <span class='ocrx_word' id='word_1_854' title='bbox 3030 3847 3199 3887; x_wconf 70' lang='lat' dir='ltr'><strong>saera:</strong></span> <span class='ocrx_word' id='word_1_855' title='bbox 3224 3833 3357 3900; x_wconf 78' lang='lat' dir='ltr'><strong>legis</strong></span> <span class='ocrx_word' id='word_1_856' title='bbox 3383 3834 3704 3901; x_wconf 76' lang='lat' dir='ltr'><strong>pnescripto</strong></span> 
     </span>
    </p>
   </div>
   <div class='ocr_carea' id='block_1_127' title="bbox 2117 3902 3703 3970">
    <p class='ocr_par' dir='ltr' id='par_1_127' title="bbox 2117 3902 3703 3970">
     <span class='ocr_line' id='line_1_130' title="bbox 2117 3902 3703 3970; baseline 0.001 -15"><span class='ocrx_word' id='word_1_857' title='bbox 2117 3905 2286 3970; x_wconf 77' lang='lat' dir='ltr'><strong>magis</strong></span> <span class='ocrx_word' id='word_1_858' title='bbox 2326 3903 2392 3956; x_wconf 88' lang='lat' dir='ltr'><strong>ab</strong></span> <span class='ocrx_word' id='word_1_859' title='bbox 2433 3904 2580 3957; x_wconf 92' lang='lat' dir='ltr'><strong>omni</strong></span> <span class='ocrx_word' id='word_1_860' title='bbox 2617 3902 2962 3958; x_wconf 87' lang='lat' dir='ltr'><strong>divinationis</strong></span> <span class='ocrx_word' id='word_1_861' title='bbox 3011 3902 3394 3970; x_wconf 83' lang='lat' dir='ltr'><strong>superstitione</strong></span> <span class='ocrx_word' id='word_1_862' title='bbox 3443 3904 3703 3956; x_wconf 64' lang='lat' dir='ltr'><strong>abhorreo</strong></span> 
     </span>
    </p>
   </div>
   <div class='ocr_carea' id='block_1_128' title="bbox 2116 3971 3702 4040">
    <p class='ocr_par' dir='ltr' id='par_1_128' title="bbox 2116 3971 3702 4040">
     <span class='ocr_line' id='line_1_131' title="bbox 2116 3971 3702 4040; baseline -0.001 -14"><span class='ocrx_word' id='word_1_863' title='bbox 2116 3974 2268 4035; x_wconf 83' lang='lat' dir='ltr'><strong>bant,</strong></span> <span class='ocrx_word' id='word_1_864' title='bbox 2337 3973 2502 4026; x_wconf 91' lang='lat' dir='ltr'><strong>variis</strong></span> <span class='ocrx_word' id='word_1_865' title='bbox 2551 3971 2790 4037; x_wconf 86' lang='lat' dir='ltr'><strong>eiusdem</strong></span> <span class='ocrx_word' id='word_1_866' title='bbox 2849 3971 3136 4040; x_wconf 87' lang='lat' dir='ltr'><strong>generibus</strong></span> <span class='ocrx_word' id='word_1_867' title='bbox 3189 3982 3443 4026; x_wconf 83' lang='lat' dir='ltr'><strong>accurate</strong></span> <span class='ocrx_word' id='word_1_868' title='bbox 3502 3974 3702 4027; x_wconf 89' lang='lat' dir='ltr'><strong>ibidem</strong></span> 
     </span>
    </p>
   </div>
   <div class='ocr_carea' id='block_1_129' title="bbox 2114 4039 3702 4096">
    <p class='ocr_par' dir='ltr' id='par_1_129' title="bbox 2114 4039 3702 4096">
     <span class='ocr_line' id='line_1_132' title="bbox 2114 4039 3702 4096; baseline 0.001 -2"><span class='ocrx_word' id='word_1_869' title='bbox 2114 4042 2464 4095; x_wconf 87' lang='lat' dir='ltr'><strong>enumeratis.</strong></span> <span class='ocrx_word' id='word_1_870' title='bbox 2519 4041 2752 4095; x_wconf 87' lang='lat' dir='ltr'><strong>Proinde</strong></span> <span class='ocrx_word' id='word_1_871' title='bbox 2806 4039 3039 4096; x_wconf 87' lang='lat' dir='ltr'><strong>celebris</strong></span> <span class='ocrx_word' id='word_1_872' title='bbox 3085 4039 3397 4096; x_wconf 88' lang='lat' dir='ltr'><strong>Nosimachi</strong></span> <span class='ocrx_word' id='word_1_873' title='bbox 3465 4042 3702 4095; x_wconf 87' lang='lat' dir='ltr'><strong>habetur</strong></span> 
     </span>
    </p>
   </div>
   <div class='ocr_carea' id='block_1_130' title="bbox 2117 4111 3699 4180">
    <p class='ocr_par' dir='ltr' id='par_1_130' title="bbox 2117 4111 3699 4180">
     <span class='ocr_line' id='line_1_133' title="bbox 2117 4111 3699 4180; baseline 0 -16"><span class='ocrx_word' id='word_1_874' title='bbox 2117 4112 2359 4172; x_wconf 82' lang='lat' dir='ltr'><strong>historia.</strong></span> <span class='ocrx_word' id='word_1_875' title='bbox 2393 4111 2484 4180; x_wconf 93' lang='lat' dir='ltr'><strong>qui</strong></span> <span class='ocrx_word' id='word_1_876' title='bbox 2526 4113 2888 4164; x_wconf 76' lang='lat' dir='ltr'><strong>Alexandrum</strong></span> <span class='ocrx_word' id='word_1_877' title='bbox 2927 4113 2979 4164; x_wconf 93' lang='lat' dir='ltr'><strong>in</strong></span> <span class='ocrx_word' id='word_1_878' title='bbox 3008 4111 3281 4165; x_wconf 84' lang='lat' dir='ltr'><strong>Persidem</strong></span> <span class='ocrx_word' id='word_1_879' title='bbox 3323 4114 3699 4180; x_wconf 86' lang='lat' dir='ltr'><strong>sequebatur:</strong></span> 
     </span>
    </p>
   </div>
   <div class='ocr_carea' id='block_1_131' title="bbox 2115 4181 3702 4248">
    <p class='ocr_par' dir='ltr' id='par_1_131' title="bbox 2115 4181 3702 4248">
     <span class='ocr_line' id='line_1_134' title="bbox 2115 4181 3702 4248; baseline 0.001 -14"><span class='ocrx_word' id='word_1_880' title='bbox 2115 4197 2235 4234; x_wconf 93' lang='lat' dir='ltr'><strong>cum</strong></span> <span class='ocrx_word' id='word_1_881' title='bbox 2293 4196 2514 4248; x_wconf 83' lang='lat' dir='ltr'><strong>auspex,</strong></span> <span class='ocrx_word' id='word_1_882' title='bbox 2582 4182 2946 4248; x_wconf 83' lang='lat' dir='ltr'><strong>interrogatus</strong></span> <span class='ocrx_word' id='word_1_883' title='bbox 2989 4182 3056 4235; x_wconf 91' lang='lat' dir='ltr'><strong>dc</strong></span> <span class='ocrx_word' id='word_1_884' title='bbox 3111 4181 3338 4244; x_wconf 88' lang='lat' dir='ltr'><strong>itinere,</strong></span> <span class='ocrx_word' id='word_1_885' title='bbox 3391 4191 3702 4236; x_wconf 83' lang='lat' dir='ltr'><strong>monstrata</strong></span> 
     </span>
    </p>
   </div>
   <div class='ocr_carea' id='block_1_132' title="bbox 2113 4249 3700 4318">
    <p class='ocr_par' dir='ltr' id='par_1_132' title="bbox 2113 4249 3700 4318">
     <span class='ocr_line' id='line_1_135' title="bbox 2113 4249 3700 4318; baseline 0.001 -15"><span class='ocrx_word' id='word_1_886' title='bbox 2113 4267 2211 4303; x_wconf 90' lang='lat' dir='ltr'><strong>ave</strong></span> <span class='ocrx_word' id='word_1_887' title='bbox 2241 4249 2624 4318; x_wconf 88' lang='lat' dir='ltr'><strong>respondisset,</strong></span> <span class='ocrx_word' id='word_1_888' title='bbox 2656 4250 2701 4304; x_wconf 87' lang='lat' dir='ltr'><strong>si</strong></span> <span class='ocrx_word' id='word_1_889' title='bbox 2729 4262 2945 4304; x_wconf 78' lang='lat' dir='ltr'><strong>ntaneat</strong></span> <span class='ocrx_word' id='word_1_890' title='bbox 2968 4251 3103 4312; x_wconf 87' lang='lat' dir='ltr'><strong>avis,</strong></span> <span class='ocrx_word' id='word_1_891' title='bbox 3141 4253 3486 4316; x_wconf 88' lang='lat' dir='ltr'><strong>manendum,</strong></span> <span class='ocrx_word' id='word_1_892' title='bbox 3522 4255 3568 4306; x_wconf 89' lang='lat' dir='ltr'><strong>si</strong></span> <span class='ocrx_word' id='word_1_893' title='bbox 3609 4267 3700 4305; x_wconf 80' lang='lat' dir='ltr'><strong>vo-</strong></span> 
     </span>
    </p>
   </div>
   <div class='ocr_carea' id='block_1_133' title="bbox 2115 4320 3702 4389">
    <p class='ocr_par' dir='ltr' id='par_1_133' title="bbox 2115 4320 3702 4389">
     <span class='ocr_line' id='line_1_136' title="bbox 2115 4320 3702 4389; baseline 0 -17"><span class='ocrx_word' id='word_1_894' title='bbox 2115 4321 2205 4386; x_wconf 83' lang='lat' dir='ltr'><strong>let,</strong></span> <span class='ocrx_word' id='word_1_895' title='bbox 2233 4320 2624 4387; x_wconf 89' lang='lat' dir='ltr'><strong>procedendqu</strong></span> <span class='ocrx_word' id='word_1_896' title='bbox 2660 4338 2674 4374; x_wconf 89' lang='lat'><strong>:</strong></span> <span class='ocrx_word' id='word_1_897' title='bbox 2709 4321 2794 4373; x_wconf 85' lang='lat' dir='ltr'><strong>ille</strong></span> <span class='ocrx_word' id='word_1_898' title='bbox 2819 4322 3010 4389; x_wconf 76' lang='lat' dir='ltr'><strong>sagitta</strong></span> <span class='ocrx_word' id='word_1_899' title='bbox 3042 4336 3191 4374; x_wconf 86' lang='lat' dir='ltr'><strong>avem</strong></span> <span class='ocrx_word' id='word_1_900' title='bbox 3221 4321 3419 4389; x_wconf 72' lang='lat' dir='ltr'><strong>dejecit</strong></span> <span class='ocrx_word' id='word_1_901' title='bbox 3455 4331 3505 4374; x_wconf 89' lang='lat' dir='ltr'><strong>et</strong></span> <span class='ocrx_word' id='word_1_902' title='bbox 3548 4323 3702 4374; x_wconf 74' lang='lat' dir='ltr'><strong>iratis</strong></span> 
     </span>
    </p>
   </div>
   <div class='ocr_carea' id='block_1_134' title="bbox 2115 4387 3702 4463">
    <p class='ocr_par' dir='ltr' id='par_1_134' title="bbox 2115 4387 3702 4463">
     <span class='ocr_line' id='line_1_137' title="bbox 2115 4387 3702 4463; baseline 0.002 -21"><span class='ocrx_word' id='word_1_903' title='bbox 2115 4390 2422 4463; x_wconf 80' lang='lat' dir='ltr'><strong>auSpicibus</strong></span> <span class='ocrx_word' id='word_1_904' title='bbox 2455 4391 2729 4463; x_wconf 84' lang='lat' dir='ltr'><strong>respondit</strong></span> <span class='ocrx_word' id='word_1_905' title='bbox 2757 4387 2921 4463; x_wconf 48' lang='lat' dir='ltr'><strong>and};</strong></span> <span class='ocrx_word' id='word_1_906' title='bbox 2950 4387 3103 4454; x_wconf 71' lang='grc' dir='ltr'><em>οὗτος</em></span> <span class='ocrx_word' id='word_1_907' title='bbox 3140 4391 3214 4463; x_wconf 84' lang='grc' dir='ltr'>μὴ</span> <span class='ocrx_word' id='word_1_908' title='bbox 3243 4387 3340 4463; x_wconf 67' lang='grc' dir='ltr'><em>τὴν</em></span> <span class='ocrx_word' id='word_1_909' title='bbox 3371 4390 3570 4444; x_wconf 74' lang='grc' dir='ltr'><em>ἑαυτοῦ</em></span> <span class='ocrx_word' id='word_1_910' title='bbox 3599 4408 3702 4445; x_wconf 82' lang='grc' dir='ltr'><strong>σω-</strong></span> 
     </span>
    </p>
   </div>
   <div class='ocr_carea' id='block_1_135' title="bbox 2111 4458 3697 4534">
    <p class='ocr_par' dir='ltr' id='par_1_135' title="bbox 2111 4458 3697 4534">
     <span class='ocr_line' id='line_1_138' title="bbox 2111 4458 3697 4534; baseline 0 -22"><span class='ocrx_word' id='word_1_911' title='bbox 2111 4459 2304 4534; x_wconf 70' lang='grc' dir='ltr'><em>τηρίαν</em></span> <span class='ocrx_word' id='word_1_912' title='bbox 2338 4458 2730 4534; x_wconf 64' lang='grc' dir='ltr'><strong>σξρογινώσκων</strong></span> <span class='ocrx_word' id='word_1_913' title='bbox 2771 4461 3034 4534; x_wconf 77' lang='grc' dir='ltr'><strong>ἡμέτερον</strong></span> <span class='ocrx_word' id='word_1_914' title='bbox 3083 4458 3358 4532; x_wconf 61' lang='grc' dir='ltr'><strong>συμφέρον</strong></span> <span class='ocrx_word' id='word_1_915' title='bbox 3410 4463 3697 4533; x_wconf 72' lang='grc' dir='ltr'><strong>πρωνὴγ-</strong></span> 
     </span>
    </p>
   </div>
   <div class='ocr_carea' id='block_1_136' title="bbox 2110 4527 3700 4600">
    <p class='ocr_par' dir='ltr' id='par_1_136' title="bbox 2110 4527 3700 4600">
     <span class='ocr_line' id='line_1_139' title="bbox 2110 4527 3700 4600; baseline 0.002 -18"><span class='ocrx_word' id='word_1_916' title='bbox 2110 4527 2310 4598; x_wconf 72' lang='grc' dir='ltr'><strong>γέιλενς</strong></span> <span class='ocrx_word' id='word_1_917' title='bbox 2341 4527 2502 4584; x_wconf 83' lang='lat' dir='ltr'><strong>Certe</strong></span> <span class='ocrx_word' id='word_1_918' title='bbox 2536 4527 2844 4599; x_wconf 77' lang='lat' dir='ltr'><strong>quanquam</strong></span> <span class='ocrx_word' id='word_1_919' title='bbox 2877 4527 3010 4585; x_wconf 72' lang='lat' dir='ltr'><strong>du&#39;as</strong></span> <span class='ocrx_word' id='word_1_920' title='bbox 3039 4527 3332 4600; x_wconf 62' lang='lat' dir='ltr'><strong>prophetiae</strong></span> <span class='ocrx_word' id='word_1_921' title='bbox 3364 4527 3465 4586; x_wconf 80' lang='lat' dir='ltr'><strong>seu</strong></span> <span class='ocrx_word' id='word_1_922' title='bbox 3489 4527 3700 4586; x_wconf 79' lang='lat' dir='ltr'><strong>divina-</strong></span> 
     </span>
    </p>
   </div>
   <div class='ocr_carea' id='block_1_137' title="bbox 2111 4600 3696 4669">
    <p class='ocr_par' dir='ltr' id='par_1_137' title="bbox 2111 4600 3696 4669">
     <span class='ocr_line' id='line_1_140' title="bbox 2111 4600 3696 4669; baseline 0.003 -17"><span class='ocrx_word' id='word_1_923' title='bbox 2111 4601 2272 4653; x_wconf 86' lang='lat' dir='ltr'><strong>tionis</strong></span> <span class='ocrx_word' id='word_1_924' title='bbox 2315 4601 2523 4667; x_wconf 88' lang='lat' dir='ltr'><strong>species</strong></span> <span class='ocrx_word' id='word_1_925' title='bbox 2569 4610 2865 4669; x_wconf 78' lang='lat' dir='ltr'><strong>agnoscant</strong></span> <span class='ocrx_word' id='word_1_926' title='bbox 2891 4600 3081 4668; x_wconf 64' lang='lat' dir='ltr'><strong>Judaei,</strong></span> <span class='ocrx_word' id='word_1_927' title='bbox 3108 4602 3377 4655; x_wconf 88' lang='lat' dir='ltr'><strong>somnium</strong></span> <span class='ocrx_word' id='word_1_928' title='bbox 3421 4610 3477 4656; x_wconf 92' lang='lat' dir='ltr'><strong>et</strong></span> <span class='ocrx_word' id='word_1_929' title='bbox 3527 4602 3696 4656; x_wconf 78' lang='lat' dir='ltr'><strong>visio-</strong></span> 
     </span>
    </p>
   </div>
   <div class='ocr_carea' id='block_1_138' title="bbox 2111 4669 3691 4729">
    <p class='ocr_par' dir='ltr' id='par_1_138' title="bbox 2111 4669 3691 4729">
     <span class='ocr_line' id='line_1_141' title="bbox 2111 4669 3691 4729; baseline 0.001 -6"><span class='ocrx_word' id='word_1_930' title='bbox 2111 4683 2258 4729; x_wconf 79' lang='lat' dir='ltr'><strong>nem,</strong></span> <span class='ocrx_word' id='word_1_931' title='bbox 2311 4681 2368 4722; x_wconf 89' lang='lat' dir='ltr'><strong>ut</strong></span> <span class='ocrx_word' id='word_1_932' title='bbox 2417 4671 2618 4724; x_wconf 88' lang='lat' dir='ltr'><strong>diserte</strong></span> <span class='ocrx_word' id='word_1_933' title='bbox 2665 4671 2796 4725; x_wconf 89' lang='lat' dir='ltr'><strong>dicit</strong></span> <span class='ocrx_word' id='word_1_934' title='bbox 2849 4669 3098 4726; x_wconf 73' lang='lat' dir='ltr'><strong>Maimou.</strong></span> <span class='ocrx_word' id='word_1_935' title='bbox 3158 4673 3210 4725; x_wconf 91' lang='lat' dir='ltr'><strong>in</strong></span> <span class='ocrx_word' id='word_1_936' title='bbox 3259 4669 3406 4724; x_wconf 79' lang='lat' dir='ltr'><strong>More</strong></span> <span class='ocrx_word' id='word_1_937' title='bbox 3457 4671 3691 4726; x_wconf 75' lang='lat' dir='ltr'><strong>Neeoclt.</strong></span> 
     </span>
    </p>
   </div>
   <div class='ocr_carea' id='block_1_139' title="bbox 2111 4741 3692 4810">
    <p class='ocr_par' dir='ltr' id='par_1_139' title="bbox 2111 4741 3692 4810">
     <span class='ocr_line' id='line_1_142' title="bbox 2111 4741 3692 4810; baseline 0.003 -20"><span class='ocrx_word' id='word_1_938' title='bbox 2111 4749 2252 4808; x_wconf 82' lang='lat' dir='ltr'><strong>pari.</strong></span> <span class='ocrx_word' id='word_1_939' title='bbox 2296 4753 2356 4805; x_wconf 90' lang='grc' dir='ltr'>ιι,</span> <span class='ocrx_word' id='word_1_940' title='bbox 2391 4749 2580 4810; x_wconf 80' lang='lat' dir='ltr'><strong>tamen</strong></span> <span class='ocrx_word' id='word_1_941' title='bbox 2636 4741 2723 4794; x_wconf 87' lang='lat' dir='ltr'><strong>ille</strong></span> <span class='ocrx_word' id='word_1_942' title='bbox 2772 4745 2851 4794; x_wconf 88' lang='lat' dir='ltr'><strong>sic</strong></span> <span class='ocrx_word' id='word_1_943' title='bbox 2895 4751 3150 4810; x_wconf 88' lang='lat' dir='ltr'><strong>utrasque</strong></span> <span class='ocrx_word' id='word_1_944' title='bbox 3189 4741 3442 4810; x_wconf 77' lang='lat' dir='ltr'><strong>explicat,</strong></span> <span class='ocrx_word' id='word_1_945' title='bbox 3493 4751 3547 4793; x_wconf 90' lang='lat' dir='ltr'><strong>ut</strong></span> <span class='ocrx_word' id='word_1_946' title='bbox 3586 4758 3692 4795; x_wconf 89' lang='lat' dir='ltr'><strong>nou</strong></span> 
     </span>
    </p>
   </div>
   <div class='ocr_carea' id='block_1_140' title="bbox 2051 4808 3698 4877">
    <p class='ocr_par' dir='ltr' id='par_1_140' title="bbox 2051 4808 3698 4877">
     <span class='ocr_line' id='line_1_143' title="bbox 2051 4808 3698 4877; baseline 0.003 -16"><span class='ocrx_word' id='word_1_947' title='bbox 2051 4809 2054 4811; x_wconf 36' lang='grc' dir='ltr'>λ</span> <span class='ocrx_word' id='word_1_948' title='bbox 2113 4810 2336 4863; x_wconf 85' lang='grc' dir='ltr'>ιιιιιΙιιιιιι</span> <span class='ocrx_word' id='word_1_949' title='bbox 2390 4808 2531 4862; x_wconf 90' lang='lat' dir='ltr'><strong>inter</strong></span> <span class='ocrx_word' id='word_1_950' title='bbox 2575 4813 2836 4866; x_wconf 87' lang='lat' dir='ltr'><strong>utramvis</strong></span> <span class='ocrx_word' id='word_1_951' title='bbox 2871 4808 3129 4866; x_wconf 83' lang='lat' dir='ltr'><strong>interesse</strong></span> <span class='ocrx_word' id='word_1_952' title='bbox 3176 4808 3396 4866; x_wconf 74' lang='lat' dir='ltr'><strong>dixeris.</strong></span> <span class='ocrx_word' id='word_1_953' title='bbox 3452 4811 3594 4877; x_wconf 82' lang='lat' dir='ltr'><strong>Quid</strong></span> <span class='ocrx_word' id='word_1_954' title='bbox 3627 4823 3698 4866; x_wconf 75' lang='lat' dir='ltr'><strong>sit</strong></span> 
     </span>
    </p>
   </div>
   <div class='ocr_carea' id='block_1_141' title="bbox 2110 4879 3697 4949">
    <p class='ocr_par' dir='ltr' id='par_1_141' title="bbox 2110 4879 3697 4949">
     <span class='ocr_line' id='line_1_144' title="bbox 2110 4879 3697 4949; baseline 0.001 -16"><span class='ocrx_word' id='word_1_955' title='bbox 2110 4881 2401 4943; x_wconf 86' lang='lat' dir='ltr'><strong>somnium,</strong></span> <span class='ocrx_word' id='word_1_956' title='bbox 2455 4879 2585 4934; x_wconf 88' lang='lat' dir='ltr'><strong>dicit</strong></span> <span class='ocrx_word' id='word_1_957' title='bbox 2633 4894 2745 4933; x_wconf 88' lang='lat' dir='ltr'><strong>rem</strong></span> <span class='ocrx_word' id='word_1_958' title='bbox 2783 4889 2966 4935; x_wconf 87' lang='lat' dir='ltr'><strong>notam</strong></span> <span class='ocrx_word' id='word_1_959' title='bbox 3011 4894 3152 4946; x_wconf 88' lang='lat' dir='ltr'><strong>esse,</strong></span> <span class='ocrx_word' id='word_1_960' title='bbox 3204 4891 3259 4934; x_wconf 93' lang='lat' dir='ltr'><strong>ut</strong></span> <span class='ocrx_word' id='word_1_961' title='bbox 3308 4896 3413 4933; x_wconf 92' lang='lat' dir='ltr'><strong>non</strong></span> <span class='ocrx_word' id='word_1_962' title='bbox 3454 4895 3590 4949; x_wconf 81' lang='lat' dir='ltr'><strong>Opus</strong></span> <span class='ocrx_word' id='word_1_963' title='bbox 3625 4883 3697 4936; x_wconf 88' lang='lat' dir='ltr'><strong>sit</strong></span> 
     </span>
    </p>
   </div>
   <div class='ocr_carea' id='block_1_142' title="bbox 2112 4949 3696 5018">
    <p class='ocr_par' dir='ltr' id='par_1_142' title="bbox 2112 4949 3696 5018">
     <span class='ocr_line' id='line_1_145' title="bbox 2112 4949 3696 5018; baseline 0 -16"><span class='ocrx_word' id='word_1_964' title='bbox 2112 4965 2232 5002; x_wconf 87' lang='lat' dir='ltr'><strong>eam</strong></span> <span class='ocrx_word' id='word_1_965' title='bbox 2259 4949 2562 5018; x_wconf 67' lang='lat' dir='ltr'><strong>evplicare;</strong></span> <span class='ocrx_word' id='word_1_966' title='bbox 2595 4949 2858 5005; x_wconf 88' lang='lat' dir='ltr'><strong>visionem</strong></span> <span class='ocrx_word' id='word_1_967' title='bbox 2898 4963 3027 5004; x_wconf 91' lang='lat' dir='ltr'><strong>vero</strong></span> <span class='ocrx_word' id='word_1_968' title='bbox 3064 4950 3144 5004; x_wconf 90' lang='lat' dir='ltr'><strong>sic</strong></span> <span class='ocrx_word' id='word_1_969' title='bbox 3167 4950 3426 5004; x_wconf 81' lang='lat' dir='ltr'><strong>describit</strong></span> <span class='ocrx_word' id='word_1_970' title='bbox 3462 4967 3477 5004; x_wconf 89' lang='lat'><strong>:</strong></span> <span class='ocrx_word' id='word_1_971' title='bbox 3519 4949 3584 5003; x_wconf 82' lang='lat' dir='ltr'><strong>In</strong></span> <span class='ocrx_word' id='word_1_972' title='bbox 3621 4955 3696 5004; x_wconf 71' lang='lat' dir='ltr'><strong>vi-</strong></span> 
     </span>
    </p>
   </div>
   <div class='ocr_carea' id='block_1_143' title="bbox 2110 5020 3694 5089">
    <p class='ocr_par' dir='ltr' id='par_1_143' title="bbox 2110 5020 3694 5089">
     <span class='ocr_line' id='line_1_146' title="bbox 2110 5020 3694 5089; baseline 0.001 -17"><span class='ocrx_word' id='word_1_973' title='bbox 2110 5021 2254 5073; x_wconf 78' lang='lat' dir='ltr'><strong>sione</strong></span> <span class='ocrx_word' id='word_1_974' title='bbox 2293 5020 2585 5084; x_wconf 79' lang='lat' dir='ltr'><strong>prapltetia:</strong></span> <span class='ocrx_word' id='word_1_975' title='bbox 2622 5034 2804 5089; x_wconf 66' lang='lat' dir='ltr'><strong>sensus</strong></span> <span class='ocrx_word' id='word_1_976' title='bbox 2834 5035 3009 5074; x_wconf 74' lang='lat' dir='ltr'><strong>omnes</strong></span> <span class='ocrx_word' id='word_1_977' title='bbox 3031 5021 3324 5089; x_wconf 66' lang='lat' dir='ltr'><strong>quiescunt,</strong></span> <span class='ocrx_word' id='word_1_978' title='bbox 3360 5031 3406 5071; x_wconf 83' lang='lat' dir='ltr'><strong>et</strong></span> <span class='ocrx_word' id='word_1_979' title='bbox 3439 5024 3572 5073; x_wconf 75' lang='lat' dir='ltr'><strong>venit</strong></span> <span class='ocrx_word' id='word_1_980' title='bbox 3612 5023 3694 5074; x_wconf 76' lang='lat' dir='ltr'><strong>in-</strong></span> 
     </span>
    </p>
   </div>
   <div class='ocr_carea' id='block_1_144' title="bbox 2111 5088 3693 5158">
    <p class='ocr_par' dir='ltr' id='par_1_144' title="bbox 2111 5088 3693 5158">
     <span class='ocr_line' id='line_1_147' title="bbox 2111 5088 3693 5158; baseline 0.002 -19"><span class='ocrx_word' id='word_1_981' title='bbox 2111 5091 2328 5158; x_wconf 79' lang='lat' dir='ltr'><strong>ﬂuentia</strong></span> <span class='ocrx_word' id='word_1_982' title='bbox 2364 5089 2457 5142; x_wconf 85' lang='lat' dir='ltr'><strong>illa</strong></span> <span class='ocrx_word' id='word_1_983' title='bbox 2483 5105 2637 5158; x_wconf 82' lang='lat' dir='ltr'><strong>super</strong></span> <span class='ocrx_word' id='word_1_984' title='bbox 2671 5088 2987 5158; x_wconf 68' lang='lat' dir='ltr'><strong>facultatem</strong></span> <span class='ocrx_word' id='word_1_985' title='bbox 3017 5088 3348 5152; x_wconf 81' lang='lat' dir='ltr'><strong>rationalem,</strong></span> <span class='ocrx_word' id='word_1_986' title='bbox 3397 5100 3445 5142; x_wconf 87' lang='lat' dir='ltr'><strong>et</strong></span> <span class='ocrx_word' id='word_1_987' title='bbox 3491 5091 3556 5142; x_wconf 84' lang='lat' dir='ltr'><strong>ab</strong></span> <span class='ocrx_word' id='word_1_988' title='bbox 3593 5092 3693 5142; x_wconf 74' lang='lat' dir='ltr'><strong>ista</strong></span> 
     </span>
    </p>
   </div>
   <div class='ocr_carea' id='block_1_145' title="bbox 2112 5106 3691 5228">
    <p class='ocr_par' dir='ltr' id='par_1_145' title="bbox 2112 5106 3691 5228">
     <span class='ocr_line' id='line_1_148' title="bbox 2112 5106 3691 5158; baseline 0.002 -19"><span class='ocrx_word' id='word_1_989' title='bbox 2112 5106 2328 5158; x_wconf 76' lang='grc' dir='ltr'>μοιειιιια</span> <span class='ocrx_word' id='word_1_990' title='bbox 2364 5106 2457 5142; x_wconf 82' lang='lat' dir='ltr'><strong>tua</strong></span> <span class='ocrx_word' id='word_1_991' title='bbox 2483 5106 2542 5141; x_wconf 84' lang='lat' dir='ltr'><strong>su</strong></span> <span class='ocrx_word' id='word_1_992' title='bbox 2580 5106 2637 5142; x_wconf 83' lang='lat' dir='ltr'><strong>er</strong></span> <span class='ocrx_word' id='word_1_993' title='bbox 2685 5106 2987 5157; x_wconf 66' lang='lat' dir='ltr'><strong>(acuuatem</strong></span> <span class='ocrx_word' id='word_1_994' title='bbox 3017 5106 3348 5152; x_wconf 68' lang='lat' dir='ltr'><strong>rationalem,</strong></span> <span class='ocrx_word' id='word_1_995' title='bbox 3397 5106 3445 5142; x_wconf 84' lang='lat' dir='ltr'><strong>et</strong></span> <span class='ocrx_word' id='word_1_996' title='bbox 3491 5106 3556 5142; x_wconf 83' lang='lat' dir='ltr'><strong>ao</strong></span> <span class='ocrx_word' id='word_1_997' title='bbox 3593 5106 3691 5142; x_wconf 76' lang='lat' dir='ltr'><strong>tua</strong></span> 
     </span>
     <span class='ocr_line' id='line_1_149' title="bbox 2112 5106 3691 5228; baseline -0.001 -17"><span class='ocrx_word' id='word_1_998' title='bbox 2112 5160 2434 5228; x_wconf 63' lang='lat' dir='ltr'><strong>diﬁ‘undilar</strong></span> <span class='ocrx_word' id='word_1_999' title='bbox 2455 5160 2508 5211; x_wconf 88' lang='lat' dir='ltr'><strong>in</strong></span> <span class='ocrx_word' id='word_1_1000' title='bbox 2533 5106 2837 5228; x_wconf 55' lang='lat' dir='ltr'><strong>facultatem</strong></span> <span class='ocrx_word' id='word_1_1001' title='bbox 2866 5160 3307 5228; x_wconf 84' lang='lat' dir='ltr'><strong>imaginatricem.</strong></span> <span class='ocrx_word' id='word_1_1002' title='bbox 3344 5170 3451 5212; x_wconf 91' lang='lat' dir='ltr'><strong>etc.</strong></span> <span class='ocrx_word' id='word_1_1003' title='bbox 3497 5161 3691 5212; x_wconf 83' lang='lat' dir='ltr'><strong>Statim</strong></span> 
     </span>
    </p>
   </div>
   <div class='ocr_carea' id='block_1_146' title="bbox 2114 5226 3692 5297">
    <p class='ocr_par' dir='ltr' id='par_1_146' title="bbox 2114 5226 3692 5297">
     <span class='ocr_line' id='line_1_150' title="bbox 2114 5226 3692 5297; baseline 0 -17"><span class='ocrx_word' id='word_1_1004' title='bbox 2114 5226 2241 5284; x_wconf 76' lang='lat' dir='ltr'><strong>vero</strong></span> <span class='ocrx_word' id='word_1_1005' title='bbox 2275 5228 2494 5297; x_wconf 75' lang='lat' dir='ltr'><strong>subiicit</strong></span> <span class='ocrx_word' id='word_1_1006' title='bbox 2523 5229 2699 5297; x_wconf 90' lang='lat' dir='ltr'><strong>locum</strong></span> <span class='ocrx_word' id='word_1_1007' title='bbox 2739 5226 2935 5283; x_wconf 87' lang='lat' dir='ltr'><strong>Genes.</strong></span> <span class='ocrx_word' id='word_1_1008' title='bbox 2969 5226 3060 5292; x_wconf 64' lang='lat' dir='ltr'><strong>iv,</strong></span> <span class='ocrx_word' id='word_1_1009' title='bbox 3099 5227 3186 5289; x_wconf 73' lang='grc'><strong>12,</strong></span> <span class='ocrx_word' id='word_1_1010' title='bbox 3221 5229 3309 5282; x_wconf 85' lang='lat' dir='ltr'><strong>ubi</strong></span> <span class='ocrx_word' id='word_1_1011' title='bbox 3350 5228 3570 5292; x_wconf 74' lang='lat' dir='ltr'><strong>dicitur,</strong></span> <span class='ocrx_word' id='word_1_1012' title='bbox 3615 5247 3692 5280; x_wconf 80' lang='lat' dir='ltr'><strong>so-</strong></span> 
     </span>
    </p>
   </div>
   <div class='ocr_carea' id='block_1_147' title="bbox 2111 5296 3694 5366">
    <p class='ocr_par' dir='ltr' id='par_1_147' title="bbox 2111 5296 3694 5366">
     <span class='ocr_line' id='line_1_151' title="bbox 2111 5296 3694 5366; baseline -0.003 -14"><span class='ocrx_word' id='word_1_1013' title='bbox 2111 5315 2210 5366; x_wconf 86' lang='lat' dir='ltr'><strong>por</strong></span> <span class='ocrx_word' id='word_1_1014' title='bbox 2257 5296 2412 5352; x_wconf 82' lang='lat' dir='ltr'><strong>irruit</strong></span> <span class='ocrx_word' id='word_1_1015' title='bbox 2446 5298 2502 5351; x_wconf 86' lang='lat' dir='ltr'><strong>in</strong></span> <span class='ocrx_word' id='word_1_1016' title='bbox 2533 5296 2931 5363; x_wconf 82' lang='lat' dir='ltr'><strong>Abrahamum;</strong></span> <span class='ocrx_word' id='word_1_1017' title='bbox 2969 5299 3111 5366; x_wconf 86' lang='lat' dir='ltr'><strong>quod</strong></span> <span class='ocrx_word' id='word_1_1018' title='bbox 3169 5299 3328 5350; x_wconf 83' lang='lat' dir='ltr'><strong>latius</strong></span> <span class='ocrx_word' id='word_1_1019' title='bbox 3379 5300 3694 5366; x_wconf 81' lang='lat' dir='ltr'><strong>exsequitur</strong></span> 
     </span>
    </p>
   </div>
   <div class='ocr_carea' id='block_1_148' title="bbox 2113 5365 3690 5492">
    <p class='ocr_par' dir='ltr' id='par_1_148' title="bbox 2113 5365 3690 5492">
     <span class='ocr_line' id='line_1_152' title="bbox 2113 5365 3690 5492; baseline -0.002 -70"><span class='ocrx_word' id='word_1_1020' title='bbox 2113 5371 2480 5492; x_wconf 69' lang='lat' dir='ltr'><strong>ident7auctor</strong></span> <span class='ocrx_word' id='word_1_1021' title='bbox 2523 5368 2578 5423; x_wconf 92' lang='lat' dir='ltr'><strong>in</strong></span> <span class='ocrx_word' id='word_1_1022' title='bbox 2624 5366 2792 5424; x_wconf 75' lang='lat' dir='ltr'><strong>Misae</strong></span> <span class='ocrx_word' id='word_1_1023' title='bbox 2828 5376 2958 5424; x_wconf 89' lang='lat' dir='ltr'><strong>tom.</strong></span> <span class='ocrx_word' id='word_1_1024' title='bbox 2990 5365 3046 5435; x_wconf 28' lang='lat' dir='ltr'><strong>’I,</strong></span> <span class='ocrx_word' id='word_1_1025' title='bbox 3085 5377 3139 5422; x_wconf 89' lang='lat' dir='ltr'><strong>et</strong></span> <span class='ocrx_word' id='word_1_1026' title='bbox 3167 5367 3360 5422; x_wconf 74' lang='lat' dir='ltr'><strong>lesude</strong></span> <span class='ocrx_word' id='word_1_1027' title='bbox 3405 5365 3690 5429; x_wconf 33' lang='lat' dir='ltr'><strong>llatt’omlt,</strong></span> 
     </span>
     <span class='ocr_line' id='line_1_153' title="bbox 2113 5453 2315 5492; baseline 0 0"><span class='ocrx_word' id='word_1_1028' title='bbox 2113 5453 2232 5492; x_wconf 87' lang='lat' dir='ltr'><strong>can.</strong></span> <span class='ocrx_word' id='word_1_1029' title='bbox 2301 5475 2315 5492; x_wconf 94' lang='lat'><strong>.</strong></span> 
     </span>
    </p>
   </div>
   <div class='ocr_carea' id='block_1_149' title="bbox 2113 5453 2315 5504">
    <p class='ocr_par' dir='ltr' id='par_1_149' title="bbox 2113 5453 2315 5504">
     <span class='ocr_line' id='line_1_154' title="bbox 2113 5453 2315 5504; baseline -0.005 -11"><span class='ocrx_word' id='word_1_1030' title='bbox 2113 5453 2232 5504; x_wconf 84' lang='lat' dir='ltr'><strong>cap.</strong></span> <span class='ocrx_word' id='word_1_1031' title='bbox 2262 5453 2315 5492; x_wconf 77' lang='grc' dir='ltr'>ι.</span> 
     </span>
    </p>
   </div>
   <div class='ocr_carea' id='block_1_150' title="bbox 2184 5505 3693 5577">
    <p class='ocr_par' dir='ltr' id='par_1_150' title="bbox 2184 5505 3693 5577">
     <span class='ocr_line' id='line_1_155' title="bbox 2184 5505 3693 5577; baseline 0 -16"><span class='ocrx_word' id='word_1_1032' title='bbox 2184 5508 2317 5562; x_wconf 87' lang='lat' dir='ltr'><strong>ibid.</strong></span> <span class='ocrx_word' id='word_1_1033' title='bbox 2370 5507 2688 5577; x_wconf 68' lang='grc' dir='ltr'><strong>Ὠριγέινης.</strong></span> <span class='ocrx_word' id='word_1_1034' title='bbox 2728 5505 2840 5561; x_wconf 86' lang='lat' dir='ltr'><strong>Hoc</strong></span> <span class='ocrx_word' id='word_1_1035' title='bbox 2873 5506 3014 5562; x_wconf 86' lang='lat' dir='ltr'><strong>inter</strong></span> <span class='ocrx_word' id='word_1_1036' title='bbox 3041 5508 3378 5576; x_wconf 86' lang='lat' dir='ltr'><strong>phantasiam</strong></span> <span class='ocrx_word' id='word_1_1037' title='bbox 3401 5515 3457 5562; x_wconf 89' lang='lat' dir='ltr'><strong>et</strong></span> <span class='ocrx_word' id='word_1_1038' title='bbox 3490 5521 3693 5561; x_wconf 86' lang='lat' dir='ltr'><strong>memo-</strong></span> 
     </span>
    </p>
   </div>
   <div class='ocr_carea' id='block_1_151' title="bbox 2117 5577 3692 5648">
    <p class='ocr_par' dir='ltr' id='par_1_151' title="bbox 2117 5577 3692 5648">
     <span class='ocr_line' id='line_1_156' title="bbox 2117 5577 3692 5648; baseline 0.001 -17"><span class='ocrx_word' id='word_1_1039' title='bbox 2117 5579 2250 5632; x_wconf 89' lang='lat' dir='ltr'><strong>riam</strong></span> <span class='ocrx_word' id='word_1_1040' title='bbox 2281 5579 2544 5633; x_wconf 87' lang='lat' dir='ltr'><strong>interesse</strong></span> <span class='ocrx_word' id='word_1_1041' title='bbox 2569 5578 2758 5640; x_wconf 89' lang='lat' dir='ltr'><strong>innuit,</strong></span> <span class='ocrx_word' id='word_1_1042' title='bbox 2776 5579 2939 5645; x_wconf 89' lang='lat' dir='ltr'><strong>quod,</strong></span> <span class='ocrx_word' id='word_1_1043' title='bbox 2965 5593 3089 5632; x_wconf 91' lang='lat' dir='ltr'><strong>cum</strong></span> <span class='ocrx_word' id='word_1_1044' title='bbox 3107 5577 3275 5632; x_wconf 89' lang='lat' dir='ltr'><strong>altera</strong></span> <span class='ocrx_word' id='word_1_1045' title='bbox 3295 5593 3382 5633; x_wconf 90' lang='lat' dir='ltr'><strong>res</strong></span> <span class='ocrx_word' id='word_1_1046' title='bbox 3409 5588 3692 5648; x_wconf 71' lang='lat' dir='ltr'><strong>perceptas</strong></span> 
     </span>
    </p>
   </div>
   <div class='ocr_carea' id='block_1_152' title="bbox 2117 5647 3672 5716">
    <p class='ocr_par' dir='ltr' id='par_1_152' title="bbox 2117 5647 3672 5716">
     <span class='ocr_line' id='line_1_157' title="bbox 2117 5647 3672 5716; baseline 0 -16"><span class='ocrx_word' id='word_1_1047' title='bbox 2117 5648 2270 5716; x_wconf 88' lang='lat' dir='ltr'><strong>(nihil</strong></span> <span class='ocrx_word' id='word_1_1048' title='bbox 2305 5649 2446 5702; x_wconf 91' lang='lat' dir='ltr'><strong>enim</strong></span> <span class='ocrx_word' id='word_1_1049' title='bbox 2481 5648 2616 5702; x_wconf 89' lang='lat' dir='ltr'><strong>alias</strong></span> <span class='ocrx_word' id='word_1_1050' title='bbox 2647 5649 2744 5701; x_wconf 79' lang='lat' dir='ltr'><strong>nisi</strong></span> <span class='ocrx_word' id='word_1_1051' title='bbox 2783 5662 2877 5716; x_wconf 81' lang='lat' dir='ltr'><strong>per</strong></span> <span class='ocrx_word' id='word_1_1052' title='bbox 2903 5657 3083 5714; x_wconf 90' lang='lat' dir='ltr'><strong>portas</strong></span> <span class='ocrx_word' id='word_1_1053' title='bbox 3111 5663 3362 5702; x_wconf 89' lang='lat' dir='ltr'><strong>sensuum</strong></span> <span class='ocrx_word' id='word_1_1054' title='bbox 3389 5647 3457 5702; x_wconf 81' lang='lat' dir='ltr'><strong>ad</strong></span> <span class='ocrx_word' id='word_1_1055' title='bbox 3496 5648 3597 5701; x_wconf 85' lang='lat' dir='ltr'><strong>has</strong></span> <span class='ocrx_word' id='word_1_1056' title='bbox 3623 5647 3672 5700; x_wconf 76' lang='lat' dir='ltr'><strong>ia</strong></span> 
     </span>
    </p>
   </div>
   <div class='ocr_carea' id='block_1_153' title="bbox 2115 5717 3697 5789">
    <p class='ocr_par' dir='ltr' id='par_1_153' title="bbox 2115 5717 3697 5789">
     <span class='ocr_line' id='line_1_158' title="bbox 2115 5717 3697 5789; baseline 0.001 -16"><span class='ocrx_word' id='word_1_1057' title='bbox 2115 5719 2344 5773; x_wconf 79' lang='lat' dir='ltr'><strong>cultates</strong></span> <span class='ocrx_word' id='word_1_1058' title='bbox 2377 5719 2642 5788; x_wconf 82' lang='lat' dir='ltr'><strong>pervenit)</strong></span> <span class='ocrx_word' id='word_1_1059' title='bbox 2669 5732 2808 5772; x_wconf 88' lang='lat' dir='ltr'><strong>novo</strong></span> <span class='ocrx_word' id='word_1_1060' title='bbox 2842 5717 3025 5774; x_wconf 86' lang='lat' dir='ltr'><strong>babltu</strong></span> <span class='ocrx_word' id='word_1_1061' title='bbox 3052 5718 3264 5774; x_wconf 85' lang='lat' dir='ltr'><strong>indutas</strong></span> <span class='ocrx_word' id='word_1_1062' title='bbox 3297 5717 3451 5789; x_wconf 82' lang='lat' dir='ltr'><strong>quasi</strong></span> <span class='ocrx_word' id='word_1_1063' title='bbox 3481 5718 3537 5771; x_wconf 88' lang='lat' dir='ltr'><strong>in</strong></span> <span class='ocrx_word' id='word_1_1064' title='bbox 3566 5734 3697 5778; x_wconf 79' lang='lat' dir='ltr'><strong>sce-</strong></span> 
     </span>
    </p>
   </div>
  </div>
