3858 6312
1640 202 1643 205 ’
1748 233 2127 291 ιιιειιοκγλη
2162 234 2403 292 autem

3584 237 3704 295 838

1020 602 1319 722 ΤΟΥ
1372 604 2180 724 ΜΑΚΑΡΙΟΥ
2235 606 3109 725 ΙΕΡΩΝΥΜΟΥ

604 861 938 917 ΔΙΔΛΟΓΟΣ
994 863 1154 916 ΠΕΡΙ
1191 854 1329 916 ΤΗΣ
1364 858 1565 915 AFle
1604 856 1912 922 ΤΡΙᾹΔΟΣ,
1951 853 2285 912 ΕΡΩΊἩΣΙΣ
2320 852 2642 911 ΙΟΥΔΑῙΟΥ
2676 856 2857 910 ΠΡΟΣ
2910 856 3049 911 ’ῙῸΝ
3083 859 3522 921 ΧΡΙΣΤῙΔΝΟΝ.

1538 1134 1667 1244 Β.
1756 1132 2581 1250 HIERONYMI

1122 1329 1640 1410 DIALOGUS
1716 1329 1851 1406 DE
1926 1328 2318 1411 SANCTA
2391 1333 2995 1426 ΤΒΙΝΙΤΑΤΕ,

1440 1507 1652 1564 INTER
1690 1507 1995 1567 JUDASUM
2034 1511 2137 1566 ET
2162 1509 2661 1567 CHRISTIANUM.

493 1890 731 1945 Judtt'us.
787 1889 918 1945 Cum
971 1889 1108 1944 Deus
1159 1889 1348 1955 dicat,
1397 1889 1599 1955 Videte,
1645 1890 1813 1945 uidete
1859 1891 1996 1959 quod
2025 1893 2075 1953 Α

421 2000 514 2052 ego
540 1998 676 2048 sum,
703 1999 792 2036 nec
824 1982 961 2035 Deus
985 1991 1059 2035 est
1079 1992 1269 2051 prwter
1295 1999 1375 2035 me
1394 1983 1434 2047 ί,
1465 1981 1736 2052 quomodo
1773 1996 1867 2036 vos
1888 1995 2001 2036 cre-

422 2076 549 2131 ditis
596 2084 651 2131 et
677 2075 913 2130 adoratis
949 2074 1188 2140 Patrem,
1233 2091 1392 2145 quem
1435 2089 1531 2130 nos
1574 2074 1741 2129 Deum
1775 2074 2002 2130 coulite-

422 2183 564 2233 mur,
599 2178 654 2223 et
678 2166 894 2231 Filium,
928 2176 983 2221 et
1013 2166 1269 2235 Spiritum
1296 2166 1585 2221 sanctum?
1609 2164 1743 2221 Nam
1776 2165 1997 2221 idolola-

421 2270 624 2313 trarum
668 2274 814 2312 more
849 2274 971 2312 cum
1021 2267 1129 2312 tres
1183 2257 1312 2312 deos
1346 2258 1603 2321 doceatis,
1652 2256 1816 2312 Deum
1869 2256 2000 2327 legis

418 2353 591 2417 istius,
633 2351 754 2407 Non
798 2362 872 2406 est
932 2350 1070 2406 Deus
1105 2362 1291 2421 prwter
1335 2367 1433 2419 me,
1468 2361 1743 2407 auctorem
1788 2348 2000 2405 aﬂicitis

416 2443 635 2510 injuria.

487 2535 839 2589 Christianus.
878 2535 1241 2589 Tremendum
1272 2543 1356 2588 est
1387 2544 1441 2588 et
1473 2531 1995 2602 incomprehensibi-

416 2626 466 2681 le
501 2625 819 2695 mysterium
860 2624 1020 2688 Deus,
1061 2625 1242 2693 itaque
1266 2639 1369 2678 non
1394 2639 1498 2678 una
1528 2623 1801 2694 similique
1830 2639 1994 2694 opor-

416 2725 495 2771 tet
543 2731 644 2770 nos
681 2715 996 2771 defensione
1032 2715 1099 2769 ad
1126 2713 1391 2784 quoslibet
1425 2715 1523 2781 uti,
1551 2716 1641 2769 sed
1666 2716 1994 2771 eumenien-

415 2817 500 2863 ter
553 2808 839 2875 unicuique
901 2816 957 2861 et
1020 2807 1276 2861 decenter
1335 2807 1402 2861 ad
1464 2806 1847 2877 interrogatum
1909 2822 1994 2862 re.

412 2898 698 2969 spondere.
731 2899 811 2954 Ad
861 2906 913 2954 te
947 2898 1150 2966 itaque,
1187 2895 1387 2961 Iudaee,
1435 2906 1491 2951 et
1540 2898 1605 2952 ad
1644 2897 1991 2954 circumcisos

414 2992 507 3059 qui
555 3000 730 3046 tecum
785 3005 948 3044 unum
984 2990 1149 3044 Deum
1185 2989 1387 3054 colunt,
1422 2988 1498 3043 ita
1538 2989 1767 3044 dicimus
1803 3004 1818 3043 :
1849 2988 1993 3044 Con-

413 3081 608 3145 literis.
650 3078 853 3146 Judae,
907 3079 1076 3136 Deum
1130 3095 1317 3148 unum,
1348 3080 1471 3137 εαξιί
1514 3088 1571 3137 et
1615 3078 1775 3138 terra:
1820 3081 1993 3138 facto-

410 3174 569 3230 tem?

481 3267 726 3322 Judwus.
760 3266 974 3336 Utique.

482 3359 835 3414 Christianus.
870 3357 936 3412 Et
964 3357 1139 3426 qualis
1183 3366 1267 3412 est
1310 3355 1400 3412 ille
1440 3366 1599 3426 quam
1647 3354 1781 3412 colis
1824 3355 1985 3422 Deus,

409 3450 553 3505 unde
581 3460 673 3503 aut
702 3450 788 3502 ubi
820 3458 923 3514 est,
954 3456 1009 3501 et
1037 3447 1308 3516 quomodo
1335 3446 1489 3501 sedet
1517 3445 1600 3500 vel
1641 3455 1905 3511 movetur,
1933 3455 1989 3500 et

411 3541 682 3607 quomodo
709 3540 947 3609 loquitur
975 3548 1030 3595 et
1061 3540 1195 3593 vivit
1224 3549 1279 3593 et
1307 3539 1526 3592 videtet
1554 3538 1743 3607 tangit,
1773 3548 1820 3593 et
1852 3551 1987 3605 quo.

410 3632 569 3686 modo
592 3631 1069 3701 comprehenditur
1098 3631 1265 3700 ipsius
1288 3630 1564 3700 potentia?

478 3810 722 3865 Judwus.
771 3810 1005 3866 Omnino
1045 3807 1625 3875 incomprehensibilis.
1678 3808 1980 3863 incontem-

405 3902 622 3970 plabilis
657 3912 710 3955 et
750 3900 1131 3955 inenarrabilis
1152 3898 1293 3954 Deus
1324 3909 1427 3964 est,
1462 3909 1515 3953 et
1537 3899 1800 3969 sapientia
1824 3909 1878 3954 et
1901 3901 1979 3956 vis

405 4004 463 4049 et
483 4008 662 4048 sermo
686 4001 740 4047 et
768 3993 989 4063 spiritus
1016 3992 1133 4046 Dei.

481 4085 837 4140 Christianus.
870 4082 937 4138 Et
960 4083 1249 4153 quomodo,
1278 4099 1311 4137 ο
1340 4083 1555 4151 stolide,
1588 4099 1617 4138 a
1644 4098 1730 4139 me
1756 4084 1893 4155 petis
1923 4094 1981 4140 ut

405 4178 503 4231 tibi
551 4175 725 4231 dicam
772 4175 1042 4246 quomodo
1095 4176 1373 4246 generatio
1425 4176 1697 4246 contingat
1751 4176 1868 4242 Dei,
1923 4188 1978 4232 et

402 4268 673 4338 quomodo
702 4265 894 4322 Filium
924 4266 1065 4322 Deus
1093 4267 1309 4332 habent,
1334 4276 1386 4320 et
1409 4268 1621 4336 quando
1640 4277 1693 4321 et
1709 4269 1977 4336 quomodo

402 4360 553 4413 illum
603 4360 869 4430 genuerit,
916 4368 969 4413 et
1010 4359 1283 4428 quomodo
1338 4357 1572 4411 Trinitas
1617 4358 1689 4412 sit
1736 4358 1980 4411 trinitas?

402 4452 576 4508 Dicito
624 4462 676 4507 tu
715 4453 866 4518 mihi,
905 4453 949 4507 si
995 4463 1169 4521 potes,
1206 4452 1383 4506 locum
1432 4460 1487 4504 et
1522 4449 1880 4515 latitudinem,
1921 4459 1975 4504 et

400 4538 789 4616 longitudinem
833 4545 947 4610 Dei,
978 4555 1033 4599 et
1064 4544 1239 4600 dicam
1274 4543 1367 4597 tibi
1403 4541 1642 4596 vicissim
1676 4542 1893 4610 quando
1922 4550 1975 4595 et

2180 1891 2243 1944 Ὀ
2279 1891 2587 1959 Ἰουδαῖος.
2619 1892 2728 1947 Τοῦ
2758 1893 2895 1959 Θεοῦ
2938 1894 3207 1964 λέγοντος,
3250 1897 3460 1964 Ἴδετε,
3502 1902 3679 1967 ιδετε.

2106 1983 2192 2039 ὅτι
2227 1984 2340 2054 ἐγώ
2366 1988 2504 2054 ειμι,
2545 1986 2644 2039 καὶ
2680 1989 2793 2042 οὐκ
2823 1989 2954 2042 ἐστι
2990 1988 3134 2055 Θεὸς
3169 1990 3338 2057 πλὴν
3367 1992 3535 2062 ἐμοῦ,
3560 1996 3683 2060 πῶς

2104 2074 2260 2143 ὑμεῖς
2301 2073 2581 2127 πιστεύετε
2628 2077 2721 2128 καὶ
2755 2080 3107 2147 προσκυνεῖτε
3144 2080 3384 2150 Πατέρα,
3428 2082 3487 2135 ὃν
3517 2087 3683 2155 ἡμεῖς

2102 2162 2234 2215 Θεὸν
2270 2161 2660 2234 ὁμολογοῦμεν,
2705 2166 2799 2217 καὶ
2829 2166 2954 2219 Υἱὸν
2988 2168 3081 2220 καὶ
3109 2167 3261 2236 ἅγιον
3288 2171 3550 2242 Πνεῦμα;
3591 2176 3681 2238 Ὠς

2100 2252 2209 2325 γὰρ
2242 2254 2621 2326 εἰδωλολάτραι
2654 2260 2801 2327 τρεῖς
2829 2257 2981 2322 θεοὺς
3006 2259 3441 2331 δογματίζοντες,
3476 2265 3568 2318 τὸν
3593 2284 3684 2319 νου

2103 2345 2477 2415 μοθετήσαντα
2520 2346 2672 2412 Θεὸν,
2703 2347 2784 2400 ὅτι
2830 2351 2952 2403 Οὐκ
2984 2349 3115 2404 ἔστι
3144 2352 3289 2418 Θεὸς
3310 2355 3481 2423 πλὴν
3509 2356 3680 2425 ἐμοῦ,

2098 2434 2440 2507 ὲνυϐρίσατε.

2180 2525 2234 2578 Ὀ
2268 2528 2504 2594 πιστός.
2530 2526 2765 2599 Φοϐεροῦ
2799 2528 2894 2583 καὶ
2923 2528 3309 2601 ἁκαταλήπτου
3342 2532 3679 2603 ὑπάρχοντος

2095 2616 2191 2671 τοῦ
2223 2619 2350 2690 περὶ
2383 2620 2515 2674 Θεὸν
2558 2622 2882 2693 μυστηρίου,
2922 2623 2983 2675 οὐ
3024 2623 3153 2694 μίαν
3187 2624 3307 2678 οὐδὲ
3343 2627 3536 2695 ὁμοίαν
3557 2628 3679 2681 δέον

2096 2710 2243 2779 ἡμᾶς
2275 2710 2542 2765 ποιεῖσθαι
2570 2711 2669 2784 τὴν
2705 2712 3021 2781 ἀπολογίαν,
3048 2713 3183 2767 ἀλλὰ
3212 2716 3540 2788 προσφόρως
3580 2716 3678 2769 καὶ

2095 2802 2418 2872 πρεπόντως
2447 2804 2661 2875 ἑκάστῳ
2696 2806 2969 2876 ἐρωτῶντι
3003 2806 3425 2879 ἀποκρίνασθαι.
3466 2808 3678 2862 Οὐκοῦν

2095 2889 2234 2961 πρὸς
2264 2892 2323 2944 σὲ
2346 2892 2436 2946 τὸν
2477 2893 2729 2947 Ἰουδαῖον
2756 2895 2849 2948 καὶ
2873 2896 3001 2958 τοὺς
3036 2898 3133 2950 σὺν
3160 2898 3243 2953 σοὶ
3270 2899 3677 2970 ὲμπεριτόμους

2096 2980 2394 3052 μοναρχίαν
2432 2982 2690 3047 σέϐοντας
2728 2984 2959 3056 λέγομεν
3006 2985 3197 3051 οὕτως·
3255 2988 3589 3059 Ὀμολογεῖς,
3629 2988 3678 3044 ὦ

2106 3070 2344 3136 Ἰουδαῖε,
2379 3072 2510 3127 Θεὸν
2535 3071 2652 3140 ἕνα,
2680 3075 2912 3146 ποιητὴν
2948 3076 3177 3148 οὐρανοῦ
3208 3078 3301 3132 καὶ
3331 3078 3467 3149 γῆς;

2169 3244 2232 3303 Ὀ
2269 3249 2573 3317 Ἰουδαῖος.
2599 3252 2728 3308 Ναί.
2942 3320 2951 3327 κ

2164 3335 2225 3395 '0
2252 3345 2488 3409 πιστός.
2533 3345 2644 3398 Καὶ
2677 3345 2825 3409 ποῖός
2866 3347 3012 3401 ἐστιν
3040 3340 3191 3413 οὗτος
3224 3347 3355 3413 Θεὸς
3381 3349 3441 3403 ὃν
3468 3350 3670 3417 σέϐεις,

2088 3436 2254 3491 πόθεν
2294 3436 2441 3489 ἐστὶν
2480 3437 2576 3490 καὶ
2609 3437 2714 3490 ποῦ
2749 3437 2899 3507 ἔστις
2933 3441 3025 3493 καὶ
3057 3441 3175 3506 πῶς
3200 3441 3434 3513 κάθηται
3456 3445 3548 3497 καὶ
3580 3462 3673 3498 κι-

2087 3530 2295 3593 νεῖταις
2353 3527 2450 3580 καὶ
2497 3529 2615 3592 πῶς
2660 3528 2813 3583 λαλεῖ
2854 3531 2947 3585 καὶ
2991 3531 3056 3603 ζῇ
3083 3532 3177 3587 καὶ
3209 3533 3401 3605 θεωρεῖ
3434 3535 3528 3589 καὶ
3562 3536 3673 3606 ψη-

2087 3620 2364 3688 λαφᾶται;
2416 3620 2511 3673 καὶ
2562 3619 2679 3685 πῶς
2732 3622 3205 3694 καταλαμϐάνεται
3236 3628 3269 3696 ὴ
3308 3625 3534 3698 δύναμις
3565 3628 3670 3682 αὐ-

2085 3728 2178 3763 του
2203 3726 2217 3775 ;

2167 3805 2230 3856 Ὀ
2266 3804 2562 3870 Ἰουδαῖος.
2600 3806 2823 3871 Πάντως
2868 3808 2951 3861 ὅτι
2991 3807 3370 3880 ἀκατάληπτός
3412 3813 3528 3866 ἔστι
3569 3812 3669 3865 καὶ

2084 3894 2395 3968 ἀθεώρητος
2427 3898 2520 3950 καὶ
2544 3897 2833 3969 ἀδιήγητος
2863 3903 2891 3953 6
2924 3900 3076 3965 Θεὸς,
3129 3902 3223 3955 καὶ
3251 3904 3284 3973 ή
3314 3903 3476 3972 σοφία
3506 3904 3598 3957 καὶ
3633 3906 3665 3974 ἡ

2086 3988 2237 4056 ἰσχὺς
2259 3989 2351 4041 καὶ
2380 3992 2408 4041 6
2435 3988 2589 4058 λόγος
2619 3990 2793 4043 καὶτὸ
2822 3990 3039 4062 πνεῦμα
3076 3993 3261 4048 αὐτοῦ.

2164 4081 2226 4132 '0
2259 4084 2494 4147 πιστός.
2533 4083 2643 4136 Καὶ
2672 4082 2810 4147 πῶς,
2845 4079 2889 4136 ὦ
2913 4085 3128 4157 ἀνόητε,
3161 4086 3261 4156 ἐμὲ
3295 4087 3547 4153 ἀπαιτεῖς
3576 4088 3667 4143 λέ-

2082 4187 2222 4239 γειν,
2245 4172 2361 4237 πῶς
2389 4175 2579 4229 ὲστινό
2598 4176 2753 4241 τόκος
2775 4178 2869 4231 τοῦ
2896 4179 3049 4244 Θεοῦ,
3083 4180 3178 4234 καὶ
3200 4180 3316 4244 πῶς
3342 4181 3456 4252 ἔχει
3484 4182 3611 4235 Υἱὸν
3636 4185 3666 4235 6

2081 4262 2233 4327 Θεὸς,
2268 4266 2361 4317 καὶ
2390 4266 2520 4319 πότε
2546 4269 2642 4321 καὶ
2668 4269 2785 4331 πῶς
2820 4270 3009 4325 τοῦτον
3032 4272 3309 4344 ἐγέννησε,
3344 4275 3439 4327 καὶ
3471 4274 3588 4337 πῶς
3628 4277 3663 4343 ἡ

2081 4356 2251 4425 Τριάς
2303 4357 2419 4410 ἐστι
2470 4360 2659 4431 τριάςς
2717 4361 2854 4413 Εἰπέ
2906 4380 2996 4432 μοι
3042 4364 3105 4417 σὺ
3147 4363 3238 4417 τὸν
3269 4363 3433 4417 τόπον
3477 4364 3664 4418 καὶτὸ

2080 4448 2280 4512 πλάτος
2319 4451 2412 4503 καὶ
2446 4454 2618 4521 μῆκος
2664 4453 2759 4507 τοῦ
2789 4454 2943 4518 Θεοῦ,
2979 4456 3073 4509 ἐὰν
3099 4456 3248 4528 δύνῃ.
3285 4459 3378 4513 καὶ
3403 4457 3546 4525 λέγω
3573 4475 3661 4512 σοι

2077 4540 2234 4608 κάγὼ
2263 4542 2325 4595 τὸ
2361 4543 2491 4596 πότε
2527 4545 2619 4597 καὶ
2663 4545 2779 4609 πῶς
2822 4548 3113 4618 ἐγέννησεν
3143 4552 3172 4602 6
3199 4550 3350 4613 Θεός.
3391 4551 3527 4603 Εἰπέ
3569 4567 3660 4621 μοι

399 4641 671 4707 quomodo
700 4638 943 4709 genuerit
976 4638 1137 4691 Deus.
1179 4636 1273 4690 Dic
1319 4646 1373 4689 ιιι
1417 4635 1546 4689 mibi
1574 4634 1750 4703 qualis
1778 4634 1847 4688 sit
1878 4632 1968 4688 Dei

2098 4634 2165 4697 rb,
2195 4634 2374 4697 ὁποῖός
2401 4637 2546 4688 ἐστιν
2577 4638 2605 4689 6
2628 4636 2788 4706 λόγος
2806 4638 2899 4691 τοῦ
2928 4637 3085 4706 Θεοῦ,
3122 4642 3215 4694 καὶ
3247 4643 3363 4708 πῶς
3388 4644 3541 4699 λαλεῖ
3569 4649 3660 4702 αὺ-

396 4745 598 4795 sertno,
628 4743 680 4784 et
717 4730 987 4799 quomodo
1018 4728 1162 4782 illum
1192 4727 1331 4780 Deus
1359 4726 1645 4795 eloquitur,
1686 4735 1741 4780 et
1776 4740 1877 4793 ego
1909 4726 1975 4778 tio

398 4823 451 4878 bi
478 4825 649 4877 dicam
680 4837 785 4892 qua
811 4822 1019 4875 ratione
1041 4830 1167 4874 aute
1192 4818 1474 4873 luciferum
1502 4833 1565 4874 ex
1596 4828 1749 4873 utero
1777 4818 1968 4871 Filium

398 4914 758 4983 generaverit.
812 4911 869 4965 Si
903 4925 1033 4965 vero
1071 4920 1126 4963 et
1162 4922 1341 4965 sermo
1389 4916 1443 4963 et
1464 4909 1685 4978 spiritus
1710 4908 1969 4975 locusque

396 5015 450 5058 et
478 5004 705 5061 altitudo
744 5010 799 5056 et
841 4999 1177 5070 profunditas
1199 5010 1252 5054 et
1281 5000 1506 5053 thronus
1541 5007 1596 5053 et
1634 5009 1843 5067 tempus
1872 4997 1983 5052 Dei—

397 5092 957 5162 incomprebensibilia
988 5099 1133 5157 sunt,
1165 5089 1386 5143 evidens
1428 5099 1507 5143 est
1543 5089 1705 5143 etiam
1741 5104 1967 5157 genera-

397 5185 592 5237 tionem
624 5184 742 5251 ejus
773 5181 1002 5251 expritni
1039 5181 1218 5235 verbis
1262 5189 1316 5235 et
1352 5179 1608 5250 explicari
1648 5194 1752 5232 non
1788 5195 1968 5249 posse.

395 5274 501 5328 Sed
527 5282 584 5327 ut
610 5275 804 5326 iterum
830 5274 1151 5343 interrogem
1189 5280 1260 5337 te,
1296 5271 1444 5324 dura:
1473 5271 1699 5325 cervicis
1730 5282 1784 5324 et
1807 5271 1970 5325 incir-

393 5366 631 5419 ('llillClae
663 5364 825 5417 corde
851 5362 1051 5427 Iudaee.
1089 5363 1358 5433 quomodo
1388 5372 1572 5418 noster
1610 5378 1791 5429 sermo
1838 5379 1967 5431 pro-

389 5456 605 5512 fertur?
638 5466 800 5522 atque
830 5458 875 5509 si
913 5456 1013 5509 hoc
1051 5456 1254 5513 dixeris
1296 5457 1448 5521 tnibi,
1487 5456 1687 5525 rogabo
1724 5456 1959 5512 vicissim

461 5635 482 5671 ⁸
521 5635 671 5691 Deut.
700 5648 869 5701 xxx",
896 5632 984 5689 39.

2072 4724 2165 4777 τὸν
2195 4727 2223 4778 6
2254 4724 2403 4789 Θεὸς,
2439 4728 2535 4779 καὶ
2574 4727 2717 4797 λέγω
2753 4746 2834 4783 σοι
2864 4730 3019 4798 κάγὼ
3049 4733 3165 4797 πῶς
3191 4735 3256 4787 ὲκ
3291 4737 3527 4806 γαστρὸς
3553 4740 3658 4811 πρὸ

2074 4818 2353 4888 ἑωσφόρον
2381 4818 2668 4887 ἐγέννησεν
2696 4821 2840 4874 Υἱόν.
2867 4822 2930 4874 El
2955 4823 3011 4875 δὲ
3043 4826 3072 4875 6
3097 4824 3254 4894 λόγος
3290 4828 3382 4880 καὶ
3408 4828 3470 4881 τὸ
3494 4831 3659 4884 πνεῦ-

2076 4927 2151 4980 μα
2177 4911 2270 4964 καὶ
2298 4913 2325 4964 6
2344 4912 2509 4976 τόπος
2536 4915 2630 4967 καὶ
2652 4914 2713 4966 τὸ
2736 4914 2868 4985 ὕψος
2900 4915 2995 4969 καὶ
3021 4916 3085 4971 τὸ
3112 4917 3276 4987 βάθος
3298 4922 3391 4974 καὶ
3414 4922 3445 4973 6
3468 4921 3657 4994 Θρόνος

2072 5004 2165 5055 καὶ
2202 5004 2233 5057 ὁ
2266 5004 2454 5073 χρόνος
2496 5004 2591 5058 τοῦ
2626 5005 2761 5059 Θεοῦ
2806 5008 3170 5081 ἀκατάληπτα
3199 5013 3325 5075 εἰσι,
3360 5013 3537 5085 δῆλον,
3573 5016 3655 5069 ὅτι

2070 5094 2164 5146 καὶ
2190 5095 2217 5145 6
2250 5094 2407 5159 τόκος
2439 5096 2603 5150 αὑτοῦ
2631 5097 2870 5169 ἇρῤητος
2904 5101 2999 5154 καὶ
3028 5104 3460 5175 ἀνερμήνευτος.
3510 5108 3656 5180 Ἐρο-

2072 5184 2217 5254 μένῳ
2264 5185 2323 5239 δὲ
2376 5187 2538 5241 πάλιν
2582 5191 2793 5260 φράσον
2827 5202 2938 5263 μοι,
2985 5189 3031 5249 ὧ
3075 5196 3518 5272 σκληροτράχηλε
3560 5205 3655 5257 καὶ

2068 5276 2405 5348 ἀπερίτμητε
2438 5282 2505 5351 τῇ
2549 5283 2744 5355 καρδίᾳ
2786 5278 2831 5338 ὦ
2873 5285 3115 5355 Ἰουδαίε,
3148 5291 3266 5355 πῶς
3298 5280 3580 5363 ἐξέρχεται
3628 5298 3656 5349 6

2067 5369 2335 5439 ἡμέτερος
2356 5370 2541 5441 λόγοςς
2574 5376 2671 5429 καὶ
2697 5377 2744 5429 εἰ
2771 5376 2928 5432 τοῦτο
2945 5378 3113 5451 δοίης,
3143 5383 3360 5454 ἀντερῶ
3388 5399 3470 5437 σοι
3498 5380 3653 5448 αὖθις

2069 5458 2243 5528 καγώο
2272 5462 2481 5519 Οὐκοῦν
2516 5466 2611 5520 καὶ
2650 5467 2802 5540 χείλη
2848 5480 3133 5552 σωματικὰ
3162 5472 3256 5529 καὶ
3275 5474 3528 5545 γλῶσσαν
3562 5478 3653 5531 καὶ
