3858 6306
159 378 280 442 849

1265 379 1612 437 DIAI.OGUS
1648 378 1737 434 DE
1777 379 1836 436 S.
1878 381 2268 436 TBINITATE.

3302 383 3408 442 830

149 494 374 555 ὀδόντας
398 493 494 546 καὶ
519 490 768 562 λάρυγγα
801 488 942 544 κατά
969 489 1027 542 σὲ
1048 489 1158 560 ἔχει
1194 493 1221 544 6
1251 491 1383 556 Θεός
1411 511 1426 558 ;
1453 493 1594 546 ὥστε
1623 493 1734 545 λοι-

1851 506 1891 548 Le
1919 513 1930 547 :
1963 493 2212 564 Nunquid
2239 504 2293 550 et
2322 495 2461 551 labia
2491 497 2789 567 corporalia
2834 505 2889 552 et
2927 495 3161 567 linguam
3189 507 3246 553 et
3283 499 3415 554 den-

155 584 267 636 πὸν
296 581 387 635 καὶ
418 580 730 652 σωματικὸς
759 579 852 633 atati
880 578 1104 642 τοπικὸς
1126 580 1227 658 καὶ
1246 580 1438 651 ὁρατὸς
1471 583 1562 635 καὶ
1585 581 1738 652 περί-

151 673 401 747 γραπτός
447 673 587 735 ἐστι,
624 673 718 727 καὶ
761 673 809 724 εἰ
856 671 1035 737 τοῦτο,
1085 671 1179 724 καὶ
1218 669 1453 735 κτιστόςο
1485 673 1592 725 πᾶν
1630 671 1737 742 γάρ

155 764 469 836 σωματικὸν
494 764 591 816 καὶ
616 761 987 834 περίγραπτον
1021 763 1274 833 πρᾶγμα,
1308 761 1463 832 δῆλον
1501 764 1596 818 καὶ
1621 781 1738 816 κτι-

154 856 308 910 στύν.
343 854 482 907 Εἰπὲ
529 853 592 924 δή
646 869 738 924 μοι
776 852 981 916 λοιπὸν,
1023 845 1067 905 ὦ
1114 851 1373 923 τολμηρὲ,
1411 853 1505 905 καὶ
1548 852 1628 917 τὸ,
1655 851 1739 917 τίς

151 949 338 1001 ἔκτισε
370 947 462 1001 καὶ
501 945 728 1015 ἐποίησε
768 945 859 998 τὸν
886 943 1041 1000 Θεόν.
1084 943 1154 996 Ὠ
1193 944 1292 1016 τῆς
1329 945 1426 1016 σῆς
1472 945 1738 1016 κακίστης

151 1039 255 1091 καὶ
283 1037 687 1109 ἀφρονεστάτης
720 1035 1064 1106 πωρώσεωςῐ
1107 1033 1489 1106 Ἐρωτὼμενος
1521 1034 1628 1107 γὰρ
1672 1035 1736 1087 σὺ

153 1125 294 1198 παρ’
319 1125 474 1200 ἐμοῦ,
509 1123 629 1188 πῶς
653 1127 800 1178 ἐστιν
826 1127 854 1177 6
881 1124 1039 1192 λόγος
1067 1123 1159 1177 τοῦ
1185 1123 1341 1184 Θεοῦ,
1367 1124 1400 1196 ἢ
1438 1124 1588 1178 ποῖόν
1622 1126 1738 1178 ἐστι

147 1220 223 1272 τὸ
252 1219 463 1290 πνεῦμα
491 1217 587 1270 τοῦ
619 1216 778 1283 Θεοῦ,
814 1217 847 1288 ἢ
875 1219 903 1270 6
932 1217 1095 1279 τόπος
1125 1215 1158 1287 ἢ
1183 1218 1210 1269 6
1239 1215 1424 1288 θρόνος
1448 1215 1542 1269 τοῦ
1580 1215 1737 1280 Θεοῦ,

147 1308 355 1378 λέγεις’
412 1308 650 1380 Ἀπορῶ,
686 1309 768 1362 ὅτι
812 1309 913 1362 οὐκ
951 1303 1086 1362 οἷδα’
1115 1307 1209 1361 καὶ
1246 1308 1346 1378 ἐμὲ
1392 1309 1740 1379 είσπράττεις

150 1401 254 1455 καὶ
291 1401 619 1468 ἀναγκάζεις
653 1399 854 1467 λέγειν,
879 1399 994 1463 πῶς
1024 1401 1166 1452 ἐστιν
1207 1401 1236 1451 6
1264 1399 1419 1462 τόκος
1443 1400 1536 1453 καὶ
1558 1401 1586 1452 6
1613 1399 1742 1464 Υίὸς

149 1492 254 1545 τοῦ
285 1491 439 1546 Θεοῦ.
472 1493 544 1545 Σὺ
564 1491 764 1562 θορυϐῇ
794 1493 888 1544 καὶ
915 1492 1270 1559 ἀγανακτεῖς,
1304 1491 1437 1544 διότι
1461 1492 1625 1560 λέγω,
1659 1494 1741 1546 ὅτι

150 1585 272 1655 ἔχει
321 1587 350 1638 6
406 1583 539 1650 Θεὸς
582 1583 709 1635 Υἱὸν
744 1582 1086 1654 πρωιώνιον,
1120 1583 1408 1653 πανάγιον,
1464 1585 1740 1649 ἀκτιστον,

149 1677 566 1748 ἀκατάληπτον,
587 1676 981 1748 ὑπεράμωμον,
999 1675 1328 1746 ὑπέρσοφον,
1351 1677 1740 1748 ὑπερκόσμιον,

152 1768 525 1839 ὕπεράγαθον.
570 1769 679 1831 Καὶ
721 1767 837 1829 πῶς
867 1763 978 1835 ἐγὼ
1006 1766 1204 1837 μᾶλλον
1237 1765 1311 1838 μὴ
1349 1766 1653 1839 θορυϐηθῶ,
1690 1762 1735 1822 ὦ

147 1832 478 1929 ἀναίσχυντε
519 1858 755 1922 Ἰουδαῖε,
783 1857 864 1910 ὅτι
894 1832 957 1910 ob
994 1832 1183 1911 ἑαυτὸν
1217 1832 1330 1910 υἱὸν
1363 1832 1498 1911 Θεοῦ
1540 1832 1737 1931 ὸνομά-
1765 1832 1808 1887 Β

149 1949 273 2013 ζεις
292 1949 486 2019 λέγων,
514 1951 598 2003 ὅτι
627 1951 741 2014 υἱὸς
770 1951 1110 2021 πρωτότοκος
1139 1948 1232 2004 τοῦ
1255 1949 1388 2003 Θεοῦ
1417 1953 1449 2012 _6
1485 1949 1738 2022 Ἰσραὴλ;

149 2042 252 2105 Σὺ,
286 2043 314 2095 6
350 2041 555 2111 μωρὸς,
590 2041 684 2094 καὶ
713 2041 834 2112 οὐχὶ⁸
868 2041 1050 2111 σοφὸς,
1088 2043 1116 2095 6
1144 2040 1506 2113 ἀχάριστος,ὁ
1539 2059 1742 2112 γογγυ-

151 2131 310 2201 στὴς,
350 2133 379 2185 6
410 2133 660 2202 ἀνήκοος,
717 2134 746 2185 ὁ
787 2132 1128 2203 θεομίσητος,
1171 2133 1200 2185 6
1228 2132 1664 2207 θεοσκόρπιστος,
1711 2135 1740 2188 6

151 2221 277 2291 Θεῷ
305 2221 614 2285 ἀντίδικος.
655 2220 768 2274 υἱὸν
798 2220 933 2274 Θεοῦ
983 2220 1174 2274 ἑαυτὸν
1237 2219 1545 2290 ὀνομάζεις,
1582 2218 1739 2289 κάγὼ

149 2313 340 2383 ἐπειδὴ
365 2312 510 2380 λέγω
537 2312 665 2364 Υἱὸν
690 2311 824 2365 Θεοῦ
855 2311 1056 2380 ἀγαθὸν
1081 2311 1174 2364 καὶ
1195 2311 1491 2383 εὐεργέτην
1521 2311 1615 2365 καὶ
1635 2312 1743 2366 Σω-

146 2405 296 2475 τῆρα
324 2403 420 2457 καὶ
440 2403 664 2462 δίκαιον,
696 2403 1022 2470 ἀγανακτεῖς
1051 2401 1144 2480 καὶ
1171 2404 1422 2468 ἐγκαλεῖς
1445 2402 1538 2454 καὶ
1573 2401 1740 2472 βλασ-

152 2499 382 2568 φημεῖς,
425 2497 522 2550 καὶ
558 2494 951 2567 εἰδωλολάτρην
987 2511 1054 2566 με
1079 2495 1408 2560 ἀποκαλεῖς;
1446 2493 1512 2548 Τί
1536 2494 1744 2566 θερμά-

153 2590 248 2664 Cn,
275 2585 321 2643 ὦ
355 2590 575 2660 ἀνόητε,
603 2590 696 2643 καὶ
720 2588 774 2642 τί
801 2588 1071 2661 ταράσσῃ,
1105 2588 1241 2641 ἐπὰν
1267 2589 1392 2642 Υἱὸν
1422 2588 1556 2642 Θεοῦ
1579 2588 1744 2642 ἀκού-

153 2695 286 2752 σῃςς
320 2679 396 2731 Σὺ
422 2679 520 2731 ἕνα
547 2677 676 2730 Υἰὸν
707 2677 767 2731 οὐ
805 2677 982 2747 βούλει
1008 2676 1287 2748 ὁμολογεῖν
1317 2675 1474 2731 Θεοῦ’
1503 2679 1597 2731 καὶ
1625 2677 1743 2744 πῶς

152 2751 208 2841 ἠέ
225 2770 344 2824 θεία
367 2768 562 2842 Γραφῆ
593 2771 687 2824 καὶ
712 2771 740 2823 6
756 2769 940 2835 Δαὸὶδ,
976 2751 1175 2840 μᾶλλον
1193 2770 1250 2823 δὲ
1279 2771 1411 2824 αὐτὸ
1435 2770 1496 2824 τὸ
1518 2771 1744 2843 Πνεῦμα

150 2863 217 2916 τὸ
246 2864 400 2933 ἀγιον
429 2865 600 2934 λέγει,
628 2865 711 2918 ὅτι
759 2863 899 2934 Ἐγὼ
926 2860 1098 2918 εἶπα*
1130 2865 1263 2919 Θεοί
1293 2865 1453 2926 ἐστε,
1499 2865 1595 2920 καὶ
1626 2865 1742 2921 υἱοὶ

165 2955 460 3024 Ὑψίστου
511 2955 776 3022 πάντες;
839 2954 964 3009 Ἐάν
1025 2954 1347 3028 ἀνθρώπους
1399 2956 1590 3026 ψιλοὺς
1649 2959 1744 3010 καὶ

156 3049 438 3121 φθαρτοὺς
465 3050 560 3104 καὶ
583 3049 810 3120 θνητοὺς
833 3046 1156 3114 κατεδέξατο
1187 3049 1216 3102 6
1256 3048 1388 3112 Θεὸς
1426 3049 1574 3113 υἱοὺς
1607 3048 1742 3102 Θεοῦ

1843 594 1924 640 tes
1949 597 2238 657 gutturque
2273 602 2338 642 ex
2371 596 2458 640 tua
2485 589 2750 644 sententia
2781 589 2920 644 Deus
2948 588 3182 644 habeat?
3213 598 3271 643 ut
3291 605 3416 658 por-

1840 691 1901 729 ro
1929 687 1984 730 et
2020 677 2132 742 ipse
2164 677 2236 731 sit
2261 692 2550 747 corporeus
2581 688 2742 749 atque
2779 679 2833 733 in
2873 679 2991 735 loco
3013 687 3068 736 et
3094 679 3320 735 visibilis
3353 695 3416 734 ac

1838 766 2301 837 circumscriptus,
2329 775 2491 835 atque
2511 767 2558 823 si
2581 768 2696 824 haec
2719 769 2797 823 ita
2814 768 2944 833 sint,
2981 777 3234 832 creatus;
3261 770 3417 837 quid-

1839 856 1966 924 quid
1999 856 2142 912 enim
2180 871 2498 925 corporeum
2537 867 2590 913 et
2623 859 3095 928 circumscriptum
3124 867 3228 923 est,
3262 873 3417 913 crea-

1844 958 1953 1002 tum
1982 963 2103 1004 esse
2130 947 2478 1002 manifestum
2497 956 2600 1003 est.
2622 948 2740 1004 iam
2768 949 2854 1004 dic
2879 950 3009 1003 mihi
3052 949 3117 1004 ad
3152 949 3286 1014 haec,
3320 963 3416 1001 au-

1840 1038 2060 1104 daculc,
2098 1039 2220 1108 quis
2265 1038 2352 1094 ille
2383 1040 2452 1094 sit
2491 1040 2582 1109 qui
2629 1039 2792 1096 Deum
2828 1039 3068 1094 condidit
3102 1048 3156 1093 et
3195 1038 3337 1094 fecit.
3372 1037 3417 1093 0

1839 1129 2134 1200 pessimam
2191 1138 2337 1184 tuam
2380 1140 2436 1185 et
2488 1130 3034 1200 imprudentissimam
3073 1128 3413 1186 cacitateml

1842 1218 2081 1290 Rogatus
2117 1219 2259 1273 enim
2297 1233 2326 1274 a
2354 1235 2437 1274 me
2468 1221 2736 1290 quomodo
2779 1221 3002 1276 verbum
3035 1219 3130 1275 Dei
3179 1219 3280 1286 sit,
3328 1227 3420 1276 aut

1841 1309 2013 1380 qualis
2040 1310 2112 1365 sit
2151 1309 2372 1379 spiritus
2407 1310 2520 1374 Dei,
2555 1311 2768 1367 locusve
2803 1319 2896 1364 aut
2921 1311 3143 1366 thronus
3173 1310 3291 1375 Dei,
3324 1309 3408 1363 fa-

1845 1400 1975 1457 teris
2029 1411 2081 1456 te
2130 1403 2336 1458 itzerere
2377 1409 2430 1456 et
2475 1401 2694 1456 minime
2727 1401 2903 1468 scire;
2969 1417 3058 1458 me
3095 1416 3225 1457 vero
3261 1399 3420 1470 jubes

1843 1493 2125 1564 atligisque
2155 1493 2336 1548 dicere
2356 1493 2627 1564 quomodo
2657 1494 2797 1574 Deus
2823 1495 2896 1549 sit
2928 1502 2982 1548 et
3014 1494 3294 1564 generatio
3322 1493 3417 1548 Dei

1845 1601 1907 1641 ac
1962 1585 2149 1640 Filius.
2197 1584 2566 1640 'l'utnultuaris
2607 1595 2770 1656 atque
2810 1600 2953 1656 aegre
2998 1585 3106 1640 fers
3154 1585 3298 1655 quod
3329 1584 3418 1638 aio

1847 1677 1955 1732 Deo
1991 1690 2110 1732 esse
2159 1675 2356 1730 Filium
2396 1687 2679 1741 internum,
2729 1677 3155 1743 sanctissimum,
3206 1675 3420 1731 increa-

1848 1779 1982 1836 tum,
2035 1767 2657 1837 incomprehensibilem,
2702 1768 3280 1832 immaculatissimunt,
3336 1781 3421 1822 sa-

1841 1858 2261 1928 pientissimum,
2291 1860 2492 1915 mundo
2517 1858 2776 1928 priorem,
2807 1875 2869 1914 ac
2894 1859 3149 1915 bonitatis
3169 1867 3414 1914 summae.

1841 1949 1907 2002 Et
1964 1952 2233 2018 quomodo
2290 1963 2394 2004 non
2455 1949 2585 2006 mihi
2637 1950 2806 2018 magis
2862 1951 3020 2007 liceat
3083 1951 3418 2016 tumultuari,

1841 2041 1983 2110 quod
2020 2051 2092 2105 te,
2126 2039 2309 2097 Iudaee
2365 2041 2666 2110 impudens,
2712 2041 2804 2095 Dei
2843 2042 3012 2096 lilium
3044 2042 3316 2113 appellas;
3355 2041 3422 2098 ἢκ

1841 2132 1948 2192 lius
1982 2133 2125 2188 enim
2168 2133 2259 2186 Dei
2307 2132 2694 2204 prituogcttitus
2736 2132 2979 2188 lsrael’?
3020 2131 3122 2198 Tu,
3155 2134 3319 2190 stulte
3365 2143 3420 2189 et

1844 2222 2156 2292 neutiquam
2189 2224 2424 2290 sapiens,
2465 2225 2694 2290 ingrate,
2723 2224 3184 2289 obtnurmurator,
3232 2226 3420 2280 iuobeo

1841 2313 2014 2380 dietts,
2043 2314 2213 2369 invise
2242 2313 2367 2382 Deo,
2408 2331 2437 2367 a
2467 2314 2572 2369 Deo
2589 2313 2830 2388 disperso
2867 2315 3052 2386 i!lique
3086 2332 3416 2386 repugnans,

1841 2415 1898 2462 tu
1933 2406 2097 2460 ﬁlium
2131 2406 2222 2461 Dei
2255 2415 2306 2462 te
2334 2407 2591 2476 appellas,
2619 2418 2673 2461 et
2701 2422 2800 2479 ego
2833 2409 3047 2478 quando
3088 2408 3282 2464 Filium
3326 2408 3419 2464 Dei

1845 2511 2094 2566 nuncupo
2120 2495 2318 2551 bonum
2350 2496 2496 2550 illum
2537 2503 2590 2551 et
2620 2495 3038 2559 benefactorem,
3081 2495 3418 2552 Salvatorem

1838 2590 2174 2661 iustumque,
2206 2588 2314 2646 fers
2343 2605 2504 2660 aegre,
2533 2599 2587 2648 et
2622 2591 2766 2644 velut
2795 2589 3002 2644 crimen
3037 2588 3292 2658 itnpingis
3316 2588 3421 2642 mi-

1845 2682 1922 2750 bi,
1957 2690 2011 2737 et
2045 2697 2073 2734 a
2105 2681 2436 2752 blasphemia
2476 2697 2580 2737 non
2611 2682 2851 2737 abstines
2882 2691 3042 2752 atque
3081 2680 3419 2736 idololatram

1847 2788 1932 2828 me
1987 2772 2429 2844 appellasiQuid
2477 2771 2551 2829 ita
2599 2771 2907 2828 eﬂ‘ervescis
2957 2774 3059 2836 ira,
3112 2769 3324 2834 ειοΙίιιρ,
3369 2777 3422 2822 et
3506 2812 3513 2817 .

1845 2865 2204 2935 perturbaris,
2255 2866 2470 2936 quando
2526 2863 2720 2919 Filium
2772 2863 2862 2920 Dei
2910 2861 3097 2918 audis?
3143 2861 3222 2916 Tu
3257 2875 3422 2914 unum

1845 2971 1952 3011 non
1989 2956 2068 3011 vis
2106 2956 2352 3012 conﬁteri
2389 2955 2581 3011 Filium
2628 2957 2761 3022 Dei;
2811 2965 2864 3010 et
2915 2953 3183 3025 quomodo
3239 2951 3419 3005 divina

1847 3048 2126 3120 Scriptura
2151 3059 2203 3103 et
2234 3049 2420 3116 David,
2448 3049 2560 3104 sive
2585 3049 2761 3119 potius
2794 3057 3015 3104 sanctus
3047 3047 3160 3116 ipse
3192 3043 3425 3115 Spiritus

153 3142 248 3196 καὶ
296 3140 457 3205 θεοὺς
495 3139 804 3212 ὀνομάζειν,
855 3139 974 3205 πῶς
1026 3141 1089 3193 σὺ
1143 3139 1378 3212 νομίζων
1411 3140 1628 3194 πάντων
1668 3140 1742 3194 δι-

1851 3142 1923 3196 ait
1964 3161 1977 3197 :
2025 3142 2144 3200 Dixi
2179 3159 2197 3197 :
2232 3141 2319 3198 Dii
2345 3145 2491 3208 estis,
2541 3153 2696 3212 atque
2736 3141 2837 3211 ﬁlii
2871 3156 3047 3196 omnes
3077 3138 3332 3197 Altissimi
3358 3135 3423 3190 ’ἲ

151 3237 443 3307 καιότερος
480 3235 574 3288 καὶ
606 3235 994 3306 ἀκριϐέστερος
1027 3229 1187 3301 εἶναι,
1219 3236 1316 3290 ἕνα
1354 3236 1482 3289 Υίὸν
1513 3237 1742 3307 ἄμωμον

153 3329 250 3381 καὶ
289 3326 558 3394 πανάγιον
583 3323 860 3394 ὁμολογεῖν
889 3325 948 3377 οὐ
979 3324 1248 3395 καταδέχῃ
1279 3323 1455 3390 Θεοῦ;

1850 3231 1908 3288 Si
1945 3233 2115 3288 nudos
2143 3232 2390 3288 homines
2428 3243 2482 3286 et
2509 3229 2889 3298 corruptibiles
2941 3244 3004 3283 ac
3038 3227 3298 3283 mortales
3327 3227 3424 3280 ad-

1851 3323 1998 3378 misit
2028 3322 2170 3378 Deus
2202 3321 2340 3378 ﬁlios
2370 3320 2464 3377 Dei
2493 3321 2732 3390 deosque
2755 3319 3040 3384 nominari,
3072 3317 3340 3387 quomodo
3367 3323 3425 3370 tu

153 3421 250 3493 qui
281 3419 540 3475 omnibus
570 3416 772 3486 justior
798 3416 1212 3486 accuratiorque
1245 3416 1340 3470 tibi
1402 3430 1525 3472 esse
1581 3418 1803 3487 videris,
1853 3435 2016 3475 unum
2073 3409 2189 3472 sine
2236 3413 2357 3470 labe
2398 3423 2452 3470 et
2495 3411 2897 3468 sanctissimum
2941 3410 3035 3466 Dei
3081 3409 3272 3464 Filium
3318 3423 3426 3462 non

155 3511 427 3579 suscipis?

237 3607 300 3658 Ὀ
348 3602 656 3670 Ἰουδαῖος.
701 3603 841 3657 Ἀλλ’
889 3603 949 3656 06
981 3641 998 3667 ,
1044 3601 1227 3665 καθὼς
1281 3601 1345 3654 σὺ
1391 3599 1570 3671 λέγεις
1618 3603 1745 3658 Υἱὸν

155 3698 292 3752 Θεοῦ
349 3694 674 3766 προαιιῖωιον
704 3696 800 3748 καὶ
849 3695 1122 3756 ἀκτιστον,
1176 3693 1319 3748 οὕτω
1368 3694 1515 3763 λέγει
1545 3696 1574 3748 6
1613 3695 1744 3760 Θεὸς

156 3792 269 3846 υἱὸν
298 3788 470 3843 αὑτοῦ
498 3783 640 3842 εἶναι
673 3789 767 3842 καὶ
796 3788 887 3840 τὸν
949 3784 1181 3858 Ἰσραὴλ,
1213 3788 1334 3840 οὐδὲ
1367 3789 1493 3851 τοὺς
1525 3787 1747 3852 λοιποὺς

158 3881 484 3954 ἀνθρώπους
520 3880 651 3951 περὶ
690 3872 764 3932 ὧν
811 3877 983 3933 εἶπεν·
1039 3878 1187 3947 Ἐγὼ
1229 3873 1387 3932 εἶπα·
1430 3878 1564 3932 Θεοί
1605 3878 1748 3932 ἐστε

157 3973 252 4028 καὶ
272 3973 395 4028 υιοι
430 3971 727 4040 Ὑψίστου
756 3969 999 4036 πάντες.

240 4067 304 4120 '0
363 4064 600 4130 πιστός.
633 4061 797 4116 Ἀλλά
845 4062 1036 4126 ποίους
1082 4061 1230 4130 λέγει
1263 4061 1292 4114 6
1337 4060 1471 4126 Θεὸς
1522 4060 1745 4128 τούτους

157 4157 314 4220 θεοὺς
348 4156 444 4209 καὶ
470 4155 620 4219 υἱοὺς
640 4152 802 4208 αὑτοῦ
829 4153 922 4206 τοῦ
961 4152 1216 4223 Ὑψίστου
1239 4169 1254 4219 ;

238 4247 304 4300 'O
365 4243 673 4310 Ἰουδαῖος.
709 4243 1060 4315 Ἀνθρώπους
1094 4244 1248 4306 τινάς
1282 4242 1432 4311 λέγει
1477 4243 1748 4314 φθαρτοὺς

159 4341 251 4392 καὶ
282 4337 538 4407 θνητοὺς,
560 4337 709 4399 υἱοὺς
727 4336 1074 4407 λεγομένους.

235 4433 302 4485 '0
335 4429 573 4495 πιστός.
605 4425 755 4492 Εἶτα,
786 4427 1001 4499 ἀνόητε,
1021 4427 1392 4499 πεπωρωμένε
1420 4429 1486 4499 τῇ
1523 4426 1741 4499 καρδίᾳ,

158 4523 325 4577 πόσον
375 4521 621 4591 διαφέρει
653 4519 715 4572 τὸ
753 4518 1057 4590 ὁμολογεῖν,
1106 4519 1188 4572 ὅτι
1236 4518 1348 4590 ἔχει
1388 4517 1520 4572 Υίὸν
1554 4521 1582 4572 6
1611 4519 1744 4583 Θεὸς

157 4612 462 4682 ἄφθαρτον,
510 4609 798 4668 ἀθάνατον,
833 4609 1014 4679 ἀγνὸν,
1051 4607 1452 4682 ἀναμάρτητον,
1503 4609 1741 4676 αἰώνιον,

157 4705 456 4777 ἄτρεπτον,
492 4702 698 4774 ἀπαθῆ,
721 4701 863 4774 ὑπὲρ
890 4701 951 4755 τὸ
978 4701 1265 4774 ὀνομάζειν
1288 4701 1608 4772 ἀνθρώπους
1636 4702 1745 4755 ὑλι-

156 4799 284 4860 κοὺς
322 4796 421 4848 καὶ
456 4794 728 4867 φθαρτοὺς
754 4796 848 4847 καὶ⁸
877 4795 1144 4866 τρεπτοὺς
1166 4793 1260 4847 καὶ
1285 4793 1534 4865 θνητοὺς,
1594 4796 1745 4860 υἱοὺς

155 4889 324 4953 Θεοῦ;
361 4887 438 4940 Τὸ
463 4886 561 4957 μὲν
582 4885 692 4958 γάρ
720 4887 911 4946 εἰπεῖν,
939 4886 1020 4938 ὅτι
1051 4883 1166 4956 ἔχει
1186 4885 1315 4938 Υῑὸν
1338 4887 1511 4949 όΘεὸς
1538 4885 1746 4958 ἄφθαρ-

154 4996 241 5034 τον
275 4979 380 5033 καὶ
419 4977 686 5032 ἀθάνατον
703 4977 798 5048 καὶ
839 4976 1244 5047 ἀναμάρτητον,
1274 4977 1474 5049 πρέπει
1503 4977 1580 5050 τῷ
1605 4977 1743 5049 Θεῷ,

158 5074 245 5126 καὶ
267 5071 412 5142 τιμή
443 5071 559 5122 ἐστι
592 5068 669 5138 τῷ
708 5067 847 5137 Θεῷ,
879 5067 1021 5138 ὑπὲρ
1044 5068 1106 5120 τὸ
1124 5068 1324 5136 λέγειν,
1355 5069 1434 5121 ὅτι
1454 5069 1569 5132 υίὸς
1599 5087 1747 5140 πρω-

155 5161 382 5226 τότοκός
427 5161 543 5212 ἐστι
582 5157 676 5211 τοῦ
731 5156 865 5210 Θεοῦ
893 5159 922 5210 6
961 5156 1197 5228 Ἰσραὴλ,
1224 5160 1253 5210 6
1279 5159 1458 5230 μωρὸς
1484 5158 1612 5224 λαὸς
1653 5160 1745 5213 καὶ

161 5251 487 5326 ἁμαρτωλὸς
525 5255 620 5304 καὶ
651 5251 968 5323 παράνομος
998 5251 1092 5304 καὶ
1124 5249 1347 5320 ἀσεϐής.
1388 5251 1754 5323 Βλασφημίαν.

159 5348 262 5420 γὰρ
287 5343 456 5397 τοῦτο
485 5343 786 5415 προσφέρει
815 5341 936 5413 Θεῷ
963 5343 1114 5413 παρὰ
1141 5341 1251 5395 τῶν
1280 5341 1522 5396 ἀπίστων
1553 5343 1744 5396 ἐθνῶν·

162 5437 417 5493 δύνανται
463 5435 572 5507 γὰρ
599 5434 796 5503 λέγειν·
828 5433 953 5498 Πῶς
989 5433 1122 5497 Θεός
1156 5436 1302 5492 ἐστιν
1343 5433 1612 5506 ἀληθινὸς,
1666 5436 1748 5490 ὅτι

165 5529 360 5602 Πατὴρ
386 5526 625 5599 ὑπάρχει
661 5525 780 5580 υίοῦ
813 5525 1026 5598 μωροῦ;

227 5775 249 5809 ³
288 5771 468 5829 Exod.
494 5769 680 5832 “.22.
755 5769 776 5803 ⁸
802 5769 940 5826 Psal.
961 5785 1152 5838 eum,
1172 5771 1229 5824 (ἲ.

1919 3597 2159 3652 ludatis.
2186 3592 2299 3648 Non
2322 3592 2418 3659 ita,
2437 3601 2496 3650 ut
2515 3601 2567 3646 tu
2592 3589 2726 3648 dicis
2752 3589 2947 3645 Filium
2975 3587 3064 3643 Dei
3084 3595 3345 3642 aeternum
3372 3594 3428 3640 et

1849 3689 2171 3749 iucreatum,
2229 3683 2369 3738 Deus
2420 3680 2587 3736 filium
2622 3695 2776 3736 suum
2807 3694 2929 3735 esse
2974 3677 3139 3734 lsrael
3173 3675 3424 3741 adit-mat,

1849 3792 2021 3848 neque
2045 3775 2180 3829 alios
2214 3772 2462 3828 homines
2495 3771 2560 3828 de
2585 3771 2782 3844 quibus
2809 3771 2885 3826 ait
2919 3787 2934 3825 :
2973 3769 3136 3823 Dixi:
3175 3767 3260 3822 Dii
3279 3768 3424 3835 estis,

1847 3881 1999 3938 atque
2034 3867 2131 3936 ﬁlii
2152 3877 2327 3920 omnes
2363 3862 2638 3918 Altissimi.
3152 3871 3166 3883 '

1922 4043 2276 4100 Christianus.
2336 4039 2534 4108 Quales
2582 4039 2766 4112 itaque
2817 4040 2956 4096 Deus
2994 4037 3159 4095 hosce
3188 4039 3318 4096 deos
3363 4037 3429 4094 li-

1850 4135 2060 4206 liosque
2083 4133 2348 4190 Altissimi‘
2377 4131 2646 4203 appellat?

1920 4227 2162 4281 luditur.
2215 4225 2470 4280 Homines
2520 4224 2780 4294 quosdam
2830 4224 2902 4278 ita
2951 4232 3110 4279 vocat
3159 4223 3428 4292 corr‘upti-

1796 4354 1801 4358 -
1851 4317 1986 4372 biles
2016 4331 2080 4371 ac
2122 4320 2403 4382 mortales,
2434 4315 2524 4384 qui
2563 4314 2794 4370 filiorum
2827 4314 2900 4369 illi
2938 4315 3161 4368 veniunt
3188 4312 3425 4369 nomine.

1923 4402 2273 4457 Christianus.
2301 4401 2571 4468 Quantum
2601 4401 2763 4470 igitur
2798 4409 3044 4468 praestat,
3087 4416 3120 4454 ο
3155 4401 3345 4455 stolide
3376 4407 3432 4454 et

1850 4493 2012 4546 corde
2041 4491 2331 4555 obcaecate,
2357 4489 2598 4545 confiteri
2625 4492 2732 4545 Deo
2762 4505 2927 4544 unum
2960 4502 3082 4546 esse
3113 4489 3306 4544 Filium
3347 4489 3428 4542 in-

1851 4581 2278 4652 corruptibilem,
2307 4581 2684 4646 immortalem,
2716 4592 2985 4644 sanctum,
3014 4582 3132 4636 sine
3179 4589 3426 4652 peccato,

1849 4687 2131 4736 aeternum,
2159 4672 2568 4738 immutabilem,
2604 4673 3014 4744 impassibilem,
3047 4689 3206 4744 quam
3250 4673 3425 4728 homi-

1777 4772 1822 4827 ι)
1851 4780 1946 4820 nes
1971 4764 2298 4828 materiales,
2327 4765 2726 4834 corruptibiles,
2777 4766 3062 4822 mutabiles
3090 4781 3152 4821 ac
3176 4765 3430 4820 mortales

1849 4858 1946 4915 Dei
1979 4859 2119 4914 ﬁlios
2152 4857 2460 4928 appellare?
2481 4857 2615 4912 Nam
2644 4857 2912 4914 aﬂirmare
2935 4857 3078 4927 quod
3103 4855 3295 4912 Filium
3330 4856 3429 4910 ba-

1848 4952 1940 5008 bet
1969 4950 2110 5007 Deus
2139 4951 2497 5021 corruptionis
2518 4960 2795 5020 expertem
2823 4960 2876 5005 et
2906 4951 3265 5004 immortalem
3300 4949 3431 5004 alie-

1847 5056 2086 5113 numque
2129 5057 2162 5096 a
2199 5053 2443 5112 peccato,
2497 5041 2719 5112 dignum
2755 5043 2862 5097 Deo
2895 5051 3000 5106 est,
3047 5051 3101 5096 et
3132 5042 3306 5096 honor
3353 5041 3428 5096 illi

1848 5136 2042 5204 major,
2071 5151 2231 5206 quam
2253 5135 2436 5190 dicere
2453 5133 2865 5204 primogenitum
2888 5134 2980 5187 Dei
3015 5149 3135 5188 esse
3154 5131 3427 5200 lsraelem,

1847 5228 2101 5297 populum
2139 5226 2284 5280 illum
2315 5226 2536 5280 stultum
2583 5235 2638 5279 et
2684 5224 2918 5293 peccatis
2964 5223 3222 5288 obsitum,
3256 5224 3429 5278 viola-

1851 5325 2021 5371 torem
2075 5316 2208 5387 legis
2259 5317 2604 5387 impiumque.
2644 5313 2779 5369 Nant
2828 5315 2968 5385 apud
3022 5325 3211 5384 gentes
3270 5329 3299 5368 a
3331 5315 3433 5369 ﬁde

1850 5406 2054 5461 alienas
2085 5407 2187 5460 hoc
2239 5408 2400 5461 etiam
2442 5406 2788 5476 blasphemiae
2829 5420 3018 5461 ansam
3063 5405 3289 5476 praebet,
3339 5406 3430 5475 qui

1853 5505 2077 5568 possunt
2107 5498 2344 5569 ubjicere
2370 5516 2384 5553 :
2419 5499 2700 5568 Quomodo
2730 5516 2889 5556 verus
2923 5500 3010 5556 ille
3038 5499 3179 5558 Deus
3210 5508 3294 5556 est
3323 5510 3432 5555 sto-

1855 5590 1975 5646 lidae
2008 5591 2172 5662 prolis
2199 5589 2397 5648 Pater?
