3858 6310
431 403 533 461 851

436 604 595 657 modo
616 612 672 657 et
709 602 924 670 quando
956 602 1103 655 illum
1126 603 1394 672 genuerit.

508 692 865 751 Christianus.
916 693 1033 749 Non
1084 710 1299 764 possum
1331 711 1438 749 non
1466 686 1709 751 confiteri
1749 698 1888 766 quod
1914 696 2008 751 Fi-

433 784 562 837 lium
589 784 750 839 habet
780 785 942 850 Dens,
990 801 1111 840 cum
1143 800 1298 839 sacra
1339 784 1615 856 Scriptura
1666 803 1732 841 ex
1777 803 2007 857 persona

437 873 527 927 Dei
558 885 612 929 et
640 874 813 929 i’atris
830 875 1003 944 palam
1033 876 1176 929 dicat
1202 877 1267 930 ad
1307 876 1499 930 Filium
1536 895 1549 932 :
1584 878 1666 931 Ex
1700 890 1847 932 utero
1887 888 2009 933 ante

433 964 707 1034 luciferum
731 968 886 1038 genui
918 978 965 1021 te
1005 968 1026 999 δ
1046 985 1060 1033 ;
1081 976 1133 1022 et
1154 966 1320 1022 Filius
1351 969 1585 1023 vicissim
1616 970 1681 1024 de
1709 983 1768 1024 se
1794 985 1858 1023 ex
1888 984 2011 1038 per-

433 1070 565 1110 sona
614 1056 859 1112 Parentis
904 1060 1017 1112 ait:
1070 1059 1325 1113 Dominus
1365 1060 1500 1112 dixit
1537 1062 1605 1112 ad
1652 1076 1732 1112 me
1760 1076 1779 1114 :
1836 1058 2008 1114 Filius

432 1161 579 1200 meus
601 1163 653 1201 es
682 1159 759 1215 ιιι,
790 1164 882 1218 ego
912 1149 1063 1204 hodie
1091 1159 1140 1205 te
1172 1151 1328 1220 genui
1367 1152 1410 1208 ⁸.
1439 1148 1625 1221 Neque
1655 1166 1871 1220 possum
1900 1166 2005 1205 non

433 1240 680 1296 conﬁteri
725 1242 866 1311 quod
921 1241 1059 1297 Deus
1112 1242 1276 1297 habet
1307 1243 1589 1312 Spiritum,
1629 1244 1737 1299 Deo
1775 1244 1889 1312 ipso
1925 1245 2007 1297 di-

434 1341 593 1387 cente
625 1350 637 1387 :
664 1331 950 1401 E/fundam
978 1334 1042 1387 de
1065 1332 1268 1401 Spiritu
1293 1349 1405 1387 meo
1432 1334 1487 1387 in
1504 1349 1704 1387 omnem
1736 1350 1943 1387 carnem
1964 1334 2008 1387 ⁸.

434 1422 639 1479 Tamen
669 1440 905 1495 quaeram
952 1439 1015 1480 ex
1068 1435 1139 1492 te,
1184 1424 1386 1488 Judme,
1413 1435 1470 1479 tu
1501 1426 1631 1479 mihi
1665 1414 2007 1495 respondeto.

435 1514 660 1581 Qualem
710 1516 792 1570 ais
848 1515 1096 1584 spiritum
1147 1515 1258 1570 Deo
1322 1516 1488 1570 esse?
1550 1530 1674 1569 num
1746 1513 2008 1585 ejusmodi

432 1602 613 1676 qualis
661 1616 745 1661 est
791 1608 1026 1662 hominis
1076 1622 1141 1661 ex
1202 1621 1298 1661 ore
1340 1614 1397 1660 et
1447 1607 1669 1661 naribus
1722 1616 2010 1660 exeuntem

438 1705 492 1751 et
523 1698 853 1766 exspiratnm
889 1697 1244 1769 eil‘usumqne,
1272 1697 1361 1766 qui
1389 1697 1535 1753 cerni
1574 1706 1747 1767 potest
1771 1706 1826 1753 et
1849 1712 2011 1767 sepa-

440 1789 585 1843 rari?

511 1988 753 2044 Iudaeus.
805 1992 963 2047 Absit
1011 1994 1111 2048 hoc
1150 1994 1397 2062 quidem!
1440 1991 1534 2048 sed
1590 2006 1727 2047 vero.
1758 1990 2019 2063 Spiritum

434 2082 793 2149 'invisibiiem,
825 2084 1087 2153 Spiritum
1134 2096 1402 2151 sanctum,
1438 2084 1700 2155 Spiritum
1757 2084 2023 2151 divinum,

445 2172 704 2243 Spiritum
726 2189 934 2240 verum,
961 2174 1227 2247 Spiritum
1251 2176 1842 2248 ductoretngSpiritum
1864 2190 1893 2230 a
1912 2173 2022 2231 Deo

444 2266 883 2337 inseparabilem.

515 2357 869 2415 Christianus.
894 2357 961 2413 Et
986 2360 1206 2431 quandp
1230 2358 1359 2416 fecit
1386 2359 1528 2416 Deus
1559 2368 1655 2414 aut
1688 2360 1877 2419 eduxit
1904 2359 2024 2429 Spi-

445 2447 610 2502 ritum
668 2449 834 2514 hunc,
888 2460 982 2505 aut
1036 2451 1315 2521 quomodo
1358 2461 1413 2505 et
1442 2450 1658 2524 quando
1691 2449 1842 2504 illum
1898 2449 2027 2504 iecit

446 2536 781 2592 consistere?

516 2626 761 2683 Judwus.
825 2630 1105 2687 increatus
1168 2638 1253 2687 est
1318 2630 1556 2709 Spiritus
1617 2632 1733 2696 Dei,
1778 2631 2025 2702 principii

447 2731 644 2787 expers
675 2728 730 2775 et
762 2721 1326 2791 incomprehensibilis
1364 2723 1586 2793 perinde
1629 2734 1687 2779 ut
1720 2724 1837 2794 ipse
1864 2724 2023 2777 Deus.

520 2809 881 2867 Christianus.
920 2813 997 2867 En
1034 2823 1087 2868 tu
1135 2829 1351 2885 quoque
1382 2816 1661 2871 evidenter
1690 2816 2027 2872 convinceris

450 2903 715 2957 duitatem
754 2910 1005 2970 adorare,
1043 2902 1210 2959 Deum
1245 2920 1438 2975 nempe
1486 2904 1691 2976 Deique
1742 2905 2024 2977 Spiritum.

443 2995 918 3062 Quemadmodum
948 2995 1129 3066 itaque
1159 3006 1211 3051 tn
1238 3012 1341 3052 non
1367 3007 1520 3068 potes
1548 2998 1870 3063 edisserere.
1891 3000 2029 3055 unde

454 3083 537 3139 vel
573 3084 790 3154 quando
808 3093 902 3140 aut
929 3085 1201 3154 quomodo
1226 3086 1319 3141 Dei
1351 3087 1587 3156 Spiritus
1625 3104 1748 3143 cum
1787 3088 1895 3144 Deo
1922 3099 2026 3156 est,

1738 401 2122 460 ιιιειιοιιγιιι
2161 402 2395 480 emet

502 515 745 571 luditur.
791 513 849 571 Si
894 512 1091 569 Filium
1125 512 1267 569 Deus
1296 514 1479 579 habet,
1514 512 1680 569 dicito
1712 515 1842 569 mihi
1872 530 2007 585 quo-
2035 520 2082 576 Α

2191 515 2254 569 '0
2282 512 2588 578 Ἰουδαῖος.
2619 512 2682 568 ΕΞ
2716 510 2846 567 Υίὸν
2870 510 2984 584 ἔχει
3010 510 3040 565 6
3074 508 3225 578 Θεὸς,
3251 506 3374 564 sint
3418 524 3508 579 μοι
3531 549 3547 576 ,
3574 509 3695 574 πῶς

2114 607 2209 660 καὶ
2238 606 2365 659 πότε
2394 604 2582 658 τοῦτον
2612 604 2934 675 ὲγέννησεν;

2197 698 2260 751 Ὀ
2296 696 2531 762 πιστός.
2568 695 2643 748 Οὐ
2672 694 2908 765 δύναμαι
2968 690 3049 765 μὴ
3087 692 3435 764 ἁμολογῆσαι,
3470 692 3551 745 ὅτι
3581 690 3697 761 ἔχει

2115 787 2245 842 Υίὸν
2272 789 2300 841 6
2323 786 2474 851 Θεὸς,
2503 788 2601 857 τῆς
2642 785 2864 857 Γραφῆς
2905 784 3137 855 μάλιστα
3170 782 3463 854 προφανῶς
3493 781 3701 850 λεγού-

2119 896 2218 949 σης
2248 881 2312 932 ἐκ
2330 876 2623 949 προσώπου
2656 876 2749 930 τοῦ
2772 876 2908 929 Θεοῦ
2938 877 3031 930 καὶ
3051 877 3261 947 Πατρὸς
3286 877 3421 947 πρὸς
3435 876 3527 929 τὸν
3545 877 3695 941 Υίὸν,

2115 970 2197 1022 ὂτι
2236 970 2339 1023 Ἐκ
2371 968 2629 1038 γαστρός
2680 971 2792 1036 πρὸ
2821 968 3128 1037 ἑωσφόρον
3160 968 3458 1037 ἐγέννησὰ
3478 985 3571 1022 σε·
3599 969 3701 1023 καὶ

2117 1061 2210 1114 τοῦ
2235 1059 2365 1114 Υίοῦ
2390 1059 2549 1113 πάλιν
2588 1059 2715 1130 περὶ
2737 1058 2931 1113 ἑαυτοῦ
2958 1059 3032 1123 ὠς
3065 1061 3129 1112 ἐκ
3156 1057 3445 1130 προσώπου
3472 1057 3564 1111 τοῦ
3585 1061 3700 1116 Ila..-

2119 1154 2264 1226 τρὸς·
2305 1154 2520 1221 Κύριος
2564 1151 2695 1204 εἶπε
2732 1152 2882 1219 πρός
2911 1168 2988 1219 με
3009 1166 3023 1180 ·
3064 1152 3195 1215 Υἱός
3221 1167 3339 1218 μου
3363 1146 3422 1203 εἴ
3443 1150 3547 1211 σὺ,
3578 1148 3699 1217 ἐγὼ

2115 1247 2383 1315 σήμερον
2406 1241 2735 1313 γεγέννηκά
2758 1256 2851 1294 σε.
2884 1241 2992 1294 Καὶ
3021 1242 3081 1293 οὐ
3112 1239 3344 1310 δύναμαι
3374 1240 3536 1294 πάλιν
3567 1242 3701 1311 ὁμο-

2115 1337 2312 1407 λογεῖν,
2340 1337 2423 1389 ὃτι
2452 1335 2563 1407 ἔχει
2606 1332 2833 1404 Πνεῦμα
2870 1334 2897 1386 ό
2930 1332 3082 1399 Θεὸς,
3112 1332 3277 1385 αὐτοῦ
3313 1331 3407 1385 τοῦ
3439 1332 3574 1385 Θεοῦ
3607 1332 3702 1385 λέ-

2117 1425 2558 1499 γοντοςσἜκχεῶ
2577 1426 2692 1481 ἀπὸ
2721 1426 2827 1480 τοῦ
2860 1426 3207 1494 Πνεὺματός
3222 1441 3342 1494 μου
3364 1425 3463 1478 ἐπὶ
3493 1422 3708 1479 πᾶσαν

2118 1525 2338 1595 σάρκα.
2362 1526 2551 1596 Ὅμως
2576 1525 2838 1597 ἐρωτήσω
2873 1540 2957 1587 σε,
2985 1522 3231 1586 Ἰουδαῖε,
3256 1522 3320 1574 σὺ
3352 1521 3412 1574 δέ
3443 1538 3534 1590 μοι
3562 1522 3702 1574 ἀπο-

2122 1615 2360 1687 κρίθητι·
2398 1617 2608 1671 Ὀποῖον
2640 1615 2861 1686 πνεῦμα
2900 1614 3079 1683 λέγεις
3108 1614 3252 1685 ἔχειν
3277 1612 3368 1666 τὸν
3399 1612 3575 1676 Θεόν;
3609 1608 3705 1683 ἄρ’

2119 1702 2229 1759 οἷον
2277 1705 2337 1759 τὸ
2366 1706 2461 1759 τοῦ
2515 1704 2825 1777 ἀνθρώπου,
2856 1705 2918 1757 τὸ
2974 1705 3040 1758 ἐκ
3084 1705 3351 1773 στόματος
3404 1706 3503 1757 καὶ
3541 1701 3706 1773 ῥινῶν

2122 1794 2473 1866 ἐξερχόμενον
2504 1796 2599 1848 καὶ
2625 1794 2949 1867 ἐκχεόμενον
2988 1794 3083 1848 καὶ
3127 1793 3450 1864 φαινόμενον
3475 1792 3574 1845 καί
3593 1808 3708 1861 χωο

2052 1882 2094 1936 Β
2125 1884 2405 1959 ριξόμενον

2208 1976 2271 2031 '0
2301 1974 2610 2044 Ἰουδαῖος.
2638 1975 2731 2046 Μὴ
2763 1974 3000 2044 γένοιτοί
3037 1974 3175 2031 ἀλλὰ
3196 1974 3425 2048 Πνεῦμα
3451 1974 3707 2046 ἀόρατον,

2123 2068 2347 2138 Πνεῦμα
2388 2069 2561 2137 ἅγιον,
2590 2067 2817 2138 Πνεῦμα
2854 2068 3074 2139 ἀληθὲς,
3108 2067 3331 2139 Πνεῦμα
3354 2064 3711 2139 ἡγεμονικὸν,

2122 2158 2264 2217 Ilva?!
2274 2177 2350 2231 μα
2376 2158 2677 2230 ἀχώριστον
2712 2157 2805 2215 τοῦ
2827 2158 2983 2214 Θεοῦ.
3226 2186 3229 2187 ν

2207 2358 2270 2411 '0
2293 2358 2527 2423 πιστός.
2554 2352 2665 2411 Καὶ
2692 2355 2821 2410 πότε
2865 2355 3121 2425 ὲπᾴησεν
3150 2355 3178 2407 6
3208 2352 3341 2417 Θεὸς
3372 2354 3407 2424 ἢ
3436 2352 3715 2423 ἐξήγαγεν.

2126 2452 2186 2505 τὸ
2242 2450 2469 2523 Πνεῦμα
2523 2449 2716 2517 τοῦτο;
2769 2448 2805 2520 ἢ
2853 2447 2993 2513 πῶς’
3030 2448 3124 2503 καὶ
3171 2446 3337 2500 πόθεν
3394 2444 3531 2501 αὐτὸ
3588 2460 3719 2496 sxw-

2127 2546 2353 2613 ἐστησεν
2374 2560 2389 2609 ;

2209 2637 2262 2688 Ὀ
2296 2633 2602 2700 Ἰουδαῖος.
2622 2632 2914 2687 Ἀκτιστόν
2938 2632 3053 2685 ἐστι
3082 2629 3145 2684 τὸ
3179 2627 3406 2699 Πνεῦμα
3437 2625 3536 2680 τοῦ
3554 2625 3716 2689 Θεοῦ,

2128 2726 2360 2796 ἄναρχον
2390 2726 2481 2777 καὶ
2514 2724 2897 2795 ἀκατάληπτον
2922 2721 3111 2793 ὥσπερ
3131 2723 3160 2775 6
3178 2720 3331 2783 Θεός.

2212 2819 2275 2872 '0
2294 2818 2529 2884 πιστός.
2575 2816 2702 2869 Ἰδοὺ
2734 2816 2828 2869 καὶ
2862 2815 2928 2868 σὺ
2959 2813 3145 2883 σαφῶς
3172 2811 3395 2883 ἐλέγχῃ,
3430 2809 3512 2863 ὅτι
3549 2808 3721 2862 δυάδα

2131 2912 2480 2985 προσκυνεῖς,
2506 2908 2649 2977 λέγω
2681 2907 2746 2978 δὴ
2779 2906 2912 2959 Θεὸν
2946 2906 3042 2958 καὶ
3076 2902 3302 2973 Πνεῦμα
3325 2900 3482 2953 Θεοῦ.
3506 2900 3722 2969 Ὠσπερ

2130 3003 2226 3061 οῦν
2255 3006 2320 3059 σὺ
2349 3004 2450 3057 οῦκ
2474 3004 2699 3072 ἴσχυσας
2731 3002 2927 3063 εἰπεῖν,
2955 2997 3118 3051 πόθεν
3162 2996 3195 3065 ἢ
3237 2995 3367 3048 πότε
3397 2994 3431 3063 ἢ
3458 2991 3579 3056 πῶς
3608 2993 3723 3044 εστι

2129 3099 2192 3152 τὸ
2225 3095 2452 3166 Πνεῦμα
2487 3094 2581 3149 τοῦ
2637 3091 2772 3146 Θεοῦ
2813 3091 2950 3161 μετὰ
3004 3088 3101 3142 τοῦ
3154 3086 3312 3148 Θεοῦ,
3365 3085 3500 3139 ἀλλὰ
3564 3083 3723 3153 μόνον

452 3175 547 3231 sed
580 3184 786 3230 tantum
838 3176 1059 3233 edoctus
1091 3193 1157 3232 ex
1205 3178 1380 3233 sacris
1408 3177 1625 3235 Litteris
1653 3180 1929 3241 conﬁteris
1977 3191 2029 3237 et

2145 3187 2373 3251 ὶκοῦσας
2418 3188 2483 3238 ὲκ
2514 3183 2622 3240 τῶν
2666 3182 2826 3241 οείων
2876 3178 3110 3251 Γραφῶν
3157 3176 3438 3247 ὁμολογεῖς
3487 3175 3584 3226 καὶ
3632 3190 3726 3224 πι-

454 3267 630 3323 credis
665 3267 774 3323 Deo
822 3282 944 3323 esse
975 3268 1234 3338 Spiritum
1272 3286 1288 3335 ;
1333 3269 1407 3333 ita
1437 3280 1493 3325 et
1539 3285 1638 3342 ego
1688 3270 2029 3329 Christianus

2145 3244 2529 3349 στεύειςνέχειν
2582 3274 2811 3345 Πνεῦμα
2837 3244 2934 3326 τὸν
2987 3244 3138 3324 Θεόν·
3181 3244 3508 3336 autumo
3532 3269 3562 3318 6
3593 3266 3705 3335 Χρι

456 3358 578 3415 sine
607 3360 909 3416 curiosiore
936 3361 1267 3417 scrutatione
1296 3362 1554 3432 profiteor
1583 3362 1779 3418 Filium
1812 3374 1867 3418 et
1894 3365 2029 3419 Ver-

455 3452 580 3506 bum
605 3451 719 3507 Dei.
755 3451 812 3506 Si
844 3467 976 3507 vero
1013 3452 1292 3509 desideras
1313 3468 1341 3508 a
1367 3467 1455 3509 me
1481 3462 1541 3508 ut
1570 3454 1745 3510 dicam
1794 3457 2028 3523 quando,

456 3543 538 3597 vel
567 3544 709 3598 unde
753 3552 808 3599 et
834 3544 1105 3614 quomodo
1157 3545 1351 3601 Filium
1385 3546 1526 3609 Deus
1559 3547 1745 3617 habet,
1775 3550 1949 3604 dicito
1978 3557 2034 3603 et

456 3643 512 3688 tu
536 3636 684 3704 prius
729 3634 861 3690 mihi
913 3637 1131 3704 quando
1185 3646 1240 3692 et
1296 3638 1439 3694 unde
1481 3648 1536 3694 et
1580 3640 1851 3708 quomodo
1892 3639 2035 3695 Dens

458 3728 719 3798 Spiritum
773 3728 990 3791 habeat,
1045 3737 1171 3782 tunc
1215 3736 1271 3782 et
1302 3730 1393 3791 tibi
1444 3743 1709 3800 exponam
1740 3734 2032 3802 quomodo,

456 3830 583 3874 ante
623 3834 785 3890 omne
810 3820 1132 3890 principium
1178 3820 1319 3876 Dens
1349 3821 1544 3878 Filium
1577 3825 1847 3894 genuerit.
1885 3824 2038 3881 Sicut

458 3913 604 3969 enim
631 3922 685 3967 tu
708 3910 874 3966 Deum
899 3912 1101 3981 Deique
1123 3911 1383 3982 Spiritum
1418 3929 1523 3970 non
1542 3916 1692 3970 dicis
1718 3917 1853 3971 duos
1882 3916 2034 3979 deos,

461 4004 534 4058 ita
586 4017 685 4057 nec
725 4016 825 4070 ego
876 4000 1111 4068 Patrem,
1151 4002 1345 4058 Filium
1387 4013 1443 4059 et
1476 4003 1737 4075 Spiritum
1788 4017 2037 4062 sanctum

462 4107 574 4152 tres
601 4112 848 4166 nuneupo
879 4096 1032 4161 deos,
1056 4097 1198 4152 absit
1238 4098 1401 4155 sane!
1447 4098 1554 4154 Sed
1585 4099 2039 4167 quemadmodum
2084 4118 2087 4119 ν

2137 3369 2349 3433 στιανὸς
2380 3367 2725 3439 ἀπεριέργως
2770 3364 2866 3417 καὶ
2907 3358 3330 3431 ἀνερμηνεύτως
3358 3353 3610 3428 ὁμολογῶ
3635 3355 3725 3406 τὸν

2135 3461 2263 3515 Υἱὸν
2295 3460 2389 3512 καὶ
2434 3458 2603 3525 Λόγον
2632 3454 2727 3508 τοῦ
2779 3452 2937 3507 Θεοῦ.
2970 3453 3033 3505 El
3060 3452 3118 3504 δὲ
3143 3450 3396 3510 ἀπαιτεῖς
3434 3462 3501 3516 με
3524 3447 3723 3506 εἰπεῖν,

2135 3554 2266 3621 πότε
2300 3552 2395 3606 καὶ
2419 3550 2581 3603 πόθεν
2610 3546 2834 3611 καὶπῶς
2850 3546 3007 3616 ἔσχεν
3028 3543 3153 3598 Υίὸν
3179 3543 3208 3594 6
3225 3537 3513 3602 Θεὸς,είπέ
3542 3555 3637 3608 μοι
3665 3537 3725 3587 σῦ

2138 3645 2353 3715 πρῶτον
2380 3643 2511 3696 πότε
2535 3641 2629 3695 xal.
2657 3639 2821 3692 πόθεν
2856 3638 2952 3692 καὶ
2984 3635 3099 3700 πῶς
3127 3634 3239 3704 ἔχει
3261 3630 3488 3701 Πνεῦμα
3513 3632 3543 3681 6
3573 3628 3727 3689 Θεὸς.

2138 3738 2233 3801 καὶ
2243 3736 2384 3804 λέγω
2403 3751 2481 3787 σοι
2504 3731 2790 3802 κὰγὼπῶς
2806 3729 3161 3802 προανάρχως
3173 3729 3200 3779 6
3215 3724 3345 3787 Θεὸς
3363 3722 3626 3790 ἐγέννησε
3640 3720 3727 3771 τὸν

2140 3828 2289 3883 Υίόν.
2312 3826 2525 3895 Ὥσπερ
2554 3824 2663 3895 γὰρ
2692 3822 2755 3874 σὺ
2780 3821 2841 3888 οξ)
2870 3822 3047 3889 λέγεις
3072 3817 3163 3871 τὸν
3188 3816 3323 3883 Θεὸν
3354 3814 3448 3869 καὶ
3471 3812 3532 3865 τὸ
3557 3809 3727 3865 Πνεῦρ

2145 3939 2219 3993 μα
2247 3919 2340 3972 τοῦ
2361 3916 2496 3971 Θεοῦ
2527 3916 2620 3970 δύο
2650 3915 2826 3979 θεοὺς,
2862 3912 3033 3980 οῦτως
3060 3909 3182 3971 οὐδὲ
3212 3906 3322 3977 εγὼ
3353 3906 3497 3973 λέγω
3510 3902 3728 3972 Πατέρα

2150 4011 2245 4065 καὶ
2267 4010 2394 4063 Υίὸν
2423 4009 2516 4063 καὶ
2540 4009 2694 4076 ἆγιον
2724 4004 2948 4075 Πνεῦμα
2990 4004 3138 4072 τρεῖς
3171 3999 3345 4063 Θεοῦς,
3381 3995 3456 4067 μὴ
3483 3995 3725 4063 γένοιτοι

2156 4103 2299 4157 Ἀλλ’
2339 4102 2529 4171 ὥσπερ
2564 4101 2593 4151 6
2618 4098 2769 4168 ἥλιος
2794 4096 2887 4149 καὶ
2917 4097 2951 4166 ή
2988 4092 3167 4165 θέρμη
3197 4089 3361 4145 αὐτοῦ
3386 4090 3482 4142 καὶ
3511 4089 3546 4157 ὴ
3576 4085 3729 4148 ἀκτὶς

465 4188 547 4243 sol
574 4186 797 4257 ejusque
820 4187 971 4243 calor
997 4197 1051 4243 et
1086 4189 1359 4256 radiorum
1387 4191 1470 4246 vis
1504 4204 1571 4246 ex
1598 4206 1664 4246 eo
1691 4190 2029 4263 progrediens

2145 4196 2474 4269 é'ﬁspxopévn
2509 4193 2569 4258 ἐξ
2597 4190 2790 4257 αὐτοῦ,
2818 4191 2946 4262 τρία
2978 4189 3075 4261 μὲν
3100 4186 3340 4258 ὀνόματά
3369 4186 3498 4246 εἱσι,
3546 4182 3649 4255 μία
3677 4178 3730 4231 δὲ

464 4281 571 4335 tria
600 4280 816 4334 nomina
840 4289 989 4345 sunt,
1024 4296 1130 4336 una
1161 4280 1293 4337 solis
1314 4282 1651 4350 substantia;
1689 4290 1741 4338 et
1760 4283 1901 4337 sicut
1924 4281 2029 4334 ani-

2145 4289 2301 4343 οὑσία
2330 4286 2503 4358 ἡλίουο
2554 4284 2651 4338 καὶ
2682 4283 2872 4355 ὥσπερ
2904 4283 2938 4353 ἡ
2969 4281 3118 4351 ψυχὴ
3146 4280 3240 4333 καὶ
3271 4279 3300 4330 6
3322 4276 3480 4343 λόγος
3529 4275 3631 4327 καὶ
3671 4271 3727 4323 τὸ

468 4386 552 4429 ina
574 4382 627 4427 et
653 4374 789 4428 ratio
805 4385 858 4429 et
873 4390 1069 4445 corpus
1099 4374 1337 4436 hominis
1361 4389 1468 4430 non
1492 4383 1601 4429 tres
1618 4382 1743 4430 sunt
1764 4372 2029 4439 homines;

2149 4379 2310 4450 σῶμα
2337 4377 2432 4431 τοῦ
2460 4374 2751 4447 ἀνθρώπου
2793 4374 2895 4427 οὐκ
2935 4372 3044 4425 εἰσὶ
3087 4372 3235 4441 τρεῖς
3282 4368 3586 4439 ἄνθρωποι·
3641 4362 3730 4417 καὶ

466 4470 523 4519 et
562 4464 703 4519 sicut
740 4466 935 4535 unguis
975 4466 1135 4539 digiti
1166 4481 1289 4522 cum
1322 4481 1445 4528 osse
1488 4473 1543 4522 et
1571 4480 1736 4529 carne
1781 4478 1888 4521 non
1920 4476 2029 4518 sunt

2148 4472 2333 4545 ὥσπερ
2363 4473 2392 4524 ὁ
2423 4468 2549 4533 δνυξ
2578 4468 2671 4523 τοῦ
2695 4466 2958 4523 δακτύλου
3000 4465 3094 4519 καὶ
3117 4463 3179 4516 τὸ
3208 4460 3399 4515 ὀστοῦν
3428 4460 3524 4513 καὶ
3544 4460 3581 4529 ἡ
3600 4454 3729 4527 σὰρξ

466 4562 578 4610 tres
597 4554 780 4626 digiti;
807 4572 872 4613 ac
892 4557 1053 4613 veluti
1091 4558 1245 4617 radix
1265 4567 1321 4613 et
1361 4571 1541 4615 ramus
1570 4571 1636 4612 ac
1675 4556 1802 4612 l'olia
1834 4556 2029 4612 arbori:

2149 4562 2250 4618 οὐκ
2276 4559 2383 4616 εἰσὶ
2409 4561 2559 4631 τρεῖς
2589 4557 2861 4614 δάκτυλοιο
2880 4557 2975 4611 καὶ
3000 4554 3189 4624 ὥσπερ
3283 4550 3404 4622 ῥίζα

466 4653 580 4701 tres
618 4647 842 4704 arbores
881 4666 987 4705 non
1043 4658 1204 4716 sunt;
1260 4656 1317 4705 et
1366 4649 1509 4704 sicut
1536 4647 1726 4703 oculus
1762 4656 1818 4702 et
1842 4647 2029 4718 pupilla

2151 4650 2239 4713 ὅος
2271 4649 2367 4702 καὶ
2390 4648 2450 4702 τὸ
2485 4647 2681 4717 φύλλον
2708 4644 2803 4698 τοῦ
2835 4644 3051 4716 δένδρου
3093 4641 3194 4695 οὐκ
3220 4638 3336 4693 ἐστι
3358 4635 3487 4710 τρία
3513 4635 3723 4704 δένδρε’

471 4742 667 4810 luxque
708 4742 850 4798 oculi
880 4757 988 4797 non
1044 4752 1153 4797 tres
1189 4742 1655 4807 redduntoculos;
1685 4750 1739 4797 et
1758 4742 1899 4796 sicut
1926 4740 2046 4796 fons

470 4843 523 4887 et
547 4833 740 4890 ﬂuvius
785 4834 1041 4903 rivusque
1083 4847 1154 4889 ex
1200 4831 1363 4899 ﬂuvio
1410 4847 1738 4902 promanans
1778 4848 1889 4889 non
1922 4844 2050 4893 sunt

472 4928 708 4996 triplices
739 4927 933 4993 undae;
964 4934 1020 4981 et
1044 4926 1186 4981 sicut
1222 4926 1527 4990 brachium,
1566 4940 1767 4995 carpus
1795 4935 1851 4979 et
1870 4926 2047 4993 palma

474 5036 577 5077 non
612 5026 738 5075 sunt
767 5028 875 5072 tres
917 5032 1135 5083 manus;
1197 5026 1254 5072 et
1284 5017 1425 5071 sicut
1454 5017 1508 5077 in
1542 5018 1679 5071 rubo
1724 5016 1886 5072 Hosis
1930 5028 2053 5075 erat.

472 5129 652 5168 sermo
672 5122 724 5167 et
751 5110 966 5166 ﬂamina
991 5119 1045 5165 et
1092 5109 1183 5180 qui
1236 5109 1587 5179 loquebatur;
1619 5110 2051 5180 etquemadmo-

472 5205 599 5257 dum
652 5204 703 5258 in
754 5202 969 5258 camino
1018 5203 1177 5258 trium
1227 5217 1517 5271 puerorum
1561 5211 1680 5260 erat
1724 5203 1956 5272 hymnus
2002 5212 2058 5259 et

474 5293 688 5350 ﬂamma
714 5303 769 5347 et
802 5308 913 5358 ros,
946 5307 1085 5348 unus
1118 5308 1245 5347 vero
1275 5293 1520 5347 caminus
1570 5306 1720 5358 erat;
1749 5300 1802 5347 et
1826 5294 1968 5349 sicut
2001 5293 2054 5347 in

475 5384 799 5440 numismate
822 5393 906 5439 est
944 5400 1137 5439 aurum
1166 5393 1223 5438 et
1269 5384 1445 5453 imago
1469 5392 1525 5437 et
1572 5382 1853 5451 inscriptio
1895 5382 2059 5450 impe-

476 5477 672 5530 ratoris
698 5516 713 5541 ,
743 5475 819 5530 sic
872 5484 929 5531 et
976 5477 1029 5531 in
1073 5486 1418 5532 sacrosancta
1466 5474 1733 5530 Trinitale
1775 5472 2056 5528 inconfusa

476 5579 560 5622 est
590 5568 717 5619 unio
744 5566 796 5621 in
824 5582 930 5621 una
964 5567 1126 5622 trium
1171 5583 1529 5637 personarum
1565 5570 1798 5634 essentia
1826 5582 1891 5631 ac
1921 5567 2059 5627 divi,-

479 5660 665 5716 nitate.

2154 4741 2249 4807 καὶ
2277 4740 2465 4813 ὥσπερ
2498 4741 2527 4792 6
2581 4737 2859 4808 ὀφθαλμὸς
2887 4736 2982 4791 καὶ
3012 4736 3046 4803 ἡ
3085 4732 3221 4803 κόρη
3253 4729 3347 4785 καὶ
3378 4727 3437 4781 τὸ
3469 4726 3593 4798 φῶς
3642 4722 3727 4777 τοῦ

2153 4830 2430 4907 όφθαλμοῦ
2460 4830 2561 4883 οὐκ
2589 4830 2698 4887 εἰσὶ
2718 4830 2868 4900 τρεῖς
2894 4821 3182 4895 ὀφθαλμοίσ
3202 4820 3295 4874 καὶ
3310 4818 3501 4889 ὥσπερ
3529 4818 3565 4885 ἡ
3592 4813 3731 4907 πηγὴ

2154 4904 2251 4993 καὶ
2275 4923 2304 4975 6
2337 4922 2581 4993 ποταμὸς
2612 4921 2708 4977 καὶ
2735 4921 2764 4972 6
2790 4916 2925 4989 ῥύαξ
2953 4918 2982 4969 6
3008 4916 3073 4967 ὲκ
3087 4911 3181 4965 τοῦ
3206 4907 3476 4981 ποταμοῦ,
3509 4908 3616 4961 οὐκ
3637 4904 3733 4959 εἰσὶ

2155 5017 2282 5092 τρία
2296 5014 2483 5068 ῦδαταο
2518 5013 2612 5069 καὶ
2642 5011 2875 5081 ὥσπερό
2912 5006 3153 5078 βραχίων
3190 5004 3285 5057 καὶ
3316 5002 3345 5053 6
3381 5000 3601 5070 καρπὸς
3639 4998 3722 5092 καῖ

2154 5088 2205 5181 ήή
2236 5108 2465 5177 παλάζμη
2512 5104 2613 5159 οὐκ
2644 5105 2752 5157 εἰσὶ
2780 5102 2929 5173 τρεῖς
2967 5099 3167 5171 χεῖρες
3220 5098 3315 5149 καὶ
3357 5092 3551 5162 ὥσπερ
3579 5095 3616 5163 ἠ
3653 5088 3733 5143 ἐπὶ

2158 5199 2403 5263 Μωσέως
2455 5197 2616 5269 βάτος
2645 5194 2759 5267 εἶχε
2803 5194 2960 5263 λόγον
2993 5190 3087 5246 καὶ
3126 5188 3298 5259 φλόγα
3338 5186 3431 5241 καὶ
3455 5184 3732 5237 λαλοῦντα·

2160 5274 2255 5348 καὶ
2275 5292 2466 5362 ὥσπερ
2500 5293 2535 5360 ἡ
2558 5290 2786 5359 κάμινος
2822 5284 2933 5339 τῶν
2956 5283 3125 5354 τριῶν
3154 5280 3358 5334 παίδων
3406 5271 3554 5347 εἶχεν
3581 5274 3735 5344 ὕμνον

2160 5387 2254 5460 καί
2304 5384 2479 5455 φλόγα
2505 5382 2600 5436 καὶ
2631 5381 2845 5452 δρόσον,
2885 5377 2981 5449 μία
3003 5377 3232 5447 κάμινος
3257 5368 3413 5425 οὖσαο
3442 5370 3541 5423 καὶ
3558 5367 3735 5460 ὥσπερ

2162 5454 2223 5533 ’έδ
2248 5454 2493 5547 νόμισμα
2554 5474 2667 5544 ἔχει
2714 5470 2915 5543 χρυσὸν
2970 5469 3066 5523 καὶ
3114 5465 3297 5519 εἰκόνα
3342 5462 3437 5516 καὶ
3463 5460 3626 5529 λόγον

2166 5545 2449 5639 βασιλέωςο
2481 5566 2653 5628 οὕτως
2679 5565 2737 5617 εν
2766 5564 2831 5633 τῇ
2862 5559 3105 5629 παναγίᾳ
3139 5554 3329 5627 Τριάδι
3357 5550 3663 5621 actim-en;
3706 5545 3732 5595 ἦ

2163 5660 2360 5729 ἕνωσις
2385 5661 2442 5715 ὲν
2468 5654 2884 5729 τρισυποστάτῳ
2914 5652 3013 5723 μιᾷ
3043 5647 3203 5717 οὐσίᾳ
3222 5643 3315 5699 καὶ
3342 5641 3583 5715 θεότητι.

554 5814 571 5846 “
606 5813 750 5873 Psai.
782 5830 896 5887 (ιι,
926 5817 977 5874 5.
1058 5817 1078 5851 ³
1110 5816 1253 5877 Psat.
1297 5834 1357 5880 ιι.
1385 5819 1437 5874 '7.
1518 5820 1538 5851 ⁸
1560 5816 1674 5876 Joel
1700 5835 1759 5882 ιι,
1790 5817 1890 5878 9.3;
1919 5817 2020 5874 isa.
2054 5831 2198 5879 χειν,
2234 5815 2286 5870 5.
