3858 6312
1316 341 1660 402 DlALOGUS
1697 343 1788 400 DE
1827 344 1886 402 S.
1928 345 2322 446 TRINITA‘TE.

3327 368 3436 430 εει

261 456 327 512 ὀ
372 454 678 550 ξαυδαῖος.
733 457 855 513 Κᾶν
907 457 1046 512 εῐπω
1085 457 1220 513 Θεὸν
1274 460 1368 516 τὸν
1418 457 1671 535 Χριστὸν,
1696 464 1758 517 οὐ

1929 466 2175 525 luditur.
2205 471 2426 528 Etiamsi
2476 473 2746 548 Christum
2791 479 3053 537 conﬁtear
3081 481 3250 540 Deum
3289 500 3435 550 esse.

166 550 363 622 Ιτολμῶ
391 534 575 620 λέγειν
601 551 763 605 αὑτὸν
789 550 1072 622 όμοούσιον
1091 552 1186 606 τοῦ
1212 554 1444 626 Πατρός.

264 643 328 696 '0
350 643 590 708 πιστός.
619 643 747 696 Ἐὰν
796 643 933 707 ὅλως
963 643 1231 717 καταδέξῃ
1276 646 1559 716 ὁμολογεῖν
1604 647 1765 702 αὑτὸν

163 732 328 799 Θεὸν,
364 733 657 800 γινώσκεις
687 733 931 804 ἀκριϐῶς
978 735 1074 789 καὶ
1106 737 1512 807 ἀναμφιϐόλως,
1544 739 1628 792 ὅτι
1671 740 1768 794 αὐ-

162 823 267 886 τὸς
310 824 537 892 φωτίζει
569 841 627 878 σε
657 825 744 878 διὰ
780 825 888 878 τῶν
921 825 1082 880 θείων
1137 828 1365 900 Γραφῶν
1408 831 1502 884 καὶ
1552 848 1767 902 προφη-

163 914 307 973 τῶν,
337 917 422 968 ὅτι
453 915 586 979 Θεός
623 917 772 969 ἐστιν
803 918 833 971 ό
879 918 1006 982 Υἱὸς
1040 921 1385 992 προαιὼνιος,
1410 923 1470 976 οὐ
1504 924 1766 994 σχετικῶς

166 1005 360 1069 καθὼς
386 1009 438 1060 οἱ
469 1006 646 1061 λοιποὶ
677 995 974 1080 ἄνθρωποι,
1005 1009 1140 1064 ἀλλὰ
1164 1012 1428 1081 φυσικῶς,
1465 1014 1539 1078 ὡς
1573 1015 1685 1083 φῶς
1705 1017 1768 1069 ἐκ

166 1098 378 1166 φωτὸς,
405 1099 502 1152 καὶ
539 1099 672 1163 Θεὸς
699 1100 764 1153 ὲκ
789 1101 946 1156 Θεοῦ.
978 1101 1116 1156 Οὔτε
1145 1104 1252 1174 γὰρ
1271 1103 1347 1167 ὡς
1389 1104 1641 1176 Ἀϐραὰμ
1673 1105 1768 1160 καὶ

182 1189 382 1242 Ἰσαὰκ
404 1189 500 1242 καὶ
541 1189 742 1243 Ἰακὼϐ
775 1194 924 1262 τρεῖς
951 1192 1091 1246 εἰσιν
1120 1191 1396 1264 ἄνθρωποι
1435 1195 1496 1259 ἐξ
1523 1195 1768 1266 ἀλλήλων

171 1282 606 1352 μεμερισμένοι,
657 1280 800 1335 οῦτω
843 1281 1081 1352 λέγομεν
1107 1284 1328 1353 Πατέρα
1374 1285 1470 1338 καὶ
1496 1285 1625 1338 Υἱὸν
1677 1288 1770 1340 ml.

166 1375 334 1441 ἆγιον
367 1371 613 1443 Πνεῦμα.
638 1372 776 1427 Οὔτε
805 1371 993 1444 ὥσπερ
1021 1377 1171 1443 τρεῖς
1198 1374 1479 1444 λαμπάδες
1506 1376 1771 1447 διῃρημέ·

165 1479 288 1528 ναι,
321 1462 354 1533 ἢ
400 1466 553 1533 τρεῖς
592 1462 774 1516 στῦλοι
806 1462 1224 1534 κεχωρισμένοι,
1262 1465 1295 1534 ἢ
1337 1465 1524 1537 ὥσπερ
1553 1465 1771 1537 Μιχαὴλ

168 1559 276 1609 καὶ
308 1554 572 1627 Γαϐριὴλ,
627 1554 800 1619 οῦτως
843 1556 1138 1626 ἀπέχουσιν
1168 1557 1414 1628 ἀλλήλων
1444 1557 1634 1629 Πατὴρ
1678 1561 1771 1612 καῖ

171 1649 330 1712 Υἱός·
366 1647 493 1702 οὔτε
527 1648 716 1719 ὥσπερ
745 1647 914 1718 Ἀδὰμ
946 1649 1242 1722 γεγέννηκε
1271 1650 1362 1703 τὸν
1395 1651 1581 1713 Ἀϐελ,
1602 1651 1774 1716 οὕτως

169 1743 207 1795 ὸ
236 1739 372 1803 Θεὸς
406 1739 709 1810 γεγέννηκε
755 1740 885 1794 Υἱὸν
943 1741 1307 1812 ὲκπορευτῶς,
1370 1741 1466 1794 καὶ
1509 1742 1768 1810 ρευστῶς,

1864 557 2011 614 Patri
2041 569 2218 616 tamen
2249 564 2760 622 consubstantialem
2801 585 2907 626 non
2943 573 3114 628 ausim
3145 573 3435 630 allirmare.

1937 650 2293 708 Christianus.
2326 655 2382 710 Si
2410 657 2632 714 omnino
2677 675 2799 714 eum
2832 662 3030 732 recipis
3065 664 3137 719 ita
3172 675 3229 720 ut
3264 665 3434 721 Deum

1865 741 2196 808 conﬁtearis,
2239 761 2431 802 nosces
2455 758 2707 804 accurate
2755 761 2809 804 et
2845 753 3122 808 evidenter
3151 757 3293 825 quod
3321 755 3438 826 ipse

1869 842 1922 888 te
1953 848 2049 902 per
2087 850 2272 890 sacras
2297 837 2602 906 Scripturas
2625 849 2678 896 et
2714 857 2812 911 per
2850 846 3139 914 prophetas
3165 848 3442 903 illuminav-

1869 923 1968 986 bit,
1991 923 2170 994 sitque
2205 925 2346 982 Deus
2377 927 2547 986 Filius
2569 941 2831 995 aeternus,
2855 949 2959 988 non
2988 951 3084 1006 per
3121 937 3434 994 relationem

1867 1016 2006 1071 sicut
2026 1018 2203 1073 caeteri
2228 1017 2490 1089 homines,
2524 1023 2616 1077 sed
2652 1037 2745 1092 per
2786 1033 3053 1093 naturam,
3084 1037 3139 1082 ut
3169 1028 3348 1084 lumen
3373 1031 3443 1084 de

1870 1109 2088 1176 lumine,
2116 1119 2170 1166 et
2204 1111 2343 1167 Deus
2375 1126 2440 1166 ex
2492 1113 2619 1170 Deo.
2653 1115 2768 1172 Non
2801 1118 2942 1173 enim
2977 1119 3115 1174 sicut
3141 1119 3437 1186 Abraham,

1871 1202 2020 1256 Isaac
2048 1211 2102 1256 ct
2124 1199 2289 1258 Iacob
2321 1213 2432 1259 tres
2462 1215 2588 1260 sunt
2613 1206 2856 1264 homines
2888 1224 2952 1265 ex
2987 1209 3219 1265 invicem
3247 1211 3439 1265 distin-

1871 1293 2071 1357 cti,sic
2097 1291 2334 1359 Patrem,
2383 1293 2576 1350 Filium
2617 1307 2671 1352 et
2701 1297 2958 1368 Spiritum
3005 1311 3253 1354 sanctum
3304 1301 3439 1356 dicio

1871 1399 2024 1450 mus;
2062 1401 2236 1456 neque
2280 1397 2337 1442 ut
2370 1397 2480 1444 tres
2513 1389 2748 1446 lucernae
2789 1391 3076 1457 distincta,
3101 1403 3192 1447 aut
3218 1402 3325 1449 tres
3348 1408 3439 1448 se-

1871 1481 2072 1544 parataa
2104 1474 2396 1542 columnae;
2424 1491 2598 1546 neque
2622 1478 2760 1534 sicut
2789 1478 3010 1535 Michael
3036 1480 3340 1550 etGabriel‘,
3366 1482 3443 1537 ita-

1873 1566 2101 1621 invicem
2126 1565 2353 1635 sejuncti
2395 1579 2521 1622 sunt
2561 1568 2719 1623 Pater
2749 1579 2814 1633 et,
2839 1569 3044 1634 Filius;
3074 1587 3245 1641 neque
3301 1574 3415 1628 situ

1872 1655 2041 1711 Adam
2070 1657 2291 1713 Abelem
2319 1661 2523 1728 genuit,
2560 1659 2632 1714 ita
2666 1661 2806 1716 Deus
2843 1663 3026 1733 genuit
3065 1663 3258 1718 Filium
3296 1677 3433 1720 utet

1874 1762 1932 1802 se
1955 1749 2326 1818 egrederetur,
2366 1748 2630 1817 elllueret,
2673 1753 2923 1807 seminali
2965 1763 3013 1808 et
3049 1756 3312 1824 corporali
3354 1770 3441 1809 ra-

176 1831 452 1903 σπαρτῶς
508 1832 600 1884 καὶ
649 1832 1004 1901 σωματικῶς.
1035 1832 1250 1904 ἄπαγεῑ
1307 1833 1382 1885 Οὐ
1435 1832 1542 1904 γὰρ
1583 1833 1770 1905 ὥσπερ

1888 1815 2043 1891 lione.
2075 1837 2288 1908 Apage!
2330 1837 2449 1895 Non
2495 1815 2638 1894 enim
2686 1836 2825 1896 sicut
2859 1854 2956 1912 ego
2991 1815 3160 1912 prior-
3177 1858 3295 1898 sum
3335 1845 3444 1901 lilio

177 1923 507 1994 προτερεύω
536 1921 648 1993 ἐγὼ
682 1923 776 1976 καὶ
816 1922 1016 1994 μείζων
1060 1923 1176 1994 εἰμὶ
1193 1921 1286 1976 τοῦ
1311 1923 1444 1993 ἐμοῦ
1468 1924 1771 2009 υἱοῦ,ιοῦτω

173 2017 279 2070 καὶ
303 2017 333 2068 ὅ
363 2014 558 2085 Πατὴρ
611 2015 707 2069 καὶ
756 2014 888 2077 Θεὸς
918 2015 1261 2084 προῦπάρχει
1302 2013 1394 2067 τοῦ
1445 2013 1600 2069 Υἱοῦ.
1631 2015 1770 2068 Ἀλλ’

177 2107 304 2177 ἅμα
338 2106 556 2176 Πατὴρ,
595 2105 712 2175 ἅμα
744 2103 894 2166 Υἱὸς,
925 2103 1000 2166 ὡς
1036 2103 1153 2174 ἅμα
1182 2104 1365 2176 ἡμέρᾳ
1393 2104 1455 2157 τὸ
1486 2107 1621 2174 φῶς.
1662 2104 1773 2159 Kal.

172 2217 378 2288 ὥσπερ
405 2217 522 2287 ἅμα
555 2217 588 2287 ἠ
623 2217 807 2288 ἡμέρα
847 2217 943 2270 καὶ
966 2218 994 2270 ό
1017 2218 1167 2288 ἥλιος
1209 2218 1303 2271 καὶ
1331 2218 1391 2270 τὸ
1411 2218 1548 2287 φῶς,
1601 2218 1775 2283 οὕτως

177 2311 307 2378 ἅμα
345 2309 542 2380 Πατὴρ
584 2309 680 2361 καὶΙ
718 2309 845 2372 Υἱὸς
870 2311 964 2362 καὶ
991 2311 1053 2363 τὸ
1077 2309 1321 2382 Πνεῦμα.
1346 2312 1457 2363 Καὶ
1484 2309 1559 2382 μὴ
1591 2311 1771 2383 εἴπῃς,

176 2399 312 2462 Πῶς
339 2401 448 2451 εἱσι
470 2397 680 2463 ταῦτα;
709 2399 849 2470 ὑπὲρ
882 2399 990 2471 γὰρ
1013 2401 1072 2453 τὸ
1103 2400 1220 2475 πῶς
1240 2400 1437 2455 ταῦτα.
1464 2402 1556 2470 Μὴ
1581 2401 1772 2474 εἴπῃς,

175 2488 334 2558 Ποὶῳ
369 2489 588 2560 τρόπῳ;
629 2489 769 2560 ὑπὲρ
815 2487 925 2560 γὰρ
974 2489 1197 2560 τρόπον,
1239 2489 1330 2542 τοῦ
1360 2489 1495 2543 Θεοῦ
1533 2491 1560 2543 ὁ
1595 2492 1772 2555 τόκος.

177 2579 280 2650 Μὴ
321 2578 508 2650 εἴπῃς,
539 2578 684 2649 Ποίῳ
711 2578 887 2649 λόγῳ;
928 2581 1067 2650 ὑπὲρ
1104 2580 1259 2650 λόγον
1287 2585 1316 2634 ό
1345 2582 1540 2650 Λόγος.
1563 2581 1654 2653 Μὴ
1676 2580 1776 2654 ζη-

176 2685 289 2734 τει,
325 2669 476 2739 Ποῖῳ
506 2669 718 2740 χρόνῳ;
753 2670 894 2741 ὑπὲρ
941 2671 1050 2742 γὰρ
1095 2670 1284 2744 χρόνον
1325 2672 1354 2724 ὅ
1394 2671 1640 2742 ἄχρονος.
1682 2673 1774 2744 Μὴ

181 2759 380 2830 εἴπῃς,
423 2759 514 2812 Ἐν
551 2760 690 2830 ποίῳ
738 2761 924 2832 τόπῳ;
953 2761 1094 2834 ὑπὲρ
1115 2761 1222 2833 γὰρ
1254 2763 1437 2816 τόπον.
1468 2763 1561 2834 Μὴ
1603 2763 1776 2835 ζήτει,

191 2851 292 2903 Ἐν
341 2852 475 2922 ποίει
519 2851 698 2922 ἀρχῆς
735 2852 876 2922 ὑπὲρ
921 2852 1095 2923 ἀρχὴν
1141 2852 1309 2925 γάρὴ
1340 2855 1575 2926 ἄναρχος
1607 2856 1775 2928 ἀρχή.

183 2942 504 3014 Προσκῦνει
542 2941 676 2995 Θεὸν
713 2942 788 3013 μὴ
835 2943 1072 3013 ἐρευνῶν
1103 2943 1255 2998 Θεόν.
1303 2944 1584 3015 Ὀμοηγει
1607 2948 1779 3001 Πατέ-

186 3052 284 3106 ρα,
314 3033 456 3088 ἀλλὰ
485 3033 560 3105 μὴ
584 3032 739 3105 ζήτει
770 3034 831 3088 τὸ
857 3037 1090 3107 πρᾶγμα
1114 3034 1212 3090 τοῦ
1233 3037 1376 3091 κατὰ
1414 3037 1546 3092 Θεὸν
1571 3055 1777 3111 μυστη-

189 3129 333 3200 ρίου.
367 3127 602 3222 Ilio-reus
628 3129 709 3191 εἰς
736 3128 886 3192 Υἱὸν,
927 3131 1003 3200 μὴ
1031 3128 1296 3200 ψηλαφῶν
1317 3130 1408 3222 ξτὺν
1433 3131 1636 3222 τρᾷπον
1681 3132 1779 3222 τῆς
1805 3159 1853 3222 c

186 3217 543 3289 προανάρχου
604 3221 933 3288 γεννήσεως.
983 3220 1236 3291 ’Δνύμνει
1282 3220 1343 3274 τὸ
1399 3221 1643 3292 Πνεῦμα,
1707 3221 1780 3293 μὴ
1816 3217 1872 3302 ί

187 3307 673 3380 πολυπραγμονῶν
703 3309 763 3362 τὸ
787 3311 972 3380 χρῆμα
1000 3311 1099 3380 τῆς
1127 3311 1526 3382 ὲκπορεύσεως.
1563 3313 1784 3383 Μυστή-

191 3418 312 3472 ριον
332 3400 444 3471 γὰρ
477 3401 1028 3472 καταλαμϐανόμενον
1061 3403 1244 3456 οὐκέτι
1285 3403 1434 3474 μένει
1465 3405 1779 3474 μυστήριονο

192 3493 306 3545 πᾶν
338 3493 399 3544 δὲ
420 3492 482 3545 τὸ
537 3493 612 3563 μὴ
659 3492 720 3545 ὸν
757 3494 1074 3564 μυστήριον,
1096 3493 1247 3547 οὐδέν
1283 3496 1402 3547 ἐστι
1437 3494 1787 3564 θαυμαζόμε-

192 3599 305 3637 νον.
327 3583 498 3637 Ὅσον
520 3580 614 3638 οῦν
637 3585 925 3655 ἐρευνᾶται
947 3585 1099 3652 Θεὸς,
1117 3585 1371 3642 τοσοῦτον
1392 3586 1550 3642 πλέον
1577 3589 1786 3657 ἀγνοεῖ-

116 3712 126 3724 .
193 3691 290 3728 ται
347 3673 448 3727 καὶ
477 3673 800 3745 κρύπτεται’
847 3675 942 3728 καὶ
968 3675 1092 3729 ὅσον
1124 3676 1522 3731 καταδιώκεται
1574 3679 1666 3732 καὶ
1697 3679 1785 3745 ἐξ-

195 3767 518 3837 ερευνᾶται.
556 3763 814 3818 τοσοῦτον
840 3765 1000 3818 πλέον
1033 3767 1094 3819 οὐ
1134 3767 1632 3839 καταλαμϐάνεται,
1665 3769 1788 3822 οὐδὲ

197 3854 560 3926 φανεροῦται⁹
597 3857 693 3909 καὶ
713 3856 837 3909 ὅσον
870 3856 1208 3927 ψηλαφᾶται,
1242 3859 1480 3928 τοσούτῳ
1523 3859 1684 3913 πλέον
1726 3860 1786 3914 οὐ

199 3947 472 4016 φθάνεται
517 3946 639 3999 οὐδὲ
673 3946 1006 4018 εὑρίσκεται.
1042 3949 1250 4012 Πάντες
1283 3950 1332 4002 οἱ
1380 3949 1514 4002 Θεὸν
1561 3951 1788 4020 ἐρευνή-

201 4053 423 4100 σαντες,
475 4037 635 4091 σκιὰν
664 4038 936 4109 κρατῆσαι
991 4038 1330 4093 ἐσπούδασαν
1351 4055 1364 4068 ·
1401 4040 1495 4094 καὶ
1521 4041 1636 4093 ὅσοι
1659 4040 1790 4094 Θεὸν

203 4127 404 4200 μαθεῖν
449 4127 800 4199 ἐδοκίμασαν,
847 4127 1080 4198 ἀνέμους
1131 4129 1452 4182 ἀποκλεῖσαι
1502 4132 1560 4183 ὲν
1608 4129 1792 4200 κόλπῳ

195 4219 502 4292 ἠθέλησαν·
531 4220 621 4272 καὶ
647 4220 764 4272 ὅσοι
795 4219 1122 4274 καταλαϐεῖν
1153 4219 1250 4289 τὴν
1292 4220 1521 4291 θεότητα
1544 4222 1796 4292 νομίζου-

202 4327 312 4376 σιν,
349 4309 601 4363 ἐνύπνιον
645 4309 738 4363 καὶ
767 4310 1068 4378 φαντασίαν
1097 4310 1406 4381 κατέχουσι·
1433 4313 1527 4365 xal.
1557 4313 1669 4364 ὅσοι
1697 4311 1794 4381 βα-

202 4400 368 4456 θῦναι
389 4401 523 4472 περὶ
542 4400 677 4454 Θεοῦ
711 4401 923 4470 φύσεως
960 4401 1237 4472 ἐνόμισαν,
1271 4403 1350 4464 εἰς
1377 4402 1615 4472 αἱρέσεις
1641 4403 1796 4474 ἐτρά-

1877 1945 2000 1988 meo
2027 1932 2325 2003 majorque,
2354 1935 2424 1988 ita
2455 1943 2510 1990 et
2538 1934 2698 1990 Pater
2727 1945 2780 1992 et
2805 1937 2947 1994 Deus
2977 1949 3058 1993 est
3076 1946 3198 1996 ante
3224 1937 3442 1994 Filium.

1880 2019 1985 2075 Sed
2021 2020 2181 2076 simul
2236 2023 2416 2088 Pater,
2479 2024 2636 2078 simul
2667 2025 2854 2093 Filius,
2911 2037 2966 2081 ut
2998 2028 3154 2082 simul
3184 2043 3306 2082 cum
3358 2028 3446 2082 die

1878 2111 1998 2179 lux;
2053 2124 2110 2168 et
2161 2115 2609 2183 quemadmodum
2655 2117 2815 2172 simul
2845 2118 2982 2183 dies,
3015 2119 3094 2174 sol
3128 2130 3180 2174 et
3225 2120 3336 2186 lux,
3365 2122 3444 2174 sic

1880 2203 2037 2258 simul
2077 2213 2203 2260 sunt
2261 2195 2442 2271 Pater,
2473 2207 2639 2262 Filius
2681 2219 2736 2262 et
2775 2208 3027 2278 Spiritus.
3081 2209 3191 2266 Nec
3220 2210 3445 2277 dixeris,

1881 2293 2161 2361 Quomodo
2185 2293 2337 2349 haec?
2359 2305 2485 2350 sunt
2507 2297 2650 2350 enim
2675 2311 2832 2364 supra
2853 2297 3088 2352 modum.
3111 2294 3187 2350 Ne
3216 2296 3446 2358 dixeris.

1882 2387 1996 2452 Qua
2032 2385 2272 2442 ratione?
2303 2401 2462 2456 supra
2526 2387 2792 2442 rationem
2829 2388 2970 2442 enim
3026 2386 3117 2441 Dei
3149 2386 3444 2453 generatio.

1882 2475 1960 2532 Ne
1988 2477 2155 2542 dicas,
2199 2478 2314 2544 Quo
2347 2479 2606 2534 consilio?
2644 2480 2870 2536 consilio
2915 2479 3162 2550 superius
3191 2477 3285 2533 Dei
3316 2479 3449 2534 Ver-

1885 2570 2031 2624 hum.
2064 2567 2142 2624 Ne
2169 2584 2398 2638 qumras,
2440 2569 2557 2638 Quo
2588 2571 2862 2640 tempore?
2891 2587 3050 2642 supra
3075 2580 3281 2640 tempus
3303 2571 3446 2626 enim

1883 2661 1974 2730 qui
2010 2660 2266 2729 temporis
2289 2676 2486 2730 expers
2517 2672 2602 2717 est
2631 2670 2687 2716 et
2717 2671 2969 2717 aeternus.
2995 2660 3070 2717 Ne
3106 2662 3277 2731 dicas,
3307 2662 3452 2729 Quo-

1884 2764 2007 2805 nam
2042 2749 2194 2804 loco?
2242 2765 2363 2803 nam
2389 2759 2469 2804 est
2497 2767 2659 2820 supra
2696 2752 2898 2806 locum.
2923 2749 3003 2806 Ne
3034 2751 3278 2821 quazrito,
3304 2751 3453 2819 Quo-

1885 2857 2009 2897 nam
2049 2842 2354 2912 principio?
2392 2857 2552 2913 super
2584 2844 2907 2914 principium
2941 2845 3087 2899 enim
3133 2854 3217 2900 est
3262 2859 3457 2900 carens

1885 2932 2147 3003 principio
2208 2934 2550 3003 principimn.
2607 2935 2790 2989 Adora
2865 2935 3054 3000 Deum,
3097 2950 3163 2989 ne
3209 2945 3454 3002 scrutare

1884 3025 2074 3080 Deum.
2106 3024 2380 3081 Confitere
2405 3025 2644 3088 Patrem,
2673 3026 2767 3080 sed
2792 3041 2859 3081 ne
2896 3026 3121 3096 quaerito
3162 3025 3326 3081 divini
3358 3041 3455 3080 na-

1887 3124 2061 3191 turam
2087 3117 2347 3187 mysterii.
2379 3116 2550 3172 Crede
2577 3119 2630 3171 in
2663 3117 2876 3184 Filium,
2921 3133 3020 3172 nec
3049 3117 3296 3172 manibus
3336 3118 3453 3194 pal-

1884 3221 2011 3276 pare
2029 3207 2250 3264 institue
2271 3208 2486 3264 modum
2513 3218 2728 3264 aeternae
2758 3210 3141 3280 generationis.
3169 3209 3300 3264 Nam
3337 3226 3455 3281 my-

1883 3299 2108 3354 sterium
2148 3299 2193 3354 si
2226 3301 2700 3368 comprehenditur
2739 3317 2844 3356 non
2875 3301 3106 3372 amplius
3135 3298 3456 3373 mysterium

1885 3397 2092 3453 manet,
2124 3388 2382 3458 quidquid
2413 3404 2540 3444 vero
2591 3391 2913 3460 mysterium
2950 3405 3054 3445 non
3105 3401 3206 3454 est,
3250 3391 3303 3445 id
3347 3407 3453 3445 non

1885 3477 2116 3547 amplius
2137 3479 2418 3532 miramur.
2439 3463 2857 3550 Quanto—magis
2889 3480 3051 3550 igitur
3081 3491 3328 3534 naturam
3357 3480 3451 3534 Dei

1885 3571 2166 3635 scrutaris,
2226 3578 2376 3626 tanto
2435 3571 2605 3642 magis
2673 3571 2954 3642 ignoratur
3010 3570 3454 3641 occultaturque;

1887 3675 1996 3730 quo
2023 3661 2192 3732 magis
2234 3676 2360 3716 eum
2401 3661 2700 3731 insequeris
2732 3669 2787 3716 et
2811 3663 3074 3732 exquiris,
3104 3671 3252 3717 tanto
3281 3661 3458 3716 minus

1888 3753 2366 3817 comprehenditur
2428 3761 2484 3807 et
2543 3752 2960 3819 manifestatur;
3023 3765 3225 3824 quanto
3288 3753 3460 3822 magis

1889 3845 2104 3899 conaris
2139 3859 2260 3898 eum
2289 3846 2536 3900 manibus
2572 3846 2814 3914 palpare,
2848 3855 2996 3900 tanto
3023 3845 3467 3915 apparetminus,

1890 3936 2178 4007 minusque
2201 3939 2488 4008 reperitur.
2512 3936 2714 3994 Omnes
2748 3946 3009 4007 quotquot
3038 3937 3268 3992 scrutari
3292 3937 3458 3991 Deum

1891 4029 2131 4099 aggressi
2180 4039 2326 4095 sunt,
2353 4028 2596 4084 umbram
2621 4016 3082 4100 comprehendere
3105 4029 3459 4093 studuerunt;

1891 4131 1945 4178 et
1977 4131 2241 4192 quotquot
2293 4121 2386 4176 Dei
2438 4132 2686 4176 naturam
2721 4121 3073 4176 instituerunt
3121 4129 3459 4189 perspectam

1895 4213 2120 4277 habere,
2159 4221 2344 4267 ventos
2382 4213 2501 4267 sinu
2551 4212 2874 4267 concludere
2912 4209 3229 4272 voluerunt;
3265 4208 3463 4276 quique

1895 4306 2209 4361 existimant
2235 4306 2567 4359 divinitatem
2595 4320 2654 4360 se
2682 4304 3158 4372 comprehendere,
3192 4300 3460 4355 somnium

1895 4407 1951 4454 et
1981 4397 2419 4465 imaginationem
2450 4396 2880 4464 amplectuntur;
2911 4403 2966 4447 et
2997 4394 3087 4462 qui
3113 4393 3178 4445 ad
3200 4390 3462 4460 profunda

203 4507 414 4562 πησαν’
470 4492 565 4545 καὶ
609 4492 734 4545 ὅσοι·
767 4491 902 4546 Θεοῦ
949 4490 1197 4560 λέγουσιν
1244 4493 1331 4548 ὅτι.
1355 4492 1617 4560 ἔφθασαν,
1671 4493 1784 4546 οὐδὲ

1897 4495 2105 4542 naturae
2128 4485 2219 4539 Dei
2254 4484 2352 4538 visi
2370 4492 2496 4538 sunt
2525 4484 2624 4537 sibi
2653 4493 2990 4553 penetrasse,
3028 4481 3082 4534 in
3117 4479 3348 4533 haereses
3380 4477 3464 4530 in-

205 4581 424 4651 ρανίὸος
477 4581 544 4634 ὲκ
586 4582 769 4654 πάσης
825 4585 924 4652 τῆς
977 4582 1216 4662 ὀιϐύσσου
1273 4583 1604 4654 ἐκράτησαν,
1659 4581 1784 4636 ἀλλὰ

1899 4579 2174 4641 ciderunt;
2202 4584 2256 4630 et
2293 4575 2384 4644 qui
2431 4575 2595 4629 Deum
2628 4587 2687 4629 se
2729 4574 2880 4627 aiunt
2907 4580 3204 4632 assecutos,
3252 4584 3318 4623 ne
3347 4576 3466 4638 gut-

205 4671 374 4726 σκιὰν
404 4671 834 4739 καταδιώξαντες
874 4673 974 4726 οὐκ
1007 4672 1271 4742 ἔφθασαν.

280 4855 480 4918 Πίστις
515 4850 608 4910 οὗν
647 4855 735 4909 διὰ
770 4855 928 4910 τοῦτο
961 4855 1170 4920 ἀκούει,
1204 4857 1286 4909 ὅτι
1320 4856 1428 4919 πᾶς
1456 4854 1484 4908 ὅ
1518 4853 1793 4907 πιστεύων

202 4949 313 5005 οῦκ
348 4947 566 5018 ἐρευνᾷ,
594 4947 670 5010 ὡς
702 4948 749 4998 οἱ
783 4946 1026 5008 ἄπιστοι.
1047 4947 1200 5000 Θεόν.
1233 4949 1346 5001 Καὶ
1375 4947 1427 5000 τί
1454 4945 1600 5015 λέγω
1621 4945 1795 5009 Θεόν;

87 5074 92 5077 »
204 5041 339 5100 οὐδὲ
377 5039 450 5092 τὰ
493 5040 589 5092 τοῦ
635 5038 772 5092 Θεοῦ
827 5040 1110 5110 ποιήματα
1173 5038 1483 5111 ἀνθρώποις
1535 5036 1795 5106 εὔληπτα.

207 5132 356 5187 Εἰπὲ
398 5132 510 5203 γάρ
551 5149 642 5201 μοι
695 5132 795 5198 σὺ,
845 5134 874 5184 ὁ
915 5131 1086 5185 θέλων
1131 5132 1420 5202 ὲξερευνᾷν
1462 5131 1556 5184 καὶ
1603 5129 1799 5200 μαθεῖν

210 5224 385 5295 φύσιν
422 5223 580 5288 Θεοῦ,
615 5223 720 5277 ποῦ
749 5223 890 5277 εἰσὶν
915 5226 966 5277 οἱ
1021 5223 1270 5292 ἄγγελοι;
1311 5224 1406 5276 καὶ
1449 5223 1622 5276 ὁποῖοί
1661 5224 1798 5285 alat;

210 5318 319 5371 καὶ
341 5315 472 5368 πότε
513 5316 796 5383 ὲγένοντο;
833 5317 928 5370 καὶ
969 5316 1132 5369 πόθεν
1166 5315 1551 5380 συνίστανται;
1592 5314 1689 5390 καὶ
1712 5313 1800 5367 διὰ

208 5411 267 5464 τι
304 5410 368 5462 οὐ
401 5409 713 5478 φαίνονταις
747 5412 842 5463 καὶ
884 5409 966 5474 τις
998 5412 1152 5464 ἐστιν
1189 5410 1222 5480 ἠ
1272 5408 1431 5477 φύσις
1460 5405 1675 5469 αὺ,τῶν;
1707 5408 1803 5462 καιὶ

211 5500 409 5554 ὁποῖόν
452 5500 569 5552 ἐστι
601 5498 664 5552 τὸ
710 5502 897 5569 σχῆμα
931 5498 1144 5564 αὐτῶν,
1194 5498 1289 5551 καὶ
1325 5499 1358 5568 ἡ
1393 5496 1544 5567 φωνὴ
1589 5493 1800 5561 αὐτῶν,

210 5588 363 5643 κα.ὶὸ
399 5587 629 5659 δρόμος;
660 5587 736 5640 Οὐ
774 5588 935 5658 μόνον
963 5589 1020 5641 δὲ
1055 5589 1186 5660 περὶ
1225 5577 1697 5658 άγγέλωνέρευνῶ
1719 5603 1801 5652 σε,

215 5678 364 5736 ἀλλὰ
397 5678 493 5732 καὶ
532 5680 664 5750 περὶ
689 5678 944 5750 οὐρανοῦ.
983 5681 1172 5734 Ὀποία
1195 5682 1340 5735 ἐστὶν
1363 5721 1379 5746 ,
1419 5679 1542 5734 εἰπέ
1601 5698 1725 5752 μοι,
1769 5682 1802 5751 ἡ

221 5771 396 5846 φύσις
418 5768 606 5838 αὐτοῦ,
640 5771 736 5825 καλ
765 5772 799 5843 ἡ
825 5770 1043 5836 έκτασις
1069 5772 1168 5827 τοῦ.
1194 5773 1460 5839 πλάτους;
1501 5773 1595 5828 καὶ
1638 5773 1801 5826 πόσον

1901 4670 2063 4723 tulam
2087 4669 2302 4739 quidem
2331 4683 2398 4721 ex
2425 4667 2674 4724 universa
2700 4665 2895 4735 abysso
2917 4661 3466 4733 comprehenderunt,

1897 4762 1992 4817 sed
2024 4761 2270 4815 umbram
2305 4758 2576 4829 persecuti
2611 4758 2766 4827 longe
2794 4759 3010 4811 absunt.
3336 4754 3352 4766 ⁶

1969 4851 2154 4921 Itaque
2183 4852 2302 4906 ideo
2337 4850 2469 4905 ildes
2495 4858 2858 4919 nuncupatur,
2900 4848 3042 4916 quod
3074 4844 3318 4916 quisquis
3348 4858 3467 4896 cre-

1900 4943 1977 4999 dit
1998 4944 2307 5013 neutiquam
2330 4949 2601 4997 scrutatur
2633 4944 2828 5003 Deum,
2856 4946 2919 4993 ut
2949 4937 3040 5006 qui
3066 4936 3227 4990 alieni
3289 4950 3316 4988 a
3369 4933 3471 4988 [ide

1901 5045 2049 5092 sunt.
2090 5036 2166 5090 Ac
2213 5035 2343 5104 quid
2372 5034 2492 5089 dico
2539 5033 2705 5088 Deum
2723 5031 2752 5088 ἲ,
2791 5045 2914 5085 nam
2954 5043 3021 5083 ne
3056 5041 3219 5096 opera
3256 5025 3472 5094 quidem

1903 5144 1932 5182 a
1970 5129 2077 5182 Deo
2102 5126 2318 5181 condita
2347 5131 2573 5194 possunt
2601 5124 2668 5177 ab
2695 5121 3004 5176 hominibus
3026 5117 3194 5173 facile
3224 5114 3470 5186 intelligi.

1912 5221 2086 5275 Dicito
2120 5219 2264 5274 enim
2303 5228 2356 5271 tu
2399 5217 2528 5271 mihi
2557 5215 2648 5285 qui
2675 5211 2972 5270 exscrutari
3001 5220 3248 5264 naturam
3283 5208 3374 5262 Dei
3421 5216 3476 5260 et

1908 5321 2242 5384 perspectam
2287 5311 2489 5365 habere
2526 5310 2678 5378 cupis
2705 5347 2722 5374 ,
2765 5306 2980 5361 ubinam
3005 5314 3132 5360 sunt
3175 5303 3373 5371 angeli,
3419 5310 3475 5356 et

1903 5405 2091 5476 quales
2109 5414 2160 5459 et
2185 5405 2400 5473 quando
2416 5401 2543 5458 lacti
2567 5409 2712 5467 sunt,
2735 5409 2896 5469 atque
2912 5399 3054 5454 unde
3077 5397 3392 5457 constitere,
3417 5404 3471 5448 et

1907 5513 2076 5568 quare
2111 5512 2214 5550 non
2253 5505 2569 5560 cernuntur,
2608 5505 2662 5548 et
2703 5507 2946 5564 quasnam
2988 5499 3072 5546 est
3104 5491 3343 5560 ipsorum
3377 5503 3473 5541 na-

1908 5600 2052 5656 tura,
2074 5597 2128 5644 et
2147 5587 2325 5656 qualis
2360 5587 2530 5656 ligura
2560 5586 2798 5656 ipsorum
2813 5593 2870 5639 et
2888 5597 2989 5638 vox
3011 5579 3346 5648 cursusque?
3369 5576 3476 5631 Nec

1906 5681 1972 5734 de
2026 5677 2234 5750 angelis
2276 5665 2454 5732 'solum
2504 5692 2568 5731 ex
2617 5685 2668 5729 te
2703 5688 2963 5744 quaeram,
3009 5671 3103 5726 sed
3133 5679 3188 5725 et
3220 5670 3285 5724 de
3336 5666 3476 5720 cmlo

1908 5786 2141 5842 quoque.
2176 5770 2303 5838 Quae
2335 5779 2450 5837 est,
2495 5769 2583 5825 dic
2624 5767 2793 5836 mihi,
2839 5765 2958 5837 ejus
3001 5775 3232 5828 natura,
3273 5775 3391 5830 qua
3421 5758 3476 5814 in
