3858 6312
421 299 528 356 855

1719 305 2095 366 HIERONYMI
2133 307 2361 366 GRAECI

424 409 588 468 latum
613 415 889 485 expansio,
914 424 1108 484 quanta
1137 416 1407 473 altitudo?
1433 417 1538 474 Sed
1569 420 1694 490 quid
1746 424 1974 478 ctelestia

2085 426 2144 478 τὸ
2165 425 2326 496 bii/oc;
2362 426 2468 481 Καὶ
2487 427 2540 480 τί
2573 426 2718 497 λέγω
2746 426 2814 482 τά
2840 428 3169 500 ὲπουράνιας
3199 429 3446 500 ἔλθωμεν
3470 428 3658 484 λοιπὸν

425 505 575 560 dico?
602 501 999 563 Descendamus
1023 523 1184 577 porro
1211 509 1262 564 in
1286 511 1399 566 lucc
1429 521 1664 580 terrena,
1702 514 1753 569 in
1794 518 1974 586 quibus

2087 517 2235 569 κάτω
2267 519 2346 580 είς
2388 519 2457 571 τά
2489 518 2722 587 ἐπίγεια,
2764 521 2821 572 ἐν
2871 514 2952 582 οἷς
2987 520 3166 590 ζῶμεν
3211 522 3304 574 καὶ
3357 521 3660 590 κινούμεθα

421 595 652 651 vivimus
680 597 777 666 ipsi
811 606 864 652 et
900 613 1177 654 movemur
1202 609 1256 655 et
1280 617 1483 656 sumus.
1519 603 1650 677 Quis
1673 605 1814 661 clare
1841 609 1986 662 novit

425 688 653 757 propriae
687 699 932 743 naturam
981 691 1196 766 animm,
1242 693 1417 763 qualis
1464 695 1555 759 sit,
1614 706 1666 750 et
1717 699 1985 766 quomodo

421 791 542 830 cum
575 792 799 846 corpore
819 763 1146 846 obambulet,
1178 792 1237 841 ei
1265 784 1442 852 qualis
1479 784 1595 855 ejus
1639 763 1808 842 forma
1865 804 1983 858 spc-

419 865 673 935 ciesque,
723 867 809 922 ubi
853 878 1013 938 atque
1065 871 1203 925 unde
1243 875 1525 940 consistat,
1561 885 1612 930 et
1653 879 1924 946 quomodo
1952 894 1982 932 a

417 971 646 1026 corpore
680 960 1004 1028 separetur?
1031 960 1236 1017 Deinde
1260 965 1451 1018 iterum
1481 967 1545 1024 de
1562 982 1786 1038 corpore
1812 969 1984 1037 inqui-

416 1051 641 1104 rendum
673 1066 688 1101 :
717 1051 997 1118 Quomodo
1031 1055 1300 1118 consistit,
1328 1059 1601 1126 quomodo
1648 1059 1980 1126 dissolvitur,

415 1140 688 1210 quomodo
728 1141 922 1197 iterum
959 1145 1211 1214 resurgit,
1247 1155 1300 1201 et
1333 1163 1436 1218 qua
1473 1148 1756 1203 rationein
1795 1165 1981 1204 resur-

419 1231 657 1286 rectione
670 1231 960 1304 colligitur,
983 1244 1038 1290 et
1064 1237 1330 1304 quomodo
1345 1248 1439 1292 aut
1461 1239 1603 1293 unde
1620 1249 1796 1294 exstat
1822 1251 1982 1309 atque

415 1323 470 1375 in
513 1337 676 1376 unum
716 1339 907 1380 rursus
934 1340 1055 1380 cum
1087 1327 1266 1381 anima
1309 1328 1648 1384 restituitur?
1697 1329 1801 1385 Nec
1853 1347 1981 1384 vero

414 1413 648 1469 hominis
689 1423 895 1470 tantum
931 1426 1122 1470 natura
1159 1419 1538 1488 comprehendi
1579 1435 1682 1474 non
1711 1431 1886 1490 potest
1916 1422 1981 1477 ab

415 1504 653 1572 homine,
705 1506 800 1560 sed
845 1521 946 1561 nec
995 1507 1425 1578 quadrupedum,
1462 1510 1846 1580 volucriumve,
1881 1528 1981 1569 ncc

414 1594 664 1662 piscium.
699 1594 876 1651 Dicito
918 1597 1062 1651 enim
1113 1598 1266 1664 mihi,
1326 1599 1417 1668 qui
1464 1602 1644 1656 divina
1697 1589 1977 1668 scrutaris,

413 1688 685 1752 quomodo
719 1696 992 1742 mutarum
1031 1687 1386 1744 animantium
1447 1703 1638 1746 natura
1681 1695 1978 1749 consistit?

2087 605 2181 658 καὶ
2211 606 2395 676 ἐσμέν.
2449 607 2544 670 Τίς
2595 609 2837 677 ἐναργῶς
2887 608 3025 676 ἔγνω
3057 609 3154 677 τὴν
3186 609 3321 661 ἰδίαν
3349 610 3450 678 τῆς
3477 609 3654 679 ψυχῆς

2087 697 2464 767 κατασκευὴν,
2517 698 2675 751 όποία
2720 699 2856 758 ἐστὶ.
2905 699 3138 762 καὶπῶς
3189 701 3651 770 συμπεριέρχεται

2090 788 2226 859 μετά
2255 785 2348 838 τοῦ
2381 786 2650 857 σώματος,
2674 789 2766 840 καὶ
2798 789 2955 842 ὁποία
2988 789 3062 859 τῷ
3097 790 3224 842 εῖδει
3253 792 3387 854 ἐστὶ,
3434 792 3527 843 καὶ
3550 789 3648 842 ποῦ

2085 876 2178 928 καὶ
2211 876 2371 928 πόθεν
2406 877 2737 941 συνίσταται,
2758 879 2852 931 καὶ
2886 879 3002 942 πῶς
3042 880 3328 950 χωρίζεται
3348 879 3444 932 τοῦ
3469 878 3640 946 σώμα-

2083 983 2204 1032 τοςς
2229 966 2361 1022 Εἶτα
2386 968 2544 1024 πάλιν
2572 970 2699 1039 περὶ
2734 968 2981 1040 σώματος
3014 972 3353 1042 ὲρευνητίον,
3382 970 3503 1032 πῶς
3528 986 3666 1020 συν-ο

2086 1065 2325 1129 ίσταταις
2359 1065 2476 1128 πῶς
2504 1064 2807 1131 amcam;
2844 1065 2962 1130 πῶς
2992 1066 3047 1118 δὲ
3073 1067 3386 1130 ἀνίσταται;
3593 1061 3646 1112 δὲ

2079 1154 2266 1225 τρόπῳ
2288 1155 2345 1206 ὲν
2371 1155 2436 1224 τῇ
2471 1155 2761 1208 ἀναστάσει
2786 1154 3080 1222 συνάγεται
3105 1172 3120 1217 ;
3149 1153 3242 1205 καὶ
3275 1153 3394 1208 πῶς
3428 1153 3462 1222 ἢ
3487 1151 3644 1203 πόθεν

2082 1242 2441 1313 παραγίνεται
2482 1244 2577 1296 καὶ
2623 1246 2702 1308 είς
2746 1244 2806 1296 τὸ
2849 1244 2905 1296 ἓν
2942 1240 3095 1306 αὖθις
3153 1244 3290 1314 μετά
3325 1243 3426 1310 τῆς
3473 1241 3646 1310 ψυχῆς

2081 1332 2544 1398 ἀποκαθίσταταις
2573 1334 2646 1387 Οὐ
2691 1333 2853 1403 μόνον
2879 1334 2935 1388 δὲ
2978 1337 3011 1406 ἡ
3037 1335 3129 1386 τοῦ
3161 1334 3448 1404 ἀνθρώπου
3484 1350 3648 1386 κατα-

2082 1425 2247 1492 σκευή
2273 1425 2415 1476 ἐστιν
2441 1425 2989 1495 ἡμῖνάκατάληπτος,
3014 1425 3148 1478 ἀλλά
3171 1427 3263 1478 καὶ
3291 1427 3323 1495 ἡ
3358 1425 3470 1477 τῶν
3497 1424 3647 1487 ζώων

2081 1514 2310 1567 καὶτῶν
2354 1514 2613 1568 πετεινῶν
2661 1516 2753 1568 καὶ
2801 1515 3016 1586 ἰχθύων.
3062 1516 3196 1570 Εἰπὲ
3242 1516 3351 1586 γάρ
3403 1517 3552 1585 μοιό
3581 1515 3647 1566 τὰ

2082 1606 2208 1677 περὶ
2233 1605 2366 1658 Θεοῦ
2398 1607 2630 1677 ἐρευνῶν
2654 1645 2668 1668 ,
2722 1606 2838 1669 πῶς
2871 1609 2905 1677 ἡ
2952 1607 3058 1659 τῶν
3091 1606 3296 1674 ἀλόγων
3342 1605 3505 1673 φύσις
3551 1605 3650 1671 ὑφ-

2080 1692 2305 1762 έστηκε;
2327 1693 2442 1756 πῶς
2463 1692 2636 1764 ψυχὴν
2653 1693 2872 1762 λογικὴν
2899 1697 2973 1764 μὴ
2997 1694 3184 1763 ἔχοντα
3201 1693 3372 1746 ταῦτα
3385 1693 3650 1761 θνήσκουο

413 1777 680 1844 quomodo
720 1779 1024 1834 moriuntur
1057 1781 1251 1850 quibus
1297 1783 1477 1837 anima
1510 1785 1842 1844 rationabilis
1873 1803 1974 1840 non

2083 1800 2168 1848 ut;
2203 1783 2256 1836 τί
2301 1785 2358 1850 ἐξ
2405 1785 2580 1837 αὐτῶν
2613 1787 2670 1838 ἐν
2714 1784 2889 1856 καιρῷ
2928 1783 3016 1837 τοῦ
3045 1784 3274 1837 θανάτου
3316 1783 3648 1853 χωρίζεταις

412 1865 530 1920 est?
562 1866 688 1936 quid
713 1867 781 1922 ab
818 1867 924 1925 illis
955 1871 1142 1926 mortis
1181 1880 1420 1941 tempore
1456 1876 1784 1943 separatur?
1814 1873 1869 1930 Si
1901 1877 1982 1930 di-

415 1956 563 2012 xeris
593 1955 721 2012 mibi
754 1960 987 2014 animam
1013 1961 1424 2023 substantiaiem
1457 1979 1560 2022 non
1589 1967 1812 2022 sortitas
1837 1982 1978 2033 esse,

412 2047 506 2101 sed
528 2049 847 2119 sanguinem
877 2063 965 2104 :at
987 2052 1214 2122 plurima
1239 2053 1492 2109 animalia
1523 2058 1827 2112 moriuntur
1855 2074 1979 2114 san-

411 2137 572 2205 guine
604 2139 750 2194 nullo
769 2141 1036 2200 etllucnte.
1065 2143 1346 2210 Quomodo
1378 2161 1508 2202 vero
1536 2147 1711 2218 pisces
1749 2149 1802 2204 in
1827 2152 1980 2220 aquis

412 2237 641 2295 possunt
666 2233 954 2300 respirare,
997 2243 1051 2290 et
1085 2236 1355 2305 quomodo
1390 2237 1464 2291 illi
1495 2253 1754 2307 aquarum
1790 2250 1979 2296 natura

412 2332 518 2372 non
567 2328 626 2373 ut
672 2330 866 2376 caetera
919 2323 1174 2378 animalia
1229 2323 1611 2381 suti‘ocantur?
1670 2325 1822 2382 Unde
1854 2343 1979 2384 vero

408 2408 610 2462 animal
660 2412 871 2466 ratione
897 2412 1207 2468 destitutum
1243 2415 1286 2470 si
1326 2431 1449 2471 cum
1493 2417 1712 2474 homine
1763 2419 1829 2473 ad
1885 2421 1977 2476 Dei

409 2500 627 2554 condito
655 2500 942 2572 imaginem
977 2505 1322 2574 processerit,
1363 2507 1415 2561 iu
1444 2508 1530 2561 via
1578 2509 1719 2564 inter
1747 2511 1979 2564 redeun-

411 2591 535 2643 dum
569 2591 747 2647 minus
781 2607 966 2648 errare
998 2608 1161 2664 quam
1207 2597 1417 2651 ratione
1437 2599 1696 2669 gaudens,
1742 2609 1795 2654 et
1839 2600 1975 2654 viam

412 2680 605 2736 melius
635 2697 795 2738 nosse
838 2685 1306 2755 deprehenditur?
1335 2687 1490 2744 Unde
1516 2704 1702 2745 rursus
1731 2691 1978 2747 volucres

410 2779 463 2822 et
498 2770 673 2837 pisces
703 2769 941 2841 feraeque
970 2775 1176 2840 bestias,
1209 2777 1405 2846 quibus
1427 2791 1526 2832 nec
1554 2793 1735 2832 sermo
1769 2793 1867 2832 nec
1888 2795 1977 2831 ra-

413 2857 486 2910 tio
515 2867 634 2924 est,
675 2872 851 2929 neque
878 2861 1182 2918 intellectus
1213 2879 1312 2918 nec
1345 2864 1632 2932 judicium,
1675 2866 1979 2937 intelligunt

409 2953 464 2998 et
501 2945 636 3000 retia
665 2947 1270 3020 transiliuntetlaqueos
1293 2952 1612 3024 pedicasque
1632 2957 1980 3012 venatorum?

479 3035 657 3106 Atque
685 3045 746 3091 ut
775 3051 947 3107 porro
963 3040 1192 3111 amplius
1225 3042 1487 3099 vilitatem
1521 3055 1666 3101 tuam
1694 3047 1977 3102 miseram-

407 3141 514 3198 que
545 3130 813 3186 inscitiam
846 3146 1106 3203 agnoscas
1128 3173 1142 3198 ,
1168 3135 1366 3206 rogabo
1397 3144 1450 3192 te
1478 3138 1700 3208 insuper
1732 3149 1785 3194 et
1828 3141 1931 3196 hoc
1957 3158 1970 3195 :

413 3218 506 3274 Dic
535 3220 666 3276 mihi
701 3230 777 3288 tu,
819 3223 911 3294 qui
956 3223 1551 3295 incomprehensibiiem
1583 3227 1862 3284 Factorem
1911 3246 1974 3286 ac

409 3306 576 3363 Deum
618 3325 778 3366 nosse
810 3327 873 3366 ac
916 3313 1128 3368 curiose
1177 3323 1229 3369 te
1275 3320 1509 3372 scrutari
1543 3318 1839 3388 profiteris,
1887 3321 1974 3376 dic

407 3398 538 3454 mibi
587 3401 736 3469 prius
775 3417 894 3472 qua:
944 3414 1027 3459 est
1074 3407 1377 3464 substantia
1426 3409 1644 3478 pulicis,
1697 3420 1750 3467 et
1797 3411 1973 3479 qualis

405 3490 706 3546 substantia
741 3495 934 3549 anima:
965 3496 1104 3565 ejus,
1140 3507 1194 3551 et
1235 3499 1414 3568 qualis
1457 3510 1541 3556 est
1590 3501 1708 3571 ejus
1746 3501 1974 3555 anima?

403 3584 674 3649 quomodo
718 3586 864 3644 citra.
904 3601 1090 3644 semen
1143 3600 1335 3657 Sponte
1391 3592 1644 3646 exsistit?
1703 3595 1972 3661 quomodo

408 3674 668 3728 rationem
716 3683 769 3728 et
809 3676 1127 3744 sapientiam
1181 3693 1302 3732 cum
1337 3681 1575 3746 nesciat,
1624 3683 1766 3737 videt
1797 3684 1972 3737 homi-

406 3777 548 3827 nem,
597 3771 654 3817 et
686 3775 913 3821 mortem
964 3777 1210 3822 metuens
1243 3768 1418 3838 fugit?
1465 3773 1603 3826 unde
1633 3774 1780 3828 novit
1809 3775 1969 3828 morti

404 3868 463 3907 se
486 3855 776 3908 obnoxium
799 3855 952 3910 fore?
977 3857 1173 3926 quibus
1207 3859 1503 3917 ratiociniis
1530 3864 1846 3918 consultat“!-
1870 3881 1971 3918 un-

340 3979 346 3985 -
405 3949 471 4001 clo
509 3947 698 4002 didicit
734 3949 938 4005 hostem
991 3950 1094 4005 sibi
1139 3953 1408 4006 hominem
1444 3955 1600 4008 esse?
1635 3957 1722 4010 ubi
1759 3972 1966 4011 memo-

407 4037 576 4091 rativa
617 4039 736 4106 ejus
765 4041 845 4094 vis
873 4050 928 4094 et
961 4042 1240 4097 collectiva
1291 4045 1517 4100 facultas
1560 4057 1644 4101 est
1693 4049 1971 4116 reposita?

405 4128 526 4196 quis
562 4142 688 4182 vero
718 4128 901 4184 docuit
939 4147 1060 4186 eum
1091 4133 1144 4186 in
1197 4137 1399 4189 suturis
1432 4136 1690 4208 plicisque
1733 4139 1964 4193 vestium

403 4235 462 4274 se
484 4218 816 4276 abscondere
838 4223 866 4276 7-
885 4223 948 4278 Et
969 4239 1076 4294 quo
1114 4227 1332 4281 nomine
1389 4227 1620 4296 pulicem
1653 4244 1965 4299 nuncupare

401 4308 659 4365 debemus
675 4311 766 4380 qui
797 4323 1196 4369 exscrutatores
1219 4316 1518 4370 divinitatis
1535 4332 1656 4372 esse
1682 4320 1967 4374 volumus?

404 4397 635 4468 igiturne
663 4401 1064 4472 quadrupedem
1107 4403 1350 4460 dicemus
1366 4404 1469 4460 i-at
1493 4421 1598 4461 non
1627 4415 1708 4461 est
1728 4411 1966 4476 quadru-

400 4488 783 4561 pes.Bipedem
816 4507 944 4561 ergo
962 4494 1119 4550 ?snon
1151 4495 1454 4566 est.ltaque
1486 4496 1710 4563 reptile?
1739 4514 1842 4554 non
1864 4509 1966 4566 est,

400 4582 494 4634 sed
526 4582 734 4648 animal,
762 4593 865 4662 est.
905 4585 1136 4654 Ideoque
1169 4586 1356 4642 hortor
1383 4603 1818 4659 unumquemque
1870 4592 1964 4660 qui

2087 1875 2180 1928 Ἂν
2222 1875 2379 1950 εἴπῃς
2424 1895 2533 1946 μοι,
2568 1877 2758 1948 Ψυχὴν
2798 1877 3160 1948 ὑποστατικὴν
3202 1877 3299 1928 οὐκ
3328 1875 3649 1944 ἐκτήσαντο,

2083 1966 2216 2027 ἀλλᾶ
2248 1965 2309 2020 τὸ
2346 1963 2502 2038 αἷμα·
2531 1967 2664 2021 ἀλλὰ
2699 1967 2922 2020 πλεῖστα
2951 1967 3062 2031 ζῶα
3087 1967 3271 2037 καὶμὴ
3304 1965 3652 2036 αἱμορῤαγὴ·

2083 2075 2250 2110 σαντα
2306 2058 2617 2128 θνήσκουσι.
2655 2058 2778 2122 Πῶς
2810 2058 2867 2111 δὲ
2906 2058 3065 2111 πάλιν
3120 2058 3168 2109 οἱ
3205 2055 3385 2126 ίχθύες
3432 2057 3489 2106 ὲν
3533 2055 3653 2115 τοῖς

2082 2148 2263 2201 ὕδασιν
2291 2149 2546 2202 ἀναπνεῖν
2574 2149 2823 2202 δύνανται
2847 2165 2861 2212 ;
2893 2150 3009 2212 πῶς
3035 2150 3226 2210 αὐτοὺς
3251 2150 3284 2216 ἡ
3305 2145 3412 2198 τῶν
3439 2144 3652 2197 ὑδάτων

2081 2238 2240 2308 φύσις
2273 2239 2372 2291 οὐκ
2405 2238 2692 2306 ἀποπνίγει
2731 2238 2805 2301 ὡς
2848 2238 2915 2291 τὰ
2949 2238 3116 2306 ἄλογα
3151 2236 3260 2304 (l);
3309 2233 3475 2287 Πόθεν
3501 2231 3558 2284 δὲ
3588 2231 3655 2282 τὸ

2080 2328 2273 2396 ἄλογον
2305 2327 2440 2392 ζῶον
2471 2330 2566 2381 σὺν
2597 2328 2674 2399 τῷ
2704 2330 2823 2382 κατ’
2851 2329 3033 2381 είκόνα
3069 2327 3202 2380 Θεοῦ
3237 2325 3350 2378 όντι
3371 2322 3654 2394 ἀνθρώπῳ

2079 2420 2137 2473 ὲν
2179 2417 2280 2488 όδῷ
2325 2417 2725 2488 ἀπερχόμενον,
2765 2419 2823 2469 ἐν
2861 2417 2939 2486 τῷ
2965 2414 3356 2486 ἐπανέρχεσθαι
3386 2413 3524 2484 ὑπὲρ
3554 2412 3655 2465 τὸν

2077 2507 2294 2576 λογικὸν
2337 2509 2645 2580 εὑρίσκεται
2676 2507 2930 2572 ἀπλανῶς
2960 2508 3057 2576 τὴν
3099 2506 3216 2574 όδὺν
3248 2504 3653 2572 ὲπιστάμενονς

2079 2599 2250 2651 Πόθεν
2287 2599 2343 2651 δὲ
2373 2599 2532 2652 πάλιν
2573 2599 2794 2651 πετεινά
2824 2600 2925 2658 κα).⁴
2952 2598 3129 2668 ἰχθύες
3171 2597 3263 2648 καὶ
3294 2594 3455 2664 θηρία
3503 2594 3652 2662 μήτε

2077 2690 2232 2758 λόγον
2269 2691 2404 2760 μήτε
2430 2691 2686 2760 λογισμὸν
2723 2690 2930 2758 ἔχοντα,
2965 2692 3098 2760 μήτε
3136 2689 3372 2741 διάνοιαν
3406 2687 3496 2738 καὶ
3524 2686 3654 2738 διά-

2078 2798 2281 2852 κρισιν,
2322 2781 2500 2834 νοοῦσι
2534 2783 2627 2835 καὶ
2650 2783 3032 2854 ὑπερϐαίνουσι
3059 2782 3245 2834 δίκτυα
3284 2780 3376 2832 καὶ
3412 2777 3653 2848 παγίότᾶ

2080 2873 2174 2928 καὶ
2197 2870 2510 2942 θηρεύματα
2542 2889 2558 2940 ;

2150 3049 2258 3102 Καὶ
2288 3049 2372 3102 ἵνα
2416 3047 2600 3102 λοιπὸν
2645 3049 2925 3122 ἐπιγνοίης
2970 3050 3060 3103 ἐπὶ
3110 3049 3267 3102 πλέον
3315 3047 3410 3120 τὴν
3445 3045 3662 3100 σαυτοῦ.

2080 3140 2409 3193 ταπείνωσιν
2459 3141 2551 3193 καὶ
2595 3139 2817 3204 ἄγνοιαν
2859 3143 2951 3196 καὶ
2996 3141 3383 3211 ταλαιπωρίαν.
3416 3138 3525 3209 ἐρῶ
3559 3154 3654 3190 σοι

2082 3233 2243 3286 πάλιν
2295 3233 2390 3286 καὶ
2441 3233 2597 3287 τοῦτο
2622 3250 2637 3265 ’
2661 3235 2802 3289 Είπέ
2844 3253 2933 3303 μοι
2962 3235 3046 3295 σὺ.
3073 3235 3102 3285 ὁ
3136 3235 3226 3286 τὸν
3263 3232 3652 3298 ἀκατάληπτον

2083 3323 2315 3393 Ποιητὴν
2353 3325 2447 3376 καὶ
2480 3324 2613 3376 Θεὸν
2656 3325 2963 3394 δοκιμάζων
3000 3326 3190 3394 μαθεῖν
3221 3325 3312 3376 καὶ
3363 3322 3652 3388 πολυπρα-

2079 3419 2319 3485 γμονεῖν,
2338 3415 2460 3484 λέγε
2483 3433 2571 3486 μοι
2589 3415 2822 3488 πρῶτον,
2841 3417 3105 3486 τίίὲστινή
3127 3416 3282 3468 οὐσία
3296 3413 3386 3466 τοῦ
3409 3411 3609 3481 φύλλου
3628 3429 3644 3474 ς

2079 3504 2172 3556 καὶ
2199 3504 2357 3555 ὁποία
2396 3505 2542 3556 ἐστὶν
2566 3507 2598 3574 ἡ
2623 3505 2774 3557 οὐσία
2798 3505 2896 3572 τῆς
2922 3505 3099 3574 ψυχῆς
3124 3503 3285 3557 αὐτοῦ
3307 3521 3320 3566 ;
3346 3504 3440 3556 καὶ
3479 3502 3648 3554 ὁποία

2076 3588 2110 3656 ἠ
2135 3586 2278 3657 ψυχὴ
2308 3588 2495 3652 αὐτοῦς
2526 3590 2620 3642 καὶ
2646 3589 2760 3652 πῶς
2787 3590 2922 3660 αὑτὴ
2946 3591 3071 3643 ἄνευ
3102 3591 3306 3660 σπορᾶς
3322 3589 3650 3656 αὐτομάτως

2081 3677 2422 3744 συνίσταται;
2450 3678 2686 3741 καὶπῶς
2719 3677 2974 3748 λογισμὸν
3006 3679 3038 3748 ἢ
3083 3678 3269 3746 σοφίαν
3303 3676 3376 3746 μὴ
3422 3675 3654 3734 ἐπιστά-

2081 3785 2260 3838 μενος,
2285 3771 2386 3841 ὁρᾷ
2415 3771 2504 3823 τὸν
2535 3769 2819 3839 ἄνθρωπον
2842 3771 2932 3822 καὶ
2964 3768 3152 3837 φεύγει
3188 3768 3516 3836 φοϐούμενος
3545 3765 3650 3817 τδν

2078 3855 2306 3910 θάνατον
2323 3875 2336 3919 ;
2356 3858 2518 3910 πόθεν
2538 3857 2592 3910 δὲ
2606 3853 2765 3922 οἶδεν,
2789 3857 2869 3911 ὅτι
2892 3857 3109 3926 θανάτῳ.
3128 3857 3408 3908 ὑπόκειται
3428 3873 3441 3918 ;
3465 3855 3645 3917 ποίοις

2075 3948 2131 4001 δὲ
2174 3947 2453 4016 λογισμοῖς
2497 3945 2808 4015 βουλεύεται
2836 3963 2849 4011 ;
2881 3945 3043 3998 πόθεν
3077 3944 3294 4014 ἔμαθεν,
3329 3944 3410 3995 ὅτι
3448 3942 3644 4011 ἐχθρὸς

2075 4037 2238 4091 αὑτοῦ
2265 4037 2594 4108 καθέστηκεν
2631 4040 2658 4091 ό
2691 4037 3011 4107 ἄνθρωπος;
3049 4036 3150 4088 ποῦ
3175 4036 3228 4088 δὲ
3267 4037 3300 4105 ἡ
3339 4051 3642 4104 μνημονευ-

2073 4129 2199 4199 τικὴ
2229 4129 2392 4182 αὑτοῦ
2423 4129 2705 4183 ἀπόκειται
2729 4130 2965 4192 διάνοιας
2999 4130 3082 4191 τίς
3105 4129 3158 4181 δὲ
3179 4131 3206 4181 ό
3228 4127 3453 4191 easeas;
3478 4125 3646 4178 αὐτὸν

2073 4221 2132 4273 ὲν
2158 4221 2277 4284 ταῖς
2304 4224 2502 4292 ραφαῖς
2531 4223 2624 4274 καὶ
2659 4221 2948 4274 διπλώσεσι
2991 4221 3094 4273 τῶν
3131 4221 3358 4289 ἱματίων
3404 4219 3647 4290 κρύπτε-

2076 4312 2230 4377 σθαι;
2263 4313 2326 4365 Τί
2361 4312 2415 4365 δὲ
2439 4313 2543 4382 ἄρα
2569 4315 2663 4367 καὶ
2687 4313 2972 4382 ὀνομάζειν
3003 4313 3094 4366 τὸν
3122 4312 3319 4382 ψύλλον
3355 4312 3646 4381 ὀφείλομεν

2071 4403 2183 4456 ὅσοι
2206 4403 2289 4468 ὲξε
2300 4404 2552 4476 ρευνηταὶ
2577 4405 2676 4474 τῆς
2707 4403 2956 4475 θεότητος
2981 4423 2994 4467 ;
3018 4399 3162 4474 'Apa
3190 4403 3518 4473 τετράποδον
3538 4405 3643 4457 αὑ-

2024 4491 2036 4506 ⁷
2070 4494 2160 4547 τὸν
2188 4495 2413 4565 εἴπομεν
2439 4513 2452 4560 ;
2480 4494 2593 4548 ἀλλ’
2626 4495 2725 4549 οὐκ
2751 4495 2915 4548 ἔστιν.
2942 4491 3087 4564 ’Δρα
3115 4495 3358 4560 δίποδον;
3400 4495 3513 4547 ἀλλ’
3537 4494 3642 4547 οὐκ

2069 4585 2234 4650 ἐστιν.
2266 4582 2412 4658 τΑρα
2451 4587 2713 4658 ὲίρπετόνς
2762 4587 2878 4640 ἀλλ’
2915 4587 3014 4638 οὐκ
3057 4586 3238 4649 ἐστιν,
3287 4586 3424 4639 ἀλλά
3476 4584 3636 4648 ζῶον.

398 4672 535 4726 velit
582 4671 685 4728 Dei.
734 4684 984 4736 naturam
1029 4678 1406 4746 commentari,
1459 4687 1514 4732 ut
1552 4681 1700 4750 prius
1735 4681 1971 4752 explicet

2079 4677 2158 4728 Διὸ
2199 4677 2500 4748 παρακαλῶ
2538 4680 2716 4731 πάντα
2759 4677 2850 4730 τὸν
2897 4676 3123 4738 θέλοντα,
3164 4676 3501 4744 φυσιολογεῖν
3544 4673 3641 4727 τὸν

400 4772 651 4817 naturam
689 4766 997 4834 parvissimi
1037 4766 1228 4837 pulicis
1253 4807 1268 4832 ,
1327 4768 1554 4838 ejusque
1604 4772 1966 4826 conditionem

2079 4765 2220 4825 Θεὸν.
2256 4767 2642 4838 φυσιολογῆσαι
2675 4768 2826 4837 ἡμῖν.
2844 4767 2948 4838 πρὸ
2969 4765 3063 4819 τοῦ
3084 4764 3242 4830 Θεοῦ,
3271 4766 3369 4835 τὴν
3395 4764 3488 4817 τοῦ
3514 4765 3642 4835 βρα-

402 4857 961 4927 constitutionemque
997 4868 1052 4913 et
1090 4860 1538 4930 compositionem
1581 4870 1636 4917 et
1676 4863 1965 4932 originem,

2079 4857 2302 4926 ιυτάτου
2328 4856 2530 4926 ψύλλου
2559 4857 2906 4926 κατασκευὴν
2934 4856 3026 4910 καὶ
3057 4856 3388 4909 κατάστασιν
3402 4856 3495 4906 καὶ
3514 4853 3640 4906 σύν-

399 4947 654 5015 anitnam,
697 4964 916 5005 sensum
941 4958 996 5011 et
1020 4950 1383 5017 intellectum;
1415 4966 1480 5009 ac
1509 4955 1725 5023 quando
1755 4944 1801 5009 is
1821 4965 1970 5009 certo

2079 4947 2217 5000 θεσιν
2264 4949 2358 5001 καὶ
2403 4949 2635 5022 ὓπαρξιν
2679 4952 2772 5003 καὶ
2821 4949 3066 5019 ψύχωσιν
3112 4948 3210 5001 καὶ
3251 4946 3501 5015 αἴσθησιν
3543 4948 3639 4998 καὶ

396 5042 871 5111 comprehenderit
900 5044 1164 5112 nobisque
1179 5043 1528 5114 explicaverit
1554 5047 1786 5113 speciem
1811 5057 1862 5100 et
1878 5063 1970 5118 ge-

399 5145 498 5182 nus
543 5131 856 5186 substantia:
901 5146 1005 5201 qua
1052 5141 1269 5187 constat
1321 5132 1512 5198 puiicis
1565 5135 1781 5198 anima,
1842 5143 1968 5188 tunc

397 5234 561 5288 porro
613 5221 714 5290 ipsi
765 5223 1084 5279 habebimus
1141 5224 1324 5292 ﬁdem,
1367 5226 1520 5296 quod
1542 5226 1704 5280 etiam
1758 5242 1840 5280 res
1877 5227 1966 5281 Dei

398 5311 957 5380 incomprehensibilis
1005 5315 1272 5385 attingere
1331 5325 1384 5370 et
1449 5330 1720 5386 exponere
1775 5325 1958 5384 queat.

395 5399 620 5456 Etiamsi
656 5403 862 5458 dixeris
909 5406 1076 5470 mihi,
1115 5407 1276 5461 homo
1311 5407 1539 5471 stolide,
1595 5407 1736 5474 quod
1782 5407 1957 5460 anima

395 5491 587 5561 puiicis
631 5503 686 5556 et
722 5493 982 5566 cujusque
1020 5497 1191 5554 bruta‘.
1244 5497 1537 5556 animantis
1577 5498 1648 5554 sit
1704 5498 1919 5569 sanguis
1943 5538 1970 5570 ,γ

461 5667 539 5744 (1,)
581 5667 717 5727 Ριιιο
755 5669 854 5742 leg.
898 5669 966 5725 τὰ
994 5670 1147 5732 ἄλλα.

2067 5040 2250 5110 νόησιν
2268 5057 2282 5071 ·
2312 5040 2412 5094 καὶ
2448 5043 2533 5095 ὅτε
2560 5040 2740 5105 καλῶς
2765 5040 2859 5094 καὶ
2897 5037 3155 5102 ἀπλανῶς
3182 5036 3494 5106 καταλάϐῃ,
3543 5037 3637 5088 καὶ

2067 5132 2195 5204 εῖπῃ
2233 5133 2384 5202 ἡμῖν,
2414 5133 2465 5184 τί
2497 5132 2558 5184 τὸ
2581 5128 2721 5195 εἶδος
2751 5131 2842 5184 καὶ
2862 5131 3016 5198 γένος
3048 5130 3148 5200 τῆς
3185 5128 3418 5198 ψυχικῆς
3450 5126 3636 5189 οὐσίας

2064 5224 2157 5277 τοῦ
2193 5224 2414 5293 ψύλλου,
2457 5224 2574 5277 τότε
2605 5225 2788 5278 λοιπὸν
2823 5222 3184 5292 πιστεύσομεν
3218 5220 3388 5290 αὐτῷ,
3428 5221 3508 5272 δτι
3542 5218 3636 5270 καὶ

2065 5317 2132 5368 τὰ
2155 5316 2280 5386 περὶ
2313 5314 2448 5368 Θεοῦ
2474 5315 2567 5369 τοῦ
2607 5315 2988 5386 ἀκαταλήπτου
3018 5311 3351 5382 καταμαθεῖν
3382 5310 3474 5364 καὶ
3498 5310 3635 5375 ἐξει-

2068 5409 2189 5459 πεῖν
2215 5406 2457 5460 δύναται.
2501 5405 2617 5459 Κάν
2647 5423 2736 5477 μοι
2772 5405 2932 5477 εἴπῃς
2963 5406 3048 5468 σὺ,
3077 5407 3106 5457 ό
3135 5403 3420 5464 ἀσύνετος,
3462 5402 3543 5453 ὅτι
3573 5400 3635 5452 τὸ

2068 5495 2205 5570 αἷμα
2247 5497 2340 5552 τοῦ
2363 5497 2559 5569 ψύλλου
2583 5499 2676 5554 καὶ
2713 5497 2913 5562 παντὸς
2949 5497 3166 5566 ἀλόγου,
3209 5496 3244 5566 ή
3291 5493 3436 5564 ψυχὴ
3466 5491 3633 5546 αὐτοῦ
