3858 6312
171 356 276 411 857

1311 357 1780 418 DlALOGUS‘DE
1821 362 1878 419 S.
1919 363 2312 422 TRINITATE.

3308 377 3418 435 838

174 471 338 533 ἐστιν,
368 467 483 540 ἐρῶ
518 469 676 540 κάγώ
699 484 722 501 ’·
747 470 874 535 Πῶς
904 471 1140 545 ὁρῶμεν,
1171 473 1247 539 ὡς
1271 481 1550 548 προεῖπον,
1579 479 1743 535 πολλὰ

1853 497 2096 552 regeram
2117 499 2243 553 ego:
2268 483 2566 552 Quomodo,
2594 493 2653 541 ut
2677 496 2805 544 ante
2827 488 2959 554 dixi,
2981 489 3225 548 videmus
3251 495 3418 550 multa

172 561 278 614 τῶν
321 561 541 630 ἀλόγων
599 564 767 634 χωρὶς
815 564 1053 634 ρεύσεως
1095 566 1324 636 αἵματος
1371 569 1742 634 τελευτῶντας

172 655 359 708 Τοίνυν
391 655 521 724 λέγε
550 648 681 728 ἡμῖν
710 659 794 722 σὺ,
826 657 1145 727 θεόγνωστε,
1188 661 1240 712 τί
1280 663 1394 714 ἐστι
1436 662 1497 715 τὺ
1537 662 1599 715 ὲκ
1651 661 1742 715 τοῦ

171 745 308 809 ζώου
350 749 786 819 ἐκπορευόμενον
824 751 992 821 χωρὶς
1040 752 1272 821 αἵματος
1314 755 1372 806 ὲν
1414 755 1479 824 τῇ
1520 754 1742 826 τελευτῇ

173 839 382 903 animi»;
432 840 610 910 ψυχὴν
640 841 748 912 γὰρ
797 842 1166 914 ὑποστατικὴν
1204 845 1361 914 μόνος
1396 848 1424 898 6
1461 845 1746 917 ἄνθρωπος

171 931 455 1000 κέκτηται.
485 932 632 1000 Πλὴν
653 933 755 984 ἐὰν
778 933 810 1002 ἡ
833 932 977 1004 ψυχὴ
999 934 1093 986 τοῦ
1130 934 1294 1000 ζώου,
1336 935 1412 998 ῶς
1463 935 1746 1008 ἄνθρωπος

173 1022 289 1092 (καὶ
320 1022 434 1093 γὰρ
459 1024 568 1086 πᾶς
589 1022 874 1095 ἄνθρωπος
904 1024 996 1077 τοῦ
1019 1025 1148 1102 ἰδίου
1179 1027 1408 1096 αἵματος
1445 1028 1746 1098 χωριζόμε-

167 1131 256 1178 νος
284 1113 517 1189 τελευτᾷ
546 1115 781 1180 παντως,
815 1116 996 1180 καθὼς
1039 1118 1134 1171 καὶ
1159 1119 1221 1172 τὸ
1253 1118 1490 1189 ἄλογον)ο
1525 1121 1617 1174 καὶ
1642 1119 1744 1174 ποῦ

168 1206 355 1260 λοιπὸν
385 1187 432 1276 ’ἡ
466 1207 698 1278 διαφορὰ
745 1207 840 1260 τοῦ
875 1209 1092 1277 λογικοῦ
1148 1187 1453 1281 ἀνθρώπου
1482 1211 1576 1264 καὶ
1625 1211 1744 1264 κατ’

167 1297 352 1348 εἰκόνα
386 1299 480 1350 καὶ
502 1299 758 1367 ὁμοίωσιν
784 1298 916 1351 Θεοῦ
946 1299 1262 1370 γενομένου,
1303 1301 1395 1355 καὶ
1424 1300 1519 1354 τοῦ
1551 1301 1744 1369 ἀλόγου

167 1391 443 1456 κτήνους;
483 1389 700 1455 Ἐδειξα
733 1390 950 1459 μενοῦν,
982 1392 1064 1444 ὅτι
1094 1393 1188 1446 καὶ
1227 1394 1254 1444 ό
1293 1392 1575 1463 ἄνθρωπος
1596 1392 1690 1445 καί
1717 1394 1745 1445 6

166 1476 364 1545 ψύλλος
388 1477 748 1547 χωριζόμενοι
774 1477 866 1530 τοῦ
902 1479 1036 1531 ἰδίου
1066 1479 1296 1548 αἵματος
1316 1480 1742 1548 ἀποθνήσκουσι.

169 1567 355 1620 Ταῦτα
401 1567 460 1618 δὲ
494 1569 625 1637 ἡμῖν
672 1567 735 1620 οὐ
775 1569 950 1638 μάτην
1003 1568 1233 1622 ἐνταῦθα
1266 1571 1598 1641 ἐρρήθησαν,
1630 1573 1743 1626 ἀλλ’

168 1656 443 1725 ἀνακόψαι
473 1659 599 1720 τοὺς
627 1659 852 1722 πολλοὺς
881 1659 1014 1728 μετὰ
1045 1659 1138 1711 σοῦ
1169 1659 1262 1711 τοῦ
1303 1659 1582 1713 θεοκτόνου
1617 1663 1745 1715 Ἰου-

167 1747 316 1800 δαίου
346 1747 458 1800 τῶν
481 1748 876 1819 ἀκαταλήπτων
896 1749 990 1801 τοῦ
1019 1749 1152 1802 Θεοῦ
1177 1751 1452 1821 ζητήσεων
1477 1751 1742 1818 θέλοντες,

167 1841 263 1892 καὶ
287 1843 478 1892 πεῖσαι
505 1840 599 1892 καὶ
632 1839 822 1903 δεῖξαι,
855 1841 937 1893 ὅτι
972 1841 1031 1893 οὐ
1076 1843 1233 1910 μόνον
1258 1845 1285 1895 6
1309 1843 1566 1912 Κτίστης,
1612 1843 1746 1898 ἀλλὰ
1777 1835 1817 1889 Β

168 1934 263 1984 καὶ
299 1931 444 2002 αὐτὴ
497 1932 529 2002 ή
579 1931 754 1994 κτίσις
797 1931 917 1982 ἐστὶ
955 1933 1067 1995 τοῖς
1113 1931 1423 2004 ἀνθρώποις
1471 1933 1745 2006 ἀκατάλη-

165 2039 321 2084 πτος.

251 2115 313 2166 Ὅ
348 2111 653 2178 Ἰουδαῖος.
699 2111 808 2164 Ποῦ
849 2111 906 2164 δὲ
937 2111 1144 2183 Τριάδα
1178 2112 1236 2166 ὲν
1272 2115 1337 2184 τῇ
1371 2113 1585 2186 Παλαιᾷ
1621 2117 1744 2167 Δια-

165 2203 316 2274 θήκῃ
341 2201 706 2271 διδασκόμεθα
725 2220 738 2267 ς
757 2202 848 2254 καὶ
865 2202 966 2254 ποῦ
991 2202 1194 2273 ταύτην
1216 2203 1274 2256 ὲν
1293 2205 1361 2274 τῇ
1378 2203 1553 2273 Καινῇ
1579 2203 1745 2273 ἐγνω-

166 2313 271 2367 μεν
293 2312 308 2360 ;

248 2388 314 2439 '0
345 2387 585 2451 πιστός.
630 2387 718 2438 Ἐν
747 2385 843 2455 μὲν
869 2388 934 2455 τῇ
970 2384 1200 2456 Παλαιᾷ,
1227 2386 1283 2437 ὲν
1315 2384 1391 2457 τῷ
1423 2386 1624 2460 πρώτῳ
1665 2387 1744 2458 βι-

165 2478 302 2547 6λίῳ
338 2477 584 2540 Μωσέως
603 2493 616 2506 ·
655 2478 785 2545 φησί
811 2476 917 2546 γὰρ
948 2477 1004 2527 ἐν
1030 2478 1100 2548 τῇ,
1137 2475 1230 2530 τοῦ
1263 2477 1465 2546 κόσμου
1495 2478 1704 2546 γενέσει
1724 2494 1738 2507 ⁸

163 2567 276 2621 Καὶ
334 2563 506 2619 εἶπεν
557 2568 590 2619 ὀ
635 2567 774 2632 Θεός
796 2581 810 2596 ο
865 2565 1216 2634 Ποιήσωμεν
1264 2565 1576 2634 ἄνθρωπον
1617 2568 1742 2622 κατ’

161 2658 373 2711 εἰκόνα
407 2655 697 2723 ἡμετέραν
744 2656 839 2708 καὶ
864 2657 992 2707 καθ’
1018 2654 1318 2722 ὁμοίωσιν.
1362 2657 1528 2724 Δῆλον
1555 2658 1634 2719 δὲ.
1663 2658 1743 2711 ὅτι

162 2747 302 2818 πρὸς
325 2746 418 2798 τὸν
448 2747 574 2798 Υἰὸν
615 2747 706 2798 καὶ
727 2746 787 2798 τὸ
803 2746 1022 2815 Πνεῦμα
1049 2746 1106 2797 τὸ
1133 2748 1286 2814 ἅγιον
1309 2745 1458 2800 εἶπεν
1479 2750 1506 2800 6
1529 2750 1738 2820 Πατήρ.

163 2839 280 2891 Καὶ
302 2837 464 2890 πάλιν
484 2854 496 2866 ο
522 2837 633 2889 Καὶ
657 2833 826 2890 εἶπεν
845 2840 877 2890 ό
904 2838 1045 2902 Θεός
1067 2853 1080 2867 ·
1115 2837 1269 2890 Ἰδοὺ
1292 2839 1539 2908 γέγονεν
1572 2839 1742 2908 Ἀδὰμ

161 2932 244 2998 ὠς
291 2926 375 2996 εἷς
428 2930 499 2992 ἐξ
531 2928 719 2998 ήμῶν.
756 2929 828 2981 T6
866 2929 920 2981 δὲ
951 2932 1142 2992 εἰπεῖν,
1193 2931 1273 2995 ὡς
1318 2926 1404 2995 εἷς
1439 2931 1507 2994 ἐξ
1554 2929 1740 3000 ἡμῶν,

162 3025 388 3085 πάντως
415 3022 511 3074 δύο
535 3022 628 3074 καὶ
660 3023 806 3090 τρεῖς
836 3023 1128 3090 ἐσήμανεν,
1164 3021 1252 3073 ἵνα
1273 3021 1420 3092 δείξῃ
1445 3021 1626 3073 λοιπὸν
1657 3021 1743 3074 διὰ

161 3115 282 3178 τοῦ,
313 3114 396 3178 ὡς
421 3108 510 3177 εἷς
538 3112 606 3175 ἐξ
647 3111 841 3180 ἡμῶν,
873 3112 932 3164 τὸ
974 3112 1227 3183 διάφορον
1257 3112 1366 3165 τῶν
1404 3111 1568 3182 τριῶν
1613 3113 1743 3165 ὑπο·
1772 3151 1815 3213 c

163 3206 434 3259 στάσεων.
464 3205 574 3257 Καὶ
603 3199 758 3266 αὖθις
795 3205 823 3255 ὁ
850 3205 1010 3272 αῷτδς
1035 3205 1331 3274 νομοθέτης
1349 3219 1363 3234 ο
1396 3204 1507 3256 Καὶ
1541 3204 1741 3271 ἐποίη-

162 3314 279 3352 σεν
302 3301 337 3351 ό
361 3297 506 3362 Θεὸς
527 3295 976 3362 τὸν-’ἄνθρωπον
996 3297 1121 3349 κατ’
1144 3297 1343 3348 εἰκόνα
1375 3294 1522 3350 Θεοῦ
1547 3295 1746 3361 excin—

163 3403 280 3442 σει·
297 3388 491 3440 αὐτόν
509 3403 522 3417 ·
554 3385 640 3438 ἵνα
663 3386 810 3458 δείξῃ
840 3386 899 3437 τὸ
933 3386 1214 3454 μοναδικόν
1242 3387 1343 3455 τῆς
1373 3386 1644 3456 θεότητος.
1668 3383 1742 3436 Οὐ

161 3478 275 3548 γὰρ
304 3474 484 3539 εἶπεν,
515 3478 598 3530 ὅτι
632 3477 896 3544 ἐποίησαν
940 3478 988 3528 οἱ
1025 3476 1136 3530 θεοὶ
1161 3477 1253 3530 τὸν
1290 3477 1595 3548 ἄνθρωπον.
1629 3477 1742 3531 ἀλλ’

160 3571 192 3620 6
215 3567 354 3630 Θεὸς
379 3569 406 3619 6
433 3561 514 3628 εἷς
551 3568 580 3620 6
613 3566 671 3618 ὲν
694 3565 884 3637 Τριὰδι
922 3566 1410 3638 προσκυνούμενος.
1440 3568 1607 3621 Ὅταν
1635 3569 1746 3622 τοί-ι

162 3675 261 3717 νυν
287 3656 536 3727 ἀκούσῃς
567 3655 702 3709 Θεοῦ
747 3654 1027 3723 λέγοντος,
1072 3656 1224 3710 Ἰδοὺ
1277 3656 1456 3726 Ἀδὰμ
1499 3657 1746 3727 γέγονεν

160 3749 242 3815 ὡς
273 3747 368 3814 εἷς
410 3748 480 3812 ἐξ
516 3747 719 3816 ἡμῶν,
765 3748 1193 3818 τρισυπόστατον
1241 3750 1423 3819 φωνὴν
1469 3750 1740 3820 ἐννόησον.

162 3841 340 3896 Ὅταν
364 3842 422 3894 δὲ
453 3840 728 3904 adlimam
757 3841 1054 3894 Ἐνείκόνι
1077 3839 1224 3893 Θεοῦ
1241 3841 1530 3907 ἐποίησεν
1549 3843 1582 3894 ό
1601 3841 1746 3907 Θεὸς

163 3936 270 3993 τὸν
309 3935 653 4001 ἄνθρωπον,
674 3933 773 4003 τὴν
812 3931 937 4003 μίαν
959 3931 1144 3984 οὐσίαν
1174 3932 1268 3984 καὶ
1295 3931 1532 4002 Θεότητα
1555 3932 1744 4003 ὁμολο-

161 4031 301 4095 γεῖς.
332 4024 636 4095 Τοιγαροῦν
666 4024 728 4077 οὐ
761 4023 917 4094 μόνον
941 4023 1208 4086 ἐντεῦθεν,
1241 4022 1377 4080 ἀλλὰ
1412 4025 1508 4075 καὶ
1535 4023 1593 4087 ἐξ
1627 4024 1744 4076 ἑτέ-

166 4137 276 4194 ρων
308 4117 575 4171 πλειόνων
591 4115 773 4168 τόπων
795 4115 894 4185 τῆς
921 4114 1072 4178 Θείας
1095 4115 1337 4184 Γραφῆς,
1367 4115 1428 4166 τὸ
1450 4113 1552 4182 τῆς
1586 4115 1746 4182 ἁγίας

163 4213 260 4264 καὶ
311 4207 606 4279 όμοουοίου
629 4207 857 4277 Τριάδος
889 4205 1248 4274 διδασκόμεθα
1283 4207 1608 4276 μυστήριον,
1653 4207 1748 4259 καὶ

166 4302 408 4372 μάλιστα
438 4299 536 4362 τὰς
571 4299 700 4368 περὶ
747 4298 960 4367 Πατρός
1005 4299 1098 4351 καὶ
1133 4297 1262 4350 Υἰοῦ
1312 4297 1603 4366 τηλαυγεῖς
1654 4299 1746 4350 καὶ

163 4391 516 4462 σαφεστάτας
566 4391 750 4459 φωνὰς
795 4391 887 4443 καὶ
930 4390 1234 4460 μαρτυρίας
1275 4390 1639 4460 εὑρίσκοντες.
1673 4390 1746 4442 Τὸ

159 4488 270 4557 γὰρ
321 4483 650 4554 εἰρημένον,
679 4483 760 4535 ὅτι
812 4480 1050 4548 Ἔϐρεξε
1095 4482 1310 4548 Κύριος
1340 4482 1499 4548 παρὰ
1523 4481 1743 4548 Κυρίου

160 4577 281 4644 πῦρ
306 4575 407 4629 ἐπὶ
437 4574 672 4642 Σόδομα
698 4573 796 4626 καὶ
832 4574 1135 4642 Γόμορρα,
1180 4573 1233 4626 τί
1263 4573 1406 4637 ἄλλο,
1440 4574 1486 4625 εἰ
1521 4573 1594 4644 μή
1630 4573 1745 4625 Πα-

157 4669 296 4737 τέρα
338 4666 437 4718 καὶ
471 4665 616 4730 Υἰὸν,
661 4665 756 4718 καὶ
803 4663 1008 4735 Κύριον
1058 4663 1208 4734 παρὰ
1244 4665 1450 4736 Κυρίου
1482 4666 1650 4735 ἦγουν
1680 4665 1744 4717 ὲκ

156 4757 251 4811 τοῦ
335 4756 552 4826 [ἰατρὸς
618 4753 948 4825 γεννηθέντα
1008 4753 1350 4826 παρίστησις
1428 4754 1539 4808 Καὶ
1583 4754 1745 4808 πάλιν

1850 576 2108 630 animalia
2145 577 2290 630 nullo
2342 575 2512 632 eﬂ‘nso
2546 580 2804 648 sanguine
2843 579 3024 634 mori?
3049 582 3209 636 dicito
3241 585 3418 654 itaque

1853 666 2010 719 nobis
2035 678 2088 719 tu
2119 667 2206 720 cui
2245 667 2383 722 Deus
2415 669 2484 722 ita
2511 679 2670 723 notus
2699 679 2802 735 est,
2829 672 2956 740 quid
2985 681 3067 726 est
3099 672 3227 727 illud
3275 676 3418 744 quod

1853 757 1904 810 iu
1941 768 2112 812 morte
2151 759 2399 814 animalis
2429 765 2562 837 citra
2599 763 2914 833 sanguinem
2964 779 3029 819 ex
3081 766 3172 820 illo
3203 769 3418 836 egredi-

1854 853 1978 907 tur?
2013 853 2259 907 Animam
2303 857 2446 909 enim
2481 856 2889 910 substantialem
2914 859 3058 913 solus
3103 859 3264 913 homo
3295 875 3417 928 pos-

1851 943 2012 996 sidet.
2067 942 2122 996 Si
2166 953 2345 998 autem
2397 944 2614 998 animali
2653 945 2831 999 anima
2879 956 2983 1012 est,
3038 962 3140 1000 non
3178 945 3418 1003 diﬂ‘erret

1852 1033 1981 1088 illud
2022 1034 2092 1087 ab
2119 1034 2370 1096 homine;
2396 1049 2516 1087 nam
2551 1043 2605 1087 et
2634 1033 2794 1088 homo
2827 1037 3090 1104 sanguine
3119 1051 3217 1089 suo
3239 1037 3417 1092 desti-

1854 1132 2002 1178 tutus
2035 1123 2258 1193 perinde
2291 1133 2352 1178 ut
2395 1117 2610 1179 brutum
2649 1125 2872 1180 omnino
2902 1125 3150 1179 moritur.
3185 1125 3414 1181 Ubinam

1852 1215 2033 1283 itaque
2082 1224 2164 1269 est
2210 1214 2513 1269 differentia
2555 1216 2697 1269 inter
2721 1216 2998 1270 hominem
3031 1218 3094 1270 ad
3125 1217 3415 1286 imaginem

1850 1313 1904 1356 et
1933 1302 2344 1357 similitudinem
2371 1302 2567 1357 factum
2597 1303 2688 1356 Dei
2721 1313 2776 1357 et
2811 1304 3180 1359 irrationabile
3196 1306 3415 1376 jumen-

1850 1385 2005 1446 tu'm‘!
2044 1391 2266 1448 Ostendi
2291 1395 2438 1448 enim
2469 1395 2610 1462 quod
2645 1403 2699 1448 et
2737 1394 2897 1448 homo
2917 1404 2970 1448 et
2999 1395 3179 1462 pulex,
3214 1395 3258 1448 si
3289 1411 3416 1449 san-

1851 1484 2012 1551 guine
2041 1498 2138 1536 suo
2167 1483 2428 1536 exhausta
2461 1485 2588 1549 sint,
2633 1485 2957 1537 moriuntur.
3009 1484 3133 1538 llaec
3184 1501 3291 1539 non
3332 1494 3415 1539 te-

1853 1589 2000 1627 mere
2032 1575 2132 1628 hoc
2161 1575 2278 1629 loco
2308 1574 2449 1628 dicta
2488 1591 2516 1628 a
2545 1591 2629 1628 me
2656 1587 2800 1629 sunt.
2828 1575 2931 1632 Sed
2965 1579 3107 1644 quod
3133 1586 3334 1645 tecum,
3381 1594 3425 1631 ο

1851 1666 2057 1720 deicida
2082 1666 2285 1732 Iudae,
2327 1668 2584 1721 cohibere
2615 1669 2756 1721 volui
2787 1668 3066 1736 plerosque
3107 1670 3172 1720 ab
3210 1669 3416 1722 incom-

1855 1756 2302 1827 prehensibilibus
2331 1758 2396 1813 de
2428 1760 2536 1814 Deo
2559 1761 2980 1828 quaestionibus,
3015 1767 3068 1812 et
3093 1761 3416 1828 persuadere

1847 1864 1908 1902 ac
1935 1849 2309 1906 demonstrare
2362 1851 2502 1917 quod
2553 1865 2657 1903 nou
2707 1849 2971 1904 Conditor
3000 1850 3193 1915 solum,
3232 1852 3326 1905 sed
3362 1859 3416 1904 et

1846 1939 1975 2006 ipsa:
2031 1954 2116 1993 res
2165 1950 2361 1994 creata:
2406 1939 2476 1993 ab"
2527 1941 2837 1997 hominibus
2887 1943 3267 2012 comprehendi
3322 1959 3419 1998 ne-

1845 2039 2066 2098 queunt.

1914 2119 2154 2174 Juda'us.
2205 2120 2306 2175 Ubi
2351 2136 2478 2176 vero
2517 2121 2835 2177 Trinitatem
2873 2124 2925 2178 in
2993 2122 3174 2178 Veteri
3223 2124 3416 2179 Testa-

1844 2222 2028 2267 mento
2063 2215 2338 2279 docemur,
2373 2221 2426 2266 et
2459 2213 2546 2266 ubi
2590 2227 2707 2267 eam
2743 2214 2797 2267 in
2835 2213 2984 2268 Novo
3011 2215 3309 2283 discimus?

1915 2387 2267 2443 Christianus.
2318 2388 2373 2442 In
2420 2389 2602 2446 Veteri
2642 2389 2882 2457 quidem,
2934 2390 2987 2442 in
3037 2389 3210 2458 primo
3252 2388 3412 2443 Mosis

1843 2480 2002 2544 libro,
2043 2480 2119 2533 ait
2160 2482 2303 2534 enim
2335 2479 2422 2534 ubi
2474 2481 2711 2550 origines
2761 2481 2944 2536 mundi
2991 2479 3252 2536 describit
3290 2497 3304 2534 ι
3344 2479 3419 2532 Ει·

1844 2575 1977 2626 dixit
2032 2573 2215 2626 Deus:
2255 2571 2538 2625 Faciamus
2577 2573 2836 2625 hominem
2883 2572 2952 2624 ad
3000 2573 3276 2641 imaginem
3320 2589 3414 2624 no-

1843 2675 2006 2718 stram
2032 2675 2078 2718 et
2106 2666 2174 2716 ad
2210 2663 2661 2716 similitudinem'.
2703 2662 3038 2714 Manifestum
3071 2663 3308 2728 estquod
3344 2662 3410 2713 ad

1843 2757 2035 2810 Filium
2066 2767 2119 2809 et
2143 2755 2401 2825 Spiritum
2435 2763 2677 2808 sanctum
2708 2754 2820 2808 hinc
2854 2754 3064 2807 locutus
3103 2764 3185 2806 est
3232 2752 3410 2806 Pater.

1843 2851 2016 2916 Atque
2051 2848 2246 2901 iterum
2283 2863 2297 2898 :
2330 2844 2398 2898 Et
2430 2842 2560 2898 dixit
2585 2845 2755 2898 Deus:
2777 2844 2910 2897 Ecce
2940 2845 3112 2912 factus
3143 2857 3213 2896 est
3243 2843 3420 2894 Adam

1843 2948 1897 2990 ut
1935 2953 2066 2989 unus
2105 2953 2131 2989 e
2175 2935 2375 2989 nobis“.
2407 2934 2558 3000 Quod
2594 2935 2737 2986 enim
2804 2934 2897 2997 ait,
2939 2943 2994 2986 ut
3036 2950 3167 2985 unus
3197 2931 3423 2996 enobis,

1843 3029 2061 3081 omnino
2084 3028 2219 3079 duos
2242 3027 2322 3078 vel
2361 3036 2470 3078 tres
2505 3025 2794 3093 signiﬁcat,
2843 3031 2899 3078 ut
2921 3025 3229 3078 ostenderet
3255 3038 3420 3092 porro

1848 3132 1940 3184 per
1973 3116 2159 3178 verba,
2198 3124 2253 3166 ut
2288 3131 2420 3166 unus
2454 3131 2481 3166 e
2527 3115 2694 3174 nobis,
2730 3113 2889 3166 trium
2931 3128 3279 3180 personarum
3314 3112 3420 3166 tlif-

1846 3207 2152 3260 ferentiam.
2187 3207 2364 3272 Atque
2403 3207 2599 3256 iterum
2648 3205 2787 3256 idem
2841 3204 3109 3272 legislator
3144 3203 3251 3256 :Et
3291 3203 3421 3271 fecit

1846 3300 1987 3352 Ileus
2006 3298 2301 3360 hominem;
2336 3295 2623 3349 secundum
2647 3295 2925 3363 imaginem
2967 3294 3061 3347 Dei
3084 3296 3207 3362 fecit
3235 3311 3351 3348 eum
3370 3297 3413 3360 ',

1846 3399 1903 3443 ut
1946 3390 2261 3443 ostenderet
2315 3387 2540 3440 Deitatis
2591 3385 2873 3438 unitatem.
2911 3383 3024 3437 Non
3085 3386 3226 3439 enim
3278 3385 3418 3438 dixit

1847 3481 1975 3535 deos
2011 3494 2129 3532 esse
2174 3478 2263 3547 qui
2291 3477 2560 3530 hominem
2604 3476 2869 3538 fecerunt,
2909 3477 3000 3530 sed
3035 3476 3196 3530 Deum
3249 3491 3412 3528 unum

1845 3573 1933 3642 qui
1989 3573 2041 3625 in
2095 3569 2361 3624 Trinitate
2413 3570 2688 3622 aduratur.
2766 3567 2992 3633 Quando
3046 3567 3208 3635 igitur
3261 3567 3414 3620 audis

1847 3664 2012 3718 Deum
2035 3663 2324 3726 dicentem,
2388 3659 2521 3714 Ecce
2549 3660 2715 3714 Adam
2749 3659 2919 3729 [actus
2944 3669 3018 3712 est
3048 3659 3180 3712 sicut
3213 3673 3346 3711 unus
3388 3673 3426 3711 ε

1848 3755 2018 3817 nobis,
2078 3754 2237 3807 trium
2299 3766 2653 3821 personarum
2704 3765 2891 3805 vocem
2930 3752 3125 3816 cogita.
3191 3748 3420 3816 Quando

1846 3847 2060 3909 deinde,
2094 3845 2236 3915 quod
2279 3843 2345 3898 In
2396 3844 2621 3913 imagine
2659 3843 2755 3897 Dei
2808 3842 2946 3895 Deus
2981 3842 3236 3894 hominem
3271 3836 3412 3908 fecit,

1847 3956 2008 3996 unam
2049 3938 2343 3993 essentiam
2374 3951 2439 3990 ac
2471 3936 2733 3990 Deitatem
2762 3932 3061 3988 centiteris.
3104 3931 3278 3999 igitur
3309 3944 3412 3982 nou

1845 4049 1908 4089 ex
1960 4033 2064 4086 hoc
2115 4039 2346 4092 tantum,
2387 4030 2482 4084 sed
2513 4035 2567 4083 et
2621 4043 2688 4082 ex
2747 4027 2869 4081 aliis
2927 4023 3168 4093 pluribus
3221 4022 3425 4075 divina}

1847 4127 2140 4194 Scripturae
2159 4125 2290 4177 locis
2319 4133 2522 4177 sanch
2545 4131 2599 4175 et
2629 4118 3106 4175 consubstantialis
3133 4115 3423 4170 Trinitatis.

1848 4215 2163 4286 mysterium
2196 4214 2504 4274 edocemur,
2545 4218 2600 4265 et
2630 4211 2865 4264 maxime
2899 4208 2963 4262 de
2993 4206 3150 4260 Patre
3182 4220 3246 4258 ac
3281 4203 3428 4258 Filio-

1848 4308 2130 4376 perspicua
2167 4319 2229 4356 ac
2254 4301 2561 4356 clarissima
2592 4299 2900 4353 testimonia
2935 4297 3253 4365 reperimus.
3280 4293 3413 4347 Nam

1848 4396 1987 4462 quod
2014 4395 2252 4446 dicitur:
2283 4391 2536 4443 Dominus
2557 4390 2688 4454 pluit
2716 4406 2747 4442 α
2783 4387 3006 4440 Domino
3045 4387 3211 4454 ignem
3263 4398 3420 4449 super

1849 4485 2081 4540 Sodoma
2126 4491 2173 4535 et
2223 4478 2520 4533 Gomorrae
2557 4479 2622 4542 ¹⁰,
2664 4477 2857 4546 ecquid
2887 4477 3030 4529 aliud
3065 4474 3169 4528 nisi
3201 4473 3414 4526 Patrem

1845 4585 1900 4628 et
1955 4571 2183 4634 Filium,
2230 4577 2284 4623 et
2318 4568 2602 4625 Dominum
2639 4581 2668 4619 a
2699 4565 2926 4619 Domino
2975 4565 3090 4620 sive
3141 4578 3209 4617 ex
3261 4561 3427 4616 Patre

1847 4675 2031 4720 natum
2072 4661 2252 4716 sistit?
2273 4661 2447 4729 Atque
2500 4673 2685 4713 rursus
2719 4656 2860 4727 quod
2892 4657 2944 4710 in
2993 4653 3207 4729 psalmo
3235 4659 3424 4707 caute-

1847 4758 1984 4809 simo
2037 4770 2182 4810 nouo
2229 4752 2468 4818 dicitur,
2504 4749 2650 4805 Dixit
2701 4749 2957 4804 Dominus
3008 4745 3234 4800 Domino
3278 4759 3421 4811 mea,

156 4850 217 4901 τὸ
248 4850 312 4901 ἐν
341 4847 423 4917 τῷ
457 4847 534 4916 ρθ⁹
563 4845 764 4916 ψαλμῷ
799 4844 1109 4916 εἰρημένον,
1157 4845 1238 4898 ὅτι
1279 4841 1743 4913 ΕἶπενόΚύριος

1850 4846 1981 4902 Sede
2001 4863 2032 4899 ο
2068 4846 2267 4898 dextris
2289 4843 2416 4897 meis
2437 4843 2502 4908 ιι,
2535 4842 2814 4911 perspicue
2840 4839 2992 4893 nobis
3014 4837 3226 4892 Patrem
3253 4843 3307 4889 et
3330 4850 3419 4889 se-

158 4941 238 5006 τῷ
268 4939 469 5006 Κυρίῳ
493 4954 615 5007 μου
634 4954 649 4968 °
681 4937 878 4993 Κάθου
903 4937 972 4990 ἐκ
1003 4935 1218 5000 δεξιῶν
1255 4955 1397 5006 μου,
1438 4935 1626 5004 σαφῶς
1651 4936 1746 4990 τὸν

158 5033 386 5101 Πατέρα
423 5031 518 5083 καὶ
564 5029 657 5082 τὸν
696 5027 1005 5099 καθήμενον
1050 5029 1115 5081 ἐκ
1170 5026 1357 5093 δεξιῶν
1407 5027 1574 5082 αὐτοῦ
1616 5026 1744 5083 Υἰὸν

159 5124 294 5192 ἡμῖν
322 5119 688 5189 ἐφανέρωσεν.
714 5117 789 5170 Οὐ
819 5117 961 5170 κατὰ
990 5115 1118 5179 τοὺς
1145 5113 1364 5185 θρόνους
1388 5115 1445 5168 δὲ
1479 5114 1606 5178 τοὺς
1631 5115 1748 5167 ἐπι-

159 5214 367 5283 γείους,
399 5211 521 5263 οὐδὲ
557 5211 659 5274 τὰς
702 5209 992 5279 καθέδρας,
1043 5205 1166 5259 οὔτε
1197 5205 1337 5264 κατὰ
1373 5205 1442 5258 τὰ
1469 5205 1620 5272 δεξιὰ
1648 5206 1744 5261 καὶ

159 5301 428 5372 ἀριστερὰ
449 5301 590 5372 μέρη
618 5299 726 5352 τῶν
751 5298 1074 5368 ἀνθρώπων,
1097 5294 1238 5348 οὕτω
1262 5296 1355 5347 καὶ
1382 5297 1410 5348 6
1447 5295 1579 5359 Θεὸς
1607 5294 1744 5350 καθ-

157 5395 368 5459 έζεται,
421 5393 496 5463 μὴ
525 5391 762 5459 γένοιτοί
807 5390 944 5442 ’Δλλ’
971 5388 1162 5458 ὥσπερ
1195 5386 1394 5449 θεῖκῶς.
1420 5387 1561 5458 ὑπὲρ
1587 5387 1743 5456 λόγον

158 5483 426 5554 ἐγεννήθη
443 5485 472 5536 6
492 5482 624 5546 Θεὸς
638 5482 808 5550 Λόγος
829 5484 893 5534 ὲκ
913 5480 1045 5533 Θεοῦ
1064 5480 1168 5550 πρὸ
1193 5481 1426 5542 αἰώνων,
1449 5479 1541 5534 καὶ
1557 5479 1744 5552 ὥσπερ

159 5575 456 5645 ἀσώματος
482 5575 576 5627 καὶ
606 5573 1012 5643 ἀσχημάτιστος
1040 5567 1741 5642 καὶὰπερίγραπτόςὲστιν·

1849 4939 2063 4990 dentem
2105 4949 2134 4988 a
2181 4933 2388 4988 dextris
2410 4932 2526 5002 ejus
2559 4930 2751 4985 Filium
2781 4929 3040 4983 declarat.
3073 4926 3257 4995 Neque
3288 4940 3422 4979 vero

1849 5038 1910 5081 ut
1941 5027 1995 5081 iu
2045 5027 2240 5081 throno
2270 5024 2354 5078 vel
2387 5025 2514 5078 sede
2544 5020 2810 5084 terrestri,
2843 5028 2934 5072 aut
2963 5027 3020 5071 ut
3053 5034 3081 5070 a
3112 5017 3300 5072 dextra
3330 5014 3418 5070 vel

1849 5120 2069 5174 sinistra
2103 5124 2258 5188 parte
2309 5114 2610 5178 hominum,
2649 5112 2721 5165 ita
2755 5111 2907 5166 sedet
2935 5108 3108 5174 Deus;
3150 5108 3243 5162 sed
3277 5107 3419 5162 sicut

1853 5209 2037 5263 divino
2101 5208 2261 5262 modo
2329 5220 2492 5275 super
2556 5217 2771 5258 omnem
2827 5201 3091 5256 rationem
3135 5210 3294 5254 natus
3337 5209 3420 5253 est

1851 5299 1993 5354 Deus
2018 5296 2250 5352 Verbum
2282 5311 2348 5351 ex
2389 5295 2504 5349 Deo
2525 5304 2651 5348 ante
2683 5291 2904 5355 saecula,
2927 5300 2982 5345 et
3005 5291 3144 5345 sicut
3170 5290 3422 5357 incorpo-

1852 5392 1985 5455 rale,
2015 5390 2184 5457 ﬁgura
2209 5387 2524 5442 destitutum
2557 5394 2613 5440 et
2645 5383 3168 5452 lncircumscriptum
3193 5393 3304 5445 est,
3340 5381 3427 5435 sic

1849 5491 1905 5533 et
1925 5480 2106 5534 sedem
2143 5487 2194 5532 et
2237 5478 2489 5542 thronum
2519 5484 2575 5530 et
2608 5473 2854 5534 dextram
2884 5474 2974 5528 Dei
3005 5472 3138 5528 mihi
3161 5470 3419 5540 intelligo.

1854 5570 1960 5627 Sed
1986 5569 2196 5641 etquod
2224 5567 2366 5638 apud
2403 5567 2584 5637 ipsum
2612 5563 2809 5628 isaiam
2838 5565 3042 5624 dictum
3060 5562 3424 5631 esstat,elare

229 5751 249 5784 '
284 5750 431 5810 Gen.
461 5747 614 5816 1.26.
690 5749 718 5782 ⁸·
752 5747 891 5804 Gen.
928 5760 1011 5816 tu,
1041 5743 1139 5803 Ὧι
1193 5746 1236 5820 ,⁸
1259 5745 1398 5802 Gen.
1435 5743 1593 5815 1,217..
1667 5745 1718 5822 ‘°_

1850 5764 1884 5803 I.
1916 5761 2028 5816 ιιι,
2054 5744 2145 5802 Ἡ.
2221 5746 2264 5780 ³⁸
2303 5743 2445 5804 Psal.
2483 5760 2602 5816 etx,
2631 5746 2682 5804 1.
