3858 6318
386 358 494 418 859
1690 356 2075 421 ΙΙΙΕΒΟΝἹΜΙ
2111 357 2342 417 ΟΒΛΕΟῙ
2368 380 2373 385 ί
3542 361 3675 419 860

388 476 546 534 docet
584 488 684 531 nos
711 473 1031 545 mysterium
1068 473 1134 529 de
1166 471 1328 529 Patre
1364 482 1419 529 et
1440 471 1616 529 Filio:
1649 473 1723 529 ait
1762 473 1908 530 enim
1940 487 1957 528 :

2091 471 2201 527 ὖτω
2220 490 2307 544 μοι
2319 471 2430 525 νόει
2450 472 2545 526 καὶ
2573 470 2673 543 τὴν
2700 468 2972 545 καθέδραν
2998 470 3107 527 ’καὶ
3133 469 3224 527 τὸν
3244 470 3435 545 θρόνον
3464 472 3557 527 καὶ
3574 470 3677 529 τὰ

388 564 535 622 Puer
562 574 717 619 natus
739 575 816 617 est
847 563 1016 629 nobis,
1052 560 1230 617 Filius
1268 564 1425 617 datus
1456 572 1530 617 est
1564 563 1735 629 nobis,
1766 563 1960 618 videli-

2089 564 2218 632 ῑεξιὰ
2235 563 2328 617 τοῦ
2347 562 2503 619 Θεοῦ.
2520 566 2629 617 Καὶ
2656 564 2717 618 τὸ
2738 564 2867 636 παρ’
2884 564 3033 635 αὑτῷ
3046 565 3245 636 Ἡσαΐᾳ
3259 563 3315 617 δὲ
3332 564 3671 635 εἰρημένον,

387 663 475 709 cet
504 655 756 725 gentibus
783 670 813 708 a
858 655 987 709 Deo.
1018 651 1085 706 Et
1111 666 1327 707 vocatur
1370 669 1555 708 nomen
1594 654 1744 722 ejus,
1778 652 1961 723 Magni

2089 656 2257 725 παφῶς
2284 658 2430 727 ἡμᾶς
2458 655 2696 709 διδάσκει
2722 656 2785 709 τὸ
2818 656 2947 726 περὶ
2990 655 3203 726 Πατρὸς
3258 655 3352 708 καὶ
3382 653 3519 707 Tim;
3555 672 3671 724 μυ-

387 744 597 798 eonsilii
653 743 925 813 Angelus,
992 743 1326 796 adntirabilis
1398 743 1762 805 consiliarius,
1820 740 1962 795 Deus

2089 750 2311 819 ττήριον.
2348 746 2511 817 Λέγει
2549 746 2679 819 γὰρ,
2724 747 2805 801 ὅτι
2854 746 3103 801 Παιδίον
3139 745 3432 817 ἐγεννήθη
3468 744 3663 814 ἡμῖν’

386 834 582 904 fortis,
628 847 845 903 potens,
900 832 1149 903 Princeps
1202 836 1366 903 pacis,
1425 834 1586 889 Pater
1638 833 1807 903 futuri
1860 849 1963 886 sa:-

385 928 492 981 culi
531 928 600 981 ¹⁹.
631 927 799 981 David
842 942 968 981 vero
1003 942 1098 996 per
1138 927 1232 983 Dei
1283 942 1478 983 nomen
1531 928 1584 982 in
1636 928 1809 982 tribus
1834 942 1958 996 per-

385 1019 534 1073 sonis
586 1029 832 1073 sanctam
882 1017 1209 1073 Trinitatem
1264 1019 1410 1074 velut
1460 1020 1513 1074 in
1562 1019 1956 1075 benedictionis

386 1109 617 1180 gratiam
642 1110 796 1164 nobis
814 1110 1093 1163 subinnuit
1110 1126 1231 1165 cum
1255 1112 1330 1164 ait
1351 1128 1363 1163 :
1382 1109 1661 1165 Benedirat
1686 1127 1778 1163 nos
1801 1111 1957 1176 Deus,

2066 838 2199 905 υἱὸς
2220 838 2398 906 ἐδόθη
2432 838 2576 908 ἡμῖν
2604 838 2712 905 (Br
2747 837 2902 908 δῆλον
2930 840 3047 901 τοῖς
3086 836 3263 890 ἔθνεσι
3307 836 3462 907 παρὰ
3482 833 3658 890 Θεοῦ.

2061 932 2170 983 Kal
2208 930 2474 983 καλεῖται
2518 929 2585 983 τὸ
2635 929 2823 999 ὄνομα
2846 928 3056 993 αὐτοῦ,
3100 926 3382 997 Μεγάλης
3404 925 3663 993 ,βουλῆς

2066 1024 2365 1091 Ἀγη-ελος,
2410 1020 2754 1091 θαυμαστὸς
2787 1022 3152 1089 σύμϐουλος,
3187 1018 3328 1084 Θεὸς
3360 1017 3665 1085 ισχιφὸς,

2063 1113 2493 1183 ὲξουσιαστὴς,
2541 1116 2746 1184 ἄρχων
2797 1112 3063 1182 εἰρήνης.
3128 1112 3332 1181 Πατὴρ
3367 1110 3478 1164 τοῦ
3498 1106 3659 1179 μέλε-

387 1200 531 1255 Deus
585 1216 781 1267 noster,
829 1201 1097 1256 benedicat
1132 1219 1223 1256 nos
1269 1202 1408 1257 Deus
1441 1202 1505 1257 ¹³.
1544 1202 1647 1273 Ipsi
1698 1202 1865 1271 gloria
1906 1204 1958 1257 in

2089 1209 2283 1273 ιοντος
2305 1207 2538 1272 αἰῶνος.
2580 1208 2638 1260 ’0
2662 1207 2719 1259 δὲ
2754 1205 2917 1261 Δαυῒδ
2940 1206 3381 1278 τρισυποστὰτως
3424 1203 3514 1255 διὰ
3554 1198 3657 1252 τοῦ

387 1291 605 1347 ett-cuia.
637 1293 830 1347 Amen.

2069 1296 2204 1350 Θεοῦ
2240 1297 2502 1368 ὀνόματος
2535 1297 2632 1369 τὴν
2666 1297 2826 1367 ἁγίαν
2856 1298 3062 1369 Τριάδα
3090 1298 3165 1360 ὡς
3194 1299 3353 1368 χάριν
3393 1293 3657 1361 εὐλογίας

384 1380 520 1451 ἡμῖν
544 1381 859 1454 ὑπῃνίξατο,
899 1381 1102 1436 εἰπών’
1172 1382 1518 1453 Εὐλογήσαι
1555 1381 1713 1453 ἡμᾶς
1774 1386 1808 1437 ὀ
1878 1383 2042 1451 Θεὸς,
2082 1389 2115 1440 ό
2160 1387 2305 1456 Θεὸς
2349 1388 2538 1461 ἡμῶν,
2585 1387 2915 1461 εὐλογήσω
2956 1386 3109 1457 ἡμᾶς
3141 1391 3174 1443 ὁ
3204 1389 3367 1454 Θεός.
3417 1385 3578 1455 Αὐτῷ
3608 1382 3652 1455 ἠ

385 1468 513 1537 δόξα
541 1474 619 1537 εἰς
646 1474 770 1537 τοὺς
793 1472 1013 1537 αἰῶνας.
1067 1474 1258 1545 Ἀμήν.

459 1627 504 1658 ⁸⁸
542 1629 644 1684 lsa.
678 1645 757 1695 Ix,
795 1628 847 1684 6.
925 1629 968 1661 "
1000 1629 1141 1685 Psal.
1168 1646 1313 1694 mn,
1343 1630 1394 1684 6.

457 1765 535 1837 (2)
584 1768 716 1835 Υἱὸς
760 1767 938 1838 ἐδόθη
974 1769 1135 1840 ἡμῖν.
1180 1769 1302 1824 ΙΙωο
1349 1766 1645 1837 improvide
1674 1767 1871 1822 omissa
1905 1767 1955 1820 in

2089 1805 2114 1821 ,,
2142 1763 2359 1821 Fabric.
2386 1762 2531 1820 Bibl.
2556 1761 2654 1819 Gr.
2687 1773 2818 1816 tom.
2854 1763 2979 1829 \‘lli,
3013 1779 3133 1833 pag.
3163 1764 3286 1818 398.

978 2037 1206 2126 ΤΟΥ
1282 2037 1654 2123 ΑΥΤΟΥ
1726 2032 2301 2124 ΜΑΚΑΡΙΟΥ
2372 2031 3024 2119 ΙΕΡΩΝΥΜΟΥ

1288 2197 1664 2251 ΦΙΛΟΠΟΝΙΑ
1702 2196 1914 2250 ΠΑΝΤΙ
1955 2195 2327 2265 ΧΡΙΣΤΙΑΝῼ
2367 2193 2739 2248 ΩΦΕΛΟΥΣΑ.
3642 2214 3673 2247 ι

917 2430 1955 2548 EJUSDEMIL

2069 2434 3111 2550 HIERONYMI

1151 2636 1653 2693 COMMEN'I‘ATIU
1693 2638 2112 2695 CHRISTIANO
2149 2638 2468 2698 CUILIBET
2512 2636 2736 2697 UTILIS
2772 2636 2872 2710 (3).

460 2912 841 2984 Interrogatio.
873 2910 1051 2977 Quare
1082 2909 1423 2965 Christianus
1454 2909 1552 2964 es?

459 3006 764 3077 Responsio.
792 3004 931 3070 Quia
980 3003 1141 3057 credo
1195 3003 1248 3056 in
1283 3001 1558 3057 Christum
1610 3002 1804 3057 Filium
1850 3002 1965 3056 Dei.

461 3186 727 3241 Correctio
766 3201 900 3252 resp.
938 3184 1159 3239 indocte
1204 3193 1259 3238 et
1306 3183 1709 3238 inconsiderate
1745 3198 1969 3252 respon-

391 3278 557 3335 disti:
591 3294 696 3332 non
739 3279 882 3331 enim
920 3280 1195 3345 interrogo
1235 3289 1332 3329 cur
1375 3274 1658 3328 nomineris
1703 3274 1971 3329 Christia-

393 3387 513 3435 nus,
542 3370 635 3425 sed
669 3371 771 3424 hoc
800 3369 999 3438 ipsum,
1042 3383 1204 3437 quam
1238 3368 1308 3421 ob
1336 3382 1554 3421 causam
1592 3367 1766 3436 factus
1796 3383 1870 3420 es.
1906 3366 1965 3421 Si

391 3462 534 3518 enim
582 3461 1095 3529 interrogavissem,
1142 3474 1310 3529 quare
1357 3458 1647 3528 appellaris
1699 3458 1970 3513 Christia-

270 3622 275 3625 _
393 3565 519 3613 nus,
547 3550 771 3619 pulchre
796 3548 1206 3618 respondisses:
1232 3547 1368 3613 Quia
1395 3548 1556 3601 credo
1582 3548 1632 3600 in
1658 3547 1928 3600 Christum
1952 3564 1966 3599 :

396 3640 494 3694 sed
525 3654 709 3709 quaero
748 3653 966 3693 causam
994 3638 1063 3692 ob
1093 3652 1255 3706 quam
1295 3636 1471 3691 factus
1497 3651 1556 3691 es
1602 3636 1968 3691 Christianus.

393 3730 463 3784 Et
510 3744 671 3799 parva
714 3729 931 3798 quidem
969 3743 1033 3783 ac
1066 3729 1241 3782 tenuis
1279 3729 1489 3782 videtur
1530 3729 1644 3782 tunc
1672 3728 1973 3797 interroga.

396 3822 473 3875 tio
500 3839 513 3874 :
544 3834 729 3874 verum
760 3820 917 3890 pauci
946 3827 1091 3883 sunt,
1122 3820 1212 3887 qui
1252 3818 1565 3887 interrogati
1598 3829 1721 3889 apte
1748 3835 1973 3889 respon-

397 3912 580 3965 deant.
618 3910 831 3963 Etenim
876 3910 920 3963 si
957 3909 1320 3977 interrogatus
1367 3908 1599 3973 dixerit,
1644 3910 1779 3976 Quia
1834 3910 1974 3965 Deus

396 4001 588 4065 voluit,
620 4009 678 4053 ut
709 4000 1051 4054 Christianus
1090 4014 1265 4055 essem
1287 4038 1304 4063 ,
1350 4014 1454 4053 non
1501 4011 1646 4055 recte
1678 4003 1975 4071 responde-

397 4093 492 4148 rit.
523 4092 610 4154 Et,
648 4092 690 4143 si
726 4091 944 4155 dixerit,
979 4091 1113 4157 Quia
1148 4104 1248 4158 ego
1280 4091 1423 4144 volui
1455 4105 1576 4146 esse
1607 4091 1969 4158 Christianus,

399 4200 503 4239 non
539 4183 765 4251 pulchre
792 4182 1074 4250 loquetur;
1100 4183 1194 4237 sed
1230 4184 1426 4237 rectius
1453 4184 1523 4237 ita
1562 4183 1797 4238 dixerit:
1828 4183 1965 4249 Quia

402 4277 545 4330 Deus
570 4274 758 4337 voluit,
784 4274 1031 4342 equidem
1067 4273 1325 4327 voluntati
1362 4273 1455 4327 Dei
1488 4274 1754 4342 acquievi.

468 4366 661 4420 Interr.
694 4366 774 4418 An
810 4364 997 4419 voletis
1029 4374 1084 4419 et
1135 4373 1327 4433 sponte
1374 4364 1554 4421 factus
1596 4379 1656 4420 es
1702 4364 1972 4422 Christia-

399 4474 524 4522 nus,
554 4474 620 4511 an
653 4456 886 4510 invitus?

471 4548 624 4617 Resp.
668 4547 724 4602 Si
768 4548 979 4612 dixero,
1015 4546 1238 4616 Volens,
1277 4548 1542 4615 mentiar;
1578 4556 1633 4604 et
1664 4547 1711 4603 si
1755 4548 1964 4614 dixero,

2149 2910 2460 2978 Ἐρώτημα.
2499 2908 2597 2961 Διὰ
2630 2909 2683 2961 τί
2718 2908 2984 2980 ὑπάρχεις
3016 2907 3371 2978 Χριστιανόςς

2156 3003 2507 3068 Ἀπόκρισις.
2544 3000 2667 3053 Ὀτι
2715 2998 2957 3053 πιστεύω
3000 3001 3080 3063 εἰς
3118 3000 3210 3053 τὸν
3252 3001 3484 3072 Χριστὸν
3516 3003 3667 3061 Υῐδν

1994 3162 1997 3165 _
2070 3093 2166 3147 τοῦ
2198 3093 2354 3146 Θεοῦ.

2154 3186 2597 3250 Ἀνταπόδοσις.
2646 3184 2901 3255 Ἀμαθῶς
2933 3185 3025 3238 καὶ
3066 3184 3277 3253 ἀλόγως
3302 3184 3619 3256 ἀπεκρίθης
3638 3203 3654 3217 υ

2072 3276 2132 3329 οὑ
2161 3277 2268 3346 γὰρ
2299 3276 2508 3345 ἐρωτῶ,
2526 3274 2614 3327 διὰ
2638 3274 2689 3327 τί
2717 3273 2970 3342 ὀνομάζῃ
2999 3274 3319 3344 Χριστιανός
3337 3291 3350 3304 ’
3377 3273 3490 3327 ἀλλ’
3517 3274 3669 3327 αὐτὸ

2071 3367 2131 3419 τὸ
2164 3366 2372 3436 χρῆμα,
2416 3365 2501 3417 διὰ
2541 3365 2592 3418 τί
2626 3363 2893 3435 γέγυνας.
2926 3366 2990 3417 Et
3021 3364 3129 3435 γὰρ
3162 3364 3441 3437 ἠρώτησα,
3470 3366 3558 3420 διὰ
3604 3367 3665 3420 τί

2072 3457 2310 3531 ὀνομάζῃ
2339 3459 2680 3530 Χριστιανὸς.
2705 3457 2883 3520 καλῶς
2912 3458 3235 3529 ἀπεκρίθης
3255 3459 3376 3511 Ὅτι
3411 3476 3569 3511 πιστε
3644 3478 3663 3511 ι

2072 3552 2152 3614 εἰς
2188 3550 2279 3603 τὸν
2309 3550 2573 3619 Χριστόν·
2607 3549 2741 3602 ἀλλὰ
2788 3550 2887 3619 τὴν
2932 3550 3108 3603 αἰτίαν
3148 3549 3315 3620 ζητῶ,
3352 3549 3417 3601 δι’
3455 3550 3520 3619 ἢν
3554 3550 3667 3617 7i-

2071 3656 2234 3709 γονας
2267 3640 2609 3709 Χριστιανός.
2640 3640 2748 3692 Καὶ
2778 3638 2953 3710 μικρὰ
2988 3639 3088 3708 μὲν
3125 3639 3217 3692 καὶ
3243 3638 3384 3710 daily
3403 3639 3663 3707 φαίνεται

2071 3734 2105 3801 ἠ
2151 3730 2445 3802 ἐρώτησις,
2491 3730 2755 3799 ὀλίγοι-δὲ
2804 3730 2974 3801 αὐτὴν
3021 3731 3097 3803 (4)
3144 3734 3466 3804 προσφόρως
3510 3734 3659 3787 ἀπο-

2073 3822 2347 3894 κρίνονται
2374 3820 2743 3891 ἐρωτώμενοι.
2772 3823 2884 3874 Καὶ
2925 3824 3034 3893 γὰρ
3079 3823 3144 3877 ἂν
3172 3824 3248 3894 (5)
3293 3826 3419 3897 εἴπῃ
3454 3827 3483 3879 ό
3509 3828 3660 3897 ipso.

2073 3912 2334 3983 τώμενος,
2361 3914 2440 3966 ὃτι
2488 3914 2546 3966 '0
2571 3912 2701 3975 Θεὸς
2742 3912 3007 3984 ⁴ὴΘέλησεν
3037 3915 3122 3968 ἵνα
3154 3917 3269 3986 εἰμὶ
3294 3918 3657 3987 Χριστιανός·

2072 4005 2175 4057 οὐκ
2217 4001 2394 4074 ὀρθῶς
2428 4002 2725 4073 ἀπεκρίθη.
2755 4004 2873 4057 Κᾶν
2917 4005 3066 4076 εἴπῃ.
3096 4006 3177 4059 ὅτι
3232 4004 3373 4073 Ἐγὼ
3414 4006 3662 4076 ἠθέλησα

2075 4090 2214 4146 εἶναι
2238 4091 2579 4159 Χριστιανὸς,
2608 4092 2668 4144 οὐ
2698 4091 2879 4156 καλῶς
2906 4092 3074 4162 λέγει.
3112 4095 3273 4161 Ἀλλ’,
3306 4096 3427 4148 Ὀτι
3458 4096 3487 4147 ὀ
3519 4096 3663 4159 Θεὸς

2072 4182 2331 4254 ἠθέλησε,
2380 4181 2535 4249 κάγὼ
2584 4180 2826 4253 ἠθέλησα
2890 4182 3113 4255 θελῆσαι
3168 4185 3227 4237 τὸ
3292 4185 3500 4256 θέλημα
3558 4186 3662 4239 τοῦ

2001 4275 2044 4332 C
2077 4274 2236 4329 Θεοῦ.

2165 4358 2356 4430 Ἐρὼτ.
2398 4360 2578 4416 Θέλων
2642 4362 2872 4431 γέγονας
2938 4363 3300 4435 Χριστιανὸς,
3349 4365 3382 4436 ἢ
3437 4365 3512 4438 μὴ
3561 4364 3662 4419 Θέ-

2080 4453 2392 4616 λωζζπόκρ.
2438 4544 2557 4599 Κᾶν
2602 4542 2761 4607 εἴπω,
2794 4542 2995 4605 Θέλων,
3027 4541 3320 4613 ψεύδομαι*
3362 4542 3465 4595 κᾶν
3495 4541 3661 4604 εἴπω.

400 4638 625 4703 Nolens,
665 4652 852 4691 verum
894 4652 1000 4691 non
1041 4639 1241 4693 dicam.
1284 4638 1419 4693 Nam
1460 4656 1582 4695 eum
1626 4640 1804 4695 infans
1851 4650 1970 4697 tunc

2089 4637 2175 4709 Μὴ
2216 4638 2405 4700 θέλων,
2427 4636 2527 4689 οὐκ
2570 4632 2835 4703 ἀληθεύω.
2869 4633 3081 4705 Νὴπιος
3114 4634 3223 4705 γὰρ
3263 4633 3339 4686 ὢν
3368 4634 3509 4701 τότε,
3542 4632 3662 4687 οὔτ’

399 4746 599 4795 essent,
630 4745 805 4799 neque
837 4730 1127 4800 repugnavi
1157 4745 1329 4800 neque
1355 4734 1629 4786 consensi.

471 4824 668 4879 Interr.
719 4823 833 4892 Age
867 4837 1028 4889 vero,
1061 4823 1203 4876 unde
1242 4824 1386 4876 nosti
1433 4821 1576 4891 quod
1619 4822 1841 4876 omnino
1886 4822 1978 4877 ba-

2084 4729 2335 4783 ἁντεῖπον
2365 4726 2487 4780 οὔτε
2521 4725 2852 4797 κατεθέμην.

2163 4817 2353 4887 Ἐρώτ.
2394 4818 2561 4873 Πόθεν
2600 4820 2697 4889 (δὲ)
2746 4815 3097 4887 γιγνώσκεις,
3142 4817 3223 4870 ὅτι
3270 4817 3486 4879 πάντως
3530 4814 3664 4869 ἑδα-

401 4916 639 4986 ptizatus
670 4915 764 4968 es?
804 4913 966 4967 velim
998 4928 1029 4967 a
1067 4921 1120 4967 te
1150 4912 1390 4977 discere;
1424 4913 1659 4967 fortasse
1686 4914 1831 4968 enim
1862 4928 1970 4981 pro

2089 4910 2343 4983 πτίσθης,
2376 4911 2680 4984 παρακαλῶ
2717 4909 2935 4981 μαθεῖν·
2971 4910 3099 4972 ἴσως
3140 4909 3247 4979 γὰρ
3272 4909 3363 4961 καὶ
3396 4908 3523 4979 παρ’
3544 4907 3672 4961 όδδν

396 5005 573 5073 jectus
606 5019 665 5059 es
692 5004 866 5059 obiter
892 5018 921 5056 a
954 5003 1267 5071 parentibus
1298 5002 1423 5066 tuis,
1465 5004 1556 5072 qui
1597 5003 1807 5058 occulte
1846 5018 1983 5073 gen-

2088 5001 2325 5072 ὲσλήθης
2370 5001 2475 5054 ὑπὸ
2523 4999 2631 5053 τῶν
2670 5000 2813 5053 ἰδίων
2854 5000 3078 5067 γονέων,
3106 5000 3361 5070 κρυπτῶς
3396 4999 3665 5069 Ἐλλήνων

408 5095 528 5149 tiles
554 5104 744 5157 erant,
782 5103 836 5149 et
884 5094 1197 5162 neutiquam
1233 5100 1287 5147 te
1332 5093 1714 5161 baptizandum
1756 5106 1970 5147 curave-

2090 5094 2281 5158 ὄντων,
2318 5095 2413 5147 καὶ
2446 5093 2713 5165 μηδαμῶς
2741 5093 2901 5146 αὑτὸν
2937 5093 3015 5164 (6)
3059 5092 3455 5162 βαπισάντων.
3486 5090 3669 5145 Πολλὰ.

408 5196 552 5241 rant.
578 5186 741 5241 Multa
773 5186 916 5241 enim
945 5183 1213 5254 ejusmodi
1245 5184 1614 5255 contigerunt,
1645 5195 1701 5240 et
1725 5184 1970 5240 accidunt

2090 5186 2199 5257 γὰρ
2244 5185 2465 5239 τοιαῦτα
2520 5185 2745 5255 γέγονε,
2801 5184 2894 5239 καὶ
2941 5184 3151 5253 γίνεται
3202 5183 3368 5255 μέχρι
3415 5182 3511 5253 ’.ἧς
3559 5182 3663 5253 σή-

408 5278 586 5334 hodie.

483 5367 641 5437 Resp.
670 5368 804 5423 Novi
834 5370 1005 5426 veluti
1035 5384 1103 5425 ex
1118 5367 1347 5435 en‘ectu,’
1369 5368 1473 5441 (ut)
1503 5367 1745 5442 loquitur
1767 5366 1935 5427 Isaias
1962 5387 1977 5425 :

481 5506 657 5582 (3)__ln
692 5507 895 5582 Morelli
927 5510 1055 5566 edit.
1085 5511 1272 5568 titulus
1300 5511 1372 5565 ita
1409 5510 1749 5582 concipitur:
1778 5509 1840 5566 S.
1875 5509 1985 5564 Pa-

409 5576 507 5635 tris
545 5576 1055 5651 Hieronymiﬂrwci
1106 5583 1512 5637 commentarius
1544 5576 1608 5638 de
1650 5582 1841 5651 effectu
1888 5583 1985 5635 ba-

412 5648 589 5719 ptisgni
610 5658 661 5719 et
696 5652 829 5702 notis
862 5649 1169 5706 Christiani.

484 5716 565 5789 (4)
603 5717 679 5774 Ita
724 5734 827 5775 ms.
878 5719 1039 5777 Forte
1091 5720 1370 5793 legendum
1416 5722 1556 5795 αὐτῇ
1600 5729 1656 5779 et
1694 5720 1761 5779 ad
1812 5735 1982 5793 προσ-

2095 5295 2410 5436 μεεέἷὲόκρ.
2450 5367 2539 5431 Ὠς
2575 5368 2639 5420 ὲκ
2682 5366 2780 5437 τῆς
2835 5366 3141 5438 ἐνεργείαςο
3174 5362 3399 5437 (καθὼς)
3442 5362 3607 5437 «malis
3633 5369 3668 5421 ο

2091 5510 2273 5583 φόρως
2301 5508 2665 5583 referendum.
2703 5506 2863 5564 Eot'r.

2182 5582 2239 5646 5)
2276 5580 2407 5635 Κᾶν
2434 5579 2567 5649 γάρ,
2596 5593 2698 5632 ms.

2186 5651 2241 5723 6)
2280 5651 2486 5710 Morelt.
2512 5647 2763 5704 σεαυτόν.
