3858 6316
1289 425 1292 428 ’
1326 419 1415 477 DE
1453 420 1768 481 τινες.το
1809 421 2167 492 BAPTlSMI,
2204 423 2363 484 ETC.

199 543 470 607 Ἦσαταςο
506 542 610 598 Διὰ
655 541 762 598 nor
793 543 983 612 φόϐον
1029 555 1166 609 σου,
1212 543 1405 612 Κύριε,
1446 543 1516 598 ἐν
1561 541 1771 614 γαστρί

1902 539 2108 612 Propter
2155 553 2350 600 metum
2385 554 2565 612 luunt,
2609 543 2852 612 Domine,
2892 543 2953 601 in
2994 552 3168 600 ventre
3211 543 3447 610 conrepi-

193 636 496 706 ἆλὰϐομεν
534 635 632 689 καί
668 633 1050 706 ὠδινήσαμεν
1079 633 1178 688 καί
1212 634 1496 704 ἐτέκομεν
1532 633 1774 702 Πνεῦμα

1902 650 2020 699 nus,
2045 643 2095 689 et
2140 636 2439 706 peperimus
2488 636 2748 707 Spiritum
2789 635 2975 690 salutis
3002 635 3067 690 ι’.
3104 635 3162 691 In
3197 651 3306 705 quo
3349 637 3442 692 de-

195 729 498 795 σωτηριας
517 744 533 758 ο
565 726 762 799 δηλῶν,
791 728 874 785 ὃτι
901 727 963 781 τὸ
984 725 1208 796 Πνεῦμα
1235 725 1296 779 τδ
1327 725 1480 795 ἅγιον
1509 725 1774 796 ἐλάϐομεν

1902 724 2049 780 :larat
2081 741 2182 781 nos
2217 725 2476 795 Spiritum
2513 739 2762 782 sanctum
2811 729 3088 797 accepisse
3127 736 3276 793 tum,
3322 741 3444 780 cum

194 819 240 870 οί
268 817 632 885 φωτισθέντες
651 816 738 869 διὰ
764 814 858 869 τοῦ
890 815 1284 887 βαπτίσματος.
1316 816 1454 886 Φησὶ
1481 816 1586 887 γάρ
1615 815 1776 870 πάλιν

194 908 281 962 διὰ
308 907 410 960 τοῦ
453 911 736 979 προφήτου
782 909 811 961 ὀ
849 907 981 970 Θεὸς
1024 908 1153 981 περὶ
1193 905 1300 960 τῶν
1345 906 1774 977 βαπτιζομένων,

195 999 276 1052 ὅτι
337 998 675 1065 Ἐνοικήσω
741 998 811 1052 ἐν
890 999 1093 1062 αὐτοῖς
1154 998 1250 1051 καὶ
1299 997 1776 1067 ἐμπεριπατήσωο

198 1093 293 1144 καὶ
327 1090 414 1152 τδ,
451 1089 675 1158 ἐκχεῶ
707 1089 825 1143 ἀπὸ
864 1089 970 1143 τοῦ
1009 1089 1356 1158 Πνεύματός
1384 1105 1503 1157 μου
1533 1086 1631 1139 ἐπὶ
1670 1084 1780 1140 πᾶο

199 1195 322 1235 σαν
364 1179 586 1248 σάρκα.
616 1181 769 1232 Ὅσοι
799 1175 890 1232 οὖν
935 1180 997 1232 τὸ
1040 1179 1178 1232 Θείον
1223 1179 1444 1248 Πνεῦμα
1487 1178 1545 1230 έν
1585 1175 1782 1250 γαστρὶ

200 1269 394 1322 ἔλαϐον
427 1271 486 1321 ὲν
522 1267 600 1337 τῷ
633 1268 773 1338 ἁγίῳ
811 1267 1166 1337 βαπτίσματι,
1212 1267 1413 1321 ἔσωθεν
1455 1266 1562 1320 ἔσω
1611 1268 1670 1318 ὲν
1713 1267 1780 1336 τῇ

201 1361 419 1413 ἑαυτῶν
447 1360 645 1432 καρδίᾳ
687 1361 750 1414 ὲκ
785 1359 895 1412 τῶν
948 1359 1332 1429 σκιρτημάτων
1367 1358 1461 1413 καὶ
1494 1357 1783 1427 νυγμάτων

201 1453 297 1506 καί⁵
322 1452 749 1522 ἀγαλλιαμάτων
782 1451 875 1504 καὶ¹
903 1451 1293 1522 ἐνεργημάτων
1328 1448 1489 1519 (καὶ),
1517 1448 1584 1501 ἶν’
1612 1445 1786 1510 οὕτως

203 1543 364 1602 εἴπω,
403 1541 741 1612 πηδημάτων
767 1543 865 1612 τῆς
898 1540 1065 1594 αὑτοῦ
1104 1544 1344 1610 χάριτος,
1381 1537 1787 1610 πληροφοροῦν·

200 1647 296 1686 ται
322 1633 381 1684 ὲν
413 1635 479 1703 τῇ
507 1631 687 1685 αὐτῶν
714 1630 928 1704 καρδίᾳ.
957 1633 1038 1686 ὅτι
1071 1630 1489 1702 βεϐαπτισμένοι
1514 1627 1670 1681 είσίν.
1689 1627 1788 1680 Οὗ-

201 1723 317 1786 δεὶς
368 1725 481 1795 γὰρ
523 1723 812 1795 ἄνθρωπος
863 1723 1197 1786 ἀϐάπτιστος
1240 1723 1332 1774 ἐπὶ
1361 1721 1462 1792 τῆς
1511 1721 1644 1790 γῆς,
1689 1719 1788 1790 τῆς

202 1814 466 1884 τοιαύτης
507 1815 727 1886 χάριτος
752 1815 786 1884 ἢ
815 1815 1092 1886 ἐνεργείας
1133 1814 1375 1885 εὐπορεῖ,
1404 1812 1438 1883 ἢ
1473 1811 1786 1866 αἰσθάνεται

205 1907 463 1970 πώποτε,
661 1877 840 1970 πάσας
889 1877 988 1970 τὰς
1039 1877 1285 1970 ἐντολὰς.
1315 1877 1787 1965 καὶ-δικαιοσύνας
1818 1877 1862 1932 Β

206 1999 436 2069 ἐπιτελῇ
471 1997 566 2050 τοῦ
590 1997 747 2062 Θεοῦ,
780 1999 828 2050 εί
861 1997 936 2069 μὴ
965 1998 1015 2050 οἱ
1037 1996 1104 2049 δι’
1133 1996 1322 2059 ῦδατος
1351 1995 1446 2048 καὶ
1474 1993 1790 2065 Πνεύματος

206 2089 267 2141 ἑν
303 2086 506 2158 γαστρὶ
548 2087 802 2150 λαϐόντες
823 2127 838 2151 ,
885 2089 978 2140 καὶ
1028 2087 1232 2157 ταύτην
1281 2087 1634 2157 φυλάττοντες
1688 2102 1790 2138 κα-

207 2176 388 2249 οαράν
423 2179 518 2231 καὶ
551 2179 835 2248 ἀμίαντον.
860 2179 1071 2248 Ὠσπερ
1112 2177 1222 2249 γάρ
1250 2178 1282 2247 ή
1315 2178 1453 2248 γυνὴ
1500 2176 1699 2246 ἔχουσα
1731 2177 1791 2228 ὲν

204 2271 409 2341 γαστρὶ
457 2267 774 2322 αίσθάνεται
812 2267 921 2321 τῶν
967 2268 1357 2338 σκιρτημάτων
1397 2267 1492 2319 τοῦ
1558 2265 1791 2336 βρέφους

206 2361 359 2416 ινδον
407 2360 607 2431 αὐτῆς·
641 2358 786 2412 οὕτω
833 2360 930 2412 καὶ
967 2359 1120 2412 αὐτοὶ
1169 2361 1234 2411 ὲκ
1283 2357 1384 2427 τῆς
1434 2355 1793 2427 ἐγγινομένης

206 2453 390 2524 χαρᾶς
424 2452 520 2504 καὶ
547 2450 885 2522 εὐφροσύνης
916 2451 1012 2503 καὶ
1049 2448 1421 2516 ἀγαλλιάσεως
1457 2449 1515 2498 ὲν
1554 2449 1621 2517 τῇ
1666 2463 1796 2516 καρ-

206 2545 299 2615 δίᾳ
333 2541 537 2608 αὐτῶν,
583 2539 964 2610 γινώῖκουσιν,
1013 2540 1094 2592 ὅτι
1145 2539 1206 2592 τὸ
1235 2537 1462 2608 Πνεῦμα
1512 2535 1605 2589 τοῦ
1657 2537 1792 2588 Θεοῦ

207 2638 354 2689 οἰκεῖ
385 2635 443 2688 ὲν
470 2634 674 2698 αὐτοῖς,
701 2633 838 2702 ὅπερ
870 2631 1197 2702 ἐκομίσαντο
1227 2631 1286 2683 ὲν
1316 2629 1394 2700 τῷ
1422 2629 1791 2701 βαπτίσματι·

206 2728 342 2799 περὶ
373 2726 580 2794 ταύτης
615 2724 725 2796 γὰρ
762 2726 860 2797 τῆς
893 2723 1116 2795 χάριτος
1148 2722 1242 2774 τοῦ
1287 2723 1442 2790 ἁγίου
1490 2722 1797 2791 βαπτίσμα-

205 2833 300 2880 τος
327 2816 407 2886 (7)
445 2811 596 2868 εἶπεν
632 2817 662 2867 ὁ
691 2814 945 2884 Χριστὸς,
989 2813 1072 2866 ὅτι
1111 2811 1182 2867 Ἠ
1211 2811 1501 2876 ,βασιλεία
1539 2809 1656 2864 τῶν
1696 2811 1798 2864 οὐ·

197 2903 412 2974 ραι-ὧν
442 2905 616 2971 ἐντὸς
660 2901 828 2972 ὑμῶν
870 2903 1029 2956 ἐστι·
1074 2902 1168 2955 καὶ
1215 2896 1402 2963 αὖθις·
1451 2900 1580 2968 Πῦρ
1608 2896 1828 2970 ἦλθον.

200 2998 432 3070 ,ϐαλεῖν
485 2997 585 3050 ἐπὶ
634 2994 750 3066 τὴν
810 2993 949 3066 γῆν,
1000 2992 1099 3046 καί
1159 2991 1381 3062 ἤθελον
1438 2991 1514 3063 (8)
1567 2993 1620 3045 ει
1679 2989 1798 3061 ἤδη

208 3091 478 3158 ἀνήφθη.

1877 816 2161 873 illuminati
2228 833 2416 874 sumus
2471 833 2568 888 per
2623 819 2914 887 baptisma.
2966 819 3056 873 Ait
3099 818 3242 872 enim
3304 818 3448 873 Dens

1878 925 2067 963 rursus
2097 924 2194 978 per
2229 911 2565 980 prophetam,
2607 910 2674 964 de
2705 909 2769 963 iis
2809 911 2900 979 qui
2937 909 3316 980 baptiaantur:
3351 907 3447 962 In-

1879 998 2124 1053 habitabo
2143 999 2197 1050 in
2226 1000 2356 1062 illis,
2376 1010 2422 1052 et
2455 999 2790 1058 innmbutabo
2813 999 2878 1054 “.
2913 996 3148 1065 Itemque
3175 997 3448 1067 :Eﬂundo

1880 1089 1944 1142 de
1997 1087 2197 1158 Spiritu
2235 1106 2346 1143 meo
2381 1107 2538 1154 super
2585 1106 2788 1145 omnem
2839 1105 3050 1144 carnem
3073 1090 3140 1142 ".
3172 1087 3448 1158 Quotquot

1882 1178 2050 1247 igitur
2091 1179 2328 1231 divinum
2373 1177 2634 1248 Spiritum
2672 1179 2724 1232 in
2767 1187 2965 1232 ventre
2992 1189 3346 1248 acceperunt,
3393 1179 3449 1233 in

1884 1282 2074 1325 sancto
2118 1269 2464 1338 baptismate,
2513 1270 2660 1325 intus
2693 1272 2744 1324 in
2782 1271 2988 1325 intimis
3019 1269 3352 1339 praecordiis,
3382 1283 3452 1325 ea

1885 1363 2286 1432 agitationibus,
2329 1362 2658 1416 mulionibus
2686 1371 2740 1416 et
2783 1361 3188 1430 punctionibus,
3216 1361 3455 1414 exsulta-

1887 1453 2120 1506 tionibus
2149 1461 2203 1506 et
2236 1452 2664 1520 Operationibns,
2704 1459 2884 1520 atque,
2926 1463 2984 1504 nt
3012 1451 3086 1505 ita
3115 1451 3316 1514 dicam,
3349 1450 3460 1504 sal-

1888 1543 2182 1596 tationibus
2231 1543 2421 1614 gratia:
2455 1541 2712 1612 Spiritus,
2756 1541 3060 1596 certissime
3105 1549 3369 1596 noverunt
3401 1540 3454 1596 in

1889 1635 2005 1688 imo
2031 1633 2210 1689 cordis
2244 1633 2350 1696 sui,
2398 1633 2540 1704 quod
2591 1633 2844 1701 baptizati
2895 1643 3056 1697 sunt;
3106 1632 3280 1687 nullus
3311 1631 3456 1685 enim

1891 1727 2052 1780 homo
2079 1741 2182 1779 non
2212 1725 2416 1780 tinctus.
2435 1727 2698 1793 baptismo
2721 1725 2774 1778 in
2803 1733 2967 1788 terra,
2994 1722 3254 1792 ejusmodi
3286 1722 3460 1791 gratia

1892 1825 1987 1868 aut
2039 1815 2230 1870 etfectu
2283 1815 2565 1879 abundat,
2609 1821 2702 1866 aut
2759 1813 2919 1880 plane
2970 1810 3286 1880 perfruitur,
3334 1806 3464 1860 licet

1890 1907 2068 1962 omnia
2103 1905 2193 1960 Dei
2229 1905 2482 1958 mandata
2505 1913 2559 1958 et
2592 1901 2820 1971 iustitia:
2851 1918 3018 1972 opera
3048 1901 3310 1971 perﬁciat.
3340 1897 3470 1954 Soli.

1891 2000 1942 2054 id
1989 2007 2356 2068 assequuntur
2398 1998 2488 2065 qui
2525 2011 2620 2064 per
2669 2012 2862 2064 aquam
2902 2004 2956 2048 et
3004 1994 3264 2062 Spiritum
3309 2007 3464 2060 rege-

1891 2091 2062 2144 nerati
2101 2097 2254 2152 sunt,
2289 2096 2345 2160 et
2385 2088 2621 2153 Spiritus
2672 2086 2846 2141 sancti
2897 2086 3127 2152 gratiam
3172 2085 3224 2138 in
3274 2092 3472 2136 ventre

1891 2189 2246 2247 acceperunt,
2265 2192 2494 2248 eamque
2523 2192 2712 2246 puram
2766 2186 2934 2246 atque
2968 2169 3309 2243 impollutam
3331 2189 3470 2226 com-

1892 2281 2134 2325 servant.
2164 2269 2234 2326 Ut
2262 2272 2407 2324 cuitu
2454 2270 2648 2324 mulier
2672 2281 2885 2322 uterum
2933 2281 3128 2337 gerens
3157 2265 3322 2320 sentit
3350 2277 3468 2320 mo-

1894 2363 2068 2417 tiones
2110 2360 2253 2417 fctus
2301 2363 2444 2416 intra
2475 2374 2533 2416 se
2563 2401 2579 2426 ,
2615 2361 2688 2415 ita
2731 2365 2896 2413 etiam
2931 2359 3021 2413 itti-
3060 2372 3125 2412 es
3163 2358 3334 2427 gratia
3380 2357 3468 2410 its-

1900 2464 2024 2508 nata
2071 2463 2124 2508 et
2178 2453 2362 2507 latitia
2408 2462 2464 2505 et
2514 2452 2879 2506 exsultatione
2935 2464 3058 2519 qua
3115 2449 3169 2502 in
3211 2448 3473 2502 cordibus

1895 2544 2132 2613 ipsorum
2171 2552 2275 2608 est,
2307 2549 2643 2611 cognoscunt
2679 2542 2818 2609 quod
2853 2540 3090 2610 Spiritus
3125 2537 3218 2608 Dei
3260 2535 3470 2591 habitat

1896 2635 1950 2688 in
1977 2634 2170 2704 seipsis
2198 2651 2212 2688 :
2243 2647 2402 2700 quem
2435 2632 2652 2700 quidem
2679 2637 3010 2698 acceperunt
3037 2629 3090 2684 in
3120 2627 3468 2697 baptismate.

1896 2725 2108 2781 Etenim
2138 2725 2204 2780 de
2239 2725 2342 2778 bac
2374 2724 2548 2793 gratia
2581 2721 2756 2778 sancti
2790 2720 3134 2790 baptismatis
3158 2718 3294 2774 dixit
3317 2717 3474 2773 Cbri-

1897 2827 2015 2873 stus
2049 2835 2062 2870 :
2095 2815 2333 2885 Regnum
2375 2816 2624 2869 calorum
2658 2815 2800 2867 intra
2820 2828 2907 2867 vos
2946 2821 3020 2867 est
3047 2810 3124 2876 υς
3152 2820 3209 2866 et
3237 2823 3427 2865 rursus
3453 2825 3476 2864 :

1897 2911 2078 2979 Ignem
2128 2908 2238 2963 veni
2267 2907 2474 2960 mittere
2505 2908 2560 2960 in
2599 2915 2816 2973 terram,
2850 2913 2899 2959 et
2935 2903 3069 2974 quid»
3110 2905 3244 2969 voto,
3281 2902 3383 2956 nisi
3416 2909 3478 2954 at

1892 3004 2010 3074 jam
2037 3007 2220 3057 ardeat
2246 3000 2329 3055 "i

531 3178 640 3233 Kal.
677 3178 782 3240 πᾶς
813 3175 1098 3247 ἄνθρωπος
1128 3141 1344 3246 ἰδιώτης
1383 3175 1477 3229 καὶ
1504 3173 1685 3245 σοφὸς,
1713 3171 1798 3226 διὰ

1973 3178 2173 3235 Interr.
2201 3179 2284 3232 An
2317 3179 2496 3234 omnis
2530 3180 2712 3243 homo,
2754 3177 3001 3232 indoctus
3037 3183 3094 3228 et
3127 3172 3338 3235 doctus,
3381 3183 3480 3240 per

207 3274 418 3344 ταύτης
447 3272 614 3342 μόνης
639 3273 738 3344 τῆς
769 3269 1095 3334 ἀποδείξεως
1123 3266 1403 3336 γινώσκει,
1433 3267 1515 3320 ὅτι
1549 3266 1804 3338 βεϐάπτι-

210 3382 360 3428 σται,
392 3365 490 3417 καὶ
521 3363 581 3415 ού
620 3363 684 3416 οι’
711 3362 871 3416 ἀλλου
902 3360 1220 3430 οἱουδὴποτε
1251 3358 1487 3430 τρόπου;

295 3455 530 3521 Ἀπόκρ.
582 3453 646 3506 Ἦ
703 3451 910 3523 ἀληθὴς
960 3450 1054 3504 καὶ
1092 3448 1336 3520 ἀπλανὴς
1380 3447 1656 3515 ἀπόδειξις
1707 3444 1802 3501 τοῦ

209 3541 547 3616 Χριστιανοῦ
595 3541 734 3612 αῦτη
784 3541 931 3594 ἐστί’
988 3541 1081 3594 καὶ
1127 3540 1359 3595 ἄκουσον
1412 3538 1626 3592 Παύλου
1668 3537 1806 3608 πρός

208 3652 370 3699 τινας
413 3623 773 3703 ἀγκαλοῦντος
806 3633 901 3687 καὶ
943 3631 1224 3700 λέγοντος·
1258 3628 1333 3690 Ἦ
1379 3633 1490 3686 οὐκ
1539 3628 1806 3700 ἐπιγινώ-

211 3740 420 3789 σκετε,
467 3725 558 3779 ὅτι
607 3722 836 3792 Ἰησοῦς
905 3722 1156 3791 Χριστὸς
1207 3721 1360 3777 οικεῖ
1413 3722 1482 3775 ἐν
1525 3720 1702 3791 ὐμῐν;
1754 3722 1809 3774 εί

208 3817 296 3889 μή
331 3834 388 3871 τι
435 3815 549 3885 ἆρα
585 3815 855 3885 ἀδόκιμοί
893 3815 1057 3872 ἐστε.
1109 3813 1309 3878 Καθὼς
1347 3813 1456 3884 γὰρ
1502 3809 1676 3879 εἶπον,
1725 3813 1808 3865 ὅτι

214 3906 412 3976 ὥσπερ
447 3907 483 3986 η
514 3907 572 3958 ὲν
621 3906 822 3976 γαστρὶ
857 3905 1055 3976 ἔχουσα
1087 3905 1187 3959 οὑκ
1225 3904 1332 3958 ἀπὸ
1367 3905 1649 3976 ῥημάτων,
1693 3903 1807 3958 ἀλλ’

212 3995 329 4050 ἀπὸ
363 3996 440 4067 (9)
484 3995 829 4068 πραγμάτων
875 3994 969 4048 καὶ
1015 3994 1122 4049 τῶν
1167 3993 1261 4047 τοῦ
1307 3993 1541 4066 βρέφους
1580 4010 1808 4064 σκιρτη-

217 4090 410 4160 μάτων
451 4086 709 4154 γινώσκει
739 4085 1004 4156 ἀκριϐῶς,
1037 4086 1118 4140 ὅτι
1165 4086 1487 4140 συνέλαϐεν·
1525 4085 1667 4140 οὕτω
1716 4088 1811 4141 καὶ

213 4182 244 4234 ὁ
277 4177 490 4248 ἀληθὴς
521 4176 844 4248 Χριστιανὸς
873 4177 974 4229 οὑκ
1017 4175 1076 4241 ἐξ
1113 4177 1283 4247 ἀκοῆς
1325 4176 1529 4248 γονέων
1562 4178 1669 4231 τῶν
1709 4177 1810 4249 βα·

215 4274 554 4334 πτισάντων,
585 4271 705 4324 οὐδὲ
735 4270 794 4336 ἐξ
824 4270 1014 4341 ἐτέρου
1063 4269 1286 4341 τρόπου,
1319 4270 1434 4324 ἀλλ’
1465 4273 1530 4324 ὲκ
1574 4270 1675 4341 τῆς
1714 4272 1813 4324 αύ-

215 4365 314 4419 τοῦ
345 4363 576 4434 καρδίας
595 4363 797 4433 ὀφείλει
820 4364 920 4433 τὴν
945 4362 1314 4434 πληροφορίαν
1336 4362 1501 4433 ἔχειν,
1517 4363 1598 4416 ὅτι
1623 4362 1814 4416 ἔλαϐεν

215 4459 280 4512 τὺ
316 4459 478 4526 ἅγιον
505 4456 808 4528 βάπτισμα,
837 4456 934 4509 καὶ
971 4455 1053 4509 ὃτι
1080 4455 1305 4527 ἠξίωται
1333 4455 1426 4509 τοῦ
1459 4456 1615 4525 ἀγίου
1649 4456 1814 4509 Πνεύ-

1907 3269 2046 3323 banc
2079 3267 2246 3323 solam
2277 3267 2817 3330 demonstrationem,
2843 3271 2900 3319 et
2939 3277 3045 3318 non
3081 3276 3176 3332 per
3205 3261 3370 3315 alium
3399 3257 3481 3312 ul-

1906 3358 2017 3414 lum
2052 3359 2294 3423 modum,
2329 3360 2478 3413 novit
2507 3373 2568 3412 se
2597 3357 2928 3426 baptizatum
2964 3353 3122 3409 esse?

1975 3451 2131 3520 Resp.
2177 3448 2314 3504 Vera
2363 3459 2417 3504 et
2465 3448 2534 3502 ab
2581 3448 2730 3502 omni
2787 3459 2975 3501 errore
3024 3443 3196 3498 libera
3248 3442 3478 3496 demon-

1905 3546 2097 3601 stratio
2129 3542 2421 3597 Christiani
2474 3542 2590 3596 haec
2628 3549 2734 3596 est.
2785 3539 2852 3593 Et
2893 3538 3019 3592 audi
3063 3534 3284 3592 Paulum
3336 3534 3477 3603 apud

1907 3639 2168 3707 quosdam
2203 3643 2646 3704 conquerentem,
2672 3639 2727 3686 et
2755 3629 2991 3685 aientem
3020 3644 3037 3682 :
3068 3629 3149 3682 An
3180 3641 3283 3679 non
3317 3639 3485 3694 agno-

1906 3711 2050 3785 scitis
2120 3729 2257 3800 quod
2307 3725 2466 3780 Iesus
2515 3723 2755 3778 Christus
2801 3721 3003 3775 habitat
3045 3720 3101 3772 in
3150 3716 3336 3773 vobis?
3381 3713 3483 3768 nisi

1907 3822 2042 3892 forte
2094 3819 2298 3888 reprobi
2346 3819 2470 3872 estis
2495 3817 2564 3872 “.
2625 3813 2697 3870 Ut
2750 3815 2893 3870 enim
2938 3810 3088 3875 dixi,
3129 3822 3252 3879 qua:
3293 3804 3487 3862 mulier

1911 3925 2126 3968 uterum
2162 3912 2321 3983 gerit,
2358 3927 2464 3966 non
2509 3908 2717 3972 verbis,
2759 3905 2853 3960 sed
2883 3904 3046 3959 rebus
3075 3901 3208 3971 ipsis
3239 3908 3294 3954 et
3342 3896 3486 3952 fetus

1911 4003 2244 4058 motionibus
2284 3999 2563 4072 cognoscit
2612 4005 2864 4052 accurate
2905 4008 2966 4050 se
3013 3991 3326 4060 concepisse
3354 4024 3372 4054 ,
3410 3987 3485 4042 ita

1909 4106 1966 4150 et
2003 4109 2164 4150 verus
2195 4080 2540 4150 Christianus
2580 4105 2686 4146 non
2737 4103 2805 4144 ex
2845 4086 3030 4142 auditu
3073 4089 3352 4154 parentum
3389 4077 3484 4150 qui

1911 4186 2329 4256 baptisaverunt
2376 4186 2586 4254 ipsum,
2624 4195 2804 4252 neque
2853 4177 2964 4234 ullo
2995 4175 3102 4231 alio
3143 4173 3304 4228 modo
3342 4185 3484 4238 prae.

1913 4287 2160 4346 terquam
2192 4293 2259 4332 ex
2293 4280 2456 4332 corde
2489 4289 2590 4332 suo
2626 4282 2832 4328 certam
2881 4267 3241 4339 cognitionem
3289 4262 3489 4318 habere

1911 4370 2094 4435 debet,
2121 4369 2263 4438 quod
2301 4366 2574 4436 acceperit
2602 4375 2848 4420 sanctum
2879 4359 3170 4428 baptisma,
3204 4365 3261 4410 et
3293 4354 3489 4423 dignus

1917 4457 2092 4513 factus
2128 4457 2199 4512 sit
2224 4455 2426 4525 Spiritu
2460 4461 2669 4508 sancto.
2703 4450 2997 4519 Propterea
3041 4445 3179 4501 dixit
3216 4445 3285 4498 ad
3326 4457 3493 4513 quos-

219 4567 419 4626 ματος.
465 4549 565 4604 Διά
605 4548 762 4604 τοῦτο
808 4548 961 4618 ἔλεγε
1009 4547 1146 4620 πρός
1189 4565 1342 4611 τινας
1387 4549 1416 4602 ὁ
1456 4545 1701 4611 Παῦλος·
1741 4547 1798 4602 Τὸ

1916 4550 2040 4602 dam
2079 4545 2222 4601 idem
2269 4543 2490 4606 Paulus,
2527 4541 2788 4611 Spiritum
2824 4554 2887 4593 ne
2918 4534 3261 4606 exstinguatis
3282 4535 3352 4598 “,
3386 4533 3493 4588 hoc

215 4640 471 4711 Πνεῦμα
502 4639 587 4711 μὴ
619 4639 932 4705 σϐέννυτε,
962 4641 1129 4712 ἡγουν
1171 4640 1246 4712 μὴ
1277 4637 1503 4711 διώξητε
1529 4655 1544 4671 ·
1577 4638 1692 4706 καὶ,
1714 4636 1812 4706 Μὴ

217 4733 476 4791 λυπεῖτε
509 4735 576 4787 τὸ
599 4734 842 4804 Πνεῦμα
887 4732 954 4786 τὸ
987 4733 1179 4804 ἅγιον,
1205 4733 1275 4788 ἐν
1301 4724 1350 4798 ᾧ
1371 4732 1816 4802 ἐσφραγίσθητε

216 4831 313 4894 εὶς
352 4824 585 4895 ἡμέραν
632 4823 1109 4894 ἀπολυτρώσεως
1130 4843 1145 4856 ’
1192 4825 1287 4878 καὶ
1326 4824 1487 4878 πάλιν
1508 4840 1522 4855 ’
1572 4825 1654 4878 Οὐ
1704 4821 1814 4893 γὰρ

218 4919 476 4976 ἐλάϐετε
546 4917 786 4987 πνεῦμα
858 4916 1177 4984 δουλείας,
1242 4917 1381 4974 ἀλλ’
1443 4916 1810 4984 ἐλευθερίας.

221 5010 450 5081 Ταύτην
483 5007 583 5080 τὴν
626 5009 788 5080 χάριν
828 5007 1105 5072 ἀπολέσας
1144 5009 1173 5061 ὁ
1211 5007 1394 5073 Δαυῒδ,
1427 5007 1515 5062 διὰ
1549 5008 1650 5077 τῆς
1691 5023 1810 5079 μοι-

221 5103 418 5179 χείας,
462 5101 762 5174 παρεκάλει
813 5099 906 5156 τὸν
959 5100 1114 5166 Θεὸν,
1183 5099 1388 5169 λέγων’
1439 5099 1679 5165 Ἀπόδος
1711 5115 1816 5169 μοι

222 5196 346 5265 τὴν
383 5194 754 5264 ἁγαλλίασιν
785 5195 892 5249 τοῦ
933 5194 1254 5263 σωτηρίου,
1285 5193 1386 5246 καὶ
1433 5192 1678 5262 Πνεῦμα
1714 5193 1817 5246 εὐ-

221 5289 334 5357 θὲς
369 5289 720 5358 ἐγκαίνισον
753 5287 824 5341 ἐν
856 5287 983 5355 τοῖς
1017 5285 1289 5357 ἐγκάτοις
1322 5303 1464 5355 μου.
1503 5285 1691 5356 Ὁρᾷς,
1735 5283 1817 5338 ὅτι

222 5383 345 5446 [aut
369 5383 428 5437 ὲν
459 5383 574 5445 τοῖς
592 5378 686 5434 τοῦ
723 5378 917 5434 πιστοῦ
947 5381 1192 5434 κατοικεῖ
1209 5378 1271 5432 τὸ
1298 5377 1525 5432 Πνεῦμα
1551 5377 1614 5432 τὸ
1641 5377 1815 5446 ἆγιον.

1917 4649 2004 4694 est
2032 4653 2100 4694 ne
2132 4633 2571 4708 persequamini;
2600 4644 2656 4689 et
2681 4653 2694 4688 :
2719 4630 2803 4687 Ne
2839 4626 3215 4685 contristentini
3238 4624 3493 4695 Spiritum

1918 4743 2183 4796 sanctum,
2229 4730 2380 4801 cujus
2421 4725 2592 4798 sigillo
2620 4723 2814 4796 signati
2859 4722 2980 4776 estis
3026 4719 3094 4773 ad
3125 4719 3263 4772 diem
3300 4717 3494 4770 libera-

1917 4822 2078 4877 tionis
2100 4823 2176 4886 ”;
2219 4829 2277 4876 et
2316 4833 2550 4876 rursus:
2589 4814 2712 4871 Non
2767 4813 2904 4869 enim
2943 4810 3213 4880 accepistis
3251 4807 3494 4876 spiritum

1917 4915 2199 4978 servitutis,
2246 4913 2334 4968 sed
2375 4913 2631 4967 libertatis
2653 4909 2720 4964 “.
2766 4906 2937 4962 Porro
2973 4920 3094 4958 cum
3142 4899 3311 4956 David
3357 4898 3497 4954 hanc

1920 5007 2148 5079 gratiam
2203 5005 2476 5060 amisisset
2525 5018 2621 5074 per
2669 4997 3027 5062 adulterium,
3072 4993 3266 5050 orabat
3324 4989 3494 5045 Deum

1921 5098 2146 5153 dicens:
2178 5093 2355 5150 Redde
2395 5094 2526 5148 mihi
2573 5091 2813 5147 laetitiam
2846 5087 3120 5150 salutaris,
3148 5093 3198 5138 et
3241 5081 3499 5150 Spiritum

1924 5201 2121 5246 rectam
2154 5191 2353 5244 innoea
2384 5189 2440 5242 in
2469 5185 2751 5242 visceribus
2780 5183 2909 5237 meis
2933 5179 3002 5234 “.
3039 5178 3175 5246 Quia
3209 5177 3263 5233 in
3294 5174 3500 5233 intimis

1924 5279 2170 5334 sensibus
2223 5276 2396 5332 ﬁdelis
2429 5273 2637 5329 habitat
2675 5269 2910 5342 Spiritus
2949 5276 3189 5322 sanctus.
3219 5262 3492 5320 Caeterum

1927 5381 2089 5446 prout
2129 5373 2362 5442 quisque
2417 5375 2599 5424 servat
2649 5363 2870 5420 domum
2923 5359 3006 5417 sui
3047 5356 3228 5414 cordis
3270 5367 3485 5427 puram,

306 5544 354 5577 "
392 5543 790 5601 lsa.xxvn.18.
895 5542 940 5575 ⁸⁸
977 5541 1110 5598 Lev.
1155 5557 1307 5607 τινι,
1351 5541 1450 5603 12;
1491 5539 1532 5593 11
1574 5538 1700 5593 Cor.
1751 5553 1798 5594 νι

1902 5537 1947 5592 Β.
2024 5538 2068 5570 ³⁷
2104 5533 2217 5607 ioci
2248 5547 2309 5600 ιι,
2348 5529 2661 5607 τες-Δια,-
2683 5541 2745 5607 ll,
2809 5522 2898 5580 16.
2932 5606 2940 5607 7
2975 5519 3360 5607 "iugum":
3403 5511 3500 5607 .

226 5614 280 5650 "
323 5613 455 5670 an.
487 5629 598 5679 xu,
631 5600 722 5669 49.
799 5613 845 5646 ⁸⁸
884 5613 927 5670 ιι
959 5614 1085 5670 Cor.
1129 5628 1251 5681 xm,
1281 5600 1337 5669 3.
1413 5600 1457 5644 ’l
1501 5609 1519 5666 l
1558 5608 1750 5666 Thess.
1783 5624 1798 5662 ι

1903 5609 1956 5665 9.
2035 5608 2080 5640 “
2114 5605 2312 5675 pres.
2339 5618 2415 5669 tv,
2449 5600 2541 5656 50.

303 5754 385 5822 (7i
424 5754 524 5810 ηε.
551 5753 878 5823 πνεύματος.

308 5825 396 5900 (8)
428 5824 541 5894 ιι..
566 5825 625 5884 τι
654 5823 818 5881 θέλω.

2615 5577 2662 5632 δ’
2684 5577 2991 5662 suum",
3011 5590 3067 5648 5.
3106 5586 3153 5620 ³⁵
3166 5582 3313 5642 P881.
3334 5577 3388 5647 ι,
3410 5577 3498 5636 13-

1997 5748 2078 5821 (9)
2129 5746 2266 5804 Ἀπό
2295 5744 2445 5804 deest
2471 5743 2525 5800 in
2563 5757 2666 5799 ms.
