  <div class='ocr_page' id='page_1' title='image "/cluster/home/n/w/nwhite01/storage/ocr_20150623/40/hvd.32044019207786/450.png"; bbox 0 0 3858 6372; ppageno 0'>
   <div class='ocr_carea' id='block_1_1' title="bbox 173 263 274 320">
    <p class='ocr_par' dir='ltr' id='par_1_1' title="bbox 173 263 274 320">
     <span class='ocr_line' id='line_1_1' title="bbox 173 263 274 320; baseline 0 0"><span class='ocrx_word' id='word_1_1' title='bbox 173 263 274 320; x_wconf 70' lang='grc' dir='ltr'>ωδ</span> 
     </span>
    </p>
   </div>
   <div class='ocr_carea' id='block_1_2' title="bbox 1593 243 1966 303">
    <p class='ocr_par' dir='ltr' id='par_1_2' title="bbox 1593 243 1966 303">
     <span class='ocr_line' id='line_1_2' title="bbox 1593 243 1966 303; baseline 0.003 -3"><span class='ocrx_word' id='word_1_2' title='bbox 1593 245 1682 302; x_wconf 84' lang='lat' dir='ltr'><strong>DE</strong></span> <span class='ocrx_word' id='word_1_3' title='bbox 1720 243 1966 303; x_wconf 83' lang='lat' dir='ltr'><strong>CRUCE.</strong></span> 
     </span>
    </p>
   </div>
   <div class='ocr_carea' id='block_1_3' title="bbox 3315 251 3424 308">
    <p class='ocr_par' dir='ltr' id='par_1_3' title="bbox 3315 251 3424 308">
     <span class='ocr_line' id='line_1_3' title="bbox 3315 251 3424 308; baseline -0.009 -1"><span class='ocrx_word' id='word_1_4' title='bbox 3315 251 3424 308; x_wconf 74' lang='grc'><strong>868</strong></span> 
     </span>
    </p>
   </div>
   <div class='ocr_carea' id='block_1_4' title="bbox 173 359 1752 441">
    <p class='ocr_par' dir='ltr' id='par_1_4' title="bbox 173 363 1742 441">
     <span class='ocr_line' id='line_1_4' title="bbox 173 363 1742 441; baseline -0.012 -6"><span class='ocrx_word' id='word_1_5' title='bbox 173 382 292 436; x_wconf 78' lang='grc' dir='ltr'><strong>οὐκ</strong></span> <span class='ocrx_word' id='word_1_6' title='bbox 315 377 542 441; x_wconf 65' lang='lat' dir='ltr'><strong>alacre,</strong></span> <span class='ocrx_word' id='word_1_7' title='bbox 569 376 659 429; x_wconf 86' lang='grc' dir='ltr'><strong>ὅτι</strong></span> <span class='ocrx_word' id='word_1_8' title='bbox 685 370 756 426; x_wconf 84' lang='grc' dir='ltr'>τὰ</span> <span class='ocrx_word' id='word_1_9' title='bbox 785 370 1029 440; x_wconf 73' lang='grc' dir='ltr'>σώματα</span> <span class='ocrx_word' id='word_1_10' title='bbox 1063 365 1231 436; x_wconf 79' lang='grc' dir='ltr'><strong>ὑμῶν</strong></span> <span class='ocrx_word' id='word_1_11' title='bbox 1244 365 1392 431; x_wconf 77' lang='grc' dir='ltr'>ναὸς</span> <span class='ocrx_word' id='word_1_12' title='bbox 1415 363 1563 419; x_wconf 83' lang='grc' dir='ltr'><strong>Θεοῦ</strong></span> <span class='ocrx_word' id='word_1_13' title='bbox 1586 363 1742 426; x_wconf 78' lang='grc' dir='ltr'>ἐστι,</span> 
     </span>
    </p>
   </div>
   <div class='ocr_carea' id='block_1_5' title="bbox 1862 359 3423 441">
    <p class='ocr_par' dir='ltr' id='par_1_5' title="bbox 1862 359 3423 432">
     <span class='ocr_line' id='line_1_5' title="bbox 1862 359 3423 432; baseline 0.006 -14"><span class='ocrx_word' id='word_1_14' title='bbox 1862 363 2080 432; x_wconf 75' lang='lat' dir='ltr'><strong>Spiritus</strong></span> <span class='ocrx_word' id='word_1_15' title='bbox 2111 362 2206 418; x_wconf 75' lang='lat' dir='ltr'><strong>Dei</strong></span> <span class='ocrx_word' id='word_1_16' title='bbox 2245 364 2443 420; x_wconf 81' lang='lat' dir='ltr'><strong>habitat</strong></span> <span class='ocrx_word' id='word_1_17' title='bbox 2482 367 2538 421; x_wconf 84' lang='lat' dir='ltr'><strong>in</strong></span> <span class='ocrx_word' id='word_1_18' title='bbox 2570 366 2712 422; x_wconf 75' lang='lat' dir='ltr'><strong>vobis</strong></span> <span class='ocrx_word' id='word_1_19' title='bbox 2741 359 2828 422; x_wconf 26' lang='lat' dir='ltr'><strong>&quot;h?</strong></span> <span class='ocrx_word' id='word_1_20' title='bbox 2867 365 2993 423; x_wconf 64' lang='lat' dir='ltr'><strong>Huic</strong></span> <span class='ocrx_word' id='word_1_21' title='bbox 3019 377 3200 424; x_wconf 85' lang='lat' dir='ltr'><strong>autem</strong></span> <span class='ocrx_word' id='word_1_22' title='bbox 3229 384 3423 428; x_wconf 84' lang='lat' dir='ltr'><strong>neces-</strong></span> 
     </span>
    </p>
   </div>
   <div class='ocr_carea' id='block_1_6' title="bbox 169 454 1748 535">
    <p class='ocr_par' dir='ltr' id='par_1_6' title="bbox 169 454 1748 535">
     <span class='ocr_line' id='line_1_6' title="bbox 169 454 1748 535; baseline -0.013 -9"><span class='ocrx_word' id='word_1_23' title='bbox 169 472 261 527; x_wconf 77' lang='grc' dir='ltr'><strong>καί</strong></span> <span class='ocrx_word' id='word_1_24' title='bbox 284 470 352 524; x_wconf 83' lang='grc' dir='ltr'>τὸ</span> <span class='ocrx_word' id='word_1_25' title='bbox 391 465 642 535; x_wconf 76' lang='grc' dir='ltr'>Πνεῦμα</span> <span class='ocrx_word' id='word_1_26' title='bbox 664 464 769 519; x_wconf 81' lang='grc' dir='ltr'><strong>τοῦ</strong></span> <span class='ocrx_word' id='word_1_27' title='bbox 801 460 950 517; x_wconf 86' lang='grc' dir='ltr'><strong>Θεοῦ</strong></span> <span class='ocrx_word' id='word_1_28' title='bbox 983 460 1136 514; x_wconf 75' lang='grc' dir='ltr'>οἰκεῖ</span> <span class='ocrx_word' id='word_1_29' title='bbox 1159 460 1229 512; x_wconf 82' lang='grc' dir='ltr'><strong>ἐν</strong></span> <span class='ocrx_word' id='word_1_30' title='bbox 1260 457 1439 527; x_wconf 50' lang='lat' dir='ltr'><strong>hair;</strong></span> <span class='ocrx_word' id='word_1_31' title='bbox 1477 455 1662 509; x_wconf 85' lang='grc' dir='ltr'>Ταῦτα</span> <span class='ocrx_word' id='word_1_32' title='bbox 1691 454 1748 507; x_wconf 83' lang='grc' dir='ltr'>δὲ</span> 
     </span>
    </p>
   </div>
   <div class='ocr_carea' id='block_1_7' title="bbox 168 544 1747 635">
    <p class='ocr_par' dir='ltr' id='par_1_7' title="bbox 168 544 1747 635">
     <span class='ocr_line' id='line_1_7' title="bbox 168 544 1747 635; baseline -0.012 -19"><span class='ocrx_word' id='word_1_33' title='bbox 168 565 295 635; x_wconf 70' lang='grc' dir='ltr'>ἡμῖν</span> <span class='ocrx_word' id='word_1_34' title='bbox 326 557 644 628; x_wconf 76' lang='grc' dir='ltr'><strong>ἀναγκαίως</strong></span> <span class='ocrx_word' id='word_1_35' title='bbox 673 557 753 618; x_wconf 86' lang='grc' dir='ltr'><strong>είς</strong></span> <span class='ocrx_word' id='word_1_36' title='bbox 780 554 942 626; x_wconf 80' lang='grc' dir='ltr'><strong>μέσον</strong></span> <span class='ocrx_word' id='word_1_37' title='bbox 979 547 1132 622; x_wconf 80' lang='grc' dir='ltr'>ἦλθε,</span> <span class='ocrx_word' id='word_1_38' title='bbox 1163 549 1324 603; x_wconf 85' lang='grc' dir='ltr'>πόθεν</span> <span class='ocrx_word' id='word_1_39' title='bbox 1351 547 1556 617; x_wconf 79' lang='grc' dir='ltr'><strong>ὀφείλει</strong></span> <span class='ocrx_word' id='word_1_40' title='bbox 1582 544 1747 615; x_wconf 89' lang='grc' dir='ltr'>γινὼ-</span> 
     </span>
    </p>
   </div>
   <div class='ocr_carea' id='block_1_8' title="bbox 172 637 1747 721">
    <p class='ocr_par' dir='ltr' id='par_1_8' title="bbox 172 637 1747 721">
     <span class='ocr_line' id='line_1_8' title="bbox 172 637 1747 721; baseline -0.014 -13"><span class='ocrx_word' id='word_1_41' title='bbox 172 670 318 708; x_wconf 75' lang='grc' dir='ltr'>σιιειν</span> <span class='ocrx_word' id='word_1_42' title='bbox 369 653 402 703; x_wconf 83' lang='grc' dir='ltr'><strong>ὁ</strong></span> <span class='ocrx_word' id='word_1_43' title='bbox 457 646 804 721; x_wconf 73' lang='grc' dir='ltr'>Χριστιανὸς,</span> <span class='ocrx_word' id='word_1_44' title='bbox 832 646 913 698; x_wconf 85' lang='grc' dir='ltr'>ὅτι</span> <span class='ocrx_word' id='word_1_45' title='bbox 949 641 1106 696; x_wconf 77' lang='grc' dir='ltr'>ἔλαϐε</span> <span class='ocrx_word' id='word_1_46' title='bbox 1143 639 1204 694; x_wconf 87' lang='grc' dir='ltr'><strong>τὸ</strong></span> <span class='ocrx_word' id='word_1_47' title='bbox 1243 639 1396 707; x_wconf 75' lang='grc' dir='ltr'>ἅγιον</span> <span class='ocrx_word' id='word_1_48' title='bbox 1431 637 1747 707; x_wconf 82' lang='grc' dir='ltr'><strong>βάπτισμα,</strong></span> 
     </span>
    </p>
   </div>
   <div class='ocr_carea' id='block_1_9' title="bbox 169 726 1748 809">
    <p class='ocr_par' dir='ltr' id='par_1_9' title="bbox 169 726 1748 809">
     <span class='ocr_line' id='line_1_9' title="bbox 169 726 1748 809; baseline -0.014 -10"><span class='ocrx_word' id='word_1_49' title='bbox 169 747 260 799; x_wconf 73' lang='grc' dir='ltr'>καὶ</span> <span class='ocrx_word' id='word_1_50' title='bbox 285 746 371 798; x_wconf 69' lang='lat' dir='ltr'><strong>in:</strong></span> <span class='ocrx_word' id='word_1_51' title='bbox 422 742 538 795; x_wconf 76' lang='grc' dir='ltr'>ἐστι</span> <span class='ocrx_word' id='word_1_52' title='bbox 574 736 899 809; x_wconf 82' lang='grc' dir='ltr'>Χριστιανὸς</span> <span class='ocrx_word' id='word_1_53' title='bbox 929 732 1200 803; x_wconf 83' lang='grc' dir='ltr'>ἀληθινός.</span> <span class='ocrx_word' id='word_1_54' title='bbox 1247 729 1382 784; x_wconf 78' lang='grc' dir='ltr'><strong>Οὑδέ</strong></span> <span class='ocrx_word' id='word_1_55' title='bbox 1416 728 1525 798; x_wconf 81' lang='grc' dir='ltr'><strong>γὰρ</strong></span> <span class='ocrx_word' id='word_1_56' title='bbox 1551 726 1610 780; x_wconf 86' lang='grc' dir='ltr'><strong>τὸ</strong></span> <span class='ocrx_word' id='word_1_57' title='bbox 1636 726 1748 778; x_wconf 79' lang='grc' dir='ltr'>εἱσ-</span> 
     </span>
    </p>
   </div>
   <div class='ocr_carea' id='block_1_10' title="bbox 167 818 1748 908">
    <p class='ocr_par' dir='ltr' id='par_1_10' title="bbox 167 818 1748 908">
     <span class='ocr_line' id='line_1_10' title="bbox 167 818 1748 908; baseline -0.015 -18"><span class='ocrx_word' id='word_1_58' title='bbox 167 835 424 908; x_wconf 77' lang='grc' dir='ltr'>έρχεσθαι</span> <span class='ocrx_word' id='word_1_59' title='bbox 455 835 536 896; x_wconf 84' lang='grc' dir='ltr'><strong>είς</strong></span> <span class='ocrx_word' id='word_1_60' title='bbox 573 831 672 902; x_wconf 79' lang='grc' dir='ltr'>τὴν</span> <span class='ocrx_word' id='word_1_61' title='bbox 715 827 1032 898; x_wconf 76' lang='grc' dir='ltr'>ἐκκλησίαν,</span> <span class='ocrx_word' id='word_1_62' title='bbox 1071 821 1230 876; x_wconf 87' lang='grc' dir='ltr'>τοῦτό</span> <span class='ocrx_word' id='word_1_63' title='bbox 1273 822 1390 873; x_wconf 82' lang='grc' dir='ltr'>ἐστι</span> <span class='ocrx_word' id='word_1_64' title='bbox 1420 819 1483 872; x_wconf 80' lang='grc' dir='ltr'>τὸ</span> <span class='ocrx_word' id='word_1_65' title='bbox 1525 818 1748 887; x_wconf 82' lang='grc' dir='ltr'>σημεῖον</span> 
     </span>
    </p>
   </div>
   <div class='ocr_carea' id='block_1_11' title="bbox 167 904 1743 994">
    <p class='ocr_par' dir='ltr' id='par_1_11' title="bbox 167 904 1743 994">
     <span class='ocr_line' id='line_1_11' title="bbox 167 904 1743 994; baseline -0.014 -15"><span class='ocrx_word' id='word_1_66' title='bbox 306 919 568 994; x_wconf 78' lang='grc' dir='ltr'><strong>ἀληθινοῦ</strong></span> <span class='ocrx_word' id='word_1_67' title='bbox 617 915 981 988; x_wconf 85' lang='grc' dir='ltr'>Χριστιανοῦ·</span> <span class='ocrx_word' id='word_1_68' title='bbox 1032 911 1216 966; x_wconf 71' lang='grc' dir='ltr'>πολλοὶ</span> <span class='ocrx_word' id='word_1_69' title='bbox 1260 909 1369 979; x_wconf 77' lang='grc' dir='ltr'><strong>γὰρ</strong></span> <span class='ocrx_word' id='word_1_70' title='bbox 1397 907 1490 961; x_wconf 79' lang='grc' dir='ltr'>καὶ</span> <span class='ocrx_word' id='word_1_71' title='bbox 1534 904 1743 968; x_wconf 81' lang='grc' dir='ltr'>ἀνάξιοι</span> 
     </span>
    </p>
   </div>
   <div class='ocr_carea' id='block_1_12' title="bbox 166 998 1745 1087">
    <p class='ocr_par' dir='ltr' id='par_1_12' title="bbox 166 998 1745 1087">
     <span class='ocr_line' id='line_1_12' title="bbox 166 998 1745 1087; baseline -0.016 -15"><span class='ocrx_word' id='word_1_72' title='bbox 166 1018 504 1087; x_wconf 79' lang='grc' dir='ltr'><strong>εἰσέρχονται</strong></span> <span class='ocrx_word' id='word_1_73' title='bbox 552 1012 648 1065; x_wconf 78' lang='grc' dir='ltr'><strong>σὺν</strong></span> <span class='ocrx_word' id='word_1_74' title='bbox 692 1011 844 1080; x_wconf 84' lang='grc' dir='ltr'>ἡμῖν.</span> <span class='ocrx_word' id='word_1_75' title='bbox 897 1005 1036 1062; x_wconf 66' lang='lat' dir='ltr'><strong>osse</strong></span> <span class='ocrx_word' id='word_1_76' title='bbox 1083 1003 1146 1058; x_wconf 86' lang='grc' dir='ltr'><strong>τὸ</strong></span> <span class='ocrx_word' id='word_1_77' title='bbox 1203 1003 1378 1054; x_wconf 82' lang='grc' dir='ltr'>ποιεῖν</span> <span class='ocrx_word' id='word_1_78' title='bbox 1416 998 1478 1076; x_wconf 72' lang='grc' dir='ltr'><strong>τὸ</strong></span> <span class='ocrx_word' id='word_1_79' title='bbox 1522 998 1745 1068; x_wconf 87' lang='grc' dir='ltr'>σημεῖον</span> 
     </span>
    </p>
   </div>
   <div class='ocr_carea' id='block_1_13' title="bbox 165 1087 1748 1176">
    <p class='ocr_par' dir='ltr' id='par_1_13' title="bbox 165 1087 1748 1176">
     <span class='ocr_line' id='line_1_13' title="bbox 165 1087 1748 1176; baseline -0.016 -14"><span class='ocrx_word' id='word_1_80' title='bbox 165 1107 254 1161; x_wconf 86' lang='grc' dir='ltr'><strong>τοῦ</strong></span> <span class='ocrx_word' id='word_1_81' title='bbox 301 1105 574 1176; x_wconf 89' lang='grc' dir='ltr'>σταυροῦ,</span> <span class='ocrx_word' id='word_1_82' title='bbox 628 1102 748 1154; x_wconf 76' lang='grc' dir='ltr'>οὐδὲ</span> <span class='ocrx_word' id='word_1_83' title='bbox 786 1100 846 1152; x_wconf 85' lang='grc' dir='ltr'><strong>τὸ</strong></span> <span class='ocrx_word' id='word_1_84' title='bbox 883 1093 1319 1169; x_wconf 81' lang='grc' dir='ltr'>μεταλαμϐάνειν</span> <span class='ocrx_word' id='word_1_85' title='bbox 1349 1088 1442 1143; x_wconf 89' lang='grc' dir='ltr'><strong>τοῦ</strong></span> <span class='ocrx_word' id='word_1_86' title='bbox 1496 1087 1748 1157; x_wconf 85' lang='grc' dir='ltr'>σώματος</span> 
     </span>
    </p>
   </div>
   <div class='ocr_carea' id='block_1_14' title="bbox 164 1173 1747 1268">
    <p class='ocr_par' dir='ltr' id='par_1_14' title="bbox 164 1173 1747 1268">
     <span class='ocr_line' id='line_1_14' title="bbox 164 1173 1747 1268; baseline -0.017 -14"><span class='ocrx_word' id='word_1_87' title='bbox 164 1201 254 1254; x_wconf 85' lang='grc' dir='ltr'><strong>τοῦ</strong></span> <span class='ocrx_word' id='word_1_88' title='bbox 302 1173 582 1268; x_wconf 77' lang='grc' dir='ltr'>Χριστοῦ,</span> <span class='ocrx_word' id='word_1_89' title='bbox 621 1193 778 1249; x_wconf 84' lang='grc' dir='ltr'>τοῦτό</span> <span class='ocrx_word' id='word_1_90' title='bbox 821 1194 939 1246; x_wconf 73' lang='grc' dir='ltr'>ἐστι</span> <span class='ocrx_word' id='word_1_91' title='bbox 981 1189 1044 1243; x_wconf 77' lang='grc' dir='ltr'>τὸ</span> <span class='ocrx_word' id='word_1_92' title='bbox 1092 1188 1314 1258; x_wconf 78' lang='grc' dir='ltr'>σημεῖον</span> <span class='ocrx_word' id='word_1_93' title='bbox 1353 1181 1448 1235; x_wconf 87' lang='grc' dir='ltr'><strong>τοῦ</strong></span> <span class='ocrx_word' id='word_1_94' title='bbox 1493 1173 1747 1248; x_wconf 79' lang='grc' dir='ltr'><strong>ἀληθινοῦ</strong></span> 
     </span>
    </p>
   </div>
   <div class='ocr_carea' id='block_1_15' title="bbox 165 1269 1753 1361">
    <p class='ocr_par' dir='ltr' id='par_1_15' title="bbox 165 1269 1753 1361">
     <span class='ocr_line' id='line_1_15' title="bbox 165 1269 1753 1361; baseline -0.014 -17"><span class='ocrx_word' id='word_1_95' title='bbox 165 1288 516 1361; x_wconf 78' lang='grc' dir='ltr'>Χριστιανοῦ.</span> <span class='ocrx_word' id='word_1_96' title='bbox 575 1288 750 1348; x_wconf 72' lang='grc' dir='ltr'>Ἴσως</span> <span class='ocrx_word' id='word_1_97' title='bbox 779 1283 886 1354; x_wconf 85' lang='grc' dir='ltr'><strong>γὰρ</strong></span> <span class='ocrx_word' id='word_1_98' title='bbox 931 1282 1026 1335; x_wconf 75' lang='grc' dir='ltr'>καὶ</span> <span class='ocrx_word' id='word_1_99' title='bbox 1066 1279 1285 1334; x_wconf 82' lang='grc' dir='ltr'>ἄπιστοί</span> <span class='ocrx_word' id='word_1_100' title='bbox 1326 1269 1469 1338; x_wconf 75' lang='grc' dir='ltr'>τινες</span> <span class='ocrx_word' id='word_1_101' title='bbox 1519 1272 1614 1326; x_wconf 76' lang='grc' dir='ltr'>καὶ</span> <span class='ocrx_word' id='word_1_102' title='bbox 1668 1269 1753 1322; x_wconf 82' lang='grc' dir='ltr'><strong>αἱ·</strong></span> 
     </span>
    </p>
   </div>
   <div class='ocr_carea' id='block_1_16' title="bbox 1857 453 3426 528">
    <p class='ocr_par' dir='ltr' id='par_1_16' title="bbox 1857 453 3426 528">
     <span class='ocr_line' id='line_1_16' title="bbox 1857 453 3426 528; baseline 0.004 -19"><span class='ocrx_word' id='word_1_103' title='bbox 1857 455 2003 509; x_wconf 78' lang='lat' dir='ltr'><strong>sario</strong></span> <span class='ocrx_word' id='word_1_104' title='bbox 2042 470 2070 508; x_wconf 89' lang='lat' dir='ltr'><strong>a</strong></span> <span class='ocrx_word' id='word_1_105' title='bbox 2110 455 2260 509; x_wconf 87' lang='lat' dir='ltr'><strong>nobis</strong></span> <span class='ocrx_word' id='word_1_106' title='bbox 2292 453 2524 509; x_wconf 88' lang='lat' dir='ltr'><strong>adducta</strong></span> <span class='ocrx_word' id='word_1_107' title='bbox 2555 464 2712 522; x_wconf 89' lang='lat' dir='ltr'><strong>sunt,</strong></span> <span class='ocrx_word' id='word_1_108' title='bbox 2739 456 2882 512; x_wconf 89' lang='lat' dir='ltr'><strong>unde</strong></span> <span class='ocrx_word' id='word_1_109' title='bbox 2921 458 3044 528; x_wconf 83' lang='lat' dir='ltr'><strong>quis</strong></span> <span class='ocrx_word' id='word_1_110' title='bbox 3092 473 3426 528; x_wconf 75' lang='lat' dir='ltr'><strong>cognoscere</strong></span> 
     </span>
    </p>
   </div>
   <div class='ocr_carea' id='block_1_17' title="bbox 1857 544 3425 622">
    <p class='ocr_par' dir='ltr' id='par_1_17' title="bbox 1857 544 3425 622">
     <span class='ocr_line' id='line_1_17' title="bbox 1857 544 3425 622; baseline 0.006 -24"><span class='ocrx_word' id='word_1_111' title='bbox 1857 544 2083 608; x_wconf 85' lang='lat' dir='ltr'><strong>debeat,</strong></span> <span class='ocrx_word' id='word_1_112' title='bbox 2123 546 2265 614; x_wconf 85' lang='lat' dir='ltr'><strong>quod</strong></span> <span class='ocrx_word' id='word_1_113' title='bbox 2302 546 2511 616; x_wconf 88' lang='lat' dir='ltr'><strong>accepit</strong></span> <span class='ocrx_word' id='word_1_114' title='bbox 2548 557 2796 604; x_wconf 85' lang='lat' dir='ltr'><strong>sanctum</strong></span> <span class='ocrx_word' id='word_1_115' title='bbox 2844 549 3148 620; x_wconf 81' lang='lat' dir='ltr'><strong>baptisma,</strong></span> <span class='ocrx_word' id='word_1_116' title='bbox 3182 559 3238 605; x_wconf 91' lang='lat' dir='ltr'><strong>et</strong></span> <span class='ocrx_word' id='word_1_117' title='bbox 3277 551 3425 622; x_wconf 86' lang='lat' dir='ltr'><strong>quod</strong></span> 
     </span>
    </p>
   </div>
   <div class='ocr_carea' id='block_1_18' title="bbox 1855 633 3402 709">
    <p class='ocr_par' dir='ltr' id='par_1_18' title="bbox 1855 633 3402 709">
     <span class='ocr_line' id='line_1_18' title="bbox 1855 633 3402 709; baseline 0.007 -24"><span class='ocrx_word' id='word_1_118' title='bbox 1855 647 2017 686; x_wconf 85' lang='lat' dir='ltr'><strong>verus</strong></span> <span class='ocrx_word' id='word_1_119' title='bbox 2043 643 2125 687; x_wconf 87' lang='lat' dir='ltr'><strong>est</strong></span> <span class='ocrx_word' id='word_1_120' title='bbox 2156 633 2512 691; x_wconf 87' lang='lat' dir='ltr'><strong>Christianus.</strong></span> <span class='ocrx_word' id='word_1_121' title='bbox 2539 633 2655 690; x_wconf 82' lang='lat' dir='ltr'><strong>Non</strong></span> <span class='ocrx_word' id='word_1_122' title='bbox 2685 637 2829 691; x_wconf 84' lang='lat' dir='ltr'><strong>enim</strong></span> <span class='ocrx_word' id='word_1_123' title='bbox 2860 636 3138 709; x_wconf 73' lang='lat' dir='ltr'><strong>ingressus</strong></span> <span class='ocrx_word' id='word_1_124' title='bbox 3166 639 3220 694; x_wconf 93' lang='lat' dir='ltr'><strong>in</strong></span> <span class='ocrx_word' id='word_1_125' title='bbox 3250 640 3402 696; x_wconf 89' lang='lat' dir='ltr'><strong>eccle</strong></span> 
     </span>
    </p>
   </div>
   <div class='ocr_carea' id='block_1_19' title="bbox 1854 726 3428 797">
    <p class='ocr_par' dir='ltr' id='par_1_19' title="bbox 1854 726 3428 797">
     <span class='ocr_line' id='line_1_19' title="bbox 1854 726 3428 797; baseline 0.004 -17"><span class='ocrx_word' id='word_1_126' title='bbox 1854 726 1992 780; x_wconf 86' lang='lat' dir='ltr'><strong>siam</strong></span> <span class='ocrx_word' id='word_1_127' title='bbox 2025 727 2281 782; x_wconf 84' lang='lat' dir='ltr'><strong>indicium</strong></span> <span class='ocrx_word' id='word_1_128' title='bbox 2320 735 2404 784; x_wconf 87' lang='lat' dir='ltr'><strong>est</strong></span> <span class='ocrx_word' id='word_1_129' title='bbox 2427 729 2537 784; x_wconf 88' lang='lat' dir='ltr'><strong>veri</strong></span> <span class='ocrx_word' id='word_1_130' title='bbox 2565 727 2899 797; x_wconf 83' lang='lat' dir='ltr'><strong>Christiani;</strong></span> <span class='ocrx_word' id='word_1_131' title='bbox 2929 731 3080 788; x_wconf 84' lang='lat' dir='ltr'><strong>multi</strong></span> <span class='ocrx_word' id='word_1_132' title='bbox 3107 732 3250 786; x_wconf 89' lang='lat' dir='ltr'><strong>enim</strong></span> <span class='ocrx_word' id='word_1_133' title='bbox 3283 731 3428 787; x_wconf 90' lang='lat' dir='ltr'><strong>indi-</strong></span> 
     </span>
    </p>
   </div>
   <div class='ocr_carea' id='block_1_20' title="bbox 1850 816 3426 889">
    <p class='ocr_par' dir='ltr' id='par_1_20' title="bbox 1850 816 3426 889">
     <span class='ocr_line' id='line_1_20' title="bbox 1850 816 3426 889; baseline 0.008 -23"><span class='ocrx_word' id='word_1_134' title='bbox 1850 816 1936 885; x_wconf 81' lang='lat' dir='ltr'><strong>gni</strong></span> <span class='ocrx_word' id='word_1_135' title='bbox 1971 816 2249 872; x_wconf 86' lang='lat' dir='ltr'><strong>nobiscum</strong></span> <span class='ocrx_word' id='word_1_136' title='bbox 2298 817 2692 889; x_wconf 79' lang='lat' dir='ltr'><strong>ingrediuntur.</strong></span> <span class='ocrx_word' id='word_1_137' title='bbox 2736 819 2922 888; x_wconf 83' lang='lat' dir='ltr'><strong>Neque</strong></span> <span class='ocrx_word' id='word_1_138' title='bbox 2960 836 3090 876; x_wconf 84' lang='lat' dir='ltr'><strong>vero</strong></span> <span class='ocrx_word' id='word_1_139' title='bbox 3125 823 3337 877; x_wconf 84' lang='lat' dir='ltr'><strong>munire</strong></span> <span class='ocrx_word' id='word_1_140' title='bbox 3367 838 3426 878; x_wconf 85' lang='lat' dir='ltr'><strong>se</strong></span> 
     </span>
    </p>
   </div>
   <div class='ocr_carea' id='block_1_21' title="bbox 1852 904 3426 980">
    <p class='ocr_par' dir='ltr' id='par_1_21' title="bbox 1852 904 3426 980">
     <span class='ocr_line' id='line_1_21' title="bbox 1852 904 3426 980; baseline 0.006 -24"><span class='ocrx_word' id='word_1_141' title='bbox 1852 904 2028 958; x_wconf 89' lang='lat' dir='ltr'><strong>crucis</strong></span> <span class='ocrx_word' id='word_1_142' title='bbox 2059 905 2234 974; x_wconf 79' lang='lat' dir='ltr'><strong>signo,</strong></span> <span class='ocrx_word' id='word_1_143' title='bbox 2265 923 2438 976; x_wconf 86' lang='lat' dir='ltr'><strong>neque</strong></span> <span class='ocrx_word' id='word_1_144' title='bbox 2467 911 2745 979; x_wconf 83' lang='lat' dir='ltr'><strong>percipere</strong></span> <span class='ocrx_word' id='word_1_145' title='bbox 2770 925 2967 980; x_wconf 89' lang='lat' dir='ltr'><strong>corpus</strong></span> <span class='ocrx_word' id='word_1_146' title='bbox 2987 909 3217 974; x_wconf 89' lang='lat' dir='ltr'><strong>Christi,</strong></span> <span class='ocrx_word' id='word_1_147' title='bbox 3260 927 3426 980; x_wconf 75' lang='lat' dir='ltr'><strong>argu-</strong></span> 
     </span>
    </p>
   </div>
   <div class='ocr_carea' id='block_1_22' title="bbox 1865 999 3426 1056">
    <p class='ocr_par' dir='ltr' id='par_1_22' title="bbox 1865 999 3426 1056">
     <span class='ocr_line' id='line_1_22' title="bbox 1865 999 3426 1056; baseline 0.006 -10"><span class='ocrx_word' id='word_1_148' title='bbox 1865 1005 2112 1049; x_wconf 90' lang='lat' dir='ltr'><strong>mentum</strong></span> <span class='ocrx_word' id='word_1_149' title='bbox 2139 1007 2217 1050; x_wconf 90' lang='lat' dir='ltr'><strong>est</strong></span> <span class='ocrx_word' id='word_1_150' title='bbox 2242 999 2350 1052; x_wconf 79' lang='lat' dir='ltr'><strong>reri</strong></span> <span class='ocrx_word' id='word_1_151' title='bbox 2381 999 2679 1054; x_wconf 78' lang='lat' dir='ltr'><strong>Christiani</strong></span> <span class='ocrx_word' id='word_1_152' title='bbox 2705 1018 2722 1055; x_wconf 86' lang='lat'><strong>:</strong></span> <span class='ocrx_word' id='word_1_153' title='bbox 2751 1000 2984 1056; x_wconf 73' lang='lat' dir='ltr'><strong>fortasse</strong></span> <span class='ocrx_word' id='word_1_154' title='bbox 3009 1001 3152 1056; x_wconf 90' lang='lat' dir='ltr'><strong>enim</strong></span> <span class='ocrx_word' id='word_1_155' title='bbox 3179 1000 3426 1055; x_wconf 74' lang='lat' dir='ltr'><strong>inﬁdeles</strong></span> 
     </span>
    </p>
   </div>
   <div class='ocr_carea' id='block_1_23' title="bbox 1854 1086 3427 1160">
    <p class='ocr_par' dir='ltr' id='par_1_23' title="bbox 1854 1086 3427 1160">
     <span class='ocr_line' id='line_1_23' title="bbox 1854 1086 3427 1160; baseline 0.005 -23"><span class='ocrx_word' id='word_1_156' title='bbox 1854 1086 2073 1154; x_wconf 85' lang='lat' dir='ltr'><strong>quidam</strong></span> <span class='ocrx_word' id='word_1_157' title='bbox 2111 1099 2166 1140; x_wconf 86' lang='lat' dir='ltr'><strong>et</strong></span> <span class='ocrx_word' id='word_1_158' title='bbox 2214 1089 2451 1144; x_wconf 69' lang='lat' dir='ltr'><strong>haeretici</strong></span> <span class='ocrx_word' id='word_1_159' title='bbox 2498 1104 2778 1144; x_wconf 90' lang='lat' dir='ltr'><strong>sacrorum</strong></span> <span class='ocrx_word' id='word_1_160' title='bbox 2825 1091 3118 1160; x_wconf 75' lang='lat' dir='ltr'><strong>participes</strong></span> <span class='ocrx_word' id='word_1_161' title='bbox 3165 1090 3332 1159; x_wconf 88' lang='lat' dir='ltr'><strong>liunt,</strong></span> <span class='ocrx_word' id='word_1_162' title='bbox 3368 1099 3427 1145; x_wconf 85' lang='lat' dir='ltr'><strong>et</strong></span> 
     </span>
    </p>
   </div>
   <div class='ocr_carea' id='block_1_24' title="bbox 1854 1175 3426 1248">
    <p class='ocr_par' dir='ltr' id='par_1_24' title="bbox 1854 1175 3426 1248">
     <span class='ocr_line' id='line_1_24' title="bbox 1854 1175 3426 1248; baseline 0.005 -21"><span class='ocrx_word' id='word_1_163' title='bbox 1854 1175 2033 1228; x_wconf 86' lang='lat' dir='ltr'><strong>omnia</strong></span> <span class='ocrx_word' id='word_1_164' title='bbox 2065 1191 2183 1244; x_wconf 68' lang='lat' dir='ltr'><strong>qua:</strong></span> <span class='ocrx_word' id='word_1_165' title='bbox 2217 1175 2444 1232; x_wconf 79' lang='lat' dir='ltr'><strong>facimus</strong></span> <span class='ocrx_word' id='word_1_166' title='bbox 2471 1177 2676 1233; x_wconf 83' lang='lat' dir='ltr'><strong>faciunt</strong></span> <span class='ocrx_word' id='word_1_167' title='bbox 2703 1180 2866 1234; x_wconf 89' lang='lat' dir='ltr'><strong>etiam</strong></span> <span class='ocrx_word' id='word_1_168' title='bbox 2897 1179 3019 1248; x_wconf 86' lang='lat' dir='ltr'><strong>ipsi.</strong></span> <span class='ocrx_word' id='word_1_169' title='bbox 3047 1180 3172 1241; x_wconf 88' lang='lat' dir='ltr'><strong>Sed.</strong></span> <span class='ocrx_word' id='word_1_170' title='bbox 3213 1190 3268 1232; x_wconf 92' lang='lat' dir='ltr'><strong>ut</strong></span> <span class='ocrx_word' id='word_1_171' title='bbox 3296 1189 3426 1234; x_wconf 91' lang='lat' dir='ltr'><strong>ante</strong></span> 
     </span>
    </p>
   </div>
   <div class='ocr_carea' id='block_1_25' title="bbox 1857 1265 3426 1339">
    <p class='ocr_par' dir='ltr' id='par_1_25' title="bbox 1857 1265 3426 1339">
     <span class='ocr_line' id='line_1_25' title="bbox 1857 1265 3426 1339; baseline 0.003 -20"><span class='ocrx_word' id='word_1_172' title='bbox 1857 1265 1989 1330; x_wconf 79' lang='lat' dir='ltr'><strong>dixi,</strong></span> <span class='ocrx_word' id='word_1_173' title='bbox 2029 1276 2152 1319; x_wconf 89' lang='lat' dir='ltr'><strong>nota</strong></span> <span class='ocrx_word' id='word_1_174' title='bbox 2194 1268 2308 1322; x_wconf 77' lang='lat' dir='ltr'><strong>veri</strong></span> <span class='ocrx_word' id='word_1_175' title='bbox 2336 1267 2628 1323; x_wconf 84' lang='lat' dir='ltr'><strong>Christiani</strong></span> <span class='ocrx_word' id='word_1_176' title='bbox 2655 1279 2760 1334; x_wconf 89' lang='lat' dir='ltr'><strong>est,</strong></span> <span class='ocrx_word' id='word_1_177' title='bbox 2788 1284 2948 1339; x_wconf 85' lang='lat' dir='ltr'><strong>quam</strong></span> <span class='ocrx_word' id='word_1_178' title='bbox 2982 1270 3252 1323; x_wconf 87' lang='lat' dir='ltr'><strong>concessit</strong></span> <span class='ocrx_word' id='word_1_179' title='bbox 3284 1267 3426 1323; x_wconf 84' lang='lat' dir='ltr'><strong>Deus</strong></span> 
     </span>
    </p>
   </div>
   <div class='ocr_carea' id='block_1_26' title="bbox 168 1355 1752 1454">
    <p class='ocr_par' dir='ltr' id='par_1_26' title="bbox 168 1360 1751 1454">
     <span class='ocr_line' id='line_1_26' title="bbox 168 1360 1751 1454; baseline -0.016 -17"><span class='ocrx_word' id='word_1_180' title='bbox 168 1383 369 1454; x_wconf 76' lang='grc' dir='ltr'>ρετικοὶ</span> <span class='ocrx_word' id='word_1_181' title='bbox 431 1377 941 1451; x_wconf 88' lang='grc' dir='ltr'>μεταλαμϐάνουσι,</span> <span class='ocrx_word' id='word_1_182' title='bbox 995 1373 1092 1427; x_wconf 75' lang='grc' dir='ltr'><strong>καὶ</strong></span> <span class='ocrx_word' id='word_1_183' title='bbox 1139 1372 1318 1424; x_wconf 86' lang='grc' dir='ltr'>πάντα</span> <span class='ocrx_word' id='word_1_184' title='bbox 1344 1371 1444 1422; x_wconf 86' lang='grc' dir='ltr'>ὅσα</span> <span class='ocrx_word' id='word_1_185' title='bbox 1490 1360 1751 1432; x_wconf 73' lang='grc' dir='ltr'>ποιοῦμεν</span> 
     </span>
    </p>
   </div>
   <div class='ocr_carea' id='block_1_27' title="bbox 1862 1355 3428 1454">
    <p class='ocr_par' dir='ltr' id='par_1_27' title="bbox 1862 1355 3428 1429">
     <span class='ocr_line' id='line_1_27' title="bbox 1862 1355 3428 1429; baseline 0.002 -20"><span class='ocrx_word' id='word_1_186' title='bbox 1862 1355 2182 1422; x_wconf 83' lang='lat' dir='ltr'><strong>Christiano,</strong></span> <span class='ocrx_word' id='word_1_187' title='bbox 2219 1374 2322 1411; x_wconf 91' lang='lat' dir='ltr'><strong>non</strong></span> <span class='ocrx_word' id='word_1_188' title='bbox 2356 1360 2724 1424; x_wconf 79' lang='lat' dir='ltr'><strong>extrinsecus,</strong></span> <span class='ocrx_word' id='word_1_189' title='bbox 2767 1373 2942 1428; x_wconf 87' lang='lat' dir='ltr'><strong>neque</strong></span> <span class='ocrx_word' id='word_1_190' title='bbox 2985 1359 3038 1412; x_wconf 92' lang='lat' dir='ltr'><strong>in</strong></span> <span class='ocrx_word' id='word_1_191' title='bbox 3071 1359 3266 1413; x_wconf 89' lang='lat' dir='ltr'><strong>tabulis</strong></span> <span class='ocrx_word' id='word_1_192' title='bbox 3291 1358 3428 1429; x_wconf 88' lang='lat' dir='ltr'><strong>lapi-</strong></span> 
     </span>
    </p>
   </div>
   <div class='ocr_carea' id='block_1_28' title="bbox 167 1439 1752 1534">
    <p class='ocr_par' dir='ltr' id='par_1_28' title="bbox 167 1447 1752 1534">
     <span class='ocr_line' id='line_1_28' title="bbox 167 1447 1752 1534; baseline -0.015 -9"><span class='ocrx_word' id='word_1_193' title='bbox 167 1471 412 1525; x_wconf 72' lang='grc' dir='ltr'>ποιοῦσιν</span> <span class='ocrx_word' id='word_1_194' title='bbox 443 1468 618 1523; x_wconf 80' lang='grc' dir='ltr'>αὐτοί.</span> <span class='ocrx_word' id='word_1_195' title='bbox 650 1465 813 1529; x_wconf 83' lang='grc' dir='ltr'>Ἀλλ’,</span> <span class='ocrx_word' id='word_1_196' title='bbox 851 1463 926 1527; x_wconf 80' lang='grc' dir='ltr'>ὡς</span> <span class='ocrx_word' id='word_1_197' title='bbox 971 1462 1252 1534; x_wconf 78' lang='grc' dir='ltr'>προεῖπον,</span> <span class='ocrx_word' id='word_1_198' title='bbox 1299 1459 1360 1512; x_wconf 86' lang='grc' dir='ltr'>τὸ</span> <span class='ocrx_word' id='word_1_199' title='bbox 1403 1457 1627 1526; x_wconf 82' lang='grc' dir='ltr'>σημεῖον</span> <span class='ocrx_word' id='word_1_200' title='bbox 1662 1447 1752 1503; x_wconf 82' lang='grc' dir='ltr'><strong>τοῦ</strong></span> 
     </span>
    </p>
   </div>
   <div class='ocr_carea' id='block_1_29' title="bbox 1862 1439 3339 1534">
    <p class='ocr_par' dir='ltr' id='par_1_29' title="bbox 1862 1447 3339 1518">
     <span class='ocr_line' id='line_1_29' title="bbox 1862 1447 3339 1518; baseline 0.003 -18"><span class='ocrx_word' id='word_1_201' title='bbox 1862 1447 1972 1501; x_wconf 86' lang='lat' dir='ltr'><strong>deis</strong></span> <span class='ocrx_word' id='word_1_202' title='bbox 2007 1449 2176 1518; x_wconf 90' lang='lat' dir='ltr'><strong>ipsam</strong></span> <span class='ocrx_word' id='word_1_203' title='bbox 2219 1450 2403 1516; x_wconf 91' lang='lat' dir='ltr'><strong>dedit,</strong></span> <span class='ocrx_word' id='word_1_204' title='bbox 2439 1451 2531 1507; x_wconf 89' lang='lat' dir='ltr'><strong>sed</strong></span> <span class='ocrx_word' id='word_1_205' title='bbox 2563 1452 2615 1506; x_wconf 91' lang='lat' dir='ltr'><strong>in</strong></span> <span class='ocrx_word' id='word_1_206' title='bbox 2662 1452 2856 1507; x_wconf 90' lang='lat' dir='ltr'><strong>tabulis</strong></span> <span class='ocrx_word' id='word_1_207' title='bbox 2892 1453 3071 1507; x_wconf 81' lang='lat' dir='ltr'><strong>cordis</strong></span> <span class='ocrx_word' id='word_1_208' title='bbox 3101 1453 3339 1505; x_wconf 85' lang='lat' dir='ltr'><strong>carneis.</strong></span> 
     </span>
    </p>
   </div>
   <div class='ocr_carea' id='block_1_30' title="bbox 165 1537 3424 1636">
    <p class='ocr_par' dir='ltr' id='par_1_30' title="bbox 165 1537 3424 1636">
     <span class='ocr_line' id='line_1_30' title="bbox 165 1537 3424 1636; baseline -0.01 -18"><span class='ocrx_word' id='word_1_209' title='bbox 165 1563 418 1636; x_wconf 80' lang='grc' dir='ltr'><strong>ἀληθινοῦ</strong></span> <span class='ocrx_word' id='word_1_210' title='bbox 483 1559 808 1632; x_wconf 86' lang='grc' dir='ltr'>Χριστιανοῦ</span> <span class='ocrx_word' id='word_1_211' title='bbox 849 1557 982 1628; x_wconf 71' lang='lat' dir='ltr'><strong>(l5),</strong></span> <span class='ocrx_word' id='word_1_212' title='bbox 1024 1556 1160 1624; x_wconf 82' lang='grc' dir='ltr'>ὅπερ</span> <span class='ocrx_word' id='word_1_213' title='bbox 1203 1538 1511 1624; x_wconf 74' lang='grc' dir='ltr'>ἐχαρίσατο</span> <span class='ocrx_word' id='word_1_214' title='bbox 1537 1547 1566 1598; x_wconf 85' lang='grc' dir='ltr'>ὁ</span> <span class='ocrx_word' id='word_1_215' title='bbox 1614 1540 1746 1603; x_wconf 78' lang='grc' dir='ltr'>Θεὸς</span> <span class='ocrx_word' id='word_1_216' title='bbox 1778 1537 1858 1608; x_wconf 77' lang='grc' dir='ltr'>τῷ</span> <span class='ocrx_word' id='word_1_217' title='bbox 1884 1541 2214 1614; x_wconf 80' lang='grc' dir='ltr'>Χριστιανῷ,</span> <span class='ocrx_word' id='word_1_218' title='bbox 2249 1544 2351 1596; x_wconf 78' lang='grc' dir='ltr'>οὐκ</span> <span class='ocrx_word' id='word_1_219' title='bbox 2377 1542 2574 1610; x_wconf 75' lang='grc' dir='ltr'>ἔξωθέν</span> <span class='ocrx_word' id='word_1_220' title='bbox 2612 1544 2802 1611; x_wconf 81' lang='grc' dir='ltr'>ποθεν,</span> <span class='ocrx_word' id='word_1_221' title='bbox 2841 1544 2962 1598; x_wconf 83' lang='grc' dir='ltr'>οὐδὲ</span> <span class='ocrx_word' id='word_1_222' title='bbox 3025 1546 3083 1597; x_wconf 82' lang='grc' dir='ltr'>ὲν</span> <span class='ocrx_word' id='word_1_223' title='bbox 3137 1542 3300 1608; x_wconf 60' lang='grc' dir='ltr'><strong>πλαξὶ¹</strong></span> <span class='ocrx_word' id='word_1_224' title='bbox 3339 1543 3424 1596; x_wconf 88' lang='grc' dir='ltr'><strong>λι-</strong></span> 
     </span>
    </p>
   </div>
   <div class='ocr_carea' id='block_1_31' title="bbox 166 1632 1856 1720">
    <p class='ocr_par' dir='ltr' id='par_1_31' title="bbox 166 1632 1856 1720">
     <span class='ocr_line' id='line_1_31' title="bbox 166 1632 1856 1720; baseline -0.009 -10"><span class='ocrx_word' id='word_1_225' title='bbox 166 1632 339 1720; x_wconf 80' lang='grc' dir='ltr'>θίναις</span> <span class='ocrx_word' id='word_1_226' title='bbox 379 1654 516 1708; x_wconf 81' lang='grc' dir='ltr'>αὐτὸ</span> <span class='ocrx_word' id='word_1_227' title='bbox 545 1653 796 1716; x_wconf 86' lang='grc' dir='ltr'>δέδωκεν,</span> <span class='ocrx_word' id='word_1_228' title='bbox 837 1650 950 1704; x_wconf 85' lang='grc' dir='ltr'><strong>ἀλλ’</strong></span> <span class='ocrx_word' id='word_1_229' title='bbox 983 1649 1041 1702; x_wconf 83' lang='grc' dir='ltr'>ὲν</span> <span class='ocrx_word' id='word_1_230' title='bbox 1075 1645 1238 1710; x_wconf 75' lang='grc' dir='ltr'>πλαξὶ</span> <span class='ocrx_word' id='word_1_231' title='bbox 1279 1644 1506 1715; x_wconf 81' lang='grc' dir='ltr'><strong>καρδίας</strong></span> <span class='ocrx_word' id='word_1_232' title='bbox 1555 1632 1856 1709; x_wconf 66' lang='grc' dir='ltr'>σαρκίναις.</span> 
     </span>
    </p>
   </div>
   <div class='ocr_carea' id='block_1_32' title="bbox 234 1724 1754 1804">
    <p class='ocr_par' dir='ltr' id='par_1_32' title="bbox 234 1724 1754 1804">
     <span class='ocr_line' id='line_1_32' title="bbox 234 1724 1754 1804; baseline -0.017 -5"><span class='ocrx_word' id='word_1_233' title='bbox 234 1741 449 1799; x_wconf 76' lang='grc' dir='ltr'>Οὐκοῦν</span> <span class='ocrx_word' id='word_1_234' title='bbox 480 1741 682 1794; x_wconf 74' lang='grc' dir='ltr'>ἔσωθεν</span> <span class='ocrx_word' id='word_1_235' title='bbox 726 1741 784 1791; x_wconf 85' lang='grc' dir='ltr'>ὲν</span> <span class='ocrx_word' id='word_1_236' title='bbox 817 1739 1030 1800; x_wconf 82' lang='grc' dir='ltr'><strong>ἑαυτοῖς</strong></span> <span class='ocrx_word' id='word_1_237' title='bbox 1061 1734 1497 1804; x_wconf 79' lang='grc' dir='ltr'>ψηλαφήσωμεν,</span> <span class='ocrx_word' id='word_1_238' title='bbox 1545 1728 1593 1780; x_wconf 75' lang='grc' dir='ltr'>εἰ</span> <span class='ocrx_word' id='word_1_239' title='bbox 1637 1724 1754 1793; x_wconf 78' lang='grc' dir='ltr'>ἔχο-</span> 
     </span>
    </p>
   </div>
   <div class='ocr_carea' id='block_1_33' title="bbox 171 1819 1754 1909">
    <p class='ocr_par' dir='ltr' id='par_1_33' title="bbox 171 1819 1754 1909">
     <span class='ocr_line' id='line_1_33' title="bbox 171 1819 1754 1909; baseline -0.015 -17"><span class='ocrx_word' id='word_1_240' title='bbox 171 1855 266 1909; x_wconf 86' lang='grc' dir='ltr'><strong>μεν</strong></span> <span class='ocrx_word' id='word_1_241' title='bbox 294 1837 438 1905; x_wconf 82' lang='grc' dir='ltr'>ὅπερ</span> <span class='ocrx_word' id='word_1_242' title='bbox 471 1833 780 1904; x_wconf 77' lang='grc' dir='ltr'>ἐδωρήσατο</span> <span class='ocrx_word' id='word_1_243' title='bbox 810 1831 940 1901; x_wconf 83' lang='grc' dir='ltr'>ἡμῖν</span> <span class='ocrx_word' id='word_1_244' title='bbox 972 1830 1000 1882; x_wconf 83' lang='grc' dir='ltr'>ὁ</span> <span class='ocrx_word' id='word_1_245' title='bbox 1043 1826 1174 1890; x_wconf 88' lang='grc' dir='ltr'>Θεὸς</span> <span class='ocrx_word' id='word_1_246' title='bbox 1213 1827 1270 1878; x_wconf 76' lang='grc' dir='ltr'>ἐν</span> <span class='ocrx_word' id='word_1_247' title='bbox 1299 1823 1378 1894; x_wconf 84' lang='grc' dir='ltr'>τῷ</span> <span class='ocrx_word' id='word_1_248' title='bbox 1421 1819 1754 1891; x_wconf 78' lang='grc' dir='ltr'>βαπτίσματι</span> 
     </span>
    </p>
   </div>
   <div class='ocr_carea' id='block_1_34' title="bbox 171 1908 1754 2000">
    <p class='ocr_par' dir='ltr' id='par_1_34' title="bbox 171 1908 1754 2000">
     <span class='ocr_line' id='line_1_34' title="bbox 171 1908 1754 2000; baseline -0.013 -18"><span class='ocrx_word' id='word_1_249' title='bbox 171 1908 420 2000; x_wconf 76' lang='grc' dir='ltr'>σημεῖον,</span> <span class='ocrx_word' id='word_1_250' title='bbox 459 1926 555 1978; x_wconf 74' lang='grc' dir='ltr'>καὶ</span> <span class='ocrx_word' id='word_1_251' title='bbox 594 1923 765 1994; x_wconf 81' lang='grc' dir='ltr'>δῶρον</span> <span class='ocrx_word' id='word_1_252' title='bbox 801 1922 898 1974; x_wconf 74' lang='grc' dir='ltr'>καὶ</span> <span class='ocrx_word' id='word_1_253' title='bbox 937 1919 1186 1991; x_wconf 84' lang='grc' dir='ltr'>χάρισμα</span> <span class='ocrx_word' id='word_1_254' title='bbox 1213 1916 1308 1969; x_wconf 71' lang='grc' dir='ltr'>καὶ</span> <span class='ocrx_word' id='word_1_255' title='bbox 1348 1911 1638 1984; x_wconf 75' lang='grc' dir='ltr'>θησαυρόν.</span> <span class='ocrx_word' id='word_1_256' title='bbox 1672 1908 1754 1962; x_wconf 83' lang='grc' dir='ltr'><strong>Τὰ</strong></span> 
     </span>
    </p>
   </div>
   <div class='ocr_carea' id='block_1_35' title="bbox 169 1997 1752 2088">
    <p class='ocr_par' dir='ltr' id='par_1_35' title="bbox 169 1997 1752 2088">
     <span class='ocr_line' id='line_1_35' title="bbox 169 1997 1752 2088; baseline -0.014 -16"><span class='ocrx_word' id='word_1_257' title='bbox 318 2014 634 2082; x_wconf 77' lang='grc' dir='ltr'>Εὑαγγέλια</span> <span class='ocrx_word' id='word_1_258' title='bbox 676 2012 772 2065; x_wconf 75' lang='grc' dir='ltr'>καὶ</span> <span class='ocrx_word' id='word_1_259' title='bbox 809 2013 857 2064; x_wconf 84' lang='grc' dir='ltr'>οἱ</span> <span class='ocrx_word' id='word_1_260' title='bbox 894 2007 1170 2080; x_wconf 82' lang='grc' dir='ltr'>προφῆται</span> <span class='ocrx_word' id='word_1_261' title='bbox 1207 2005 1303 2058; x_wconf 72' lang='grc' dir='ltr'>καὶ</span> <span class='ocrx_word' id='word_1_262' title='bbox 1350 2003 1400 2057; x_wconf 75' lang='grc' dir='ltr'>οἱ</span> <span class='ocrx_word' id='word_1_263' title='bbox 1443 1997 1752 2054; x_wconf 84' lang='grc' dir='ltr'>διδάσκαλοι</span> 
     </span>
    </p>
   </div>
   <div class='ocr_carea' id='block_1_36' title="bbox 170 2091 1752 2173">
    <p class='ocr_par' dir='ltr' id='par_1_36' title="bbox 170 2091 1752 2173">
     <span class='ocr_line' id='line_1_36' title="bbox 170 2091 1752 2173; baseline -0.013 -11"><span class='ocrx_word' id='word_1_264' title='bbox 170 2111 259 2163; x_wconf 73' lang='grc' dir='ltr'>καὶ</span> <span class='ocrx_word' id='word_1_265' title='bbox 279 2106 598 2167; x_wconf 80' lang='grc' dir='ltr'>ἀπόστολοι,</span> <span class='ocrx_word' id='word_1_266' title='bbox 621 2103 803 2157; x_wconf 85' lang='grc' dir='ltr'>πίστιν</span> <span class='ocrx_word' id='word_1_267' title='bbox 830 2098 1140 2173; x_wconf 72' lang='grc' dir='ltr'>ῥηματικὴν</span> <span class='ocrx_word' id='word_1_268' title='bbox 1165 2095 1300 2150; x_wconf 82' lang='grc' dir='ltr'>Θεοῦ</span> <span class='ocrx_word' id='word_1_269' title='bbox 1323 2095 1470 2167; x_wconf 79' lang='grc' dir='ltr'>ἡμᾶς</span> <span class='ocrx_word' id='word_1_270' title='bbox 1497 2093 1555 2159; x_wconf 82' lang='grc' dir='ltr'>ἐξ</span> <span class='ocrx_word' id='word_1_271' title='bbox 1580 2091 1752 2160; x_wconf 79' lang='grc' dir='ltr'>ἀκοῆς</span> 
     </span>
    </p>
   </div>
   <div class='ocr_carea' id='block_1_37' title="bbox 163 2182 1752 2261">
    <p class='ocr_par' dir='ltr' id='par_1_37' title="bbox 163 2182 1752 2261">
     <span class='ocr_line' id='line_1_37' title="bbox 163 2182 1752 2261; baseline -0.011 -8"><span class='ocrx_word' id='word_1_272' title='bbox 163 2201 530 2253; x_wconf 78' lang='grc' dir='ltr'>διδάσκουσιν·</span> <span class='ocrx_word' id='word_1_273' title='bbox 576 2198 605 2249; x_wconf 86' lang='grc' dir='ltr'>ὁ</span> <span class='ocrx_word' id='word_1_274' title='bbox 632 2195 688 2248; x_wconf 85' lang='grc' dir='ltr'>δὲ</span> <span class='ocrx_word' id='word_1_275' title='bbox 720 2194 851 2256; x_wconf 88' lang='grc' dir='ltr'>Θεὸς</span> <span class='ocrx_word' id='word_1_276' title='bbox 879 2193 940 2245; x_wconf 83' lang='grc' dir='ltr'>οὐ</span> <span class='ocrx_word' id='word_1_277' title='bbox 973 2191 1060 2244; x_wconf 81' lang='grc' dir='ltr'><strong>διὰ</strong></span> <span class='ocrx_word' id='word_1_278' title='bbox 1097 2189 1358 2261; x_wconf 76' lang='grc' dir='ltr'>ῥημάτων</span> <span class='ocrx_word' id='word_1_279' title='bbox 1393 2185 1584 2254; x_wconf 80' lang='grc' dir='ltr'>ἀκοῆς,</span> <span class='ocrx_word' id='word_1_280' title='bbox 1617 2182 1752 2236; x_wconf 83' lang='grc' dir='ltr'><strong>ἀλλὰ</strong></span> 
     </span>
    </p>
   </div>
   <div class='ocr_carea' id='block_1_38' title="bbox 163 2274 1751 2360">
    <p class='ocr_par' dir='ltr' id='par_1_38' title="bbox 163 2274 1751 2360">
     <span class='ocr_line' id='line_1_38' title="bbox 163 2274 1751 2360; baseline -0.013 -15"><span class='ocrx_word' id='word_1_281' title='bbox 163 2292 249 2345; x_wconf 80' lang='grc' dir='ltr'>διὰ</span> <span class='ocrx_word' id='word_1_282' title='bbox 282 2289 631 2360; x_wconf 81' lang='grc' dir='ltr'>πραγμάτων</span> <span class='ocrx_word' id='word_1_283' title='bbox 680 2283 1060 2338; x_wconf 80' lang='grc' dir='ltr'>ὲνυποστάτων</span> <span class='ocrx_word' id='word_1_284' title='bbox 1102 2283 1159 2334; x_wconf 77' lang='grc' dir='ltr'>ἐν</span> <span class='ocrx_word' id='word_1_285' title='bbox 1211 2282 1276 2350; x_wconf 82' lang='grc' dir='ltr'><strong>τῇ</strong></span> <span class='ocrx_word' id='word_1_286' title='bbox 1317 2277 1463 2348; x_wconf 79' lang='grc' dir='ltr'>ψυχῇ</span> <span class='ocrx_word' id='word_1_287' title='bbox 1513 2274 1751 2328; x_wconf 85' lang='grc' dir='ltr'>διδάσκει</span> 
     </span>
    </p>
   </div>
   <div class='ocr_carea' id='block_1_39' title="bbox 147 2362 1751 2454">
    <p class='ocr_par' dir='ltr' id='par_1_39' title="bbox 147 2362 1751 2454">
     <span class='ocr_line' id='line_1_39' title="bbox 147 2362 1751 2454; baseline -0.012 -22"><span class='ocrx_word' id='word_1_288' title='bbox 147 2381 252 2432; x_wconf 82' lang='grc' dir='ltr'>,τὸν</span> <span class='ocrx_word' id='word_1_289' title='bbox 274 2377 588 2454; x_wconf 61' lang='grc' dir='ltr'>ἄνθρωπον,</span> <span class='ocrx_word' id='word_1_290' title='bbox 627 2374 680 2428; x_wconf 89' lang='grc' dir='ltr'><strong>τί</strong></span> <span class='ocrx_word' id='word_1_291' title='bbox 715 2375 830 2427; x_wconf 80' lang='grc' dir='ltr'>ὲοτι</span> <span class='ocrx_word' id='word_1_292' title='bbox 860 2368 1206 2443; x_wconf 77' lang='grc' dir='ltr'>Χριστιανός.</span> <span class='ocrx_word' id='word_1_293' title='bbox 1239 2367 1340 2420; x_wconf 82' lang='grc' dir='ltr'>Διὰ</span> <span class='ocrx_word' id='word_1_294' title='bbox 1369 2365 1524 2418; x_wconf 88' lang='grc' dir='ltr'>τοῦτο</span> <span class='ocrx_word' id='word_1_295' title='bbox 1542 2403 1558 2428; x_wconf 98' lang='grc'><strong>,</strong></span> <span class='ocrx_word' id='word_1_296' title='bbox 1587 2362 1751 2433; x_wconf 73' lang='grc' dir='ltr'>φησὶν</span> 
     </span>
    </p>
   </div>
   <div class='ocr_carea' id='block_1_40' title="bbox 165 2457 1752 2534">
    <p class='ocr_par' dir='ltr' id='par_1_40' title="bbox 165 2457 1752 2534">
     <span class='ocr_line' id='line_1_40' title="bbox 165 2457 1752 2534; baseline -0.011 -8"><span class='ocrx_word' id='word_1_297' title='bbox 165 2477 191 2526; x_wconf 77' lang='grc' dir='ltr'><strong>ὁ</strong></span> <span class='ocrx_word' id='word_1_298' title='bbox 237 2471 478 2534; x_wconf 75' lang='grc' dir='ltr'>Παῦλος,</span> <span class='ocrx_word' id='word_1_299' title='bbox 517 2470 599 2523; x_wconf 83' lang='grc' dir='ltr'>ὅτι</span> <span class='ocrx_word' id='word_1_300' title='bbox 639 2469 814 2523; x_wconf 79' lang='grc' dir='ltr'>Ἐστι</span> <span class='ocrx_word' id='word_1_301' title='bbox 846 2465 1052 2528; x_wconf 80' lang='grc' dir='ltr'>πίστις</span> <span class='ocrx_word' id='word_1_302' title='bbox 1081 2462 1150 2526; x_wconf 76' lang='grc' dir='ltr'><strong>ἐξ</strong></span> <span class='ocrx_word' id='word_1_303' title='bbox 1181 2459 1390 2528; x_wconf 80' lang='grc' dir='ltr'><strong>ἀκοῆς·</strong></span> <span class='ocrx_word' id='word_1_304' title='bbox 1427 2457 1544 2524; x_wconf 82' lang='grc' dir='ltr'>καὶ,</span> <span class='ocrx_word' id='word_1_305' title='bbox 1585 2457 1752 2509; x_wconf 84' lang='grc' dir='ltr'>Ἔστι</span> 
     </span>
    </p>
   </div>
   <div class='ocr_carea' id='block_1_41' title="bbox 167 2545 1750 2626">
    <p class='ocr_par' dir='ltr' id='par_1_41' title="bbox 167 2545 1750 2626">
     <span class='ocr_line' id='line_1_41' title="bbox 167 2545 1750 2626; baseline -0.011 -10"><span class='ocrx_word' id='word_1_306' title='bbox 167 2564 373 2626; x_wconf 77' lang='grc' dir='ltr'>πίστις</span> <span class='ocrx_word' id='word_1_307' title='bbox 401 2557 805 2626; x_wconf 76' lang='grc' dir='ltr'>ἐλπιζομένων</span> <span class='ocrx_word' id='word_1_308' title='bbox 847 2556 1190 2617; x_wconf 82' lang='grc' dir='ltr'>ὑπόστασις</span> <span class='ocrx_word' id='word_1_309' title='bbox 1226 2548 1605 2618; x_wconf 75' lang='grc' dir='ltr'>πραγμάτων,</span> <span class='ocrx_word' id='word_1_310' title='bbox 1651 2545 1750 2598; x_wconf 79' lang='grc' dir='ltr'>καὶ</span> 
     </span>
    </p>
   </div>
   <div class='ocr_carea' id='block_1_42' title="bbox 165 2635 1751 2722">
    <p class='ocr_par' dir='ltr' id='par_1_42' title="bbox 165 2635 1751 2722">
     <span class='ocr_line' id='line_1_42' title="bbox 165 2635 1751 2722; baseline -0.012 -15"><span class='ocrx_word' id='word_1_311' title='bbox 165 2653 421 2722; x_wconf 73' lang='grc' dir='ltr'>ἔλεγχος</span> <span class='ocrx_word' id='word_1_312' title='bbox 450 2652 523 2705; x_wconf 85' lang='grc' dir='ltr'>οὐ</span> <span class='ocrx_word' id='word_1_313' title='bbox 556 2646 973 2715; x_wconf 75' lang='grc' dir='ltr'>βλεπομένων.</span> <span class='ocrx_word' id='word_1_314' title='bbox 1019 2640 1321 2712; x_wconf 79' lang='grc' dir='ltr'>Τοιγαροῦν</span> <span class='ocrx_word' id='word_1_315' title='bbox 1353 2639 1462 2694; x_wconf 82' lang='grc' dir='ltr'>ἰδοὺ</span> <span class='ocrx_word' id='word_1_316' title='bbox 1499 2635 1751 2709; x_wconf 79' lang='grc' dir='ltr'>μεμαθή-</span> 
     </span>
    </p>
   </div>
   <div class='ocr_carea' id='block_1_43' title="bbox 165 2726 1753 2814">
    <p class='ocr_par' dir='ltr' id='par_1_43' title="bbox 165 2726 1753 2814">
     <span class='ocr_line' id='line_1_43' title="bbox 165 2726 1753 2814; baseline -0.011 -15"><span class='ocrx_word' id='word_1_317' title='bbox 165 2761 366 2814; x_wconf 86' lang='grc' dir='ltr'>καμεν,</span> <span class='ocrx_word' id='word_1_318' title='bbox 397 2741 450 2795; x_wconf 81' lang='grc' dir='ltr'><strong>τί</strong></span> <span class='ocrx_word' id='word_1_319' title='bbox 483 2740 546 2794; x_wconf 88' lang='grc' dir='ltr'><strong>τὸ</strong></span> <span class='ocrx_word' id='word_1_320' title='bbox 575 2741 802 2811; x_wconf 84' lang='grc' dir='ltr'>σημεῖον</span> <span class='ocrx_word' id='word_1_321' title='bbox 849 2735 945 2790; x_wconf 85' lang='grc' dir='ltr'><strong>τοῦ</strong></span> <span class='ocrx_word' id='word_1_322' title='bbox 976 2731 1328 2806; x_wconf 86' lang='grc' dir='ltr'>Χριστιανοῦ,</span> <span class='ocrx_word' id='word_1_323' title='bbox 1351 2731 1488 2799; x_wconf 84' lang='grc' dir='ltr'>ὅπερ</span> <span class='ocrx_word' id='word_1_324' title='bbox 1527 2726 1753 2798; x_wconf 80' lang='grc' dir='ltr'>οὐδεμία</span> 
     </span>
    </p>
   </div>
   <div class='ocr_carea' id='block_1_44' title="bbox 164 2818 1747 2905">
    <p class='ocr_par' dir='ltr' id='par_1_44' title="bbox 164 2818 1747 2905">
     <span class='ocr_line' id='line_1_44' title="bbox 164 2818 1747 2905; baseline -0.013 -15"><span class='ocrx_word' id='word_1_325' title='bbox 164 2837 298 2905; x_wconf 74' lang='grc' dir='ltr'>ἄλλη</span> <span class='ocrx_word' id='word_1_326' title='bbox 328 2836 516 2897; x_wconf 79' lang='grc' dir='ltr'>πίστις</span> <span class='ocrx_word' id='word_1_327' title='bbox 536 2833 798 2903; x_wconf 78' lang='grc' dir='ltr'>κέκτηται</span> <span class='ocrx_word' id='word_1_328' title='bbox 827 2829 923 2883; x_wconf 78' lang='grc' dir='ltr'><strong>ἐπὶ</strong></span> <span class='ocrx_word' id='word_1_329' title='bbox 941 2828 1040 2899; x_wconf 78' lang='grc' dir='ltr'>τῆς</span> <span class='ocrx_word' id='word_1_330' title='bbox 1065 2827 1187 2898; x_wconf 85' lang='grc' dir='ltr'>γῆς.</span> <span class='ocrx_word' id='word_1_331' title='bbox 1213 2822 1378 2878; x_wconf 80' lang='grc' dir='ltr'><strong>Ἀλλὰ</strong></span> <span class='ocrx_word' id='word_1_332' title='bbox 1405 2820 1662 2892; x_wconf 81' lang='grc' dir='ltr'>μακάριοι</span> <span class='ocrx_word' id='word_1_333' title='bbox 1692 2818 1747 2872; x_wconf 76' lang='grc' dir='ltr'>οἱ</span> 
     </span>
    </p>
   </div>
   <div class='ocr_carea' id='block_1_45' title="bbox 165 2910 1748 2992">
    <p class='ocr_par' dir='ltr' id='par_1_45' title="bbox 165 2910 1748 2992">
     <span class='ocr_line' id='line_1_45' title="bbox 165 2910 1748 2992; baseline -0.009 -14"><span class='ocrx_word' id='word_1_334' title='bbox 165 2927 322 2980; x_wconf 85' lang='grc' dir='ltr'>τοῦτο</span> <span class='ocrx_word' id='word_1_335' title='bbox 343 2925 602 2987; x_wconf 73' lang='grc' dir='ltr'>λαϐόντες</span> <span class='ocrx_word' id='word_1_336' title='bbox 631 2923 726 2977; x_wconf 76' lang='grc' dir='ltr'>καὶ</span> <span class='ocrx_word' id='word_1_337' title='bbox 754 2921 991 2992; x_wconf 75' lang='grc' dir='ltr'>ἔχοντες,</span> <span class='ocrx_word' id='word_1_338' title='bbox 1017 2919 1112 2973; x_wconf 74' lang='grc' dir='ltr'>καὶ</span> <span class='ocrx_word' id='word_1_339' title='bbox 1131 2918 1228 2972; x_wconf 81' lang='grc' dir='ltr'>σὺν</span> <span class='ocrx_word' id='word_1_340' title='bbox 1245 2914 1394 2986; x_wconf 77' lang='grc' dir='ltr'><strong>αὐτῷ</strong></span> <span class='ocrx_word' id='word_1_341' title='bbox 1419 2916 1486 2967; x_wconf 76' lang='grc' dir='ltr'>ἐκ</span> <span class='ocrx_word' id='word_1_342' title='bbox 1511 2911 1605 2966; x_wconf 88' lang='grc' dir='ltr'><strong>τοῦ</strong></span> <span class='ocrx_word' id='word_1_343' title='bbox 1631 2910 1748 2982; x_wconf 86' lang='grc' dir='ltr'>βίου</span> 
     </span>
    </p>
   </div>
   <div class='ocr_carea' id='block_1_46' title="bbox 1927 1721 3432 1795">
    <p class='ocr_par' dir='ltr' id='par_1_46' title="bbox 1927 1721 3432 1795">
     <span class='ocr_line' id='line_1_46' title="bbox 1927 1721 3432 1795; baseline 0.001 -19"><span class='ocrx_word' id='word_1_344' title='bbox 1927 1721 2095 1790; x_wconf 79' lang='lat' dir='ltr'><strong>Igitur</strong></span> <span class='ocrx_word' id='word_1_345' title='bbox 2137 1733 2406 1780; x_wconf 89' lang='lat' dir='ltr'><strong>tentemus</strong></span> <span class='ocrx_word' id='word_1_346' title='bbox 2434 1726 2488 1781; x_wconf 93' lang='lat' dir='ltr'><strong>in</strong></span> <span class='ocrx_word' id='word_1_347' title='bbox 2528 1727 2683 1783; x_wconf 88' lang='lat' dir='ltr'><strong>nobis</strong></span> <span class='ocrx_word' id='word_1_348' title='bbox 2729 1727 2859 1795; x_wconf 85' lang='lat' dir='ltr'><strong>ipsis</strong></span> <span class='ocrx_word' id='word_1_349' title='bbox 2889 1741 2956 1781; x_wconf 83' lang='lat' dir='ltr'><strong>ex</strong></span> <span class='ocrx_word' id='word_1_350' title='bbox 2993 1726 3118 1782; x_wconf 90' lang='lat' dir='ltr'><strong>imis</strong></span> <span class='ocrx_word' id='word_1_351' title='bbox 3147 1727 3432 1793; x_wconf 69' lang='lat' dir='ltr'><strong>sensibus,</strong></span> 
     </span>
    </p>
   </div>
   <div class='ocr_carea' id='block_1_47' title="bbox 1854 1813 3430 1888">
    <p class='ocr_par' dir='ltr' id='par_1_47' title="bbox 1854 1813 3430 1888">
     <span class='ocr_line' id='line_1_47' title="bbox 1854 1813 3430 1888; baseline 0.005 -22"><span class='ocrx_word' id='word_1_352' title='bbox 1854 1828 1920 1866; x_wconf 88' lang='lat' dir='ltr'><strong>an</strong></span> <span class='ocrx_word' id='word_1_353' title='bbox 1948 1813 2241 1871; x_wconf 82' lang='lat' dir='ltr'><strong>habeamus</strong></span> <span class='ocrx_word' id='word_1_354' title='bbox 2267 1817 2524 1872; x_wconf 89' lang='lat' dir='ltr'><strong>indicium</strong></span> <span class='ocrx_word' id='word_1_355' title='bbox 2561 1819 2702 1888; x_wconf 90' lang='lat' dir='ltr'><strong>quod</strong></span> <span class='ocrx_word' id='word_1_356' title='bbox 2730 1817 2958 1888; x_wconf 78' lang='lat' dir='ltr'><strong>largitus</strong></span> <span class='ocrx_word' id='word_1_357' title='bbox 2984 1828 3070 1872; x_wconf 89' lang='lat' dir='ltr'><strong>est</strong></span> <span class='ocrx_word' id='word_1_358' title='bbox 3099 1818 3257 1874; x_wconf 86' lang='lat' dir='ltr'><strong>nobis</strong></span> <span class='ocrx_word' id='word_1_359' title='bbox 3290 1819 3430 1874; x_wconf 88' lang='lat' dir='ltr'><strong>Deus</strong></span> 
     </span>
    </p>
   </div>
   <div class='ocr_carea' id='block_1_48' title="bbox 1853 1904 3426 1974">
    <p class='ocr_par' dir='ltr' id='par_1_48' title="bbox 1853 1904 3426 1974">
     <span class='ocr_line' id='line_1_48' title="bbox 1853 1904 3426 1974; baseline 0.004 -17"><span class='ocrx_word' id='word_1_360' title='bbox 1853 1904 1907 1958; x_wconf 88' lang='lat' dir='ltr'><strong>in</strong></span> <span class='ocrx_word' id='word_1_361' title='bbox 1949 1907 2312 1974; x_wconf 85' lang='lat' dir='ltr'><strong>baptismate,</strong></span> <span class='ocrx_word' id='word_1_362' title='bbox 2360 1917 2415 1965; x_wconf 86' lang='lat' dir='ltr'><strong>et</strong></span> <span class='ocrx_word' id='word_1_363' title='bbox 2452 1911 2650 1965; x_wconf 84' lang='lat' dir='ltr'><strong>donum</strong></span> <span class='ocrx_word' id='word_1_364' title='bbox 2691 1919 2746 1966; x_wconf 89' lang='lat' dir='ltr'><strong>et</strong></span> <span class='ocrx_word' id='word_1_365' title='bbox 2781 1927 2977 1966; x_wconf 89' lang='lat' dir='ltr'><strong>munus</strong></span> <span class='ocrx_word' id='word_1_366' title='bbox 3002 1920 3055 1967; x_wconf 89' lang='lat' dir='ltr'><strong>et</strong></span> <span class='ocrx_word' id='word_1_367' title='bbox 3087 1911 3426 1966; x_wconf 88' lang='lat' dir='ltr'><strong>thesaurum.</strong></span> 
     </span>
    </p>
   </div>
   <div class='ocr_carea' id='block_1_49' title="bbox 1853 1982 3426 2073">
    <p class='ocr_par' dir='ltr' id='par_1_49' title="bbox 1853 1982 3426 2073">
     <span class='ocr_line' id='line_1_49' title="bbox 1853 1982 3426 2073; baseline 0.005 -24"><span class='ocrx_word' id='word_1_368' title='bbox 1853 1995 1984 2050; x_wconf 77' lang='lat' dir='ltr'><strong>Nam</strong></span> <span class='ocrx_word' id='word_1_369' title='bbox 2017 1997 2309 2070; x_wconf 81' lang='lat' dir='ltr'><strong>Evangelia</strong></span> <span class='ocrx_word' id='word_1_370' title='bbox 2339 2011 2394 2055; x_wconf 92' lang='lat' dir='ltr'><strong>et</strong></span> <span class='ocrx_word' id='word_1_371' title='bbox 2427 2003 2704 2071; x_wconf 83' lang='lat' dir='ltr'><strong>prophetae</strong></span> <span class='ocrx_word' id='word_1_372' title='bbox 2725 2044 2740 2071; x_wconf 94' lang='lat'><strong>,</strong></span> <span class='ocrx_word' id='word_1_373' title='bbox 2769 2012 2826 2058; x_wconf 91' lang='lat' dir='ltr'><strong>et</strong></span> <span class='ocrx_word' id='word_1_374' title='bbox 2847 2003 3110 2073; x_wconf 85' lang='lat' dir='ltr'><strong>apostoli,</strong></span> <span class='ocrx_word' id='word_1_375' title='bbox 3148 2012 3204 2058; x_wconf 90' lang='lat' dir='ltr'><strong>et</strong></span> <span class='ocrx_word' id='word_1_376' title='bbox 3236 1982 3426 2058; x_wconf 62' lang='lat' dir='ltr'><strong>docto-</strong></span> 
     </span>
    </p>
   </div>
   <div class='ocr_carea' id='block_1_50' title="bbox 1855 2094 3428 2163">
    <p class='ocr_par' dir='ltr' id='par_1_50' title="bbox 1855 2094 3428 2163">
     <span class='ocr_line' id='line_1_50' title="bbox 1855 2094 3428 2163; baseline 0.004 -19"><span class='ocrx_word' id='word_1_377' title='bbox 1855 2106 1942 2146; x_wconf 85' lang='lat' dir='ltr'><strong>res</strong></span> <span class='ocrx_word' id='word_1_378' title='bbox 1971 2094 2139 2147; x_wconf 81' lang='lat' dir='ltr'><strong>verbo</strong></span> <span class='ocrx_word' id='word_1_379' title='bbox 2171 2105 2325 2148; x_wconf 91' lang='lat' dir='ltr'><strong>tenus</strong></span> <span class='ocrx_word' id='word_1_380' title='bbox 2360 2094 2453 2151; x_wconf 86' lang='lat' dir='ltr'><strong>Dei</strong></span> <span class='ocrx_word' id='word_1_381' title='bbox 2503 2096 2662 2153; x_wconf 80' lang='lat' dir='ltr'><strong>ﬁdem</strong></span> <span class='ocrx_word' id='word_1_382' title='bbox 2708 2113 2806 2154; x_wconf 85' lang='lat' dir='ltr'><strong>nos</strong></span> <span class='ocrx_word' id='word_1_383' title='bbox 2853 2099 3078 2153; x_wconf 86' lang='lat' dir='ltr'><strong>edocent</strong></span> <span class='ocrx_word' id='word_1_384' title='bbox 3109 2113 3175 2153; x_wconf 85' lang='lat' dir='ltr'><strong>ex</strong></span> <span class='ocrx_word' id='word_1_385' title='bbox 3203 2097 3428 2163; x_wconf 85' lang='lat' dir='ltr'><strong>auditu;</strong></span> 
     </span>
    </p>
   </div>
   <div class='ocr_carea' id='block_1_51' title="bbox 1852 2180 3426 2257">
    <p class='ocr_par' dir='ltr' id='par_1_51' title="bbox 1852 2180 3426 2257">
     <span class='ocr_line' id='line_1_51' title="bbox 1852 2180 3426 2257; baseline 0.005 -24"><span class='ocrx_word' id='word_1_386' title='bbox 1852 2183 1947 2234; x_wconf 86' lang='lat' dir='ltr'><strong>sed</strong></span> <span class='ocrx_word' id='word_1_387' title='bbox 1982 2180 2122 2236; x_wconf 91' lang='lat' dir='ltr'><strong>Deus</strong></span> <span class='ocrx_word' id='word_1_388' title='bbox 2153 2197 2258 2236; x_wconf 90' lang='lat' dir='ltr'><strong>non</strong></span> <span class='ocrx_word' id='word_1_389' title='bbox 2301 2198 2397 2252; x_wconf 85' lang='lat' dir='ltr'><strong>per</strong></span> <span class='ocrx_word' id='word_1_390' title='bbox 2429 2187 2614 2254; x_wconf 85' lang='lat' dir='ltr'><strong>verba,</strong></span> <span class='ocrx_word' id='word_1_391' title='bbox 2659 2187 2756 2242; x_wconf 90' lang='lat' dir='ltr'><strong>sed</strong></span> <span class='ocrx_word' id='word_1_392' title='bbox 2792 2203 2889 2256; x_wconf 91' lang='lat' dir='ltr'><strong>per</strong></span> <span class='ocrx_word' id='word_1_393' title='bbox 2915 2189 3160 2242; x_wconf 85' lang='lat' dir='ltr'><strong>actiones</strong></span> <span class='ocrx_word' id='word_1_394' title='bbox 3189 2203 3311 2257; x_wconf 68' lang='lat' dir='ltr'><strong>qum</strong></span> <span class='ocrx_word' id='word_1_395' title='bbox 3342 2188 3426 2241; x_wconf 86' lang='lat' dir='ltr'><strong>in-</strong></span> 
     </span>
    </p>
   </div>
   <div class='ocr_carea' id='block_1_52' title="bbox 1854 2271 3432 2348">
    <p class='ocr_par' dir='ltr' id='par_1_52' title="bbox 1854 2271 3432 2348">
     <span class='ocr_line' id='line_1_52' title="bbox 1854 2271 3432 2348; baseline 0.005 -24"><span class='ocrx_word' id='word_1_396' title='bbox 1854 2271 2059 2325; x_wconf 54' lang='lat' dir='ltr'><strong>harrent</strong></span> <span class='ocrx_word' id='word_1_397' title='bbox 2090 2274 2142 2326; x_wconf 92' lang='lat' dir='ltr'><strong>in</strong></span> <span class='ocrx_word' id='word_1_398' title='bbox 2170 2275 2376 2340; x_wconf 91' lang='lat' dir='ltr'><strong>animo,</strong></span> <span class='ocrx_word' id='word_1_399' title='bbox 2417 2276 2576 2334; x_wconf 86' lang='lat' dir='ltr'><strong>docet</strong></span> <span class='ocrx_word' id='word_1_400' title='bbox 2601 2279 2872 2334; x_wconf 89' lang='lat' dir='ltr'><strong>hominem</strong></span> <span class='ocrx_word' id='word_1_401' title='bbox 2906 2279 3034 2348; x_wconf 89' lang='lat' dir='ltr'><strong>quid</strong></span> <span class='ocrx_word' id='word_1_402' title='bbox 3072 2279 3143 2334; x_wconf 87' lang='lat' dir='ltr'><strong>sit</strong></span> <span class='ocrx_word' id='word_1_403' title='bbox 3168 2279 3432 2333; x_wconf 75' lang='lat' dir='ltr'><strong>Christia-</strong></span> 
     </span>
    </p>
   </div>
   <div class='ocr_carea' id='block_1_53' title="bbox 1853 2362 3423 2436">
    <p class='ocr_par' dir='ltr' id='par_1_53' title="bbox 1853 2362 3423 2436">
     <span class='ocr_line' id='line_1_53' title="bbox 1853 2362 3423 2436; baseline 0.006 -21"><span class='ocrx_word' id='word_1_404' title='bbox 1853 2377 1974 2416; x_wconf 86' lang='lat' dir='ltr'><strong>nus.</strong></span> <span class='ocrx_word' id='word_1_405' title='bbox 1999 2362 2222 2431; x_wconf 88' lang='lat' dir='ltr'><strong>Idcirco,</strong></span> <span class='ocrx_word' id='word_1_406' title='bbox 2253 2366 2661 2436; x_wconf 84' lang='lat' dir='ltr'><strong>inquitPaulus,</strong></span> <span class='ocrx_word' id='word_1_407' title='bbox 2689 2367 2852 2424; x_wconf 77' lang='lat' dir='ltr'><strong>Fides</strong></span> <span class='ocrx_word' id='word_1_408' title='bbox 2885 2386 2951 2425; x_wconf 73' lang='lat' dir='ltr'><strong>ea:</strong></span> <span class='ocrx_word' id='word_1_409' title='bbox 2982 2369 3173 2424; x_wconf 82' lang='lat' dir='ltr'><strong>auditu</strong></span> <span class='ocrx_word' id='word_1_410' title='bbox 3199 2371 3285 2435; x_wconf 71' lang='lat'><strong>&#39;7;</strong></span> <span class='ocrx_word' id='word_1_411' title='bbox 3319 2371 3423 2424; x_wconf 80' lang='lat' dir='ltr'><strong>et&#39;:</strong></span> 
     </span>
    </p>
   </div>
   <div class='ocr_carea' id='block_1_54' title="bbox 1853 2449 3430 2528">
    <p class='ocr_par' dir='ltr' id='par_1_54' title="bbox 1853 2449 3430 2528">
     <span class='ocr_line' id='line_1_54' title="bbox 1853 2449 3430 2528; baseline 0.006 -24"><span class='ocrx_word' id='word_1_412' title='bbox 1853 2449 2016 2506; x_wconf 78' lang='lat' dir='ltr'><strong>Fides</strong></span> <span class='ocrx_word' id='word_1_413' title='bbox 2051 2463 2126 2507; x_wconf 74' lang='lat' dir='ltr'><strong>est</strong></span> <span class='ocrx_word' id='word_1_414' title='bbox 2162 2470 2339 2509; x_wconf 76' lang='lat' dir='ltr'><strong>rerum</strong></span> <span class='ocrx_word' id='word_1_415' title='bbox 2376 2460 2755 2524; x_wconf 72' lang='lat' dir='ltr'><strong>sperandam»:</strong></span> <span class='ocrx_word' id='word_1_416' title='bbox 2797 2459 3112 2523; x_wconf 70' lang='lat' dir='ltr'><strong>substantia,</strong></span> <span class='ocrx_word' id='word_1_417' title='bbox 3144 2468 3430 2528; x_wconf 64' lang='lat' dir='ltr'><strong>argutum-&#39;-</strong></span> 
     </span>
    </p>
   </div>
   <div class='ocr_carea' id='block_1_55' title="bbox 1853 2549 3428 2621">
    <p class='ocr_par' dir='ltr' id='par_1_55' title="bbox 1853 2549 3428 2621">
     <span class='ocr_line' id='line_1_55' title="bbox 1853 2549 3428 2621; baseline 0.008 -26"><span class='ocrx_word' id='word_1_418' title='bbox 1853 2551 1965 2596; x_wconf 82' lang='lat' dir='ltr'><strong>tum</strong></span> <span class='ocrx_word' id='word_1_419' title='bbox 2010 2559 2191 2600; x_wconf 79' lang='lat' dir='ltr'><strong>eorum</strong></span> <span class='ocrx_word' id='word_1_420' title='bbox 2229 2563 2350 2617; x_wconf 79' lang='lat' dir='ltr'><strong>qua:</strong></span> <span class='ocrx_word' id='word_1_421' title='bbox 2402 2565 2506 2604; x_wconf 79' lang='lat' dir='ltr'><strong>non</strong></span> <span class='ocrx_word' id='word_1_422' title='bbox 2542 2552 2784 2605; x_wconf 74' lang='lat' dir='ltr'><strong>videntur</strong></span> <span class='ocrx_word' id='word_1_423' title='bbox 2810 2552 2880 2606; x_wconf 83' lang='lat'><strong>“.</strong></span> <span class='ocrx_word' id='word_1_424' title='bbox 2929 2553 3269 2621; x_wconf 79' lang='lat' dir='ltr'><strong>Quapropter</strong></span> <span class='ocrx_word' id='word_1_425' title='bbox 3313 2549 3428 2619; x_wconf 75' lang='lat' dir='ltr'><strong>jam</strong></span> 
     </span>
    </p>
   </div>
   <div class='ocr_carea' id='block_1_56' title="bbox 1853 2634 3423 2713">
    <p class='ocr_par' dir='ltr' id='par_1_56' title="bbox 1853 2634 3423 2713">
     <span class='ocr_line' id='line_1_56' title="bbox 1853 2634 3423 2713; baseline 0.005 -25"><span class='ocrx_word' id='word_1_426' title='bbox 1853 2634 2140 2691; x_wconf 87' lang='lat' dir='ltr'><strong>didicimus</strong></span> <span class='ocrx_word' id='word_1_427' title='bbox 2180 2640 2322 2707; x_wconf 85' lang='lat' dir='ltr'><strong>quod</strong></span> <span class='ocrx_word' id='word_1_428' title='bbox 2353 2641 2426 2695; x_wconf 83' lang='lat' dir='ltr'><strong>sit</strong></span> <span class='ocrx_word' id='word_1_429' title='bbox 2455 2641 2712 2697; x_wconf 79' lang='lat' dir='ltr'><strong>indicium</strong></span> <span class='ocrx_word' id='word_1_430' title='bbox 2744 2643 3076 2707; x_wconf 76' lang='lat' dir='ltr'><strong>Christiani,</strong></span> <span class='ocrx_word' id='word_1_431' title='bbox 3122 2643 3264 2712; x_wconf 83' lang='lat' dir='ltr'><strong>quod</strong></span> <span class='ocrx_word' id='word_1_432' title='bbox 3294 2644 3423 2713; x_wconf 50' lang='lat' dir='ltr'><strong>qui.</strong></span> 
     </span>
    </p>
   </div>
   <div class='ocr_carea' id='block_1_57' title="bbox 1854 2725 3429 2804">
    <p class='ocr_par' dir='ltr' id='par_1_57' title="bbox 1854 2725 3429 2804">
     <span class='ocr_line' id='line_1_57' title="bbox 1854 2725 3429 2804; baseline 0.011 -26"><span class='ocrx_word' id='word_1_433' title='bbox 1854 2725 1976 2779; x_wconf 84' lang='lat' dir='ltr'><strong>tlem</strong></span> <span class='ocrx_word' id='word_1_434' title='bbox 2034 2729 2320 2788; x_wconf 83' lang='lat' dir='ltr'><strong>nulla.res</strong></span> <span class='ocrx_word' id='word_1_435' title='bbox 2369 2733 2475 2787; x_wconf 81' lang='lat' dir='ltr'><strong>alia</strong></span> <span class='ocrx_word' id='word_1_436' title='bbox 2530 2737 2864 2804; x_wconf 78' lang='lat' dir='ltr'><strong>comparavit</strong></span> <span class='ocrx_word' id='word_1_437' title='bbox 2907 2736 2960 2791; x_wconf 79' lang='lat' dir='ltr'><strong>in</strong></span> <span class='ocrx_word' id='word_1_438' title='bbox 3013 2744 3189 2800; x_wconf 80' lang='lat' dir='ltr'><strong>terra;</strong></span> <span class='ocrx_word' id='word_1_439' title='bbox 3241 2745 3429 2790; x_wconf 61' lang='lat' dir='ltr'><strong>verm</strong></span> 
     </span>
    </p>
   </div>
   <div class='ocr_carea' id='block_1_58' title="bbox 1855 2815 3431 2896">
    <p class='ocr_par' dir='ltr' id='par_1_58' title="bbox 1855 2815 3431 2896">
     <span class='ocr_line' id='line_1_58' title="bbox 1855 2815 3431 2896; baseline 0.008 -26"><span class='ocrx_word' id='word_1_440' title='bbox 1855 2815 1995 2890; x_wconf 84' lang='lat' dir='ltr'><strong>beati</strong></span> <span class='ocrx_word' id='word_1_441' title='bbox 2025 2820 2116 2889; x_wconf 82' lang='lat' dir='ltr'><strong>qui</strong></span> <span class='ocrx_word' id='word_1_442' title='bbox 2143 2822 2246 2876; x_wconf 89' lang='lat' dir='ltr'><strong>hoc</strong></span> <span class='ocrx_word' id='word_1_443' title='bbox 2275 2833 2635 2895; x_wconf 81' lang='lat' dir='ltr'><strong>perceperunt</strong></span> <span class='ocrx_word' id='word_1_444' title='bbox 2663 2835 2718 2880; x_wconf 81' lang='lat' dir='ltr'><strong>et</strong></span> <span class='ocrx_word' id='word_1_445' title='bbox 2751 2831 3032 2882; x_wconf 77' lang='lat' dir='ltr'><strong>continent</strong></span> <span class='ocrx_word' id='word_1_446' title='bbox 3070 2837 3126 2882; x_wconf 85' lang='lat' dir='ltr'><strong>et</strong></span> <span class='ocrx_word' id='word_1_447' title='bbox 3155 2840 3277 2882; x_wconf 79' lang='lat' dir='ltr'><strong>cum</strong></span> <span class='ocrx_word' id='word_1_448' title='bbox 3307 2827 3431 2896; x_wconf 78' lang='lat' dir='ltr'><strong>ipso</strong></span> 
     </span>
    </p>
   </div>
   <div class='ocr_carea' id='block_1_59' title="bbox 1855 2907 3432 2989">
    <p class='ocr_par' dir='ltr' id='par_1_59' title="bbox 1855 2907 3432 2989">
     <span class='ocr_line' id='line_1_59' title="bbox 1855 2907 3432 2989; baseline 0.008 -28"><span class='ocrx_word' id='word_1_449' title='bbox 1855 2921 1922 2961; x_wconf 74' lang='lat' dir='ltr'><strong>ex</strong></span> <span class='ocrx_word' id='word_1_450' title='bbox 1953 2907 2055 2963; x_wconf 86' lang='lat' dir='ltr'><strong>hac</strong></span> <span class='ocrx_word' id='word_1_451' title='bbox 2089 2909 2201 2966; x_wconf 78' lang='lat' dir='ltr'><strong>vita</strong></span> <span class='ocrx_word' id='word_1_452' title='bbox 2225 2915 2533 2970; x_wconf 64' lang='lat' dir='ltr'><strong>eacedont:</strong></span> <span class='ocrx_word' id='word_1_453' title='bbox 2563 2931 2752 2977; x_wconf 81' lang='lat' dir='ltr'><strong>eorum</strong></span> <span class='ocrx_word' id='word_1_454' title='bbox 2773 2919 2920 2974; x_wconf 80' lang='lat' dir='ltr'><strong>enim</strong></span> <span class='ocrx_word' id='word_1_455' title='bbox 2937 2927 3027 2975; x_wconf 78' lang='lat' dir='ltr'><strong>ost</strong></span> <span class='ocrx_word' id='word_1_456' title='bbox 3060 2927 3285 2989; x_wconf 70' lang='lat' dir='ltr'><strong>regnum</strong></span> <span class='ocrx_word' id='word_1_457' title='bbox 3307 2929 3432 2973; x_wconf 55' lang='lat' dir='ltr'><strong>eu-</strong></span> 
     </span>
    </p>
   </div>
   <div class='ocr_carea' id='block_1_60' title="bbox 165 2997 2052 3096">
    <p class='ocr_par' dir='ltr' id='par_1_60' title="bbox 165 2997 2052 3096">
     <span class='ocr_line' id='line_1_60' title="bbox 165 2997 2052 3096; baseline -0.009 -23"><span class='ocrx_word' id='word_1_458' title='bbox 165 3019 472 3092; x_wconf 63' lang='grc' dir='ltr'>ὑπάγοντες</span> <span class='ocrx_word' id='word_1_459' title='bbox 494 3033 506 3046; x_wconf 78' lang='grc'><strong><em>⁸</em></strong></span> <span class='ocrx_word' id='word_1_460' title='bbox 523 3013 702 3096; x_wconf 79' lang='grc' dir='ltr'>αύτῶν</span> <span class='ocrx_word' id='word_1_461' title='bbox 725 3013 834 3084; x_wconf 83' lang='grc' dir='ltr'><strong>γάρ</strong></span> <span class='ocrx_word' id='word_1_462' title='bbox 855 3013 1002 3064; x_wconf 80' lang='grc' dir='ltr'>ἐστιν</span> <span class='ocrx_word' id='word_1_463' title='bbox 1018 3011 1052 3080; x_wconf 77' lang='grc' dir='ltr'>ἡ</span> <span class='ocrx_word' id='word_1_464' title='bbox 1084 3006 1331 3081; x_wconf 77' lang='grc' dir='ltr'>βασιλεία</span> <span class='ocrx_word' id='word_1_465' title='bbox 1351 3005 1458 3059; x_wconf 81' lang='grc' dir='ltr'><strong>τῶν</strong></span> <span class='ocrx_word' id='word_1_466' title='bbox 1481 3000 1749 3076; x_wconf 77' lang='grc' dir='ltr'>οὐρανῶν.</span> <span class='ocrx_word' id='word_1_467' title='bbox 1779 3020 1824 3078; x_wconf 74' lang='lat' dir='ltr'><strong><em>C</em></strong></span> <span class='ocrx_word' id='word_1_468' title='bbox 1857 2997 2052 3056; x_wconf 83' lang='lat' dir='ltr'><strong>lorum.</strong></span> 
     </span>
    </p>
   </div>
   <div class='ocr_carea' id='block_1_61' title="bbox 491 3240 3106 3364">
    <p class='ocr_par' dir='ltr' id='par_1_61' title="bbox 491 3240 3106 3364">
     <span class='ocr_line' id='line_1_61' title="bbox 491 3240 3106 3364; baseline -0.002 -17"><span class='ocrx_word' id='word_1_469' title='bbox 491 3283 672 3364; x_wconf 80' lang='lat' dir='ltr'><strong>Apud</strong></span> <span class='ocrx_word' id='word_1_470' title='bbox 703 3284 765 3344; x_wconf 92' lang='lat' dir='ltr'><strong>S.</strong></span> <span class='ocrx_word' id='word_1_471' title='bbox 799 3240 1108 3346; x_wconf 86' lang='lat' dir='ltr'><strong>Joannem</strong></span> <span class='ocrx_word' id='word_1_472' title='bbox 1135 3279 1612 3347; x_wconf 82' lang='lat' dir='ltr'><strong>Damascenum,</strong></span> <span class='ocrx_word' id='word_1_473' title='bbox 1642 3272 1860 3334; x_wconf 84' lang='lat' dir='ltr'><strong>1ib.lII</strong></span> <span class='ocrx_word' id='word_1_474' title='bbox 1883 3273 1971 3333; x_wconf 83' lang='lat' dir='ltr'><strong>De</strong></span> <span class='ocrx_word' id='word_1_475' title='bbox 1998 3272 2297 3352; x_wconf 68' lang='lat' dir='ltr'><strong>luteam,</strong></span> <span class='ocrx_word' id='word_1_476' title='bbox 2331 3290 2484 3356; x_wconf 90' lang='lat' dir='ltr'><strong>opp.</strong></span> <span class='ocrx_word' id='word_1_477' title='bbox 2521 3279 2675 3363; x_wconf 56' lang='lat' dir='ltr'><strong>tom.</strong></span> <span class='ocrx_word' id='word_1_478' title='bbox 2699 3279 2758 3352; x_wconf 82' lang='grc'>1,</span> <span class='ocrx_word' id='word_1_479' title='bbox 2788 3295 2936 3360; x_wconf 81' lang='lat' dir='ltr'><strong>pag.</strong></span> <span class='ocrx_word' id='word_1_480' title='bbox 2968 3279 3106 3342; x_wconf 83' lang='lat'><strong>385.</strong></span> 
     </span>
    </p>
   </div>
   <div class='ocr_carea' id='block_1_62' title="bbox 156 3433 1756 3506">
    <p class='ocr_par' dir='ltr' id='par_1_62' title="bbox 156 3433 1756 3506">
     <span class='ocr_line' id='line_1_62' title="bbox 156 3433 1756 3506; baseline -0.012 -1"><span class='ocrx_word' id='word_1_481' title='bbox 156 3448 593 3506; x_wconf 81' lang='grc' dir='ltr'><strong>1Ε³ΡΩΝΥΜοΥ</strong></span> <span class='ocrx_word' id='word_1_482' title='bbox 639 3443 1103 3500; x_wconf 83' lang='grc' dir='ltr'><strong>ΠΡΕΣΒΥΤΕΡο</strong></span> <span class='ocrx_word' id='word_1_483' title='bbox 1115 3440 1161 3492; x_wconf 88' lang='grc' dir='ltr'><em>Υ</em></span> <span class='ocrx_word' id='word_1_484' title='bbox 1216 3437 1524 3493; x_wconf 81' lang='grc' dir='ltr'><strong>ΙΕΡΟΣΟΛ</strong></span> <span class='ocrx_word' id='word_1_485' title='bbox 1538 3433 1756 3488; x_wconf 83' lang='grc' dir='ltr'><strong>ΥΜΩΝ.</strong></span> 
     </span>
    </p>
   </div>
   <div class='ocr_carea' id='block_1_63' title="bbox 246 3591 1755 3677">
    <p class='ocr_par' dir='ltr' id='par_1_63' title="bbox 246 3591 1755 3677">
     <span class='ocr_line' id='line_1_63' title="bbox 246 3591 1755 3677; baseline -0.014 -14"><span class='ocrx_word' id='word_1_486' title='bbox 246 3605 598 3677; x_wconf 81' lang='grc' dir='ltr'>Ἐρώτησις.</span> <span class='ocrx_word' id='word_1_487' title='bbox 635 3603 748 3673; x_wconf 82' lang='grc' dir='ltr'><strong>Τῆς</strong></span> <span class='ocrx_word' id='word_1_488' title='bbox 779 3599 1003 3673; x_wconf 82' lang='grc' dir='ltr'>Γραφῆς</span> <span class='ocrx_word' id='word_1_489' title='bbox 1045 3595 1198 3668; x_wconf 80' lang='grc' dir='ltr'>ὑμῶν</span> <span class='ocrx_word' id='word_1_490' title='bbox 1231 3591 1482 3666; x_wconf 81' lang='grc' dir='ltr'>μηδαμοῦ</span> <span class='ocrx_word' id='word_1_491' title='bbox 1533 3593 1755 3650; x_wconf 74' lang='grc' dir='ltr'>ἐπιτρε-</span> 
     </span>
    </p>
   </div>
   <div class='ocr_carea' id='block_1_64' title="bbox 166 3676 1753 3770">
    <p class='ocr_par' dir='ltr' id='par_1_64' title="bbox 166 3676 1753 3770">
     <span class='ocr_line' id='line_1_64' title="bbox 166 3676 1753 3770; baseline -0.013 -16"><span class='ocrx_word' id='word_1_492' title='bbox 166 3676 379 3770; x_wconf 86' lang='grc' dir='ltr'>πούσης</span> <span class='ocrx_word' id='word_1_493' title='bbox 429 3697 557 3765; x_wconf 69' lang='grc' dir='ltr'>ὑμῖν</span> <span class='ocrx_word' id='word_1_494' title='bbox 605 3692 931 3765; x_wconf 81' lang='grc' dir='ltr'>προσκυνεῖν</span> <span class='ocrx_word' id='word_1_495' title='bbox 973 3676 1064 3742; x_wconf 83' lang='grc' dir='ltr'><strong>τὸν</strong></span> <span class='ocrx_word' id='word_1_496' title='bbox 1097 3685 1350 3756; x_wconf 80' lang='grc' dir='ltr'>σταυρὸν,</span> <span class='ocrx_word' id='word_1_497' title='bbox 1400 3682 1545 3745; x_wconf 82' lang='grc' dir='ltr'>τινος</span> <span class='ocrx_word' id='word_1_498' title='bbox 1593 3681 1753 3753; x_wconf 80' lang='grc' dir='ltr'>χάριν</span> 
     </span>
    </p>
   </div>
   <div class='ocr_carea' id='block_1_65' title="bbox 163 3773 1754 3856">
    <p class='ocr_par' dir='ltr' id='par_1_65' title="bbox 163 3773 1754 3856">
     <span class='ocr_line' id='line_1_65' title="bbox 163 3773 1754 3856; baseline -0.013 -12"><span class='ocrx_word' id='word_1_499' title='bbox 163 3790 355 3844; x_wconf 76' lang='grc' dir='ltr'>λοιπὸν</span> <span class='ocrx_word' id='word_1_500' title='bbox 388 3786 551 3842; x_wconf 76' lang='grc' dir='ltr'>αὐτὸν</span> <span class='ocrx_word' id='word_1_501' title='bbox 591 3784 986 3856; x_wconf 82' lang='grc' dir='ltr'>προσκυνεῖτε;</span> <span class='ocrx_word' id='word_1_502' title='bbox 1035 3776 1243 3832; x_wconf 67' lang='grc' dir='ltr'>Εἴπατε</span> <span class='ocrx_word' id='word_1_503' title='bbox 1289 3777 1423 3846; x_wconf 77' lang='grc' dir='ltr'>ἡμῖν</span> <span class='ocrx_word' id='word_1_504' title='bbox 1462 3776 1575 3836; x_wconf 86' lang='grc' dir='ltr'>τοῖς</span> <span class='ocrx_word' id='word_1_505' title='bbox 1624 3773 1754 3825; x_wconf 85' lang='grc' dir='ltr'>Ἰου-</span> 
     </span>
    </p>
   </div>
   <div class='ocr_carea' id='block_1_66' title="bbox 165 3864 1756 3946">
    <p class='ocr_par' dir='ltr' id='par_1_66' title="bbox 165 3864 1756 3946">
     <span class='ocr_line' id='line_1_66' title="bbox 165 3864 1756 3946; baseline -0.013 -11"><span class='ocrx_word' id='word_1_506' title='bbox 165 3883 339 3943; x_wconf 83' lang='grc' dir='ltr'>δαίοις</span> <span class='ocrx_word' id='word_1_507' title='bbox 375 3880 469 3932; x_wconf 79' lang='grc' dir='ltr'>καὶ</span> <span class='ocrx_word' id='word_1_508' title='bbox 498 3876 726 3946; x_wconf 83' lang='grc' dir='ltr'>Ἕλλησι</span> <span class='ocrx_word' id='word_1_509' title='bbox 745 3915 759 3942; x_wconf 90' lang='grc'><strong>,</strong></span> <span class='ocrx_word' id='word_1_510' title='bbox 790 3873 886 3927; x_wconf 72' lang='grc' dir='ltr'>καὶ</span> <span class='ocrx_word' id='word_1_511' title='bbox 915 3873 1049 3925; x_wconf 72' lang='grc' dir='ltr'>πᾶσι</span> <span class='ocrx_word' id='word_1_512' title='bbox 1088 3871 1200 3932; x_wconf 84' lang='grc' dir='ltr'>τοῖς</span> <span class='ocrx_word' id='word_1_513' title='bbox 1236 3865 1584 3938; x_wconf 70' lang='grc' dir='ltr'>ἐπερωτῶσιν</span> <span class='ocrx_word' id='word_1_514' title='bbox 1615 3864 1756 3934; x_wconf 77' lang='grc' dir='ltr'>ὑμᾶς</span> 
     </span>
    </p>
   </div>
   <div class='ocr_carea' id='block_1_67' title="bbox 166 3973 371 4026">
    <p class='ocr_par' dir='ltr' id='par_1_67' title="bbox 166 3973 371 4026">
     <span class='ocr_line' id='line_1_67' title="bbox 166 3973 371 4026; baseline -0.005 0"><span class='ocrx_word' id='word_1_515' title='bbox 166 3973 371 4026; x_wconf 78' lang='grc' dir='ltr'>ἔθνεσι.</span> 
     </span>
    </p>
   </div>
   <div class='ocr_carea' id='block_1_68' title="bbox 249 4041 1756 4130">
    <p class='ocr_par' dir='ltr' id='par_1_68' title="bbox 249 4041 1756 4130">
     <span class='ocr_line' id='line_1_68' title="bbox 249 4041 1756 4130; baseline -0.013 -12"><span class='ocrx_word' id='word_1_516' title='bbox 249 4063 620 4130; x_wconf 75' lang='grc' dir='ltr'>Ἀπόκρισις.</span> <span class='ocrx_word' id='word_1_517' title='bbox 668 4056 767 4119; x_wconf 80' lang='grc' dir='ltr'><strong>Διὰ</strong></span> <span class='ocrx_word' id='word_1_518' title='bbox 810 4055 989 4118; x_wconf 86' lang='grc' dir='ltr'>τοῦτο,</span> <span class='ocrx_word' id='word_1_519' title='bbox 1022 4047 1066 4108; x_wconf 76' lang='grc' dir='ltr'><strong>ὦ</strong></span> <span class='ocrx_word' id='word_1_520' title='bbox 1113 4052 1328 4123; x_wconf 82' lang='grc' dir='ltr'>ἀνόητοι</span> <span class='ocrx_word' id='word_1_521' title='bbox 1374 4049 1470 4104; x_wconf 65' lang='lat' dir='ltr'><strong>ita).</strong></span> <span class='ocrx_word' id='word_1_522' title='bbox 1520 4041 1756 4110; x_wconf 78' lang='grc' dir='ltr'>ἀναιδεῖς</span> 
     </span>
    </p>
   </div>
   <div class='ocr_carea' id='block_1_69' title="bbox 164 4139 1754 4228">
    <p class='ocr_par' dir='ltr' id='par_1_69' title="bbox 164 4139 1754 4228">
     <span class='ocr_line' id='line_1_69' title="bbox 164 4139 1754 4228; baseline -0.012 -18"><span class='ocrx_word' id='word_1_523' title='bbox 164 4159 231 4228; x_wconf 76' lang='grc' dir='ltr'>τῇ</span> <span class='ocrx_word' id='word_1_524' title='bbox 257 4154 487 4225; x_wconf 70' lang='grc' dir='ltr'>καρδία,</span> <span class='ocrx_word' id='word_1_525' title='bbox 512 4152 656 4222; x_wconf 84' lang='grc' dir='ltr'>τάχα</span> <span class='ocrx_word' id='word_1_526' title='bbox 679 4147 1056 4220; x_wconf 83' lang='grc' dir='ltr'>συνεχώρησεν</span> <span class='ocrx_word' id='word_1_527' title='bbox 1081 4148 1110 4200; x_wconf 86' lang='grc' dir='ltr'>ὁ</span> <span class='ocrx_word' id='word_1_528' title='bbox 1137 4145 1267 4207; x_wconf 81' lang='grc' dir='ltr'>Θεὸς</span> <span class='ocrx_word' id='word_1_529' title='bbox 1287 4142 1399 4214; x_wconf 76' lang='grc'><strong>(14)</strong></span> <span class='ocrx_word' id='word_1_530' title='bbox 1425 4141 1587 4195; x_wconf 73' lang='grc' dir='ltr'>παντὶ</span> <span class='ocrx_word' id='word_1_531' title='bbox 1611 4139 1754 4193; x_wconf 77' lang='grc' dir='ltr'>ἔθνει</span> 
     </span>
    </p>
   </div>
   <div class='ocr_carea' id='block_1_70' title="bbox 165 4232 1757 4320">
    <p class='ocr_par' dir='ltr' id='par_1_70' title="bbox 165 4232 1757 4320">
     <span class='ocr_line' id='line_1_70' title="bbox 165 4232 1757 4320; baseline -0.011 -18"><span class='ocrx_word' id='word_1_532' title='bbox 165 4246 454 4320; x_wconf 78' lang='grc' dir='ltr'>σεϐομένῳ</span> <span class='ocrx_word' id='word_1_533' title='bbox 497 4245 588 4298; x_wconf 89' lang='grc' dir='ltr'><strong>τὸν</strong></span> <span class='ocrx_word' id='word_1_534' title='bbox 617 4243 770 4308; x_wconf 86' lang='grc' dir='ltr'>Θεὸν,</span> <span class='ocrx_word' id='word_1_535' title='bbox 812 4242 1031 4304; x_wconf 88' lang='grc' dir='ltr'>πάντως</span> <span class='ocrx_word' id='word_1_536' title='bbox 1070 4239 1390 4310; x_wconf 79' lang='grc' dir='ltr'>προσκυνεῖν</span> <span class='ocrx_word' id='word_1_537' title='bbox 1429 4253 1482 4287; x_wconf 88' lang='grc' dir='ltr'><strong>τι</strong></span> <span class='ocrx_word' id='word_1_538' title='bbox 1528 4233 1620 4286; x_wconf 71' lang='grc' dir='ltr'><strong>ἐπὶ</strong></span> <span class='ocrx_word' id='word_1_539' title='bbox 1657 4232 1757 4302; x_wconf 78' lang='grc' dir='ltr'>τῆς</span> 
     </span>
    </p>
   </div>
   <div class='ocr_carea' id='block_1_71' title="bbox 161 4325 1753 4411">
    <p class='ocr_par' dir='ltr' id='par_1_71' title="bbox 161 4325 1753 4411">
     <span class='ocr_line' id='line_1_71' title="bbox 161 4325 1753 4411; baseline -0.012 -17"><span class='ocrx_word' id='word_1_540' title='bbox 161 4343 291 4411; x_wconf 78' lang='grc' dir='ltr'>γῆς,</span> <span class='ocrx_word' id='word_1_541' title='bbox 324 4339 489 4410; x_wconf 72' lang='grc' dir='ltr'>ἔργον</span> <span class='ocrx_word' id='word_1_542' title='bbox 520 4334 808 4407; x_wconf 82' lang='grc' dir='ltr'>ἀνθρώπου</span> <span class='ocrx_word' id='word_1_543' title='bbox 840 4333 1106 4404; x_wconf 81' lang='grc' dir='ltr'>ὑπάρχον,</span> <span class='ocrx_word' id='word_1_544' title='bbox 1137 4331 1225 4384; x_wconf 88' lang='grc' dir='ltr'>ἴνα</span> <span class='ocrx_word' id='word_1_545' title='bbox 1263 4327 1460 4400; x_wconf 81' lang='grc' dir='ltr'>μηκέτι</span> <span class='ocrx_word' id='word_1_546' title='bbox 1491 4325 1753 4378; x_wconf 80' lang='grc' dir='ltr'>δύνωνται</span> 
     </span>
    </p>
   </div>
   <div class='ocr_carea' id='block_1_72' title="bbox 162 4414 1756 4499">
    <p class='ocr_par' dir='ltr' id='par_1_72' title="bbox 162 4414 1756 4499">
     <span class='ocr_line' id='line_1_72' title="bbox 162 4414 1756 4499; baseline -0.011 -15"><span class='ocrx_word' id='word_1_547' title='bbox 162 4430 425 4499; x_wconf 72' lang='grc' dir='ltr'>ἐγκαλεῖν</span> <span class='ocrx_word' id='word_1_548' title='bbox 478 4429 592 4491; x_wconf 82' lang='grc' dir='ltr'>τοῖς</span> <span class='ocrx_word' id='word_1_549' title='bbox 631 4424 981 4499; x_wconf 74' lang='grc' dir='ltr'>Χριστιανοίς</span> <span class='ocrx_word' id='word_1_550' title='bbox 1025 4422 1155 4492; x_wconf 72' lang='grc' dir='ltr'>περὶ</span> <span class='ocrx_word' id='word_1_551' title='bbox 1197 4419 1288 4473; x_wconf 89' lang='grc' dir='ltr'><strong>τοῦ</strong></span> <span class='ocrx_word' id='word_1_552' title='bbox 1345 4414 1618 4488; x_wconf 78' lang='grc' dir='ltr'>σταυροῦ,</span> <span class='ocrx_word' id='word_1_553' title='bbox 1663 4415 1756 4468; x_wconf 77' lang='grc' dir='ltr'>καὶ</span> 
     </span>
    </p>
   </div>
   <div class='ocr_carea' id='block_1_73' title="bbox 159 4505 1758 4593">
    <p class='ocr_par' dir='ltr' id='par_1_73' title="bbox 159 4505 1758 4593">
     <span class='ocr_line' id='line_1_73' title="bbox 159 4505 1758 4593; baseline -0.011 -16"><span class='ocrx_word' id='word_1_554' title='bbox 159 4523 264 4593; x_wconf 84' lang='grc' dir='ltr'>τῆς</span> <span class='ocrx_word' id='word_1_555' title='bbox 288 4521 402 4575; x_wconf 85' lang='grc' dir='ltr'>τῶν</span> <span class='ocrx_word' id='word_1_556' title='bbox 434 4519 661 4574; x_wconf 78' lang='grc' dir='ltr'>είκὸνων</span> <span class='ocrx_word' id='word_1_557' title='bbox 695 4517 1138 4590; x_wconf 81' lang='grc' dir='ltr'>προσκυνήσεως.</span> <span class='ocrx_word' id='word_1_558' title='bbox 1172 4512 1384 4582; x_wconf 83' lang='grc' dir='ltr'>Ὥσπερ</span> <span class='ocrx_word' id='word_1_559' title='bbox 1415 4505 1508 4564; x_wconf 85' lang='grc' dir='ltr'>οὖν</span> <span class='ocrx_word' id='word_1_560' title='bbox 1555 4512 1583 4563; x_wconf 87' lang='grc' dir='ltr'>ὁ</span> <span class='ocrx_word' id='word_1_561' title='bbox 1629 4509 1758 4562; x_wconf 75' lang='grc' dir='ltr'>’ῐου-</span> 
     </span>
    </p>
   </div>
   <div class='ocr_carea' id='block_1_74' title="bbox 160 4597 1757 4681">
    <p class='ocr_par' dir='ltr' id='par_1_74' title="bbox 160 4597 1757 4681">
     <span class='ocr_line' id='line_1_74' title="bbox 160 4597 1757 4681; baseline -0.009 -15"><span class='ocrx_word' id='word_1_562' title='bbox 160 4613 316 4676; x_wconf 83' lang='grc' dir='ltr'>δαῖος</span> <span class='ocrx_word' id='word_1_563' title='bbox 356 4607 683 4681; x_wconf 79' lang='grc' dir='ltr'>προσεκύνει</span> <span class='ocrx_word' id='word_1_564' title='bbox 713 4607 812 4678; x_wconf 83' lang='grc' dir='ltr'>τὴν</span> <span class='ocrx_word' id='word_1_565' title='bbox 840 4604 1071 4658; x_wconf 83' lang='grc' dir='ltr'>κιϐωτὸν</span> <span class='ocrx_word' id='word_1_566' title='bbox 1100 4604 1199 4674; x_wconf 76' lang='grc' dir='ltr'>τῆς</span> <span class='ocrx_word' id='word_1_567' title='bbox 1227 4601 1512 4672; x_wconf 78' lang='grc' dir='ltr'>διαθήκης,</span> <span class='ocrx_word' id='word_1_568' title='bbox 1549 4599 1643 4652; x_wconf 76' lang='grc' dir='ltr'>καὶ</span> <span class='ocrx_word' id='word_1_569' title='bbox 1689 4597 1757 4651; x_wconf 85' lang='grc' dir='ltr'>τὰ</span> 
     </span>
    </p>
   </div>
   <div class='ocr_carea' id='block_1_75' title="bbox 1862 3427 3433 3561">
    <p class='ocr_par' dir='ltr' id='par_1_75' title="bbox 1862 3427 3433 3561">
     <span class='ocr_line' id='line_1_75' title="bbox 1862 3427 3433 3561; baseline 0.013 -77"><span class='ocrx_word' id='word_1_570' title='bbox 1862 3427 2296 3488; x_wconf 78' lang='grc' dir='ltr'><strong>ΙΙΙΕΒΟΝΥΜΙ</strong></span> <span class='ocrx_word' id='word_1_571' title='bbox 2333 3433 2797 3561; x_wconf 51' lang='grc' dir='ltr'><strong>ΡΒΕδΒέὖῈΒΙ</strong></span> <span class='ocrx_word' id='word_1_572' title='bbox 2863 3437 3433 3503; x_wconf 69' lang='lat' dir='ltr'><strong>HIEROSOLYHO-</strong></span> 
     </span>
    </p>
   </div>
   <div class='ocr_carea' id='block_1_76' title="bbox 1927 3592 3432 3674">
    <p class='ocr_par' dir='ltr' id='par_1_76' title="bbox 1927 3592 3432 3674">
     <span class='ocr_line' id='line_1_76' title="bbox 1927 3592 3432 3674; baseline 0.01 -28"><span class='ocrx_word' id='word_1_573' title='bbox 1927 3592 2108 3648; x_wconf 69' lang='lat' dir='ltr'><strong>Judwi</strong></span> <span class='ocrx_word' id='word_1_574' title='bbox 2140 3594 2502 3667; x_wconf 78' lang='lat' dir='ltr'><strong>interrogatio.</strong></span> <span class='ocrx_word' id='word_1_575' title='bbox 2537 3595 2983 3670; x_wconf 80' lang='lat' dir='ltr'><strong>Quandoquidem</strong></span> <span class='ocrx_word' id='word_1_576' title='bbox 3021 3601 3300 3674; x_wconf 88' lang='lat' dir='ltr'><strong>Scriptura</strong></span> <span class='ocrx_word' id='word_1_577' title='bbox 3335 3621 3432 3660; x_wconf 87' lang='lat' dir='ltr'><strong>ve-</strong></span> 
     </span>
    </p>
   </div>
   <div class='ocr_carea' id='block_1_77' title="bbox 1857 3688 3435 3763">
    <p class='ocr_par' dir='ltr' id='par_1_77' title="bbox 1857 3688 3435 3763">
     <span class='ocr_line' id='line_1_77' title="bbox 1857 3688 3435 3763; baseline 0.008 -23"><span class='ocrx_word' id='word_1_578' title='bbox 1857 3694 1968 3740; x_wconf 90' lang='lat' dir='ltr'><strong>stra</strong></span> <span class='ocrx_word' id='word_1_579' title='bbox 2006 3701 2221 3741; x_wconf 88' lang='lat' dir='ltr'><strong>crucem</strong></span> <span class='ocrx_word' id='word_1_580' title='bbox 2264 3688 2494 3743; x_wconf 88' lang='lat' dir='ltr'><strong>adorare</strong></span> <span class='ocrx_word' id='word_1_581' title='bbox 2525 3703 2790 3759; x_wconf 88' lang='lat' dir='ltr'><strong>nusquam</strong></span> <span class='ocrx_word' id='word_1_582' title='bbox 2825 3690 2978 3746; x_wconf 80' lang='lat' dir='ltr'><strong>vobis</strong></span> <span class='ocrx_word' id='word_1_583' title='bbox 3017 3695 3300 3763; x_wconf 85' lang='lat' dir='ltr'><strong>permittit,</strong></span> <span class='ocrx_word' id='word_1_584' title='bbox 3333 3711 3435 3752; x_wconf 90' lang='lat' dir='ltr'><strong>cur</strong></span> 
     </span>
    </p>
   </div>
   <div class='ocr_carea' id='block_1_78' title="bbox 1861 3776 3433 3849">
    <p class='ocr_par' dir='ltr' id='par_1_78' title="bbox 1861 3776 3433 3849">
     <span class='ocr_line' id='line_1_78' title="bbox 1861 3776 3433 3849; baseline 0.009 -20"><span class='ocrx_word' id='word_1_585' title='bbox 1861 3776 2024 3845; x_wconf 82' lang='lat' dir='ltr'><strong>igitur</strong></span> <span class='ocrx_word' id='word_1_586' title='bbox 2055 3778 2223 3847; x_wconf 85' lang='lat' dir='ltr'><strong>ipsam</strong></span> <span class='ocrx_word' id='word_1_587' title='bbox 2248 3793 2345 3832; x_wconf 82' lang='lat' dir='ltr'><strong>vos</strong></span> <span class='ocrx_word' id='word_1_588' title='bbox 2371 3779 2655 3835; x_wconf 84' lang='lat' dir='ltr'><strong>adoratis?</strong></span> <span class='ocrx_word' id='word_1_589' title='bbox 2679 3779 3024 3849; x_wconf 80' lang='lat' dir='ltr'><strong>Respondete</strong></span> <span class='ocrx_word' id='word_1_590' title='bbox 3049 3784 3205 3842; x_wconf 88' lang='lat' dir='ltr'><strong>nobis</strong></span> <span class='ocrx_word' id='word_1_591' title='bbox 3229 3784 3433 3844; x_wconf 68' lang='lat' dir='ltr'><strong>Judais</strong></span> 
     </span>
    </p>
   </div>
   <div class='ocr_carea' id='block_1_79' title="bbox 1859 3869 3434 3946">
    <p class='ocr_par' dir='ltr' id='par_1_79' title="bbox 1859 3869 3434 3946">
     <span class='ocr_line' id='line_1_79' title="bbox 1859 3869 3434 3946; baseline 0.008 -25"><span class='ocrx_word' id='word_1_592' title='bbox 1859 3878 1915 3922; x_wconf 90' lang='lat' dir='ltr'><strong>et</strong></span> <span class='ocrx_word' id='word_1_593' title='bbox 1961 3869 2202 3937; x_wconf 81' lang='lat' dir='ltr'><strong>Graecis,</strong></span> <span class='ocrx_word' id='word_1_594' title='bbox 2252 3873 2572 3943; x_wconf 67' lang='lat' dir='ltr'><strong>ueterisque</strong></span> <span class='ocrx_word' id='word_1_595' title='bbox 2623 3873 2876 3930; x_wconf 89' lang='lat' dir='ltr'><strong>omnibus</strong></span> <span class='ocrx_word' id='word_1_596' title='bbox 2917 3875 3009 3946; x_wconf 90' lang='lat' dir='ltr'><strong>qui</strong></span> <span class='ocrx_word' id='word_1_597' title='bbox 3057 3876 3160 3933; x_wconf 87' lang='lat' dir='ltr'><strong>hoc</strong></span> <span class='ocrx_word' id='word_1_598' title='bbox 3205 3893 3235 3934; x_wconf 89' lang='lat' dir='ltr'><strong>a</strong></span> <span class='ocrx_word' id='word_1_599' title='bbox 3283 3879 3434 3936; x_wconf 85' lang='lat' dir='ltr'><strong>vobis</strong></span> 
     </span>
    </p>
   </div>
   <div class='ocr_carea' id='block_1_80' title="bbox 1857 3959 2996 4030">
    <p class='ocr_par' dir='ltr' id='par_1_80' title="bbox 1857 3959 2996 4030">
     <span class='ocr_line' id='line_1_80' title="bbox 1857 3959 2996 4030; baseline -0.003 -18"><span class='ocrx_word' id='word_1_600' title='bbox 1857 3963 2168 4030; x_wconf 68' lang='lat' dir='ltr'><strong>quaerinms.</strong></span> <span class='ocrx_word' id='word_1_601' title='bbox 2989 3959 2996 3963; x_wconf 87' lang='grc'><em>’</em></span> 
     </span>
    </p>
   </div>
   <div class='ocr_carea' id='block_1_81' title="bbox 1929 4051 3433 4127">
    <p class='ocr_par' dir='ltr' id='par_1_81' title="bbox 1929 4051 3433 4127">
     <span class='ocr_line' id='line_1_81' title="bbox 1929 4051 3433 4127; baseline 0.008 -20"><span class='ocrx_word' id='word_1_602' title='bbox 1929 4051 2222 4108; x_wconf 77' lang='lat' dir='ltr'><strong>Christiani</strong></span> <span class='ocrx_word' id='word_1_603' title='bbox 2261 4059 2548 4126; x_wconf 80' lang='lat' dir='ltr'><strong>responsio.</strong></span> <span class='ocrx_word' id='word_1_604' title='bbox 2580 4055 2806 4127; x_wconf 82' lang='lat' dir='ltr'><strong>Idcirco,</strong></span> <span class='ocrx_word' id='word_1_605' title='bbox 2857 4076 2890 4116; x_wconf 93' lang='lat'><strong>0</strong></span> <span class='ocrx_word' id='word_1_606' title='bbox 2943 4061 3092 4118; x_wconf 89' lang='lat' dir='ltr'><strong>stulti</strong></span> <span class='ocrx_word' id='word_1_607' title='bbox 3150 4073 3205 4118; x_wconf 90' lang='lat' dir='ltr'><strong>et</strong></span> <span class='ocrx_word' id='word_1_608' title='bbox 3250 4065 3433 4121; x_wconf 78' lang='lat' dir='ltr'><strong>vesani</strong></span> 
     </span>
    </p>
   </div>
   <div class='ocr_carea' id='block_1_82' title="bbox 1858 4145 3430 4225">
    <p class='ocr_par' dir='ltr' id='par_1_82' title="bbox 1858 4145 3430 4225">
     <span class='ocr_line' id='line_1_82' title="bbox 1858 4145 3430 4225; baseline 0.008 -28"><span class='ocrx_word' id='word_1_609' title='bbox 1858 4147 2042 4212; x_wconf 79' lang='lat' dir='ltr'><strong>corde,</strong></span> <span class='ocrx_word' id='word_1_610' title='bbox 2071 4145 2295 4202; x_wconf 84' lang='lat' dir='ltr'><strong>forsitan</strong></span> <span class='ocrx_word' id='word_1_611' title='bbox 2321 4152 2566 4220; x_wconf 86' lang='lat' dir='ltr'><strong>permisit.</strong></span> <span class='ocrx_word' id='word_1_612' title='bbox 2597 4151 2737 4208; x_wconf 90' lang='lat' dir='ltr'><strong>Deus</strong></span> <span class='ocrx_word' id='word_1_613' title='bbox 2760 4153 2906 4208; x_wconf 89' lang='lat' dir='ltr'><strong>omni</strong></span> <span class='ocrx_word' id='word_1_614' title='bbox 2941 4157 3086 4225; x_wconf 81' lang='lat' dir='ltr'><strong>genti</strong></span> <span class='ocrx_word' id='word_1_615' title='bbox 3115 4154 3315 4209; x_wconf 90' lang='lat' dir='ltr'><strong>colenti</strong></span> <span class='ocrx_word' id='word_1_616' title='bbox 3349 4170 3430 4218; x_wconf 90' lang='lat' dir='ltr'><strong>se,</strong></span> 
     </span>
    </p>
   </div>
   <div class='ocr_carea' id='block_1_83' title="bbox 1857 4237 3433 4314">
    <p class='ocr_par' dir='ltr' id='par_1_83' title="bbox 1857 4237 3433 4314">
     <span class='ocr_line' id='line_1_83' title="bbox 1857 4237 3433 4314; baseline 0.007 -25"><span class='ocrx_word' id='word_1_617' title='bbox 1857 4246 1916 4290; x_wconf 90' lang='lat' dir='ltr'><strong>nt</strong></span> <span class='ocrx_word' id='word_1_618' title='bbox 1947 4237 2150 4307; x_wconf 88' lang='lat' dir='ltr'><strong>aliquid</strong></span> <span class='ocrx_word' id='word_1_619' title='bbox 2184 4241 2234 4294; x_wconf 94' lang='lat' dir='ltr'><strong>in</strong></span> <span class='ocrx_word' id='word_1_620' title='bbox 2283 4241 2440 4297; x_wconf 90' lang='lat' dir='ltr'><strong>terris</strong></span> <span class='ocrx_word' id='word_1_621' title='bbox 2488 4245 2709 4299; x_wconf 86' lang='lat' dir='ltr'><strong>omnino</strong></span> <span class='ocrx_word' id='word_1_622' title='bbox 2748 4255 3124 4312; x_wconf 85' lang='lat' dir='ltr'><strong>veneraretur,</strong></span> <span class='ocrx_word' id='word_1_623' title='bbox 3157 4245 3300 4314; x_wconf 89' lang='lat' dir='ltr'><strong>quod</strong></span> <span class='ocrx_word' id='word_1_624' title='bbox 3330 4247 3433 4300; x_wconf 86' lang='lat' dir='ltr'><strong>ho-</strong></span> 
     </span>
    </p>
   </div>
   <div class='ocr_carea' id='block_1_84' title="bbox 1857 4331 3437 4402">
    <p class='ocr_par' dir='ltr' id='par_1_84' title="bbox 1857 4331 3437 4402">
     <span class='ocr_line' id='line_1_84' title="bbox 1857 4331 3437 4402; baseline 0.006 -20"><span class='ocrx_word' id='word_1_625' title='bbox 1857 4331 2020 4384; x_wconf 86' lang='lat' dir='ltr'><strong>minis</strong></span> <span class='ocrx_word' id='word_1_626' title='bbox 2064 4343 2180 4386; x_wconf 89' lang='lat' dir='ltr'><strong>arte</strong></span> <span class='ocrx_word' id='word_1_627' title='bbox 2219 4332 2415 4388; x_wconf 79' lang='lat' dir='ltr'><strong>factum</strong></span> <span class='ocrx_word' id='word_1_628' title='bbox 2451 4347 2633 4402; x_wconf 90' lang='lat' dir='ltr'><strong>esset,</strong></span> <span class='ocrx_word' id='word_1_629' title='bbox 2675 4353 2742 4392; x_wconf 90' lang='lat' dir='ltr'><strong>ne</strong></span> <span class='ocrx_word' id='word_1_630' title='bbox 2774 4338 2828 4390; x_wconf 92' lang='lat' dir='ltr'><strong>in</strong></span> <span class='ocrx_word' id='word_1_631' title='bbox 2875 4338 3080 4392; x_wconf 91' lang='lat' dir='ltr'><strong>crimen</strong></span> <span class='ocrx_word' id='word_1_632' title='bbox 3108 4336 3437 4392; x_wconf 88' lang='lat' dir='ltr'><strong>Christianis</strong></span> 
     </span>
    </p>
   </div>
   <div class='ocr_carea' id='block_1_85' title="bbox 1857 4425 3426 4496">
    <p class='ocr_par' dir='ltr' id='par_1_85' title="bbox 1857 4425 3426 4496">
     <span class='ocr_line' id='line_1_85' title="bbox 1857 4425 3426 4496; baseline 0.006 -24"><span class='ocrx_word' id='word_1_633' title='bbox 1857 4431 2161 4476; x_wconf 86' lang='lat' dir='ltr'><strong>verteretur</strong></span> <span class='ocrx_word' id='word_1_634' title='bbox 2217 4425 2359 4492; x_wconf 88' lang='lat' dir='ltr'><strong>quod</strong></span> <span class='ocrx_word' id='word_1_635' title='bbox 2411 4440 2629 4480; x_wconf 83' lang='lat' dir='ltr'><strong>crucem</strong></span> <span class='ocrx_word' id='word_1_636' title='bbox 2675 4436 2729 4481; x_wconf 91' lang='lat' dir='ltr'><strong>et</strong></span> <span class='ocrx_word' id='word_1_637' title='bbox 2794 4427 3058 4496; x_wconf 80' lang='lat' dir='ltr'><strong>imagines</strong></span> <span class='ocrx_word' id='word_1_638' title='bbox 3112 4429 3426 4482; x_wconf 88' lang='lat' dir='ltr'><strong>adorarent.</strong></span> 
     </span>
    </p>
   </div>
   <div class='ocr_carea' id='block_1_86' title="bbox 1861 4511 3431 4586">
    <p class='ocr_par' dir='ltr' id='par_1_86' title="bbox 1861 4511 3431 4586">
     <span class='ocr_line' id='line_1_86' title="bbox 1861 4511 3431 4586; baseline 0.002 -21"><span class='ocrx_word' id='word_1_639' title='bbox 1861 4511 2320 4578; x_wconf 86' lang='lat' dir='ltr'><strong>Qucmadmodum</strong></span> <span class='ocrx_word' id='word_1_640' title='bbox 2347 4515 2509 4586; x_wconf 82' lang='lat' dir='ltr'><strong>igitur</strong></span> <span class='ocrx_word' id='word_1_641' title='bbox 2532 4513 2750 4572; x_wconf 68' lang='lat' dir='ltr'><strong>Iudaeus</strong></span> <span class='ocrx_word' id='word_1_642' title='bbox 2775 4533 2960 4573; x_wconf 88' lang='lat' dir='ltr'><strong>arcam</strong></span> <span class='ocrx_word' id='word_1_643' title='bbox 2985 4516 3208 4573; x_wconf 72' lang='lat' dir='ltr'><strong>hederis</strong></span> <span class='ocrx_word' id='word_1_644' title='bbox 3235 4516 3431 4570; x_wconf 84' lang='lat' dir='ltr'><strong>adora-</strong></span> 
     </span>
    </p>
   </div>
   <div class='ocr_carea' id='block_1_87' title="bbox 1861 4603 3438 4678">
    <p class='ocr_par' dir='ltr' id='par_1_87' title="bbox 1861 4603 3438 4678">
     <span class='ocr_line' id='line_1_87' title="bbox 1861 4603 3438 4678; baseline 0.006 -24"><span class='ocrx_word' id='word_1_645' title='bbox 1861 4603 1968 4671; x_wconf 86' lang='lat' dir='ltr'><strong>vit,</strong></span> <span class='ocrx_word' id='word_1_646' title='bbox 1996 4614 2051 4659; x_wconf 90' lang='lat' dir='ltr'><strong>et</strong></span> <span class='ocrx_word' id='word_1_647' title='bbox 2081 4606 2186 4659; x_wconf 93' lang='lat' dir='ltr'><strong>duo</strong></span> <span class='ocrx_word' id='word_1_648' title='bbox 2217 4606 2498 4662; x_wconf 88' lang='lat' dir='ltr'><strong>cherubim</strong></span> <span class='ocrx_word' id='word_1_649' title='bbox 2529 4623 2690 4664; x_wconf 87' lang='lat' dir='ltr'><strong>aurea</strong></span> <span class='ocrx_word' id='word_1_650' title='bbox 2725 4619 2779 4663; x_wconf 89' lang='lat' dir='ltr'><strong>et</strong></span> <span class='ocrx_word' id='word_1_651' title='bbox 2825 4607 3117 4664; x_wconf 79' lang='lat' dir='ltr'><strong>conﬂatilia</strong></span> <span class='ocrx_word' id='word_1_652' title='bbox 3139 4648 3156 4674; x_wconf 94' lang='lat'><strong>,</strong></span> <span class='ocrx_word' id='word_1_653' title='bbox 3192 4612 3438 4678; x_wconf 82' lang='lat' dir='ltr'><strong>duasque</strong></span> 
     </span>
    </p>
   </div>
   <div class='ocr_carea' id='block_1_88' title="bbox 159 4692 1752 4784">
    <p class='ocr_par' dir='ltr' id='par_1_88' title="bbox 159 4692 1752 4784">
     <span class='ocr_line' id='line_1_88' title="bbox 159 4692 1752 4784; baseline -0.011 -23"><span class='ocrx_word' id='word_1_654' title='bbox 159 4705 261 4760; x_wconf 89' lang='grc' dir='ltr'><strong>δύο</strong></span> <span class='ocrx_word' id='word_1_655' title='bbox 310 4703 586 4776; x_wconf 71' lang='grc' dir='ltr'>χερουϐὶμ</span> <span class='ocrx_word' id='word_1_656' title='bbox 616 4701 685 4755; x_wconf 79' lang='grc' dir='ltr'>τὰ</span> <span class='ocrx_word' id='word_1_657' title='bbox 730 4699 975 4772; x_wconf 80' lang='grc' dir='ltr'>χωνευτὰ</span> <span class='ocrx_word' id='word_1_658' title='bbox 1009 4697 1102 4751; x_wconf 77' lang='grc' dir='ltr'>καὶ</span> <span class='ocrx_word' id='word_1_659' title='bbox 1144 4697 1341 4766; x_wconf 79' lang='grc' dir='ltr'>χρυσᾶ,</span> <span class='ocrx_word' id='word_1_660' title='bbox 1385 4694 1479 4748; x_wconf 74' lang='grc' dir='ltr'>καὶ</span> <span class='ocrx_word' id='word_1_661' title='bbox 1524 4693 1622 4784; x_wconf 68' lang='grc' dir='ltr'>τὰς</span> <span class='ocrx_word' id='word_1_662' title='bbox 1667 4692 1752 4745; x_wconf 83' lang='grc' dir='ltr'><strong>δύο</strong></span> 
     </span>
    </p>
   </div>
   <div class='ocr_carea' id='block_1_89' title="bbox 1862 4692 3436 4784">
    <p class='ocr_par' dir='ltr' id='par_1_89' title="bbox 1866 4696 3436 4784">
     <span class='ocr_line' id='line_1_89' title="bbox 1866 4696 3436 4784; baseline 0.001 -35"><span class='ocrx_word' id='word_1_663' title='bbox 1866 4696 2071 4784; x_wconf 88' lang='lat' dir='ltr'><strong>tabulas</strong></span> <span class='ocrx_word' id='word_1_664' title='bbox 2111 4713 2247 4766; x_wconf 91' lang='lat' dir='ltr'><strong>quas</strong></span> <span class='ocrx_word' id='word_1_665' title='bbox 2296 4697 2576 4776; x_wconf 85' lang='lat' dir='ltr'><strong>dolaverat</strong></span> <span class='ocrx_word' id='word_1_666' title='bbox 2616 4697 2846 4772; x_wconf 80' lang='lat' dir='ltr'><strong>Moyses,</strong></span> <span class='ocrx_word' id='word_1_667' title='bbox 2894 4715 3014 4755; x_wconf 89' lang='lat' dir='ltr'><strong>cum</strong></span> <span class='ocrx_word' id='word_1_668' title='bbox 3063 4707 3242 4754; x_wconf 88' lang='lat' dir='ltr'><strong>tamen</strong></span> <span class='ocrx_word' id='word_1_669' title='bbox 3296 4697 3436 4752; x_wconf 87' lang='lat' dir='ltr'><strong>Deus</strong></span> 
     </span>
    </p>
   </div>
   <div class='ocr_carea' id='block_1_90' title="bbox 163 4785 1757 4861">
    <p class='ocr_par' dir='ltr' id='par_1_90' title="bbox 163 4785 1757 4861">
     <span class='ocr_line' id='line_1_90' title="bbox 163 4785 1757 4861; baseline -0.009 -9"><span class='ocrx_word' id='word_1_670' title='bbox 163 4798 412 4859; x_wconf 77' lang='grc' dir='ltr'>πλάκας,</span> <span class='ocrx_word' id='word_1_671' title='bbox 447 4795 514 4858; x_wconf 73' lang='grc' dir='ltr'>ἃς</span> <span class='ocrx_word' id='word_1_672' title='bbox 541 4792 798 4857; x_wconf 76' lang='grc' dir='ltr'>ὲλάξευσε</span> <span class='ocrx_word' id='word_1_673' title='bbox 843 4785 1084 4861; x_wconf 80' lang='grc' dir='ltr'>Μωῦσῆς</span> <span class='ocrx_word' id='word_1_674' title='bbox 1105 4832 1119 4855; x_wconf 91' lang='grc'><strong>,</strong></span> <span class='ocrx_word' id='word_1_675' title='bbox 1153 4786 1402 4859; x_wconf 86' lang='grc' dir='ltr'>μηδαμοῦ</span> <span class='ocrx_word' id='word_1_676' title='bbox 1435 4786 1757 4858; x_wconf 74' lang='grc' dir='ltr'>ἐπιτραπεὶς</span> 
     </span>
    </p>
   </div>
   <div class='ocr_carea' id='block_1_91' title="bbox 164 4875 1756 4953">
    <p class='ocr_par' dir='ltr' id='par_1_91' title="bbox 164 4875 1756 4953">
     <span class='ocr_line' id='line_1_91' title="bbox 164 4875 1756 4953; baseline -0.008 -12"><span class='ocrx_word' id='word_1_677' title='bbox 164 4889 277 4943; x_wconf 78' lang='grc' dir='ltr'><strong>ὑπὸ</strong></span> <span class='ocrx_word' id='word_1_678' title='bbox 305 4885 404 4940; x_wconf 86' lang='grc' dir='ltr'><strong>τοῦ</strong></span> <span class='ocrx_word' id='word_1_679' title='bbox 433 4883 570 4938; x_wconf 88' lang='grc' dir='ltr'>Θεοῦ</span> <span class='ocrx_word' id='word_1_680' title='bbox 592 4881 765 4936; x_wconf 87' lang='grc' dir='ltr'>ταῦτα</span> <span class='ocrx_word' id='word_1_681' title='bbox 792 4882 1115 4953; x_wconf 82' lang='grc' dir='ltr'>προσκυνεῖν</span> <span class='ocrx_word' id='word_1_682' title='bbox 1141 4879 1174 4950; x_wconf 81' lang='grc' dir='ltr'><strong>ἢ</strong></span> <span class='ocrx_word' id='word_1_683' title='bbox 1207 4877 1550 4943; x_wconf 82' lang='grc' dir='ltr'>ἀσπάζεσθαι</span> <span class='ocrx_word' id='word_1_684' title='bbox 1569 4893 1585 4910; x_wconf 90' lang='grc'><strong>·</strong></span> <span class='ocrx_word' id='word_1_685' title='bbox 1613 4875 1756 4930; x_wconf 85' lang='grc' dir='ltr'>οῦτω</span> 
     </span>
    </p>
   </div>
   <div class='ocr_carea' id='block_1_92' title="bbox 159 4965 1756 5049">
    <p class='ocr_par' dir='ltr' id='par_1_92' title="bbox 159 4965 1756 5049">
     <span class='ocr_line' id='line_1_92' title="bbox 159 4965 1756 5049; baseline -0.009 -15"><span class='ocrx_word' id='word_1_686' title='bbox 159 4981 261 5035; x_wconf 72' lang='grc' dir='ltr'>καὶ</span> <span class='ocrx_word' id='word_1_687' title='bbox 287 4980 341 5033; x_wconf 77' lang='grc' dir='ltr'>οἱ</span> <span class='ocrx_word' id='word_1_688' title='bbox 376 4976 693 5049; x_wconf 72' lang='grc' dir='ltr'>Χριστιανοὶ</span> <span class='ocrx_word' id='word_1_689' title='bbox 717 4975 815 5044; x_wconf 81' lang='grc' dir='ltr'>οὐχ</span> <span class='ocrx_word' id='word_1_690' title='bbox 843 4973 919 5036; x_wconf 86' lang='grc' dir='ltr'>ὡς</span> <span class='ocrx_word' id='word_1_691' title='bbox 949 4971 1083 5026; x_wconf 89' lang='grc' dir='ltr'>Θεὸν</span> <span class='ocrx_word' id='word_1_692' title='bbox 1119 4971 1212 5024; x_wconf 86' lang='grc' dir='ltr'><strong>τὸν</strong></span> <span class='ocrx_word' id='word_1_693' title='bbox 1251 4969 1480 5041; x_wconf 82' lang='grc' dir='ltr'>σταυρὸν</span> <span class='ocrx_word' id='word_1_694' title='bbox 1511 4965 1756 5031; x_wconf 80' lang='grc' dir='ltr'>ἀσπαζό-</span> 
     </span>
    </p>
   </div>
   <div class='ocr_carea' id='block_1_93' title="bbox 163 5059 1753 5145">
    <p class='ocr_par' dir='ltr' id='par_1_93' title="bbox 163 5059 1753 5145">
     <span class='ocr_line' id='line_1_93' title="bbox 163 5059 1753 5145; baseline -0.008 -20"><span class='ocrx_word' id='word_1_695' title='bbox 163 5071 338 5145; x_wconf 81' lang='grc' dir='ltr'>μεθα,</span> <span class='ocrx_word' id='word_1_696' title='bbox 371 5068 513 5122; x_wconf 77' lang='grc' dir='ltr'>ἀλλὰ</span> <span class='ocrx_word' id='word_1_697' title='bbox 549 5065 857 5129; x_wconf 78' lang='grc' dir='ltr'>δεικνύντες</span> <span class='ocrx_word' id='word_1_698' title='bbox 880 5064 977 5136; x_wconf 81' lang='grc' dir='ltr'>τὴν</span> <span class='ocrx_word' id='word_1_699' title='bbox 1006 5064 1108 5134; x_wconf 83' lang='grc' dir='ltr'>τῆς</span> <span class='ocrx_word' id='word_1_700' title='bbox 1131 5062 1310 5134; x_wconf 71' lang='grc' dir='ltr'>ψυχῆς</span> <span class='ocrx_word' id='word_1_701' title='bbox 1339 5060 1495 5132; x_wconf 83' lang='grc' dir='ltr'>ἡμῶν</span> <span class='ocrx_word' id='word_1_702' title='bbox 1521 5059 1753 5129; x_wconf 62' lang='grc' dir='ltr'>γνησίαν</span> 
     </span>
    </p>
   </div>
   <div class='ocr_carea' id='block_1_94' title="bbox 161 5156 1124 5236">
    <p class='ocr_par' dir='ltr' id='par_1_94' title="bbox 161 5156 1124 5236">
     <span class='ocr_line' id='line_1_94' title="bbox 161 5156 1124 5236; baseline -0.007 -17"><span class='ocrx_word' id='word_1_703' title='bbox 161 5166 306 5236; x_wconf 84' lang='grc' dir='ltr'>πρὸς</span> <span class='ocrx_word' id='word_1_704' title='bbox 330 5163 426 5216; x_wconf 84' lang='grc' dir='ltr'><strong>τὸν</strong></span> <span class='ocrx_word' id='word_1_705' title='bbox 459 5158 841 5230; x_wconf 82' lang='grc' dir='ltr'>σταυρωθέντα</span> <span class='ocrx_word' id='word_1_706' title='bbox 867 5156 1124 5212; x_wconf 82' lang='grc' dir='ltr'>διάθεσιν.</span> 
     </span>
    </p>
   </div>
   <div class='ocr_carea' id='block_1_95' title="bbox 1867 4783 3434 4846">
    <p class='ocr_par' dir='ltr' id='par_1_95' title="bbox 1867 4783 3434 4846">
     <span class='ocr_line' id='line_1_95' title="bbox 1867 4783 3434 4846; baseline 0.004 -8"><span class='ocrx_word' id='word_1_707' title='bbox 1867 4783 2053 4840; x_wconf 89' lang='lat' dir='ltr'><strong>nnllibi</strong></span> <span class='ocrx_word' id='word_1_708' title='bbox 2099 4789 2432 4844; x_wconf 85' lang='lat' dir='ltr'><strong>concesserit</strong></span> <span class='ocrx_word' id='word_1_709' title='bbox 2476 4799 2534 4845; x_wconf 87' lang='lat' dir='ltr'><strong>ut</strong></span> <span class='ocrx_word' id='word_1_710' title='bbox 2583 4806 2646 4845; x_wconf 89' lang='lat' dir='ltr'><strong>ea</strong></span> <span class='ocrx_word' id='word_1_711' title='bbox 2681 4791 2935 4846; x_wconf 88' lang='lat' dir='ltr'><strong>adoraret</strong></span> <span class='ocrx_word' id='word_1_712' title='bbox 2965 4799 3020 4845; x_wconf 92' lang='lat' dir='ltr'><strong>et</strong></span> <span class='ocrx_word' id='word_1_713' title='bbox 3067 4790 3314 4845; x_wconf 88' lang='lat' dir='ltr'><strong>coleret:</strong></span> <span class='ocrx_word' id='word_1_714' title='bbox 3361 4790 3434 4844; x_wconf 89' lang='lat' dir='ltr'><strong>ita</strong></span> 
     </span>
    </p>
   </div>
   <div class='ocr_carea' id='block_1_96' title="bbox 1866 4875 3436 4949">
    <p class='ocr_par' dir='ltr' id='par_1_96' title="bbox 1866 4875 3436 4949">
     <span class='ocr_line' id='line_1_96' title="bbox 1866 4875 3436 4949; baseline 0.006 -23"><span class='ocrx_word' id='word_1_715' title='bbox 1866 4888 1963 4928; x_wconf 92' lang='lat' dir='ltr'><strong>nos</strong></span> <span class='ocrx_word' id='word_1_716' title='bbox 1995 4890 2211 4946; x_wconf 90' lang='lat' dir='ltr'><strong>quoque</strong></span> <span class='ocrx_word' id='word_1_717' title='bbox 2242 4879 2562 4946; x_wconf 86' lang='lat' dir='ltr'><strong>Christiani,</strong></span> <span class='ocrx_word' id='word_1_718' title='bbox 2598 4895 2704 4937; x_wconf 91' lang='lat' dir='ltr'><strong>non</strong></span> <span class='ocrx_word' id='word_1_719' title='bbox 2733 4891 2988 4949; x_wconf 86' lang='lat' dir='ltr'><strong>tanquam</strong></span> <span class='ocrx_word' id='word_1_720' title='bbox 3021 4875 3188 4937; x_wconf 88' lang='lat' dir='ltr'><strong>Deum</strong></span> <span class='ocrx_word' id='word_1_721' title='bbox 3217 4895 3436 4936; x_wconf 91' lang='lat' dir='ltr'><strong>crucem</strong></span> 
     </span>
    </p>
   </div>
   <div class='ocr_carea' id='block_1_97' title="bbox 1863 4965 3436 5043">
    <p class='ocr_par' dir='ltr' id='par_1_97' title="bbox 1863 4965 3436 5043">
     <span class='ocr_line' id='line_1_97' title="bbox 1863 4965 3436 5043; baseline 0.004 -24"><span class='ocrx_word' id='word_1_722' title='bbox 1863 4965 2093 5022; x_wconf 89' lang='lat' dir='ltr'><strong>colimus</strong></span> <span class='ocrx_word' id='word_1_723' title='bbox 2124 5009 2139 5034; x_wconf 90' lang='lat'><strong>,</strong></span> <span class='ocrx_word' id='word_1_724' title='bbox 2177 4971 2270 5026; x_wconf 90' lang='lat' dir='ltr'><strong>sed</strong></span> <span class='ocrx_word' id='word_1_725' title='bbox 2305 4981 2364 5026; x_wconf 91' lang='lat' dir='ltr'><strong>ut</strong></span> <span class='ocrx_word' id='word_1_726' title='bbox 2406 4973 2679 5028; x_wconf 88' lang='lat' dir='ltr'><strong>sincerum</strong></span> <span class='ocrx_word' id='word_1_727' title='bbox 2733 4974 2914 5027; x_wconf 91' lang='lat' dir='ltr'><strong>animi.</strong></span> <span class='ocrx_word' id='word_1_728' title='bbox 2948 4973 3124 5028; x_wconf 84' lang='lat' dir='ltr'><strong>nostri</strong></span> <span class='ocrx_word' id='word_1_729' title='bbox 3157 4986 3285 5043; x_wconf 63' lang='lat' dir='ltr'><strong>erga</strong></span> <span class='ocrx_word' id='word_1_730' title='bbox 3313 4987 3436 5028; x_wconf 88' lang='lat' dir='ltr'><strong>eum</strong></span> 
     </span>
    </p>
   </div>
   <div class='ocr_carea' id='block_1_98' title="bbox 1863 5058 3165 5131">
    <p class='ocr_par' dir='ltr' id='par_1_98' title="bbox 1863 5058 3165 5131">
     <span class='ocr_line' id='line_1_98' title="bbox 1863 5058 3165 5131; baseline 0.007 -19"><span class='ocrx_word' id='word_1_731' title='bbox 1863 5058 1953 5128; x_wconf 80' lang='lat' dir='ltr'><strong>qui</strong></span> <span class='ocrx_word' id='word_1_732' title='bbox 1984 5060 2273 5118; x_wconf 74' lang='lat' dir='ltr'><strong>crucifixus</strong></span> <span class='ocrx_word' id='word_1_733' title='bbox 2295 5061 2401 5131; x_wconf 83' lang='lat' dir='ltr'><strong>est,</strong></span> <span class='ocrx_word' id='word_1_734' title='bbox 2432 5064 2682 5120; x_wconf 81' lang='lat' dir='ltr'><strong>allectum</strong></span> <span class='ocrx_word' id='word_1_735' title='bbox 2710 5065 3165 5121; x_wconf 87' lang='lat' dir='ltr'><strong>demonstremus.</strong></span> 
     </span>
    </p>
   </div>
   <div class='ocr_carea' id='block_1_99' title="bbox 237 5267 1752 5355">
    <p class='ocr_par' dir='ltr' id='par_1_99' title="bbox 237 5267 1712 5355">
     <span class='ocr_line' id='line_1_99' title="bbox 237 5267 1712 5355; baseline -0.01 -1"><span class='ocrx_word' id='word_1_736' title='bbox 237 5301 286 5333; x_wconf 78' lang='grc'><strong>⁸⁸</strong></span> <span class='ocrx_word' id='word_1_737' title='bbox 326 5299 346 5354; x_wconf 96' lang='lat' dir='ltr'><strong>l</strong></span> <span class='ocrx_word' id='word_1_738' title='bbox 385 5267 516 5354; x_wconf 86' lang='lat' dir='ltr'><strong>Cor.</strong></span> <span class='ocrx_word' id='word_1_739' title='bbox 557 5309 640 5349; x_wconf 73' lang='lat' dir='ltr'><strong>nl.</strong></span> <span class='ocrx_word' id='word_1_740' title='bbox 673 5292 760 5348; x_wconf 80' lang='grc'><strong>16.</strong></span> <span class='ocrx_word' id='word_1_741' title='bbox 838 5293 880 5324; x_wconf 76' lang='grc'>’⁷</span> <span class='ocrx_word' id='word_1_742' title='bbox 923 5289 1082 5346; x_wconf 80' lang='lat' dir='ltr'><strong>Rom.</strong></span> <span class='ocrx_word' id='word_1_743' title='bbox 1115 5305 1170 5355; x_wconf 78' lang='grc' dir='ltr'>χ,</span> <span class='ocrx_word' id='word_1_744' title='bbox 1203 5287 1293 5350; x_wconf 81' lang='lat' dir='ltr'><strong>t7;</strong></span> <span class='ocrx_word' id='word_1_745' title='bbox 1328 5284 1500 5338; x_wconf 82' lang='lat' dir='ltr'><strong>Galat.</strong></span> <span class='ocrx_word' id='word_1_746' title='bbox 1536 5298 1617 5349; x_wconf 87' lang='lat' dir='ltr'><strong>lli,</strong></span> <span class='ocrx_word' id='word_1_747' title='bbox 1657 5280 1712 5339; x_wconf 73' lang='lat'><strong>2.</strong></span> 
     </span>
    </p>
   </div>
   <div class='ocr_carea' id='block_1_100' title="bbox 1862 5267 2184 5355">
    <p class='ocr_par' dir='ltr' id='par_1_100' title="bbox 1871 5280 2184 5340">
     <span class='ocr_line' id='line_1_100' title="bbox 1871 5280 2184 5340; baseline -0.016 -4"><span class='ocrx_word' id='word_1_748' title='bbox 1871 5280 2000 5336; x_wconf 84' lang='lat' dir='ltr'><strong>Heb.</strong></span> <span class='ocrx_word' id='word_1_749' title='bbox 2029 5294 2104 5340; x_wconf 67' lang='lat' dir='ltr'><strong>si.</strong></span> <span class='ocrx_word' id='word_1_750' title='bbox 2131 5285 2184 5338; x_wconf 77' lang='grc'>1.</span> 
     </span>
    </p>
   </div>
   <div class='ocr_carea' id='block_1_101' title="bbox 242 5403 991 5482">
    <p class='ocr_par' dir='ltr' id='par_1_101' title="bbox 242 5403 991 5482">
     <span class='ocr_line' id='line_1_101' title="bbox 242 5403 991 5482; baseline -0.009 -17"><span class='ocrx_word' id='word_1_751' title='bbox 242 5413 289 5482; x_wconf 82' lang='grc'>(1</span> <span class='ocrx_word' id='word_1_752' title='bbox 302 5413 360 5482; x_wconf 76' lang='grc'><strong>5)</strong></span> <span class='ocrx_word' id='word_1_753' title='bbox 396 5408 498 5482; x_wconf 62' lang='lat' dir='ltr'><strong>Mf.</strong></span> <span class='ocrx_word' id='word_1_754' title='bbox 536 5403 991 5482; x_wconf 61' lang='grc' dir='ltr'>Χριστιανισμού.</span> 
     </span>
    </p>
   </div>
   <div class='ocr_carea' id='block_1_102' title="bbox 246 5468 1756 5554">
    <p class='ocr_par' dir='ltr' id='par_1_102' title="bbox 246 5468 1756 5554">
     <span class='ocr_line' id='line_1_102' title="bbox 246 5468 1756 5554; baseline -0.009 -16"><span class='ocrx_word' id='word_1_755' title='bbox 246 5468 364 5554; x_wconf 66' lang='grc' dir='ltr'>ξιιι)</span> <span class='ocrx_word' id='word_1_756' title='bbox 431 5468 1006 5554; x_wconf 53' lang='lat' dir='ltr'><strong>EadenLLeqnienins</strong></span> <span class='ocrx_word' id='word_1_757' title='bbox 1044 5471 1275 5554; x_wconf 42' lang='lat' dir='ltr'><strong>[c.perit.</strong></span> <span class='ocrx_word' id='word_1_758' title='bbox 1301 5468 1377 5552; x_wconf 35' lang='lat' dir='ltr'><strong>oin</strong></span> <span class='ocrx_word' id='word_1_759' title='bbox 1415 5468 1611 5554; x_wconf 47' lang='lat' dir='ltr'><strong>I’Ct‘id.‘</strong></span> <span class='ocrx_word' id='word_1_760' title='bbox 1645 5483 1756 5554; x_wconf 64' lang='lat' dir='ltr'><strong>reg.</strong></span> 
     </span>
    </p>
   </div>
   <div class='ocr_carea' id='block_1_103' title="bbox 1863 5390 3546 5528">
    <p class='ocr_par' dir='ltr' id='par_1_103' title="bbox 1863 5390 3546 5528">
     <span class='ocr_line' id='line_1_103' title="bbox 1863 5390 3546 5528; baseline -0.008 -69"><span class='ocrx_word' id='word_1_761' title='bbox 1863 5421 2010 5528; x_wconf 55' lang='lat' dir='ltr'><strong>p.1st</strong></span> <span class='ocrx_word' id='word_1_762' title='bbox 2030 5400 2291 5486; x_wconf 69' lang='grc' dir='ltr'>Μωῦσῆς,</span> <span class='ocrx_word' id='word_1_763' title='bbox 2315 5398 2410 5452; x_wconf 75' lang='grc' dir='ltr'>καὶ</span> <span class='ocrx_word' id='word_1_764' title='bbox 2435 5396 2504 5452; x_wconf 86' lang='grc' dir='ltr'><strong>τὰ</strong></span> <span class='ocrx_word' id='word_1_765' title='bbox 2541 5395 2634 5450; x_wconf 87' lang='grc' dir='ltr'><strong>δύο</strong></span> <span class='ocrx_word' id='word_1_766' title='bbox 2653 5394 2919 5518; x_wconf 52' lang='grc' dir='ltr'>χεέἱυϐὶμ</span> <span class='ocrx_word' id='word_1_767' title='bbox 2946 5392 3014 5449; x_wconf 74' lang='grc' dir='ltr'><strong>τὰ</strong></span> <span class='ocrx_word' id='word_1_768' title='bbox 3035 5411 3067 5464; x_wconf 89' lang='grc' dir='ltr'><strong>χ</strong></span> <span class='ocrx_word' id='word_1_769' title='bbox 3075 5393 3236 5517; x_wconf 58' lang='lat' dir='ltr'><strong>grnd-</strong></span> <span class='ocrx_word' id='word_1_770' title='bbox 3259 5390 3434 5456; x_wconf 72' lang='grc' dir='ltr'>οὕτως</span> <span class='ocrx_word' id='word_1_771' title='bbox 3541 5441 3546 5445; x_wconf 85' lang='grc'><strong>.</strong></span> 
     </span>
     <span class='ocr_line' id='line_1_104' title="bbox 1863 5463 3434 5528; baseline -0.009 1"><span class='ocrx_word' id='word_1_772' title='bbox 1863 5492 1928 5528; x_wconf 84' lang='grc' dir='ltr'><strong>κα</strong></span> <span class='ocrx_word' id='word_1_773' title='bbox 1987 5476 2116 5528; x_wconf 80' lang='grc' dir='ltr'>ημῖν</span> <span class='ocrx_word' id='word_1_774' title='bbox 2159 5489 2270 5528; x_wconf 86' lang='grc' dir='ltr'>τοις</span> <span class='ocrx_word' id='word_1_775' title='bbox 2304 5471 2645 5528; x_wconf 79' lang='grc' dir='ltr'>Χριστιανοῑς</span> <span class='ocrx_word' id='word_1_776' title='bbox 2691 5483 2716 5518; x_wconf 88' lang='grc' dir='ltr'><strong>ε</strong></span> <span class='ocrx_word' id='word_1_777' title='bbox 2799 5466 2998 5528; x_wconf 86' lang='grc' dir='ltr'>ρήσατο</span> <span class='ocrx_word' id='word_1_778' title='bbox 3042 5481 3073 5517; x_wconf 90' lang='grc' dir='ltr'><strong>τ</strong></span> <span class='ocrx_word' id='word_1_779' title='bbox 3106 5481 3133 5518; x_wconf 94' lang='grc' dir='ltr'><strong>ν</strong></span> <span class='ocrx_word' id='word_1_780' title='bbox 3178 5463 3434 5528; x_wconf 76' lang='grc' dir='ltr'>σταυρὸν,</span> 
     </span>
    </p>
   </div>
   <div class='ocr_carea' id='block_1_104' title="bbox 1859 5463 3434 5554">
    <p class='ocr_par' dir='ltr' id='par_1_104' title="bbox 1859 5463 3434 5554">
     <span class='ocr_line' id='line_1_105' title="bbox 1859 5463 3434 5554; baseline -0.008 -26"><span class='ocrx_word' id='word_1_781' title='bbox 1987 5475 2128 5554; x_wconf 46' lang='grc' dir='ltr'>ἡμῖν.</span> <span class='ocrx_word' id='word_1_782' title='bbox 2159 5463 2998 5554; x_wconf 46' lang='grc' dir='ltr'>τοῖςΧριστιανοίςξδωρήσατο</span> <span class='ocrx_word' id='word_1_783' title='bbox 3038 5463 3133 5518; x_wconf 82' lang='grc' dir='ltr'><strong>τὸν</strong></span> <span class='ocrx_word' id='word_1_784' title='bbox 3178 5463 3434 5554; x_wconf 65' lang='grc' dir='ltr'>σταυρὸν,</span> 
     </span>
    </p>
   </div>
   <div class='ocr_carea' id='block_1_105' title="bbox 161 5535 1752 5637">
    <p class='ocr_par' dir='ltr' id='par_1_105' title="bbox 161 5535 1752 5637">
     <span class='ocr_line' id='line_1_106' title="bbox 161 5535 1752 5637; baseline -0.011 -29"><span class='ocrx_word' id='word_1_785' title='bbox 161 5535 553 5637; x_wconf 48' lang='lat' dir='ltr'><strong>Christiani”.</strong></span> <span class='ocrx_word' id='word_1_786' title='bbox 577 5548 740 5637; x_wconf 38' lang='lat'><strong>2951‘,</strong></span> <span class='ocrx_word' id='word_1_787' title='bbox 764 5535 1026 5637; x_wconf 51' lang='lat' dir='ltr'><strong>‘expressa</strong></span> <span class='ocrx_word' id='word_1_788' title='bbox 1055 5535 1344 5637; x_wconf 48' lang='lat' dir='ltr'><strong>his.ve:bjs</strong></span> <span class='ocrx_word' id='word_1_789' title='bbox 1371 5539 1522 5637; x_wconf 46' lang='grc' dir='ltr'><strong>τιξαὶ</strong></span> <span class='ocrx_word' id='word_1_790' title='bbox 1551 5537 1661 5608; x_wconf 83' lang='grc' dir='ltr'><strong>γὰρ</strong></span> <span class='ocrx_word' id='word_1_791' title='bbox 1685 5535 1752 5604; x_wconf 75' lang='grc' dir='ltr'>ὥς</span> 
     </span>
    </p>
   </div>
   <div class='ocr_carea' id='block_1_106' title="bbox 1862 5535 3435 5637">
    <p class='ocr_par' dir='ltr' id='par_1_106' title="bbox 1862 5535 3435 5637">
     <span class='ocr_line' id='line_1_107' title="bbox 1862 5535 3435 5637; baseline -0.006 -41"><span class='ocrx_word' id='word_1_792' title='bbox 1862 5547 1952 5599; x_wconf 79' lang='grc' dir='ltr'>καὶ</span> <span class='ocrx_word' id='word_1_793' title='bbox 1971 5535 2080 5628; x_wconf 54' lang='grc' dir='ltr'><strong>τῶν</strong></span> <span class='ocrx_word' id='word_1_794' title='bbox 2105 5541 2328 5637; x_wconf 53' lang='grc' dir='ltr'>ἀγμξρηέ</span> <span class='ocrx_word' id='word_1_795' title='bbox 2346 5535 2530 5637; x_wconf 53' lang='grc' dir='ltr'><strong>ἔργωνΙ</strong></span> <span class='ocrx_word' id='word_1_796' title='bbox 2541 5539 2638 5600; x_wconf 82' lang='grc' dir='ltr'>τὰς</span> <span class='ocrx_word' id='word_1_797' title='bbox 2659 5535 2874 5637; x_wconf 39' lang='lat' dir='ltr'><strong>saxeta;</strong></span> <span class='ocrx_word' id='word_1_798' title='bbox 2887 5536 3120 5608; x_wconf 78' lang='grc' dir='ltr'>γράφειν</span> <span class='ocrx_word' id='word_1_799' title='bbox 3145 5535 3240 5590; x_wconf 78' lang='grc' dir='ltr'>καὶ</span> <span class='ocrx_word' id='word_1_800' title='bbox 3267 5547 3435 5608; x_wconf 84' lang='grc' dir='ltr'>προσ-</span> 
     </span>
    </p>
   </div>
   <div class='ocr_carea' id='block_1_107' title="bbox 164 5604 2872 5693">
    <p class='ocr_par' dir='ltr' id='par_1_107' title="bbox 164 5604 2872 5693">
     <span class='ocr_line' id='line_1_108' title="bbox 164 5604 2872 5693; baseline -0.009 -8"><span class='ocrx_word' id='word_1_801' title='bbox 164 5621 566 5693; x_wconf 61' lang='grc' dir='ltr'>συνεχὼρησεν</span> <span class='ocrx_word' id='word_1_802' title='bbox 607 5622 636 5693; x_wconf 66' lang='grc' dir='ltr'>ᾧ</span> <span class='ocrx_word' id='word_1_803' title='bbox 688 5617 819 5679; x_wconf 75' lang='grc' dir='ltr'>Θεὸς</span> <span class='ocrx_word' id='word_1_804' title='bbox 843 5604 1212 5693; x_wconf 64' lang='lat' dir='ltr'><strong>&#39;_1=poqxpvai\t_</strong></span> <span class='ocrx_word' id='word_1_805' title='bbox 1232 5611 1341 5693; x_wconf 68' lang='grc' dir='ltr'>πρῖεν</span> <span class='ocrx_word' id='word_1_806' title='bbox 1382 5608 1535 5693; x_wconf 74' lang='grc' dir='ltr'>ἔθνεις</span> <span class='ocrx_word' id='word_1_807' title='bbox 1566 5604 1761 5693; x_wconf 48' lang='grc' dir='ltr'>ξχέιρο-</span> <span class='ocrx_word' id='word_1_808' title='bbox 1859 5616 2041 5670; x_wconf 78' lang='grc' dir='ltr'>κυνεῖν</span> <span class='ocrx_word' id='word_1_809' title='bbox 2099 5604 2193 5668; x_wconf 65' lang='lat' dir='ltr'><strong>adt</strong></span> <span class='ocrx_word' id='word_1_810' title='bbox 2221 5604 2477 5677; x_wconf 78' lang='grc' dir='ltr'>δεῖξαί⁶τὸ</span> <span class='ocrx_word' id='word_1_811' title='bbox 2507 5607 2668 5679; x_wconf 81' lang='grc' dir='ltr'>ἔργον</span> <span class='ocrx_word' id='word_1_812' title='bbox 2692 5605 2872 5677; x_wconf 80' lang='grc' dir='ltr'>ἡμῶν.</span> 
     </span>
    </p>
   </div>
   <div class='ocr_carea' id='block_1_108' title="bbox 163 5679 1754 5772">
    <p class='ocr_par' dir='ltr' id='par_1_108' title="bbox 163 5679 1754 5772">
     <span class='ocr_line' id='line_1_109' title="bbox 163 5679 1754 5772; baseline -0.008 -27"><span class='ocrx_word' id='word_1_813' title='bbox 437 5679 729 5750; x_wconf 64' lang='grc' dir='ltr'>’Ἰουδαίους</span> <span class='ocrx_word' id='word_1_814' title='bbox 766 5679 924 5751; x_wconf 73' lang='grc' dir='ltr'>τινας</span> <span class='ocrx_word' id='word_1_815' title='bbox 951 5684 1166 5746; x_wconf 83' lang='grc' dir='ltr'>πλάκας</span> <span class='ocrx_word' id='word_1_816' title='bbox 1197 5680 1440 5746; x_wconf 82' lang='grc' dir='ltr'>ὲκείνας,</span> <span class='ocrx_word' id='word_1_817' title='bbox 1475 5679 1540 5746; x_wconf 77' lang='grc' dir='ltr'>ἃς</span> <span class='ocrx_word' id='word_1_818' title='bbox 1571 5681 1754 5732; x_wconf 61' lang='lat' dir='ltr'><strong>H.116-</strong></span> 
     </span>
    </p>
   </div>
  </div>
