3858 6324
148 234 279 292 869

1001 225 1063 285 S.
1097 224 1393 283 ORSIESII
1431 220 1782 282 DOCTRINA
1820 219 1910 276 DE
1946 220 2295 283 INSTITUT.
2338 223 2644 284 MONACH.

3316 236 3425 293 870

150 346 479 404 racteribus
525 345 723 416 quibus
761 343 962 400 librum
1001 343 1269 413 ejusmodi
1314 342 1484 397 fuisse
1528 339 1749 410 insigni-
1777 342 1826 398 Α
1854 338 1943 393 ille
1990 341 2311 397 Alexandria
2344 345 2527 398 missos
2564 356 2881 414 susceperat,
2926 355 2988 401 ut
3038 350 3198 404 etiam
3250 352 3430 423 injun-

154 450 284 493 tmn
328 437 498 492 tradit
550 437 837 507 presbyter
886 433 1279 498 Massiliensis,
1317 433 1464 487 illum
1503 432 1750 485 eumdem

151 545 291 585 esse
317 530 370 585 in
399 538 685 597 comperto
714 536 821 593 est,
851 526 943 596 qui
968 524 1193 580 Orsiesii
1225 523 1484 578 Doctrina
1515 525 1579 578 de
1600 524 1754 576 insti-

153 622 376 675 tutione
404 621 785 673 monachorum
813 618 1155 682 inscribitur;
1181 632 1340 687 quem
1370 617 1586 686 quidem
1619 631 1755 670 non-

152 715 348 783 gentis
370 722 429 767 et
451 712 682 781 amplius
703 711 910 767 abhinc
950 711 1109 766 annis
1134 708 1456 763 Benedictus
1479 707 1752 761 Anianen-

150 808 248 862 sis
275 804 448 861 abbas
477 804 629 873 operi
674 819 774 859 suo
808 802 883 857 De
920 801 1117 871 regulis
1163 801 1486 855 diversorum
1527 797 1753 852 Patrum

154 895 427 959 intexuit,
454 894 653 949 secqu
674 894 892 948 demum
923 890 1207 961 superiore
1233 890 1334 945 sub
1358 888 1515 944 titulo
1544 888 1752 943 Codicis

152 985 497 1056 Regularum
519 986 588 1040 ab
609 982 889 1039 Holstenlo
911 982 1161 1052 evulgato
1177 981 1281 1053 (a).
1305 980 1563 1051 Quisquis
1606 981 1751 1035 enim

157 1080 543 1134 Orsiesianam
575 1077 880 1132 Doctrinam
924 1075 1071 1131 illam
1118 1073 1441 1145 inspexerit,
1464 1073 1755 1143 perspiciet

155 1172 455 1225 enimvero
496 1170 562 1223 ad
595 1183 712 1223 eam
740 1167 899 1238 plane
934 1166 1162 1237 digitum
1196 1165 1494 1221 intendisse
1531 1164 1750 1219 Genna-

153 1265 346 1327 dium,
395 1278 524 1317 cum
576 1276 643 1316 eo
694 1260 748 1315 in
799 1274 963 1330 opere
1016 1274 1124 1314 non
1178 1258 1352 1313 solum
1394 1257 1749 1313 monasticam

151 1353 511 1424 disniplinam
540 1354 768 1408 edoceat
798 1351 1145 1407 beatissimus
1184 1350 1275 1405 ille
1321 1349 1515 1414 Pater,
1558 1365 1745 1404 verum

151 1445 360 1508 etiam,
390 1458 499 1511 quo
529 1441 829 1511 spiritualia
858 1441 1182 1521 documenta
1214 1438 1608 1496 ctenobitarum
1638 1439 1753 1494 ani-

151 1536 271 1591 mis
311 1535 475 1589 altius
506 1534 728 1603 inligat,
761 1534 956 1588 librum
992 1531 1164 1588 ferme
1204 1531 1472 1603 integrum
1508 1546 1577 1587 ex
1615 1531 1749 1586 locis

152 1640 293 1679 cum
333 1625 554 1679 Veteris
586 1634 697 1678 tum
737 1622 868 1679 Novi
909 1622 1240 1679 Testamenti
1284 1629 1561 1678 contexat.
1606 1622 1745 1689 Quid

152 1716 310 1787 quod
336 1726 559 1771 sanctus
586 1714 810 1770 Aniante
839 1715 1009 1769 abbas
1032 1713 1356 1769 Benedictus
1384 1712 1629 1769 eamdem
1654 1713 1749 1769 0r-

150 1806 316 1863 siesii
348 1806 663 1861 Doctriaam
698 1806 750 1861 in
780 1820 874 1861 sua
905 1804 1203 1860 Concordia
1236 1803 1561 1876 Regularum
1608 1804 1751 1860 haud

152 1897 542 1968 infrequenter
576 1896 1009 1954 commemorat?

229 1988 436 2044 Exstat
480 1995 742 2055 praeterea
780 1987 958 2042 editus
992 2001 1022 2040 a
1062 1984 1280 2041 Canisio
1320 2001 1387 2041 ex
1432 1995 1617 2042 vetere
1649 1986 1754 2041 La-

156 2080 285 2135 tina
315 2078 569 2134 versione
597 2077 848 2145 libellus,
883 2075 1124 2146 ejusdem
1157 2086 1217 2131 ut
1252 2076 1464 2133 videtur
1498 2077 1751 2140 Orsiesii,

156 2171 239 2227 De
277 2186 374 2225 sea:
402 2169 808 2239 cogitationibus
833 2178 1139 2222 sanctorum
1182 2183 1201 2222 :
1233 2170 1492 2224 nimirum
1523 2167 1589 2222 de
1621 2167 1750 2233 Deo,

158 2265 233 2318 de
272 2261 532 2332 passione
559 2258 786 2325 Christi,
814 2258 881 2313 de
907 2258 1039 2313 hora
1069 2258 1349 2325 transitus,
1386 2259 1454 2314 de
1491 2258 1577 2313 die
1608 2259 1756 2328 judi-

154 2354 259 2414 cii,
293 2355 364 2408 de
397 2351 612 2406 inferno
651 2358 708 2404 et
752 2350 819 2405 de
850 2354 958 2404 vlta
998 2359 1224 2405 aeterna.
1268 2349 1527 2417 Quamvis
1573 2359 1753 2405 autem

162 2442 488 2513 huiusmodi
538 2440 859 2509 opusculum
904 2439 1141 2509 iunioris
1187 2441 1421 2510 alicujus
1474 2441 1757 2512 scriptoris

161 2536 341 2591 fetum
372 2548 498 2589 esse
520 2534 826 2601 suspicetur
845 2531 1075 2600 Caseus,
1100 2533 1341 2589 Orsiesio
1364 2543 1543 2588 tamen
1568 2543 1756 2589 nostro

161 2625 558 2681 ascribendum
588 2623 923 2677 arbitrantur
950 2638 1060 2693 prae
1089 2623 1306 2677 caneris
1355 2621 1653 2693 Basnagius
1676 2622 1755 2693 (b)

158 2728 215 2771 et
247 2715 540 2772 Fabricius
579 2714 676 2787 (c).
726 2712 911 2783 Neque
945 2713 1220 2770 immerito
1263 2728 1395 2769 sane
1444 2732 1459 2770 :
1570 2715 1759 2785 quippe

162 2806 484 2862 conueniunt
512 2809 749 2870 nomina,
768 2805 944 2875 inquit
967 2806 1142 2861 editor
1172 2804 1427 2860 Thesauri
1451 2805 1752 2872 Canisiani;

162 2900 409 2954 conuenit
438 2914 625 2966 scapus
671 2898 956 2952 admodum
984 2898 1141 2967 pius;
1180 2899 1415 2952 conuenit
1457 2909 1507 2952 et
1536 2899 1702 2969 stylus
1736 2911 1756 2949 :

1852 443 1989 500 geret
2034 433 2445 502 transferendos.
2473 436 2661 490 Aiebat
2706 438 2844 492 enim
2886 441 3024 510 quod
3069 442 3123 496 in
3148 442 3428 501 Thebaidis

1853 524 2178 579 cmnobiis—
2195 527 2489 580 habitarent
2508 528 2725 595 plurimi
2751 529 3085 595 Latinorum,
3105 537 3193 604 qui
3223 537 3433 605 ignora-

1856 624 1969 668 rent
1995 615 2726 690 EgyptiacumGrtecumque
2761 638 3187 694 sermonem,quo
3220 625 3432 683 Pachu-

1854 707 1948 760 mii
1983 716 2031 759 et
2062 706 2322 761 Theodori
2358 718 2406 763 et
2435 710 2656 765 Orsiesii
2686 724 2945 782 prtecepta
2972 719 3264 787 conscripta
3280 730 3425 777 sunt.

1854 792 2155 863 Paucisque
2171 795 2468 865 interjcctis
2493 818 2506 855 :
2532 798 2561 852 1
2567 808 2743 871 taque,
2784 804 2984 869 subdit,
3006 789 3172 859 accito
3196 810 3428 877 notario,

1853 896 1915 939 ut
1931 898 2079 940 erant
2094 890 2159 941 de
2170 888 2486 958 Egyptiaca
2501 891 2553 945 in
2569 891 2611 946 G
2619 908 2808 949 meum
2820 894 3053 965 linguam
3068 914 3236 964 uersa,
3250 910 3429 956 nostro

1857 994 2094 1034 sermone
2137 981 2351 1035 dictavi.
2406 981 2782 1040 Praefationem
2841 1002 2973 1042 vero
3020 1003 3174 1044 suam
3226 991 3431 1047 claudit

1853 1080 2077 1126 sanctus
2107 1062 2307 1128 Doctor
2346 1073 2432 1129 his
2463 1075 2647 1131 verbis
2685 1092 2700 1131 :
2739 1076 3140 1147 Simplicitatem
3183 1080 3431 1153 AEgyptii

1852 1162 2108 1214 sermonis
2139 1163 2333 1217 imitati
2354 1179 2560 1229 sumus.
2590 1182 2741 1221 ——ne
2764 1168 2901 1221 uiros
2935 1170 3245 1236 apostolicos
3270 1182 3317 1225 et
3349 1182 3433 1226 to-

1852 1260 1933 1304 tos
1970 1253 2161 1322 gratite
2195 1254 2458 1323 spiritalis
2507 1272 2679 1311 sermo
2744 1259 3039 1314 rhetoricus
3100 1262 3427 1318 immutaret.

1852 1341 2055 1398 Cetera
2076 1352 2255 1399 autem
2280 1361 2398 1414 qua:
2435 1347 2492 1401 in
2523 1363 2704 1402 eorum
2749 1350 3063 1405 tractatibus
3096 1354 3435 1408 continentur

1850 1434 2127 1503 prtulibare
2158 1436 2324 1500 nolui,
2364 1447 2421 1490 ut
2452 1438 2509 1492 in
2552 1440 2662 1493 suis
2701 1439 2977 1495 discantur
3010 1443 3349 1507 auctoribus;
3378 1452 3429 1498 et

1849 1527 1914 1579 de
1944 1526 2176 1595 [antibus
2201 1529 2374 1597 potius
2398 1544 2553 1598 quam
2570 1514 2835 1585 de’riuulis
2855 1532 3056 1598 bibant,
3072 1550 3205 1603 quos
3229 1544 3432 1591 sanctas

1851 1619 2269 1674 conuersationis
2298 1619 2476 1674 studia
2506 1619 2792 1677 delectant.
2817 1622 2936 1678 Huc
2966 1639 3139 1694 usque
3162 1622 3433 1697 Hierony-

1860 1724 2004 1765 mus.

1927 1799 2006 1853 Ex
2040 1796 2238 1869 quibus
2278 1810 2411 1869 ergo
2443 1808 2778 1870 compertum
2831 1800 2910 1866 lit,
2953 1810 3012 1856 ut
3057 1803 3308 1873 equidem
3343 1817 3433 1858 ar-

1840 1893 2052 1958 bitror,
2083 1903 2330 1951 sanctum
2379 1894 2667 1950 Doctorem
2706 1911 2813 1951 non
2849 1896 3024 1952 solum
3060 1896 3336 1955 Pachomii
3376 1908 3433 1955 et

1860 1984 2156 2051 Theodori,
2187 1986 2285 2042 sed
2316 1986 2480 2041 etiam
2503 1986 2756 2053 Orsiesii,
2792 2003 3022 2058 quorum
3049 2005 3245 2061 nempe
3271 1990 3433 2061 paulo

1859 2090 1986 2134 ante
2026 2079 2190 2135 simul
2221 2080 2569 2146 meminerat,
2610 2079 2918 2136 litterarum
2961 2081 3292 2137 monimenta
3325 2081 3435 2137 La-

1859 2171 1971 2225 tine
2003 2171 2251 2226 vertisse.
2290 2170 2514 2226 Accedit
2549 2179 2808 2240 prteterea
2848 2172 3161 2230 eorumdem
3208 2172 3434 2229 Patrum

1858 2262 2233 2334 Egyptiorum
2265 2264 2468 2332 scripta
2526 2265 2723 2320 mulo
2747 2280 2779 2320 v
2809 2265 3089 2323 desinente
3117 2266 3326 2347 Latinis
3349 2267 3434 2322 iu-

1860 2354 2120 2419 nntuisse,
2145 2361 2205 2407 ut
2241 2367 2310 2408 ex
2333 2352 2615 2409 Gennadio
2641 2354 2916 2409 erudimur
2941 2355 3056 2425 (d);
3094 2358 3184 2426 qui
3211 2350 3431 2426 quidem

1859 2444 2076 2500 nonnisi
2121 2458 2190 2499 ex
2223 2444 2472 2500 versione
2512 2443 2937 2517 Hieronymiana
2978 2445 3246 2514 ejusmodi
3280 2447 3429 2503 noti-

1862 2537 1993 2592 tiam
2024 2536 2126 2593 sibi
2152 2538 2369 2592 demum
2410 2552 2762 2608 comparasse
2802 2538 2998 2595 merito
3024 2540 3431 2597 existimantur.

1861 2628 2048 2697 Neque
2079 2626 2241 2682 aliter
2269 2627 2372 2683 bac
2401 2628 2469 2684 de
2496 2641 2558 2683 re
2590 2628 2801 2683 censuit
2829 2627 2900 2685 cl.
2930 2627 3307 2685 Tillemontius
3332 2630 3429 2698 le).

1932 2721 2062 2787 Qua:
2109 2735 2231 2775 cum
2271 2720 2344 2774 ita
2378 2734 2439 2775 se
2482 2718 2754 2786 habeant,
2801 2722 2858 2776 in
2892 2730 3161 2791 postrema
3205 2737 3432 2793 operum

1861 2815 2035 2870 sancti
2070 2813 2318 2869 Doctoris
2339 2812 2579 2868 editione
2601 2812 2898 2869 Veronensi
2924 2822 3288 2883 opportunum
3320 2813 3434 2869 lor-

1864 2915 2006 2962 tasse
2064 2905 2242 2961 locum
2288 2914 2451 2960 nacta
2495 2904 2687 2961 luisset
2737 2906 2855 2960 hac
2887 2904 3115 2961 Orsiesii
3166 2904 3432 2961 Doctrintl

160 3006 475 3060 quanquam
505 2990 641 3044 enim
672 2989 978 3043 brevissima
1007 2989 1073 3043 sit
1100 2988 1196 3042 illa
1234 2990 1615 3045 sententiarum
1648 2991 1757 3042 col-
1782 3011 1830 3073 α
1864 2994 2283 3067 Hieronymiana
2316 2993 2517 3059 venio,
2546 3009 2612 3049 eo
2636 2993 2848 3049 scilicet
2871 2993 3089 3049 nomine
3112 3008 3219 3062 quo
3248 2995 3435 3049 crudi-

165 3081 363 3146 lectio,
410 3089 642 3134 attamen
675 3080 750 3134 ibi
789 3078 1018 3149 plurima
1062 3078 1263 3136 Veteris
1307 3089 1357 3135 et
1407 3078 1547 3136 Novi
1574 3081 1761 3136 Testa-

166 3173 339 3225 menti
393 3170 513 3225 loca
566 3181 924 3241 congeruntur
973 3169 1451 3243 (quemadmodum
1523 3175 1577 3227 in
1657 3173 1760 3228 Do-

165 3260 398 3332 ctrina),
419 3277 645 3330 quorum
668 3277 764 3331 ope
786 3261 915 3330 ﬁdes
932 3263 1162 3329 firmari,
1188 3271 1234 3317 et
1256 3270 1558 3317 sanctorum
1583 3263 1752 3329 pietas

167 3354 429 3407 innutriri
465 3353 650 3418 possit.

237 3442 332 3498 ιιι.
365 3441 668 3512 Utrumque
711 3457 873 3513 porro
905 3442 1079 3499 sancti
1107 3444 1320 3500 abbatis
1358 3444 1580 3501 Orsiesii
1613 3462 1751 3518 opu-

169 3530 413 3597 sculum,
476 3531 726 3601 primitus
771 3531 1092 3603 Egyptiaee
1142 3533 1210 3587 ab
1250 3544 1473 3590 auctore
1514 3538 1754 3593 conseri-

168 3633 350 3693 ptum,
388 3622 582 3677 deinde
610 3623 801 3679 Greco
839 3639 1091 3679 sermone
1124 3626 1393 3680 redditum
1417 3665 1432 3690 ,
1476 3638 1751 3697 postremo

173 3711 375 3768 Latine
401 3714 788 3783 interpretatus
807 3725 892 3772 est
913 3727 1134 3772 sanctus
1160 3716 1540 3789 Hieronymus.
1568 3720 1752 3791 Siqui-

172 3806 299 3861 dem
356 3805 409 3859 in
467 3805 780 3875 praalatioue
828 3808 894 3862 ad
949 3806 1205 3879 Regulam
1255 3809 1425 3863 sancti
1475 3810 1750 3867 Pachumii

179 3896 298 3951 hac
359 3896 525 3951 habet
597 3896 794 3954 Doctor
850 3898 1118 3955 maximus
1162 3918 1179 3956 :
1231 3902 1417 3969 Accepi
1466 3902 1628 3958 libros
1683 3905 1749 3958 ab

1862 3090 2098 3145 tissimus
2122 3088 2305 3144 editor
2326 3087 2597 3141 Pachumii
2611 3085 2887 3155 Regulam,
2924 3102 3023 3142 nec
3055 3100 3163 3142 non
3190 3086 3433 3152 ejusdem

1858 3194 1925 3234 ac
1957 3179 2225 3233 Theodori
2260 3179 2520 3248 epistulas
2559 3178 2685 3233 illuc
2719 3180 2928 3247 primus
2964 3178 3192 3233 invexit.
3226 3176 3433 3232 Horum

1854 3286 2093 3340 namque
2138 3270 2301 3324 trium
2338 3279 2648 3325 sanctorum
2694 3268 2950 3323 abbatum
2995 3269 3434 3324 Tabenneusiunt

1854 3377 2019 3430 opera
2049 3361 2238 3417 Graece
2266 3355 2476 3418 reddita
2509 3360 2738 3430 junctim
2767 3360 2833 3413 ab
2855 3360 3063 3415 homine
3095 3360 3187 3415 Dei
3215 3359 3435 3415 Silvano

1856 3452 2157 3521 presbytero
2199 3451 2395 3517 accepit
2445 3458 2667 3504 sanctus
2716 3448 2934 3516 Doctor,
2982 3464 3157 3518 eaque
3187 3449 3348 3504 simul
3374 3459 3434 3503 ut

1855 3552 2004 3597 erant
2038 3542 2102 3596 de
2133 3540 2453 3611 Egyptiaca
2481 3541 2538 3595 in
2564 3537 2809 3594 Graecam
2852 3539 3089 3610 linguam
3130 3555 3278 3593 uersa
3315 3555 3437 3609 pro-

1856 3635 1972 3706 prio
2001 3650 2236 3689 sermone
2265 3633 2504 3695 dictavit,
2539 3640 2598 3686 ut
2626 3633 2785 3685 modo
2812 3632 2880 3687 ab
2910 3645 2975 3685 eo
3009 3630 3338 3698 accepimus.

1928 3724 2082 3794 Quod
2119 3732 2386 3794 superest,
2412 3722 2635 3778 Orsiesii
2671 3720 2979 3775 Doctrinam
3006 3734 3073 3775 ex
3113 3716 3434 3774 Codicelie-

1856 3818 2101 3890 gularum
2143 3814 2496 3870 liolsteniano
2531 3813 2788 3868 editionis
2837 3811 3094 3865 Romanae
3134 3811 3432 3882 descripsi-

1830 3948 1835 3951 ι
1858 3922 1979 3961 mus
2012 3925 2026 3962 :
2056 3907 2293 3962 libellum
2317 3919 2446 3960 vero
2470 3902 2545 3958 De
2567 3918 2659 3959 sea:
2680 3900 3084 3975 cogitationibus
3106 3911 3433 3970 sanctorum,

169 3984 383 4041 homine
412 3985 507 4042 Dei
548 3986 765 4043 Silvano
805 3990 1101 4063 presbytero
1152 3992 1280 4047 mihi
1329 3994 1573 4063 directos,
1622 4012 1751 4085 quos
1783 4019 1831 4077 ι)
1857 4015 1926 4057 ex
1949 3998 2215 4055 Thesauro
2240 3997 2552 4054 Cauisiano.

265 4184 323 4261 ς)
354 4184 527 4261 uotst.
570 4183 701 4261 Cod.
739 4186 891 4260 Reg.,
923 4205 1044 4261 pag.
1082 4192 1334 4250 tat-tsi.

264 4254 321 4328 b)
353 4254 618 4328 _Basuag.,
632 4257 687 4328 _l.
722 4272 775 4328 c.
806 4254 939 4328 pag."
967 4254 1091 4317 1'67.

264 4324 317 4382 ε)
352 4324 568 4381 Fabric:
618 4325 761 4382 Bibl.

172 4408 225 4463 p.
258 4395 389 4452 507.

1968 4203 2025 4271 d)
2062 4204 2306 4261 Geunad.
2344 4206 2437 4263 lib.
2475 4205 2552 4260 De
2582 4205 2675 4260 air.
2706 4205 2923 4260 illustr..
2945 4215 3064 4272 cap.
3104 4202 3158 4266 7,
3190 4200 3326 4272 8.79.

1968 4278 2016 4343 e)
2055 4276 2267 4330 Tillem.
2302 4276 2462 4330 Hem.
2487 4276 2670 4331 eccles.
2702 4284 2831 4329 tom.
2862 4272 2972 4336 VII,
3006 4271 3129 4343 pag.
3166 4271 3293 4336 686,
3319 4278 3433 4327 uot.

879 4339 923 4385 t.
958 4333 1095 4389 med.
1147 4342 1196 4388 et
1231 4333 1403 4404 inﬁm.
1434 4344 1579 4393 atat.
1620 4345 1665 4394 t.
1695 4337 1764 4407 ν,
1871 4333 1965 4410 16ξ
1989 4333 2084 4399 sur
2103 4346 2241 4401 saint
2278 4345 2524 4400 Pacbme.

187 4589 3411 4631 Μ

1124 4782 1698 4924 SANCTI
1793 4796 2479 4930 ORSIESII

1407 5045 1703 5111 ABBATTS
1742 5048 2220 5117 TABENNENSIS

606 5218 1125 5302 DOCTRINA
1203 5225 1334 5303 DE
1413 5227 2181 5317 INSTITUTIONE
2257 5242 3003 5331 MONACHORUM.

243 5537 494 5635 Lusiudi,
528 5540 717 5613 Israel,
744 5551 996 5605 mandata
1029 5554 1170 5622 vita,
1203 5558 1422 5615 auribus
1451 5564 1677 5635 percipe,
1704 5576 1752 5623 et

176 5627 413 5703 iutelliqe
444 5636 803 5705 prudentiam.
835 5640 977 5706 Quid
1011 5657 1109 5712 est,
1139 5645 1329 5720 Israel,
1358 5627 1498 5725 guod
1530 5627 1751 5714 interra

1857 5567 2194 5623 inimicorum
2231 5574 2325 5629 es?
2364 5575 2663 5633 inveterasti
2695 5579 2750 5635 in
2799 5590 2938 5639 terra
2973 5584 3173 5652 aliena,
3203 5602 3435 5641 comma-

1862 5658 2066 5715 culatus
2096 5677 2148 5716 es
2183 5679 2299 5719 cum
2334 5669 2577 5741 mortuis,
2603 5684 2936 5743 comparatus
2988 5694 3041 5733 es
3083 5694 3200 5733 cum
3233 5678 3310 5732 his
3340 5679 3432 5748 qui
