3858 6312
460 211 572 274 8‘]!

1560 202 1831 261 PATRES
1868 199 2173 260 EGYPTII
2240 202 2518 263 SECL'LI
2555 205 2645 263 iV.

3628 214 3727 269 κη

468 326 531 384 in
568 325 772 396 inferno
810 330 952 388 sunt,
988 329 1037 377 et
1058 319 1384 391 dereliquisti
1412 316 1606 389 fontem
1632 318 1922 388 sapientia’.
1955 314 2059 370 Per
2086 319 2131 376 A
2160 327 2307 387 ptum
2338 328 2423 375 est
2449 338 2463 375 :
2492 319 2805 375 Benedictus
2833 321 2986 376 homo
3013 321 3107 392 qui
3135 321 3355 391 conlidit
3396 321 3454 377 in
3485 320 3726 388 Domino,

469 421 608 474 siam
649 416 745 471 Dei
774 417 820 470 si
854 415 1199 478 ambulasses,
1224 414 1448 482 forsitan
1471 412 1787 465 habitaveris
1809 411 1863 463 in
1892 423 2038 478 pace.

470 510 628 565 Disce
651 524 803 578 ergo,
838 507 933 570 ait,
962 506 1052 560 ubi
1082 516 1155 560 est
1190 504 1468 574 prudentia
1501 514 1613 565 tua,
1654 502 1742 554 ubi
1787 510 1861 554 est
1888 500 2044 569 forti-

464 605 600 656 tudo
626 602 810 672 gloria:
856 611 1013 670 atque
1061 599 1290 664 uirtutis,
1318 598 1404 651 ubi
1442 606 1519 651 est
1551 595 1922 665 intelligentia,
1955 594 2045 647 ubi

472 705 546 748 est
587 694 680 747 lux
710 692 982 747 oculorum
1017 701 1064 745 et
1088 706 1212 760 pax.
1244 689 1374 755 Quis
1400 688 1594 743 invenit
1621 688 1790 741 locum
1818 688 1955 757 ejus,
1993 697 2041 740 et

468 787 588 854 quis
608 788 873 853 ingressus
907 792 982 837 est
1017 784 1086 835 ad
1127 784 1398 835 thesauros
1444 782 1589 834 illius
1618 780 1678 834 ’ἲ
1705 779 1826 833 Haec
1860 778 2044 847 loque-

471 878 630 939 batur
668 875 876 929 Baruch
912 883 1129 944 propter
1158 886 1251 928 eos
1282 872 1373 941 qui
1411 872 1462 926 in
1511 881 1709 926 terram
1754 869 2043 941 Babylonis

466 978 525 1022 et
561 966 899 1021 inimicorum
941 980 1159 1020 suorum
1206 964 1349 1019 ducti
1387 973 1512 1017 sunt
1553 965 1605 1016 in
1654 964 2043 1032 captivitatem,

470 1060 596 1129 quia
650 1058 936 1113 noluerunt
970 1057 1351 1127 prophetarum
1383 1054 1660 1123 suscipere
1692 1055 1960 1118 inlaudata,
1989 1062 2045 1108 et

468 1150 622 1205 obliti
662 1160 788 1204 sunt
836 1149 971 1218 legis
1006 1148 1097 1202 Dei
1129 1162 1250 1216 qua:
1275 1148 1395 1200 data
1426 1156 1508 1200 est
1541 1162 1636 1214 per
1660 1138 1910 1215 Moysen.
1953 1146 2043 1198 ld-

470 1242 620 1297 circo
656 1241 870 1295 induxit
896 1242 1035 1293 Deus
1059 1254 1223 1313 super
1244 1251 1339 1292 eos
1362 1252 1553 1307 pinnas
1576 1246 1737 1304 atque
1759 1236 2038 1304 supplicia,

466 1343 524 1388 et
547 1334 883 1403 captivitatis
932 1334 1170 1387 subdidit
1210 1332 1358 1401 jugo,
1413 1331 1664 1384 erudiens
1696 1344 1827 1399 ergo
1859 1344 1953 1384 eos
1988 1339 2045 1383 ut

469 1440 615 1489 suos,
643 1434 695 1480 et
718 1426 871 1494 quasi
900 1431 1055 1493 pater
1083 1422 1221 1478 iilios
1247 1422 1565 1485 emendans,
1600 1421 1892 1490 nolensque
1923 1436 2044 1490 per-

467 1515 550 1571 ire
598 1526 889 1579 correctos,
956 1516 1051 1570 sed
1106 1514 1316 1569 salvare
1361 1515 1582 1580 cupiens
1637 1527 1732 1581 per
1779 1512 2045 1583 pmititen-

466 1606 624 1661 tiam.

540 1694 602 1748 li.
649 1694 801 1749 Unde
842 1702 898 1748 et
940 1708 1037 1747 nos
1091 1692 1507 1761 apostolicorum
1558 1694 1818 1749 debemus
1852 1693 2044 1748 memi-

467 1788 618 1843 ttisse
652 1790 959 1850 verborum,
994 1787 1084 1854 qui
1114 1789 1188 1839 ait
1221 1804 1235 1839 :
1266 1786 1326 1840 Si
1368 1786 1697 1839 naturalibus
1746 1787 1907 1839 ramis
1940 1802 2043 1838 non

471 1881 719 1947 pepercit,
754 1895 847 1931 nec
897 1879 1040 1931 nobis
1075 1877 1315 1947 parcet’.
1358 1877 1422 1930 Et
1454 1877 1542 1929 Dei
1581 1887 1847 1946 praecepta
1889 1892 2043 1931 com-

470 1969 619 2039 plere
650 1968 1004 2039 negligimus?
1032 1968 1161 2021 Haec
1182 1968 1360 2020 omnia
1386 1968 1438 2019 in
1456 1966 1646 2035 ~ﬁguris
1673 1968 2043 2035 contingebant

468 2061 612 2123 illis;
646 2062 842 2127 scripta
872 2070 997 2112 sunt
1033 2070 1209 2112 autem
1254 2059 1323 2111 ad
1366 2057 1744 2124 correptionem
1788 2065 2043 2124 nostram,

466 2153 526 2205 in
563 2166 691 2220 quos
719 2150 849 2219 ﬁnes
887 2150 1199 2203 surculorum
1227 2147 1593 2202 devenerunt‘.
1627 2148 1691 2201 Et
1718 2149 1791 2200 illi
1829 2150 2043 2216 quidem

464 2242 534 2296 de
554 2244 689 2297 urbe
716 2240 868 2295 ludas
896 2240 1138 2295 translati
1167 2249 1293 2294 sunt
1324 2240 1387 2293 ad
1421 2242 1609 2293 urbem
1639 2238 2044 2303 Chaldaeorum,

468 2334 524 2390 in
559 2336 722 2390 terris
755 2344 1027 2387 mutantes
1058 2333 1217 2396 loca;
1251 2348 1349 2387 nos
1397 2343 1578 2385 autem
1606 2332 1651 2384 si
1682 2333 1822 2386 Deus
1851 2333 2048 2387 viderit

469 2429 824 2498 negligentes,
858 2427 910 2480 in
946 2423 1131 2478 futuro
1175 2422 1373 2478 sarculo
1426 2424 1736 2478 amittemus
1774 2424 2045 2479 civitatem

468 2529 749 2584 nostram;
776 2528 839 2573 et
870 2518 1110 2571 laetitiam
1170 2516 1509 2580 deserentes,
1538 2516 1818 2569 tradentur
1857 2530 2047 2584 pretia-

470 2626 586 2663 rum
629 2610 954 2679 captivitati,
1012 2608 1406 2677 pertlemusque
1448 2607 1703 2675 gaudium
1756 2607 2045 2675 sempiter-

469 2716 620 2765 num,
660 2700 803 2769 quod
850 2709 1034 2770 patres
1077 2697 1251 2754 nOSIri
1275 2708 1329 2754 et
1366 2699 1570 2755 lratres
1595 2699 1780 2753 labore
1808 2697 2045 2753 instabili

458 2800 805 2860 repererunt.

540 2881 627 2935 ill.
671 2881 842 2948 Igitur
872 2888 987 2936 nou
1008 2897 1107 2937 nos
1127 2881 1311 2935 vincat
1335 2880 1558 2946 oblivio,
1596 2895 1699 2936 nec
1729 2881 2046 2950 patientiam

468 2971 566 3027 Dei
606 2973 980 3029 existimemus
1014 2973 1396 3043 ignorantiam,
1441 2974 1530 3042 qui
1580 2973 1783 3027 idcirco
1828 2983 2057 3028 susten-

470 3073 549 3118 tat
576 3074 636 3120 et
678 3065 881 3131 dilfert,
937 3075 996 3120 ut
1037 3066 1106 3120 ad
1144 3062 1368 3120 meﬁora
1404 3064 1678 3131 conversi,
1711 3066 2045 3120 cruciatibus

467 3168 579 3211 non
630 3156 927 3211 tradamur.
971 3158 1201 3224 Quando
1268 3170 1743 3227 peccamus,rnon
1794 3165 2046 3226 putemus

468 3245 634 3301 Deum
665 3247 976 3301 consentire
1003 3247 1207 3301 nostris
1234 3246 1503 3315 peccatis,
1530 3246 1660 3315 quia
1703 3259 1810 3300 non
1858 3245 2044 3301 statim

446 3335 742 3401 vindicat;
796 3336 893 3391 sed
937 3337 1069 3392 illud
1106 3338 1428 3408 cogitemus,
1456 3339 1601 3406 quod
1629 3336 1740 3390 cito
1779 3342 2045 3391 exeuntes

465 3429 537 3482 de
554 3428 751 3483 mulo
780 3429 1163 3498 separabimur
1195 3430 1246 3483 in
1283 3429 1471 3484 futuro
1499 3444 1530 3483 a
1566 3428 1810 3499 patribus
1840 3436 1897 3485 et
1933 3429 2047 3485 ira-

467 3523 643 3577 tribus
672 3524 894 3589 nostris,
931 3523 1023 3592 qui
1058 3523 1233 3578 locum
1269 3525 1512 3579 victoriae
1541 3524 1836 3593 possident.
1875 3521 2044 3589 Quem

469 3623 524 3666 et
561 3629 659 3667 nos
702 3614 1043 3680 habebimus,
1090 3615 1135 3669 si
1189 3615 1401 3671 illorum
1466 3615 1795 3670 voluerimus
1838 3614 2049 3669 calcare

469 3707 717 3774 vestigia,
745 3707 967 3762 et'illud
1017 3707 1316 3770 attendere,
1350 3707 1495 3776 quod
1536 3706 1812 3775 apostolus
1849 3704 2049 3760 Paulus

474 3798 561 3854 bic
600 3814 815 3869 quoque
865 3807 1084 3855 sanctos
1114 3814 1144 3852 a
1180 3798 1557 3869 peccatoribus
1586 3809 1829 3867 separat,
1858 3808 1912 3852 et
1944 3805 2051 3851 tra-

469 3892 545 3944 dit
583 3891 958 3958 delinquentes
1005 3893 1057 3946 in
1082 3890 1348 3971 interitum
1376 3891 1579 3955 carnis,
1608 3901 1664 3943 ut
1691 3890 1910 3959 spiritus
1939 3888 2051 3942 sal—

469 3998 562 4035 vus
584 3982 678 4051 ﬁat
701 3983 743 4036 ⁸.
777 3982 974 4039 Beatus
1003 3987 1160 4039 homo
1182 3985 1276 4055 qui
1300 3985 1453 4039 timet
1480 3980 1786 4048 Dominum,
1810 3991 1864 4036 et
1886 3995 2048 4050 quem

470 4072 693 4140 corripit
743 4082 803 4125 ut
843 4074 1189 4141 emendetur;
1225 4082 1280 4130 et
1314 4075 1484 4145 legem
1516 4089 1671 4128 suam
1708 4073 1868 4129 docet
1902 4088 2047 4139 eum,

472 4171 525 4216 ut
570 4163 808 4218 ambulet
838 4165 891 4218 iu
927 4164 1199 4222 mandatis
1250 4166 1366 4234 ejus
1410 4166 1662 4221 omnibus
1694 4166 1885 4222 diebus
1925 4165 2052 4235 vitae

469 4268 608 4323 suae;
643 4256 731 4324 qui
764 4272 871 4311 non
896 4268 1198 4314 murmurat
1230 4273 1327 4328 pro
1355 4267 1575 4329 peccato
1596 4272 1717 4314 suo.

2148 410 2299 479 cujus
2339 421 2413 465 est
2458 429 2573 480 spes
2607 413 2663 467 in
2704 429 2805 478 eo;
2836 414 2931 466 erit
2962 415 3117 484 quasi
3140 413 3340 484 lignum
3383 413 3722 483 fructiferae:

2136 501 2296 572 juxta
2319 517 2506 571 aquas,
2530 518 2578 556 et
2604 506 2673 557 ad
2700 502 2971 558 humorem
3007 506 3167 558 mittit
3199 507 3401 560 radices
3435 522 3601 569 suas;
3631 524 3728 561 non

2146 592 2342 646 timebit
2395 609 2513 646 cum
2545 604 2704 647 trstus
2750 595 3052 658 advenerit,
3083 595 3391 665 habebitque
3434 598 3726 665 [tondentes

2146 700 2339 739 ramos.
2365 694 2411 737 et
2446 686 2501 737 in
2532 695 2763 752 tempore
2794 686 3046 739 siccitatis
3064 687 3272 752 virebit,
3300 703 3459 753 poma
3495 688 3726 741 sollicita

2146 777 2467 843 germinans.
2498 771 2666 829 Graue
2684 792 2776 829 cor
2791 777 2845 829 in
2872 778 3137 841 omnibus,
3167 787 3216 831 et
3235 780 3389 832 homo
3414 791 3513 842 est,
3541 789 3592 832 et
3619 782 3724 850 quis

2146 866 2407 933 cognoscit
2436 865 2593 918 eum?
2618 863 2730 935 Ego
2764 865 3018 919 Dominus
3066 878 3312 920 scrutaris
3349 872 3512 921 corda
3552 877 3604 921 et
3644 884 3723 921 re-

2146 972 2256 1019 nes,
2293 964 2349 1008 ut
2389 957 2604 1009 reddant
2634 958 2913 1027 unicuique
2942 958 3230 1012 secundum
3261 960 3373 1012 vias
3392 976 3520 1013 suos
3540 961 3587 1015 ⁸.

2224 1066 2283 1121 ν.
2327 1067 2732 1123 Meminerimus
2781 1069 2973 1133 nostri,
3012 1085 3112 1123 nec
3151 1079 3573 1128 contemnamus
3600 1074 3723 1128 deli-

2148 1171 2234 1216 cta
2266 1178 2385 1231 qua).
2414 1161 2678 1227 fecimus;
2710 1170 2763 1215 et
2796 1163 3003 1231 singula
3030 1164 3290 1216 mandata
3336 1167 3507 1233 patris
3538 1167 3720 1231 nostri,

2146 1264 2200 1306 et
2228 1267 2416 1306 eorum
2471 1253 2561 1322 qui
2614 1268 2713 1306 nos
2754 1253 3085 1318 docuerunt,
3135 1256 3297 1307 corde
3336 1255 3575 1311 sollicito
3613 1273 3724 1327 per-

2150 1353 2472 1409 tractemus,
2512 1360 2616 1398 non
2663 1345 2834 1399 solum
2867 1345 3151 1399 credentes
3181 1347 3232 1399 in
3264 1345 3508 1409 Christo,
3545 1351 3639 1403 sed
3674 1358 3724 1404 et

2146 1453 2244 1508 pro
2272 1439 2388 1507 ipso
2425 1439 2714 1508 patientes,
2743 1445 2795 1491 et
2826 1438 3061 1491 scientes
3098 1438 3224 1490 illud
3280 1441 3606 1508 mysterium
3658 1443 3719 1493 de

2148 1547 2255 1601 quo
2301 1532 2498 1585 dicitur
2535 1549 2549 1586 :
2583 1526 2815 1599 Spiritus
2846 1530 3019 1583 vultus
3047 1530 3235 1596 nostri,
3272 1529 3521 1585 Christus
3548 1532 3721 1586 Domi-

2151 1640 2246 1677 nus
2269 1624 2327 1689 ”;
2360 1631 2410 1676 et
2435 1621 2561 1674 alibi
2596 1639 2608 1673 :
2645 1619 2880 1673 Lucerna
2913 1620 3130 1688 pedibus
3154 1622 3281 1673 meis
3313 1620 3400 1673 lex
3422 1631 3539 1685 tua,
3571 1630 3618 1674 et
3646 1622 3723 1673 ln-

2147 1731 2260 1769 men
2304 1714 2499 1768 semitis
2538 1714 2663 1765 meis
2687 1713 2759 1777 ‘°;
2813 1723 2867 1766 et
2904 1714 3095 1765 itcrtnn
3133 1728 3145 1763 :
3182 1711 3468 1781 Eloquium
3517 1713 3721 1766 Domini

2146 1806 2418 1875 uitviﬁcavit
2449 1805 2588 1857 me“
2618 1820 2632 1868 ;
2661 1813 2712 1857 et
2747 1822 2762 1856 :
2805 1801 2912 1855 Lex
2958 1802 3172 1855 Domini
3210 1804 3574 1867 immaculata,
3608 1820 3723 1857 con-

2145 1910 2348 1952 uertens
2377 1899 2605 1953 animus.
2635 1896 2947 1949 Mandatum
2980 1895 3191 1948 Domini
3240 1894 3498 1961 lucidum,
3530 1896 3723 1949 illumi-

2148 2008 2278 2044 nans
2336 1991 2593 2043 oculos".
2659 1988 2723 2042 Et
2780 1988 3067 2056 Apostolus
3098 2003 3112 2039 :
3140 1985 3270 2052 Lex,
3294 1988 3491 2059 inquit,
3525 2000 3717 2054 sancta,

2146 2091 2194 2135 et
2223 2083 2531 2135 mandatum
2563 2092 2821 2142 sanctum,
2854 2090 2903 2135 et
2926 2082 3156 2150 justum,
3193 2093 3239 2134 et
3285 2082 3480 2134 bonum
3502 2082 3571 2135 ³³.
3600 2082 3722 2147 Quae

2148 2175 2326 2227 Omnia
2363 2171 2743 2242 intelligentes,
2764 2173 2909 2242 digni
2939 2174 3143 2226 erimus
3169 2173 3358 2227 audire
3389 2189 3405 2225 :
3436 2172 3569 2226 Cum
3599 2175 3721 2227 cet-i-

2147 2265 2280 2318 derit
2303 2264 2482 2332 justus
2522 2281 2626 2318 non
2665 2266 2935 2330 allidetur,
2979 2264 3101 2334 quia
3171 2264 3425 2316 Dominus
3468 2274 3720 2317 sustentat

2148 2372 2358 2410 manum
2392 2357 2538 2410 illius
2565 2357 2649 2424 ¹δ;
2684 2367 2740 2411 et
2767 2357 2962 2411 iterum
2997 2374 3010 2409 :
3044 2352 3244 2425 Septies
3269 2356 3416 2409 cadet
3440 2356 3647 2425 justus,
3676 2366 3718 2409 et

2149 2458 2379 2518 resurget
2406 2448 2470 2502 ¹⁵.

2225 2556 2310 2611 Vi.
2355 2557 2507 2612 Nunc
2540 2572 2689 2627 ergo,
2718 2555 2934 2620 fratres,
2971 2554 3079 2611 Deo
3130 2566 3321 2626 agente
3364 2557 3639 2625 patienter
3667 2567 3720 2612 et

2154 2664 2251 2704 nos
2308 2650 2373 2703 ad
2425 2648 2797 2718 paenitentiam
2852 2657 3198 2717 provocante,
3230 2648 3293 2701 de
3323 2647 3476 2718 gravi
3538 2664 3723 2703 somno

2149 2742 2488 2814 evigilemns,
2546 2742 2672 2811 quia
2729 2741 3073 2796 adversarius
3130 2749 3311 2794 noster
3348 2741 3504 2811 quasi
3531 2743 3608 2795 leo
3635 2758 3721 2794 ru-

2150 2838 2289 2907 giens
2339 2834 2523 2891 circuit
2561 2850 2801 2904 qutcrens
2842 2850 2991 2901 quem
3040 2832 3329 2896 devoret“,
3380 2833 3467 2886 cui
3527 2834 3722 2887 acriter

2154 2928 2516 2982 resistendum
2560 2934 2664 2989 est,
2711 2934 2768 2979 et
2821 2924 3098 2977 sciendum
3133 2923 3321 2976 eadem
3352 2923 3513 2975 etiam
3545 2933 3721 2976 certa-

2070 2990 2113 3048 Β
2149 3020 2292 3074 mina
2349 3017 2553 3073 nostris
2599 3016 2846 3070 evenisse
2884 3014 3199 3083 majoribus.
3242 3010 3359 3066 Non
3413 3012 3723 3068 deﬁciamus

2145 3109 2479 3171 laborantes,
2534 3105 2908 3176 jacientesque
2966 3104 3223 3157 virtutum
3279 3105 3515 3168 semina,
3572 3114 3627 3156 ut
3671 3105 3723 3157 in

2146 3201 2329 3257 lnturo
2357 3200 2552 3271 gaudia
2592 3208 2798 3254 metere
2841 3194 3131 3267 possimus,
3169 3195 3560 3265 audiemusque
3594 3193 3725 3248 Pau-

2145 3293 2255 3348 lum
2286 3293 2568 3347 docentem
2599 3306 2613 3343 :
2647 3288 2727 3344 Tu
2762 3297 2941 3344 autem
2982 3288 3074 3357 qui
3128 3286 3353 3341 servasti
3401 3287 3723 3349 doctrinam,

2146 3384 2533 3448 eruditionem,
2563 3382 2822 3445 studium,
2853 3380 3186 3450 patientiam,
3211 3379 3641 3449 persecutionem
3656 3379 3722 3445 ι’,

2147 3484 2536 3547 ctsanctorum
2585 3472 2827 3542 exempla
2860 3480 3154 3533 sectantes,
3206 3480 3621 3537 permaneamus
3672 3472 3723 3525 in

2147 3582 2213 3623 eo
2249 3568 2393 3637 quod
2431 3566 2717 3637 carpimus,
2750 3564 3011 3618 habentes
3046 3562 3341 3632 principem
3371 3570 3425 3616 et
3459 3562 3724 3631 perfecto-

2149 3677 2264 3717 rem
2311 3659 2518 3715 Jesum.
2564 3656 2930 3725 intelligamus
2976 3668 3185 3707 comam
3234 3651 3427 3719 capitis
3475 3652 3645 3706 nostri
3673 3651 3725 3705 in

2148 3754 2257 3818 via,
2294 3761 2351 3806 ιιι
2382 3752 2460 3807 sit
2507 3758 2837 3817 unguentum
2871 3746 2923 3799 in
2958 3745 3123 3799 barba
3156 3754 3364 3805 nostra,
3396 3751 3455 3794 ut
3481 3744 3547 3795 ad
3577 3758 3723 3798 oram

2148 3842 2429 3917 perveniat
2450 3841 2759 3895 vestimenti
2786 3838 2850 3905 ‘3,
2876 3846 2934 3892 ut
2960 3835 3229 3904 possimus
3262 3835 3488 3904 implere
3521 3835 3728 3890 univer-

2149 3954 2208 3995 sa
2244 3952 2363 4008 quae
2390 3937 2591 4005 scripta
2627 3941 2773 3988 sunt.

2225 4070 2337 4126 \‘ll.
2377 4069 2742 4139 Quapropter,
2788 4080 2822 4120 ο
2865 4066 3030 4121 duces
3062 4074 3117 4119 et
3158 4063 3431 4136 praepositi
3459 4072 3729 4118 monaste-

2153 4164 2358 4221 riorum
2398 4176 2464 4216 ac
2508 4160 2813 4221 domorum,
2848 4155 3045 4227 quibus
3082 4156 3273 4210 crediti
3305 4164 3429 4209 sunt
3452 4154 3721 4215 homines,

2155 4266 2210 4312 et
2236 4256 2375 4325 apud
2404 4268 2539 4323 quos
2571 4250 2924 4306 inveniuntur
2955 4247 3018 4307 T,
3055 4247 3166 4301 sive
3189 4246 3228 4308 Ι,
3272 4246 3385 4300 sive
3416 4245 3478 4307 Ε,
3514 4247 3629 4299 sive
3657 4248 3719 4305 A,

521 4335 627 4402 Ἰν.
668 4348 852 4417 Itaque
900 4360 955 4404 et
1012 4366 1109 4405 nos
1161 4327 1467 4406 scrutemur
1522 4352 1642 4407 vias
1696 4360 1935 4417 nostras,
1994 4362 2048 4407 et
2076 4327 2130 4389 Ῐ)
2158 4359 2216 4403 ut
2257 4350 2310 4403 in
2352 4360 2636 4401 commune
2670 4343 2867 4406 dicam,
2914 4338 3109 4409 quibus
3144 4338 3333 4391 crediti
3390 4346 3516 4391 sunt
3563 4338 3729 4390 nomi-

469 4453 689 4508 gressus
733 4442 980 4510 praprios
1044 4442 1429 4511 dijudicemus;
1481 4453 1925 4513 revertamurque
1977 4445 2044 4498 ad

472 4534 782 4599 Dominum,
816 4545 871 4591 et
903 4535 1141 4591 levemus
1187 4552 1307 4591 cum
1362 4538 1610 4593 manibus
1648 4540 1851 4595 nostris
1881 4539 2046 4594 corda

471 4634 653 4680 nostra
704 4626 757 4680 in
793 4628 1068 4683 excelsum
1117 4638 1171 4683 et
1203 4629 1256 4682 in
1286 4628 1506 4696 ctelum,
1537 4640 1595 4684 ut
1641 4630 1695 4684 in
1749 4632 1833 4685 die
1863 4630 2044 4695 iudicii

467 4719 681 4787 adjutor
705 4730 886 4775 noster
903 4721 993 4785 sit,
1016 4730 1070 4775 et
1088 4736 1189 4775 non
1210 4722 1602 4777 confundamur
1616 4739 1736 4777 cum
1763 4723 2048 4793 loquemur

470 4812 707 4867 inimicis
741 4814 944 4867 nosuis
993 4815 1045 4866 in
1096 4820 1248 4882 porta
1273 4821 1316 4878 θ,
1350 4816 1442 4869 sed
1474 4815 1647 4883 magis
1690 4816 1834 4886 digni
1877 4817 2045 4870 simus

469 4905 599 4961 illud
626 4906 814 4959 audire
842 4923 855 4958 :
882 4905 1091 4972 Aperite
1106 4916 1312 4973 portas,
1352 4916 1403 4957 ut
1433 4907 1763 4973 ingrediatur
1788 4908 2039 4975 papulas,

467 4997 558 5065 qui
579 4996 1088 5066 custoditjustitiam
1107 5005 1154 5049 et
1187 4997 1517 5051 ueritatem'.
1552 4998 1649 5052 Cui
1686 5000 1891 5052 veritas
1920 5013 2043 5052 cor-

468 5090 519 5142 di
552 5098 655 5153 est,
690 5098 744 5144 et
778 5089 868 5159 qui
910 5088 1147 5157 possidet
1177 5103 1385 5158 pacem,
1433 5089 1613 5143 dicere
1655 5096 1829 5158 potest
1864 5106 1877 5139 :
1906 5089 2041 5156 Quia

468 5187 521 5239 in
559 5196 611 5240 te
661 5187 1021 5255 speravimus,
1056 5187 1303 5246 Domine.
1349 5186 1401 5240 in
1448 5195 1733 5241 aeternum.
1774 5185 2045 5240 Recorde-

469 5292 590 5330 mur
618 5278 853 5343 Domini,
887 5288 941 5333 et
972 5278 1306 5333 Hierusalem
1339 5278 1591 5333 ascendat
1628 5292 1788 5347 super
1817 5293 1912 5331 cor
1949 5292 2040 5330 no-

468 5379 661 5421 stram.
700 5369 776 5424 Ne
802 5368 1187 5424 obliviscamur
1216 5369 1361 5425 illius
1401 5370 1657 5433 hominis,
1685 5368 1749 5423 de
1773 5384 1880 5437 quo
1906 5369 2048 5422 scri-

539 5544 559 5574 ¹
587 5543 815 5601 Barucb.
848 5560 931 5608 ill,
957 5545 1107 5601 9-15.

468 5615 520 5669 ‘2.
600 5614 755 5670 ελεγ.
810 5631 937 5678 xvn,
974 5616 1131 5669 7-10.

473 5700 566 5751 vtt,
602 5686 689 5741 i2.

1186 5545 1206 5577 ³
1235 5546 1390 5601 Rom.
1439 5561 1514 5610 XI,
1545 5543 1635 5599 2|.

1209 5618 1228 5648 ’
1255 5615 1456 5672 Till‘ell.
1493 5631 1567 5677 tv,
1600 5616 1691 5669 20.

769 5686 813 5718 ιδ
837 5685 979 5741 Psal.
1011 5701 1201 5749 xxxvr,
1231 5686 1322 5740 24.
1426 5685 1470 5717 ⁸⁸
1498 5684 1655 5740 Prov.
1692 5701 1837 5751 χειν,
1874 5684 1959 5739 i6.

1740 5545 1763 5576 ⁸
1793 5543 1809 5596 l
1839 5544 1966 5599 Cor.
1998 5559 2056 5605 ι,
2098 5542 2183 5595 Η.

1772 5616 1813 5646 ¹⁰
1840 5615 1980 5668 Psal.
2016 5628 2206 5675 cxvm,
2244 5609 2364 5664 105.

2039 5684 2081 5714 ¹⁸
2110 5683 2127 5738 1
2156 5681 2275 5737 Pet.
2308 5694 2358 5746 ν,
2389 5676 2442 5732 8.

2156 4456 2272 4506 nes,
2306 4438 2499 4510 singuli
2534 4450 2653 4490 cum
2685 4434 2879 4489 turmis
2920 4433 3032 4486 suis
3069 4439 3385 4498 esspcuent
3431 4428 3726 4483 Salvatoris

2154 4535 2470 4593 adventum,
2497 4536 2554 4585 ut
2584 4524 2895 4594 conspectui
2930 4522 3072 4576 illius
3096 4527 3347 4577 ornatum
3381 4520 3547 4574 armis
3573 4535 3729 4574 exer-

2158 4618 2327 4682 citum
2362 4629 2694 4694 prmparent.
2726 4619 2803 4672 Ne
2824 4615 3161 4683 rel'rigeretis
3191 4627 3284 4667 eos
3316 4612 3368 4666 in
3400 4612 3727 4674 carnalibus,

2153 4728 2209 4774 et
2261 4715 2527 4787 spiritalia
2580 4729 2682 4767 non
2739 4710 2991 4766 tribuatis
3032 4707 3311 4761 alimenta.
3347 4707 3455 4758 Aut
3504 4720 3717 4759 rursum

2154 4810 2393 4866 ducentis
2434 4806 2719 4877 spiritalia,
2774 4810 2831 4858 et
2889 4801 2943 4855 in
2992 4797 3304 4854 carnalibus
3354 4792 3725 4865 alliigatis,'in

2151 4903 2292 4958 escis
2348 4900 2595 4953 videlicet
2635 4905 2800 4967 atque
2848 4894 3068 4948 vestitu.
3114 4891 3221 4946 Sed
3266 4900 3321 4944 et
3364 4890 3638 4958 spiritales
3669 4898 3723 4941 et

2153 4996 2401 5053 carnales
2445 4994 2595 5047 cibos
2627 4991 2831 5061 pariter
2862 4986 3106 5049 tribuite,
3137 4994 3192 5039 et
3222 4983 3420 5037 nullam
3465 4982 3604 5036 detis
3644 4982 3723 5035 eis

2148 5085 2490 5140 occasionem
2540 5078 2901 5148 negligentiae.
2936 5076 3043 5129 Aut
3094 5089 3213 5143 qua:
3242 5082 3326 5127 est
3362 5073 3460 5125 ista
3492 5071 3724 5141 justitia,

2150 5186 2209 5232 ut
2257 5178 2453 5230 fratres
2503 5175 2688 5228 labore
2717 5170 3044 5241 allligamus,
3073 5176 3126 5222 et
3158 5166 3257 5236 ipsi
3295 5166 3404 5219 otio
3435 5164 3726 5218 vacctuus?

2151 5279 2246 5325 aut
2291 5270 2373 5324 eis
2413 5268 2602 5335 jugum
2652 5265 3014 5333 imponamus,
3074 5260 3216 5329 quod
3280 5257 3377 5326 ipsi
3426 5255 3571 5309 ferre
3619 5270 3722 5309 nan

2151 5360 2486 5434 possumus?
2535 5357 2789 5428 Legimus
2846 5356 2899 5410 in
2941 5350 3281 5421 Evangelia:
3323 5347 3441 5415 Qua
3478 5361 3722 5401 mensura

2263 5537 2323 5592 ⁸1
2354 5538 2480 5593 Cor.
2508 5552 2557 5601 v,
2589 5536 2642 5592 5.
2769 5534 2788 5565 ⁸
2815 5532 2960 5587 Psal.
2997 5537 3179 5594 cxx‘vt,
3212 5528 3266 5582 5.
3325 5527 3386 5601 A'
3418 5522 3527 5601 iss.
3566 5536 3720 5601 Exn,

2441 5609 2481 5639 “
2516 5592 2646 5661 ibid.
2712 5603 2799 5661 50.
2884 5606 2927 5635 “
2950 5602 3097 5657 Psal.
3132 5592 3286 5658 x'vnt,
3320 5596 3376 5650 8.
3484 5594 3529 5624 "
3564 5592 3717 5646 liora.

2559 5669 2599 5709 ιτ
2630 5677 2673 5731 ιι
2710 5674 2850 5729 Tim.
2886 5688 2967 5743 ill,
3013 5672 3101 5727 to.
3175 5667 3383 5723 “Psal.
3424 5676 3632 5729 mw.
3663 5661 3716 5718 ὲ
