3858 6318
158 328 273 386 873

997 335 1055 392 S.
1095 334 1390 395 ORSIESII
1426 336 1773 396 DOCTRINA
1816 338 1904 394 DE
1940 333 2291 399 INSTITUT.
2337 339 2648 399 MONACH.

3324 346 3430 401 επ

160 446 331 499 διειιεὶ
361 444 597 512 fueritis,
627 448 923 503 remetietur
965 450 1188 504 vobis".
1229 450 1383 507 Unde
1417 460 1470 509 et
1507 453 1744 509 laborem
1778 460 1821 514 Α
1851 464 2032 517 tuum,
2074 471 2137 509 ne
2171 456 2362 509 habeas
2407 465 2676 525 peccatum
2727 470 2823 522 pro
2875 471 2935 509 eo
2966 455 3032 509 “.
3084 453 3164 510 Ne
3211 457 3431 512 eveniat

152 546 218 591 et
236 535 523 608 refrigeria
548 553 673 593 cum
700 538 830 609 ipsis
858 539 1155 597 habeamus
1180 545 1510 611 communia,
1540 561 1639 601 nec
1662 546 1746 600 di-

151 628 402 697 scipulos
426 642 616 684 servos
642 638 916 700 putemus,
951 640 1005 686 et
1036 632 1245 687 illorum
1268 634 1543 690 tribulatio
1559 637 1631 692 sit
1651 650 1737 691 no-

154 731 275 773 stra
299 718 518 781 laetitia,
539 733 610 773 ne
630 720 1171 791 sernnevangelicus
1190 735 1290 777 nos
1310 735 1434 776 cum
1453 720 1746 778 Pharisazis

144 808 426 878 corripiat
458 822 474 861 :
511 806 604 864 Vt:
657 809 799 863 vobis
833 809 963 877 legis
997 811 1203 878 peritis,
1232 812 1324 882 qui
1359 813 1539 883 ligatis
1579 830 1741 867 onera

147 898 543 966 iuportobilio,
586 911 634 955 et
663 900 931 969 imponitis
977 919 1038 955 ea
1094 919 1248 973 super
1279 903 1522 959 humeros
1573 906 1744 959 homi-

149 1006 307 1055 num,
332 1002 381 1044 et
411 991 514 1059 ipsi
543 1006 607 1045 ne
626 991 795 1060 digito
819 992 1026 1062 quidem
1050 994 1260 1049 audetis
1294 995 1549 1065 attingere
1564 996 1632 1049 ὀ.

228 1080 366 1136 Vill.
413 1080 553 1137 Sunt
586 1081 749 1153 aliqui
781 1083 1121 1141 attendentes
1189 1086 1534 1158 semetipsos,
1576 1098 1635 1142 ut
1662 1088 1746 1141 vi-

151 1183 350 1230 ventes
375 1173 534 1243 juxta
577 1176 892 1231 mandatum
928 1174 1025 1231 Dei
1064 1176 1168 1233 sibi
1205 1177 1522 1248 loquuntur,
1572 1189 1627 1236 et
1658 1180 1745 1235 di-

150 1274 333 1322 cunt:
380 1267 524 1335 Quid
563 1267 695 1324 mihi
730 1278 817 1324 est
850 1283 973 1324 cum
1010 1267 1176 1324 aliis?
1210 1270 1324 1339 Ego
1360 1285 1491 1326 vero
1529 1278 1587 1326 ut
1626 1286 1747 1326 ser-

147 1356 305 1411 viam
325 1365 465 1424 Deo,
488 1367 544 1413 et
565 1359 814 1415 mandata
838 1359 956 1427 ejus
978 1359 1229 1427 impleam
1255 1400 1270 1425 ,
1295 1376 1397 1417 non
1425 1363 1491 1416 ad
1514 1376 1601 1417 tne
1625 1376 1747 1432 per-

156 1452 300 1504 tinet
327 1450 459 1519 quid
488 1450 580 1505 alii
616 1449 839 1506 iaciant.
870 1450 981 1507 Hoc
1015 1452 1261 1507 Ezechiel
1283 1452 1703 1524 corripitdicens
1729 1471 1745 1508 :

153 1540 207 1594 Ο
230 1553 471 1609 pastores
502 1540 698 1608 Israel,
724 1542 958 1613 nunquid
981 1544 1282 1613 semetipsos
1324 1553 1543 1613 pascunt
1568 1552 1749 1614 pasto-

149 1648 239 1687 res
257 1633 285 1685 .’
316 1647 493 1686 nonne
514 1649 631 1687 oves
652 1644 871 1701 pascunt
886 1633 913 1688 .9
931 1632 1067 1689 Ecce
1085 1633 1166 1688 lac
1193 1635 1510 1703 comedistis,
1536 1644 1585 1690 et
1609 1634 1748 1690 lanis

148 1724 479 1791 operimini;
512 1725 651 1795 quod
679 1726 869 1795 pingue
899 1735 974 1780 est
1004 1725 1337 1793 immolastis,
1361 1736 1409 1783 et
1434 1727 1573 1798 quod
1595 1728 1748 1796 inﬁr-

148 1829 305 1867 mum
330 1830 437 1868 non
463 1814 842 1883 confortastis;
869 1816 1008 1884 quod
1028 1815 1253 1885 fractum
1274 1826 1349 1870 est
1373 1832 1477 1871 non
1498 1816 1742 1887 ligastis;

148 1909 297 1975 quod
324 1904 668 1975 errabatjnon
694 1905 1000 1971 reduxistis,
1025 1906 1164 1977 quod
1183 1904 1407 1975 perierat
1430 1921 1532 1961 non
1551 1907 1743 1977 quassi-

147 1998 274 2063 stis,
307 1998 450 2069 quod
474 1998 610 2065 forte
634 2006 748 2053 erat
774 1997 968 2069 fecistis
1000 1997 1176 2052 labore
1202 1997 1445 2066 deﬁcere,
1466 2008 1517 2053 et
1536 1998 1741 2068 disper-

149 2091 302 2145 sistis
325 2106 446 2145 oves
466 2106 630 2155 meas,
646 2105 706 2144 eo
721 2089 858 2160 quod
873 2105 973 2144 non
989 2089 1236 2143 haberent
1264 2090 1578 2159 pastores“.
1602 2089 1737 2146 Pro-

148 2194 342 2253 pterea
382 2182 499 2253 ipse
530 2183 789 2238 Dominus
813 2182 991 2239 veniet
1017 2196 1139 2238 cum
1168 2180 1473 2238 senioribus
1501 2191 1556 2238 et
1589 2183 1741 2253 priu-

145 2277 371 2345 cipibus
408 2275 558 2340 suis,
596 2285 652 2328 et
683 2273 1045 2344 complebitur
1091 2273 1221 2330 illud
1260 2273 1314 2328 in
1348 2274 1506 2330 nobis
1539 2268 1561 2327 ε’
1596 2271 1742 2329 Exa-

147 2380 325 2423 ctores
353 2368 509 2423 restri
537 2367 912 2438 depratdantur
943 2383 1051 2432 vos,
1074 2375 1124 2422 et
1146 2367 1237 2438 qui
1267 2376 1532 2433 repetunt,
1561 2383 1742 2422 errare

146 2476 245 2515 eos
278 2460 488 2528 faciunt
511 2460 578 2514 “.
628 2459 766 2527 Quin
806 2459 983 2529 magis
1017 2458 1205 2514 audire
1235 2458 1494 2515 debemus
1529 2478 1543 2515 :
1577 2459 1741 2515 Beata

150 2564 327 2617 terra,
349 2552 507 2621 cuius
533 2567 623 2606 rex
643 2551 784 2616 ﬁlius
807 2566 827 2605 :
850 2551 1059 2621 ingenui
1077 2563 1123 2605 et
1147 2550 1406 2621 principes
1435 2551 1512 2605 tui
1536 2552 1591 2604 in
1607 2561 1737 2605 tem-

148 2661 285 2711 pore
318 2644 596 2697 comedunt
625 2643 678 2695 in
696 2643 1024 2711 fortitudine,
1053 2653 1103 2695 et
1130 2658 1233 2695 non
1260 2641 1648 2711 confundentur
1669 2642 1735 2696 ".

225 2733 321 2788 1X.
369 2733 515 2799 Ideo,
548 2748 583 2788 ο
634 2734 817 2798 homo,
850 2747 1021 2802 usque
1053 2734 1119 2787 ad
1160 2747 1320 2787 unam
1356 2733 1592 2787 animum
1621 2746 1739 2802 quin

151 2825 253 2880 tibi
285 2826 496 2880 credita
527 2834 641 2888 est,
682 2839 902 2881 monere
942 2839 1046 2879 non
1093 2839 1273 2880 cesses
1301 2833 1358 2880 et
1394 2824 1590 2881 docere
1620 2838 1739 2895 qua:

148 2927 343 2973 Sancta
381 2925 529 2983 sunt,
562 2926 618 2971 et
651 2926 703 2973 te
742 2917 914 2988 ipsum
950 2917 1213 2971 bonorum
1242 2930 1466 2988 operum
1494 2917 1738 2984 praebere

147 3007 489 3079 exetnplum.
528 3019 584 3063 et
627 3023 821 3064 cavere
867 3022 1031 3077 quam
1082 3008 1348 3073 maxime,
1399 3022 1467 3062 ne
1509 3007 1735 3064 alterum

148 3116 306 3156 ames
359 3110 417 3155 et
460 3101 689 3156 alterum
735 3101 951 3167 oderis;
986 3099 1079 3156 sed
1131 3107 1188 3153 et
1233 3098 1445 3154 cunctis
1478 3098 1738 3155 exhibeas

1850 562 2062 600 rursum
2110 546 2240 599 illud
2289 548 2643 602 Salomonis:
2703 546 2807 613 Qui
2853 563 2958 601 non
3000 549 3240 616 prtrdicit
3291 549 3427 618 ﬁlio,

1848 645 1901 688 ut
1947 652 2003 689 se
2043 636 2305 690 custodiat
2357 655 2389 690 a
2431 637 2813 706 perditionibus
2839 676 2856 703 ,
2895 637 3143 693 velociter
3178 638 3432 695 dissolve-

1848 735 1937 782 tur
1959 726 2024 781 ”.

1916 816 1983 871 Χ.
2024 820 2225 876 Omnes
2256 818 2452 889 quibus
2482 819 2707 875 fratrum
2735 835 2859 874 cura
2886 821 3176 875 commissa
3202 828 3308 887 est,
3338 834 3431 889 pa-

1850 919 1972 963 rent
2003 926 2063 965 se
2094 911 2349 965 adwntui
2382 910 2682 965 Salvatoris
2704 922 2756 965 et
2788 911 3134 967 formiduloso
3170 911 3425 969 tribunali

1850 1000 1986 1069 ejus.
2022 999 2077 1054 Si
2099 1000 2243 1054 enim
2269 1015 2366 1069 pro
2399 1015 2458 1055 se
2493 1000 2609 1070 ipso
2636 1001 2859 1056 reddere
2886 1000 3174 1067 rationem,
3209 1003 3424 1071 plenum

1848 1100 1931 1145 est
1963 1091 2291 1147 discriminis
2343 1106 2407 1147 ac
2447 1092 2694 1157 timoris;
2747 1103 2802 1148 et
2856 1101 3059 1163 quanto
3107 1094 3281 1165 magis
3330 1109 3427 1164 pro

1849 1182 2072 1238 alterius
2099 1181 2255 1252 culpa
2287 1181 2473 1239 subire
2499 1183 2822 1248 cruciatum,
2850 1192 2905 1239 et
2937 1184 3176 1241 incidere
3214 1185 3267 1241 iu
3300 1202 3420 1239 ma-

1849 1288 1953 1329 nus
1990 1273 2084 1328 Dei
2127 1272 2397 1328 viventis?
2446 1271 2555 1328 Nec
2596 1287 2884 1342 possumus
2933 1274 3230 1330 obtendere
3270 1275 3425 1345 igno-

1851 1364 2104 1431 rantiam,
2131 1379 2255 1420 cum
2285 1364 2544 1434 scriptum
2574 1365 2646 1419 sit
2674 1381 2688 1417 :
2723 1362 2890 1420 Omne
2922 1365 3123 1435 factum
3153 1364 3292 1422 Deus
3319 1368 3423 1421 ad-

1849 1461 1997 1512 ducet
2021 1459 2075 1512 in
2097 1458 2338 1528 judicio,
2369 1458 2425 1512 in
2453 1456 2692 1511 omnibus
2718 1472 2835 1527 quae
2868 1457 3100 1527 neglecta
3139 1468 3285 1524 sunt,
3320 1460 3423 1514 sive

1850 1551 2076 1613 bonum,
2121 1548 2228 1603 sive
2262 1547 2459 1602 malum
2500 1547 2582 1615 ‘°;
2631 1556 2686 1602 et
2738 1549 2790 1601 in
2839 1546 3097 1616 Apostolo
3145 1548 3421 1618 legimus:

1852 1636 2043 1693 Omnes
2070 1654 2163 1693 nos
2184 1646 2383 1706 oportet
2423 1637 2756 1705 manifestari
2787 1647 2908 1693 ante
2943 1636 3176 1692 tribunal
3203 1637 3419 1703 Christi,

1850 1740 1905 1781 ut
1929 1730 2285 1799 unusquisque
2311 1726 2523 1794 recipiat
2554 1743 2651 1798 pro
2671 1743 2731 1781 eo
2757 1727 2897 1799 quod
2919 1738 3163 1797 operatus
3194 1737 3293 1793 est,
3317 1730 3424 1784 sive

1776 1816 1817 1871 Β
1846 1816 2059 1881 bonum,
2090 1819 2196 1872 sive
2218 1817 2416 1873 malum
2460 1816 2529 1871 ³¹.
2579 1816 2745 1872 Isaias
2788 1831 3003 1887 quoque
3043 1816 3184 1873 diem
3220 1818 3425 1874 consti-

1846 1918 2015 1965 tutam
2055 1910 2346 1979 signilicat,
2376 1910 2431 1964 in
2457 1924 2560 1978 qua
2588 1909 2928 1979 judicaturus
2958 1909 3029 1964 sit
3061 1908 3203 1965 Deus
3232 1911 3422 1966 orbem

1845 2009 2004 2056 terra:
2037 2000 2090 2055 in
2127 2000 2361 2071 justitia,
2394 2001 2615 2057 dicens:
2652 1998 2787 2054 Ecce
2820 2001 2932 2055 dies
2969 1998 3181 2055 Domini
3207 2002 3421 2057 insana-

1842 2091 1962 2146 bilis
1994 2092 2129 2147 uenit
2159 2093 2357 2162 furoris
2401 2102 2449 2145 et
2498 2093 2613 2158 ires,
2657 2102 2711 2146 ut
2756 2100 2917 2161 ponat
2946 2093 3120 2147 orbem
3165 2102 3323 2151 terrte
3364 2096 3422 2150 in

1841 2185 2044 2240 deserto
2064 2225 2077 2249 ,
2110 2196 2158 2240 et
2193 2186 2378 2256 perdat
2415 2182 2715 2256 peccatores
2754 2187 2819 2240 de
2847 2201 2908 2241 eo
2937 2185 3008 2242 ".
3045 2185 3260 2243 Scimus
3291 2188 3419 2258 quia

1841 2277 2023 2333 omnia
2072 2291 2193 2347 quae
2237 2278 2287 2332 in
2321 2276 2439 2348 lege
2478 2277 2677 2347 scripta
2729 2286 2856 2333 sunt
2882 2318 2897 2343 ,
2944 2285 2999 2333 et
3032 2260 3416 2348 prophetarum

1822 2370 1997 2424 nobis
2024 2369 2278 2425 vaticinia
2311 2369 2677 2440 praedixerunt
2706 2407 2720 2434 ,
2759 2383 2986 2427 sanctus
3014 2385 3230 2442 quoque
3260 2371 3420 2427 Pater

1843 2470 2028 2517 noster
2052 2461 2308 2527 erudivit,
2345 2475 2444 2516 uos
2472 2474 2596 2518 esse
2639 2462 2948 2520 retinendos
2993 2471 3048 2517 et
3114 2463 3419 2519 reddituros

1842 2549 2111 2605 rationem
2148 2550 2215 2606 de
2243 2550 2493 2621 singulis,
2524 2565 2693 2621 quare
2731 2566 2839 2608 non
2874 2540 3166 2611 fecerimus
3202 2569 3287 2621 ea,
3324 2568 3419 2611 aut

1841 2641 2198 2713 negligentius
2226 2643 2537 2699 fecerimus.
2574 2644 2836 2715 Loquitur
2863 2648 3007 2702 enim
3039 2648 3125 2704 cui
3157 2649 3414 2703 traditum

1839 2744 1924 2792 est
1952 2751 1979 2789 a
2008 2735 2169 2791 Patre
2196 2751 2357 2792 omne
2381 2736 2665 2807 judicium,
2691 2747 2747 2793 et
2772 2737 2984 2795 Veritas
3012 2740 3188 2795 erudit
3216 2739 3417 2795 verita-

1841 2836 1946 2882 tem
1976 2844 1988 2881 :
2035 2825 2157 2883 Non
2195 2829 2389 2896 putetis
2419 2828 2546 2898 quia
2588 2845 2683 2899 ego
2722 2846 2910 2886 accuso
2951 2848 3038 2887 vos
3064 2831 3134 2887 od
3166 2829 3414 2897 Patrem;

1839 2931 1915 2975 est
1951 2921 2042 2991 qui
2082 2935 2170 2975 vos
2215 2930 2423 2976 accuset
2462 2919 2692 2991 Moyses,
2731 2924 2787 2976 in
2831 2939 2932 2994 quo
2964 2939 3050 2978 eos
3082 2926 3323 2992 speratis.
3357 2923 3418 2979 S.

1839 3015 1977 3067 enim
2024 3014 2301 3068 crederetis
2351 3012 2525 3085 Moysi
2550 3055 2563 3079 ,
2608 3016 2885 3070 crederetis
2929 3024 2981 3069 et
3031 3016 3160 3072 mihi
3196 3032 3217 3071 :
3248 3018 3418 3072 deme

1841 3105 1978 3158 enim
2008 3104 2096 3158 ille
2121 3105 2330 3174 scripsit
2362 3104 2430 3159 ³³.

148 3193 558 3263 :equalitatem:
588 3207 655 3248 ne
686 3191 823 3247 forte
850 3208 1008 3262 quem
1037 3201 1091 3245 tu
1118 3190 1328 3261 diligis,
1361 3190 1503 3245 Deus
1524 3189 1730 3254 oderit;
1765 3166 1811 3227 (ἶ
1913 3193 2004 3248 XI.
2051 3195 2127 3250 Ex
2157 3166 2352 3267 quibus
2382 3198 2638 3253 omnibus
2667 3199 2948 3263 discimus,
2991 3201 3135 3270 quod
3170 3210 3417 3272 oporteat

150 3294 208 3338 et
235 3300 403 3355 quem
438 3293 492 3339 tu
531 3284 713 3340 oderis
759 3283 902 3340 Deus
949 3283 1154 3355 diligat.
1204 3281 1347 3336 Nulli
1386 3282 1594 3337 erranti
1642 3297 1739 3353 pro

149 3378 397 3432 amicitia
432 3378 765 3441 consentias,
792 3386 847 3432 et
884 3377 1112 3431 alterum
1152 3389 1389 3446 premas,
1424 3384 1478 3431 et
1508 3375 1737 3430 alterum

148 3470 446 3535 subleves,
486 3480 542 3525 et
574 3477 762 3541 pereat
807 3469 959 3525 labor
1004 3479 1147 3524 tuus.
1195 3467 1461 3523 Sedentes
1498 3468 1551 3521 in
1604 3467 1738 3524 locis

148 3560 543 3617 humilioribus
572 3562 625 3616 in
656 3560 854 3631 quibus
876 3557 1040 3614 Pater
1063 3567 1246 3615 noster
1268 3557 1506 3627 prtecipit
1526 3558 1738 3629 penitus

150 3667 261 3708 non
288 3651 613 3716 sedendum,
638 3658 864 3707 caveant
892 3650 1165 3721 praepositi
1192 3649 1499 3714 domorum,
1528 3663 1594 3705 ne
1624 3648 1738 3704 fore

154 3746 299 3799 sitan
332 3745 559 3815 quilibet
600 3759 739 3799 unus
770 3759 835 3799 ex
879 3742 1135 3798 fratribus
1168 3742 1456 3811 praaposito
1483 3741 1735 3812 iniuriam

154 3836 371 3902 fecerit,
401 3846 456 3891 et
487 3839 656 3891 iratus
676 3836 766 3891 ille
787 3834 1077 3901 discernat,
1102 3848 1166 3889 ac
1190 3834 1332 3889 dicat
1357 3850 1370 3887 :
1397 3833 1532 3902 Quid
1561 3848 1737 3889 causa:

154 3931 333 3985 habeo
357 3930 426 3983 ad
449 3929 722 3985 hominem
743 3926 1208 4007 contemptorem?
1226 3925 1412 3982 Faciat
1438 3926 1577 3996 quod
1600 3926 1735 3993 vult,

152 4022 219 4075 ad
255 4035 346 4075 me
373 4034 482 4074 non
513 4021 778 4089 pertinet;
803 4033 901 4074 nec
926 4032 1047 4074 eum
1073 4031 1287 4084 moneo,
1323 4032 1426 4073 nec
1459 4027 1733 4073 errantem

150 4115 405 4183 corrigo;
446 4112 561 4167 sive
592 4112 852 4177 salvetur,
887 4111 1004 4166 sive
1033 4116 1240 4180 pereat,
1270 4108 1336 4164 ad
1364 4123 1449 4166 me
1476 4124 1580 4164 non
1611 4123 1734 4179 per-

149 4207 309 4261 tinet.
342 4203 388 4260 0
423 4205 606 4266 homo.
635 4204 763 4272 quid
791 4203 906 4257 haec
929 4199 1211 4272 loqueris?
1243 4199 1478 4270 intelligo
1509 4213 1615 4271 quo
1648 4199 1724 4254 fu-

88 4277 93 4283 .
154 4312 278 4352 rore
320 4296 637 4366 supereris-;
677 4306 731 4349 et
761 4295 941 4351 odium
990 4292 1278 4363 occupavit
1309 4307 1406 4348 cor
1451 4301 1635 4357 tuum,
1674 4302 1735 4346 ut

151 4390 329 4458 magis
358 4397 451 4441 tuo
478 4387 610 4442 vitio
636 4400 796 4455 quam
825 4399 924 4441 suo
948 4394 1173 4453 peccato
1204 4382 1375 4438 frater
1398 4390 1615 4452 pereat;
1646 4382 1733 4437 cui

150 4479 322 4534 debes
355 4478 638 4547 ignoscere
676 4487 729 4531 et
776 4491 899 4530 eum
939 4475 1216 4546 suscipere
1254 4474 1641 4545 poenitentem,
1673 4483 1733 4527 ut

149 4572 331 4639 possis
372 4570 501 4623 illud
532 4567 903 4636 evangelicum
949 4567 1131 4622 dicere
1163 4583 1177 4619 :
1212 4566 1427 4621 Dimitte
1453 4564 1599 4619 nobis
1635 4566 1730 4619 de-

150 4666 257 4717 bito
293 4673 499 4726 nostra,
530 4662 663 4716 sicut
695 4670 746 4715 et
785 4676 877 4715 nos
912 4660 1223 4713 dimittimus
1266 4656 1587 4712 debitoribus
1633 4672 1731 4711 no-

145 4757 273 4810 stris
311 4758 383 4810 ".
428 4754 486 4808 Si
514 4768 644 4823 ergo
669 4751 752 4807 vis
795 4761 855 4806 ut
893 4752 1034 4807 Deus
1063 4759 1281 4820 peccata
1314 4758 1404 4804 tua
1430 4748 1523 4803 tibi
1553 4748 1735 4804 dimit-

149 4852 266 4911 tat;
306 4852 364 4900 et
392 4852 449 4897 tu
475 4842 690 4897 dimitte
721 4842 877 4897 fratri
907 4850 1000 4896 tuo
1025 4840 1286 4911 quidquid
1321 4838 1449 4895 illud
1473 4848 1559 4894 est
1588 4837 1733 4909 quod

150 4936 199 4991 in
248 4947 305 4991 te
340 4934 623 5007 peccavit,
662 4949 870 4989 memor
907 4932 1050 4989 illius
1084 4930 1381 5003 pracepti:
1439 4929 1522 4986 Ne
1558 4931 1731 4987 oderis

148 5034 374 5084 tratrem
402 5034 549 5078 tuum
578 5025 633 5078 in
668 5023 825 5079 corde
853 5033 944 5077 tuo
965 5024 1036 5089 ";
1063 5030 1121 5079 et
1152 5020 1457 5078 Salomonis
1502 5036 1731 5078 monen-

146 5125 255 5172 tts:
304 5115 520 5171 Suscita
550 5116 710 5170 civem
750 5125 899 5170 tuum
938 5131 1035 5184 pro
1076 5131 1177 5186 quo
1207 5114 1537 5185 spopondisti
1560 5114 1630 5182 ";
1674 5122 1731 5171 et

146 5218 348 5264 Iterum
378 5226 395 5263 :
438 5205 521 5262 Ne
547 5224 712 5262 cesses
747 5207 956 5263 erudire
984 5207 1257 5277 parvulum
1292 5208 1379 5268 :si
1409 5207 1548 5262 enim
1580 5208 1725 5277 virga

123 5297 467 5378 percusseris
504 5312 658 5364 eum,
704 5312 808 5351 non
850 5297 1107 5351 morietur
1139 5297 1206 5352 ³⁷.
1244 5296 1463 5368 Moysen
1512 5312 1728 5368 quoque

145 5386 394 5444 ausculta
424 5386 696 5442 dicentem
728 5403 743 5440 :
776 5387 1113 5457 Correptione
1148 5389 1397 5459 corripies
1427 5390 1725 5456 proximum

213 5550 259 5581 ε’
299 5546 491 5606 Matth.
522 5562 620 5611 vn,
659 5548 715 5603 ‘2.

149 5619 189 5648 "
220 5619 420 5674 Matth.
454 5636 529 5676 vt.
558 5620 645 5672 12.
749 5621 797 5652 "
838 5620 963 5674 Lev.
996 5638 1107 5687 xix,
1137 5622 1222 5674 l7.

152 5704 261 5752 ιιι,
300 5690 390 5744 18.
494 5689 539 5720 ³⁸
585 5690 765 5744 lict-le.
810 5706 915 5753 xu,
965 5694 1051 5745 14.
1163 5693 1205 5724 ³⁸
1255 5691 1294 5747 ll
1334 5692 1458 5747 Cor.
1490 5709 1539 5757 v,
1566 5694 1654 5752 10.

152 5756 236 5815 “l
276 5759 418 5816 Tim.
462 5775 537 5823 γι,
575 5759 664 5815 20.
743 5760 790 5793 ”
828 5761 998 5816 Exod.
1042 5776 1095 5826 v,
1143 5764 1190 5817 l.
1269 5764 1313 5795 ³⁷
1344 5761 1454 5820 lcr.
1490 5756 1548 5828 ιι,
1595 5766 1647 5819 8.

433 5852 707 5914 Ριτιιοι..
743 5852 862 5913 Gn.
899 5854 948 5913 Χ
964 5852 1030 5915 L.

841 5551 886 5583 "
927 5548 1117 5605 Matth.
1154 5565 1312 5616 χχιιι,
1351 5551 1407 5606 4.

1552 5552 1596 5584 ²¹
1638 5551 1835 5608 Ezech.
1862 5566 2050 5615 XXXIV,
2071 5550 2189 5605 (ἔρ-5.

1327 5623 1372 5653 ’⁸
1408 5621 1567 5676 Pr0v.
1601 5638 1675 5689 vt,
1716 5624 1769 5677 1.
1869 5623 1913 5653 ’⁷
1956 5621 2113 5675 Prov.
2154 5638 2182 5675 ι

1334 5692 1458 5747 Cor.
1490 5694 1654 5755 v,lO.
1755 5693 1914 5749 "lsa.
1959 5707 2075 5755 stu,
2129 5691 2182 5746 9.

1714 5764 1771 5836 ,³⁸
1799 5764 1904 5820 lsa.
1939 5777 2108 5830 sun,
2132 5764 2186 5818 6.
2265 5763 2307 5799 ⁸³
2339 5764 2357 5820 l
2390 5765 2496 5822 Cor
2518 5814 2519 5817 η
2543 5780 2655 5833 xtv,
2678 5766 2767 5821 38.

1841 3301 1940 3341 nos
1967 3297 2115 3342 stare
2142 3298 2267 3343 ante
2307 3288 2544 3343 tribunal
2575 3289 2802 3355 Christi,
2840 3300 2896 3346 et
2929 3292 2996 3347 de
3032 3293 3262 3364 singulis
3310 3310 3417 3349 non

1840 3376 2012 3432 solum
2051 3378 2341 3447 operibus,
2382 3379 2476 3434 sed
2518 3388 2573 3434 et
2602 3380 3024 3449 cogitationibus
3054 3380 3324 3451 judicari;
3361 3395 3417 3442 et

1840 3481 1960 3539 post
1989 3470 2247 3525 rationem
2283 3471 2404 3526 vita:
2436 3480 2651 3539 nostrae,
2680 3473 2842 3529 etiam
2866 3488 2965 3544 pro
2992 3474 3112 3531 aliis
3139 3477 3230 3547 qui
3259 3478 3416 3533 nobis

1839 3562 2030 3617 crediti
2068 3562 2213 3629 sint,
2251 3562 2560 3625 reddituros
2596 3578 2718 3620 esse
2744 3564 2993 3622 similiter
3024 3567 3314 3624 rationem.
3347 3567 3416 3624 Et

1842 3654 1948 3710 hoc
1979 3670 2087 3711 non
2120 3655 2293 3712 solum
2332 3656 2399 3712 de
2430 3658 2736 3727 praepositis
2767 3657 3053 3715 domorum
3084 3660 3410 3717 audiendum

1839 3756 1946 3813 est,
1973 3748 2066 3803 sed
2091 3755 2147 3803 et
2172 3747 2239 3804 de
2266 3748 2721 3807 monasteriorum
2751 3748 3099 3820 principibus,
3127 3759 3182 3808 et
3210 3750 3277 3807 de
3302 3751 3414 3807 sin-

1845 3835 1987 3906 gulis
2044 3836 2305 3893 fratribus
2353 3838 2444 3907 qui
2498 3846 2817 3908 reputantur
2863 3837 2917 3894 in
2966 3838 3174 3909 plebem
3218 3855 3235 3893 :
3287 3840 3413 3910 quia

1834 3942 2027 3983 otnnes
2064 3929 2295 3984 invicem
2322 3930 2518 3985 debent
2540 3945 2639 3986 sua
2678 3946 2843 3987 onera
2875 3943 3115 4002 portare,
3151 3942 3210 3991 ut
3234 3935 3410 3993 adim-

1838 4019 2017 4089 pleaut
2042 4020 2211 4091 legem
2236 4021 2441 4079 Christi
2477 4022 2544 4089 “,
2588 4032 2645 4079 et
2673 4025 2898 4079 audiant
2924 4025 3243 4095 Apostolum
3272 4030 3413 4083 scri-

1837 4111 2051 4165 bentem
2083 4111 2151 4165 ad
2200 4110 2546 4168 Timotheum
2586 4128 2601 4167 :
2664 4111 2708 4167 0
2762 4112 3067 4179 Timothee,
3119 4115 3413 4186 depositum

1835 4204 2061 4269 custodi,
2097 4203 2338 4258 devitans
2376 4203 2630 4274 profanas
2662 4220 2845 4259 eorum
2872 4207 3123 4264 novitates
3143 4245 3155 4267 .
3205 4217 3252 4261 et
3282 4223 3410 4276 pro-

1836 4295 2109 4365 fessionem
2138 4294 2261 4363 fulsi
2294 4294 2521 4350 nominis
2561 4295 2789 4351 scientiis
2821 4296 2889 4349 ³⁸.
2922 4295 2986 4350 Et
3030 4312 3126 4353 nos
3155 4296 3415 4355 bibemus

1835 4384 2141 4455 depositum
2174 4401 2203 4440 a
2246 4386 2355 4440 Deo
2389 4387 2679 4450 traditum,
2708 4388 3127 4443 conversatione
3158 4388 3411 4456 fratrum,

1762 4505 1806 4563 υ
1838 4492 1934 4545 pro
1972 4474 2171 4543 quibus
2215 4476 2531 4532 laborantes
2559 4487 2614 4531 et
2649 4488 3028 4549 exspectamus
3058 4478 3236 4535 futura
3275 4496 3413 4551 pra:-

1835 4567 1941 4621 mia
1970 4605 1987 4633 ,
2033 4582 2099 4623 ne
2140 4567 2367 4622 forsitan
2406 4568 2617 4624 dicatur
2661 4578 2717 4624 et
2767 4570 2963 4625 nobis:
2997 4569 3212 4627 Dimitte
3249 4588 3413 4643 popu-

1833 4657 1943 4711 lum
1966 4660 2123 4714 istum
2147 4700 2162 4725 ,
2194 4671 2252 4714 ut
2287 4659 2437 4715 abeat
2462 4661 2508 4694 ³⁸
2533 4677 2549 4728 ;
2574 4670 2628 4716 et
2665 4662 2988 4720 traditiones
3026 4664 3202 4720 Patris
3237 4667 3410 4721 nostri

1836 4753 2212 4809 deserentibus
2252 4753 2569 4823 ingeratur:
2610 4752 2713 4819 Qui
2747 4755 2936 4809 habent
2963 4755 3126 4827 legem
3166 4772 3272 4811 non
3316 4772 3411 4811 no-

1835 4853 2016 4899 verunt
2060 4860 2140 4899 me
2162 4883 2178 4910 ,
2207 4854 2446 4915 pastores
2484 4859 2696 4918 egerunt
2726 4846 2883 4917 impie
2925 4849 2980 4903 in
3029 4863 3109 4902 me
3151 4846 3220 4903 ³⁷.
3254 4846 3413 4905 Unde

1837 4936 1973 4993 alios
2013 4937 2239 5007 corripit
2270 4938 2502 4995 dicens:
2544 4938 2658 5011 Ego
2701 4939 2822 4994 dedi
2842 4939 3199 4994 Ita'reditatem
3239 4955 3410 4995 meum

1831 5029 1887 5083 in
1911 5045 2070 5083 manu
2096 5040 2208 5097 tua,
2245 5039 2301 5084 tu
2346 5042 2518 5086 autem
2552 5048 2655 5085 non
2689 5031 2880 5086 dedisti
2915 5030 3083 5085 ullam
3108 5031 3411 5086 misericor-

1833 5120 2008 5186 diam;
2051 5136 2198 5175 senes
2242 5123 2542 5191 aggravasti
2581 5121 2710 5192 jugo
2747 5121 2815 5177 ”.
2864 5120 3017 5189 Quod
3052 5130 3107 5176 et
3149 5135 3253 5179 nos
3299 5137 3409 5177 non

1832 5209 2005 5264 solum
2037 5209 2245 5277 audire,
2281 5226 2465 5265 verum
2490 5212 2653 5265 etiam
2683 5209 2986 5280 intelligere
3017 5226 3245 5267 necesse
3275 5222 3363 5268 est
3386 5230 3404 5266 :

1835 5300 1939 5366 Qui
1975 5301 2112 5354 enim
2157 5302 2387 5372 ignorat,
2426 5301 2759 5370 ignorabitur
2788 5302 2854 5358 ³’.
2912 5302 2980 5358 Ει
3028 5302 3083 5359 in
3141 5303 3249 5359 alio
3290 5304 3410 5359 loco

1832 5393 2095 5464 scriptum
2149 5403 2235 5449 est
2282 5410 2297 5448 :
2351 5394 2492 5462 Quia
2521 5404 2578 5449 tu
2630 5395 2903 5451 scientiam
2934 5412 3105 5455 meant
3146 5398 3410 5467 repulisti,

2302 5552 2346 5584 η
2387 5549 2489 5605 lsa.
2536 5568 2619 5618 tu,
2665 5553 2754 5607 12.
2901 5551 2948 5584 ³³
2990 5550 3166 5608 Eccle.
3211 5566 3267 5610 ι.
3318 5550 3408 5605 17.

2548 5624 2594 5662 ’⁸
2634 5623 2765 5678 Lev.
2807 5637 2920 5688 xu,
2965 5623 3052 5678 17.
3145 5622 3189 5653 ²⁹
3246 5620 3408 5675 Prov.

2556 5709 2610 5756 ν.
2646 5695 2738 5756 45,
2790 5693 2881 5751 46.
2992 5693 3039 5726 ³⁸
3068 5691 3191 5749 Gal.
3237 5706 3315 5757 vt,
3352 5688 3406 5744 5.

1869 5623 1913 5653 ”
1956 5621 2113 5675 Prov.
2154 5635 2310 5679 mu.
2361 5623 2445 5677 l5.
2548 5624 2594 5662 ’³
2634 5623 2765 5678 Lev.
2807 5637 2860 5677 st

1869 5708 1914 5749 a.
1959 5707 2075 5751 sm.
2129 5691 2182 5746 9.
2283 5692 2327 5723 ³³
2371 5693 2527 5748 loan.
2556 5709 2610 5751 v.
2646 5695 2738 5751 45.
2790 5693 2861 5751 46

2402 5709 2527 5748 οτιιι.
2556 5709 2610 5756 ν,
2646 5709 2738 5756 45.
2790 5709 2881 5751 4ο.

2972 5841 3076 5914 28.
