3858 6312
466 331 569 385 875

1562 326 1837 383 ιδῃ-[λεδ
1875 325 2175 382 ᾹἮῩΡΤΙΙ
2219 324 2490 383 SECULI
2530 323 2618 381 IV.

3614 321 3740 380 8τό

465 449 513 493 et
560 454 653 507 ego
706 437 951 508 repellam
984 446 1070 507 te,
1113 452 1174 490 ne
1218 437 1509 491 sacerdotio
1548 438 1787 507 fungaris
1819 436 1943 489 mitti
1978 436 2044 487 ⁸⁸.
2077 442 2123 498 Α
2152 437 2416 502 Iauimes,
2474 436 2735 491 sustinete
2783 436 3067 500 infirmos,
3114 441 3391 507 patienter
3442 435 3586 506 agite
3650 439 3734 493 ad

538 529 651 584 XII.
698 531 906 597 Itaque,
936 530 1131 583 fratres
1160 528 1460 583 charissimi
1483 569 1497 594 ,
1536 529 2031 597 qui‘cmnobiorum

464 619 632 675 vitam
660 629 715 677 et
744 630 1012 692 praecepta
1043 618 1344 683 sectamini,
1377 627 1514 672 state
1546 619 1597 673 in
1628 628 1847 687 arrepto
1875 617 2040 671 semel

465 714 773 781 proposito,
804 721 859 767 et
885 711 1100 781 implete
1124 725 1261 780 opus
1288 710 1401 774 Dei,
1435 719 1490 764 ut
1521 710 1681 764 Pater
1713 710 1803 779 qui
1831 711 2042 779 primus

466 803 704 858 instituit
741 802 1024 865 cinnobia,
1058 802 1295 872 gaudens
1347 814 1443 870 pro
1478 799 1632 855 nobis
1678 799 1931 868 loquatur
1975 799 2040 851 ad

468 892 755 949 Dominum
784 912 797 948 :
832 893 987 948 Sicut
1014 891 1204 945 tradidi
1227 892 1329 958 eis,
1361 893 1442 946 sic
1468 892 1675 946 vivunt.
1712 890 1865 957 Quod
1902 891 2039 944 idem

466 992 523 1037 et
552 983 843 1054 Apostolus
873 981 1052 1036 adhuc
1082 981 1133 1033 in
1170 993 1399 1048 corpore
1428 978 1755 1033 constitutus
1784 974 2042 1044 loqueba-

466 1081 558 1127 tur
587 1091 600 1128 :
634 1073 818 1127 Laudo
861 1082 1034 1125 autem
1068 1085 1176 1131 vos,
1205 1068 1342 1136 quod
1375 1067 1431 1121 in
1461 1066 1699 1120 omnibus
1729 1065 2041 1120 meministis

468 1169 604 1229 mei;
645 1175 691 1219 et
724 1166 856 1219 sicut
906 1161 1100 1216 tradidi
1137 1160 1312 1225 vobis,
1346 1158 1651 1213 traditiones
1682 1173 1823 1212 meas
1868 1168 2040 1212 custo-

467 1262 614 1316 distis
637 1261 703 1315 ".

539 1352 671 1407 XIII.
697 1351 759 1405 Et
779 1364 874 1406 vos
895 1361 1043 1418 ergo,
1069 1344 1515 1400 monasteriorum
1542 1341 1839 1413 principes,
1865 1350 2041 1398 estote

466 1445 716 1510 solliciti,
762 1451 815 1499 et
860 1441 1111 1496 adhibete
1160 1453 1374 1493 omnem
1415 1450 1601 1491 curam
1644 1448 1742 1506 pro
1782 1434 2041 1490 fratribus

466 1550 588 1591 cum
626 1535 819 1587 timore
842 1530 1119 1601 etjustitia
1149 1529 1280 1591 Dei;
1308 1541 1405 1581 nec
1443 1524 1740 1581 abutamini
1775 1533 2041 1595 potestate

469 1628 520 1679 in
561 1624 847 1695 supplicia,
884 1621 977 1677 sed
1004 1619 1305 1688 exemplum
1343 1619 1578 1686 prmbete
1616 1632 1713 1673 vos
1755 1618 1964 1673 cunctis
1987 1625 2040 1671 et

467 1717 687 1771 subdito
714 1715 899 1786 gregi,
936 1715 1080 1768 sicut
1105 1722 1159 1768 et
1207 1711 1469 1768 Dominus
1507 1718 1690 1765 noster
1714 1710 1768 1764 in
1790 1709 2040 1764 omnibus

2147 542 2355 591 omnes,
2387 537 2440 581 et
2467 528 2646 582 audite
2670 528 2984 597 Apostolum
3011 539 3318 585 monentem
3343 547 3359 584 :
3394 529 3463 583 Et
3488 547 3599 595 vos,
3623 548 3737 597 pll-

2148 625 2269 683 tres,
2288 617 2447 672 nolite
2461 618 2529 669 ad
2550 618 2685 671 iram
2703 618 2977 686 provocare
2995 619 3364 687 ﬁliosvestros,
3389 622 3481 675 sed
3496 626 3739 676 enutrile

2147 710 2267 764 illos
2283 711 2336 764 in
2362 710 2641 778 disciplina
2681 722 2727 765 et
2747 712 3099 766 admonitione
3122 711 3334 767 Domini
3347 715 3415 778 ";
3430 724 3486 768 et
3507 714 3731 777 scitote,

2147 801 2270 869 quia
2300 802 2383 855 cui
2410 803 2527 869 plus
2554 803 2736 855 datum
2762 812 2861 867 est,
2886 803 3005 871 plus
3044 814 3309 872 qureretur
3346 806 3411 856 ab
3432 821 3528 868 eo;
3561 816 3612 860 et
3635 807 3731 857 cui

2145 893 2262 963 plus
2286 893 2541 946 creditum
2574 902 2684 958 est,
2718 895 2942 963 amplius
2983 897 3220 965 exigetur
3257 896 3323 950 ⁸⁸.
3362 896 3475 950 Nec
3516 906 3731 949 tantum

2146 998 2210 1038 ea
2260 984 2615 1040 consideretis
2664 1000 2782 1054 qua:
2824 987 2977 1041 Vobis
3023 986 3272 1057 prosint,
3321 988 3416 1043 sed
3463 988 3555 1042 illa
3602 1005 3733 1058 qua

2148 1078 2443 1146 proximis;
2468 1085 2523 1131 et
2566 1077 2853 1146 impleatur
2878 1079 2931 1133 in
2976 1078 3127 1134 vobis
3165 1078 3443 1149 Scriptura
3485 1080 3674 1135 dicens
3707 1100 3726 1133 :

2149 1166 2289 1232 Quia
2335 1182 2423 1220 vos
2482 1166 2756 1235 sequimini
2801 1169 3156 1239 unusquisque
3197 1170 3481 1223 utilitatem
3532 1171 3729 1224 domus

2146 1274 2288 1323 sum;
2317 1259 2516 1312 idcirco
2548 1252 2826 1313 continebit
2872 1260 3057 1313 calum
3089 1277 3256 1315 rorem
3292 1278 3466 1326 suum,
3499 1273 3549 1316 et
3581 1273 3733 1315 terra

2147 1365 2250 1403 non
2285 1348 2428 1402 dabit
2464 1349 2668 1418 fructus
2698 1366 2842 1412 suos,
2877 1352 3124 1420 quoniam
3168 1353 3486 1422 ingravastis
3536 1365 3731 1408 contra

2146 1456 2227 1493 me
2263 1455 2526 1493 sermones
2571 1449 2767 1494 vestros
2795 1440 2863 1494 ⁸⁸.
2907 1441 3107 1496 Dicitur
3151 1452 3204 1497 et
3241 1443 3407 1498 alibi:
3450 1443 3589 1509 Quia
3620 1462 3729 1498 non

2146 1529 2344 1597 fecistis
2380 1530 2470 1582 uni
2495 1545 2559 1583 ea:
2587 1529 2815 1583 minimis
2840 1530 2989 1594 meis,
3022 1547 3113 1584 nec
3147 1533 3275 1585 milii
3306 1533 3507 1601 fecistis
3534 1537 3602 1587 ".

2218 1619 2356 1675 XVI.
2398 1614 2609 1691 Smpius
2650 1621 2847 1685 dicam,
2884 1628 2938 1676 et
2968 1622 3154 1677 eadem
3201 1636 3441 1693 repetam
3475 1643 3489 1680 :
3522 1627 3731 1682 Cavete

2150 1728 2215 1769 ne
2244 1712 2379 1768 alios
2408 1711 2666 1780 diligatis,
2696 1712 2831 1767 alios
2866 1712 3088 1767 oderitis
3113 1732 3126 1778 ;
3156 1729 3223 1768 ne
3258 1715 3403 1770 hunc
3439 1728 3728 1772 sustente-

466 1806 775 1876 exemplum
812 1820 870 1862 se
900 1805 1159 1875 praebuit,
1193 1805 1285 1874 qui
1329 1802 1502 1873 posuit
1534 1802 1687 1872 quasi
1722 1817 1851 1857 oves
1882 1801 2039 1856 lami-
2069 1800 2110 1855 Β
2142 1805 2210 1859 tis
2231 1844 2246 1869 ,
2278 1813 2333 1858 et
2361 1802 2507 1858 illum
2537 1802 2819 1873 negligatis
2842 1842 2857 1868 ,
2901 1810 2954 1857 et
2986 1818 3170 1859 cassus
3206 1806 3516 1861 inveniatur
3569 1810 3733 1864 labor

468 1904 568 1958 lias
592 1946 609 1968 ,
638 1912 697 1957 ut
734 1901 1095 1957 misereamini
1128 1899 1274 1969 gregi
1313 1900 1464 1979 vobis
1490 1898 1723 1963 credito,
1756 1905 1811 1951 et
1841 1896 2035 1951 memi-

468 1994 655 2049 neritis
686 1992 996 2065 apostolica:
1024 1991 1326 2056 sententiae,
1361 1989 1415 2044 in
1446 2004 1549 2058 qua
1582 1989 1697 2042 ait:
1743 1985 1895 2041 Nihil
1922 1987 2038 2041 sub-

466 2086 627 2149 traxi,
668 2093 723 2138 ut
754 2101 854 2139 non
890 2083 1260 2137 annuntiarem
1291 2080 1433 2135 vobis
1469 2095 1673 2133 omnem
1719 2077 2039 2133 voluntatem

468 2176 657 2243 Dei“;
688 2184 742 2231 et
786 2176 1023 2230 iterum:
1066 2172 1187 2227 Non
1234 2172 1427 2226 cessavi
1467 2170 1793 2239 deprecando
1846 2185 2040 2222 unum-

462 2274 713 2339 q'uemque
750 2276 1008 2333 vestrum,
1036 2275 1084 2320 et
1117 2264 1350 2320 docendo
1384 2280 1471 2318 vos
1501 2264 1705 2331 publice
1735 2262 1803 2316 ".
1854 2260 2043 2316 Videte

456 2371 663 2427 quanta
706 2360 911 2415 viscera
983 2368 1037 2414 et
1084 2367 1284 2428 quanta
1332 2355 1700 2410 misericordia
1745 2353 1945 2409 fuerint
1987 2354 2038 2407 in

459 2454 683 2506 lmminc
709 2452 825 2517 Dci,
852 2451 944 2520 qui
992 2466 1094 2504 nou
1128 2448 1304 2504 solum
1341 2448 1603 2504 sollicitus
1629 2455 1711 2501 est
1740 2459 1836 2513 pro
1866 2443 2043 2498 omni-

462 2545 564 2597 bus
594 2541 907 2608 ‘Ecclesiis,
962 2542 1056 2596 sed
1098 2542 1316 2610 languet
1354 2554 1476 2594 cum
1526 2536 1945 2608 languentibus,
1986 2544 2039 2588 et

463 2636 701 2689 omnium
736 2635 965 2691 sustinet
1004 2634 1295 2702 passiones.
1346 2633 1669 2695 Cavcamns,
1726 2645 1793 2685 ne
1824 2644 1921 2699 per
1949 2644 2043 2683 nn-

464 2739 633 2782 stram
661 2728 1039 2799 negligentiam
1072 2725 1268 2795 aliquis
1300 2723 1693 2780 scandalizatur
1720 2732 1775 2777 et
1802 2728 2041 2785 corruat,

465 2832 519 2875 et
560 2820 949 2877 obliviscamur
976 2819 1279 2873 verborum
1328 2817 1541 2872 Domini
1583 2816 1917 2879 Salvatoris,
1952 2814 2041 2884 qui

468 2914 521 2967 in
551 2910 841 2980 Evangelio
871 2909 1147 2979 lbquitur:
1178 2907 1362 2972 Pater,
1388 2923 1516 2977 quos
1543 2908 1735 2961 dedisti
1754 2906 1886 2959 mihi
1897 2946 1911 2970 ,
1941 2920 2043 2958 non

465 3004 670 3072 perdidi
702 3018 766 3057 ea:
797 3005 869 3056 eis
900 3016 1211 3071 quemquam
1243 3000 1307 3053 “.
1360 2999 1574 3054 Nullam
1630 2997 1864 3052 animam
1912 3012 2043 3051 con-

470 3105 793 3157 tenmamus,
822 3108 887 3148 ne
913 3092 1141 3162 quisque
1165 3106 1262 3161 per
1285 3101 1524 3145 nostram
1554 3090 1804 3145 duritiem
1832 3098 2038 3159 pereat.

468 3183 526 3239 Si
558 3185 700 3239 enim
734 3183 930 3253 aliquis
966 3189 1182 3251 propter
1214 3195 1313 3235 nos
1352 3180 1517 3234 fuerit
1547 3192 1791 3233 mortuus
1812 3217 1827 3244 ,
1862 3179 2039 3231 anima

466 3288 651 3333 n05tra
707 3291 805 3346 pro
856 3275 996 3329 illius
1031 3273 1209 3327 anima
1256 3272 1527 3328 tenebitur
1568 3272 1619 3325 in
1662 3280 1836 3326 reatu.
1885 3270 2041 3337 Quod

455 3368 682 3437 quidem
728 3375 781 3420 et
817 3364 979 3418 Pater
1017 3372 1201 3419 uoster
1230 3362 1596 3419 indesinenter
1636 3361 1787 3417 uobis
1834 3361 2043 3415 solebat

452 3461 761 3525 inculcare,
790 3468 842 3511 et
873 3455 1145 3522 monebat,
1175 3470 1243 3511 ne
1265 3454 1393 3510 illud
1423 3455 1695 3523 eloquium
1724 3452 2042 3521 impleretur

422 3602 423 3605 η
458 3555 520 3608 in
553 3552 749 3607 nobis:
797 3547 1005 3617 Singuli
1052 3547 1366 3617 Opprimunt
1412 3545 1717 3614 proximum
1746 3558 1926 3599 suum.
1976 3541 2042 3597 Et

467 3646 662 3699 iterum
697 3661 710 3698 :
744 3642 804 3698 Si
834 3641 1053 3695 invicem
1096 3636 1344 3692 mordetis
1382 3646 1429 3691 et
1460 3635 1746 3699 devoratis,
1789 3634 1952 3688 videte
1980 3648 2043 3688 ne

458 3737 535 3790 ad
580 3736 795 3789 invicem
822 3730 1213 3787 consumamini
1250 3728 1321 3781 ".
1358 3727 1435 3782 Ex
1481 3741 1587 3796 quo
1631 3734 1853 3796 apparet
1900 3724 2040 3791 quod

464 3826 557 3897 qui
589 3824 813 3879 alterius
842 3830 1023 3879 servat
1048 3821 1281 3874 animam
1301 3858 1317 3884 ,
1344 3826 1529 3874 custos
1553 3815 1747 3870 anima:
1771 3828 1882 3869 sua:
1906 3813 1996 3868 sit.

529 3913 675 3970 'XW.
732 3912 935 3968 Sed-et
968 3924 1073 3965 vvos
1116 3909 1208 3979 qui
1252 3907 1473 3965 secundi
1520 3907 1653 3962 estis
1682 3903 2039 3969 monasterii,

466 4005 673 4075 primos
707 4017 805 4057 vos
844 4000 1100 4057 exhibete
1122 3998 1436 4062 virtutibus,
1464 4012 1533 4051 ne
1556 3996 1678 4066 quis
1704 3996 1835 4049 vitio
1860 4002 2042 4050 vestro

470 4102 676 4165 pereat.
709 4093 787 4148 Ne
824 4091 1116 4148 incurratis
1157 4091 1209 4145 in
1249 4088 1377 4143 illud
1408 4086 1755 4157 opprobrium
1803 4085 1857 4140 in
1897 4084 2041 4154 quod

470 4186 701 4241 incurrit
727 4184 837 4248 ille,
861 4182 952 4253 qui
981 4181 1215 4237 comedit
1241 4190 1297 4235 et
1327 4180 1460 4235 bibit
1490 4194 1613 4234 cum
1644 4177 1828 4243 ebriis,
1854 4188 1909 4233 et
1934 4192 2039 4230 non

458 4277 617 4333 dedit
663 4278 715 4331 in
754 4285 993 4343 tempore
1019 4288 1117 4329 suo
1144 4272 1426 4328 conservis
1463 4270 1664 4325 cibaria
1714 4288 1727 4324 :
1777 4268 1843 4321 Et
1873 4269 2043 4322 veniet

465 4364 727 4420 Dominus
758 4364 813 4416 in
842 4362 926 4416 die
964 4378 1067 4432 qua
1094 4377 1195 4414 non
1221 4370 1419 4429 sperat,
1459 4368 1509 4414 et
1550 4360 1605 4413 in
1631 4358 1763 4412 hora
1795 4373 1897 4428 qua
1947 4372 2042 4411 ne-

468 4457 587 4518 scit,
623 4460 677 4507 ut
714 4453 912 4507 dividat
942 4467 1079 4517 eum,
1118 4459 1169 4506 et
1216 4462 1373 4519 ponat
1404 4461 1603 4521 portent
1643 4450 1758 4520 ejus
1795 4465 1912 4503 cum
1942 4450 2040 4519 hy-

467 4546 699 4613 pocrilis,
728 4544 817 4599 ubi
844 4545 997 4613 fletus
1030 4552 1078 4597 et
1108 4542 1305 4597 stridor
1334 4552 1410 4599 est
1434 4544 1668 4597 dentium
1696 4542 1764 4596 “.
1798 4540 1874 4596 Ne
1900 4555 2039 4611 quos

468 4635 837 4707 apprehendat
869 4648 900 4688 e
941 4632 1092 4688 vobis
1118 4632 1311 4687 similis
1336 4631 1713 4688 condemnatio
1734 4670 1749 4695 ,
1794 4629 1889 4685 sed
1917 4643 2038 4684 cum

468 4740 711 4798 tempora
777 4725 1025 4782 venerint
1071 4725 1382 4796 refrigerii,
1446 4737 1753 4779 mereamur
1798 4721 1987 4776 audire
2027 4737 2044 4775 :

468 4821 637 4892 Euge,
669 4835 810 4875 serve
835 4819 963 4881 bone
988 4828 1035 4873 et
1059 4818 1253 4886 fidelis,
1281 4818 1400 4884 quia
1422 4832 1579 4885 super
1606 4815 1865 4869 modicum
1888 4812 2043 4883 fuisti

466 4914 659 4983 ﬁdelis,
700 4928 861 4982 supra
891 4913 1058 4967 multa
1098 4922 1146 4967 te
1171 4912 1516 4973 constituam;
1544 4908 1680 4961 intra
1702 4908 1755 4960 in
1790 4906 2042 4977 gaudium

466 5006 681 5061 Domini
710 5007 785 5059 tui
812 5006 880 5059 ".

537 5096 652 5150 XV.
686 5097 794 5154 Vos
815 5111 1052 5168 quoque,
1081 5094 1352 5166 praepositi
1374 5093 1653 5149 domorum
1679 5090 2038 5159 singularum,

464 5189 642 5257 parati
667 5198 841 5244 estote
864 5189 929 5243 ad
956 5186 1388 5257 respondendum
1413 5184 1683 5247 omnibus,
1710 5184 1801 5253 qui
1834 5200 1863 5238 a
1895 5184 2046 5240 vobis

465 5280 692 5347 exigunt
719 5281 988 5336 rationem
1015 5294 1176 5349 super
1212 5294 1274 5333 ea
1308 5278 1409 5331 fide
1430 5292 1553 5346 quae
1584 5277 1634 5330 in
1667 5276 1820 5330 vobis
1869 5287 1954 5330 est
1974 5276 2040 5330 “.

468 5370 681 5426 Ilouete
717 5384 812 5427 eos
836 5372 929 5441 qui
975 5370 1269 5427 inordinati
1297 5378 1461 5433 sunt,
1490 5366 1846 5423 consulamini
1872 5365 2045 5435 pusil—

539 5606 584 5636 ‘°
633 5606 756 5659 Ose.
789 5619 861 5667 tv,
889 5604 942 5658 6.
1018 5603 1060 5634 “
1107 5604 1124 5655 1
1174 5602 1295 5659 Cor.
1329 5618 1405 5665 χι,
1440 5603 1495 5655 2.

467 5677 511 5708 δ’
556 5676 738 5729 Matth.
771 5691 915 5737 xxiv,
954 5672 1042 5733 50,
1074 5674 1163 5727 5|.
1264 5673 1307 5703 ⁸⁷
1352 5672 1535 5724 Matth.
1572 5688 1697 5730 xxv.
1728 5671 1821 5731 2|,
1855 5670 1944 5725 25.

469 5748 511 5781 ’⁸
546 5748 673 5817 “33'
711 5763 755 5811 ¹ν
780 5747 836 5823 19,
864 5745 950 5801 ¹0-
1028 5744 1073 5775 ⁸⁸
1118 5742 1301 5799 Matth.
1336 5759 1462 5809 xxv,
1494 5741 1581 5796 45.
1661 5742 1706 5774 ⁵³
1744 5741 1851 5792 luto
1920 5757 1969 5787 ιι,
2015 5741 2044 5778 Q

1606 5604 1651 5635 "
1698 5601 1821 5654 Act.
1871 5614 1965 5663 xx,
2004 5596 2095 5652 ‘20.

2057 5668 2102 5700 “
2145 5666 2344 5756 [ζειν.
2386 5666 2585 5756 tiu-lii:

2141 1903 2336 1957 vester,
2379 1902 2434 1947 et
2463 1894 2641 1948 omnis
2669 1893 2832 1947 sudor
2862 1903 3080 1962 pereat;
3116 1902 3169 1948 et
3222 1898 3442 1965 quando
3475 1899 3729 1955 exist-itis

2141 1989 2206 2044 de
2250 2002 2516 2057 corpore,
2566 1984 2724 2041 etde
2776 1986 2956 2040 mundi
3007 1984 3165 2055 hujus
3215 1988 3429 2043 turbine
3464 1990 3728 2063 liberati,

2143 2086 2353 2148 portum
2388 2091 2483 2133 vos
2528 2077 2844 2146 putaveritis
2873 2075 3069 2146 quietis
3116 2076 3348 2143 intrare;
3389 2088 3517 2135 tunc
3556 2082 3722 2138 inve-

2143 2170 2305 2226 niatis
2330 2170 2610 2239 iniustitia:
2638 2168 2938 2240 naufragia,
2962 2177 3018 2223 et
3047 2168 3099 2222 in
3133 2184 3237 2239 qua
3266 2184 3529 2229 mensura
3547 2176 3730 2231 mensi

2140 2263 2291 2327 estis,
2322 2262 2637 2318 remetiatur
2664 2261 2815 2316 vobis
2838 2260 2906 2316 ab
2932 2274 2996 2315 eo
3024 2262 3117 2331 qui
3151 2276 3411 2331 personas
3437 2266 3493 2319 in
3511 2265 3733 2335 judicio

2142 2369 2247 2410 non
2284 2355 2499 2426 accipit.
2535 2354 2592 2410 Si
2626 2356 2754 2426 quid
2788 2356 3017 2412 mortale
3047 2366 3141 2412 aut
3171 2356 3371 2425 aliquid
3420 2358 3728 2426 turpitudi-

2144 2449 2225 2503 nis
2253 2447 2323 2504 ob
2355 2447 2728 2519 negligentiam
2764 2450 3171 2519 praepositorum
3204 2452 3257 2504 in
3281 2451 3531 2505 domibus
3564 2467 3726 2506 com-

2145 2540 2367 2595 missum
2401 2541 2568 2596 fuerit
2593 2582 2607 2607 ,
2638 2550 2757 2610 post
2788 2541 2999 2597 illorum
3028 2543 3241 2612 propria
3269 2543 3554 2613 supplicia,
3579 2559 3731 2613 pra:-

2144 2632 2352 2702 positus
2381 2647 2595 2703 quoque
2629 2647 2753 2687 reus
2782 2633 3051 2689 tenebitur
3076 2634 3353 2689 criminis:
3387 2636 3532 2704 quod
3561 2638 3730 2692 nobis

2143 2737 2356 2792 semper
2392 2733 2593 2778 sanctae
2637 2726 2913 2782 memoriae
2960 2724 3121 2782 Pater
3175 2737 3357 2783 noster
3395 2728 3605 2785 solebat
3642 2731 3731 2784 in-

2145 2828 2354 2885 gerere.

2224 2905 2390 2962 XV‘II.
2440 2906 2802 2974 Quamobrem
2832 2924 2952 2964 cum
2988 2910 3133 2966 omni
3157 2911 3408 2966 cautione
3440 2921 3496 2966 et
3523 2912 3733 2967 sollici-

2147 3000 2327 3054 tudine
2355 3000 2549 3071 singuli
2585 3002 2930 3057 commissum
2992 3002 3096 3058 sibi
3148 3018 3361 3074 gregem
3389 3004 3728 3068 custodiant,

2146 3097 2200 3143 et
2243 3088 2521 3143 imitentur
2549 3100 2790 3160 pastores
2836 3091 2901 3145 de
2946 3090 3270 3160 Evangelia,
3320 3093 3383 3144 ad
3427 3106 3568 3159 quos
3617 3109 3729 3145 nou

2147 3178 2496 3243 dormientes,
2521 3180 2615 3235 sed
2639 3180 2923 3251 vigilantes
2946 3181 3093 3235 venit
3119 3180 3339 3250 angelus
3365 3180 3478 3245 Dei,
3509 3193 3564 3235 ct
3606 3180 3729 3235 Sat-

2147 3271 2349 3325 vatoris
2375 3272 2455 3326 eis
2483 3273 2820 3327 annuntiavit
2852 3273 3139 3327 adventum
3160 3272 3226 3325 ⁸³.
3257 3271 3356 3338 Qui
3390 3283 3444 3326 et
3480 3272 3593 3340 ipse
3647 3273 3722 3327 ιο-

2146 3363 2366 3431 quitur:
2405 3361 2595 3416 Pastor
2622 3364 2785 3418 bonus
2810 3365 3040 3417 animam
3071 3379 3221 3417 suam
3245 3364 3387 3432 ponit
3418 3380 3515 3429 pro
3540 3365 3727 3420 ovibus

2146 3456 2297 3507 suis:
2338 3455 2426 3524 qui
2464 3465 2636 3509 autem
2666 3455 3017 3510 mercenarius
3055 3463 3160 3518 est,
3188 3463 3236 3507 et
3274 3470 3376 3508 non
3409 3463 3484 3508 est
3519 3467 3724 3522 pastor.

2139 3547 2298 3615 cujus
2326 3562 2430 3600 non
2467 3556 2587 3600 sunt
2622 3562 2760 3609 oves,
2794 3546 2927 3600 videt
2966 3544 3144 3613 lupum
3186 3546 3505 3609 venientem,
3546 3556 3595 3599 et
3636 3546 3718 3599 di-

2147 3640 2307 3691 mittit
2336 3654 2538 3708 gregem
2564 3648 2610 3692 et
2642 3637 2798 3708 fugit,
2841 3646 2887 3691 et
2922 3636 3074 3704 lupus
3104 3636 3237 3705 rapit
3272 3652 3390 3691 eum
3433 3648 3589 3700 atque
3633 3641 3725 3691 de-

2152 3736 2343 3788 vastat,
2389 3726 2509 3794 quia
2539 3725 2889 3780 mercenarius
2914 3733 3025 3791 est,
3048 3733 3094 3778 et
3122 3741 3223 3780 non
3256 3726 3323 3778 ad
3353 3742 3471 3779 eum
3502 3728 3726 3793 pertinet

2149 3817 2212 3870 de
2251 3816 2429 3870 ovibus
2457 3815 2522 3869 “.
2554 3814 2629 3870 De
2658 3815 2811 3872 bonis
2834 3826 3014 3871 autem
3045 3816 3355 3887 pastoribus
3387 3816 3549 3871 Luca
3576 3818 3723 3872 scri-

2150 3907 2227 3961 bit
2264 3906 2529 3960 historia:
2585 3905 2750 3960 Erant
2789 3917 2962 3961 autem
2994 3916 3228 3976 pastores
3268 3909 3637 3968 observantes,
3677 3921 3725 3961 et

2150 4002 2491 4054 custodientes
2530 4000 2730 4069 vigilias
2782 4001 2949 4056 noctis
2987 4016 3142 4070 super
3188 4015 3393 4070 gregem
3436 4017 3613 4054 suum.
3648 3997 3720 4054 εἰς

2148 4091 2363 4161 angelus
2408 4091 2618 4145 Domini
2654 4092 2788 4146 venit
2827 4098 2894 4145 ad
2928 4108 3037 4157 eos,
3067 4102 3113 4146 et
3145 4092 3315 4162 gloria
3358 4091 3454 4145 Dei
3490 4094 3723 4146 circuat-

2150 4185 2294 4255 fulsit
2332 4202 2419 4239 eos
2439 4228 2453 4252 ,
2485 4196 2531 4240 et
2580 4186 2868 4240 timuerunt
2903 4187 3085 4239 timore
3114 4202 3323 4254 magno.
3362 4185 3618 4256 Dixitque
3648 4190 3724 4241 eis

2148 4276 2359 4346 angelus
2394 4292 2411 4329 :
2464 4272 2641 4330 Nolite
2672 4278 2870 4339 timere,
2916 4292 3028 4330 ecce
3064 4277 3204 4330 enim
3251 4277 3549 4346 evangelizo
3583 4279 3720 4332 vobis

2148 4365 2397 4434 gaudium
2428 4380 2704 4433 magnum,
2739 4366 2878 4433 quod
2906 4366 3003 4419 erit
3033 4365 3173 4419 omni
3210 4364 3397 4434 popqu
3430 4382 3447 4418 :
3479 4366 3619 4430 Quia
3646 4378 3721 4421 est

2149 4456 2304 4509 hodie
2328 4457 2464 4509 vobis
2500 4466 2654 4510 natus
2681 4456 2946 4522 Salvator,
2981 4457 3069 4527 qui
3091 4468 3163 4511 est
3196 4456 3434 4512 Christus
3466 4458 3720 4513 Dominus

2147 4548 2201 4599 in
2227 4546 2437 4599 civitate
2475 4545 2665 4601 David.
2716 4545 2781 4599 Et
2814 4548 2969 4614 huius
3016 4549 3088 4601 rei
3130 4549 3337 4617 signum
3383 4550 3482 4602 erit
3524 4550 3670 4603 vobis
3698 4567 3718 4603 :

2148 4634 2429 4691 Invenietis
2462 4636 2719 4706 infantem
2754 4639 2943 4708 pannis
2980 4639 3288 4702 involutum,
3323 4649 3370 4693 et
3396 4641 3629 4708 positum
3666 4642 3721 4693 in

2146 4729 2364 4797 prwsepi
2387 4728 2454 4783 ³⁸.
2492 4728 2628 4783 Num
2657 4730 2731 4784 illi
2761 4730 2861 4785 soli
2889 4745 2955 4785 eo
2983 4738 3223 4801 tempore
3240 4732 3541 4800 pascebant
3572 4747 3720 4797 oves,

2152 4826 2207 4871 et
2250 4831 2347 4886 per
2395 4818 2671 4873 desertum
2726 4822 3093 4891 sequebantur
3141 4822 3399 4891 gregem?
3446 4821 3557 4877 Sed
3595 4824 3725 4891 quia

2153 4906 2252 4963 soli
2279 4918 2437 4963 erant
2466 4909 2721 4978 solliciti,
2761 4920 2816 4966 et
2856 4912 3154 4967 naturalem
3188 4914 3429 4967 noctium
3472 4927 3719 4967 somnum

2154 4998 2521 5055 insidiantium
2594 5001 2839 5072 luporum
2908 5005 3073 5059 timor
3126 5004 3457 5074 superabat;
3521 5004 3721 5079 idcirco

2154 5090 2313 5160 primi
2348 5091 2535 5146 audire
2565 5102 2881 5148 meruerunt
2908 5094 3049 5161 quod
3078 5093 3130 5147 iu
3162 5093 3341 5148 vicino
3369 5095 3440 5148 sit
3470 5112 3485 5148 :
3518 5104 3576 5149 at
3601 5094 3724 5149 Ilie-

2155 5181 2419 5253 rosoiyma
2462 5184 2735 5239 dormiens
2761 5183 3060 5254 ignorabat.
3095 5183 3243 5239 Unde
3269 5192 3323 5238 et
3346 5183 3515 5238 David
3548 5186 3677 5239 dicit
3704 5206 3717 5238 :

2150 5272 2287 5326 Ecce
2315 5289 2417 5329 non
2462 5274 2719 5339 dormiet,
2754 5274 2843 5343 qui
2883 5275 3108 5328 custodit
3142 5273 3315 5329 Israel
3338 5274 3407 5329 “.
3448 5272 3634 5343 Itaque
3674 5287 3725 5330 et

2152 5380 2246 5420 vos
2269 5381 2391 5421 cum
2425 5376 2656 5423 tremore
2682 5376 2735 5424 et
2773 5367 2967 5421 timore
3012 5366 3264 5436 vigilate,
3310 5378 3603 5437 operantes
3636 5385 3722 5423 ve-

2204 5595 2251 5627 “
2287 5594 2415 5649 ibid.
2461 5595 2549 5649 5|.
2660 5594 2707 5625 “
2738 5592 2891 5649 Joan.
2929 5609 3059 5657 xvu,
3090 5592 3176 5647 ιε.
3258 5622 3261 5623 ν
3326 5590 3372 5623 ⁸⁸
3406 5590 3530 5648 Gal.
3556 5605 3610 5656 v,
3641 5590 3721 5645 I5.

2664 5665 2707 5697 ⁸⁹
2751 5665 2949 5731 Ephes.
2986 5681 3057 5725 vr,
3088 5664 3141 5716 4.
3233 5662 3279 5695 ¹⁰
3310 5661 3441 5731 Luc.
3489 5678 3596 5721 xu.
3633 5662 3717 5715 48.

2454 5736 2624 5789 lI-l3.
2703 5736 2747 5767 ⁸⁵
2777 5730 2906 5789 an.
2945 5751 2979 5789 ll
3042 5734 3186 5789 8-12.
3262 5734 3309 5765 “
3343 5730 3489 5785 Paul.
3515 5747 3636 5792 cu.
3670 5732 3722 5788 ι.
