3858 6312
467 321 572 379 879

1559 323 1839 383 PATRES
1876 323 2179 383 EGYPTII
2222 325 2493 383 SECULI
2536 327 2619 384 IV.

3629 333 3745 389 880

480 436 639 493 cibus
688 434 890 492 nostris
922 434 1206 489 mundanae
1251 436 1531 492 servitutis
1579 435 1908 507 abiecimus;
1955 454 2052 493 cur
2079 442 2124 498 Α
2151 440 2342 493 creavit
2394 440 2529 494 vos?
2582 438 2771 495 Nonne
2815 437 2977 494 Pater
3027 456 3162 496 unus
3198 440 3429 497 omnium
3460 450 3765 526 sestruust‘

382 520 398 579 fi
470 543 686 584 rursum
723 528 972 583 volumus
1018 527 1219 581 reverti
1258 529 1325 582 ad
1380 530 1640 585 vomitum
1692 539 1958 595 nostrum,
1992 540 2047 586 et

471 618 678 691 aliquid
703 616 906 674 habere
930 618 1075 673 unde
1107 618 1324 674 solliciti
1358 620 1545 686 simus,
1575 630 1630 676 et
1656 622 1796 691 quod
1823 623 2047 692 perdere

471 708 814 769 metuamus?
834 708 914 764 Ad
946 724 1082 781 quos
1110 726 1241 767 usus
1272 711 1603 781 superfluum
1633 713 1925 784 palliolum,
1954 722 2048 768 aut

471 803 643 872 epulae
675 801 957 867 lautiores,
1005 809 1100 857 aut
1152 802 1343 858 melior
1375 803 1567 868 lectus,
1614 818 1739 859 cum
1778 804 1958 859 omnia
1992 805 2046 860 in

472 908 761 953 commune
811 893 920 947 sint
956 905 1302 965 praeparata,
1360 902 1414 947 et
1461 894 1595 949 nihil
1648 908 1812 951 cruce
1834 892 2045 950 Christi

474 986 662 1041 durius
690 985 761 1042 sit
787 985 813 1038 ?
828 983 982 1055 juxta
1018 1000 1179 1055 quam
1212 986 1452 1041 viventes
1493 984 1683 1042 Patres
1714 987 2049 1052 nostri,aidi-

475 1074 776 1132 ﬁeaverunt
800 1090 900 1131 nos
932 1090 1095 1144 super
1145 1074 1551 1130 fundamentum
1574 1076 1947 1145 apostolorum
1993 1084 2049 1131 et

474 1166 880 1238 prophetarum,
935 1174 990 1221 et
1032 1165 1447 1234 Evangeliorum
1495 1165 1875 1236 disciplinam,
1925 1181 2047 1236 quia

476 1256 716 1328 angulari
743 1254 1051 1311 continetur
1079 1255 1252 1326 lapide
1281 1254 1509 1310 Domino
1552 1252 1677 1309 Sesu
1708 1254 1926 1311 Christo
1956 1255 1998 1288 ”
2030 1273 2042 1308 :

474 1361 633 1416 quem
672 1358 963 1417 sequentes
1002 1348 1067 1402 de
1088 1346 1364 1403 mortifera
1397 1347 1675 1403 altitudine
1706 1346 1777 1402 ad
1824 1349 2043 1403 vitalem

474 1440 849 1495 descendimus
896 1438 1276 1503 humilitatem,
1312 1439 1529 1495 divitias
1558 1446 1877 1511 paupertate
1925 1456 2047 1496 mu-

478 1538 679 1593 tantes,
721 1540 776 1583 et
798 1528 1017 1584 delicias
1036 1528 1265 1600 simplici
1307 1530 1449 1585 cibo.

545 1619 715 1674 XXII.
742 1617 939 1683 Nolite,
981 1610 1203 1675 obsecro
1224 1634 1336 1681 vos.
1364 1619 1606 1677 oblivisci
1642 1620 1808 1678 semel
1840 1622 2042 1692 arrepti

470 1712 758 1782 propositi.
779 1721 835 1767 et
858 1710 1176 1768 traditiones
1195 1712 1371 1769 Patris
1393 1713 1562 1769 nostri
1588 1714 1764 1770 scalas
1792 1723 2043 1786 putemus

2152 528 2327 594 Quare
2373 529 2724 597 dereliquistis
2772 531 3125 602 unusquisque
3180 532 3403 601 fratrem
3443 550 3632 598 suum,
3686 547 3746 588 sit

2149 620 2497 675 abominabile
2513 622 2744 689 facerent
2772 632 3136 675 testamentum
3172 631 3382 690 patrum
3406 625 3747 679 uestrorum!

2149 710 2438 765 Derelictus
2481 721 2557 766 est
2593 711 2761 778 Iuda,
2816 712 2908 766 sed
2965 712 3285 767 abominatio
3338 714 3483 782 facta
3536 725 3624 770 est
3685 717 3739 768 in

2147 800 2397 857 Israel“.
2422 802 2761 873 Quapropter
2783 808 2935 874 juxta
2961 805 3093 859 illud
3117 805 3259 875 quod
3281 806 3547 862 Dominus
3567 817 3737 875 atque

2148 891 2396 948 Salvator
2424 894 2678 961 praecepit
2707 893 2965 962 apostolis
3002 894 3192 950 dicens
3227 913 3240 950 :
3282 893 3610 949 Mandatum
3634 912 3730 949 no-

2147 1001 2263 1039 vum
2285 985 2353 1038 do
2375 985 2537 1049 vobis,
2568 995 2623 1038 ut
2650 985 3151 1056 diligatis.inuicem,
3192 987 3326 1041 sicut
3360 996 3410 1040 et
3436 1002 3533 1055 ego
3564 988 3732 1040 dilexi

2146 1093 2276 1141 eos;
2318 1087 2367 1132 et
2399 1078 2457 1132 in
2485 1077 2582 1132 hoc
2616 1077 2872 1144 sciemini,
2907 1078 3049 1147 quod
3075 1076 3324 1147 discipuli
3353 1078 3454 1132 mei
3477 1078 3611 1133 estis
3640 1077 3688 1109 ³⁸
3714 1095 3731 1141 ;

2148 1185 2246 1225 nos
2269 1169 2498 1226 invicem
2517 1184 2703 1224 amare
2726 1169 3003 1233 debemus,
3030 1175 3086 1225 et
3111 1169 3400 1225 ostendere
3421 1167 3572 1237 quod
3605 1181 3733 1221 vere

2146 1264 2316 1317 simus
2342 1260 2530 1316 famuli
2559 1258 2772 1315 Domini
2805 1259 2974 1317 nostri
3003 1258 3129 1315 Jesu
3154 1258 3382 1325 Christi,
3416 1266 3475 1314 et
3495 1257 3597 1312 filii
3623 1256 3729 1311 Pa-

2146 1351 2369 1416 chomii,
2396 1361 2450 1406 et
2477 1351 2719 1421 discipuli
2756 1351 3148 1407 coenobiorum.

2217 1440 2411 1497 XX-lV.
2443 1441 2500 1498 Si
2526 1442 2847 1512 praepositus
2877 1442 3070 1498 domus
3101 1441 3337 1511 aliquem
3384 1439 3727 1509 corripuerit

2146 1546 2211 1588 ex
2244 1530 2500 1587 fratribus
2516 1534 2607 1599 qui
2630 1531 2733 1601 sibi
2766 1530 2996 1600 subjecti
3021 1538 3172 1595 sunt,
3214 1529 3473 1584 erudiens
3498 1543 3633 1583 eum
3673 1528 3727 1582 in

2147 1622 2343 1678 timore
2380 1621 2495 1687 Dei,
2544 1630 2599 1676 et
2621 1621 2844 1691 cupiens
2868 1622 2936 1675 ab
2959 1634 3147 1677 errore
3174 1621 3480 1689 corrigere;
3504 1629 3563 1675 et
3586 1618 3729 1673 alius

2145 1713 2375 1769 voluerit
2399 1728 2496 1784 pro
2525 1727 2591 1769 eo
2613 1712 2783 1782 loqui,
2806 1721 2861 1768 et
2890 1727 3015 1769 eum
3055 1711 3365 1777 defendere,
3394 1712 3726 1767 subvertens

476 1803 541 1854 ad
580 1802 839 1858 cmlorum
868 1818 1045 1873 regna
1090 1807 1389 1861 tendentes.
1435 1803 1514 1859 Ne
1552 1804 1866 1861 desideretis
1920 1821 2040 1876 qua:
2071 1792 2114 1852 Β
2144 1819 2241 1861 cor
2268 1802 2448 1860 illius:
2491 1804 2585 1873 qui
2625 1804 2731 1860 hoc
2756 1802 2906 1866 facit,
2934 1811 3120 1872 peccat
3157 1802 3209 1857 in
3233 1817 3387 1857 suam
3416 1803 3666 1856 animam
3706 1817 3722 1864 ;

472 1906 603 1949 ante
653 1889 923 1951 calcastis.
976 1894 1181 1951 Sullicit
1220 1898 1374 1952 nobis
1408 1897 1609 1953 habere
1658 1898 1802 1967 quod
1837 1898 2040 1955 homini

464 1982 608 2037 satis
659 1990 763 2048 est,
816 1983 921 2041 duo
961 1985 1319 2051 ’levitonaria,
1370 1995 1423 2041 et
1470 1987 1633 2042 alium
1676 1988 1955 2055 attritum,
1989 1999 2041 2046 et

476 2072 744 2140 palliolum
794 2073 1016 2143 lineum,
1065 2077 1199 2133 duos
1246 2076 1508 2145 cucullos,
1561 2093 1753 2133 zonam
1806 2078 2038 2143 lineam,

466 2163 715 2234 gallicas,
751 2164 941 2236 pellem
966 2174 1021 2221 et
1052 2166 1278 2237 virgam.
1306 2166 1404 2222 Cui
1441 2168 1798 2223 ministerium
1826 2167 2040 2236 aliquod

462 2264 527 2308 et
565 2254 896 2324 dispensatio
931 2264 1015 2311 est
1061 2255 1265 2313 credita
1307 2256 1640 2321 monasterii,
1693 2267 1749 2312 et
1794 2256 1838 2312 si
1877 2271 1940 2312 ex
1975 2272 2041 2312 ea

464 2347 681 2402 :iucrum
731 2345 912 2412 faciat,
958 2345 1135 2403 scelus
1154 2356 1394 2418 putetur,
1418 2357 1475 2401 et
1503 2347 1843 2418 sacrilegium
1885 2349 2041 2419 quid-

457 2452 636 2507 quam
665 2451 729 2491 ex
762 2452 826 2493 ea
857 2438 1170 2508 contingere
1198 2446 1253 2492 et
1286 2438 1338 2492 in
1370 2438 1640 2507 propriam
1689 2446 1897 2496 vertere
1942 2454 2031 2495 re-

468 2527 672 2593 quiem,
704 2527 856 2596 quasi
887 2527 1191 2595 despiciens
1212 2540 1307 2582 eos
1327 2526 1418 2596 qui
1447 2542 1550 2582 non
1576 2528 1794 2593 habent,
1820 2540 1873 2584 et
1895 2530 2037 2585 felici

462 2628 789 2688 paupertate
822 2627 945 2674 sunt
977 2618 1191 2685 divites,
1215 2630 1274 2674 ut
1309 2633 1413 2673 non
1444 2621 1616 2675 solum
1648 2619 1764 2686 ipse
1798 2622 2035 2691 perierit,

473 2710 564 2765 sed
589 2720 644 2765 et
677 2721 901 2767 caeteros
922 2721 1178 2781 provocet
1206 2713 1271 2767 ad
1304 2713 1658 2782 pereundum.
1708 2712 1775 2768 Et
1801 2714 1878 2769 illi
1916 2718 2039 2786 qui-

476 2802 595 2855 dem
623 2802 713 2872 qui
737 2802 1159 2858 incurvaverunt
1179 2804 1440 2859 cervicem
1472 2818 1647 2868 suam,
1677 2812 1869 2863 etcum
1891 2810 2037 2863 (ηηηί

468 2892 779 2946 humilitate
812 2902 866 2947 et
900 2892 1192 2949 alliictione
1224 2893 1467 2964 lugentes
1511 2906 1673 2965 atque
1721 2896 2039 2969 plangentes

474 2983 527 3036 in
559 2983 963 3052 prasentiarum
997 2984 1312 3053 placuerunt
1334 2986 1460 3052 Deo,
1486 3002 1608 3041 cum
1636 2987 1701 3044 de
1720 2990 2038 3059 corpusculo

473 3075 579 3129 isto
627 3076 877 3141 exierint,
927 3075 1213 3141 ducentur,
1241 3086 1294 3130 et
1320 3080 1639 3133 accumbent
1668 3094 1790 3136 cum
1831 3081 2037 3137 sanctis

468 3166 712 3236 patribus
745 3166 1036 3232 Abraham,
1064 3166 1212 3225 Isaac
1232 3178 1286 3225 et
1308 3168 1495 3236 Iacob,
1521 3172 1799 3243 prophetis
1826 3182 1881 3230 et
1903 3189 2035 3245 apo-

470 3258 662 3324 stolis;
726 3269 781 3313 et
829 3261 1197 3316 consolatione
1248 3263 1408 3331 digna
1472 3263 1735 3334 fruentur,
1796 3266 1938 3323 sicut
1981 3276 2039 3323 et

465 3349 704 3407 Lazarus
738 3349 933 3407 fruitus
978 3364 1063 3408 est
1106 3353 1158 3407 in
1204 3353 1329 3410 siuu
1377 3356 1669 3413 Abraham.
1699 3355 1803 3426 Qui
1854 3369 2035 3414 autem

471 3445 719 3500 vixerunt
745 3445 796 3498 in
818 3443 1086 3509 t-mnobio,
1111 3445 1252 3501 etde
1277 3447 1548 3503 communi
1591 3448 1644 3504 in
1668 3462 1799 3506 suos
1834 3449 2038 3521 aliquid

465 3546 780 3593 averterunt
825 3553 973 3603 usus,
1012 3553 1088 3593 vae
1134 3540 1249 3595 eis!
1292 3555 1414 3595 cum
1454 3541 1522 3597 de
1553 3556 1781 3613 corpore
1803 3544 2038 3599 exierint

469 3630 680 3687 dicetur
701 3630 843 3687 illis:
876 3631 1184 3686 Mementote
1208 3633 1333 3702 quia
1368 3632 1635 3702 recepistis
1673 3634 1808 3688 bona
1839 3633 1893 3687 in
1922 3635 2029 3688 vita

466 3734 640 3778 uestra
669 3722 750 3791 ⁸¹;
810 3722 1068 3779 fratribus
1126 3724 1540 3792 laborantibus,
1592 3733 1648 3781 et
1696 3724 1917 3795 jejuniis
1984 3735 2038 3781 et

466 3814 797 3869 continentia
821 3824 874 3869 et
903 3815 1209 3871 incessabili
1241 3815 1425 3872 labore
1452 3816 1793 3873 sudantibus.
1830 3816 2036 3873 Idcirco

469 3902 647 3960 videte
672 3919 766 3959 eos
795 3905 848 3959 in
883 3906 1082 3975 gaudio
1109 3915 1273 3975 atque
1306 3905 1512 3972 laetitia,
1561 3907 1654 3978 qui
1702 3906 2039 3977 reliquerunt

464 4004 792 4064 praesentem
827 3995 1015 4064 vitam,
1053 4004 1112 4051 ut
1146 3995 1381 4052 futuram
1413 4007 1913 4067 consequerentur:
1941 4013 2035 4053 vos

470 4092 650 4139 autem
673 4084 725 4139 in
765 4086 1018 4156 squalore
1049 4101 1114 4143 ac
1138 4076 1421 4143 tormentis
1445 4096 1502 4143 et
1532 4088 1750 4143 miseria
1772 4088 2037 4144 constitu-

360 4174 368 4187 '
466 4184 575 4240 tos,
599 4176 722 4245 quia
756 4174 1000 4232 noluistis
1030 4178 1392 4249 evangelicum
1424 4179 1609 4235 audire
1634 4192 1958 4245 sermonem,
1983 4188 2040 4236 et

468 4266 621 4321 lsaia:
679 4267 1081 4338 contempsistis
1126 4268 1286 4324 verba
1311 4269 1539 4325 dicentis
1570 4287 1583 4323 :
1615 4268 1748 4324 Ecce
1792 4270 1882 4341 qui
1927 4286 2037 4324 ser—

471 4358 620 4412 aiunt
653 4357 1109 4426 mihi‘contedent;
1143 4376 1232 4414 ros
1258 4369 1431 4414 autem
1472 4361 1732 4417 esurietis.
1777 4359 1913 4415 Ecce
1944 4363 2036 4432 qui

467 4542 613 4596 eiun‘t
668 4542 799 4596 mihi
850 4543 1227 4607 exsultabant;
1261 4550 1308 4597 et
1348 4557 1436 4596 vos
1483 4541 1775 4597 clamabitis
1822 4552 2035 4613 propter

466 4632 703 4686 dolorem
755 4635 926 4687 cordis
966 4633 1156 4701 vestri,
1206 4643 1255 4687 et
1306 4632 1370 4687 ob
1412 4634 1775 4690 contritionem
1822 4636 2034 4704 spiritus

464 4723 735 4795 ejulabr'tis
757 4725 824 4779 ⁸³.
855 4725 1095 4780 Audistis
1131 4738 1319 4779 omnes
1346 4724 1702 4782 beatitudines
1726 4724 2038 4798 Scriptura-

466 4830 612 4879 rum,
637 4824 693 4871 et
723 4814 971 4871 noluistis
1004 4817 1275 4885 suscipere
1292 4815 1649 4885 disciplinam.

539 4906 732 4964 XXIII.
756 4907 903 4975 Ideo,
938 4908 1148 4973 fratres,
1184 4905 1419 4977 aequales
1442 4909 1680 4970 simus,a
1710 4908 1931 4964 minimo
1948 4924 2035 4967 us-

467 5012 573 5068 que
606 4996 673 5052 ad
700 4996 1020 5061 maximum,
1050 5004 1157 5049 tam
1194 4994 1344 5048 dives
1366 5009 1524 5063 quam
1557 5008 1779 5063 pauper,
1810 5009 2037 5051 concor-

468 5087 557 5140 dia
584 5094 640 5141 et
663 5084 966 5139 humilitate
994 5080 1240 5153 perfecti,
1270 5090 1329 5135 ut
1353 5081 1419 5134 de
1449 5080 1601 5134 vobis
1629 5094 1843 5151 quoque
1868 5083 2038 5151 possit

469 5176 574 5233 dici
605 5192 619 5229 :
657 5174 761 5241 Qui
786 5174 1030 5237 multant,
1066 5188 1169 5226 non
1207 5170 1531 5235 abundavit;
1564 5171 1653 5240 qui
1696 5186 1905 5240 parum,
1931 5188 2035 5227 non

468 5264 780 5334 indiguit“.
814 5262 893 5317 Ne
926 5261 1052 5330 quis
1083 5262 1196 5316 suis
1227 5260 1506 5330 provideat
1545 5258 1771 5324 deliciis,
1811 5275 2038 5317 cernens

468 5356 691 5410 fratrem
743 5354 796 5409 in
825 5360 1144 5423 paupertate
1190 5360 1246 5406 et
1278 5351 1522 5421 angustia
1569 5350 1942 5417 constitutum,
1983 5361 2041 5407 et

466 5444 681 5499 dicatur
733 5442 782 5497 ei
834 5441 964 5497 illud
1009 5437 1426 5509 propheticum:
1471 5437 1659 5492 Nonne
1709 5436 1848 5492 Deus
1900 5454 2036 5493 unus

532 5587 573 5619 "
610 5584 893 5655 Ephes.tt,
924 5582 1051 5655 20._
1084 5654 1087 5655 ν
1140 5545 1352 5655 "huc.
1378 5597 1489 5646 va,
1526 5580 1619 5655 25.

466 5658 516 5694 ⁸⁸
545 5652 699 5712 toan.
724 5669 844 5718 sui,
891 5654 982 5718 δι.
1020 5653 1110 5708 35.
1185 5653 1228 5685 ⁸⁷
1263 5653 1461 5708 Ilahae.
1492 5668 1551 5713 ιι.
1582 5652 1669 5708 I5.

469 5743 544 5796 tv,
578 5727 664 5784 η.
738 5714 1139 5788 "Prom-un,
1173 5722 1260 5780 ll.
1335 5721 1525 5795 ".Jud.
1558 5722 1648 5777 25.

1725 5582 1773 5615 ⁸³
1810 5580 1910 5638 lsa.
1949 5598 2075 5651 uv,
2109 5587 2196 5653 I3,
2225 5588 2313 5645 14.

1765 5653 1812 5686 ⁸⁸
1837 5654 1991 5710 Deut.
2023 5671 2039 5709 ι

2151 5652 2189 5726 t,
2222 5659 2310 5714 I8.
2386 5661 2433 5692 ”
2460 5661 2647 5716 Matth.
2677 5675 2829 5731 xvm,
2856 5652 2911 5719 6.
2990 5661 3036 5694 ⁹⁹
3063 5659 3222 5718 Rom.
3257 5674 3365 5724 xw.
3392 5658 3448 5714 4.
3524 5658 3563 5690 ⁸³
3592 5652 3681 5709 Ier

2144 1896 2270 1967 quia
2296 1894 2559 1951 subvertit
2610 1910 2732 1950 eum
2762 1895 2854 1965 qui
2888 1894 3086 1965 corrigi
3115 1902 3346 1964 poterat,
3377 1900 3434 1947 et
3487 1908 3724 1948 consur-

2142 1991 2356 2052 gentem
2389 1980 2577 2051 dejicit
2624 1981 2679 2036 in
2732 1992 2936 2037 terram
2965 2022 2980 2048 ,
3033 1992 3196 2051 atque
3234 1982 3301 2036 ad
3338 1980 3569 2036 meliora
3610 1991 3716 2036 ten-

2143 2077 2359 2130 dentem
2413 2072 2554 2129 mala
2608 2072 2957 2143 persuasione
3004 2073 3237 2141 decepit,
3289 2086 3483 2126 errans
3518 2071 3641 2141 ipse
3668 2079 3723 2126 et

2142 2168 2280 2224 alios
2310 2180 2495 2222 errare
2531 2164 2757 2221 faciens.
2778 2164 2915 2220 IIuic
2939 2163 3066 2219 illud
3097 2163 3372 2235 aptabitur
3403 2178 3719 2232 congruen-

2145 2268 2226 2313 ter
2257 2274 2272 2313 :
2324 2256 2414 2311 Vw
2456 2257 2545 2327 qui
2582 2266 2759 2326 potum
2816 2256 2907 2309 dat
2945 2255 3185 2326 proximo
3210 2271 3308 2311 suo
3333 2254 3719 2309 subversionetn

2140 2345 2429 2413 turbidam,
2463 2356 2511 2399 et
2558 2344 2822 2399 inebrians
2854 2346 3065 2411 eum";
3112 2342 3203 2398 Va:
3230 2344 3319 2414 qui
3354 2358 3533 2397 errare
3589 2342 3719 2411 facit

2142 2454 2336 2493 ciccum
2367 2439 2424 2491 in
2445 2438 2532 2491 via
2583 2436 2667 2501 ⁸⁸ς
2720 2435 2824 2501 Qui
2852 2434 3173 2489 scandalizat
3208 2434 3503 2503 quempiam
3548 2434 3613 2485 de
3640 2432 3719 2486 Itis

2142 2532 2231 2601 qui
2272 2530 2489 2583 credunt
2530 2528 2639 2583 Deo
2672 2546 2691 2584 :
2742 2530 2945 2597 expedit
2970 2529 3018 2582 ei
3064 2538 3119 2581 ut
3151 2528 3480 2597 appendatur
3498 2528 3545 2580 ei
3576 2526 3716 2579 mula

2142 2622 2375 2675 asinaria
2403 2636 2558 2690 super
2572 2621 2765 2676 collum
2797 2620 2931 2690 ejus,
2958 2633 3004 2675 et
3043 2620 3395 2689 precipitetur
3412 2619 3466 2671 in
3488 2632 3631 2671 mare
3649 2616 3713 2669 ⁸⁸.

2144 2712 2280 2780 Quia
2320 2713 2625 2777 subvertit,
2674 2721 2736 2767 ut
2798 2713 3055 2778 diximus,
3112 2711 3485 2767 sublevantem
3525 2724 3608 2771 se,
3661 2718 3717 2763 et

2143 2803 2483 2859 obedientem
2514 2803 2793 2860 transtulit
2832 2804 2899 2859 ad
2925 2803 3231 2872 superbiam
3256 2820 3271 2870 ;
3309 2811 3365 2858 et
3389 2817 3512 2857 eum
3536 2801 3633 2872 qui
3662 2802 3713 2855 in

2143 2894 2426 2952 dulcedine
2448 2894 2732 2949 charitatis
2769 2904 2985 2963 poterat
3022 2892 3323 2957 ambulare,
3364 2891 3639 2947 convertit
3660 2889 3712 2944 in

2140 2985 2591 3051 amaritudinem;
2635 2993 2690 3039 et
2746 2984 3042 3051 subjectum
3114 2984 3320 3053 legibus
3394 2981 3711 3037 monasterii

2157 3078 2314 3132 malis
2341 3077 2585 3133 consiliis
2614 3077 2948 3146 depravavit,
3000 3076 3231 3146 fecitque
3274 3076 3456 3131 odisse
3503 3089 3629 3130 eum
3659 3085 3713 3129 et

2141 3169 2454 3225 contristari
2480 3178 2666 3225 contra
2719 3168 2864 3223 illum
2917 3170 3010 3239 qui
3044 3185 3166 3224 eum
3223 3167 3449 3224 docebat
3499 3166 3709 3221 Domini

2140 3259 2507 3329 disciplinam,
2531 3259 2655 3316 lites
2684 3274 2871 3314 serens
2900 3260 3044 3313 inter
3074 3258 3272 3313 fratres
3299 3266 3460 3328 atque
3494 3255 3708 3310 discor-

2139 3354 2277 3418 dias,
2313 3363 2368 3409 et
2434 3368 2545 3410 non
2598 3351 2793 3408 timens
2824 3350 2951 3405 illud
2983 3350 3121 3420 quod
3164 3350 3424 3417 scriptum
3474 3356 3599 3401 est:
3632 3344 3711 3400 Tu

2139 3443 2255 3514 quis
2283 3458 2357 3509 es,
2412 3442 2505 3513 qui
2556 3442 2759 3505 iudicas
2791 3442 3019 3495 alienum
3047 3456 3247 3493 servum
3270 3439 3295 3491 2’
3334 3435 3445 3492 Suo
3498 3436 3708 3491 domino

2137 3546 2263 3601 stat,
2296 3543 2386 3589 aut
2408 3532 2570 3589 cadit.
2604 3530 2771 3587 Stabit
2803 3543 3007 3595 autem;
3030 3539 3209 3598 potens
3262 3537 3336 3582 est
3362 3528 3500 3581 enim
3527 3524 3711 3579 Domi-

2140 3644 2236 3682 nus
2268 3641 2474 3679 rursum
2492 3632 2723 3677 statuere
2744 3622 2977 3676 illum”.
3000 3620 3299 3675 Considera
3325 3619 3455 3689 quid
3484 3618 3701 3671 dixerit:

2140 3714 2334 3769 Potens
2370 3724 2444 3769 est
2487 3726 2660 3767 autem
2695 3712 2951 3765 Dominus
2984 3721 3213 3764 statuere
3242 3708 3414 3762 illum.
3456 3706 3573 3763 Non
3619 3706 3707 3761 ille

2139 3815 2331 3874 potens
2369 3815 2470 3870 est,
2489 3804 2581 3873 qui
2612 3804 2774 3857 verba
2807 3802 3014 3857 Domini
3040 3802 3300 3872 praeterit.

2214 3894 2381 3951 XXV.
2419 3894 2589 3963 Unde,
2618 3894 2835 3961 fratres,
2870 3908 3193 3965 magnopere
3221 3894 3518 3948 devitemus
3538 3889 3704 3961 alicu-

2131 3988 2221 4058 jus
2258 3998 2493 4043 mentem
2535 3988 2844 4043 subvertere
2874 3996 3061 4041 contra
3106 3986 3382 4041 doctorem
3441 3992 3498 4039 et
3535 3983 3704 4038 moni-

2140 4093 2309 4137 torem
2343 4094 2536 4143 suum;
2571 4088 2627 4134 ct
2666 4078 3072 4134 meminerimus
3113 4076 3405 4145 Scripturae
3437 4074 3697 4130 dicentis:

2139 4171 2325 4227 Libera
2358 4186 2449 4226 cor
2491 4180 2641 4224 tuum
2678 4186 2711 4224 a
2749 4170 2977 4236 malitia,
3010 4176 3066 4221 ut
3099 4168 3314 4221 salveris
3337 4166 3406 4219 ".
3465 4164 3573 4221 Nec
3606 4180 3703 4235 pro

2137 4262 2444 4318 obedientia
2479 4261 2787 4331 superbiam
2836 4268 2891 4315 et
2936 4260 3331 4315 contumaciam
3365 4255 3420 4311 in
3453 4258 3705 4311 cordibus

2138 4353 2341 4408 nostris
2370 4353 2600 4408 invicem
2634 4352 2982 4407 seminemus.
3011 4349 3114 4416 Qui
3154 4350 3297 4403 enim
3330 4349 3483 4402 timet
3522 4344 3702 4400 Domi-

365 4502 386 4520 ,
464 4450 696 4504 serviunt
727 4452 857 4504 mihi
881 4451 1074 4517 bibent,
1102 4468 1190 4507 vos
1224 4461 1397 4506 autem
1422 4452 1629 4506 sitietis.
1652 4449 1788 4508 Ecce
1811 4453 1903 4521 qui
1923 4468 2035 4507 ser-
2063 4468 2109 4524 Ῑ)
2139 4460 2265 4499 num
2305 4457 2485 4511 suum.
2515 4443 2561 4499 Si
2601 4440 2801 4499 Videril
2830 4441 3052 4498 Ῐΐειιῐθιιι
3087 4454 3242 4496 suum
3277 4452 3463 4493 effare
3492 4446 3547 4492 el
3575 4436 3701 4498 labi.

2135 4539 2306 4610 magis
2327 4538 2487 4594 debet
2523 4546 2829 4593 monstrare
2852 4550 2972 4606 qua:
2997 4545 3184 4590 sancta
3220 4538 3366 4597 sunt,
3405 4539 3461 4586 et
3494 4540 3698 4585 rectum

2135 4628 2241 4684 iter
2275 4629 2584 4695 ostendere,
2625 4636 2684 4682 ut
2721 4642 2843 4684 cum
2886 4628 3031 4682 omni
3079 4627 3327 4681 castitate
3373 4634 3429 4679 et
3470 4634 3697 4679 tremore

2135 4720 2233 4775 Dei
2279 4720 2570 4785 incedens,
2609 4719 2754 4775 illam
2800 4717 3107 4775 Salomonis
3134 4727 3457 4788 exsequatur
3484 4725 3698 4771 senten-

2137 4813 2268 4867 tiam
2301 4827 2314 4863 :
2346 4810 2537 4866 Libera
2587 4827 2673 4866 eos
2709 4811 2799 4881 qui
2834 4810 3097 4864 ducuntur
3131 4810 3200 4862 ad
3234 4818 3473 4873 mortem,
3497 4817 3547 4861 et
3570 4807 3701 4860 redi-

2140 4919 2279 4958 mere
2302 4905 2364 4957 de
2392 4903 2746 4973 interfectione
2792 4919 2894 4957 non
2924 4917 3085 4956 cesses
3106 4900 3176 4957 ".
3216 4899 3326 4956 Nec
3370 4898 3522 4955 dicas
3551 4914 3564 4949 :
3601 4896 3699 4954 Ne-

2140 4996 2256 5052 scio
2289 4995 2452 5050 hunc.
2498 4993 2648 5051 Scito
2680 4995 2935 5064 quoniam
2978 4996 3117 5048 Deus
3151 4992 3317 5047 corda
3349 4991 3583 5046 omnium
3616 5003 3699 5041 no-

2142 5088 2239 5142 vit.
2268 5087 2337 5143 Et
2364 5084 2529 5143 Judas
2557 5087 2609 5142 in
2636 5084 2872 5157 Epistula
2898 5084 3137 5155 loquitur
3175 5100 3269 5139 sua
3303 5101 3317 5137 :
3354 5082 3424 5135 Et
3456 5081 3547 5133 hos
3583 5080 3695 5147 qui-

2136 5181 2253 5233 dem
2300 5179 2365 5233 de
2402 5180 2517 5250 igne
2544 5180 2823 5247 rapientes,
2862 5187 2909 5234 et
2933 5178 3054 5232 odio
3094 5178 3339 5231 [tabentes
3360 5176 3695 5227 commacula-

2136 5274 2245 5319 tam
2287 5267 2517 5319 tunicam
2545 5264 2609 5319 ”.
2640 5264 2941 5322 Caveamus
2990 5262 3361 5336 hujuscemodi
3415 5258 3691 5314 vestimen-

2137 5365 2272 5421 tum,
2308 5368 2364 5412 et
2394 5358 2683 5412 induantur
2721 5360 2898 5429 potius
2939 5368 3267 5412 armaturam
3304 5355 3427 5418 Dei,
3455 5361 3510 5406 ut
3538 5353 3689 5422 possi~

2135 5464 2254 5503 mus
2284 5450 2523 5507 resistere
2569 5462 2750 5507 contra
2786 5451 3010 5506 insidias
3053 5450 3270 5504 diaboli.
3300 5447 3425 5503 Non
3451 5456 3530 5501 est
3567 5447 3695 5501 enim

2462 5590 2507 5623 ”
2528 5589 2568 5644 Il
2598 5588 2728 5644 Cor.
2752 5606 2870 5656 vut,
2906 5590 2992 5647 l5.
3101 5589 3148 5622 ⁸⁸
3174 5588 3402 5644 Malach.
3434 5602 3497 5651 ιι,
3528 5583 3673 5656 I0,“
