3858 6344
989 301 1048 358 S.
1090 301 1378 360 ORSIESII
1415 304 1762 364 DOCTRINA
1800 305 1889 362 DE
1925 307 2274 367 INSTI'I’UT.
2314 309 2619 368 MONACH.

3300 315 3410 374 882

160 419 309 473 nobis
337 433 520 489 pugna
535 427 718 473 contra
747 435 956 473 carnem
985 431 1036 474 et
1059 423 1389 491 sanguinem,
1427 428 1518 479 sed
1549 424 1736 479 adeer-
1767 428 1814 484 Α
1844 440 1962 481 nem
1994 413 2382 501 evangelicum,
2411 442 2632 482 avarum
2657 427 3035 497 corripienlem
3055 451 3066 485 :
3089 429 3275 497 Stulte,
3308 432 3406 487 hac

159 525 244 562 sus
270 516 558 576 potestates
594 517 641 562 et
665 507 1012 578 principatus,
1044 510 1292 563 adversus
1327 520 1548 564 rectores
1597 520 1741 565 tene-

160 601 378 653 brarum
410 598 632 668 harum,
672 599 919 656 adversus
961 601 1228 670 spiritalia
1269 602 1513 672 nequitia!
1548 602 1606 656 in
1647 618 1742 658 ca:-

159 693 375 749 lestibus
398 692 468 748 “.

232 784 436 840 XXVI.
472 785 586 841 Hoc
611 799 827 858 quoque
857 787 1092 841 maxime
1119 787 1507 857 providendum
1540 798 1645 852 est,
1675 804 1744 845 ne

162 878 286 947 quis
333 877 392 930 in
430 875 657 930 alteram
695 875 912 930 domum
956 885 1013 931 et
1050 877 1274 933 alterius
1305 878 1553 933 cellulam
1598 894 1745 934 com-

164 972 389 1023 mendet
421 965 648 1036 aliquid,
675 973 732 1022 et
758 976 948 1023 contra
977 968 1290 1024 monasterii
1319 969 1480 1024 faciat
1504 969 1745 1041 discipli-

166 1077 314 1116 nam.
344 1060 452 1127 Qui
501 1061 621 1116 talis
661 1067 763 1127 est,
799 1075 905 1116 non
937 1071 1018 1116 est
1048 1061 1102 1116 in
1132 1077 1356 1118 numero
1377 1061 1624 1128 fratrum,
1651 1064 1747 1119 sed

166 1153 546 1208 mercenarius
581 1161 636 1209 et
669 1153 910 1222 advena;
954 1167 1055 1209 nec
1097 1151 1301 1210 Pascha
1343 1153 1556 1210 Domini
1607 1156 1746 1212 inter

165 1254 394 1300 sanctos
418 1245 577 1300 debet
609 1245 913 1308 comedere,
943 1244 1066 1314 quia
1107 1243 1281 1300 factus
1308 1255 1392 1300 est
1413 1245 1552 1314 lapis
1584 1261 1744 1300 scan-

165 1338 276 1391 dali
333 1339 389 1391 in
432 1335 783 1399 monasterio,
813 1347 869 1390 et
907 1336 975 1390 de
1005 1350 1070 1391 eo
1110 1347 1292 1406 posset
1334 1336 1483 1392 dici:
1523 1336 1747 1405 Lapides

166 1433 234 1485 de
276 1429 363 1483 via
401 1445 518 1483 mea
557 1429 798 1497 projicite
819 1429 887 1484 ".
937 1427 993 1484 Si
1032 1429 1176 1483 enim
1206 1428 1524 1484 levitonaria
1565 1439 1748 1484 nostra

168 1522 396 1591 quando
428 1521 693 1582 lavamus.
722 1521 865 1575 sicca
899 1533 1005 1575 non
1027 1520 1247 1586 fuerint,
1280 1534 1447 1589 usque
1470 1521 1537 1575 ad
1561 1535 1750 1590 vespe-

174 1628 293 1665 ram
348 1627 458 1665 non
516 1611 776 1664 habemus
820 1615 1138 1680 potestatem
1196 1608 1336 1680 apud
1385 1624 1486 1664 nos
1525 1616 1749 1676 tenere‘,

171 1703 481 1771 damusque
514 1702 803 1770 praeposito
854 1700 941 1755 cui
990 1699 1179 1756 crediti
1219 1716 1428 1766 sumus,
1461 1703 1542 1755 vel
1577 1703 1625 1756 ei
1659 1701 1746 1758 cui

170 1793 446 1846 creditum
494 1803 578 1847 est
623 1791 918 1852 cellarium.
971 1799 1030 1845 ut
1070 1790 1281 1845 deferat
1313 1792 1380 1846 ad
1415 1805 1538 1847 eum
1575 1791 1750 1848 locum

173 1885 265 1938 ubi
294 1885 620 1938 vestimenta
641 1883 842 1950 pariter
861 1883 1102 1938 omnium
1129 1891 1566 1949 reservantur,et
1594 1898 1753 1941 mane

173 1975 334 2031 nobis
362 1975 565 2029 dantur
593 1985 652 2030 ut
681 1975 1053 2044 expendamus
1083 1974 1173 2029 illa
1213 1974 1278 2028 ad
1307 1974 1475 2030 solem
1495 2013 1511 2040 ,
1546 1984 1599 2030 et
1629 1989 1750 2031 cum

173 2063 323 2116 sicca
356 2059 565 2115 fuerint
591 2075 698 2115 non
727 2062 865 2129 apud
898 2077 998 2117 nos
1035 2072 1312 2129 tenemus,
1341 2063 1438 2118 sed
1477 2063 1670 2119 damus
1692 2065 1748 2119 in

171 2167 473 2208 commune
495 2152 922 2223 servandajuxta
937 2163 1202 2222 praecepta
1225 2154 1518 2225 majorum:
1553 2165 1754 2224 quanto

173 2247 357 2316 magis
382 2259 444 2298 ea
487 2260 607 2317 qua:
642 2245 858 2315 proprie
895 2246 1042 2302 visus
1063 2261 1124 2302 es
1160 2247 1460 2316 possidere,
1491 2247 1539 2304 si
1596 2246 1751 2302 alteri

173 2339 652 2394 commendaveris
678 2347 772 2393 aut
801 2339 853 2392 in
891 2349 978 2394 tua
1018 2339 1254 2396 volueris
1284 2354 1405 2396 esse
1457 2349 1754 2411 potestate,

173 2441 378 2494 peccas
410 2427 464 2480 in
501 2427 816 2481 monasterii
862 2425 1221 2496 disciplinam,
1263 2437 1318 2484 et
1362 2445 1465 2484 non
1499 2429 1755 2500 intelligis

176 2514 412 2572 Paulum
444 2517 538 2571 tibi
581 2517 884 2587 loquentem
910 2535 925 2572 :
957 2516 1060 2572 Vos
1086 2528 1257 2572 autem
1285 2519 1337 2573 in
1359 2518 1648 2574 libertatem
1670 2539 1757 2577 vo-

176 2609 287 2662 cati
327 2609 489 2674 estis;
529 2618 734 2663 tantum
766 2624 828 2663 ne
875 2608 1110 2665 libertate
1148 2611 1204 2664 in
1238 2613 1561 2668 occasionem
1583 2617 1757 2671 carnis

177 2702 500 2768 abutamini,
526 2703 617 2756 sed
636 2703 890 2756 charitate
920 2703 1106 2758 servile
1122 2705 1336 2759 invicem
1356 2706 1402 2738 ’°
1422 2723 1437 2772 ;
1458 2716 1510 2761 et
1529 2707 1752 2762 iterum:

179 2789 449 2845 Dominus
466 2790 626 2859 juxta
656 2800 768 2856 est;
811 2791 970 2846 nolite
997 2809 1108 2848 esse
1137 2793 1368 2856 solliciti,
1396 2796 1488 2850 sed
1516 2805 1680 2852 estote
1706 2798 1762 2853 in

178 2881 427 2935 oratione
469 2881 654 2935 intenti
693 2893 741 2936 et
777 2882 1222 2951 deprecationibus
1243 2885 1314 2941 ".
1369 2883 1520 2941 Sciat
1546 2901 1761 2958 quoque

181 2974 275 3028 ille
307 2973 404 3044 qui
436 2973 505 3028 ab
531 2974 638 3030 alio
665 2977 963 3046 susceperit
986 2979 1446 3046 commendatum,
1475 2990 1530 3036 et
1565 2996 1678 3038 rem
1700 2997 1762 3042 se

1849 526 1995 570 nocte
2013 521 2247 572 animam
2272 526 2510 587 expetent
2537 533 2568 570 a
2596 531 2646 571 se
2671 532 2689 571 :
2717 533 2834 588 quat
2859 530 3031 572 autem
3067 521 3401 589 pra'parastt',

1844 608 1995 678 cujus
2026 620 2178 663 erunt
2202 609 2262 664 '1'
2285 618 2342 663 et
2377 609 2569 663 iterum
2599 624 2616 662 :
2642 607 2706 663 In
2739 608 2828 664 illa
2850 610 2936 664 die
2965 609 3203 678 peribunt
3229 625 3407 665 omnes

1843 699 2186 769 cogitationes:
2225 701 2463 756 eorum“.
2493 701 2691 768 Stulte,
2723 714 2890 771 quare
2928 715 3032 756 non
3087 702 3168 755 vis
3222 702 3409 754 audire

1844 789 2136 844 Dominum
2154 791 2521 846 cohortantem
2557 807 2570 842 :
2607 790 2768 856 Vade,
2798 799 2846 844 et
2889 791 3048 845 vende
3074 790 3251 844 omnia
3292 803 3410 860 qua:

1844 881 2021 946 habes,
2037 891 2087 934 et
2110 884 2179 935 da
2193 881 2532 952 pauperibus,
2555 895 2604 937 et
2631 883 2752 937 tolle
2765 899 2968 937 crucem
3003 891 3169 948 tuam,
3195 890 3246 936 et
3271 882 3408 946 ueni,

1845 982 1890 1025 et
1915 987 2126 1042 sequere
2147 989 2229 1026 me
2249 973 2309 1025 ’2
2333 973 2483 1040 Quod
2514 973 2828 1029 adolescens
2857 973 3080 1027 audiens
3114 985 3411 1027 conversus

1845 1069 1930 1115 est
1963 1070 2147 1126 retro;
2171 1074 2275 1116 non
2313 1060 2461 1116 enim
2485 1070 2601 1116 erat
2632 1071 2834 1116 rectum
2873 1076 2966 1117 cor
2987 1061 3188 1133 ipsius;
3219 1061 3410 1117 etideo

1847 1168 1954 1207 non
2005 1152 2176 1222 potuit
2223 1167 2442 1222 gravem
2482 1153 2787 1208 divitiarum
2830 1139 3095 1208 sarcinam
3123 1154 3408 1222 deponere.

1852 1243 2098 1299 Habebat
2135 1245 2350 1314 quidem
2378 1244 2730 1310 voluntatem,
2765 1253 2822 1299 ut
2857 1244 3134 1315 Scriptura
3161 1253 3409 1308 teatatur,

1849 1334 2099 1405 perfecta:
2125 1336 2270 1400 vitm,
2299 1345 2355 1390 et
2385 1335 2669 1406 splendore
2691 1337 2949 1392 virtutum
2983 1336 3300 1391 trahebatur
3347 1335 3412 1388 ad

1848 1427 2079 1493 laudem,
2134 1429 2228 1482 sed
2260 1427 2602 1483 retrahebant
2667 1443 2788 1484 eum
2823 1437 3128 1484 currentem
3182 1427 3404 1492 divitiae,

1851 1532 1951 1573 nec
1980 1527 2190 1588 poterat
2213 1519 2509 1578 Salvatoris
2531 1523 2718 1578 audire
2747 1521 3210 1592 doctrinam,quia
3237 1519 3414 1574 adhuc

1854 1607 1922 1664 de
1946 1608 2130 1664 mundi
2158 1609 2365 1667 deliciis
2399 1612 2685 1683 cogitabat.
2717 1611 2869 1669 Unde
2893 1621 2945 1667 et
2971 1610 3220 1666 Salvator
3246 1609 3416 1678 loqui-

1855 1707 1973 1755 tur:
2009 1701 2228 1773 Diﬂlcile
2267 1714 2344 1758 est
2387 1720 2473 1758 eos
2513 1705 2602 1772 qui
2638 1706 2825 1760 habent
2874 1704 3082 1758 divitias
3120 1703 3320 1764 intrare
3362 1702 3417 1754 in

1857 1807 2014 1862 regna
2052 1793 2298 1849 calorum
2321 1795 2402 1861 ¹⁶;
2437 1805 2493 1850 et
2533 1796 2725 1851 iterum
2762 1814 2774 1850 :
2811 1794 2978 1850 Nemo
3021 1805 3184 1862 potest
3217 1794 3421 1848 duobus

1852 1883 2078 1939 dontinis
2134 1887 2367 1940 seruire:
2399 1895 2491 1940 aut
2539 1887 2681 1941 enim
2726 1903 2888 1941 unum
2934 1887 3054 1942 odio
3100 1885 3330 1949 habebit,
3370 1892 3420 1938 et

1851 1973 2074 2029 alterum
2108 1975 2321 2046 diliget;
2351 1986 2443 2030 aut
2491 1977 2582 2031 uni
2627 1986 2702 2031 est
2740 1977 3004 2042 obediens,
3038 1985 3085 2032 et
3131 1985 3420 2030 contemnet

1849 2065 2099 2120 alterum.
2145 2065 2266 2120 Non
2307 2068 2518 2135 potestis
2551 2065 2659 2121 Deo
2697 2068 2889 2122 servire
2931 2076 2980 2122 et
3009 2081 3320 2121 mammona:
3352 2067 3418 2117 “.

1856 2156 2108 2212 Pharisaei
2133 2166 2314 2214 autem
2341 2173 2462 2212 cum
2493 2168 2675 2214 essent
2705 2159 2873 2226 avari,
2906 2159 3022 2213 Isaac
3049 2158 3341 2214 audiebant
3366 2167 3420 2210 ct

1853 2247 2193 2304 irridebant:
2233 2263 2460 2318 quorum
2493 2248 2914 2304 incredulitatem
2957 2248 3283 2310 devitemus,
3314 2260 3414 2299 nec

1857 2339 2180 2396 irrideamus
2240 2354 2334 2395 eos
2393 2340 2483 2409 qui
2534 2355 2631 2394 nos
2674 2346 2987 2410 provocant.
3035 2336 3422 2399 Renuntiemus

1859 2429 2079 2496 mundo,
2109 2439 2169 2484 ut
2198 2429 2421 2499 perfecti
2447 2427 2740 2499 perfectum
2773 2442 3062 2496 sequamur
3087 2428 3418 2481 thesaurum.

1857 2521 2094 2590 Quorum
2131 2523 2364 2578 animam
2393 2522 2626 2592 possidet
2686 2521 2935 2585 avaritia,
2971 2519 3054 2576 his
3081 2514 3294 2574 videtur
3326 2533 3424 2586 pro

1857 2615 2070 2670 Christo
2094 2613 2256 2668 stulta
2283 2623 2590 2684 paupertas.
2624 2610 2870 2677 Quaestus
2893 2619 2968 2666 est
2992 2625 3232 2679 magnus,
3258 2609 3423 2677 pietas

1859 2704 2322 2774 cuntsuﬂicientia.
2353 2701 2501 2756 Nihil
2533 2702 2668 2756 enim
2698 2701 2968 2756 intulimus
2999 2701 3054 2753 in
3103 2699 3240 2754 nunc
3271 2714 3425 2752 mun-

1860 2796 2006 2860 dum,
2050 2811 2140 2850 nec
2186 2795 2398 2864 auferre
2443 2794 2569 2863 quid
2619 2807 2937 2862 possumus;
2987 2790 3234 2845 habentes
3283 2790 3424 2843 enim

1861 2887 2050 2942 rictum
2098 2896 2146 2940 et
2176 2884 2432 2948 vestitum,
2474 2884 2553 2938 his
2611 2883 2838 2940 contenti
2878 2885 3062 2938 simus.
3111 2879 3213 2946 Qui
3254 2888 3429 2933 autem

1862 2978 2036 3032 uolunt
2059 2977 2241 3032 diuites
2260 2976 2398 3045 ﬁeri,
2417 2975 2654 3029 incidunt
2673 2971 3076 3028 intentationem
3095 2983 3141 3026 et
3164 2967 3426 3038 laqueum,

181 3063 492 3117 arbitratur
529 3063 709 3118 facere
747 3062 889 3132 piam
928 3072 985 3120 ut
1023 3063 1245 3119 fratrem
1288 3066 1589 3137 refrigeret,
1617 3069 1760 3136 quod
1788 3102 1832 3162 ϐ
1863 3070 1918 3123 in
1946 3069 2386 3136 concupiscentias
2422 3067 2610 3122 multas
2641 3082 2759 3136 qua:
2784 3074 2904 3119 sunt
2943 3065 3119 3120 stulta:
3147 3074 3196 3118 et
3235 3064 3429 3126 noxia,

183 3162 378 3222 peccet
413 3161 602 3207 contra
633 3153 869 3207 animam
905 3169 1056 3210 suam
1077 3194 1093 3220 ,
1143 3157 1460 3211 subvertens
1520 3156 1760 3227 regulam

186 3239 532 3294 monasterii.
557 3238 602 3296 Ο
628 3239 812 3304 stulte,
850 3243 1028 3296 anima
1061 3252 1149 3298 tua
1186 3245 1478 3299 commissa
1519 3255 1600 3302 est
1629 3261 1766 3316 prae-

185 3331 368 3401 posito
399 3340 524 3399 tuo;
561 3340 615 3386 et
637 3332 727 3401 qui
759 3333 992 3387 animum
1018 3342 1163 3389 tuam
1188 3351 1490 3406 corpusque
1529 3338 1766 3394 custodit

185 3424 448 3494 indignus
484 3423 770 3480 habebitur
805 3434 862 3479 ut
889 3427 1128 3496 peritura
1157 3429 1484 3485 conservet?
1513 3431 1768 3486 Amemus

181 3515 484 3585 justitiam,
525 3524 583 3570 ut
620 3515 1004 3586 justiﬁeemur.
1043 3517 1300 3589 Legimus
1336 3521 1480 3576 enim
1513 3538 1527 3575 :
1558 3522 1772 3578 Miseri-

189 3607 385 3662 cordia
407 3607 632 3662 occurrit
667 3607 750 3662 Itis
773 3608 861 3681 qui
879 3608 1081 3678 faciunt
1115 3611 1381 3666 ueritatem
1404 3614 1474 3668 ⁸⁸.

261 3697 484 3756 XXVII.
529 3698 643 3756 Hoc
684 3714 896 3771 quoque
933 3703 1330 3758 observandum
1367 3713 1486 3773 est,
1521 3721 1587 3760 ne
1621 3707 1766 3774 quis,

190 3791 364 3847 stulta
417 3789 746 3858 cogitatione
800 3790 1098 3861 deceptus,
1152 3793 1261 3847 imo
1308 3794 1503 3850 diaboli
1564 3796 1771 3866 laqueis

192 3882 466 3948 irretitus,
491 3882 636 3937 dicat
665 3883 719 3938 in
754 3883 916 3939 corde
935 3898 1052 3950 ,suo
1081 3902 1094 3939 :
1131 3884 1356 3952 Quando
1383 3888 1607 3952 morior,
1643 3896 1771 3946 tunc

190 3974 341 4031 dono
387 3973 650 4029 fratribus
678 3975 820 4046 quod
850 3974 1109 4032 habuero.
1149 3975 1195 4033 0
1239 3978 1552 4036 stultissime
1594 3981 1770 4035 homi-

192 4083 351 4136 num,
411 4067 503 4123 ubi
555 4066 658 4123 hoc
708 4069 968 4139 scriptum
1003 4069 1302 4127 invenisti?
1344 4071 1535 4130 Nonne
1585 4090 1776 4133 omnes

192 4162 372 4221 sancti
413 4159 715 4216 servientes
759 4161 869 4216 Deo
902 4160 1088 4216 statim
1122 4177 1336 4218 omnem
1387 4166 1564 4221 szeculi
1600 4167 1773 4222 sarci-

194 4270 326 4312 nam
355 4254 762 4322 deposuerunt?
792 4253 984 4309 Nonne
1014 4254 1070 4310 in
1109 4253 1333 4312 Actibus
1365 4257 1724 4325 apostolorum
1757 4298 1773 4322 ,

193 4347 379 4403 omnia
411 4360 536 4416 qua:
571 4344 881 4413 habebant,
918 4347 983 4401 ad
1027 4345 1191 4416 pedes
1229 4347 1591 4419 apostolorum
1626 4348 1779 4405 defe-

1867 3172 1914 3214 et
1944 3159 2246 3230 demergunt
2287 3158 2524 3212 homines
2571 3160 2624 3210 in
2672 3157 2944 3212 interitum
2973 3165 3020 3210 et
3061 3153 3432 3220 perditionem.

1871 3251 2050 3306 Radix
2071 3253 2209 3304 enim
2243 3249 2474 3303 omnium
2497 3248 2755 3301 malorum
2779 3246 3040 3314 cupiditas
3059 3247 3126 3300 η.

1940 3341 2178 3398 XXVIII.
2219 3341 2397 3410 Usque
2429 3340 2586 3396 hodie
2621 3339 2766 3394 Elias
2812 3339 3059 3394 Israelem
3089 3335 3311 3405 corripit
3349 3340 3432 3391 di-

1870 3450 2042 3492 cens:
2079 3433 2361 3504 Quousque
2400 3431 2711 3488 claudicatis
2757 3431 2928 3500 pede?
2957 3427 3018 3485 Si
3056 3428 3195 3485 Deus
3237 3437 3336 3494 est,
3364 3427 3433 3482 ite

1869 3540 1920 3585 st
1945 3527 2224 3599 sequimini
2251 3542 2370 3580 eum
2401 3525 2468 3578 ιδ.
2500 3523 2567 3578 Et
2595 3525 2749 3580 nobis
2776 3522 3015 3593 loquitur
3043 3540 3057 3578 :
3093 3520 3150 3576 Si
3184 3520 3432 3576 mandata

1872 3629 1998 3677 sunt
2034 3618 2126 3673 Dei
2157 3632 2278 3689 qua:
2319 3632 2414 3689 per
2444 3616 2663 3672 Patrem
2706 3626 2946 3671 nostrqu
2985 3613 3210 3671 tradidit
3249 3609 3429 3674 nobis.

1873 3723 1928 3768 et
1971 3726 2092 3783 quas
2138 3719 2426 3780 sequentes
2475 3725 2766 3780 possumus
2821 3706 3106 3777 pervenire
3147 3705 3215 3758 ad
3272 3715 3434 3770 regna

1874 3803 2158 3870 emtorum,
2202 3809 2318 3858 toto
2364 3801 2552 3858 eadem
2601 3799 2870 3856 desiderio
2923 3795 3337 3867 compleamus:
3387 3791 3436 3847 si

1874 3903 2052 3950 autem
2097 3893 2374 3963 sequimur
2411 3891 2770 3962 cogitationes
2817 3898 3052 3953 nostras.
3088 3894 3144 3945 et
3187 3886 3253 3942 ad
3295 3886 3437 3942 aliud

1877 3986 2049 4042 tendit
2077 3985 2320 4050 animus,
2337 3999 2436 4040 cur
2459 3998 2565 4039 non
2594 3997 2835 4038 errorem
2871 3980 3192 4051 simpliciter
3216 3977 3444 4036 confite-

1878 4091 2019 4141 mur,
2049 4086 2106 4131 et
2129 4074 2484 4139 ostendimus,
2515 4087 2614 4128 nos
2639 4085 2759 4126 esse
2787 4070 2932 4141 quod
2966 4068 3136 4124 videri
3163 4067 3427 4126 erubesci-

1878 4169 2034 4223 mus?
2066 4165 2144 4223 Ne
2181 4165 2321 4222 forte
2355 4166 2564 4221 dicatur
2610 4172 2663 4218 et
2699 4161 2854 4219 nobis
2901 4179 2916 4216 :
2966 4161 3143 4228 Quare
3175 4159 3440 4231 polluistis

1880 4261 2052 4315 locum
2094 4274 2264 4313 meum
2313 4268 2554 4311 sanctum
2586 4254 2667 4308 “1'
2698 4252 2800 4311 Et:
2838 4252 3069 4323 Ejiciam
3107 4269 3196 4310 eos
3233 4268 3262 4308 e
3287 4253 3440 4307 domo

1880 4366 1996 4405 mea
2040 4348 2108 4402 ".
2156 4347 2432 4416 Siquidem
2484 4345 2840 4401 conciliabula
2877 4343 3266 4400 monachorum
3313 4357 3440 4398 vere

194 4437 394 4493 rebant
414 4435 502 4490 ἠ
529 4435 598 4491 At
625 4435 896 4506 quomodo
921 4437 1121 4506 poteris
1151 4448 1396 4493 mortuus
1427 4437 1650 4506 iustitia:
1677 4439 1774 4495 in-
1806 4465 1854 4522 υ
1883 4438 1973 4493 Dei
2005 4437 2196 4492 domus
2236 4443 2340 4500 est,
2368 4442 2424 4490 et
2460 4443 2771 4488 sanctorum
2806 4432 2982 4497 vinea,
3011 4433 3156 4487 sicut
3184 4431 3442 4502 scriptum

195 4531 368 4586 duere
397 4531 804 4594 vestimentum,
825 4528 917 4599 qui
944 4528 1072 4583 illud
1099 4528 1255 4584 vivus
1283 4528 1480 4584 habere
1509 4543 1614 4584 non
1657 4545 1770 4584 me-

197 4615 401 4671 ruisti?
431 4614 610 4681 Quare
638 4616 836 4672 oblitus
888 4631 947 4672 es
987 4615 1140 4684 illud,
1175 4619 1321 4688 quod
1359 4618 1617 4688 scriptum
1644 4628 1726 4674 est
1755 4632 1776 4673 :

197 4707 358 4774 Quod
393 4706 722 4762 seminaverit
755 4709 907 4762 homo
930 4751 946 4777 ,
987 4711 1084 4764 hoc
1123 4719 1170 4764 et
1215 4711 1430 4773 metet‘;
1469 4720 1522 4765 et
1554 4726 1573 4763 :
1600 4711 1777 4766 Unus-

192 4801 424 4869 quisque
469 4800 683 4868 recipiet
726 4799 886 4867 juxta
911 4801 1050 4870 quod
1093 4801 1270 4871 egit';
1303 4810 1393 4857 et:
1430 4800 1624 4858 Reddet
1653 4803 1776 4857 uni-

201 4893 395 4962 cuique
410 4889 568 4958 juxta
598 4906 754 4959 opera
782 4907 880 4944 sua
905 4890 926 4922 ³
951 4907 965 4957 ;
1013 4901 1067 4944 et
1098 4891 1293 4947 iterum
1326 4909 1339 4946 :
1374 4892 1487 4964 Ego
1522 4893 1776 4948 Dominus

194 4995 445 5038 scrutans
476 4983 637 5038 corda
677 4992 727 5037 et
754 4982 980 5051 probans
1034 4999 1179 5037 renes
1198 5025 1212 5050 ,
1249 4993 1307 5038 ut
1335 4987 1548 5039 reddam
1576 4985 1782 5040 unicui-

193 5092 301 5148 que
328 5076 494 5144 jua'ta
524 5077 634 5128 vias
667 5091 788 5130 suas
814 5084 863 5130 et
892 5075 1050 5146 juxta
1083 5074 1309 5144 fructum
1353 5075 1779 5131 adinventionum

193 5171 313 5238 ejus
333 5167 444 5223 ""I
483 5167 661 5234 Quare
694 5169 928 5223 nondum
948 5168 1181 5223 versaris
1217 5167 1269 5222 in
1315 5168 1446 5234 vita,
1483 5177 1537 5224 et
1577 5169 1631 5222 in
1681 5169 1781 5223 hoc

193 5261 530 5346 qprpusculo
559 5263 884 5316 constitutus
908 5275 1013 5316 non
1040 5259 1194 5316 audis
1223 5259 1388 5314 David
1418 5260 1721 5328 loquentem
1763 5279 1776 5314 :

200 5351 576 5414 Thesa’urisat,
610 5360 659 5406 et
684 5352 890 5422 ignorat
910 5351 996 5404 cui
1022 5359 1299 5420 congregat
1331 5349 1465 5416 ea';
1501 5357 1555 5404 et
1583 5365 1784 5405 sermo-

273 5503 568 5581 ”___Eph_e§.
599 5520 674 5581 vt,
710 5505 932 5581 ηδε.
961 5508 1171 5581 ξηαπ.
1204 5523 1259 5575 ι,
1281 5507 1374 5581 38.
1418 5508 1498 5581 _’_'
1520 5507 1848 5581 GaI.-v,_13.

199 5590 276 5640 ιν.
311 5573 460 5645 55ζ-
483 5575 498 5606 ⁸
525 5573 644 5629 Gal.
687 5591 758 5645 vi,
787 5577 842 5632 8.
917 5580 938 5610 ³
958 5577 1153 5645 Ephes.
1179 5573 1253 5642 vr,
1285 5579 1339 5635 8.
1414 5579 1435 5611 ³
1459 5579 1614 5632 Rom.
1642 5573 1784 5643 "11,6.
1856 5580 1928 5612 ⁸ου
1955 5576 2065 5632 Jer.
2095 5573 2226 5645 xvii.
2261 5575 2350 5630 I0.

196 5646 293 5708 2D,
377 5646 399 5676 ³
437 5646 554 5697 Psal
581 5646 740 5711 estut,
770 5648 825 5702 4.
899 5649 922 5682 ⁹
961 5648 1057 5703 Ma!

199 5715 364 5771 6-10.
444 5715 489 5749 "
529 5715 592 5771 Ill
623 5714 764 5784 Reg.
787 5734 940 5785 svnt,
969 5719 1057 5775 2i.

1879 4529 2104 4601 legimus
2135 4544 2150 4581 :
2199 4523 2360 4582 Vinea
2383 4525 2526 4596 facta
2553 4532 2627 4578 est
2656 4522 2928 4579 Salomoni
2953 4525 3009 4578 in
3039 4521 3153 4579 loco
3181 4523 3270 4594 qui
3293 4539 3448 4578 roca-
3508 4529 3524 4541 '

1877 4629 1964 4674 tur
2005 4617 2325 4683 Beelamon;
2368 4614 2506 4672 dedit
2546 4631 2661 4670 eam
2705 4614 3037 4679 custodibus;
3093 4613 3448 4684 unusquisque

1881 4708 2031 4778 affert
2057 4721 2154 4778 pro
2187 4705 2445 4778 fructibus
2473 4705 2588 4774 ejus
2616 4703 2756 4759 mille
2797 4713 3087 4778 argenteos.
3135 4702 3300 4758 Vinea
3335 4718 3448 4754 mea

1879 4801 1933 4856 in
1978 4807 2252 4868 conspectu
2287 4813 2398 4852 meo
2449 4807 2572 4852 est:
2608 4796 2752 4852 mille
2799 4795 3095 4860 Salomoni,
3134 4805 3183 4851 et
3235 4795 3447 4852 ducents

1882 4891 1964 4944 his
1992 4889 2082 4961 qui
2108 4887 2408 4942 custodiunt
2436 4886 2665 4958 fructum
2689 4886 2802 4957 ejus
2835 4885 2898 4940 “.
2921 4885 2995 4940 Ne
3024 4886 3184 4957 igitur
3207 4883 3451 4956 polluen-

1885 4994 1963 5040 tes
1993 4997 2112 5038 eam
2141 4979 2508 5054 projiciamur,
2541 4980 2682 5036 sicut
2714 4980 2765 5035 in
2798 4977 3086 5048 Evangelio
3121 4979 3351 5049 legimus
3381 4977 3446 5044 ⁸⁷,

1880 5073 2083 5146 ejectos
2114 5087 2234 5131 esse
2261 5074 2329 5129 de
2359 5069 2556 5144 templo
2587 5072 2678 5143 qui
2726 5074 3026 5128 vendebant
3060 5069 3112 5126 in
3138 5085 3206 5126 eo
3233 5083 3362 5128 oves
3394 5082 3460 5126 et.

1882 5167 2046 5222 boves
2067 5185 2080 5220 :
2111 5163 2731 5235 nummularioﬁquoque
2754 5163 3072 5235 ingrediens
3087 5163 3341 5220 Dominus
3362 5173 3446 5218 at-

1883 5274 1987 5329 que
2021 5258 2292 5324 Salvator,
2330 5265 2385 5312 et
2415 5255 2623 5324 faciens
2650 5257 2749 5312 sibi
2781 5255 3050 5328 ﬂagellum
3077 5257 3143 5328 de
3171 5255 3444 5322 funiculis,

1883 5351 2044 5421 ejecit
2076 5364 2107 5404 e
2138 5348 2357 5420 templo,
2386 5357 2441 5405 et
2468 5347 2696 5404 fundens
2730 5364 2836 5404 tera
2869 5363 3190 5418 mensasque
3217 5349 3451 5404 venden-

1956 5507 2000 5541 ’τ
2032 5505 2264 5576 Philipp.
2293 5520 2371 5576 iv,
2400 5507 2454 5574 5,
2479 5506 2531 5576 ϐ.
2553 5505 2599 5537 ⁸⁸
2629 5503 2775 5560 Psal.
2805 5520 3022 5570 Luxu,
3058 5506 3142 5559 ll.
3165 5574 3180 5576 ᾼ
3249 5505 3295 5538 ⁹⁹
3328 5503 3447 5558 Act.

2441 5579 2463 5610 '
2504 5574 2646 5630 Psal.
2701 5589 2927 5640 xuvm,
2960 5576 3012 5630 7.
3100 5577 3119 5607 "
3161 5574 3290 5630 Luc.
3350 5589 3450 5641 ιιι,

377 5645 399 5676 ³
437 5643 554 5697 Psal
581 5635 825 5715 εξιῦξι.
899 5649 922 5682 ⁹
961 5635 1150 5706 Matth.
1185 5635 1297 5715 xta,
1323 5649 1414 5705 2L
1494 5649 1536 5681 ¹⁰
1577 5635 1739 5703 Matth

1866 5667 1911 5715 ι,
1945 5648 2035 5701 23.
2114 5646 2154 5677 ⁸⁸
2185 5635 2368 5698 Matth.
2403 5659 2477 5712 vr,
2508 5645 2612 5711 εις
2642 5644 2768 5699 Luc.
2800 5635 3021 5703 “1.13.
3101 5647 3143 5677 ¹¹
3170 5635 3450 5715 ιΤίίιι.);ε;

1140 5710 1397 5778 “Ezech.
1427 5719 1634 5786 xu,26.
1713 5721 1756 5752 ¹⁵
1787 5710 2008 5785 Ose.tx,
2045 5715 2126 5772 l5.
2208 5715 2251 5748 "
2273 5715 2429 5773 Cant.
2464 5710 2705 5782 'vnt,'ll,
2730 5715 2813 5770 l2.
2878 5715 2918 5748 "
2942 5715 3100 5772 toan.
3140 5730 3204 5783 tt,
3237 5715 3324 5784 ll,
3360 5710 3449 5768 15.
