3858 6308
414 291 523 350 385

1508 280 1781 338 PATRES
1818 278 2121 336 ABGYPTII
2166 278 2436 337 SIECULI
2478 281 2564 335 IV.

3582 276 3693 334 834

416 406 575 471 tium,
609 409 666 458 et
701 400 789 457 his
817 400 911 473 qui
952 398 1257 456 vendebant
1289 398 1569 453 columbas
1604 398 1674 452 ait
1729 414 1743 453 :
1776 395 1996 457 Auferte
2022 407 2069 465 Α
2104 410 2224 451 mus
2258 396 2600 452 obtendere?
2632 394 2757 450 Haec
2796 396 2979 449 omnia
3009 392 3148 449 lacta
3181 399 3308 447 sunt
3337 390 3520 454 nobis,
3560 393 3693 459 quia

414 496 527 549 lure
563 495 763 559 omnia,
797 503 846 548 et
896 492 1060 546 nolite
1096 494 1271 560 facere
1296 490 1509 545 domum
1556 488 1735 543 Patris
1774 491 1874 542 mei
1900 488 1995 542 do-

414 599 561 636 mum
600 584 966 653 negotiationis
1009 582 1073 635 ⁸⁸.
1122 582 1395 651 Scriptum
1431 590 1511 636 est
1553 580 1699 635 enim
1735 597 1749 634 :
1796 580 1996 635 Domus

412 691 528 727 mea
561 676 751 729 domus
782 676 1038 729 orationis
1078 673 1350 729 vocabitur
1377 672 1581 727 cunctis
1608 674 1883 741 gentibus;
1909 690 1995 727 eos

412 778 589 820 autem
616 766 813 835 fecistis
846 782 963 820 eam
1000 767 1303 833 speluncam
1332 765 1600 820 latronum
1633 767 1696 818 ".
1729 764 1794 819 Et
1822 765 1947 819 alibi
1977 782 1991 819 :

421 854 640 920 Propter
689 872 778 911 vos
834 872 1021 911 nomen
1077 872 1249 912 meum
1299 856 1690 927 blasphematur
1735 857 1790 910 in
1818 856 1992 925 genti-

414 945 507 998 bus
533 946 600 1000 “.

483 1035 678 1092 XXIX.
711 1038 953 1093 Obsecro
988 1054 1103 1103 vos,
1135 1038 1351 1104 fratres,
1385 1054 1451 1094 ne
1483 1041 1548 1095 de
1578 1040 1734 1095 nobis
1766 1054 1985 1110 quoque

416 1126 630 1182 dicatur
653 1146 669 1183 :
704 1130 857 1183 Alius
882 1129 1089 1200 quidem
1119 1132 1305 1197 esurit,
1323 1131 1462 1185 alius
1484 1141 1659 1185 autent
1686 1131 1859 1185 ebrius
1880 1142 1953 1186 est
1976 1148 1995 1186 :

418 1235 486 1272 nn
511 1222 691 1274 domos
726 1238 827 1275 non
865 1222 1084 1287 habetis,
1116 1233 1172 1276 ut
1204 1223 1390 1277 bibatis
1449 1233 1496 1277 et
1535 1223 1868 1277 comedatis?
1895 1224 1996 1278 nisi

418 1312 556 1379 forte
608 1311 896 1367 Ecclesiam
937 1313 1033 1368 Dei
1066 1316 1417 1379 contemnitis,
1451 1324 1501 1368 et
1545 1316 1866 1384 confunditis
1909 1332 1996 1370 eos

418 1405 510 1473 qui
542 1422 641 1459 non
687 1406 877 1461 habent
916 1408 983 1463 ²¹.
1014 1408 1094 1463 Ad
1123 1422 1259 1478 quos
1306 1410 1505 1465 dicitur
1544 1428 1557 1465 :
1595 1409 1652 1465 Si
1681 1412 1799 1481 quis
1831 1411 1997 1465 esurit

419 1497 562 1552 domi
603 1500 861 1565 comedat,
899 1509 956 1553 ut
1008 1516 1111 1555 non
1153 1502 1208 1554 in
1250 1502 1513 1571 judicium
1559 1504 1876 1557 conveniatis
1926 1503 1993 1557 ".

418 1589 541 1645 Non
577 1590 649 1645 sit
689 1591 882 1654 domus
911 1602 1096 1647 nostra
1137 1592 1288 1648 vocis
1328 1593 1537 1659 alienae,
1573 1609 1639 1649 ne
1674 1594 1805 1649 illud
1844 1594 1996 1647 nobis

421 1691 785 1751 congruenter
809 1690 1026 1750 aptetur
1052 1701 1067 1736 :
1090 1680 1268 1751 Opera
1292 1682 1513 1753 JEgypti
1536 1701 1640 1738 non
1665 1682 1996 1737 abstulerunt

2107 489 2422 543 Sacerdotes
2469 488 2776 556 plauserunt
2820 487 3083 551 manibus,
3136 497 3181 539 et
3227 484 3448 554 populus
3498 484 3692 536 dilexit

2106 580 2353 634 similiter
2380 579 2445 632 ³⁸.
2478 578 2617 644 Quia
2646 579 2782 633 sicut
2821 577 3069 647 populus,
3116 578 3193 631 sic
3235 576 3504 630 sacerdos.
3557 573 3693 628 Pro.

2102 683 2281 743 pterea
2328 675 2544 728 reddam
2584 674 2653 741 ei,
2701 673 2897 742 inquit,
2952 672 3242 726 secundum
3284 673 3392 727 vias
3438 687 3599 737 suas,
3642 682 3691 726 et

2102 767 2447 835 cogitationes
2474 765 2620 818 illitts
2652 765 2922 819 restituam
2966 766 3011 819 ei
3044 763 3109 815 ".

2179 857 2400 912 XXXII.
2438 856 2554 912 Non
2595 857 2663 912 de
2704 857 2957 912 omnibus
2984 856 3139 911 vobis
3182 857 3299 909 haec
3327 852 3549 922 loquor,
3596 848 3690 904 sed

2104 952 2285 1007 dehis
2327 951 2417 1021 qui
2448 951 2710 1020 majorum
2756 958 3019 1020 prtecepta
3050 954 3400 1003 contemnunt
3434 962 3447 999 :
3489 942 3690 998 multo-

2100 1060 2206 1116 que
2250 1045 2437 1099 melius
2476 1053 2589 1096 erat
2631 1043 2737 1096 illis
2786 1044 3028 1112 ignorare
3060 1041 3199 1095 viam
3243 1038 3481 1102 iustitia.
3528 1048 3689 1103 quam

2101 1139 2326 1192 scientes
2359 1136 2546 1190 reverti
2567 1136 2630 1188 ab
2663 1152 2745 1199 eo,
2773 1136 2910 1206 quod
2943 1134 3198 1188 traditum
3232 1141 3306 1185 est
3334 1130 3463 1194 illis,
3500 1136 3688 1189 saneto

2103 1231 2358 1286 mandato
2411 1229 2475 1279 ³⁷.
2529 1229 2603 1283 De
2654 1225 3021 1296 hujuscemodi
3070 1221 3378 1279 hominibus
3441 1232 3690 1273 maerens

2099 1322 2362 1378 Jeremias
2434 1320 2627 1375 scribit
2689 1336 2703 1371 :
2748 1316 3056 1383 Defecerunt
3117 1314 3174 1367 in
3246 1311 3494 1381 lacrgmis
3547 1306 3689 1361 oculi

2100 1414 2224 1480 mei,
2254 1411 2603 1465 conturbatus
2634 1419 2707 1464 est
2736 1417 2915 1462 venter
2945 1422 3112 1467 meus,
3150 1405 3319 1474 eﬂ'usa
3342 1410 3418 1455 est
3449 1401 3503 1453 in
3544 1409 3687 1451 terra

2104 1506 2275 1576 gloria
2320 1520 2456 1567 mea,
2500 1518 2656 1571 super
2690 1500 3004 1555 contritione
3031 1497 3158 1567 filiae
3186 1495 3370 1564 populi
3398 1493 3538 1557 mei;
3563 1490 3685 1559 quia

2048 1642 2054 1648 .
2101 1596 2289 1664 defecit
2330 1595 2582 1664 parvulus
2614 1602 2662 1648 et
2695 1593 2891 1646 lactens
2923 1591 2975 1644 in
3001 1590 3186 1660 plateis
3212 1585 3465 1641 civitatis.
3492 1582 3688 1636 Matri-

2102 1688 2197 1743 bus
2236 1688 2349 1741 suis
2396 1688 2644 1740 dixerunt
2674 1701 2693 1739 :
2727 1682 2829 1738 Ubi
2864 1692 2937 1736 est
2972 1682 3203 1735 triticum
3232 1689 3279 1733 et
3310 1679 3489 1732 vinum
3511 1676 3538 1727 .’
3567 1689 3685 1727 cum

421 1790 455 1823 a
478 1789 532 1826 se
574 1773 640 1824 ".
670 1772 734 1827 Et
764 1774 959 1827 iterum
987 1789 1002 1827 :
1030 1772 1097 1826 In
1121 1777 1390 1842 prteceptis
1421 1775 1547 1829 meis
1571 1791 1672 1828 non
1702 1776 2000 1829 ornbttlave-
2030 1764 2074 1819 Β
2110 1780 2394 1848 deficerent
2429 1778 2582 1848 quasi
2607 1775 2870 1831 vulnerati
2898 1775 2955 1826 in
2983 1773 3171 1843 plateis
3205 1772 3369 1835 urbis,
3404 1784 3524 1821 cum
3558 1766 3684 1835 futt-

422 1873 565 1927 runt,
588 1875 634 1919 et
656 1864 885 1920 Sabbata
904 1882 1018 1920 mea
1040 1867 1525 1923 contaminaverunt
1546 1883 1563 1930 ;
1587 1876 1856 1935 prapterea
1881 1882 1998 1920 cum

422 1957 763 2010 clamaverint
800 1959 869 2011 ad
903 1974 1006 2023 me,
1054 1974 1147 2028 ego
1184 1975 1286 2013 non
1319 1959 1599 2013 exaudiam
1647 1974 1734 2013 eos
1768 1958 1832 2011 “.
1883 1957 1999 2012 Non

424 2059 837 2114 permaneamus
872 2047 927 2101 in
967 2049 1150 2103 cordis
1186 2049 1407 2116 duritia,
1459 2061 1515 2104 et
1548 2048 1617 2103 ad
1663 2049 1999 2104 iracundiam

424 2153 780 2206 provocemus
800 2139 992 2206 Deum,
1016 2151 1072 2196 et
1099 2140 1195 2197 tiat
1222 2142 1477 2198 inimicus
1498 2152 1702 2207 noster,
1732 2153 1785 2197 et
1816 2142 1959 2196 dicat
1984 2159 2000 2196 :

424 2229 540 2302 Ego
566 2244 737 2287 autem
768 2234 904 2288 dabo
928 2236 1005 2289 eis
1035 2247 1296 2305 pra'cepta
1337 2253 1440 2291 non
1470 2238 1629 2302 bona,
1660 2246 1706 2290 et
1732 2235 2004 2306 justi/ica-

422 2325 589 2378 tiones
641 2326 697 2378 in
743 2327 932 2397 quibus
983 2343 1086 2381 non
1127 2330 1300 2383 vivant
1346 2328 1426 2395 ¹⁸;
1477 2329 1604 2397 quia
1655 2327 2008 2383 comederunt

424 2418 663 2474 fructum
708 2419 1002 2487 mendacii,
1042 2431 1097 2476 et
1145 2421 1512 2476 adoraverunt
1545 2434 1709 2487 opera
1745 2434 2003 2473 manuum

424 2525 671 2575 suarum,
701 2521 755 2566 et
782 2512 985 2581 repleta
1018 2523 1102 2567 est
1139 2522 1281 2567 terra
1322 2527 1513 2567 eorum
1552 2527 1581 2565 a
1610 2510 1877 2582 principio
1909 2526 2006 2564 au-

425 2601 601 2671 gurio,
628 2612 680 2657 ut
719 2612 867 2658 terra
894 2603 1339 2675 alienigenarum.

498 2694 670 2749 XXX.
708 2695 786 2751 Ne
819 2705 1104 2767 postquam
1158 2695 1651 2751 renuntiaverimus
1694 2692 1913 2756 saeculo,
1956 2701 2011 2747 et

427 2788 758 2858 cmperimus
786 2788 1041 2843 vexillum
1071 2789 1250 2844 crucis
1279 2790 1457 2857 sequi,
1498 2789 1696 2843 iterum
1725 2786 1791 2840 ad
1825 2794 2007 2855 poste-

432 2879 575 2932 riora
618 2876 900 2941 conversi,
948 2891 1261 2946 qumramus
1298 2877 1642 2948 refrigerium
1691 2877 2007 2945 temporale,

429 2966 715 3022 imitantes
748 2967 1006 3037 Ephraim
1047 2968 1314 3022 dicentem
1346 2985 1360 3021 :
1394 2966 1543 3022 Dives
1580 2968 1759 3037 factus
1789 2982 1928 3029 sum,
1960 2975 2012 3018 et

427 3059 605 3115 inveni
654 3059 981 3130 refrigerium
1019 3060 1149 3114 mitti
1179 3060 1254 3124 ";
1293 3074 1361 3114 ne
1400 3060 1684 3115 audiamus
1707 3059 1836 3113 illud
1865 3056 2006 3128 quod

431 3162 486 3208 et
511 3151 600 3207 ille
640 3151 839 3206 meruit
880 3151 1109 3205 audire:
1146 3150 1337 3206 Omnes
1365 3150 1567 3204 labores
1607 3149 1752 3205 illius
1788 3165 1889 3203 non
1926 3150 2011 3201 in-

433 3243 714 3298 veniuntur
756 3259 866 3313 prta
912 3242 1303 3312 iniquitatibus,
1342 3242 1397 3295 in
1437 3241 1624 3312 quibus
1663 3241 1891 3311 peccavit
1943 3240 2011 3293 ³⁷.

433 3336 500 3391 Et
528 3350 597 3390 ne
621 3334 750 3390 illud
781 3336 1066 3406 impleatur
1094 3334 1148 3390 itt
1192 3336 1344 3390 nobis
1375 3352 1389 3389 :
1423 3334 1663 3404 Capistis
1697 3335 1921 3402 spiritu,
1966 3343 2013 3386 et

434 3438 571 3484 nunc
607 3444 781 3483 carne.
814 3429 1252 3483 consummamini
1288 3444 1308 3481 :
1354 3437 1500 3482 tanta
1544 3428 1688 3496 passi
1729 3428 1851 3481 estis
1905 3426 2018 3480 sine

433 3535 597 3574 causa
627 3519 706 3574 "l
737 3519 803 3574 Et
844 3520 933 3574 ille
971 3532 1159 3574 contra
1207 3534 1307 3574 nos
1341 3534 1522 3574 sermo
1573 3518 1785 3572 dicatur
1846 3535 1858 3571 :
1912 3516 2019 3570 Leti:

434 3612 587 3681 periit
635 3629 667 3666 a
714 3612 1027 3679 sacerdote,
1066 3622 1115 3666 et
1163 3610 1441 3667 consilium
1492 3627 1525 3663 a
1574 3608 1905 3672 senioribus;
1969 3618 2016 3662 et

436 3719 625 3759 manus
653 3703 836 3775 populi
865 3704 1139 3759 dissoluit?
1166 3714 1286 3757 sunt
1319 3704 1365 3736 ¹⁹
1397 3721 1409 3755 :
1438 3718 1583 3755 senes
1608 3704 1672 3755 de
1693 3711 1842 3770 porta
1873 3700 2020 3769 quie-

436 3808 640 3861 verunt,
665 3798 814 3853 electi
846 3814 878 3851 a
906 3796 1124 3865 psalmis
1154 3796 1265 3850 suis
1292 3804 1618 3849 cessaverunt
1646 3794 1713 3849 ⁸⁸.
1746 3792 2015 3847 Rursum-

438 3906 546 3957 que
594 3892 845 3945 dicatur:
894 3887 1123 3959 Propter
1165 3904 1253 3944 vos
1298 3904 1485 3942 nomen
1529 3888 1918 3951 blasphematur
1967 3885 2021 3938 in

438 3984 678 4053 gentibus
711 3984 779 4049 ³¹;
813 3992 866 4037 et
899 3982 1227 4052 contemptis
1254 3981 1685 4037 institutionibus
1712 3977 1891 4034 Patris
1922 3992 2011 4032 no-

438 4076 538 4133 stri
565 4074 818 4144 subrepat
849 4073 1077 4139 oblivio,
1104 4072 1567 4143 mediatorcmque
1594 4072 1684 4127 ι)θί
1706 4079 1868 4139 atque
1896 4083 2022 4123 sau-

440 4170 653 4215 ctorum
678 4168 865 4214 nostro
895 4157 1025 4213 vitio
1052 4158 1407 4229 negligamus.

516 4252 713 4307 XXXI.
744 4251 876 4317 Quis
902 4251 1046 4306 enim
1077 4250 1304 4318 fructus,
1346 4258 1439 4305 aut
1469 4249 1612 4321 quod
1644 4250 1853 4322 signum
1886 4267 2023 4321 prae-

440 4354 726 4417 ceptorum
763 4344 858 4400 Dei
891 4344 1199 4399 inveniatur
1229 4345 1281 4399 in
1317 4343 1494 4408 nobis,
1534 4354 1627 4398 aut
1667 4344 1719 4398 in
1753 4360 1859 4414 quo
1891 4362 2021 4415 pro-

2104 1874 2280 1927 derent
2323 1872 2529 1925 animas
2557 1885 2681 1923 suas
2715 1868 2771 1920 in
2797 1866 2918 1921 sinu
2965 1874 3191 1917 matrum
3226 1874 3443 1916 suarum
3473 1857 3543 1911 ⁸⁸.
3578 1855 3687 1909 Sci-

2106 1980 2227 2020 tnns
2257 1963 2403 2034 quod
2433 1978 2535 2016 non
2566 1961 2620 2015 in
2663 1958 2977 2028 fortitudine
3021 1954 3139 2024 equi
3174 1952 3293 2008 velit
3328 1950 3494 2015 Deus,
3523 1946 3687 2018 neque

2104 2055 2157 2109 in
2190 2053 2474 2124 femoribus
2510 2053 2605 2107 viri
2636 2050 2735 2106 sibi
2760 2048 3076 2119 complaceat
3110 2046 3175 2100 ³⁹.

2180 2145 2419 2202 XXXIII.
2489 2144 2552 2198 Et
2610 2143 2809 2197 idcirco
2858 2148 3197 2195 revertamur
3250 2135 3316 2191 ad
3394 2130 3686 2189 Dominum

2110 2241 2274 2296 Deum
2299 2248 2569 2304 nostrum,
2594 2245 2651 2290 ut
2673 2234 2886 2305 quando
2911 2231 3249 2288 oraverimus
3274 2226 3535 2283 exaudiat
3563 2238 3683 2286 nos,

2110 2324 2211 2405 qui
2246 2332 2487 2404 quotidie
2524 2330 2773 2384 hortatur
2811 2335 2872 2380 ut
2915 2336 3168 2379 vacemus
3206 2330 3261 2376 et
3292 2330 3690 2388 cognoscamus

2107 2441 2252 2481 eum.
2283 2425 2347 2478 Et
2378 2424 2504 2477 alibi
2556 2421 2796 2489 loquitur
2829 2435 2843 2473 :
2884 2415 3223 2473 Revertimini
3250 2415 3317 2467 ad
3365 2428 3469 2475 me,
3514 2419 3563 2463 et
3598 2422 3688 2477 ego

2110 2527 2342 2572 revertar
2381 2515 2451 2567 ad
2487 2531 2573 2569 vos
2605 2514 2687 2579 ‘°;
2720 2522 2772 2568 et
2821 2512 3015 2565 iterum
3053 2528 3066 2562 :
3109 2504 3446 2560 Revertimini
3490 2505 3559 2554 ad
3592 2516 3689 2563 nte,

2107 2608 2212 2678 ﬁlii
2244 2608 2561 2672 recedentes,
2589 2614 2637 2661 et
2676 2620 2767 2674 ego
2804 2602 3115 2655 dominabor
3149 2598 3303 2651 vestri
3337 2594 3402 2645 δ’.
3439 2588 3689 2646 Ezechiel

2110 2699 2361 2757 similiter
2388 2706 2728 2753 contestatur
2760 2712 2824 2752 ac
2851 2696 2979 2750 dicit
3006 2712 3019 2747 :
3050 2690 3225 2757 Quare
3252 2686 3568 2749 moriemini,
3598 2682 3691 2736 do-

2110 2810 2227 2849 mus
2261 2790 2469 2846 Israel?
2500 2788 2639 2845 Nolo
2674 2799 2891 2845 mortem
2923 2785 3244 2857 peccatoris;
3282 2792 3486 2835 tantum
3520 2788 3576 2829 ut
3609 2791 3692 2828 re-

2112 2894 2345 2940 vertatur
2385 2884 2449 2938 de
2479 2884 2562 2938 via
2604 2883 2748 2937 mala
2783 2899 2906 2945 sua,
2942 2889 2988 2934 et
3018 2880 3153 2933 vivat
3185 2876 3253 2928 δ’.
3289 2873 3356 2927 Et
3386 2868 3693 2927 clementis-

2113 2977 2283 3032 simus
2319 2992 2381 3031 ac
2414 2976 2580 3031 totius
2605 2974 2866 3030 bonitatis
2893 2981 3056 3042 caput
3086 2970 3283 3026 clamat
3316 2967 3368 3019 in
3404 2961 3694 3031 Ενειηιιειῖο

2115 3072 2181 3126 ad
2215 3084 2314 3126 nos
2351 3069 2613 3125 Dominus
2645 3076 2810 3137 atque
2836 3076 3068 3122 testatur
3099 3079 3114 3117 :
3154 3060 3336 3115 Venite
3366 3057 3435 3111 ad
3470 3070 3551 3109 me
3582 3071 3693 3106 om-

2119 3181 2208 3219 nes
2234 3165 2321 3234 qui
2346 3162 2599 3217 laboratis
2629 3169 2677 3216 et
2710 3159 2914 3216 onerati
2942 3158 3091 3222 estis,
3123 3163 3169 3210 et
3206 3169 3296 3224 ego
3327 3150 3560 3219 reficiam
3585 3161 3692 3199 vos.

2122 3253 2311 3308 Tollite
2331 3253 2523 3323 jugum
2554 3268 2724 3307 meum
2754 3267 2910 3321 super
2936 3265 3047 3313 vos,
3078 3256 3128 3302 et
3161 3245 3341 3299 discite
3366 3260 3400 3295 a
3438 3256 3543 3303 me,
3573 3240 3694 3307 quia

2118 3346 2261 3400 mitis
2302 3360 2416 3399 sum
2456 3354 2503 3399 et
2541 3342 2754 3398 humilis
2805 3340 2962 3394 corde
3009 3354 3028 3393 :
3069 3347 3116 3392 et
3161 3333 3430 3407 invenietis
3469 3329 3695 3397 requiem

2120 3435 2396 3490 animabus
2424 3435 2605 3490 vestris
2640 3434 2707 3485 “.
2738 3431 3162 3487 Consideremus
3190 3425 3331 3496 quod
3358 3422 3573 3478 bonitas
3602 3417 3695 3471 Dei

2121 3528 2186 3581 ad
2227 3526 2603 3596 paenitentiam
2644 3539 2742 3580 nos
2791 3519 3137 3593 provocet“,
3168 3527 3222 3574 et
3254 3514 3427 3571 sancti
3471 3510 3571 3564 viri
3599 3524 3695 3563 co-

2122 3616 2412 3671 hortantur
2434 3616 2500 3671 ad
2524 3615 2774 3671 salutem.
2806 3612 2920 3668 Non
2963 3611 3277 3665 induremus
3300 3604 3464 3660 corda
3491 3610 3695 3661 nostra,

2122 3722 2298 3776 neque
2321 3707 2751 3761 tbesaurizemus
2784 3705 2920 3759 iram
2951 3701 3107 3758 nobis
3139 3700 3189 3753 in
3225 3697 3310 3752 die
3339 3696 3434 3751 ira:
3460 3702 3515 3747 et
3545 3706 3697 3746 reve-

2125 3797 2345 3854 lationis
2364 3797 2495 3868 justi
2524 3797 2715 3866 judicii
2749 3798 2865 3862 Del,
2893 3795 2984 3865 qui
3021 3793 3207 3847 reddet
3232 3787 3524 3855 unicuique
3545 3780 3696 3850 juxta

2124 3905 2288 3961 opera
2319 3905 2417 3945 sua
2449 3906 2465 3944 :
2501 3889 2593 3945 sed
2624 3905 2690 3945 ex
2719 3898 2831 3944 toto
2860 3888 3022 3943 corde
3056 3892 3391 3941 revertamur
3424 3880 3491 3934 ad
3518 3878 3700 3933 Domi-

2125 4000 2276 4049 num,
2326 3992 2382 4039 et
2436 3982 2735 4039 secundum
2778 3981 2945 4053 Moysi
2980 3979 3143 4035 verba
3193 3972 3545 4031 memorantis
3584 3990 3597 4025 :
3640 3968 3700 4024 St

2126 4062 2405 4132 revertaris
2443 4076 2512 4129 ad
2543 4070 2826 4129 Dominum
2858 4090 2923 4127 ea:
2954 4084 3060 4126 toto
3092 4070 3245 4126 corde
3286 4078 3396 4135 tuo,
3428 4064 3701 4118 mundabit

2123 4185 2215 4223 cor
2243 4176 2392 4223 tuum
2422 4176 2467 4220 et
2496 4182 2588 4221 cor
2621 4167 2834 4221 seminis
2865 4166 2940 4219 tui
2974 4166 3043 4219 “.

2198 4258 2441 4316 XXXIV.
2484 4259 2818 4316 Laboremus
2848 4259 2989 4314 sicut
3017 4257 3140 4312 boni
3168 4255 3364 4310 milites
3388 4251 3613 4315 Christi,
3637 4260 3693 4305 et

2128 4351 2483 4408 observemus
2512 4353 2640 4408 illud
2668 4353 2810 4422 quod
2832 4350 3091 4418 scriptum
3119 4357 3202 4403 est
3227 4366 3242 4401 :
3276 4343 3443 4400 Nemo
3470 4345 3705 4397 militans

440 4438 731 4494 fessionem
761 4436 1079 4508 impleamus
1103 4436 1419 4507 arreptam?
1444 4434 1634 4491 Nonne
1660 4438 1838 4491 omnia
1863 4436 2007 4492 dimi-

2134 4446 2239 4501 Dso
2276 4446 2505 4514 implicat
2550 4463 2606 4500 se
2645 4436 2875 4515 negotiis
2901 4440 3266 4505 sa'cularibus,
3302 4451 3354 4492 ut
3395 4441 3442 4494 ei
3470 4439 3554 4491 cui
3602 4440 3705 4489 mi-

437 4532 641 4597 simus,
681 4539 737 4585 et
787 4530 1031 4585 avaritia:
1084 4529 1445 4596 subjacemus,
1480 4540 1534 4583 et
1569 4529 1767 4584 dicitur
1821 4529 2018 4586 nobis:

440 4621 596 4677 Unde
626 4622 783 4689 bella,
808 4632 855 4677 et
904 4639 1093 4693 pugnis
1136 4622 1222 4675 "1
1266 4636 1445 4677 nonne
1484 4637 1550 4676 ex
1581 4620 1849 4676 avaritia?
1889 4620 2024 4676 Nam

436 4716 565 4786 quia
592 4715 971 4786 unusquisque
1000 4717 1199 4786 qmerit
1225 4715 1514 4771 utilitatem
1551 4731 1731 4779 suam,
1763 4732 1867 4770 non
1898 4731 2018 4785 pro-

440 4809 605 4876 ximi;
645 4822 817 4877 usque
857 4808 1016 4863 hodie
1063 4810 1252 4863 vivens
1282 4807 1532 4864 Ezechiel
1566 4808 1868 4880 prophetali
1905 4825 2023 4865 ser-

436 4915 599 4956 mone
640 4917 739 4958 nos
784 4901 1012 4972 corripit
1057 4900 1246 4955 dicens
1286 4918 1298 4953 :
1350 4898 1720 4971 Negotiatores
1762 4913 1909 4955 erant
1967 4904 2021 4956 in

436 5004 486 5052 te
517 4996 582 5051 ³³.
626 4995 801 5051 Filius
845 4997 1125 5050 inbonorat
1172 5003 1407 5059 patrem,
1445 5005 1493 5047 et
1543 5005 1692 5063 pater
1739 4994 2019 5064 exprobrat

436 5089 552 5157 ﬁlio
582 5089 651 5145 “.
682 5089 822 5156 Quid
851 5090 903 5143 in
938 5088 1025 5143 die
1052 5087 1243 5157 judicii
1280 5088 1752 5157 respondebimus,
1779 5100 1870 5143 aut
1894 5092 2020 5157 quid

436 5182 489 5236 in
528 5183 827 5239 novissimo
860 5192 1100 5252 tempore
1128 5196 1225 5252 pro
1250 5179 1567 5235 defensioue
1599 5192 1781 5237 nostra
1817 5185 2013 5254 poteri.

530 5389 575 5420 "'
614 5387 771 5443 Joan.
815 5405 872 5449 Il,
912 5389 998 5443 16.
1106 5391 1149 5420 ¹⁹
1191 5388 1379 5443 Matth.
1410 5404 1524 5454 ut,
1567 5388 1649 5443 I3.

440 5460 486 5493 ’³
529 5460 724 5514 Ezech.
768 5475 860 5520 xx,
894 5459 948 5512 8.
1024 5460 1069 5489 ἰ
1110 5460 1239 5513 una.
1278 5462 1366 5515 is.
1447 5460 1492 5491 "
1536 5459 1661 5513 ibid.
1702 5459 1793 5513 25.

437 5531 531 5585 27.
610 5529 655 5559 ³⁸
693 5528 893 5583 Thrcn.
926 5545 981 5590 v,
1014 5528 1097 5583 H.
1216 5532 1255 5561 ³¹
1290 5532 1444 5584 Horn.
1487 5546 1547 5593 tl,
1578 5529 1669 5584 ΞΜ.

440 5599 607 5666 v.5I.
658 5600 703 5632 ³⁸
746 5600 970 5661 θείων,
998 5601 1051 5653 9.
1128 5601 1168 5631 ³⁷
1193 5599 1233 5653 ΙΙ
1265 5600 1409 5655 Petr.
1448 5617 1509 5665 ιι,
1544 5604 1633 5653 ii.

439 5674 528 5727 εξ.
616 5673 659 5701 ⁸¹
703 5672 897 5725 ΕιρεΙι.
925 5687 1077 5735 xuii,
1103 5672 1191 5733 5t,
1226 5671 1315 5726 52.

442 5758 503 5811 t,
533 5741 655 5799 4-6.
752 5742 796 5774 "
839 5741 999 5799 Miclt.
1038 5758 1111 5809 tv,
1152 5742 1203 5795 5.
1282 5742 1325 5773 ""
1367 5741 1505 5798 I’sal.
1546 5758 1654 5807 xix,
1695 5743 1747 5808 8,
1790 5744 1842 5798 9.

1745 5389 1791 5462 Ῐθ
1833 5389 1932 5443 1⁵⁵⁵·
1968 5409 2063 5457 ιη.
2093 5394 2161 5459 5;
2193 5394 2347 5454 Hom.
2397 5412 2457 5462 ll,
2498 5396 2586 5450 ει.
2665 5396 2707 5427 ¹¹
2749 5395 2764 5449 1
2798 5394 2926 5451 Cor.
2959 5408 3035 5459 st,
3067 5392 3158 5459 21,
3197 5389 3288 5462 22.

1897 5465 1942 5493 ¹⁶
1982 5467 2087 5519 Use
2127 5482 2227 5530 xu,
2264 5473 2317 5520 8.

1756 5532 1798 5559 δ’
1835 5530 1948 5586 Jac.
1984 5552 2055 5599 tv,
2090 5538 2138 5588 I.

1715 5601 1757 5631 ³⁸
1784 5602 1983 5660 'l'breu.
2012 5596 2069 5672 ιι,
2112 5608 2196 5667 II.
2228 5609 2309 5663 12.
2386 5608 2429 5639 "
2471 5608 2608 5662 Psal.
2641 5596 2820 5671 etut,
2848 5608 2930 5662 I0.
3010 5605 3054 5637 ⁸⁰
3093 5606 3202 5661 .Icr.
3248 5619 3327 5665 ιιι,
3357 5602 3461 5672 Νη
3505 5596 3713 5672 ξ’ῌιὶιι.

1421 5673 1464 5701 ⁸³
1506 5672 1693 5725 Matth.
1742 5688 1817 5733 tu,
1857 5676 1947 5740 28,
1977 5679 2065 5732 ‘29.

2134 4539 2274 4605 litat,
2299 4539 2522 4606 placeat.
2562 4536 2622 4592 Si
2663 4548 2840 4591 autent
2872 4534 2989 4605 quis
3038 4544 3082 4588 et
3109 4534 3163 4587 in
3200 4549 3363 4604 agone
3406 4532 3706 4592 contendat,

2140 4648 2243 4686 non
2276 4640 2565 4684 coronatur
2605 4629 2707 4683 nisi
2746 4630 2976 4699 legitime
3018 4627 3313 4681 certaverit.
3357 4623 3708 4678 Laborantem

2133 4724 2421 4794 agricolam
2458 4732 2657 4792 oportet
2698 4724 2926 4793 primum
2956 4723 3018 4773 de
3057 4720 3313 4788 fructibus
3347 4716 3459 4786 ejus
3490 4714 3709 4785 partici-

2133 4832 2260 4886 pare
2288 4814 2353 4869 “.
2386 4812 2660 4886 Scriptum
2682 4823 2761 4868 est
2790 4832 2807 4869 :
2841 4812 3032 4870 Omnes
3053 4811 3229 4880 pepuli
3255 4809 3401 4862 ibunt
3422 4806 3706 4873 unusquis-

2134 4924 2234 4979 que
2268 4908 2321 4961 in
2357 4908 2494 4962 viam
2528 4923 2681 4961 suam
2707 4906 2771 4961 ".
2807 4904 2919 4961 Nos
2954 4918 3127 4961 autem
3163 4907 3218 4959 in
3256 4901 3463 4956 nomine
3500 4896 3710 4952 Domini

2132 5003 2231 5057 Dei
2261 5002 2428 5057 nostri
2455 5001 2939 5073 magniﬁcabimur.
2966 4999 3079 5069 Ipsi
3105 4997 3339 5069 impediti
3362 5004 3481 5051 sunt
3503 5003 3551 5048 et
3578 4992 3712 5046 ceci-

2133 5096 2322 5149 derunt
2348 5110 2366 5149 :
2396 5111 2489 5150 nos
2518 5106 2693 5150 autem
2725 5096 3053 5149 surreximus
3084 5102 3130 5147 et
3161 5090 3317 5146 erecti
3346 5103 3523 5143 sumus
3550 5084 3615 5138 “.

2208 5182 2430 5241 XXXV.
2499 5183 2604 5252 Qui
2644 5184 2877 5239 ambulat
2926 5185 2978 5238 in
3006 5184 3110 5250 die,
3158 5198 3262 5237 non
3310 5177 3580 5249 impingit;
3621 5175 3712 5245 qui

3372 5388 3417 5420 ²¹
3458 5384 3583 5439 ibid.
3622 5383 3711 5437 54.

2414 5455 2457 5498 ’θ
2492 5468 2618 5521 ibid.
2655 5467 2700 5498 ³⁸
2738 5464 2856 5521 ϐίοι.
2888 5455 3029 5526 Itt,‘5,
3066 5465 3115 5517 4.
3145 5455 3154 5459 ’
3191 5465 3234 5494 ⁸⁹
3275 5459 3470 5515 Ezecb.
3504 5472 3594 5510 vn.
3623 5455 3713 5516 26.

2236 5538 2280 5569 ³³
2322 5538 2518 5592 Eeech.
2548 5553 2718 5601 xxvii,
2757 5538 2847 5590 2i.
2964 5535 3009 5565 ”
3046 5537 3212 5589 Micb.
3246 5549 3339 5593 vti,
3368 5531 3420 5585 6.
3589 5527 3713 5601 dcc.

2164 5666 2209 5710 ‘7"
2249 5680 2404 5735 Ilom.
2450 5696 2509 5745 II,
2554 5679 2671 5733 4-6.
2756 5666 2816 5709 ’δ’
2844 5681 2997 5733 lit-ut.
3041 5693 3168 5743 xxx,
3207 5675 3261 5741 2,
3292 5675 3347 5728 6.
3418 5670 3465 5701 “
3502 5668 3543 5724 Il
3578 5666 3713 5721 Tim.
