3858 6316
131 308 263 367 885

993 303 1051 360 s.
1099 299 1393 360 onsmsu
1429 298 1780 362 socrum
1823 297 1915 357 ne
1940 294 2294 385 msrrrur.
2334 286 2638 353 nomen.

3335 241 3442 343 sm.

129 439 332 478 amem
373 424 431 478 in
477 433 625 478 nocte
663 394 912 493 graditur
951 421 1214 491 impingit,
1268 423 1392 489 quia
1434 422 1606 476 lumen
1650 438 1752 476 non
1782 425 1829 482 Α
1858 420 1913 474 in
1941 421 2130 476 eodem
2169 418 2288 474 loco
2313 415 2510 486 jungit,
2539 429 2603 467 ac
2642 410 2771 467 dicit
2808 427 2822 463 :
2864 404 2994 462 Dedi
3023 405 3097 460 eis
3125 399 3438 458 consolaltc-
3503 454 3505 458 .

131 524 220 568 est
260 517 324 568 in
367 530 432 568 eo
472 515 543 569 δ’.
581 511 696 568 Nos
732 522 930 579 autem,
974 513 1116 567 sicut
1146 513 1282 566 dixit
1308 513 1620 582 Apostolus,
1651 528 1753 565 non

132 623 344 661 sumus
373 606 479 675 ﬁlii
509 604 966 676 pmoaricationis
994 605 1053 658 in
1081 603 1456 674 perditionem,
1496 602 1586 658 sed
1628 603 1756 671 ﬁdei

138 699 202 752 in
233 699 650 770 acquisitionem
683 698 876 751 animo:
913 696 981 762 ";
1013 704 1067 752 et
1105 695 1234 752 alibi
1264 715 1278 751 :
1314 695 1528 764 Omnes,
1557 696 1754 766 inquit,

139 791 260 858 ﬁlii
293 792 433 844 lucis
461 789 610 852 estis,
654 799 701 844 et
741 787 842 857 ﬁlii
882 787 1002 843 Dei.
1051 786 1175 842 Non
1212 805 1394 843 sumus
1429 788 1530 857 ﬁlii
1567 789 1754 854 noctis,

144 901 333 953 neque
366 886 705 938 tenebrarum
734 882 802 937 ⁸¹.
832 881 888 937 Si
919 895 1050 953 ergo
1080 896 1268 937 sumus
1295 880 1390 936 lilii
1416 879 1569 946 lucis,
1597 880 1757 936 debe-

150 991 292 1030 mus
326 977 475 1032 scire
501 990 622 1045 quae
654 974 792 1034 lucis
824 984 970 1040 sunt,
998 983 1050 1031 et
1082 974 1260 1030 facere
1297 974 1504 1029 fructus
1540 973 1758 1030 luminis

147 1068 207 1121 in
245 1067 406 1121 omni
435 1081 602 1137 opere
629 1067 774 1122 bono
807 1085 820 1122 :
852 1067 992 1137 quod
1038 1067 1183 1122 enim
1231 1065 1629 1129 manifestatur,
1667 1065 1755 1120 lux

147 1175 184 1214 e
226 1158 372 1238 ι.δί
415 1160 467 1213 in
507 1169 619 1214 toto
650 1161 816 1215 corde
852 1167 1194 1215 revertamur
1240 1159 1304 1213 ad
1351 1159 1659 1224 Dominum,
1707 1167 1760 1213 et

149 1252 210 1304 in
274 1251 570 1322 praeceptis
605 1261 918 1307 sanctorum
956 1251 1100 1306 illius
1130 1260 1184 1306 et
1213 1249 1390 1306 Patris
1423 1250 1594 1306 nostri
1628 1251 1758 1305 sim.

151 1345 296 1413 plici
321 1343 493 1398 corde
510 1357 922 1410 conversamur,
943 1343 1339 1399 abundabimus
1361 1345 1413 1398 in
1431 1343 1576 1397 omni
1595 1357 1760 1413 opere

151 1436 333 1491 horto.
380 1434 537 1503 Quod
586 1435 628 1490 si
676 1448 996 1504 superemur
1043 1435 1226 1490 carnis
1268 1435 1663 1503 voluptatibus,
1706 1434 1758 1489 in

155 1529 256 1583 die
286 1527 452 1597 quasi
502 1527 554 1581 in
601 1527 777 1582 media
824 1533 983 1582 nocte
1022 1528 1286 1598 parietem
1324 1527 1679 1597 palpabimus,
1709 1536 1762 1580 et

166 1635 289 1673 non
320 1619 672 1673 inveniemus
704 1617 845 1672 viam
884 1616 1124 1673 civitatis
1146 1625 1200 1672 et
1231 1617 1528 1673 habitaculi
1565 1617 1758 1681 nostri;

162 1711 241 1763 de
269 1724 387 1778 quo
412 1709 618 1762 dicitur
645 1723 659 1760 :
695 1703 1052 1761 Esurientium
1079 1716 1125 1762 et
1157 1708 1449 1763 sitientium
1470 1709 1649 1762 anima
1671 1711 1758 1763 de-

1860 529 1975 567 nem
2003 527 2202 577 ueram,
2230 526 2411 579 pacem
2442 523 2599 576 super
2623 521 2806 575 pacem
2838 503 2918 556 ltis
2961 500 3053 570 qui
3091 505 3240 552 erant
3279 508 3437 565 prope

1858 616 1906 658 et
1937 603 2120 674 longe;
2155 602 2389 672 dixitque
2415 599 2696 663 Dominus,
2729 594 2939 650 Sauabo
2975 606 3062 647 eos
3089 589 3156 643 “.
3183 587 3350 656 Cujus
3380 591 3443 639 ut

1857 695 2014 766 plene
2063 693 2489 750 misericordiam
2533 700 2944 759 cognoscamus,
2991 681 3240 740 leremiae
3326 691 3439 733 ser-

1859 801 2020 842 mone
2054 787 2231 851 docet,
2272 786 2505 839 diccns:
2547 779 2606 837 Si
2640 779 2896 835 eleuatum
2947 775 3106 846 fuerit
3157 769 3345 827 caelum
3385 767 3442 820 in

1859 877 2104 944 sublime,
2125 885 2173 931 et
2197 877 2241 930 si
2268 875 2607 930 humiliatum
2627 872 2975 939 pavimentum
2993 876 3147 921 terra:
3171 864 3439 925 deorsum,

1857 987 1952 1041 ego
1983 985 2086 1023 non
2119 967 2337 1037 reprobo
2366 975 2567 1036 gentem
2595 963 2763 1018 Israel
2791 976 2886 1031 pro
2923 958 3163 1014 omnibus
3199 969 3318 1026 quas
3357 951 3439 1020 fe:-

1861 1078 1979 1119 ceru
1989 1073 2039 1115 nt
2071 1060 2138 1115 “.

1934 1151 2225 1210 XXXVIII.
2261 1153 2506 1222 Cumque
2537 1159 2688 1204 tanta
2713 1145 3002 1204 clementia
3029 1144 3100 1199 sit
3135 1138 3440 1197 Salvatoris

1861 1247 2098 1314 Domini,
2139 1255 2194 1300 et
2227 1260 2324 1301 nos
2360 1250 2616 1314 provocet
2654 1241 2723 1295 ad
2761 1237 3015 1298 Salutem,
3059 1241 3442 1290 convertamus

1862 1338 2027 1398 corda
2067 1343 2251 1390 nostra
2303 1335 2370 1387 ad
2403 1346 2526 1386 eum
2567 1347 2581 1382 :
2623 1329 2763 1395 Quia
2804 1329 2920 1397 jam
2968 1327 3098 1380 hora
3139 1333 3213 1379 est
3263 1333 3319 1376 ut
3377 1322 3442 1374 de

1861 1445 2044 1485 somno
2075 1427 2380 1496 evigilemus
2415 1441 2432 1478 :
2463 1439 2566 1478 nox
2596 1420 2883 1493 praecessit,
2915 1419 3026 1472 dies
3062 1427 3235 1470 autem
3260 1427 3446 1485 appro-

1861 1519 2129 1591 pinquavit
2151 1518 2506 1586 ;deponamus
2531 1529 2654 1584 ergo
2681 1526 2836 1579 opera
2869 1511 3222 1571 tenebrarum,
3249 1507 3446 1560 indua-

1863 1628 1984 1666 mur
2007 1627 2160 1664 arum
2183 1607 2314 1663 lucis
2342 1608 2410 1659 ".
2441 1605 2616 1660 Filioli
2646 1603 2774 1668 mei,
2793 1602 3025 1671 primum
3053 1615 3120 1654 ex
3147 1607 3258 1655 toto
3281 1595 3447 1653 corde

1863 1700 2153 1773 diligamus
2177 1699 2344 1755 Deum
2363 1697 2602 1764 {deinde
2666 1691 3029 1760 nosmetipsos
3055 1703 3298 1744 amemus
3329 1700 3461 1741 muv

159 1768 400 1868 ﬁcia";
432 1800 564 1869 quia
590 1807 1038 1868 contempserunt
1063 1797 1238 1867 legent
1261 1799 1364 1854 sibi
1395 1814 1424 1853 a
1456 1799 1568 1855 Deo
1597 1801 1765 1853 ινδιξ-
1794 1768 1837 1824 Β
1869 1768 1990 1859 tuo:
2014 1808 2284 1851 memores
2311 1798 2707 1863 praeceptorum
2743 1785 2840 1841 Dei
2875 1782 3199 1846 Salvatoris,
3243 1780 3297 1835 in
3332 1779 3451 1850 qui-"-

165 1906 312 1957 tam,
351 1903 408 1949 et
441 1906 630 1948 vocem
671 1892 1056 1962 prophetarum
1095 1906 1200 1946 non
1240 1887 1564 1961 audierunt;
1597 1902 1652 1949 et
1679 1893 1763 1948 id-

161 1989 324 2042 circo
355 2002 466 2042 non
505 1994 798 2057 potuerunt
836 1986 904 2040 ad
935 1989 1257 2058 promissam
1291 1986 1536 2057 requiem
1573 2003 1764 2058 perve-

161 2080 315 2133 n're.

251 2167 505 2225 XXXVI.
533 2165 835 2241 Vigilemus
865 2177 919 2224 et
947 2169 1139 2224 attenti
1182 2169 1383 2236 simus;
1414 2169 1458 2225 si
1489 2169 1633 2226 enim
1666 2187 1764 2226 na-

168 2259 454 2316 lttraliblts
498 2275 604 2316 non
645 2260 908 2332 pepercit,
950 2275 1051 2315 nec
1092 2261 1249 2317 nobis
1293 2274 1482 2332 parcet
1527 2263 1594 2318 ³³.
1649 2263 1766 2319 Non

165 2354 241 2406 de
265 2353 511 2420 cunctis,
549 2351 642 2408 sed
661 2356 727 2408 de
757 2352 1158 2424 negligentibus
1183 2354 1395 2425 loquor,
1424 2357 1620 2426 quibus
1645 2357 1770 2428 jure

167 2446 459 2514 aptabitur
490 2445 580 2500 illa
623 2445 922 2515 deploratio
966 2464 980 2501 :
1026 2444 1119 2502 Vae
1162 2448 1238 2502 eis
1262 2449 1353 2518 qui
1389 2458 1711 2505 recesserunt
1737 2468 1769 2505 a

172 2537 296 2589 me!
327 2535 604 2606 Manifesti
645 2549 766 2592 sunt
802 2539 925 2608 quia
962 2538 1120 2606 impie
1147 2552 1361 2610 egerunt
1395 2541 1448 2594 in
1478 2558 1559 2595 me
1590 2557 1610 2596 :
1645 2544 1772 2612 quia

172 2627 582 2698 dereliquerunt
608 2645 690 2682 me
715 2629 910 2697 fontem
949 2645 1102 2699 aqua:
1142 2630 1295 2695 vium,
1321 2639 1370 2685 et
1395 2631 1639 2700 foderunt
1672 2631 1772 2686 sibi

173 2720 441 2773 contritas
469 2719 640 2784 lacus,
685 2719 773 2790 qui
803 2735 905 2774 non
933 2729 1152 2789 possunt
1184 2738 1376 2792 aquam
1406 2724 1673 2779 continere
1703 2724 1770 2780 “.

175 2809 250 2863 Et
283 2809 415 2880 quia
452 2825 558 2865 non
605 2811 894 2866 audierunt
923 2810 1136 2880 iudices
1162 2813 1300 2883 ejus,
1336 2815 1559 2871 audiant
1592 2817 1776 2872 dicen-

178 2913 292 2956 tem
332 2902 503 2958 Deum
530 2922 544 2957 :
575 2902 842 2958 Constitui
882 2920 1036 2974 super
1058 2921 1147 2960 vos
1180 2907 1553 2976 speculatores.
1583 2909 1776 2964 Audite

177 3011 362 3050 wcem
403 2996 561 3049 tubae.
605 2995 671 3048 Et
713 2997 960 3050 dixerunt
990 3010 1009 3048 :
1049 2997 1174 3053 Non
1211 2999 1488 3056 audiemus
1516 3003 1583 3057 ".
1626 3002 1778 3059 Unde

1867 1887 1967 1943 bus
1995 1887 2109 1941 ait:
2146 1883 2339 1939 Pacem
2369 1898 2536 1938 meam
2571 1881 2638 1935 do
2675 1878 2846 1945 vobis,
2876 1892 3056 1946 pacem
3085 1891 3252 1930 meam
3288 1872 3450 1927 relin-

1865 1995 1966 2048 quo
1991 1978 2132 2033 vobis
2167 1991 2186 2031 :
2251 1992 2354 2048 non
2387 1975 2518 2030 sicut
2544 1973 2774 2028 mundus
2802 1970 2891 2022 dat
2925 1984 3127 2038 pacem,
3157 1981 3248 2036 ego
3273 1964 3339 2019 do
3364 1979 3453 2018 uo-

1869 2073 1946 2126 bis
1985 2071 2052 2124 “'.
2101 2068 2167 2126 In
2198 2069 2279 2123 Itis
2326 2068 2464 2121 enim
2509 2067 2712 2119 duobus
2754 2060 3023 2116 mandatis
3057 2069 3168 2113 tota
3207 2057 3292 2111 lea:
3325 2071 3451 2124 pen-

1869 2169 1974 2230 det,
2007 2174 2052 2218 et
2077 2164 2340 2233 prophetae
2371 2161 2439 2214 “’.

1942 2254 2186 2311 XXXIX.
2219 2255 2276 2308 Si
2314 2253 2438 2323 quis
2472 2252 2524 2306 in
2555 2251 2716 2306 domo
2755 2245 3071 2304 monasterii
3116 2243 3217 2299 sub
3246 2256 3454 2313 prmpo—

1871 2349 1976 2404 sito
2003 2361 2250 2411 manens,
2282 2344 2428 2398 nulla
2460 2357 2516 2398 re
2543 2341 2792 2413 indigens
2833 2354 2994 2410 quam
3027 2338 3081 2393 in
3118 2337 3451 2391 monasterio

1880 2441 2082 2496 habere
2099 2438 2425 2508 permissum
2448 2444 2562 2503 est;
2585 2443 2637 2490 et
2667 2432 2826 2487 habet
2853 2439 3086 2503 patrem,
3112 2428 3451 2496 fratremque

1873 2549 1928 2595 et
1962 2537 2194 2593 amicum
2229 2532 2635 2598 charissimum,
2674 2529 2810 2585 nihil
2853 2530 2920 2584 ab
2953 2528 3032 2583 eis
3063 2527 3276 2596 penitus
3307 2521 3452 2578 acci-

1879 2631 2016 2703 piat,
2047 2644 2153 2684 non
2185 2627 2441 2687 tunicam,
2475 2638 2582 2678 non
2612 2621 3038 2693 palliolumguon
3072 2618 3232 2671 aliam
3265 2630 3457 2685 quam-

1875 2727 2008 2782 libet
2037 2739 2170 2778 rem.
2208 2721 2262 2776 Si
2302 2726 2484 2773 autem
2517 2713 2925 2785 comprobatum
2962 2711 3126 2765 luerit
3171 2707 3314 2779 quod
3357 2706 3462 2762 mi‘

1877 2835 1980 2875 nus
2017 2815 2210 2873 habeat
2236 2813 2299 2868 de
2327 2811 2408 2866 his
2433 2825 2554 2880 qu:e
2593 2815 2857 2878 prmccpla
2902 2811 3047 2867 sunt,
3087 2801 3244 2870 culpa
3276 2801 3455 2856 omnis

1884 2921 2048 2982 atque
2075 2907 2343 2964 correctio
2361 2905 2427 2966 ad
2462 2900 2806 2973 praepositum
2837 2893 3212 2952 convertatur;

1955 3003 2068 3058 XL.
2105 2999 2214 3055 Vos
2231 2999 2394 3068 igitur
2416 2995 2506 3067 qui
2528 2995 2660 3050 estis
2683 2989 2958 3062 principes
2981 2983 3462 3043 monasteriorum,

181 3088 289 3142 ista
325 3087 720 3144 incredulitas?
747 3076 927 3145 nonne
951 3102 1017 3144 ex
1045 3103 1130 3156 eo,
1163 3092 1288 3160 quia
1321 3091 1528 3150 alienos
1571 3109 1772 3165 cogno-
1804 3107 1846 3167 ο
1883 3097 1924 3152 si
1957 3110 2095 3166 quos
2125 3093 2306 3161 aliqua
2340 3101 2401 3144 re
2431 3085 2674 3142 videritis
2703 3083 2945 3154 indigere
2970 3089 3169 3136 etesse
3197 3077 3248 3132 in
3297 3087 3465 3142 angu-

183 3190 416 3245 verunt,
463 3188 521 3235 et
575 3195 681 3235 non
725 3182 996 3237 adversati
1040 3183 1205 3238 sunt?
1243 3182 1506 3254 Loquitur
1552 3196 1606 3240 et
1649 3189 1774 3242 alibi

182 3271 433 3337 Spiritus
456 3279 787 3342 sanctusper
800 3273 1119 3344 prophetam
1149 3291 1165 3330 :
1191 3271 1301 3344 Ego
1322 3276 1460 3329 enim
1496 3293 1608 3331 sum
1642 3276 1782 3333 Deus

183 3363 456 3418 Dominus
491 3373 635 3430 tuus,
658 3365 748 3436 qui
773 3365 998 3436 [armavi
1026 3365 1233 3433 caelum,
1265 3378 1314 3422 et
1346 3371 1517 3424 creari
1543 3379 1738 3424 terram
1763 3387 1781 3426 :

185 3457 352 3524 cujus
394 3473 584 3509 manus
627 3458 975 3515 condiderunt
1016 3476 1219 3515 onmem
1256 3463 1372 3517 caeli
1417 3463 1694 3530 militiam,
1732 3473 1779 3518 et

187 3565 296 3600 non
340 3549 546 3601 ostendi
583 3565 700 3613 eam
741 3551 858 3617 tibi,
902 3561 958 3604 ut
1006 3553 1306 3609 ambulares
1363 3566 1476 3623 post
1518 3557 1665 3611 illaut
1713 3560 1779 3616 “.

189 3639 352 3704 Quod
383 3641 600 3708 quidem
629 3651 682 3696 et
708 3658 803 3711 per
835 3641 1072 3714 Moysem
1101 3649 1376 3717 praecepit,
1405 3649 1590 3705 dicens
1616 3669 1630 3704 :
1666 3650 1784 3708 Non

189 3748 316 3784 cum
353 3735 652 3802 suspexeris
677 3735 884 3804 mlum,
919 3745 968 3790 et
1002 3738 1200 3793 videris
1235 3740 1396 3794 solem
1426 3752 1475 3795 et
1508 3743 1690 3798 lunam
1721 3762 1783 3799 ac

188 3823 378 3878 stellas
420 3834 468 3878 et
520 3842 673 3900 omne
721 3838 1088 3882 ornamentum
1135 3831 1272 3899 caeli,
1306 3849 1483 3888 errore
1535 3835 1782 3905 deceptus

188 3919 385 3972 adores
424 3934 486 3972 ea
527 3919 594 3973 ".
632 3918 744 3990 Ego
790 3937 908 3975 sum
945 3922 1083 3977 Deus
1123 3926 1216 3996 qui
1255 3927 1418 3980 eduxi
1462 3937 1510 3982 te
1535 3929 1600 3984 de
1642 3939 1784 3986 terra

192 4007 446 4079 AEgypti,
474 4017 524 4063 et
562 4009 731 4064 Deum
761 4021 911 4066 extra
938 4029 1018 4068 me
1051 4015 1241 4081 nescis,
1269 4027 1317 4072 et
1350 4018 1442 4087 qui
1463 4020 1636 4074 salvos
1663 4039 1786 4092 pos-

190 4113 269 4156 set
300 4102 482 4169 facere
521 4101 738 4158 nonest
774 4115 967 4174 prazter
1005 4122 1108 4161 me.
1144 4105 1258 4178 Ego
1288 4125 1407 4164 sum
1443 4112 1535 4181 qui
1576 4120 1626 4167 te
1663 4116 1784 4183 pavi

191 4195 250 4248 in
286 4194 602 4262 solitudine,
637 4197 692 4250 in
731 4209 873 4252 terra
905 4199 1246 4255 inhabitabili
1283 4217 1301 4256 :
1340 4211 1390 4257 et
1430 4203 1632 4271 impleti
1661 4217 1784 4261 sunt

189 4285 506 4350 saturitate,
554 4297 604 4342 et
643 4287 844 4344 elevata
875 4301 998 4346 sunt
1027 4293 1192 4347 corda
1229 4309 1412 4349 eorum
1445 4296 1512 4351 ⁸⁸.
1553 4294 1784 4366 Idcirco,

191 4377 350 4430 obliti
385 4387 508 4431 sunt
533 4379 656 4445 mei,
681 4390 730 4433 et
760 4397 853 4451 ego
881 4382 1089 4437 tradam
1117 4399 1206 4439 eos
1227 4385 1544 4454 dispersioni
1575 4389 1630 4443 in
1658 4407 1787 4462 gen-

191 4471 336 4525 tibus
372 4471 574 4526 cunctis
601 4472 669 4525 ⁸³.

268 4559 540 4616 XXXVII.
583 4560 715 4629 Qua:
748 4565 1032 4622 audientes
1074 4569 1230 4638 quasi
1264 4569 1332 4627 de
1365 4585 1560 4630 somno
1591 4591 1787 4647 exper-

191 4650 498 4721 giscantur,
538 4659 593 4706 et
625 4653 962 4720 praebeamus
998 4671 1098 4713 nos
1132 4657 1323 4730 dignos
1367 4664 1578 4720 Domini
1611 4669 1785 4722 servi-

193 4742 322 4807 tuti,
353 4752 412 4796 ιιι
445 4745 792 4812 misereatur,
824 4755 878 4801 et
905 4747 1051 4803 dicat
1078 4751 1236 4807 uobis
1269 4771 1282 4807 :
1319 4753 1570 4814 lnvocate
1599 4775 1705 4828 me,
1732 4773 1789 4817 et

189 4849 297 4906 ego
338 4836 627 4890 exaudiam
679 4853 792 4894 vos.
841 4839 961 4912 Ipse
993 4843 1139 4897 enim
1189 4845 1264 4901 ait
1309 4865 1322 4902 :
1381 4847 1486 4915 Qui
1535 4853 1786 4924 dispersit

193 4925 397 4988 Israel,
446 4930 781 4998 congregavit
822 4947 938 4983 eum
972 4933 1048 4998 ⁸⁰;
1083 4943 1138 4989 et
1173 4934 1302 4992 alibi
1344 4956 1358 4993 :
1397 4937 1522 4995 Non
1561 4944 1780 5012 faciam,

192 5019 402 5084 inquit,
429 5017 587 5086 juxta
612 5021 746 5074 iram
770 5020 970 5088 furoris
1006 5027 1133 5092 mei,
1165 5045 1258 5084 nec
1291 5031 1367 5084 sic
1397 5033 1690 5103 relinquam
1729 5050 1786 5091 ut

190 5111 404 5162 deleam
455 5109 710 5178 Ephraim
749 5114 826 5180 “;
860 5123 914 5168 et
959 5115 1155 5172 iterum
1204 5138 1217 5174 :
1271 5119 1393 5176 Non
1440 5127 1493 5178 in
1528 5137 1788 5183 mternum

189 5203 417 5272 puniant
446 5219 555 5267 vos,
589 5220 682 5258 nec
707 5222 913 5276 semper
945 5209 1149 5265 irascar
1183 5215 1347 5269 vobis.
1383 5215 1616 5286 Spiritus
1650 5225 1788 5276 enim

191 5307 224 5344 a
265 5306 348 5343 me
387 5293 677 5361 egreditur,
709 5304 755 5349 et
795 5311 948 5350 omne
979 5301 1120 5366 quod
1155 5303 1322 5369 spirat
1357 5321 1454 5376 ego
1494 5308 1592 5376 feci
1623 5309 1688 5363 ⁸³.
1727 5310 1791 5364 Et

1883 3191 1985 3246 stia
2031 3187 2378 3248 constitutos,
2413 3181 2583 3236 nolite
2625 3192 2720 3234 eos
2759 3174 3047 3247 negligere,
3092 3171 3326 3228 scientes
3372 3181 3466 3218 vos

1886 3280 2192 3339 reddituros
2240 3276 2505 3331 rationem
2554 3285 2651 3341 pro
2685 3269 2833 3325 omni
2878 3280 3063 3338 grege,
3115 3278 3273 3333 super
3314 3274 3464 3329 quem

1883 3392 1972 3430 vos
2023 3372 2258 3443 Spiritus
2303 3377 2516 3422 sanctus
2560 3363 2829 3418 constituit
2861 3360 3142 3428 inspicere,
3177 3362 3225 3407 et
3257 3364 3468 3443 pascere

1887 3440 2178 3520 Ecclesium
2215 3461 2310 3515 Dei
2343 3473 2502 3529 quant
2543 3453 2822 3524 acquisivit
2855 3449 3066 3521 proprio
3109 3441 3368 3513 sanguine
3397 3440 3464 3490 “.

1887 3559 2178 3626 Propterea
2224 3570 2317 3608 nos
2355 3553 2446 3623 qui
2489 3549 2733 3619 [artiores
2773 3560 2980 3608 sumus,
3038 3541 3282 3594 debemus
3313 3532 3468 3626 inﬁr-

1887 3625 2095 3704 mitates
2127 3646 2483 3704 invalidorum
2531 3651 2764 3710 portare,
2801 3646 2849 3692 et
2894 3649 2994 3690 non
3049 3633 3299 3686 nobismet
3336 3625 3468 3696 ipsis

1885 3720 2127 3814 placere,
2192 3741 2285 3796 sed
2335 3737 2574 3810 proximo
2622 3736 2674 3788 in
2733 3733 2864 3786 bono
2902 3729 2970 3783 ad
3035 3723 3465 3795 aediﬁcationem.

1889 3812 2032 3892 Nam
2088 3847 2134 3890 et
2178 3834 2420 3890 Christus
2472 3846 2576 3884 non
2621 3827 2720 3882 sibi
2764 3823 2983 3894 placuit,
3011 3819 3138 3887 sed,
3166 3817 3300 3872 sicut
3341 3812 3472 3866 seri-
3561 3856 3568 3862 .

1845 3941 2032 4002 ‘ptum
2062 3938 2134 3983 est
2168 3943 2187 3983 :
2235 3922 2532 3995 Opprubria
2573 3915 3002 3990 exprobrantium
3044 3911 3137 3966 tibi
3168 3907 3470 4002 ceciderunt

1889 3995 2046 4092 super
2080 4035 2160 4074 me
2192 4018 2268 4085 ”;
2317 4024 2370 4072 et
2410 4015 2646 4068 iterum:
2688 4009 2810 4065 Non
2845 4022 3049 4076 quwro,
3093 4001 3290 4072 inquit,
3329 3995 3470 4067 quod

1889 4091 2018 4169 mihi
2053 4110 2280 4178 expedit.
2312 4108 2404 4162 sed
2439 4105 2578 4177 quod
2618 4101 2880 4166 omnibus,
2915 4109 2968 4152 ut
3013 4095 3145 4151 salui
3173 4094 3306 4163 ﬁant
3332 4091 3399 4139 ⁷ο.

1960 4203 2098 4260 XLI.
2137 4202 2193 4258 Si
2229 4209 2410 4256 autem
2460 4195 2718 4253 Dominus
2774 4207 2837 4246 ac
2887 4187 3139 4244 Salvator
3181 4191 3363 4239 noster
3398 4180 3471 4234 ita

1889 4295 2152 4369 prmcipit,
2184 4302 2237 4348 et
2269 4290 2441 4348 sancti
2477 4291 2550 4344 ita
2590 4283 2893 4341 conversati
2937 4287 3084 4343 sunt,
3112 4274 3306 4331 Patres
3333 4287 3468 4342 quo-

1892 4408 1996 4460 que
2020 4387 2188 4444 nostri
2213 4386 2289 4440 ita
2315 4398 2412 4438 nos
2438 4382 2761 4439 docuerunt,
2785 4383 3177 4460 consurgamus
3201 4383 3232 4422 a
3259 4379 3470 4425 somno,

1819 4469 1863 4525 Ῐ)
1894 4455 1948 4536 et
1981 4493 2101 4548 qua:
2137 4483 2265 4531 sunt
2295 4471 2452 4528 nobis
2503 4473 2769 4539 praecepta
2813 4461 3094 4515 iaciamus.
3135 4455 3474 4548 Quaecunque

1891 4547 2027 4628 enim
2067 4570 2266 4638 scripta
2315 4573 2458 4628 sunt,
2493 4560 2562 4614 ad
2601 4565 2834 4612 nostram
2881 4550 3227 4606 eruditionem
3275 4547 3475 4616 scripta

1890 4675 2030 4729 sunt,
2076 4672 2133 4716 ut
2165 4675 2257 4729 per
2289 4655 2599 4728 patientiam
2629 4659 2676 4706 et
2717 4646 3129 4704 consolationem
3167 4639 3475 4707 Scriptura-

1893 4775 2010 4812 rum
2045 4770 2186 4824 spent
2213 4749 2498 4805 habeamus
2525 4745 2605 4810 ἠς
2639 4751 2697 4798 et
2727 4738 2903 4794 nullus
2934 4733 3176 4792 nostrum
3207 4748 3373 4788 causa
3406 4731 3478 4784 sit

1891 4849 2098 4904 erroris
2144 4844 2331 4910 alieni,
2384 4855 2486 4896 nec
2537 4835 2852 4894 aemulemur
2912 4843 3006 4885 eos
3068 4826 3163 4898 qui
3219 4839 3478 4895 prospere

1881 4920 2055 5014 agunt
2077 4940 2127 4993 in
2165 4940 2272 4991 vita
2304 4949 2422 4990 sua.
2450 4931 2584 4989 Cum
2607 4929 2752 4987 enim
2779 4924 2961 4982 omnia
2983 4916 3297 4978 necessaria
3325 4915 3476 4971 carni

1899 5034 2101 5092 fuerint
2145 5029 2446 5094 consecuti,
2494 5025 2791 5082 morientes
2826 5017 2960 5075 nihil
3008 5028 3191 5071 secum
3225 5019 3475 5078 asporta-

1901 5127 2053 5182 bunt.
2089 5123 2208 5179 Filii
2250 5119 2428 5178 saeculi
2457 5119 2618 5190 hujus
2651 5114 2852 5171 habent
2889 5110 2943 5164 in
2983 5109 3087 5164 hoc
3115 5102 3312 5161 saeculo
3345 5105 3480 5155 lida-

1899 5219 2062 5282 ciam,
2099 5215 2357 5287 quoniam
2408 5211 2476 5266 de
2529 5205 2730 5262 mundo
2782 5208 2941 5266 sunt,
2972 5209 3027 5254 et
3067 5196 3298 5287 mundus
3336 5207 3480 5247 anmt

1899 5310 2044 5380 quod
2076 5285 2233 5362 suum
2268 5314 2370 5361 est.
2413 5303 2515 5371 Qui
2551 5308 2730 5354 autem
2767 5293 2858 5348 lilii
2895 5291 2984 5347 Dei
3016 5296 3163 5354 sunt,
3193 5285 3334 5340 illius
3368 5301 3480 5338 scr—

267 5486 317 5517 “
357 5483 513 5539 Joan.
548 5499 624 5549 st,
663 5483 718 5549 9,
753 5483 838 5538 i0.
919 5484 968 5516 ⁸ο
1003 5482 1164 5541 llehr.
1203 5503 1255 5546 κ,
1297 5487 1387 5543 59.
1463 5489 1506 5520 ⁸¹
1537 5488 1770 5546 ΙῚἹιεεε.

1883 5491 1931 5546 5.
2004 5489 2050 5521 "
2091 5486 2234 5542 Psal.
2261 5445 2370 5550 cvt,
2401 5485 2455 5540 5.
2532 5481 2762 5553 “Rom._
2788 5493 2865 5542 ιι,
2892 5476 2981 5532 2i.
3009 5473 3258 5553 --ξι-ξιιμ
3286 5487 3359 5553 _t_t.
3379 5471 3478 5553 ‘12.

195 5557 292 5613 15.

194 5642 361 5692 xsst,
399 5627 487 5682 10.

383 5555 429 5587 ³5
478 5555 562 5587 1ο-
619 5571 666 5587 ιι.
732 5557 796 5587 4⁸7

469 5555 581 5611 Jer.
619 5571 689 5618 vt,
732 5557 819 5609 Π.
932 5555 978 5587 ⁸⁸
1021 5556 1121 5609 lsa.
1159 5573 1280 5621 ην,
1321 5559 1480 5618 7,18.

473 5669 487 5682 .
569 5627 610 5658 ⁶¹
653 5625 777 5683 Ose.
809 5642 887 5684 xl.
928 5627 982 5683 9.
1061 5627 1107 5656 θ’
1146 5627 1255 5684 Jer.
1286 5646 1365 5697 ιιι,
1396 5631 1480 5684 12.

192 5699 293 5753 27.
336 5697 418 5772 _"
460 5698 650 5755 Matth.
681 5713 817 5764 nn,
845 5697 946 5767 4οε
1015 5697 1057 5729 ⁸⁸
1091 5699 1211 5755 Act.
1264 5717 1355 5769 ss,
1394 5702 1484 5757 28.
1563 5703 1606 5736 ⁶⁹
1643 5701 1798 5759 Βοιιι.
1847 5719 1935 5772 xv,
1982 5703 2112 5770 l-3;
2156 5701 2294 5757 l’sal.
2333 5698 2616 5767 unm“).

199 5782 290 5834 sv,
323 5768 376 5823 ι.

932 5555 978 5629 τε
1021 5539 1121 5629 isa.
1152 5539 1280 5629 έκιζύ,
1306 5539 1488 5618 5.18.
1538 5539 1779 5616 arma.

1883 5539 2025 5629 ξιξ).
2091 5539 2369 5614 ἶίῖιξιάί
2405 5539 2577 5629 13.2.
2654 5553 2700 5588 "
2739 5539 3211 5629 Jer_.'_tx_,A15,‘l6;
3284 5544 3330 5574 ⁶⁰
3371 5539 3478 5629 lcr.

1572 5630 1618 5663 σε
1659 5615 1779 5686 ibid.

1888 5615 1909 5686 ί
1979 5631 2024 5662 ⁸⁸
2067 5631 2197 5686 ibid.
2229 5632 2314 5684 i9.
2389 5629 2434 5660 ⁸⁵
2475 5626 2632 5683 Rom.
2667 5635 2787 5685 xm,
2816 5618 2902 5681 Η,
2938 5617 3020 5673 12.
3101 5617 3146 5647 ⁸⁸
3184 5615 3480 5687 Infima")

2706 5681 2799 5745 "l
2831 5691 2954 5746 Cor.
2990 5705 3042 5745 χ.
3079 5687 3168 5743 55.
3245 5684 3288 5716 ⁷¹
3323 5681 3483 5736 Rom.
