3858 6312
444 254 546 312 887

1555 262 1828 322 ΡΑἸῆΕὸ
1861 218 2167 325 ,Εογέτιι
2206 269 2477 329 δεουιι
2515 273 2605 330 IV.

3597 279 3709 337 εει

446 366 626 423 monis
665 368 963 436 evangelici
996 371 1351 428 recordamur
1385 390 1398 427 :
1427 373 1487 428 Si
1518 377 1744 431 mundus
1778 394 1862 434 vos
1894 381 2025 449 odit,
2055 386 2101 445 Α
2129 385 2252 439 vina
2301 385 2643 452 meditemur,
2686 388 2984 459 puterimus
3038 387 3167 445 illud
3198 389 3401 455 dicere,
3446 390 3595 459 quod
3645 404 3703 449 et

448 458 636 513 scitote
666 462 808 530 quod
846 477 929 516 me
967 462 1197 539 primum
1244 463 1413 519 oderit
1444 466 1523 531 7‘;
1552 476 1605 521 et
1638 468 1832 524 iterum
1869 494 1882 527 :
1916 472 2021 539 Qui

446 548 672 605 voluerit
721 567 832 607 esse
887 553 1091 607 anticus
1135 536 1294 623 liujus
1350 557 1558 625 mundi,
1618 561 1870 619 inimicus
1931 536 2022 634 fiet

448 641 557 696 Deo
581 643 664 705 ’³;
709 654 763 698 et
792 660 1004 701 rursum
1054 662 1069 700 :
1108 648 1524 709 Tribulationem
1576 658 1833 715 habebitis
1873 677 1893 716 :
1928 664 2021 717 sed

443 732 730 800 confidite,
769 750 861 804 ego
908 738 1011 792 uici
1063 741 1317 796 mundum
1357 744 1439 811 “;
1483 757 1538 802 et
1584 747 1781 803 iterum
1817 768 1831 804 :
1868 748 2021 805 Beati

390 866 395 869 _
442 822 533 887 qui
575 820 784 891 lugent,
826 827 1073 893 quoniam
1109 829 1213 898 ipsi
1261 835 1692 892 consolabuntur.
1735 837 1887 895 Beati
1930 843 2019 911 qui

440 912 681 967 esuriant
703 925 750 968 et
777 916 964 971 sitiunt
976 917 1265 988 justitiam,
1294 926 1544 994 quoniam
1573 930 1675 997 ipsi
1696 932 2016 987 saturabun-

441 1009 549 1058 tur.
585 1002 738 1060 Beati
768 1010 859 1078 qui
881 1013 1286 1076 persecutionem
1319 1019 1593 1086 patiuntur
1628 1033 1837 1099 propter
1856 1026 2018 1093 justi-

440 1093 597 1165 tiam,
624 1099 871 1165 quoniam
911 1102 1143 1170 ipsorum
1176 1116 1252 1160 est
1299 1125 1513 1176 regnum
1558 1093 1807 1168 caelorum
1833 1116 1901 1168 ⁷³.
1941 1117 2015 1172 De

440 1181 567 1237 ﬁliis
601 1195 781 1241 autem
823 1190 996 1246 noctis
1025 1193 1155 1262 quid
1182 1208 1213 1250 e
1242 1200 1518 1253 contrario
1562 1201 1798 1256 dicitur?
1826 1203 2015 1261 Nonne

436 1270 609 1328 illud?
652 1273 739 1330 Va:
766 1280 930 1345 vobis,
961 1281 1179 1350 diuites,
1209 1287 1457 1355 quoniam
1487 1292 1747 1360 recepistis
1778 1295 2015 1350 consola-

435 1364 631 1419 tionem
672 1378 910 1425 restram.
962 1370 1049 1429 γω
1095 1373 1237 1429 nobis
1270 1378 1362 1447 qui
1400 1383 1636 1435 saturati
1674 1385 1802 1440 estis
1851 1402 2009 1454 nunc,

435 1456 562 1524 quia
589 1461 852 1516 esurietis.
902 1462 993 1518 Va:
1028 1466 1167 1522 vobis
1200 1470 1290 1538 qui
1318 1485 1454 1525 nunc
1485 1474 1682 1542 ridetis,
1713 1477 1837 1547 quia
1867 1477 2012 1549 luge-

434 1547 559 1602 ιίιίε
587 1566 647 1604 ac
677 1553 865 1622 flebitis
889 1557 955 1611 τε.
1290 1564 1291 1567 ‘

506 1637 665 1695 XLII.
700 1643 1062 1710 Quamobrem
1089 1652 1271 1709 mundi
1302 1655 1570 1713 amicitias
1595 1657 1921 1726 devitemus,
1951 1672 2009 1719 ut

2129 478 2294 533 David
2321 502 2331 534 ;
2359 477 2651 533 Ezsultabo
2678 495 2834 548 super
2856 479 3065 551 eloquia
3087 493 3199 544 tua,
3227 481 3363 535 sicut
3385 481 3476 550 qui
3504 481 3703 536 invenit

2125 571 2294 640 spolia
2331 570 2499 625 multa
2526 569 2613 638 ”;
2648 580 2703 626 et
2731 585 2748 625 :
2781 569 2953 637 Quam
2992 571 3169 625 dulcia
3203 573 3402 642 gutturi
3428 587 3548 627 meo
3585 572 3701 627 elo-

2120 662 2243 732 quia
2291 670 2404 728 tua,
2450 678 2608 733 super
2643 662 2743 718 mel
2779 670 2829 717 et
2865 662 3043 731 favum
3081 664 3161 718 ori
3211 664 3363 719 meo!
3394 663 3698 719 Cantabila

2124 754 2252 807 mihi
2281 765 2431 808 erant
2452 754 2859 824 justiﬁcationes
2885 764 2989 808 tua:
3020 756 3074 808 in
3113 756 3225 811 loco
3254 758 3694 826 peregrinationis

2120 860 2248 898 metu
2287 844 2371 911 ’°;
2408 854 2461 900 et
2494 844 2547 899 in
2578 844 2684 899 alio
2724 845 2841 900 loco
2873 864 2888 900 :
2921 844 3045 899 Non
3092 846 3336 913 praposui
3362 855 3485 901 ante
3515 845 3693 901 oculos

2121 952 2260 990 meos
2289 952 2394 991 rem
2425 937 2659 1007 iniquam
2684 954 2704 992 :
2734 938 2982 1008 facientes
3012 937 3340 1008 iniquitatem
3362 937 3486 992 odio
3509 938 3692 993 habui.

2119 1025 2187 1080 Et
2222 1044 2325 1081 non
2352 1028 2573 1083 adlttesit
2612 1029 2742 1083 mihi
2780 1045 2870 1083 cor
2896 1046 3116 1098 pravum
3148 1045 3168 1084 :
3190 1029 3517 1083 declinantes
3552 1047 3585 1084 a
3613 1044 3691 1085 me

2119 1118 2376 1188 malignos
2406 1134 2509 1173 non
2539 1120 2881 1190 agnoscebam
2906 1134 2925 1173 :
2960 1121 3315 1176 detrahentem
3349 1122 3405 1175 in
3434 1125 3687 1176 absconso

2115 1209 2354 1274 proximo
2377 1226 2494 1275 suo,
2512 1211 2666 1265 ‘Itunc
2688 1211 3030 1281 persequebar
3056 1226 3076 1264 :
3107 1210 3325 1279 superbo
3356 1210 3510 1265 oculo
3536 1220 3586 1264 et
3610 1212 3690 1264 in-

2114 1297 2347 1353 satiabili
2378 1301 2533 1355 corde
2561 1316 2680 1354 cum
2705 1302 2803 1354 hoc
2831 1300 2990 1353 simul
3018 1316 3123 1355 non
3147 1299 3380 1354 edebam.
3407 1298 3565 1354 Oculi
3588 1300 3686 1353 mei

2116 1404 2272 1459 super
2300 1390 2478 1458 ﬁdeles
2509 1403 2685 1458 terra',
2714 1400 2773 1445 ut
2801 1392 3026 1461 facerem
3060 1407 3146 1447 eos
3180 1392 3357 1446 sedere
3388 1406 3594 1445 mecum
3617 1391 3684 1445 “.

2186 1480 2366 1535 XLIV.
2403 1480 2645 1549 Quorum
2670 1483 2909 1538 omnium
2946 1497 3042 1539 nos
3076 1483 3349 1538 imitemur
3384 1496 3585 1551 Opera,
3628 1492 3683 1536 ut

2113 1572 2185 1628 sit
2216 1573 2268 1627 in
2303 1572 2488 1629 diebus
2522 1575 2721 1630 nostris
2756 1588 2859 1645 pax
2903 1585 2959 1630 et
2993 1575 3235 1644 justitia,
3277 1584 3334 1631 et
3371 1590 3482 1631 non
3527 1574 3681 1629 nobis

2114 1663 2242 1719 illud
2273 1665 2491 1720 eveniat
2518 1666 2659 1736 quod
2685 1666 2811 1723 alibi
2847 1668 3079 1738 legimus
3106 1689 3119 1725 :
3146 1668 3317 1738 Super
3338 1677 3484 1723 terra
3506 1667 3685 1738 populi

437 1728 569 1785 illud
610 1748 921 1793 mereamur
966 1742 1156 1799 audire
1187 1762 1203 1799 :
1232 1747 1316 1799 Ad
1352 1764 1620 1817 uesperum
1653 1755 2010 1809 demorabitur
2039 1742 2084 1802 Β
2112 1756 2212 1810 mei
2252 1757 2416 1825 spina:
2446 1768 2492 1811 et
2528 1756 2705 1826 fenum
2731 1770 3040 1829 consurgent
3066 1761 3132 1815 θ’.
3176 1757 3281 1815 Sed
3317 1760 3493 1830 magis
3522 1760 3677 1814 ἰηιιοο

431 1821 608 1889 fletus.
635 1835 683 1879 et
718 1828 788 1882 ad
817 1833 1133 1890 matutinum
1159 1835 1364 1894 laztitia.
1398 1842 1610 1898 Audiuit
1645 1842 1922 1910 Dominus,
1956 1856 2006 1902 et

350 1968 355 1971 _
432 1914 679 1971 misertus
705 1930 779 1972 est
812 1924 933 1978 mei.
960 1922 1180 1981 Scidisti
1207 1946 1417 1985 saccum
1441 1949 1633 2001 meum,
1657 1946 1703 1990 et
1730 1939 2006 1994 nccinxisti

432 2020 515 2059 me
542 2008 731 2063 la’titia
764 2012 829 2065 ".
861 2014 992 2081 Quis
1022 2018 1165 2073 enim
1195 2032 1510 2079 sanctorum
1545 2041 1651 2083 non
1685 2028 1740 2082 in
1772 2029 1910 2085 lucta
1941 2045 2007 2086 ac

433 2098 652 2155 tristitia
679 2116 777 2171 per
812 2108 993 2163 mundi
1022 2109 1180 2179 hujus
1224 2116 1670 2175 transivitviam?
1705 2120 2002 2179 Jeremias:

433 2184 555 2243 Non
582 2191 713 2252 sedi.
747 2193 942 2266 inquit,
969 2216 1085 2253 cum
1110 2204 1329 2259 consilio
1353 2206 1667 2275 ludentium,
1693 2211 1782 2265 sed
1814 2220 2000 2267 treme-

430 2277 549 2333 bam
589 2298 622 2336 a
660 2283 814 2352 facie-
839 2305 1025 2345 manus
1060 2302 1182 2347 tute.
1231 2294 1389 2352 Solus
1430 2300 1707 2367 sedebam,
1756 2303 2003 2373 quoniam

428 2371 783 2429 amaritudine
809 2380 1033 2445 repletus
1073 2399 1188 2436 sum
1221 2383 1289 2440 ⁷⁸.
1322 2384 1487 2441 David
1515 2404 1730 2459 quoque
1760 2371 1949 2451 scribit
1985 2409 2003 2449 :

430 2456 601 2525 Quasi
638 2463 820 2534 lugens
845 2485 907 2521 ac
939 2487 1180 2541 merens,
1207 2478 1284 2529 sic
1316 2478 1634 2533 humiliabar
1658 2482 1724 2535 ⁷³.
1765 2482 2003 2549 Quorum

428 2566 528 2607 nos
572 2557 812 2627 vestigiis
862 2562 1194 2634 insistentes,
1253 2568 1600 2640 intelligimus
1661 2576 1803 2645 quod
1856 2576 2005 2633 salus

427 2654 611 2701 nostra
643 2647 697 2703 in
728 2658 969 2721 tempore
995 2658 1365 2716 tribulationis
1391 2662 1480 2731 sit,
1512 2673 1567 2720 et
1589 2666 1864 2736 prophetae
1888 2669 2003 2739 pol-

426 2736 985 2814 licitatioglmpleatur
1024 2749 1301 2807 dicentis:
1342 2753 1466 2808 Non
1510 2736 2003 2832 relinquuntur'qui

422 2829 480 2883 in
517 2835 762 2901 angustia
791 2849 933 2903 sunt,
968 2842 1070 2895 nisi
1109 2843 1179 2896 ad
1221 2853 1419 2913 tempus
1463 2846 1529 2901 '°.
1568 2846 1623 2902 Si
1673 2863 1803 2921 ergo
1838 2829 2001 2909 habet

428 2929 644 2992 tempus
680 2925 954 2985 tribulatio
986 2940 1041 2987 et
1086 2936 1364 3005 angustia,
1410 2946 1464 2992 et
1499 2954 1602 2994 non
1650 2941 1756 2997 erit
1796 2943 2000 3013 sempi-

429 3019 578 3067 terna
598 3051 615 3079 ,
645 3017 980 3076 seminemus
1010 3021 1062 3077 in
1101 3021 1375 3095 lacrymis,
1409 3038 1469 3083 ut
1498 3037 1762 3086 metamus
1791 3032 1843 3085 in
1875 3049 2000 3103 gau-

432 3103 545 3168 dio,
578 3120 684 3161 non
714 3107 1062 3181 deﬁcientes;
1098 3116 1241 3183 quod
1273 3119 1585 3176 noverimus
1614 3122 1898 3179 Dominum
1933 3125 1999 3182 de

425 3195 726 3252 tentatione
752 3197 983 3257 liberare
1015 3203 1249 3261 cultores
1281 3222 1430 3265 suos.

497 3283 677 3343 XLIII.
713 3287 970 3350 Dominus
1001 3305 1156 3364 pater
1177 3307 1363 3355 uoster
1388 3310 1467 3357 est
1501 3321 1514 3357 :
1554 3302 1810 3360 Dominus
1832 3305 1994 3375 judex

425 3390 610 3436 noster
630 3392 713 3439 est
738 3400 752 3438 :
780 3384 1039 3445 Dominus
1059 3390 1334 3464 princeps,
1370 3394 1631 3452 Dominus
1654 3412 1747 3454 rex
1778 3409 1994 3456 noster:

424 3470 683 3528 Dominus
725 3476 839 3546 ipse
868 3493 969 3533 nos
1003 3480 1233 3538 salvabit
1277 3503 1289 3538 :
1327 3486 1479 3556 cujus
1513 3499 1774 3560 praeeepta
1814 3492 1861 3547 si
1898 3507 1994 3549 ne-

423 3563 794 3634 glexerimus,
835 3575 1273 3639 permanebimus
1307 3576 1360 3630 in
1398 3579 1665 3650 angustia.
1704 3581 1819 3651 Ipse
1850 3584 1994 3638 enim

420 3655 553 3710 dicit
584 3674 600 3712 :
634 3656 737 3722 Qui
772 3674 1061 3730 sequuntur
1093 3682 1175 3720 me
1194 3668 1530 3735 possidebunt
1562 3682 1778 3739 terram,
1810 3686 1856 3727 et
1881 3674 1993 3730 Ita:-

421 3747 721 3802 reditubunt
752 3762 977 3807 montem
1016 3765 1255 3811 sanctum
1290 3775 1463 3813 meum
1489 3760 1533 3792 ⁸¹
1577 3781 1591 3816 :
1626 3777 1784 3833 quem
1814 3774 1867 3819 et
1897 3780 1995 3822 nos

423 3834 843 3904 possidebimus,
872 3841 916 3894 si
945 3840 1265 3911 impleamus
1295 3845 1467 3916 legem
1494 3850 1610 3921 ejus
1631 3862 1685 3906 et
1709 3856 1994 3911 audiamus

421 3926 551 3978 illud
583 3928 726 3997 quod
759 3929 959 3986 dicitur
992 3951 1007 3988 :
1047 3932 1278 3993 Mundus
1308 3938 1468 4008 facite
1492 3944 1546 3996 in
1579 3957 1851 4014 conspectu
1881 3926 2020 4016 ejus.

420 4018 530 4072 aias
558 4029 753 4075 vestras
782 4023 859 4090 ⁸³;
887 4035 942 4080 et
982 4026 1178 4083 iterum
1211 4048 1225 4084 :
1270 4030 1458 4087 Tollite
1487 4035 1803 4104 offendicula
1827 4040 1891 4094 de
1912 4041 1995 4094 via

414 4110 600 4179 populi
628 4112 793 4165 mei”
816 4124 902 4180 ;et
927 4116 1055 4173 alibi
1077 4137 1091 4174 ;
1120 4117 1310 4191 Ejicite
1333 4124 1395 4179 de
1410 4126 1627 4181 consilio
1650 4129 1992 4200 pestilentem,

414 4211 465 4255 et
510 4204 804 4271 egredietur
845 4224 963 4263 cum
996 4226 1057 4265 eo
1093 4215 1351 4269 contentio
1381 4216 1446 4272 “.
1485 4218 1585 4285 Qui
1626 4219 1829 4288 justum
1864 4224 1996 4280 dicit

416 4290 695 4361 injustum,
712 4304 767 4350 et
785 4295 1043 4366 injustum
1061 4301 1268 4373 judicat
1290 4304 1520 4373 justum.
1544 4319 1767 4379 uterque
1788 4312 1840 4366 in
1865 4327 1991 4369 con-

2110 1861 2294 1902 vemus
2342 1847 2497 1904 nobis
2521 1849 2753 1918 novalia,
2797 1860 2851 1905 et
2879 1865 2987 1906 non
3020 1851 3347 1907 seminemus
3375 1864 3541 1921 super
3569 1851 3679 1919 spio

2110 1950 2227 1991 nas.
2256 1935 2498 2007 Cumque
2532 1939 2947 1995 custodierimus
2979 1954 3100 2009 quae
3138 1940 3395 1993 mandata
3428 1949 3557 1994 sunt
3588 1954 3679 1995 no-

2108 2028 2212 2092 bis,
2251 2030 2520 2085 manifesti
2551 2030 2754 2085 erimus
2795 2032 2937 2100 Quod
2972 2031 3254 2102 diligamus
3290 2031 3492 2095 Deum,
3542 2030 3680 2085 sicut

2109 2128 2339 2175 testatur
2367 2130 2421 2176 et
2451 2122 2503 2176 in
2534 2121 2643 2177 alio
2669 2121 2786 2177 loco
2816 2122 3096 2192 Scriptura
3120 2123 3302 2179 divina
3331 2142 3345 2178 ε
3380 2121 3489 2187 Qui
3532 2124 3678 2175 audit

2107 2212 2356 2266 mandata
2390 2229 2505 2267 mea
2538 2224 2586 2268 et
2612 2223 2779 2268 servat
2805 2231 2889 2279 ea,
2925 2214 3013 2268 ille
3039 2222 3114 2268 est
3137 2216 3226 2284 qui
3253 2214 3424 2285 diligit
3454 2230 3571 2280 me;
3592 2215 3677 2284 qui

2107 2314 2281 2358 autem
2312 2304 2489 2375 diliget
2524 2320 2631 2370 me,
2651 2304 2899 2376 diligetur
2927 2322 2960 2359 a
3003 2304 3165 2360 Patre
3197 2322 3329 2371 meo,
3354 2316 3401 2359 et
3431 2322 3528 2375 ego
3556 2306 3679 2359 dili-

2105 2412 2227 2467 gam
2263 2412 2401 2463 eum,
2427 2406 2475 2451 et
2505 2398 2771 2453 veniemus
2806 2414 2904 2468 ego
2948 2408 2994 2452 et
3043 2395 3208 2451 Pater
3241 2414 3399 2459 meus.
3430 2406 3480 2451 et
3524 2412 3677 2450 nsan-

2107 2488 2303 2542 sionem
2361 2488 2502 2557 apud
2561 2506 2679 2543 eum
2730 2490 3006 2558 faciemus,
3058 2500 3109 2544 et
3176 2491 3447 2544 ostendam
3502 2490 3553 2544 ei
3603 2505 3680 2544 me

2107 2579 2276 2647 ipsum
2304 2579 2388 2645 ⁹³;
2415 2588 2470 2634 et
2504 2599 2518 2637 :
2566 2578 2669 2635 Vos
2706 2582 2863 2635 amici
2896 2582 2995 2635 mei
3034 2582 3178 2647 estis,
3217 2582 3263 2635 si
3296 2580 3528 2654 feceritis
3562 2596 3677 2650 qua

2105 2673 2354 2743 prwcipio
2392 2671 2534 2728 vobis
2563 2672 2631 2728 ".
2680 2672 2953 2729 Tollamus
2998 2674 3275 2729 nobiscum
3321 2672 3522 2728 multos
3562 2686 3677 2727 ser-

2109 2779 2315 2832 mones,
2332 2775 2385 2820 et
2410 2774 2791 2821 convertamur
2812 2766 2877 2819 ad
2909 2766 3188 2821 Dominum
3214 2765 3379 2818 Deum
3407 2774 3673 2827 nostrum,

2104 2868 2160 2912 et
2192 2860 2434 2914 dicamus
2469 2860 2518 2914 ei
2546 2877 2559 2913 :
2603 2860 2759 2915 Potes
2796 2859 3053 2914 dimittere
3078 2870 3307 2928 peccata,
3346 2868 3398 2911 ut
3446 2859 3676 2924 accipia-

2105 2965 2221 3003 mus
2252 2952 2405 3015 bona,
2445 2960 2493 3004 et
2523 2951 2800 3005 reddamus
2827 2951 2876 3005 ei
2909 2952 3138 3020 fructum
3182 2951 3441 3003 labiorum
3473 2962 3676 3002 nostro-

2108 3056 2221 3093 rum
2249 3042 2315 3105 ”,
2349 3052 2402 3096 et
2427 3041 2721 3097 delectetur
2753 3043 2805 3097 in
2843 3042 2998 3098 nobis
3036 3042 3212 3096 anima
3254 3051 3458 3096 nostra.

2172 3130 2328 3186 XLV.
2369 3134 2546 3202 Atque
2575 3133 2779 3186 utinam
2814 3133 3072 3203 paeniteat
3105 3146 3200 3186 nos
3245 3132 3449 3186 erroris
3488 3140 3545 3186 et
3578 3144 3671 3185 ne-

2099 3224 2387 3293 gligeutiae,
2416 3233 2471 3280 et
2499 3225 2743 3280 conversi
2768 3225 2834 3279 ad
2860 3226 3039 3296 priora
3064 3225 3305 3279 dicamus
3339 3242 3352 3277 :
3378 3224 3549 3277 Assur
3570 3239 3672 3278 non

2096 3315 2318 3371 salvabit
2358 3333 2489 3383 nos;
2522 3334 2676 3385 super
2707 3334 2861 3387 equos
2892 3333 2995 3371 non
3028 3318 3384 3380 ascendemus,
3419 3333 3515 3370 nec
3557 3315 3669 3385 jam

2095 3412 2324 3466 dicemus
2346 3428 2366 3468 .°
2388 3412 2478 3467 Dii
2519 3413 2683 3467 nostri
2713 3426 2867 3483 opera
2896 3428 3145 3467 manuum
3173 3420 3492 3465 nostrarum.
3533 3407 3670 3462 Deus

2094 3504 2185 3573 qui
2212 3503 2266 3557 in
2300 3512 2350 3557 te
2367 3504 2454 3558 'est
2489 3505 2813 3558 miserebitur
2847 3504 3034 3575 pupilli
3062 3517 3080 3555 :
3111 3502 3309 3558 sonabo
3359 3500 3668 3554 habitacula

2094 3612 2276 3650 eorum
2298 3594 2366 3652 ’°.
2398 3594 2740 3667 Rursumque
2774 3597 2917 3652 dicet
2965 3596 3028 3650 de
3072 3594 3224 3649 nobis
3256 3610 3273 3648 :
3310 3590 3541 3661 Diligam
3581 3604 3666 3644 eos

2096 3685 2387 3753 manifeste,
2419 3695 2467 3740 et
2499 3695 2730 3740 avertam
2761 3686 2894 3740 iram
2930 3702 3095 3741 meam
3141 3686 3206 3738 ab
3242 3684 3336 3739 eis.
3380 3681 3487 3736 Ero
3516 3696 3666 3751 quasi

2094 3790 2181 3829 ros
2206 3788 2224 3825 :
2251 3773 2424 3830 Israel
2459 3776 2661 3845 ﬂurebil
2708 3787 2762 3830 ut
2802 3777 2990 3841 lilium,
3019 3786 3066 3830 et
3111 3778 3275 3829 mittet
3313 3776 3515 3827 radices
3543 3789 3665 3827 suas

2092 3868 2244 3938 quasi
2272 3866 2524 3922 Libanus.
2563 3867 2721 3922 Ibant
2763 3869 2896 3922 rami
2935 3867 3082 3937 ejus,
3122 3878 3170 3923 et
3197 3866 3293 3921 erit
3335 3865 3489 3936 quasi
3530 3864 3663 3918 alica

2092 3959 2389 4028 fructifera,
2409 3971 2454 4013 et
2480 3958 2610 4013 odor
2634 3961 2749 4030 ejus
2780 3970 2834 4013 ut
2863 3958 3048 4013 thuris.
3075 3956 3409 4013 Revertantur
3435 3965 3488 4011 et
3516 3957 3663 4010 sede-

2094 4049 2217 4103 bunt
2250 4050 2604 4121 unusquisque
2637 4050 2691 4102 in
2735 4048 3085 4103 tabernaculis
3121 4048 3253 4114 suis,
3300 4058 3347 4102 et
3387 4046 3575 4113 virent,
3616 4056 3661 4099 et

2092 4139 2543 4209 conﬁrmabuntur
2568 4141 2830 4209 frumento
2854 4156 2871 4193 :
2897 4138 3103 4209 ﬂorebit
3130 4136 3265 4191 sicut
3296 4136 3442 4189 uinea
3470 4147 3665 4186 memo-

2092 4234 2172 4287 ria
2197 4250 2397 4299 eorum,
2428 4235 2563 4289 sicut
2590 4234 2719 4288 odor
2745 4234 2914 4287 thuris
2940 4230 3209 4299 Ephraim.
3236 4225 3376 4294 Quid
3391 4226 3438 4283 ei
3464 4235 3515 4281 et
3545 4224 3665 4279 ido-

2092 4325 2200 4383 lis?
2227 4325 2337 4398 Ego
2374 4327 2661 4382 ltumiliabo
2690 4343 2829 4394 eum,
2860 4336 2907 4381 et
2939 4323 3245 4393 confortabo
3283 4338 3423 4376 eum.
3456 4318 3574 4390 Ego
3608 4329 3664 4373 ut

414 4396 598 4455 spectu
626 4387 717 4444 Dei
743 4389 1052 4448 immundus
1079 4404 1183 4450 est.
1214 4395 1513 4455 Careamus
1541 4416 1607 4457 ne
1630 4403 1839 4461 dicatur
1856 4415 1909 4461 et
1930 4410 1995 4465 de
2027 4429 2070 4484 ι)
2089 4387 2364 4489 juniperus
2394 4420 2657 4473 condensa
2686 4434 2706 4474 :
2731 4387 2900 4472 exime
2928 4416 3133 4486 fructus
3158 4414 3272 4483 ejus
3294 4413 3531 4467 inventus
3561 4420 3664 4465 est.

412 4478 571 4533 nobis
598 4496 612 4533 :
642 4477 770 4535 Filii
797 4482 1017 4538 alienati
1047 4496 1169 4542 sunt
1208 4490 1255 4543 ei
1287 4490 1333 4523 ⁸⁵
1357 4507 1372 4558 ;
1399 4500 1453 4547 et
1481 4493 1608 4551 illud
1635 4514 1648 4552 :
1674 4495 1833 4554 Filite
1862 4498 1992 4558 Sion

409 4568 623 4625 elevans
650 4583 792 4639 sunt,
836 4585 884 4629 et
910 4577 1305 4634 ambulaverunt
1348 4584 1403 4637 in
1436 4586 1638 4642 excelso
1668 4588 1821 4654 collo,
1852 4602 1900 4645 et
1935 4593 1990 4647 in

411 4665 656 4729 superbia
691 4668 961 4724 oculorum
982 4710 998 4736 ,
1028 4674 1287 4729 trahentes
1313 4677 1526 4745 pedibus
1561 4680 1787 4746 tunicas,
1827 4693 1875 4736 et
1898 4699 1990 4751 pe-

410 4754 563 4808 dibus
606 4756 767 4812 simul
812 4761 1049 4818 ludentes
1078 4764 1158 4831 ";
1202 4775 1256 4821 et
1312 4768 1365 4822 in
1415 4772 1752 4840 correptione
1799 4784 1984 4829 nostra

410 4862 627 4903 rursum
656 4852 985 4922 prophetalis
1014 4870 1192 4913 sermo
1235 4862 1547 4925 concordet,
1575 4863 1760 4919 dicens
1794 4881 1808 4918 :
1842 4865 1987 4933 Quo.

405 4923 564 4995 modo
596 4942 739 5013 facta
766 4956 841 5001 est
864 4951 1111 5004 meretrix
1134 4953 1313 5006 ciuitas
1338 4954 1515 5023 fidelis
1541 4953 1691 5020 Sion,
1715 4958 1868 5022 plena
1886 4960 1984 5029 ju-

406 5033 567 5097 dicio,
614 5036 667 5089 in
714 5054 820 5109 qua
864 5041 1083 5112 justitia
1135 5045 1372 5098 dormit?
1416 5060 1553 5105 nunc
1595 5057 1771 5102 autem
1825 5050 1987 5107 latro—

405 5142 495 5180 nes
526 5126 607 5192 ";
642 5140 697 5183 et
729 5149 741 5186 :
779 5129 1013 5201 Populus
1044 5134 1336 5205 intelligens
1363 5141 1794 5197 commiscebatur
1817 5159 1985 5199 mere-

402 5220 545 5272 trici.
582 5218 659 5274 Tu
695 5237 838 5293 ergo,
871 5223 1059 5292 Israel,
1089 5244 1150 5280 ne
1189 5228 1509 5297 ignoraberis
1544 5231 1608 5286 ⁸⁸.
1646 5232 1701 5287 Si
1739 5249 1867 5290 vero
1896 5237 1982 5292 diu

478 5399 524 5429 "
556 5399 951 5478 Joan._xv,_l8.
1028 5409 1077 5441 ⁷³
1101 5408 1212 5467 Jac.
1254 5429 1325 5478 iv,
1360 5413 1415 5468 4.

1519 5417 1565 5449 ⁷⁸
1597 5416 1752 5472 loan.
1797 5435 1905 5485 xvi,
1935 5425 2022 5481 55.

2099 4510 2227 4577 Quis
2257 4510 2485 4580 sapiens,
2518 4520 2565 4563 et
2595 4508 2839 4580 intelligit
2865 4509 3009 4571 haec;
3037 4516 3129 4561 aut
3162 4504 3475 4576 intelligens,
3498 4516 3545 4559 et
3568 4520 3665 4559 co-

2093 4601 2293 4670 gnoscit
2330 4600 2433 4653 ista
2467 4599 2553 4654 "l
2579 4600 2752 4670 Atque
2789 4598 2992 4653 utinam
3019 4608 3073 4652 et
3102 4613 3201 4653 nos
3226 4612 3293 4653 ex
3328 4612 3392 4652 eo
3426 4596 3663 4650 fructum

2093 4689 2285 4745 afferre
2340 4690 2613 4746 valeamus
2636 4731 2652 4759 ,
2691 4693 2811 4748 sine
2836 4704 2942 4762 quo
2983 4688 3119 4745 nihil
3155 4689 3279 4744 boni
3318 4686 3501 4759 operis
3545 4686 3663 4741 ﬁeri

2090 4792 2289 4853 potest.

2165 4874 2351 4931 XLVI.
2398 4873 2756 4933 Revertamur
2803 4874 2869 4932 ad
2919 4876 3223 4941 Dominum,
3264 4883 3323 4929 ut
3376 4875 3442 4929 de
3499 4873 3664 4931 nobis

2092 4984 2309 5039 quoque
2362 4970 2533 5038 possit
2579 4968 2761 5024 dicere
2812 4967 3212 5025 :Peccatorum
3267 4976 3317 5023 et
3368 4967 3662 5036 iniquitatis

2090 5076 2269 5115 eorum
2298 5076 2495 5115 memor
2532 5061 2759 5131 amplius
2800 5078 2902 5115 non
2930 5077 3017 5115 ero
3043 5060 3110 5117 ”.
3150 5059 3265 5115 Non
3294 5057 3659 5127 relinquamus

2089 5150 2259 5221 legem
2288 5151 2406 5221 Dei,
2429 5166 2589 5223 quam
2616 5152 2773 5209 Pater
2803 5162 2987 5209 noster
3014 5154 3082 5209 ab
3109 5166 3175 5208 eo
3207 5152 3471 5220 accipiens
3503 5151 3655 5204 nobis

2092 5245 2347 5311 tradidit;
2384 5260 2561 5323 neque
2588 5246 2739 5320 parvi
2779 5246 2897 5317 ejus
2929 5244 3183 5301 mandata
3231 5242 3556 5314 pendamus,
3589 5253 3653 5294 ne

2111 5426 2157 5458 ⁷³
2192 5422 2377 5479 Matth.
2413 5424 2526 5491 νβ,
2555 5424 2610 5488 6,
2640 5422 2726 5479 10.
2802 5424 2847 5455 ⁷⁸
2877 5423 3007 5481 Luc.
3038 5442 3114 5490 vr,
3143 5424 3231 5487 9.4,
3267 5423 3357 5480 25.
3432 5423 3477 5454 "
3508 5422 3635 5477 Psal

404 5471 637 5563 ξκιξιςδο
667 5473 759 5563 Μ’
794 5475 878 5563 te.-
1314 5471 1447 5563 117--
1490 5488 1535 5520 ὀ
1582 5471 1747 5547 Paul!
1780 5471 2001 5563 ῐιέέῐνῗ

2180 5471 2724 5563 δ’δ’ἶὲἐἱζίι’ὗξ’γῖ’έ.”
2753 5494 2798 5526 οι
2836 5471 3114 5560 ιεῐῖῖτίἱζ
3154 5471 3241 5550 13'.
3313 5495 3358 5526 δ’
3406 5491 3517 5548 Jer.
3560 5509 3653 5562 ut,

402 5536 471 5630 ξξ
510 5536 752 5630 ιΙκΙνιᾼΞῦζ
903 5548 1021 5630 :ler.
1047 5566 1093 5610 ι..
1146 5551 1237 5606 26.
1272 5536 1284 5549 ’
1312 5536 1732 5630 ῗξςΡτονίλξιῘ,
1784 5536 1994 5615 lilii";

2110 5564 2179 5621 al.
2209 5536 2486 5630 LJBTZ'."
2506 5536 2554 5599 ιε
2572 5536 2689 5622 ἰἆῇ
2720 5582 2802 5630 ιιι,
2982 5536 3256 5629 Visam},
3285 5564 3375 5619 et.

406 5623 480 5694 LV:
533 5611 614 5694 id,
818 5619 860 5650 ”
901 5617 1043 5694 Paul.
1078 5639 1268 5685 (LXVIII,
1314 5625 1431 5679 162,
1510 5611 1732 5683 "ibid:
1767 5611 1887 5694 illi
1932 5634 2020 5691 54.

403 5676 493 5740 25.
571 5682 795 5744 "Juan.
840 5706 927 5752 xv.
970 5691 1053 5747 14.
1130 5694 1174 5725 ’³
1211 5676 1348 5753 Osee
1388 5676 1505 5765 an,
1547 5676 1600 5757 δέ

2097 5637 2137 5667 ¹¹
2172 5637 2313 5692 Psal-
2339 5652 2390 5701 c,
2416 5637 2534 5693 3-6.
2610 5639 2655 5670 "
2684 5640 2784 5694 lsa.
2811 5652 2982 5699 xxxii,
3014 5635 3101 5691 1⁸5.
3173 5638 3219 5670 ’³
3246 5636 3400 5695 Joan.
3427 5650 3537 5703 XIV,
3563 5633 3660 5704 2i,

1678 5700 1724 5733 "
1750 5704 1881 5761 ibid.
1916 5704 2009 5772 4,5
2104 5708 2148 5741 ⁸⁷
2181 5708 2309 5764 ibid.
2344 5700 2494 5766 5-10.
2533 5709 2614 5775 ,³⁸
2646 5710 2750 5766 lsa.
2784 5723 2934 5775 sun,
2974 5706 3069 5769 25.
