3858 6316
176 272 284 331 τω

172 494 355 537 satqu
390 496 471 540 est
518 504 710 543 aurum
748 499 795 544 et
841 490 1173 547 immutatum
1222 510 1493 565 argentum
1543 501 1754 564 bonum,

172 576 339 645 efusi
363 588 492 632 sunt
519 579 724 648 lapides
750 582 922 635 sancti
949 583 1004 637 in
1026 586 1168 639 omni
1193 588 1391 641 uiarum
1409 590 1665 657 principio
1685 591 1759 646 ἠ

178 681 281 720 nec
323 677 452 736 post
497 669 760 739 plurimos
801 672 1015 728 labores
1060 673 1234 731 Patris
1271 679 1443 733 nostri
1480 694 1617 749 quos
1662 696 1759 750 pro

175 757 362 813 salute
396 770 586 816 nostra
621 764 877 832 suscepit,
913 780 973 821 se
1002 766 1175 836 ipsum
1203 767 1509 839 exemplum
1540 772 1758 831 virtutis

176 849 457 918 tribuens,
491 862 547 908 et
591 854 832 918 glorians
874 856 943 911 de
985 858 1141 912 nobis
1168 866 1225 913 et
1254 861 1394 929 apud
1433 872 1651 920 sanctos
1678 864 1758 920 lo-

173 954 356 1009 quens
390 959 406 997 :
438 941 531 998 Isti
558 944 651 1000 lilii
679 946 782 1002 mei
806 956 951 1014 sunt,
982 957 1032 1003 et
1066 949 1293 1020 populus
1322 966 1472 1009 meus
1505 953 1597 1010 lilii
1628 956 1753 1024 mei,

173 1042 234 1089 et
273 1050 387 1090 non
427 1036 770 1106 denegabant
804 1055 819 1092 :
848 1049 901 1096 et
949 1050 1071 1110 post
1103 1041 1473 1111 hujuscemodi
1509 1048 1753 1103 testimo-

170 1130 326 1180 nium
379 1140 488 1182 non
530 1128 819 1198 perdamus
872 1127 1121 1187 ﬁduciam
1183 1134 1335 1189 horta:
1383 1136 1750 1207 conscientiae,

166 1216 401 1286 spoliati
450 1218 694 1275 vestibus
740 1221 933 1290 quibus
973 1237 1072 1278 nos
1120 1223 1328 1290 induit,
1374 1234 1430 1281 et
1464 1226 1753 1285 introducti

166 1310 242 1363 ab
275 1323 344 1364 eo
380 1309 437 1363 in
464 1311 697 1365 stadium
731 1321 789 1366 ut
822 1312 1057 1385 legitime
1079 1325 1368 1383 certemus,
1398 1332 1503 1372 non
1532 1334 1754 1389 supereo

166 1412 298 1452 mur
322 1398 396 1453 ab
428 1400 661 1456 inimicis
692 1403 911 1458 nostris.
946 1403 1011 1457 Et
1036 1415 1317 1474 postquam
1345 1408 1657 1464 venerimus
1685 1411 1751 1466 ad

164 1489 307 1545 illud
340 1500 556 1559 tempus
586 1505 694 1560 quo
720 1494 1059 1561 egrediamur
1084 1495 1150 1550 de
1176 1511 1423 1566 corpore,
1452 1512 1518 1554 ne
1548 1499 1750 1556 inimici

166 1579 483 1636 eﬂiciamur
504 1581 685 1636 Patris
714 1585 906 1649 nostri,
932 1586 1205 1641 thesauris
1224 1587 1543 1655 servientes,
1572 1598 1631 1644 ut
1658 1591 1752 1661 qui

158 1673 398 1743 jejuniis
443 1682 502 1729 et
529 1672 823 1731 aﬂictione
854 1677 1098 1746 corporis
1140 1677 1423 1734 debuimus
1465 1682 1751 1751 acquirere

936 267 953 277 ’
999 279 1060 337 S.
1103 280 1396 339 ORSIESII
1436 283 1784 346 DOC'I‘BINA
1823 286 1914 347 DE
1950 288 2296 352 INSTITU'I'.
2337 295 2643 358 IONACH.

172 400 225 448 ct
259 406 434 464 super
458 407 560 452 nos
583 394 834 467 planctus
865 392 957 455 ille
984 400 1237 458 dicatur:
1270 404 1544 471 Quomodo
1577 407 1762 464 obscu—
1789 414 1836 473 Α
1862 424 2058 483 quatur
2088 425 2276 473 contra
2332 432 2429 474 nos

3324 311 3430 369 890

2480 436 2496 474 :
2546 418 2793 476 Iudicate
2838 421 2976 479 inter
3012 440 3094 481 ms
3139 434 3189 482 et
3222 427 3425 484 vineam

1859 515 2045 562 meam.
2100 507 2406 577 Exspectata
2440 520 2496 564 ut
2533 512 2728 578 faceret
2772 512 3037 582 fructum,
3075 525 3125 572 et
3161 517 3283 587 fecit
3322 521 3426 575 ini-

1857 596 2125 665 quitatem,
2150 607 2201 653 et
2228 615 2330 653 non
2350 599 2643 668 iustitiam,
2669 600 2761 654 sed
2787 602 3069 658 clamorem
3097 607 3140 671 ';
3166 615 3221 662 et
3246 609 3424 663 veniat

1857 702 2020 758 super
2050 704 2148 745 nos
2181 690 2269 745 illa
2314 690 2641 755 maledictio,
2674 705 2837 761 quam
2878 694 3208 763 prophetalis
3240 710 3420 753 sermo

1856 780 1950 835 Ille
1975 783 2338 852 prosequitur,
2373 791 2429 839 et
2457 795 2625 852 quam
2656 783 2803 838 omni
2829 785 3007 840 studio
3036 785 3221 857 lugere
3245 802 3310 844 ac
3343 789 3423 844 vi-
3444 780 3471 833 *η

1858 880 1974 927 tare
2000 872 2285 940 debemus,
2313 885 2602 944 sequentes
2623 874 3089 931 conversationem
3114 891 3302 934 eorum
3328 881 3419 951 qui

1855 977 1956 1019 nos
2005 964 2057 1019 in
2108 962 2333 1020 Domino
2370 976 2791 1035 praecesserunt,
2838 965 3059 1022 Patrum
3114 969 3319 1039 pariter
3356 986 3421 1027 ac

1854 1051 2105 1118 fratrum,
2156 1054 2251 1124 qui
2297 1056 2672 1111 renuntiantes
2714 1055 2912 1112 saeculo
2958 1066 3015 1112 et
3048 1057 3309 1116 inoffenso
3349 1061 3418 1115 ad

1853 1140 2141 1198 Dominum
2183 1154 2474 1216 pergentes
2506 1145 2699 1216 gradu,
2746 1160 2891 1203 nunc
2937 1147 3073 1217 ejus
3104 1148 3418 1207 haereditate

1852 1233 2166 1302 potiuntur:
2194 1249 2353 1304 quam
2380 1250 2569 1292 vereor
2591 1252 2656 1294 ne
2672 1239 2959 1309 perdamus
2984 1250 3163 1294 nostra
3189 1242 3413 1309 desidia,

1852 1337 1907 1380 et
1958 1327 2088 1381 illud
2132 1327 2286 1383 nobis
2326 1330 2698 1398 propheticum
2738 1339 2984 1400 aptetur,
3028 1331 3169 1400 quod
3212 1332 3413 1387 dictum

1850 1429 1934 1474 est
1967 1418 2026 1475 in
2070 1418 2326 1491 Ephraim
2369 1441 2382 1477 :
2428 1419 2614 1476 Oleum
2662 1423 2714 1475 in
2759 1422 3047 1493 lEgyptum
3086 1433 3347 1478 mercatur
3368 1424 3415 1479 ⁷.

1852 1509 2002 1564 Misti
2028 1520 2149 1566 sunt
2176 1513 2230 1566 in
2256 1512 2518 1582 gentibus,
2553 1522 2601 1568 et
2637 1496 2930 1567 didicerunt
2972 1531 3128 1583 opera
3161 1531 3341 1571 eorum
3369 1515 3413 1569 ⁸.

1852 1599 1930 1655 Ne
1980 1610 2263 1671 postquam
2312 1600 2489 1656 vocati
2549 1615 2737 1656 sumus
2795 1601 2848 1654 in
2895 1600 3219 1666 libertatem,
3275 1602 3417 1656 sicut

1850 1692 2109 1761 scriptum
2139 1699 2222 1747 est
2256 1708 2272 1745 :
2313 1689 2515 1744 Tollam
2545 1708 2634 1745 vos
2666 1707 2825 1745 unum
2861 1690 2925 1745 de
2954 1692 3167 1759 populo,
3204 1700 3252 1745 et
3282 1691 3418 1745 duos

163 1765 370 1819 anima:
396 1763 728 1832 libertatem,
755 1767 904 1821 carni
934 1774 988 1821 et
1009 1766 1236 1833 deliciis,
1267 1776 1321 1822 et
1351 1768 1748 1838 pulchrioribus
1774 1756 1822 1817 Β
1846 1785 1913 1839 de
1952 1756 2178 1853 familia,
2211 1793 2261 1838 ει
2308 1784 2555 1838 inducam
2590 1800 2679 1838 υοσ
2724 1785 2778 1837 in
2817 1756 2969 1849 Sion,
2996 1756 3043 1836 et
3092 1756 3227 1837 dabo
3270 1784 3416 1838 vobis

160 1855 516 1909 vestimentis
556 1854 851 1924 stratisque
889 1854 1224 1913 mollioribus
1262 1872 1361 1912 nos
1400 1859 1740 1927 dedicemus,

162 1958 275 1998 non
304 1941 487 1997 solum
520 1941 620 2013 ipsi
656 1951 964 2012 pereuntes,
989 1942 1084 1998 sed
1110 1952 1167 1998 et
1201 1944 1335 2001 alios
1366 1947 1458 2015 qui
1483 1947 1771 2017 proiicera

159 2042 494 2105 potuerunt,
527 2032 772 2104 exemplo
802 2041 987 2089 nostro
1013 2034 1271 2105 ducentes
1307 2036 1372 2091 ad
1409 2036 1642 2105 ruinam,
1677 2040 1745 2095 de

155 2125 367 2194 quibus
402 2124 668 2192 scriptum
699 2131 781 2178 est
815 2137 832 2177 :
878 2122 1001 2177 Non
1037 2126 1310 2194 accepistis
1354 2128 1595 2197 spiritum
1632 2146 1744 2185 ser-

155 2215 350 2268 vitutis
382 2213 439 2267 in
469 2214 706 2267 timerent
732 2213 773 2277 ¹,
806 2212 901 2268 sed
948 2211 1304 2281 fortitudinis,
1339 2226 1391 2272 et
1421 2218 1741 2286 charitatis,

154 2316 218 2362 et
248 2304 563 2376 pudicitia;
610 2315 665 2360 et
702 2322 717 2359 :
762 2303 922 2360 Cibus
964 2322 1057 2359 nos
1096 2323 1199 2361 non
1240 2310 1564 2364 commendat
1611 2310 1741 2365 Deo.

160 2396 352 2467 Neque
392 2398 532 2451 enim
576 2397 622 2451 si
666 2397 1061 2467 comederimus,
1107 2400 1521 2467 abundabimus,
1556 2419 1647 2457 nec
1694 2403 1741 2456 si

156 2503 267 2540 non
305 2488 691 2540 comederimus
739 2486 1087 2556 indigebimus
1128 2489 1170 2544 '.
1212 2488 1337 2545 Non
1371 2500 1445 2567 est
1475 2493 1611 2546 enim
1660 2510 1743 2549 re-

154 2592 323 2646 gnum
363 2576 459 2629 Dei
499 2577 646 2630 cibus
682 2586 730 2630 et
772 2586 953 2644 potus;
999 2578 1089 2632 sed
1121 2580 1367 2649 justitia,
1396 2583 1654 2652 'gaudium
1692 2596 1740 2640 et

153 2684 267 2735 paa:
300 2670 360 2721 in
388 2665 589 2735 Spiritu
624 2677 807 2722 sancto
831 2668 873 2721 ⁸.
922 2669 1023 2735 Qui
1068 2670 1121 2724 in
1164 2672 1266 2726 hoc
1297 2673 1467 2728 servit
1503 2674 1739 2743 Christo,

154 2755 341 2825 placet
371 2755 501 2823 Deo,
525 2757 785 2826 probatus
813 2767 897 2814 est
919 2760 1193 2817 omnibus.
1225 2762 1394 2821 Isaias
1424 2781 1634 2837 quoque
1660 2769 1742 2823 di.

154 2846 277 2902 cit:
318 2844 426 2911 Qui
467 2858 760 2917 exspectant
794 2848 1099 2917 Dominum,
1188 2854 1537 2911 immutabunt
1582 2862 1743 2914 uirtu—

151 2950 285 3005 tem,
318 2949 589 2993 assument
618 2956 813 3008 pennas
848 2951 901 2995 ut
936 2943 1167 3013 aquilae;
1194 2956 1427 3015 current,
1455 2959 1504 3003 et
1534 2967 1636 3005 non
1663 2952 1742 3007 lac

155 3028 461 3087 borabunl:
498 3030 822 3098 gradientur,
859 3042 907 3086 et
934 3050 1038 3087 non
1061 3040 1291 3091 esurient
1316 3037 1356 3091 ⁸.
1388 3037 1596 3094 Idcirco
1634 3041 1739 3096 ele-

153 3120 300 3172 eabit
349 3120 557 3189 signum
618 3120 673 3173 in
739 3134 934 3191 gentes,
1001 3133 1052 3177 et
1108 3127 1437 3196 congregabit
1494 3132 1742 3201 profugos

150 3207 357 3263 Israel.
411 3207 530 3262 Cito
563 3210 806 3263 velociter
844 3212 1043 3264 uenient
1085 3228 1103 3267 :
1142 3228 1246 3265 non
1282 3215 1550 3282 esuriant,
1584 3233 1744 3285 neque

151 3299 549 3354 dormitabunt.
600 3295 723 3353 Non
775 3300 1067 3370 dormient,
1103 3319 1195 3357 nec
1232 3302 1428 3358 solvent
1482 3322 1641 3360 zonas
1679 3312 1744 3362 de

152 3390 354 3444 lumbis
383 3390 520 3455 suis,
550 3405 714 3461 neque
744 3402 1050 3460 rumpeutur
1071 3392 1127 3447 in
1172 3398 1535 3451 calceamentis
1562 3414 1742 3453 eorum

152 3482 425 3552 corrigiw.
476 3478 711 3546 Quorum
745 3481 930 3551 jacula
978 3492 1139 3538 acuta
1180 3496 1300 3539 sunt
1334 3496 1381 3541 et
1419 3487 1608 3543 intenti
1653 3506 1741 3543 ar-

152 3590 247 3628 cus
273 3587 293 3625 :
314 3572 470 3641 pedes
500 3588 784 3641 equorum,
817 3582 874 3627 ut
900 3583 1047 3643 petra
1076 3575 1369 3645 fortissima
1400 3594 1418 3631 :
1450 3588 1578 3635 rotae
1620 3597 1741 3635 cur-

151 3681 314 3718 ruum
344 3668 494 3735 quasi
521 3673 800 3731 tempestas
836 3681 854 3720 :
896 3667 1140 3737 impetum
1174 3668 1369 3739 facient
1394 3680 1450 3725 ut
1472 3672 1665 3743 leones,
1690 3683 1738 3727 et

154 3757 381 3810 aderunt
416 3766 470 3808 ut
499 3755 665 3809 catuli
694 3757 897 3810 leonum
923 3757 967 3812 ⁸.

222 3846 437 3903 XLVII.
473 3846 537 3901 Et
561 3863 660 3903 nos
683 3846 849 3917 igitur
874 3858 1187 3905 sanctorum
1216 3851 1517 3910 imitatores
1548 3854 1736 3924 simus,

156 3953 253 3993 nec
281 3938 669 3995 obliviscamur
698 3940 1064 4011 institutionis
1097 3958 1201 4013 qua
1238 3959 1336 3999 nos
1365 3946 1601 4000 erudivit
1631 3945 1735 4000 Pa-

152 4043 234 4087 ter
263 4042 474 4098 noster,
522 4033 648 4087 dum
683 4034 858 4088 adhuc
890 4044 1033 4091 esset
1060 4034 1113 4091 in
1139 4050 1383 4107 corpore.
1423 4036 1502 4093 Ne
1534 4038 1738 4093 exstin-

150 4139 386 4193 guamus
421 4123 700 4179 lucernam
732 4126 1016 4182 ardentem
1057 4144 1216 4198 quam
1248 4131 1427 4198 posuit
1460 4144 1621 4200 super
1646 4147 1737 4199 ca-

148 4216 265 4284 pita
296 4224 511 4272 nostra.
531 4216 612 4272 Ad
645 4219 799 4289 cujus
828 4219 1005 4274 lumen
1036 4220 1092 4274 in
1118 4220 1220 4276 boc
1245 4222 1442 4277 saeculo
1483 4223 1735 4279 inceden-

151 4318 255 4378 tes,
289 4311 709 4367 meminerimus
735 4314 878 4383 quud
909 4328 1006 4382 per
1032 4314 1269 4368 studium
1294 4314 1442 4369 illius
1472 4314 1613 4370 Deus
1635 4331 1732 4373 nos

1845 1884 2083 1947 pastores
2116 1875 2403 1931 secundum
2445 1891 2537 1929 cor
2573 1891 2767 1940 meum,
2801 1876 2891 1945 qui
2938 1885 3154 1944 pascant
3180 1891 3267 1929 vos
3297 1891 3414 1928 cum

1843 1967 2123 2036 disciplina
2148 1968 2202 2035 I’;
2227 1966 2569 2022 resolvantur
2608 1965 2823 2019 vincula
2854 1965 3160 2029 cbaritatis,
3185 1973 3241 2020 et
3269 1965 3417 2019 dica-

1845 2068 1932 2116 tur
1958 2060 2025 2114 de
2058 2059 2213 2114 nobis
2240 2075 2254 2113 :
2294 2057 2471 2112 Filius
2497 2057 2754 2127 gloriﬁcat
2784 2065 3005 2125 patrem,
3039 2065 3085 2108 et
3113 2071 3289 2109 servus
3316 2056 3415 2108 da-

1842 2150 2040 2205 minum
2061 2165 2234 2205 suum.
2266 2148 2325 2204 Si
2353 2147 2519 2202 Pater
2535 2164 2626 2217 ego
2660 2163 2798 2211 sum,
2839 2145 2924 2199 ubi
2950 2155 3024 2200 est
3051 2145 3221 2215 gloria
3263 2147 3415 2200 mea?

1843 2239 1901 2296 Si
1931 2240 2206 2307 Dominus,
2237 2240 2324 2294 ubi
2350 2250 2421 2295 est
2451 2240 2608 2295 timor
2633 2253 2779 2293 meus
2807 2236 2890 2292 “1

1911 2331 2143 2388 XLVIII.
2182 2331 2390 2387 Idcirco
2421 2329 2791 2400 unusquisque
2830 2336 3073 2383 nostrum
3115 2327 3315 2384 clamet
3346 2329 3413 2384 ad

1843 2421 2129 2479 Dominum
2164 2442 2179 2478 :
2204 2422 2261 2477 Μ
2267 2424 2348 2477 uri
2372 2420 2505 2477 Sion
2523 2422 2785 2476 deducant
2803 2421 2935 2475 sicut
2955 2428 3205 2474 torrentes
3235 2419 3412 2489 lacry-

1840 2532 1955 2571 mas
1989 2517 2075 2570 die
2101 2531 2164 2569 ac
2192 2525 2362 2569 nocte.
2396 2512 2478 2569 Ne
2518 2514 2607 2567 des
2636 2514 2861 2583 requiem
2894 2512 3022 2577 tibi,
3050 2527 3212 2581 neque
3244 2502 3413 2565 taceat

1841 2605 2042 2675 pupilla
2064 2604 2203 2659 oculi
2233 2605 2330 2670 tui.
2353 2602 2543 2674 Surge,
2567 2611 2617 2657 et
2646 2602 2805 2657 lauda
2826 2603 2879 2656 in
2902 2611 3066 2667 nocte,
3088 2601 3144 2655 in
3159 2598 3413 2669 principio

1842 2698 2142 2768 uigiliarum
2186 2706 2441 2761 tuarum;
2489 2695 2696 2764 effunde
2737 2695 2873 2749 sicut
2913 2709 3103 2762 aquam
3144 2708 3235 2746 cor
3267 2702 3415 2744 tuum

1842 2790 1898 2843 in
1926 2797 2202 2857 conspectu
2248 2787 2481 2843 Domini.
2511 2786 2645 2842 Leva
2681 2788 2748 2840 ad
2778 2786 2926 2842 illum
2957 2800 3142 2840 manus
3169 2794 3285 2837 tuas
3316 2796 3414 2850 pro

1842 2879 2121 2935 animabus
2171 2879 2506 2949 parvulorum
2570 2888 2813 2943 tuorum,
2872 2878 2961 2947 qui
3012 2875 3311 2945 defecerunt
3359 2872 3416 2926 in

1841 2972 2013 3038 capite
2067 2970 2424 3024 universorum
2482 2984 2753 3039 gressuum
2799 2967 2862 3019 υ.
2911 2964 2989 3020 Ne
3047 2962 3175 3019 illud
3226 2967 3415 3017 contra

1845 3078 1943 3119 nos
1969 3062 2181 3118 dicatur
2211 3080 2225 3117 :
2257 3061 2440 3126 Luxit,
2474 3070 2522 3116 et
2558 3070 2832 3130 corruptus
2855 3068 2930 3113 est
2961 3058 3119 3111 orbis.
3146 3054 3417 3110 Luxerunt

1844 3156 2035 3211 excelsi
2068 3165 2252 3217 teme,
2284 3164 2332 3209 et
2360 3164 2501 3207 terra
2534 3153 2689 3221 impie
2719 3154 2820 3221 egit
2855 3159 3063 3218 propter
3098 3147 3416 3200 habitatores

1845 3261 2005 3308 suos;
2044 3244 2431 3314 dereliquerunt
2482 3243 2620 3297 enim
2668 3242 2828 3311 legem
2856 3279 2871 3305 ,
2925 3250 2971 3293 et
3013 3238 3415 3291 immutauerunt

1842 3345 2104 3408 pracepta
2136 3351 2274 3401 mea,
2306 3342 2673 3390 testamentum
2707 3344 2980 3387 teternum.
3009 3328 3220 3382 Idcirco
3254 3324 3417 3379 malc-

1844 3429 2005 3484 dictio
2038 3427 2300 3483 deuorabit
2332 3438 2551 3492 terram,
2582 3425 2707 3495 quia
2735 3429 3072 3492 peccauerunt
3099 3418 3416 3472 habitatores

1843 3519 1957 3590 ejus
1981 3530 2029 3574 et
2049 3519 2435 3590 dereliquerunt
2460 3517 2694 3571 homines
2716 3514 2872 3577 pauci
2897 3514 2966 3569 “.
2989 3510 3066 3566 Ne
3089 3518 3144 3566 et
3173 3517 3415 3564 nostrum

1843 3613 2026 3668 vinum
2057 3612 2237 3684 lugeat
2255 3620 2309 3668 et
2340 3612 2516 3676 vinea,
2542 3618 2599 3666 et
2625 3608 2977 3680 ingemiscant
3000 3604 3090 3676 qui
3121 3602 3272 3674 prius
3299 3607 3414 3655 toto

1841 3702 2025 3759 animo
2054 3702 2399 3767 Iztabantur,
2436 3702 2751 3771 dicaturque
2791 3699 2858 3754 de
2897 3697 3053 3752 nobis
3092 3713 3107 3750 :
3146 3693 3213 3748 In
3258 3693 3415 3747 domo

1840 3793 2131 3847 insaniam'
2155 3791 2543 3861 conﬁnxerunt,
2578 3789 2813 3860 corrupti
2841 3797 2964 3842 sunt
2993 3787 3127 3841 sicut
3156 3785 3267 3838 dies
3307 3783 3417 3837 col-

1839 3885 1904 3937 lis
1932 3883 2013 3950 ";
2046 3890 2142 3938 aut
2176 3882 2304 3938 illud
2352 3900 2368 3938 :
2400 3882 2593 3952 Captio
2621 3897 2686 3936 ea:
2728 3879 2867 3934 vobis
2912 3886 3027 3943 est;
3068 3885 3161 3930 et:
3200 3873 3418 3929 Dixistis

1837 3972 2227 4041 cnim,Fecistis
2255 3982 2616 4030 testamentum
2638 3987 2754 4027 cum
2777 3970 3006 4040 inferno,
3030 3976 3081 4023 et
3104 3982 3221 4021 cum
3254 3977 3419 4019 morte

1835 4066 2270 4137 pactum“.,Quua
2296 4067 2458 4123 verba
2480 4067 2731 4130 vitantes,
2755 4063 3026 4119 credimus
3056 4060 3227 4130 magis
3273 4056 3417 4127 quod

1837 4159 1890 4214 in
1923 4169 2163 4231 tempore
2218 4174 2318 4215 suo
2349 4158 2563 4215 Orietur
2580 4157 2731 4213 stella
2762 4173 2827 4210 ea:
2847 4152 3049 4217 Iacob,
3090 4162 3137 4207 et
3172 4156 3417 4217 exsurget

1835 4251 1989 4305 homo
2011 4253 2075 4305 de
2100 4250 2292 4316 Israel,
2312 4250 2401 4321 qui
2426 4251 2675 4319 percutiet
2699 4247 2958 4317 principes
3018 4243 3174 4297 Moab
3206 4254 3251 4295 et
3278 4240 3417 4308 ﬁlios

1834 4339 1954 4395 Setlt
1982 4342 2045 4396 ¹³.
2078 4339 2145 4395 Ut
2181 4358 2286 4397 non
2324 4343 2391 4395 sit
2423 4342 2479 4394 in
2513 4342 2667 4394 domo
2701 4338 2873 4393 Israel
2905 4334 3150 4391 stimulus
3186 4331 3407 4400 furoris,

145 4405 201 4459 in
252 4406 536 4476 prepriam
571 4405 833 4463 familiam
875 4409 1160 4477 receperit,
1204 4410 1505 4481 peregrinis
1552 4411 1732 4484 hospi-

1845 4441 1885 4485 ει
1920 4431 2073 4499 spina
2104 4430 2303 4485 doloris
2334 4431 2395 4485 ".
2425 4430 2563 4496 Quia
2589 4429 2733 4499 facta
2763 4436 2839 4482 est
2872 4424 3099 4479 Domino
3134 4437 3256 4490 pars
3297 4417 3415 4486 ejus

146 4496 288 4552 tium
331 4497 601 4565 tribuens,
642 4499 697 4554 in
731 4500 897 4555 maris
929 4501 1236 4557 turbinibus
1268 4503 1579 4559 constitutis
1607 4520 1732 4575 por-

146 4596 261 4644 tum
293 4590 622 4656 ostendens,
654 4604 847 4660 panem
895 4590 949 4645 in
996 4589 1159 4653 fame,
1203 4591 1452 4647 umbram
1484 4595 1537 4650 in
1571 4604 1729 4664 testu,

146 4681 542 4737 vestimentum
572 4681 628 4735 in
665 4682 943 4749 nuditate;
984 4683 1261 4753 imperitos
1296 4685 1582 4757 praeceptis
1616 4690 1729 4759 spi-

144 4773 406 4829 ritalibus
434 4773 687 4838 erudivit,
716 4774 863 4831 vitiis
897 4775 1197 4831 servientes
1227 4778 1474 4834 castitate
1498 4781 1731 4837 circum-

144 4864 317 4930 dedit,
349 4863 543 4936 procul
574 4865 778 4935 positos
809 4866 911 4922 sibi
939 4866 1140 4936 junxit.
1174 4866 1252 4923 Ne
1278 4881 1398 4939 post
1429 4871 1573 4928 illius
1604 4873 1729 4929 dor-

144 4957 431 5011 mitionem
483 4955 871 5013 obliviscamur
916 4967 1080 5013 tautae
1129 4959 1388 5016 bonitatis
1428 4972 1484 5019 et
1526 4965 1730 5021 beneli-

143 5049 358 5105 ciorum
402 5046 808 5116 immortalium,
832 5058 1109 5107 vertentes
1140 5050 1377 5108 lurorem
1408 5054 1483 5125 (l)
1513 5055 1733 5127 iniudi-

140 5138 313 5206 cium,
352 5147 409 5195 et
439 5135 679 5196 fructum
707 5139 933 5212 iustitia:
982 5142 1039 5197 in
1078 5144 1518 5213 amaritudinem,
1553 5157 1607 5202 et
1647 5147 1730 5205 lo-

208 5326 261 5359 ”
309 5322 519 5381 Thren.
552 5338 629 5390 tv,
671 5327 691 5381 ι

797 5328 814 5359 ¹
855 5330 1044 5407 Βρηι.-
1063 5342 1194 5407 ειη,Δ
1220 5328 1305 5383 l5.
1367 5328 1449 5407 ξ]
1478 5330 1602 5407 cur.
1636 5348 1740 5397 vm,

1913 5342 1934 5373 ³
1960 5342 2112 5399 Rom.
2142 5360 2255 5406 stv.
2288 5345 2373 5399 I7.
2448 5344 2471 5373 ⁵
2497 5343 2597 5399 lsa.
2623 5360 2710 5407 ιι,
2736 5341 2826 5396 3i.

140 5396 330 5477 f_i_bid.
361 5395 415 5460 5,
450 5396 503 5448 4.
540 5396 576 5477 ’⁷
599 5395 862 5477 ρεθλιλι,
894 5397 947 5452 1.
1024 5396 1218 5477 “AP-al.
1245 5415 1345 5477 ev,
1366 5399 1453 5455 35.
1528 5404 1551 5435 ³
1577 5402 1685 5457 .lcr.
1714 5421 1738 5477 VI

1854 5413 1938 5475 tt,
1974 5395 2111 5469 t5?
2136 5395 2195 5447 εἴ
2216 5395 2452 5469 ’ὀιεῖιὶιὶιιι
2479 5395 2669 5477 ιζ”’6.’ἓ

1836 4522 2003 4577 Iacob
2023 4563 2040 4590 ,
2080 4521 2348 4590 funiculus
2386 4520 2710 4576 hwreditatis
2743 4518 2857 4590 ejus
2888 4514 3059 4571 Israel
3088 4514 3151 4565 "’.
3190 4512 3255 4566 Et
3285 4508 3415 4562 alibi

1837 4612 2077 4682 loquitur
2124 4611 2389 4669 Ieremias
2435 4629 2450 4667 :
2494 4611 2551 4666 Si
2584 4611 2859 4667 cessaverit
2897 4610 2953 4661 in
2983 4612 3260 4672 conspectu
3300 4615 3413 4653 meo

1837 4702 1922 4758 lea:
1950 4704 2077 4771 ista,
2105 4720 2229 4774 gens
2251 4703 2410 4759 etiam
2446 4701 2620 4758 Israel
2645 4716 2847 4755 cessare
2880 4697 3064 4769 poterit
3101 4693 3145 4726 ³⁸
3162 4710 3180 4759 ;
3210 4700 3266 4747 et
3297 4704 3401 4744 run

1835 4810 1953 4851 sum
1984 4814 1998 4851 :
2048 4795 2196 4851 Dabo
2230 4795 2459 4851 laborem
2488 4812 2669 4851 eorum
2700 4793 2865 4863 justis
2889 4831 2906 4857 ,
2951 4798 2999 4845 et
3046 4791 3413 4842 testamentum

1836 4901 2087 4945 teternum
2116 4908 2308 4962 ponant
2343 4907 2460 4946 cum
2488 4892 2644 4963 ipsis,
2679 4899 2729 4945 et
2764 4889 2957 4943 scietur
2986 4884 3041 4937 in
3063 4880 3301 4953 gentibus
3328 4892 3413 4931 se~

1837 4998 1953 5036 men
1992 4999 2196 5051 eorum,
2237 5000 2300 5040 ac
2351 4995 2576 5057 nepotes.
2620 4982 2806 5038 Omnis
2842 4980 2933 5050 qui
2966 4974 3148 5031 uiderit
3178 4987 3285 5035 eos,
3322 4985 3412 5022 coa

1835 5085 2044 5144 gnoscet
2083 5077 2210 5146 quia
2253 5077 2345 5132 isti
2374 5087 2494 5132 sunt
2524 5091 2697 5131 semen
2732 5092 2765 5128 a
2806 5071 3033 5128 Domino
3067 5065 3417 5129 benedictum,

1836 5172 1885 5217 et
1917 5165 2115 5235 gaudio
2140 5166 2484 5236 perfruentur
2505 5166 2723 5222 Domini
2752 5166 2821 5221 ".

2972 5340 2993 5372 ⁸
3020 5337 3123 5393 lsa.
3154 5350 3207 5400 v,
3232 5330 3413 5387 26-29.

2709 5414 2748 5445 ι’
2806 5410 3008 5465 'l'hren.
3068 5424 3126 5473 ll,
3186 5405 3273 5465 18.
3332 5408 3412 5456 Μ.

142 5466 181 5499 ¹²
204 5467 313 5521 lsa.
342 5465 648 5554 innuit-‘6.
711 5467 759 5554 “7
941 5483 1019 5554 μή,
1050 5469 1181 5554 8,3.
1207 5539 1222 5554 .
1262 5470 1303 5502 “
1330 5472 1435 5526 lsa.
1462 5486 1653 5554 ss‘vui,
1702 5476 1740 5529 1,

1865 5465 2102 5539 ³δ’Νιέιίι.
2140 5465 2450 5554 XXI—viti."
2483 5465 2535 5517 v‘v‘
2557 5465 2756 5540 Eicch.
2784 5498 2978 5547 xxvm,
3006 5465 3125 5535 24(
3178 5477 3218 5509 ⁸⁷
3254 5477 3408 5529 Deut.

141 5551 317 5601 ssxu,
352 5537 407 5593 9.
488 5535 533 5568 ta
580 5534 695 5597 Icr.
752 5552 907 5605 xm,
941 5539 1032 5595 56.
1115 5541 1157 5572 ¹⁹
1203 5539 1306 5597 lsa.
1348 5557 1460 5605 ut,
1500 5541 1555 5608 8,
1611 5534 1665 5599 9.

213 5654 232 5720 (
245 5653 298 5724 Ι)
333 5652 614 5712 Furorem.

143 5720 432 5783 lectionem
469 5720 807 5801 praetulerim

646 5654 953 5739 legendum
977 5660 1188 5719 videtur
1216 5662 1470 5734 favorem,
1502 5661 1584 5721 vel
1618 5663 1890 5734 fervorem.
1939 5665 2043 5723 Sed
2081 5680 2147 5724 ex
2215 5666 2282 5724 iis
2344 5682 2463 5739 qua:
2526 5667 2708 5722 statim
2783 5673 3100 5737 Sequuntur,
3177 5662 3410 5734 priorem
