3858 6310
432 279 530 339 891
579 319 585 327 ,

1536 269 1812 326 PATRES
1854 265 2158 324 ᾹΞΟΥΡΤΙΙ
2202 264 2470 322 SECULI
2515 265 2602 322 Ν.

3598 269 3699 322 89!

500 392 692 453 XLIX.
737 391 805 448 Et
846 405 946 446 nos
993 403 1124 460 ergo
1171 398 1481 444 scrutemur
1523 391 1637 444 vias
1667 399 1904 452 nostras,
1952 400 2007 441 et
2036 393 2082 446 Α
2108 383 2276 438 hende
2309 399 2467 446 eum;
2516 379 2725 435 ambula
2775 380 2830 434 in
2877 378 3150 448 splendore
3201 380 3416 436 luminis
3461 382 3620 451 ejus,
3652 398 3699 437 ei

425 500 648 559 gressus
672 485 1049 555 dijudicemus,
1078 490 1134 537 et
1163 497 1456 551 sequamur
1475 481 1698 536 odorem
1727 480 2006 544 scientias;

426 577 826 632 aliscondentes
855 588 1072 643 semper
1093 573 1255 627 verba
1281 572 1398 641 ejus
1420 572 1472 626 in
1502 572 1756 627 cordibus
1787 573 2007 636 nostris,

427 675 484 718 ut
502 666 676 719 simus
702 661 1033 718 immaculati
1059 663 1114 716 in
1141 661 1252 725 via,
1277 669 1332 716 et.
1357 662 1410 715 in
1440 661 1558 731 lege
1582 660 1792 716 Domini
1818 662 2010 716 ambu-

428 756 600 809 lamus
623 756 690 806 ⁸⁸.
716 754 832 808 Non
864 767 961 808 nos
986 763 1185 808 terreat
1210 753 1474 822 fragilitas
1493 753 1758 822 corporis,
1786 764 1840 808 et
1866 752 2006 822 longi

430 846 690 912 ieinporis
720 845 887 899 labor.
923 842 1117 897 Patres
1140 845 1300 898 vestri
1339 843 1427 897 ubi
1457 854 1601 911 sunt,
1633 852 1684 897 et
1709 843 2011 912 prophetae?

431 943 489 985 ut
526 933 784 1006 scriptum
816 941 921 996 est,
959 933 1194 1002 nunquid
1227 933 1282 986 in
1313 942 1565 987 aeternum
1601 932 1806 988 virent?
1843 931 2008 987 Verba

431 1026 740 1078 autem’mea
769 1035 816 1078 et
844 1024 1075 1093 legitima
1103 1039 1218 1078 mea
1245 1024 1522 1092 suscipite,
1555 1040 1674 1095 qua:
1698 1040 1790 1094 ego
1820 1025 2010 1092 praeci-

432 1119 522 1186 pio
553 1117 606 1169 in
641 1115 842 1181 Spiritu
871 1131 981 1169 meo
1005 1118 1168 1170 servis
1194 1117 1320 1170 meis
1345 1117 1607 1184 prophetis
1628 1155 1644 1180 ,
1675 1117 1764 1186 qui
1795 1117 2008 1185 fuerunt

431 1223 548 1262 cum
583 1209 819 1274 patribus
850 1207 1032 1261 vestris
1060 1209 1125 1260 ".
1176 1204 1487 1263 Sentiamus
1529 1206 1855 1263 inellabilem
1899 1208 2009 1263 cle-

430 1301 689 1353 mentiam
722 1299 812 1353 Dei
848 1300 1042 1364 nostri,
1085 1300 1176 1369 qui
1213 1313 1387 1368 usque
1423 1299 1583 1354 hodie
1624 1301 1692 1353 ad
1736 1299 2009 1370 paeniten-

429 1390 561 1443 tiam
599 1405 697 1443 nos
729 1389 996 1454 hortatur,
1026 1391 1214 1445 dicens
1254 1407 1268 1444 :
1309 1388 1564 1460 Nunquid
1589 1391 1680 1462 qui
1718 1393 1864 1446 cadet
1904 1409 2008 1446 non

428 1482 704 1548 resurget?
744 1493 834 1534 aut
872 1483 963 1552 qui
994 1492 1269 1536 aversatur
1311 1499 1412 1536 non
1458 1487 1778 1540 revertetur!
1829 1484 2009 1550 Quare

429 1585 704 1627 aversatus
745 1583 821 1627 est
861 1573 1086 1639 populus
1122 1589 1266 1627 meus
1313 1575 1581 1628 aversione
1609 1573 1922 1643 impudenti,
1957 1584 2005 1628 et

431 1664 768 1716 obtinuerunt
803 1663 856 1716 in
903 1662 1257 1732 voluptatibus
1304 1664 1448 1729 suis,
1499 1675 1546 1717 et
1591 1666 1871 1718 noluerunt
1921 1681 2004 1718 re-

2119 493 2221 531 non
2245 476 2335 529 des
2369 476 2524 530 alteri
2551 475 2775 544 gloriam
2814 485 2996 538 tuam,
3040 483 3090 528 et
3141 490 3202 528 ea
3243 491 3361 543 qua:
3396 477 3698 529 conducunt

2117 566 2233 630 tibi,
2259 566 2400 636 genti
2441 566 2648 620 cliente.
2681 565 2831 620 Beati
2861 583 3062 631 sumus,
3101 565 3302 633 Israel,
3335 569 3461 638 quia
3498 568 3699 637 placita

2117 656 2228 712 Deo
2275 665 2454 711 nostro
2499 667 2624 711 nota
2653 667 2772 712 sunt
2816 659 2982 712 nobis.
3020 655 3265 727 Con/ide,
3296 660 3484 726 popule
3528 676 3697 723 meus,

2115 749 2440 803 memorialis
2489 747 2658 803 Israel
2686 748 2752 803 ³⁸.
2804 747 2872 803 Et
2924 750 3118 804 iterum
3187 747 3356 804 Isaias
3405 750 3696 819 loquitur:

2115 837 2344 905 Ltctare,
2375 838 2564 903 Israel,
2598 850 2644 894 et
2675 839 2867 910 festum
2900 842 3038 910 agite
3076 842 3214 894 diem
3247 857 3422 896 omnes
3454 843 3547 911 qui
3577 843 3692 895 dilio

2115 931 2235 1000 gitis
2269 946 2407 984 eum.
2439 928 2671 984 Gaudete
2715 932 2803 997 qui
2847 931 3109 999 conﬁditis
3153 932 3208 984 in
3236 947 3319 996 eo,
3363 940 3422 985 ut
3469 935 3696 1001 sugatis,

2114 1034 2162 1078 et
2195 1024 2514 1094 impleamini
2541 1039 2607 1079 ea:
2632 1023 2877 1078 uberibus
2901 1025 3274 1079 consolationis
3306 1025 3421 1094 ejus
3448 1026 3515 1080 ³⁸.

2187 1115 2275 1171 Ll.
2312 1115 2618 1172 Habeamus
2667 1131 2852 1172 curam
2903 1115 3249 1186 legendarum
3300 1125 3356 1171 et
3408 1116 3694 1172 discenda-

2116 1224 2233 1264 rum
2286 1207 2724 1278 Scripturarum,
2769 1218 2825 1262 et
2868 1207 2922 1262 in
2967 1221 3153 1262 earum
3194 1220 3408 1278 semper
3459 1208 3693 1264 medita-

2117 1302 2261 1357 tione
2299 1315 2599 1362 versemur.
2633 1301 2868 1354 scientes
2899 1301 3158 1368 scriptum
3188 1317 3202 1353 :
3242 1299 3324 1353 Ea:
3358 1300 3542 1367 fructu
3591 1303 3695 1354 oris

2112 1395 2197 1447 sui
2237 1395 2318 1446 vir
2353 1392 2680 1446 saturabitur
2705 1392 2788 1448 “z
2816 1402 2863 1447 et
2908 1407 3100 1446 merces
3136 1391 3377 1445 laborum
3416 1393 3535 1460 ejus
3581 1394 3694 1447 red-

2113 1483 2266 1536 detur
2288 1482 2354 1532 ³⁷.
2387 1481 2510 1537 llaec
2539 1491 2659 1537 sunt
2689 1497 2809 1552 quae
2848 1497 2946 1536 nos
2989 1481 3191 1537 ducunt
3219 1482 3286 1536 ad
3317 1493 3582 1537 aiternam
3618 1486 3694 1537 vi-

2116 1586 2244 1644 tam,
2270 1591 2389 1646 quin
2423 1575 2576 1630 nobis
2610 1575 2830 1630 tradidit
2864 1573 3026 1629 Pater
3057 1585 3260 1641 noster,
3284 1585 3339 1629 et
3361 1575 3565 1645 iugiter
3595 1593 3692 1631 me-

2114 1668 2333 1724 ditanda
2383 1666 2640 1736 prmecpit
2687 1677 2746 1721 ut
2781 1667 3064 1736 impleatur
3108 1666 3234 1721 illud
3270 1667 3324 1722 in
3357 1667 3518 1722 nobis
3550 1671 3690 1738 quod

431 1754 561 1805 certi
591 1753 673 1806 υτ
700 1751 755 1808 Si
787 1753 990 1808 reversi
1029 1751 1290 1808 fuerimus
1317 1754 1384 1808 ad
1415 1768 1559 1819 eum,
1595 1753 1881 1808 a-dillcabit
1911 1770 2009 1810 nos
2043 1753 2082 1809 Β
2111 1761 2374 1830 scriptum
2409 1767 2536 1814 est:
2579 1756 2750 1812 Erunt
2793 1760 2904 1813 hinc
2951 1757 3104 1812 verba
3147 1774 3264 1829 qua:
3305 1774 3400 1828 ego
3444 1761 3691 1828 prtrcipt'o

431 1843 635 1914 Spiritu
669 1859 802 1909 suo,
833 1843 986 1912 insta
1027 1845 1154 1899 illud
1191 1845 1334 1914 quod
1372 1845 1632 1914 scriptum
1666 1855 1753 1901 est
1791 1863 1804 1900 :
1839 1845 2005 1900 ΛΞάὶ-

427 1936 596 2004 ﬁcans
648 1936 983 1992 Hierusalem
1043 1937 1336 2005 Dominus,
1386 1938 1736 2005 dispersioues
1787 1937 2006 1994 lsraelis

428 2029 758 2098 congregabit
780 2029 848 2082 ”.

497 2137 560 2192 L.
591 2139 742 2206 Quod
791 2149 969 2194 autem
1019 2139 1187 2194 nostri
1252 2149 1427 2196 cietus
1472 2149 1527 2195 et
1573 2142 1885 2198 communio
1931 2159 2000 2198 ex

427 2227 539 2284 Deo
567 2230 634 2283 sit
665 2245 770 2299 qua
806 2244 905 2285 nos
941 2231 1172 2286 invicem
1208 2231 1544 2302 copulamur,
1571 2231 1862 2302 Apostolus
1906 2249 2006 2290 nos

426 2320 602 2375 docuit
637 2320 860 2376 dicens:
897 2319 1163 2376 Bonorum
1208 2338 1419 2387 operum
1455 2324 1840 2378 communionis
1873 2325 2006 2378 obli-

425 2412 552 2464 visci
605 2411 800 2476 nolite;
836 2413 1031 2466 talibus
1064 2415 1200 2467 enim
1243 2415 1468 2468 victimis
1516 2415 1752 2478 placetur
1799 2414 1904 2468 Deo
1939 2417 2004 2474 ³⁵.

425 2501 481 2554 ln
536 2502 757 2557 Actibus
825 2503 1194 2572 apostolorum
1254 2518 1472 2571 quoque
1531 2505 1671 2558 idem
1725 2504 2003 2575 legimus:

426 2591 784 2647 Multitudinis
837 2605 1008 2648 autem
1063 2595 1382 2649 credentium
1434 2604 1549 2649 erat
1599 2612 1689 2649 cor
1749 2614 1911 2650 unum
1958 2608 2006 2652 et

423 2684 602 2736 animo
633 2700 769 2748 una;
808 2695 856 2738 et
891 2685 1068 2760 nullus
1104 2702 1256 2739 suum
1301 2688 1426 2752 quid
1465 2689 1698 2754 dicebat,
1733 2691 1824 2744 sed
1855 2699 2006 2743 erant

423 2774 498 2826 eis
539 2774 779 2828 universa
829 2779 1149 2829 communia.
1199 2775 1263 2828 Et
1318 2777 1508 2831 virtute
1557 2796 1748 2849 magna
1806 2781 2003 2834 dabunt

425 2863 648 2931 apostoli
681 2866 1035 2919 testimonium
1082 2868 1481 2924 resurrectionis
1517 2868 1730 2925 Domini
1777 2872 1903 2926 Iesu
1933 2874 2000 2927 ".

427 2955 492 3009 Et
547 2953 833 3011 Psalmista
875 2959 926 3011 in
981 2959 1169 3012 eadem
1222 2959 1386 3014 verba
1441 2962 1717 3018 consensit
1771 2965 2002 3020 dicens:

2113 1853 2208 1905 tibi
2246 1850 2422 1915 hodie,
2462 1851 2516 1904 in
2548 1851 2705 1905 corde
2738 1859 2849 1914 tuo,
2877 1858 2926 1904 et
2969 1849 3025 1903 in
3062 1849 3244 1904 anima
3275 1859 3367 1903 tua
3394 1850 3607 1905 docebis
3634 1867 3691 1904 ea

2109 1945 2250 2014 ﬂues
2304 1952 2468 1998 tuos:
2514 1952 2562 1997 et
2599 1943 2827 2014 loqueris
2874 1943 2931 1996 in
2977 1942 3053 1996 eis
3106 1942 3288 1996 sedens
3329 1943 3386 1996 in
3432 1943 3614 2008 domo,
3645 1953 3690 1995 et

2111 2034 2390 2089 ambulans
2437 2035 2492 2088 in
2547 2035 2666 2100 via,
2719 2043 2766 2088 et
2818 2031 3078 2087 accubans
3134 2043 3288 2102 atque
3345 2049 3685 2102 consurgens.

2116 2127 2302 2184 Scribe
2332 2145 2393 2184 ea
2427 2145 2522 2198 pra
2555 2129 2704 2200 signo
2741 2129 2795 2182 in
2839 2144 2999 2181 manu
3039 2137 3165 2194 tua,
3207 2137 3256 2182 et
3299 2139 3452 2182 erunt
3505 2129 3689 2182 immo-

2113 2222 2238 2274 bilia
2277 2233 2399 2275 ante
2433 2221 2612 2276 oculos
2642 2231 2780 2274 tuos.
2809 2219 3018 2276 Scribes
3055 2237 3255 2289 quoque
3279 2238 3338 2273 ea
3368 2222 3420 2272 in
3464 2223 3689 2286 postibus

2109 2313 2360 2367 domuum
2404 2324 2638 2378 tuarum,
2669 2321 2717 2366 et
2757 2312 2812 2365 in
2844 2311 3134 2376 liminibus,
3174 2325 3227 2365 ut
3263 2313 3483 2366 discatis
3517 2316 3689 2367 timere

2114 2404 2398 2459 Dominum
2431 2405 2635 2458 cunctis
2681 2405 2861 2458 diebus
2901 2404 3088 2474 quibus
3127 2405 3295 2458 vivitis
3319 2404 3385 2458 ³⁸.
3435 2405 3684 2459 Salomon

2110 2511 2324 2566 quoque
2354 2497 2404 2551 id
2437 2498 2611 2566 ipsum
2641 2495 2951 2566 signiﬁcans
2983 2497 3121 2552 dicit
3147 2513 3160 2551 :
3191 2493 3372 2551 Scribe
3408 2514 3473 2552 ea
3515 2502 3568 2552 in
3611 2500 3687 2552 lu-

2110 2589 2336 2641 titndine
2361 2589 2532 2641 cordis
2569 2588 2647 2640 tui
2667 2587 2734 2642 ”.

2183 2700 2288 2754 LII.
2329 2700 2682 2754 Considerate
2717 2698 2933 2769 quantis
2967 2699 3293 2754 teetimoniis
3340 2701 3408 2754 ad
3459 2701 3678 2755 medita-

2112 2794 2308 2846 tionem
2345 2807 2621 2846 sacrnrum
2670 2791 3072 2860 Scripturarum
3106 2807 3203 2847 nos
3245 2808 3426 2847 sermo
3473 2793 3678 2848 Domini

2109 2887 2442 2949 cohortatur,
2489 2897 2544 2939 nt
2578 2902 2696 2954 qua:
2733 2900 2827 2940 ore
2863 2886 3147 2951 Voluimus,
3197 2888 3358 2942 corde
3403 2888 3670 2956 possidea-

2110 2994 2251 3032 mns.
2304 2977 2506 3030 Bonum
2553 2987 2625 3030 est
2684 2977 2885 3030 homini
2931 2993 3046 3030 cum
3095 2976 3334 3030 levaret-it
3379 2977 3571 3046 jugum
3619 2977 3680 3028 ab

427 3044 562 3100 Em
585 3063 742 3116 quam
775 3049 965 3102 bonum
995 3059 1042 3102 ει
1075 3066 1235 3119 quam
1260 3051 1582 3120 iucundum.
1627 3054 1862 3109 habitare
1889 3055 2004 3124 [ναί
2030 3104 2070 3139 ,η
2107 3068 2461 3122 adolescentia
2496 3086 2614 3121 tua.
2666 3066 2871 3121 Sedebit
2919 3067 3189 3122 solitarius
3218 3080 3262 3122 et
3304 3044 3527 3135 tacebit,
3562 3086 3679 3139 quo-

426 3149 532 3192 tres
558 3139 612 3192 in
657 3155 816 3194 unum
839 3141 904 3194 ".
935 3141 1002 3196 Et
1044 3157 1143 3198 nos
1188 3143 1239 3196 in
1275 3145 1536 3199 εοειιοιιίἰε
1580 3157 1996 3213 commorantes,

423 3239 479 3285 et
512 3231 666 3286 nobis
713 3239 894 3286 mutua
929 3233 1196 3289 cbaritate
1232 3235 1460 3300 sociati,
1503 3237 1696 3293 demus
1735 3241 1997 3305 studium,

424 3332 483 3378 ut
511 3327 779 3394 quomodo
811 3335 1120 3382 sanctorum
1158 3328 1379 3384 Patrum
1423 3330 1474 3384 in
1521 3330 1623 3384 hac
1651 3331 1757 3385 vita
1803 3333 2003 3386 merui-

427 3431 545 3470 mus
596 3418 948 3484 consortimn,
989 3420 1060 3474 ita
1105 3421 1159 3475 in
1207 3420 1390 3477 futuro
1437 3437 1653 3493 quoque
1710 3424 2002 3494 participes

423 3519 608 3561 eorum
640 3509 830 3573 simus,
869 3511 1101 3566 scientes
1131 3513 1272 3581 quod
1313 3527 1443 3567 crux
1480 3513 1602 3568 vita:
1656 3525 1855 3570 nostra:
1901 3515 1999 3568 do-

425 3599 718 3665 ctrintrque
771 3601 1094 3670 principium
1145 3603 1254 3667 sit,
1303 3612 1358 3657 et
1420 3612 1668 3672 oporteat
1721 3619 1820 3659 nos
1877 3621 1998 3659 cum

422 3686 639 3742 Christo
682 3688 811 3758 pati,
838 3701 890 3743 et
937 3706 1095 3746 nosse
1124 3694 1266 3761 quod
1306 3695 1508 3762 absque
1561 3692 2002 3750 tribulationibus

422 3785 478 3831 et
510 3780 773 3847 angustiis
809 3780 985 3837 nullus
1028 3781 1304 3836 victoriam
1349 3794 1715 3854 consequatur
1755 3803 1768 3838 :
1803 3784 2000 3842 Beatus

423 3871 502 3922 vir
529 3872 618 3938 qui
652 3871 836 3938 suﬁ’ert
867 3873 1226 3941 tentationem,
1267 3876 1392 3945 quia
1426 3891 1543 3928 cum
1590 3875 1838 3944 probatus
1879 3877 2000 3947 [ue-

346 3983 348 3985 ν
424 3959 516 4021 rit,
545 3976 789 4014 coronant
834 3964 951 4017 vita:
994 3965 1210 4032 accipiet
1233 3967 1309 4032 "",
1343 3974 1398 4020 et
1444 3965 1681 4022 iterum:
1718 3967 2001 4023 Laboravit

421 4053 478 4104 in
524 4052 794 4115 sa'culuttt,
825 4063 872 4106 et
905 4056 1031 4108 vivet
1066 4057 1120 4109 in
1152 4066 1404 4111 wternum
1429 4058 1496 4111 ³⁸.
1531 4056 1591 4115 Si
1635 4067 1808 4113 tamen
1857 4076 2000 4114 com-

422 4143 671 4211 patimur,
702 4157 755 4196 ut
799 4154 846 4198 et
889 4146 1260 4214 glori/icemur.
1303 4146 1556 4214 JEstimo,
1604 4149 1807 4219 inquit,
1857 4152 2000 4220 quod

424 4251 528 4288 non
568 4248 686 4290 sunt
715 4239 988 4307 condigna:
1017 4241 1284 4305 passiones
1316 4241 1474 4310 hujus
1506 4242 1755 4311 temporis
1801 4243 1870 4296 ad
1915 4242 2000 4311 fu-

423 4335 596 4380 turam
640 4328 886 4397 gloriam,
913 4346 1030 4398 qua‘
1062 4331 1368 4384 revelabitur
1414 4333 1470 4385 in
1506 4332 1652 4386 nobis
1677 4334 1742 4385 ”.
1777 4333 1838 4388 Et
1871 4335 1996 4390 alibi

2106 3163 2246 3214 uiam
2269 3159 2450 3213 levabit
2479 3175 2633 3226 super
2661 3177 2714 3214 se
2736 3160 2944 3229 jugum.
2971 3159 3123 3212 Dabit
3153 3161 3464 3228 percutienti
3495 3177 3548 3214 se
3575 3178 3682 3212 ma-

2101 3251 2308 3315 xillam,
2339 3250 2666 3302 saturabitur
2707 3249 3019 3316 opprobriis,
3047 3250 3297 3318 quoniam
3339 3267 3442 3304 non
3488 3267 3682 3319 semper

2102 3342 2310 3411 objiciet
2349 3341 2600 3394 Dominus
2627 3341 2694 3394 ⁸ο.
2744 3339 2811 3394 ΕΙ.
2851 3339 2978 3394 alibi
3028 3341 3288 3410 scriptum
3324 3350 3449 3396 est:
3492 3340 3679 3396 Recor-

2101 3437 2256 3488 datus
2287 3451 2401 3489 sum
2436 3435 2816 3489 misericordia
2858 3432 3098 3501 infantia:
3125 3443 3230 3486 tua:
3248 3432 3322 3500 δίς
3355 3443 3409 3487 et
3441 3433 3632 3488 iterum
3661 3450 3678 3487 :

2104 3525 2333 3590 La'tare,
2363 3525 2599 3594 juvenis,
2642 3526 2699 3578 in
2741 3523 3093 3578 adolescentia
3128 3535 3243 3589 tua,
3274 3535 3324 3579 et
3351 3527 3573 3579 exsultet
3599 3543 3684 3579 cor

2103 3627 2248 3669 tuum
2289 3618 2342 3670 in
2388 3616 2569 3669 diebus
2606 3615 2895 3684 juventutis
2944 3624 3080 3679 ωας,
3127 3625 3176 3670 et
3225 3614 3437 3668 ambula
3494 3618 3548 3668 in
3587 3617 3678 3668 viis

2102 3709 2277 3762 cordis
2305 3708 2380 3760 tui
2417 3710 2608 3778 absque
2636 3706 2865 3774 ntacula,
2907 3715 2956 3760 et
2999 3708 3052 3761 in
3086 3715 3362 3774 conspectu
3409 3707 3676 3760 oculorum

2102 3811 2310 3854 tuorunt
2337 3817 2355 3854 :
2381 3811 2428 3854 et
2458 3801 2585 3854 scito
2613 3800 2861 3870 quoniam
2899 3800 2952 3854 in
2989 3800 3226 3854 omnibus
3265 3800 3344 3852 his
3372 3801 3596 3852 adducet
3636 3812 3682 3852 te

2103 3891 2359 3946 Dominus
2410 3893 2464 3944 in
2502 3891 2731 3961 judicio.
2770 3891 2940 3961 Aufer
2987 3891 3218 3960 furorem
3255 3908 3287 3944 a
3324 3893 3482 3945 corde
3510 3903 3598 3945 tuo
3635 3902 3681 3945 et

2101 3984 2364 4039 malitiam
2395 4001 2427 4037 ιι
2467 4000 2627 4038 carne
2656 3995 2770 4050 tua,
2799 3986 3048 4056 quoniam
3085 3983 3435 4039 adolescentia
3463 3994 3514 4038 et
3553 3983 3681 4038 stul-

2102 4081 2219 4131 titia
2275 4077 2483 4130 vanitas
2535 4086 2612 4131 est
2637 4076 2712 4144 “;
2749 4087 2843 4132 et:
2896 4075 3156 4131 Memento
3204 4073 3472 4130 Creatoris
3513 4076 3591 4128 tui
3631 4076 3680 4128 in

2102 4169 2281 4223 diebus
2322 4167 2690 4223 adolescentia
2721 4180 2847 4235 tute,
2878 4169 3041 4222 donec
3068 4167 3274 4222 veniant
3307 4167 3417 4220 dies
3446 4168 3679 4236 pessimi,

2099 4275 2144 4316 et
2182 4272 2430 4330 occupent
2479 4263 2606 4316 anni
2643 4263 2697 4316 in
2731 4261 2919 4329 quibus
2958 4261 3139 4314 dices:
3172 4257 3293 4312 Non
3333 4268 3408 4312 est
3451 4259 3582 4312 mihi
3631 4261 3681 4311 in

2099 4355 2173 4409 eis
2211 4357 2447 4408 voluntas
2473 4369 2492 4408 :
2520 4361 2684 4408 donec
2723 4355 3103 4408 obtenebrescat
3131 4350 3210 4406 sol
3237 4359 3286 4405 et
3314 4350 3430 4413 lux,
3461 4363 3513 4404 et
3556 4353 3680 4404 luna

421 4420 681 4512 scriptum
713 4431 794 4474 est
820 4439 832 4474 :
861 4418 1172 4476 Existimavi
1206 4433 1258 4476 ut
1291 4438 1648 4492 cognoscerem
1677 4425 1774 4478 hoc
1796 4441 1816 4480 :
1848 4427 1999 4480 labor
2030 4456 2072 4511 υ
2099 4454 2144 4496 ει
2174 4443 2360 4506 “dum
2386 4452 2432 4496 ει
2467 4453 2842 4498 convertamur
2877 4443 3035 4497 nube,
3067 4451 3179 4512 ροει
3213 4441 3444 4512 pluviam
3469 4458 3491 4496 ε
3524 4443 3577 4495 in
3602 4445 3680 4495 die

419 4519 499 4564 est
529 4511 583 4565 in
627 4525 903 4581 conspectu
954 4531 1066 4567 meo
1095 4513 1176 4579 ";
1212 4525 1266 4568 et
1307 4515 1502 4569 iterum
1547 4531 1562 4568 :
1609 4515 1719 4585 Ego
1758 4517 1991 4571 laboravi

418 4619 635 4668 sequens
667 4615 739 4672 te,
772 4621 819 4660 et
865 4607 1004 4660 diem
1041 4606 1308 4661 hominum
1355 4623 1458 4660 non
1488 4608 1815 4663 consideravi
1837 4610 1910 4677 ³¹;
1944 4622 1999 4665 et

418 4697 526 4752 alio
557 4697 714 4754 loco:
749 4697 931 4754 Multte
960 4700 1319 4754 tribulationcs
1353 4700 1659 4770 justorum‘,
1697 4712 1745 4758 et
1785 4720 1858 4758 ex.
1879 4721 1995 4759 om-

420 4788 573 4843 nibus
621 4789 702 4843 his
758 4773 997 4844 liberabit
1048 4805 1135 4844 eos
1193 4789 1448 4844 Dominus
1495 4791 1562 4846 ³⁸.
1607 4792 1668 4847 Et
1732 4792 1994 4851 Dominus

417 4889 606 4936 noster
652 4880 888 4950 loquitur
933 4882 985 4936 in
1042 4880 1333 4952 Evangelio
1373 4899 1387 4935 ε
1439 4882 1544 4948 Qui
1593 4888 1996 4953 perseveraverit

419 4987 582 5041 usque
613 4972 664 5025 in
695 4972 876 5040 ﬁnem,
909 4973 994 5026 hic
1033 4973 1206 5027 salvus
1236 4973 1334 5026 erit
1363 4973 1430 5028 ³⁸.
1470 4973 1533 5027 Et
1574 4975 1700 5030 alibi
1731 4991 1747 5029 :
1787 4976 1890 5031 llic
1917 4988 1995 5033 est

416 5063 548 5116 liber
581 5065 985 5131 mandatorum,
1029 5074 1076 5118 et
1123 5063 1208 5118 lea:
1256 5063 1450 5133 scripta
1497 5065 1549 5119 in
1600 5067 1990 5137 sempiternum.

421 5137 613 5210 omnes
645 5158 734 5226 qui
763 5159 1146 5212 observaverint
1173 5173 1309 5221 eam,
1341 5157 1547 5222 vivent;
1584 5161 1674 5228 qui
1698 5172 1869 5215 autem
1903 5164 1995 5218 de-

417 5251 748 5320 reliquerint,
796 5252 1102 5305 morientur.
1159 5249 1444 5316 Revertere,
1474 5249 1661 5317 Iacob,
1706 5262 1754 5306 et
1802 5272 1991 5325 appre-

2099 4552 2201 4604 qua
2239 4535 2582 4589 movebuntur
2606 4538 2842 4590 custodes
2883 4536 3090 4599 domus,
3119 4546 3164 4588 et
3198 4535 3564 4590 sub’rertentur
3589 4537 3678 4589 viri

2101 4623 2330 4688 virtutis,
2357 4632 2408 4677 et
2437 4636 2632 4679 cessent
2660 4626 2930 4693 molentes,
2971 4627 3094 4696 quia
3125 4641 3308 4694 pauca:
3337 4626 3498 4696 facta
3523 4639 3675 4680 sunt:

2099 4723 2147 4768 et
2207 4715 2629 4770 obscurabuntur
2691 4733 2810 4788 quae
2877 4719 3050 4772 vident
3100 4719 3154 4771 in
3197 4717 3578 4786 foraminibus,
3631 4728 3675 4772 et

2100 4805 2345 4860 claudent
2381 4807 2491 4862 vias
2527 4809 2582 4862 in
2617 4808 2735 4879 [ora
2767 4811 2822 4864 in
2857 4809 3164 4878 in/irmitate
3207 4809 3344 4864 vocis
3389 4812 3672 4864 molentis:

2096 4906 2148 4950 et
2181 4907 2461 4968 exsurgent
2509 4899 2579 4952 ad
2631 4916 2802 4955 vocem
2867 4901 3118 4970 passeris,
3163 4910 3211 4954 et
3265 4900 3675 4955 ltumiliabuntur

2097 5004 2278 5044 omnes
2319 4989 2422 5058 ﬁlii
2450 4990 2660 5045 cantici.
2720 4991 2784 5044 Et
2829 4993 3039 5060 quidem
3086 4990 3148 5044 ab
3181 4991 3289 5044 alto
3329 4993 3602 5060 aspicient,
3629 5001 3672 5044 et

2095 5098 2310 5150 pavores
2351 5085 2406 5138 in
2439 5085 2544 5150 via,
2573 5095 2618 5139 et
2653 5085 2837 5154 ﬂoreat
2868 5087 3233 5156 amygdalum,
3276 5097 3322 5140 et
3361 5087 3671 5140 incrassetur

2097 5175 2321 5239 locusta,
2355 5184 2405 5230 et
2453 5177 2726 5231 scindatur
2757 5180 3019 5245 capparis.
3065 5179 3324 5243 Quoniam
3365 5179 3499 5230 abiit
3533 5178 3669 5231 homo

2098 5263 2155 5317 in
2183 5264 2400 5321 domum
2425 5267 2608 5322 sa'culi
2635 5284 2738 5328 sut,
2769 5278 2816 5321 et
2845 5280 3158 5338 gyraccruut
3189 5269 3241 5321 in
3270 5267 3387 5337 {oro
3414 5269 3504 5338 qui
3532 5268 3668 5335 plau-

484 5433 930 5513 '°_Psal:_(:_x\'ttl,
964 5438 1014 5491 l.
1089 5439 1130 5469 ¹¹
1155 5436 1333 5513 Zach.
1359 5453 1389 5513 t_
1423 5438 1477 5502 5,
1507 5438 1559 5494 6.
1599 5441 1682 5513 ξ’
1713 5440 1973 5513 ιιθτκτιιι,

2136 5450 2180 5480 ³³
2220 5450 2642 5513 Psal.cx1.vn.2.
2739 5453 2784 5483 “
2826 5452 2983 5506 llebr.
3033 5467 3150 5512 xm,
3180 5450 3262 5506 16.
3363 5449 3409 5480 ’⁸
3449 5450 3573 5503 Art.
3603 5465 3666 5509 εγ,

415 5505 608 5560 52.33.
686 5507 732 5537 “
763 5508 1131 5570 I’sal.cuxn,
1163 5510 1210 5561 l.
1291 5510 1333 5540 ³⁷
1362 5507 1478 5564 Jac.
1518 5525 1556 5572 I,
1591 5510 1674 5563 19..

418 5663 546 5709 λιιι,
575 5647 630 5700 2.
710 5650 750 5679 ³⁷
795 5647 920 5717 Snp.
954 5665 1004 5710 κ,
1044 5649 1125 5701 l7.

411 5719 469 5774 2.
542 5719 588 5751 ⁸⁸
627 5718 804 5776 Et'cle.
837 5736 900 5785 ι,
931 5722 983 5785 9,
1043 5719 1121 5776 10.

1205 5649 1248 5681 ³⁸
1291 5652 1444 5706 Deut.
1481 5667 1568 5716 st,
1603 5650 1790 5708 18-21.

1872 5658 1914 5690 ³⁸
1955 5659 2111 5716 Prov.
2141 5679 2224 5731 Ill,
2258 5662 2309 5716 3.
2388 5665 2432 5697 "
2473 5665 2672 5720 Tltrcn.
2711 5679 2790 5731 Ill,
2819 5663 2908 5731 27,
2947 5664 3036 5730 ‘28,
3076 5666 3163 5730 30,
3201 5663 3289 5718 51.

1755 5513 1801 5587 ξ’
1830 5512 1971 5569 PSal.
2015 5535 2202 5582 stm,
2230 5522 2284 5582 9,
2322 5527 2407 5578 10.
2483 5525 2526 5555 ”
2563 5525 2716 5578 Rom.
2747 5539 2862 5587 vnt,
2895 5522 2979 5586 l7,
3009 5525 3093 5578 18.
3170 5524 3213 5553 ³⁸
3243 5519 3385 5574 Psal.
3415 5522 3662 5581 LXIIIJU.

415 5577 456 5608 "
479 5575 594 5648 Jer.
619 5591 746 5630 svtt.
776 5579 860 5648 lli.
938 5579 980 5610 ³³
1009 5579 1073 5631 Ps
1113 5581 1145 5632 Ι.
1177 5595 1366 5638 xxxiii,
1390 5578 1482 5634 2i.
1558 5580 1603 5612 ⁸³
1631 5581 1817 5638 Matth.
1848 5603 1900 5648 κ,
1929 5587 2018 5642 22.

3437 5590 3482 5621 ις
3525 5591 3663 5642 ltro“

2098 5591 2144 5622 ”
2183 5590 2304 5646 ΒΑΓ.
2338 5610 2407 5656 t\',
2446 5595 2466 5646 1
2511 5595 2564 5647 5.
2712 5595 2754 5626 ³³
2796 5595 2896 5648 Isu.
2943 5609 3084 5656 uvt,
3131 5594 3214 5658 l0,
3253 5593 3335 5646 ll.
3437 5590 3482 5621 ³⁸³
3525 5591 3662 5642 Ιδιυτ.

2100 5679 2224 5722 .m.
2258 5662 2309 5716 3.
2388 5665 2432 5697 ”
2473 5665 2672 5720 Tltrcn.
2711 5679 2790 5722 Ill,
2819 5663 2908 5722 27,
2947 5664 3036 5722 ‘28.
3076 5666 3163 5722 30.
3201 5663 3289 5718 51.
3387 5660 3431 5693 ⁸⁸
3469 5659 3576 5716 Jcr.
3612 5673 3662 5722 In

2712 5595 2754 5626 ³³
2796 5595 2896 5648 Isu.
2943 5609 3084 5656 LXVI,
3131 5594 3214 5658 l0,
3253 5593 3335 5646 ll.
