3858 6312
126 287 241 348 833

979 295 1037 351 S.
1081 297 1377 357 ORSIESII
1413 300 1762 361 DOCTRINA
1802 306 1890 362 DE
1929 307 2276 368 lNSTl'l‘UT.
2319 311 2629 386 MQNACII.

3303 317 3410 372 894

124 415 309 475 gssit,
364 409 710 504 quoadusque
762 422 1026 467 evertatur
1075 417 1343 485 funiculus
1405 427 1638 493 argenti,
1683 435 1734 481 et
1763 434 1810 487 Α
1836 429 1978 484 diuis
2021 440 2328 486 sanctorum
2378 432 2656 499 omnimn,
2698 440 2751 487 et
2786 447 3054 504 prmctptte
3099 431 3298 499 David,
3344 435 3410 488 de

125 505 456 549 canteratur
498 497 689 552 monile
733 500 887 568 auri,
931 511 980 556 et
1028 505 1388 578 confringatur
1437 513 1625 582 hydria
1663 517 1734 568 ad

126 585 369 652 fontem,
399 600 448 641 et
485 590 802 657 impediatur
837 603 950 647 rota
985 611 1140 664 super
1180 597 1376 666 lacum,
1419 615 1464 656 et
1515 621 1728 660 conver-

126 687 288 731 tatur
319 681 496 747 puluis
531 682 584 736 in
621 691 849 750 terram,
901 689 1038 740 sicut
1086 689 1207 758 fuit,
1237 700 1286 744 et
1319 693 1534 760 spiritus
1565 713 1733 750 rever-

128 779 285 821 tatur
330 771 405 823 ad
441 771 744 838 Dominum,
789 777 879 846 qui
911 778 1052 830 dedit
1103 795 1220 832 eum
1247 781 1313 835 ”.
1347 783 1402 836 In
1438 784 1731 854 Evangelio

127 877 361 934 quoque
411 867 671 934 scriptum
705 880 826 925 est:
866 872 1046 936 Pueri,
1085 877 1322 946 nunquid
1364 878 1561 934 habetis
1607 881 1756 960 pul-_

130 960 425 1012 ruentum!
458 959 652 1015 Mittite
693 963 746 1015 in
779 964 1044 1019 dexteram
1075 977 1274 1036 partem
1313 972 1479 1030 navis.
1513 981 1564 1025 et
1593 973 1732 1027 inve-

131 1046 297 1098 nietis
324 1044 407 1112 “;
440 1057 494 1103 et
525 1049 718 1104 iterum
749 1069 763 1105 :
801 1052 986 1108 Omnis
1014 1073 1148 1123 puer
1182 1075 1242 1110 ac
1273 1058 1608 1128 juvenculus,
1642 1064 1733 1131 qui

130 1141 308 1191 nescit
341 1139 501 1194 hodie
527 1142 717 1195 bonum
746 1159 810 1198 ac
854 1147 1070 1212 malum,
1099 1150 1198 1216 ipsi
1245 1151 1514 1208 intrabunt
1542 1156 1594 1210 in
1626 1165 1732 1210 ter-

130 1247 258 1284 ram
303 1233 496 1285 bonum
521 1232 598 1299 M';
629 1248 692 1288 ac
718 1251 932 1291 rursum
961 1258 974 1291 :
1013 1238 1179 1295 Omne
1209 1244 1554 1298 masculinum
1593 1248 1730 1317 quod

131 1325 310 1388 aperit
339 1325 570 1390 vulvam,
613 1341 853 1382 sanctum
895 1331 1167 1386 vocabitur
1189 1336 1256 1388 ⁸⁸.
1291 1335 1356 1390 Et
1400 1337 1453 1390 in
1487 1338 1728 1407 Evange-

129 1415 258 1470 lio:
305 1415 450 1474 Puer
492 1430 663 1474 autem
705 1422 848 1488 ibat,
889 1434 936 1477 et
981 1427 1274 1496 crescebat,
1320 1420 1370 1485 et
1425 1433 1730 1501 proﬁciebat

131 1507 284 1573 apud
344 1507 520 1563 Deum
557 1521 604 1564 et
648 1512 790 1578 apud
824 1513 1058 1570 homines
1085 1517 1151 1572 ⁸⁷.
1194 1518 1349 1575 Jesus
1391 1537 1604 1594 quoque
1637 1527 1732 1580 mi—

131 1595 312 1651 nister
353 1597 526 1670 Moysi
551 1599 776 1669 juvenis
811 1615 964 1670 erat,
1008 1616 1062 1661 et
1096 1623 1198 1664 non
1253 1613 1633 1681 egrediebatur
1665 1618 1730 1672 de

134 1689 502 1745 tabernaculo
550 1690 666 1748 Dei.
717 1693 784 1749 Et
818 1695 885 1751 de
920 1696 1088 1752 David
1136 1700 1395 1768 scriptum
1451 1703 1721 1774 legimus:

1833 536 1940 590 quo
1988 523 2250 592 scriptum
2301 532 2432 577 est:
2487 522 2766 590 Memento,
2822 523 3064 592 Domine,
3103 522 3309 591 David,
3361 532 3409 577 et

1832 613 1999 666 omnis
2036 615 2453 668 mansuetudinis
2485 614 2598 683 ejus
2624 615 2690 667 θ’.
2728 615 2794 668 Ει
2837 614 3002 687 Moysi
3037 617 3104 670 de
3141 631 3247 685 quo
3278 616 3403 685 legi-

1833 710 1942 769 tur,
1968 708 2108 772 quod
2133 705 2296 760 fuerit
2333 715 2644 761 mansuetus
2673 709 2838 776 super
2865 723 3079 763 omnem
3113 716 3311 761 terram
3336 709 3405 763 °‘.

1833 794 1896 849 Et
1944 783 2200 852 Dominus
2239 799 2290 852 iu
2323 799 2611 869 Evangelio
2637 800 2702 853 de
2749 799 3048 854 mansuetis
3078 815 3140 854 ac
3189 800 3408 853 mitibus

1832 887 2071 956 loquitur
2108 908 2120 942 :
2159 889 2307 944 Beati
2349 893 2610 946 mansueti
2640 902 2687 946 et
2734 892 2884 945 mites
2931 893 3104 956 corde,
3150 893 3399 962 quoniam

1829 979 1930 1048 ipsi
1985 982 2316 1046 possidebunt
2373 993 2565 1037 terram
2600 983 2666 1038 ".
2714 981 2922 1060 Magna:
2963 983 3241 1052 sapientia:
3283 993 3402 1047 est,

1831 1073 2295 1127 mansuetudinem
2325 1076 2617 1144 possidere,
2649 1085 2704 1130 et
2745 1076 2932 1131 audire
2972 1093 2986 1130 :
3024 1073 3242 1143 Sapiens
3271 1086 3400 1139 esto.

1828 1160 1934 1228 fili,
1972 1172 2026 1214 ut
2061 1160 2267 1216 la'tetur
2299 1180 2390 1217 cor
2427 1181 2598 1218 meum
2621 1165 2701 1232 ⁶⁸;
2734 1174 2787 1220 et
2827 1155 3020 1220 itentm
3051 1188 3063 1221 :
3103 1162 3403 1220 Imitatores

1829 1261 1990 1305 estote
2048 1251 2174 1318 Dei,
2209 1253 2311 1324 ﬁlii
2358 1256 2758 1323 charissimi”;
2790 1264 2884 1311 et:
2935 1253 3114 1310 Estote
3155 1257 3400 1325 perfecti,
3485 1251 3490 1258 ’

1829 1345 1962 1396 sicut
1989 1353 2034 1397 et
2073 1343 2236 1399 Pater
2265 1357 2430 1401 vester
2453 1350 2541 1418 qui
2570 1350 2623 1402 in
2649 1350 2788 1404 caelis
2817 1359 2913 1414 est,
2944 1349 3199 1418 perfectus
3224 1361 3297 1404 est
3320 1351 3396 1416 7°;

1829 1441 1883 1486 et
1917 1427 2084 1488 alibi:
2132 1436 2317 1492 Sancti
2357 1449 2538 1509 estote,
2575 1442 2819 1510 quoniam
2862 1458 2952 1501 eao
2995 1452 3205 1496 sanctus
3250 1459 3398 1509 sum,

1827 1528 1961 1580 dixit
1999 1511 2252 1582 Dominus
2278 1530 2345 1584 τι.

1899 1617 2009 1673 LV.
2055 1619 2184 1687 Qua:
2213 1619 2450 1692 legentes
2491 1623 2818 1688 testimonia,
2864 1623 3192 1679 seminemus
3247 1624 3402 1680 nobis

1822 1705 2106 1774 justitiam,
2145 1719 2204 1764 ut
2256 1720 2520 1766 metamus
2565 1712 2798 1767 fructum
2844 1714 2987 1768 vitae.
3025 1713 3397 1771 llluminemos

133 1776 290 1831 Puer
326 1781 456 1848 ﬂavi
497 1784 709 1848 coloris,
745 1785 1065 1856 elegmtibus
1113 1792 1278 1846 oculis
1302 1793 1368 1848 ⁸⁸.
1411 1792 1724 1854 Timotheus
1757 1779 1800 1834 Β
1827 1796 1998 1852 lucem
2043 1798 2308 1865 scientiae,
2355 1801 2482 1871 quia
2536 1810 2743 1870 tempus
2781 1811 2862 1857 est
2895 1812 2954 1857 ut
3000 1819 3400 1874 cognoscamus

132 1882 362 1938 quoque
415 1869 591 1926 adhuc
645 1889 779 1944 puer
824 1888 880 1932 et
929 1879 1242 1937 adolescens
1295 1885 1465 1939 sacris
1521 1886 1721 1944 litteris

131 1960 390 2015 eruditus
423 1971 508 2016 est
531 1963 602 2027 ",
639 1974 697 2018 ut
731 1965 796 2020 ad
828 1966 984 2022 [idem
1026 1969 1237 2025 Domini
1283 1973 1568 2031 salvatoris
1611 1977 1727 2033 illa-

132 2066 258 2105 rum
289 2052 487 2106 semita
518 2057 842 2124 perveniret.
870 2059 935 2114 Et
969 2061 1036 2117 de
1069 2062 1288 2120 Daniele
1326 2069 1450 2135 quia
1481 2071 1724 2126 eruditus

130 2153 287 2208 erat,
335 2146 600 2213 scriptum
655 2148 899 2218 legimus,
948 2154 1090 2222 quod
1132 2156 1210 2208 uir
1258 2158 1637 2215 desideriorum
1674 2163 1722 2195 '°

129 2236 444 2303 appellatus
495 2239 587 2294 sit.
638 2239 834 2310 Joseph
887 2259 1100 2315 quoque
1162 2257 1279 2301 erat
1332 2250 1719 2310 dilectissimus

129 2331 277 2395 patri
327 2344 431 2384 suo
456 2332 522 2399 ",
563 2335 816 2402 quoniam
857 2335 974 2403 ejus
1029 2337 1271 2408 imperiis
1317 2343 1629 2410 serviebat;
1668 2353 1724 2400 et

132 2422 328 2474 decem
358 2437 422 2477 ac
445 2431 654 2493 septem
681 2428 856 2482 adhuc
884 2439 1040 2485 natus
1066 2447 1255 2497 annos,
1289 2443 1551 2504 pracepta
1580 2435 1722 2492 illius

133 2511 314 2582 legem
353 2515 480 2570 vita:
507 2531 616 2572 sua:
645 2519 1033 2575 arbitrabatur.

205 2603 345 2659 Llll.
389 2604 457 2659 Et
491 2606 607 2663 haec
651 2619 842 2664 cuncta
895 2611 1169 2680 replicavi,
1204 2621 1259 2666 ut
1291 2623 1600 2670 sanctorum
1642 2616 1722 2672 vi-

133 2706 218 2750 tas
267 2697 717 2766 considerantes,
757 2718 860 2758 non
899 2705 1334 2774 circumferamur
1378 2709 1522 2762 omni
1569 2723 1718 2764 vento

129 2787 392 2842 doctrina
417 2789 488 2854 η,
535 2793 629 2847 sed
663 2793 988 2863 laboremus,
1030 2806 1084 2851 et
1116 2812 1302 2852 eorum
1351 2802 1720 2857 conversatio-

130 2893 256 2931 nem
293 2888 500 2936 nostrze
529 2883 654 2937 vita:
681 2886 1014 2953 propositum
1062 2889 1356 2946 habeamus
1384 2893 1710 2963 exemplum,

129 2981 191 3023 ut
231 2970 413 3026 simus
452 2973 677 3041 pepulus
717 2974 808 3030 Dei
849 2979 1156 3046 peculiaris.
1195 2979 1306 3036 Nec
1332 2985 1718 3040 contristemus

129 3061 397 3129 Spiritum
440 3076 711 3130 sanctum,
748 3067 800 3120 in
836 3084 942 3138 quo
979 3071 1168 3142 signati
1198 3089 1387 3131 sumus
1412 3075 1462 3128 in
1495 3076 1580 3130 die
1619 3091 1703 3130 re-

130 3153 466 3223 demptionis
491 3157 572 3223 ⁸³;
611 3172 677 3213 ne
711 3159 859 3214 illum
903 3163 1310 3232 exslinguamus
1360 3168 1411 3222 in
1463 3169 1614 3222 nobis
1639 3168 1712 3236 “;

130 3255 182 3298 et
212 3246 531 3314 prophetias
563 3263 666 3303 non
710 3260 1116 3311 contemnamus
1140 3255 1220 3322 ³⁸;
1253 3272 1321 3312 ne
1364 3258 1591 3315 forsitan
1622 3276 1718 3315 vo-

1827 1889 2028 1954 Deum,
2076 1890 2244 1945 donec
2293 1891 2469 1944 veniat
2511 1891 2718 1948 fructus
2769 1893 2990 1964 iustitia:
3049 1894 3220 1949 nobis.
3263 1893 3398 1949 Ecce

1826 1997 1966 2034 nunc
1993 1991 2191 2050 tempus
2224 1982 2552 2051 acceptabile,
2581 1995 2630 2038 et
2659 1985 2770 2039 dies
2814 1985 3003 2039 salutis
3032 1989 3099 2042 τ’.
3144 1988 3210 2041 Et
3250 2001 3398 2052 vere,

1825 2073 2117 2128 secundum
2173 2074 2312 2143 quod
2353 2074 2610 2142 scriptum
2655 2086 2780 2130 est:
2819 2074 3100 2131 Plenitudo
3147 2077 3274 2148 legis
3321 2087 3400 2132 est

1825 2163 2029 2217 dilectio
2050 2163 2116 2216 ".
2151 2161 2358 2218 Joanne
2403 2165 2454 2219 in
2501 2167 2624 2220 haec
2655 2166 2842 2220 eadem
2889 2168 3247 2222 concinente:
3284 2167 3400 2222 Hoc

1823 2264 2133 2324 prteceptum
2183 2257 2473 2322 accepimus
2513 2273 2545 2310 α
2593 2255 2780 2322 Patre,
2823 2267 2878 2311 ut
2918 2258 3153 2328 diligatis
3182 2258 3264 2312 'ad
3314 2259 3400 2312 in-

1824 2348 1980 2402 uicem
2008 2346 2086 2410 ἐς
2129 2356 2184 2402 et
2219 2364 2232 2400 :
2265 2347 2369 2411 Qui
2413 2348 2584 2418 diligit
2624 2349 2823 2414 Deum,
2862 2349 3051 2420 diligat
3088 2359 3139 2406 et
3174 2350 3398 2420 fratrem

1822 2455 1977 2492 suum
2001 2438 2082 2503 7';
2113 2446 2167 2492 et
2194 2455 2208 2491 :
2249 2437 2372 2492 Non
2406 2439 2538 2493 sicut
2575 2438 2726 2506 Cain,
2755 2442 2844 2508 qui
2887 2457 2954 2495 ex
2990 2441 3217 2510 maligno
3247 2455 3392 2514 erat,

1820 2539 1867 2584 et
1918 2530 2102 2582 occidit
2156 2527 2376 2598 fratrem
2442 2546 2613 2586 suum.
2657 2529 2726 2584 Et
2791 2549 2952 2602 quare
3002 2533 3233 2586 occidit?
3273 2536 3388 2602 quit.

1821 2638 1978 2690 opera
2009 2623 2124 2691 ejus
2170 2621 2400 2692 maligna
2433 2635 2580 2677 erant
2600 2639 2621 2689 ;
2661 2623 2843 2692 fratris
2882 2635 3054 2679 autem
3085 2625 3196 2694 ejus
3237 2624 3394 2681 bona.

1823 2712 1947 2767 Non
2003 2714 2348 2778 admiremur,
2407 2714 2621 2783 fratres,
2661 2716 2708 2769 si
2759 2717 2926 2769 oderit
2979 2731 3071 2770 nos
3124 2719 3395 2780 mundus:

1821 2824 1914 2862 nos
1939 2808 2134 2861 scimus
2175 2809 2299 2879 quia
2347 2809 2685 2863 transivimus
2711 2811 2774 2863 de
2801 2820 2966 2864 morte
3008 2809 3077 2864 ad
3120 2809 3302 2876 vitam,
3335 2826 3395 2862 eo

1818 2897 1956 2966 quod
1983 2899 2268 2968 diligamus
2298 2897 2490 2967 fratres
2518 2898 2584 2953 ⁷⁸.
2638 2899 2778 2970 Ergo
2821 2899 3107 2971 diligamus
3149 2916 3246 2956 nos
3281 2916 3396 2954 mu-

1822 2998 1931 3042 tuo.

1891 3078 2022 3134 LVI.
2065 3079 2279 3151 Loquar
2304 3081 2453 3136 aliud
2484 3081 2550 3135 ad
2588 3097 2683 3136 vos
2717 3082 3018 3145 audentius,
3056 3081 3150 3139 lilii
3192 3083 3400 3138 cineris-

1821 3170 1968 3226 simi.
2005 3171 2079 3225 Ex
2109 3187 2216 3239 quo
2246 3171 2476 3225 credidit
2510 3171 2637 3225 mihi
2674 3172 2812 3227 Deus
2841 3172 3269 3228 conversationis
3305 3189 3399 3227 ve-

1817 3269 1944 3313 stra:
1995 3271 2048 3313 et
2075 3270 2276 3313 satione
2305 3261 2730 3315 conversationis
2771 3275 3008 3331 gregem,
3054 3278 3157 3317 non
3189 3262 3392 3316 cessavi

131 3337 263 3391 lenti
311 3339 543 3408 Spiritui
574 3351 762 3397 sancto
797 3343 1040 3402 habitare
1071 3348 1123 3402 in
1165 3347 1338 3416 nobis,
1383 3336 1492 3406 neu
1527 3352 1716 3408 demus
1816 3349 2072 3423 lacrymis
2121 3366 2345 3408 monere
2388 3363 2442 3406 et
2485 3353 2678 3408 docere
2722 3354 2996 3422 singulos,
3038 3363 3094 3408 ut
3137 3354 3394 3417 placeatis

131 3425 336 3482 locum.
371 3427 585 3483 Nullum
625 3432 788 3486 alium
835 3435 1119 3492 timeamus
1165 3449 1362 3507 praeter
1402 3441 1593 3508 Deum,
1623 3446 1713 3512 qui
1822 3446 1966 3513 Deo;
2006 3464 2105 3504 nec
2144 3450 2386 3505 sub'raxi
2421 3449 2636 3519 aliquod
2675 3451 2816 3520 (ptod
2856 3449 3008 3504 vobis
3035 3449 3164 3504 utile
3193 3449 3391 3503 sentie-

132 3518 272 3572 ultor
298 3517 539 3586 etjudex
565 3532 646 3576 est
667 3537 888 3590 (sperum
921 3527 1274 3597 singulorum,
1302 3539 1501 3586 etcum
1527 3543 1715 3601 saneto
1815 3536 1960 3604 bam,
1994 3548 2049 3592 ut
2079 3554 2182 3592 non
2216 3541 2449 3595 dicerem
2477 3557 2491 3593 :
2515 3517 2595 3593 'Et
2626 3517 2762 3594 nunc
2803 3539 3104 3594 commendo
3141 3554 3227 3592 vos
3263 3536 3390 3605 Deo,

129 3617 357 3663 sanctus
397 3620 504 3676 est,
541 3621 748 3666 etcum
783 3615 901 3669 viro
933 3616 1216 3674 innocente
1264 3621 1522 3677 innocens
1543 3623 1622 3689 ";
1661 3635 1718 3680 et
1814 3641 1861 3684 et
1906 3632 2058 3686 verba
2103 3633 2289 3701 gratia:
2330 3632 2476 3699 eius,
2519 3634 2612 3703 qui
2667 3640 2835 3700 potest
2875 3648 2963 3686 vos
3011 3631 3306 3699 mdiﬁcare,
3343 3638 3390 3682 et

129 3697 300 3752 dicit:
342 3697 457 3769 Ego
499 3712 733 3756 amantes
774 3719 855 3757 me
892 3705 1074 3775 diligo,
1127 3716 1176 3761 et
1221 3709 1314 3777 qui
1358 3725 1436 3764 me
1484 3725 1712 3780 quterent

1826 3721 1942 3776 dare
1988 3697 2129 3778 vobis
2178 3697 2541 3779 humilitatem
2595 3697 2715 3779 cum
2773 3724 2969 3778 sanctis
3009 3721 3078 3776 "".
3139 3720 3389 3799 Vigilate,

128 3787 392 3843 ίκυεηὶεηι
425 3792 678 3859 gaudium
699 3792 776 3856 '7;
809 3805 862 3849 et
901 3795 1022 3850 alibi
1059 3796 1292 3866 loquitur
1325 3816 1338 3852 τ
1373 3798 1434 3855 δέ
1472 3802 1718 3857 ambula-
1815 3814 1960 3868 omni
2006 3814 2186 3870 studio
2232 3829 2473 3885 curaque
2527 3814 2836 3870 contendite
2871 3829 2937 3867 ne
2987 3787 3390 3866 obliviscamini

128 3881 318 3934 veritis
352 3893 538 3936 contra
569 3900 647 3938 me
679 3889 929 3955 perversi,
965 3905 1059 3960 ego
1089 3891 1367 3948 ambulabo
1406 3903 1589 3949 contra
1624 3912 1715 3950 vos
1810 3889 2072 3976 propositi
2117 3906 2318 3972 vestri;
2357 3881 2451 3961 sed
2504 3903 2723 3976 implete
2767 3901 2921 3976 quod
2949 3915 3044 3954 vos
3086 3897 3238 3955 scitis
3271 3910 3394 3952 esse

127 3988 401 4039 perversus
427 3973 496 4028 ⁸⁸.

195 4064 333 4120 LIV.
374 4064 492 4120 Non
525 4067 822 4123 irascamur
857 4069 1118 4136 invicem;
1145 4073 1354 4130 etiamsi
1392 4075 1468 4130 ira
1503 4091 1600 4132 nos
1628 4077 1712 4132 vi-

125 4159 282 4220 cerit,
317 4173 425 4212 non
465 4172 752 4227 peccemus
778 4160 900 4215 irati
926 4163 992 4228 '9,
1024 4163 1154 4220 solis
1193 4165 1493 4222 accubitum
1529 4169 1702 4237 peni-

125 4250 292 4303 tentia
324 4253 856 4318 praeoccupantes“.
901 4252 1304 4312 Meminerimus
1346 4272 1467 4314 esse
1507 4257 1713 4328 prtecel

125 4350 300 4410 ptum,
325 4342 538 4409 quoties
565 4345 806 4411 peccanti
837 4345 888 4400 in
919 4361 1018 4403 nos
1045 4347 1323 4417 ignoscere
1349 4337 1607 4405 debemus
1625 4351 1670 4383 "
1694 4369 1709 4420 ;

125 4442 175 4486 et
221 4447 428 4487 munus
457 4443 703 4490 nostrun
757 4437 1065 4508 relinquere
1104 4451 1229 4496 ante
1271 4440 1530 4506 altare“,
1565 4445 1706 4512 quod

125 4538 473 4594 nequaquam
502 4527 817 4598 suscipitur,
845 4531 890 4586 si
941 4547 1046 4585 non
1082 4530 1240 4586 fuerit
1274 4534 1711 4591 reconciliatione

125 4617 430 4686 placabile;
480 4627 540 4672 ut
581 4621 849 4688 possimus
901 4623 1084 4679 dicere
1117 4640 1131 4678 :
1167 4623 1381 4679 Dimitte
1429 4626 1576 4681 nobis
1616 4628 1709 4681 de-

125 4712 230 4766 bita
263 4721 484 4778 nostra,
527 4714 666 4766 sicut
703 4724 751 4769 et
798 4731 890 4770 nos
919 4716 1232 4772 dimittimus
1270 4718 1586 4774 debitoribus
1617 4737 1711 4774 no-

124 4804 247 4856 stris
272 4801 341 4854 ".
387 4800 452 4854 Et
496 4801 786 4871 Apostolus
827 4805 1079 4876 praecepit
1113 4823 1129 4861 :
1168 4804 1228 4862 Si
1267 4808 1382 4878 quis
1418 4808 1571 4862 habet
1611 4809 1709 4862 ad—

124 4909 302 4948 versus
345 4893 576 4964 aliquem
623 4895 1027 4964 querimoniam,
1063 4898 1200 4952 sicut
1231 4909 1279 4953 et
1322 4897 1562 4954 Christus
1605 4901 1703 4954 do-

123 4985 264 5038 nauit
297 4983 470 5052 nobis,
496 4987 571 5040 sic
603 4986 762 5055 facite
789 4987 858 5042 “.
893 4986 1076 5044 Simus
1103 4989 1351 5061 discipuli
1390 4999 1700 5046 mansuetu-

190 5163 237 5196 ”
282 5163 462 5218 Eccle.‘
506 5181 616 5230 stt,
655 5166 769 5222 l-7.

123 5231 206 5305 52.
311 5231 447 5305 fail
483 5235 610 5305 Reg.
637 5253 746 5302 ut,
781 5237 868 5290 12.

124 5303 208 5357 14.
307 5303 356 5335 ⁸³
399 5304 528 5359 ibid.
566 5303 658 5361 30.
765 5307 812 5340 ’δ
851 5308 1090 5364 lThess.
1142 5325 1193 5372 v,
1247 5312 1334 5367 19.

131 5375 406 5447 ινφ-25⁸,
449 5375 542 5430 2t.
638 5379 683 5411 δ’
718 5377 862 5433 Psal.
893 5397 964 5447 tv,
1002 5381 1056 5435 5.

126 5456 198 5513 vt,
231 5444 340 5509 l2;
378 5443 510 5500 Luc.
536 5463 622 5513 xl,
650 5449 704 5503 4.

129 5512 180 5583 1.
256 5515 302 5547 ⁶⁹
343 5514 542 5583 Ephes.
582 5512 633 5582 v,
661 5521 712 5574 l.

881 5167 927 5200 “
965 5166 1120 5224 Joan.
1152 5187 1265 5234 ut,
1295 5173 1348 5238 5,
1382 5173 1435 5229 6.

997 5183 1120 5224 oan.
1152 5187 1265 5234 ut,
1295 5173 1348 5238 5,
1382 5173 1435 5229 6.
1547 5175 1592 5207 ⁸⁸
1622 5171 1711 5225 De:

991 5240 1035 5271 δ’
1076 5240 1428 5347 ιι
1456 5244 1715 5347 ,ιδεμῖος

1828 5213 1842 5236 ,
1864 5170 1953 5229 39.
2102 5173 2146 5205 “
2187 5173 2355 5228 Exod.
2383 5188 2500 5238 xm,
2529 5171 2592 5237 2;
2637 5170 2768 5227 Luc.
2795 5184 2854 5231 ιι,
2886 5170 2978 5224 25.
3087 5170 3131 5200 ⁸⁷
3173 5170 3302 5222 Luc.
3331 5183 3390 5230 ιι,

1826 5264 1853 5297 ι·
1891 5242 2093 5347 ,ξνὲῖτι
2829 5240 2926 5347 2.1-.
2987 5239 3048 5347 ἔτι
3080 5239 3390 5347 “testi:

1167 5325 1193 5372 ',
1247 5312 1334 5367 19.
1456 5315 1503 5348 ⁵⁸
1543 5315 1671 5369 ibid.
1697 5312 1784 5366 20.
1891 5313 1936 5345 ⁸⁸
1976 5312 2116 5368 Psal.
2167 5329 2301 5376 xvn,
2338 5313 2430 5369 26.

1167 5381 1212 5413 °°
1250 5382 1447 5451 Ephes.
1487 5400 1559 5449 tv,
1590 5382 1680 5438 26.
1759 5384 1799 5416 "
1841 5382 2028 5437 Matth.
2070 5400 2223 5449 svnt,
2252 5384 2314 5440 2|
2346 5399 2496 5454 seqq.

811 5450 858 5481 “
897 5450 1105 5506 Coloss.
1132 5467 1212 5510 Ill.
1250 5450 1333 5509 15.
1410 5456 1454 5488 ⁸⁸
1497 5455 1640 5510 Psal.
1668 5468 1852 5518 cum,
1883 5455 1934 5507 1.

811 5520 857 5551 ⁷⁸
900 5521 1087 5576 Matth.
1113 5538 1164 5588 ι’,
1195 5523 1284 5578 48.
1361 5527 1404 5558 ⁷¹
1448 5525 1578 5581 Lev.
1607 5542 1679 5585 ut,

1884 5525 1929 5554 "
1969 5521 2009 5575 ll
2039 5523 2245 5586 Conv],
2272 5524 2327 5578 2.
2371 5519 2448 5556 ’⁷³
2488 5523 2800 5588 Βοιιιίιιιι,
2832 5521 2918 5576 10.
2993 5519 3088 5575 ⁷⁸1
3126 5519 3390 5588 Ιοειιηιιν,

1814 3969 2100 4072 pollicitos.
2139 3998 2247 4068 Ego
2287 3969 2423 4052 enim
2463 3969 2836 4067 jam—delibor,
2865 3969 2924 4047 et.
2944 4003 3144 4061 tempus
3188 3991 3393 4044 resolu-

1814 4094 1972 4146 tionis
2001 4107 2129 4146 meo:
2162 4091 2342 4156 adest;
2371 4090 2461 4156 qui
2496 4099 2759 4143 certamen
2787 4086 2976 4140 bonum
3002 4099 3068 4138 ea:
3107 4091 3254 4152 parte
3282 4096 3395 4134 cer-

1814 4185 1945 4250 tari,
1975 4200 2193 4238 cursum
2222 4183 2597 4245 consummavi,
2639 4180 2796 4248 fidem
2827 4177 3049 4231 seruaui.
3092 4174 3169 4228 De
3207 4183 3393 4229 ca'tero

1815 4276 2048 4344 reposita
2076 4285 2151 4330 est
2187 4274 2315 4329 mihi
2341 4290 2535 4328 corona
2567 4273 2810 4345 justitiw,
2845 4286 3003 4340 quam
3041 4268 3223 4322 reddet
3264 4265 3392 4319 mihi

1815 4367 2066 4421 Dominus
2096 4367 2150 4419 in
2191 4367 2286 4419 illa
2320 4366 2404 4419 die
2437 4365 2615 4432 justus
2647 4363 2856 4433 iudex:
2885 4377 2986 4414 non
3027 4359 3194 4413 solum
3232 4356 3384 4420 mihi,

1814 4457 1904 4512 sed
1938 4466 1983 4510 et
2032 4457 2267 4510 omnibus
2307 4455 2397 4525 qui
2443 4455 2736 4508 dilexerunt
2779 4451 3044 4522 justitiam
3103 4449 3218 4518 ejus
3240 4447 3306 4513 ⁷⁸,
3339 4457 3394 4502 et

1813 4547 1991 4602 oumia
2028 4546 2204 4601 Patris
2237 4545 2485 4599 mandata
2519 4545 2779 4599 iecerunt.
2809 4541 2964 4596 Finis
2990 4540 3169 4596 uerbi:
3199 4538 3393 4593 Omnia

1813 4639 1962 4702 audi,
2001 4635 2172 4690 Deum
2204 4636 2346 4699 time,
2373 4645 2420 4688 et
2452 4636 2703 4689 mandata
2725 4635 2840 4705 ejus
2863 4632 3103 4696 custodi;
3139 4631 3392 4707 quoniam

1813 4733 1981 4783 omnis
2018 4729 2212 4783 homo:
2242 4729 2534 4784 universum
2564 4744 2691 4799 opus
2734 4728 2873 4781 Deus
2906 4727 3128 4782 adducet
3158 4725 3213 4780 in
3239 4721 3393 4794 judi-

1811 4819 1973 4889 cium,
1999 4823 2106 4877 siue
2135 4820 2348 4890 bonum,
2375 4823 2482 4878 siue
2507 4821 2706 4876 malum
2731 4821 2800 4875 sit
2827 4821 2893 4874 ”.

2153 4955 2388 5030 Explicit
2427 4955 2678 5012 Doctrina
2706 4953 2766 5010 δ.
2794 4951 3037 5008 Orsiesii.

2102 5173 2146 5205 “
2187 5173 2355 5228 Exod.
2383 5188 2500 5238 xm,
2529 5171 2592 5237 2;
2637 5170 2768 5227 Luc.
2795 5184 2854 5231 ιι,
2886 5167 2978 5224 23.
3087 5169 3131 5200 ⁸⁷
3173 5165 3302 5222 Luc.
3331 5183 3390 5230 ιι,

2540 5312 2584 5345 ⁸⁷
2624 5307 2783 5366 Prbv.
2829 5325 2950 5375 vm,
2987 5309 3070 5363 17.
3128 5307 3140 5309 ἡ
3176 5307 3222 5340 ⁵⁸
3261 5307 3389 5362 Lev.

2571 5383 2616 5416 “
2656 5382 2844 5436 Matth.
2872 5395 2922 5444 v,
2951 5380 3038 5434 21.
3113 5379 3158 5412 ⁸⁸
3200 5377 3388 5432 Matth.

2011 5454 2056 5486 “
2099 5454 2256 5508 Num.
2287 5471 2386 5523 xu,
2409 5449 2476 5509 δῖ
2542 5453 2586 5485 ⁸⁷
2624 5452 2812 5508 Matth.
2836 5467 2888 5523 ν,
2927 5452 2984 5506 4.
3021 5521 3027 5523 _
3057 5449 3102 5523 ξ’
3137 5450 3300 5523 Prov.
3336 5463 3390 5512 κ,

1891 5313 1936 5345 ⁸⁸
1976 5312 2116 5368 Psal.
2167 5329 2301 5376 xvn,
2338 5313 2430 5369 26.

83 5653 96 5674 Ι
127 5579 183 5641 7.
256 5585 304 5620 ⁷⁸
330 5586 350 5642 1
381 5579 542 5643 Joan.
576 5579 651 5658 tv,
675 5590 767 5645 21.
863 5591 911 5626 ⁷⁸
946 5593 964 5646 l
997 5579 1162 5649 Joan.
1185 5609 1265 5662 ιιι,
1297 5579 1486 5652 12-1ί
1564 5597 1606 5628 τ’
1647 5579 1708 5650 At

1832 5611 1884 5656 ι.
1916 5594 2004 5650 52.
2081 5595 2124 5628 ⁷⁸
2165 5579 2381 5651 11³11111.
2411 5609 2486 5661 tv,
2513 5596 2546 5650 6
2572 5595 2626 5651 8.
2701 5593 2748 5626 ⁷⁸
2785 5579 3092 5658 Ecclus",
3125 5592 3214 5659 l3,
3245 5587 3335 5644 14.
