3858 6346
2680 248 2719 269 ἢ

380 309 488 366 835
1504 297 1779 357 PA'I‘RES
1816 298 1903 354 ΛΕ(

2097 295 2118 350 ι
2155 281 2425 352 διωιι
2464 292 2557 348 tv.
3520 280 3617 347 επ

397 443 3585 480 ww

727 564 790 623 S.
843 559 1182 621 ORSIESII
1230 557 1338 620 DE
1405 558 1564 620 SEX
1618 553 2302 619 COGITATIONIBUS
2357 550 2845 616 SANCTOBUM
2910 550 3303 614 UBELLUS.

1148 773 1186 829 Ι·
1982 779 2027 835 Α
2057 772 2281 830 nudabit
2309 788 2449 828 eam.
2486 770 2692 829 C(elum
2721 778 2776 825 ct
2807 777 2950 825 terra
2995 767 3298 823 transibunt
3324 784 3339 831 ;
3384 775 3441 820 et
3473 781 3623 820 reve-

459 868 533 922 De
559 866 787 921 Domino
830 866 1070 936 cogitare
1111 867 1367 920 debemus
1390 904 1405 928 ,
1450 872 1509 919 ut
1548 865 1875 920 delectemur
1901 867 1956 921 in
2060 864 2191 920 labit
2223 864 2489 920 Dominus
2527 863 2721 918 faciem
2748 863 2898 933 ejus,
2944 861 2995 915 td
3032 868 3159 924 est,
3186 858 3394 927 aperiet
3429 869 3625 913 terram

392 958 481 1011 illo
508 973 759 1028 sperare,
797 958 863 1011 ad
894 973 1017 1013 eum
1056 960 1373 1022 recordare,
1412 967 1472 1011 ut
1516 959 1708 1013 beatus
1747 959 1952 1012 David:
2059 966 2114 1010 et
2174 956 2469 1025 procedent
2523 954 2719 1011 mortui
2766 954 2832 1008 de
2868 953 3134 1021 sepulcris
3172 952 3314 1016 suis,
3351 960 3409 1004 et
3446 951 3629 1004 omnia

391 1045 581 1100 διεωιί
609 1045 859 1100 homines
892 1045 1241 1100 consolantur
1276 1059 1335 1101 se
1389 1045 1629 1100 omnium
1672 1045 1959 1113 dolorum,
2058 1059 2222 1115 opera
2275 1044 2550 1099 hominum
2606 1042 2957 1113 proferentur
2993 1042 3047 1094 in
3087 1039 3386 1109 publicum.
3430 1038 3628 1092 Omnes

392 1142 617 1203 pergunt
662 1142 718 1187 et
760 1133 1106 1191 considerant
1154 1148 1355 1203 agnos,
1401 1140 1455 1186 et
1479 1134 1633 1203 equis
1678 1135 1959 1204 equitant,
2059 1150 2127 1190 ex
2166 1149 2321 1205 aequo
2364 1136 2588 1191 stabunt
2619 1147 2744 1190 ante
2779 1133 3012 1189 tribunal
3045 1130 3265 1187 Christi.
3293 1129 3447 1183 Nihil
3476 1144 3628 1197 oper-

391 1240 581 1278 aurnm
628 1233 681 1277 et
714 1232 1000 1294 argentum
1036 1233 1298 1293 pensant,
1336 1223 1645 1278 hominibus
1689 1226 1953 1283 tradunt:
2060 1237 2207 1293 tum,
2240 1226 2382 1295 quod
2410 1243 2513 1280 non
2553 1225 2866 1281 revelabitur
2900 1242 2920 1289 ;
2984 1239 3076 1277 nec
3132 1222 3427 1285 occultum,
3487 1221 3628 1289 quod

392 1313 506 1383 Ego
535 1324 706 1368 autem
737 1331 936 1369 meumr
964 1315 1043 1383 fui
1076 1312 1201 1379 Dei,
1229 1324 1276 1368 et
1310 1314 1593 1369 delectatus
1622 1331 1738 1371 sum
1758 1358 1776 1386 ,
1804 1328 1853 1373 et
1881 1336 1962 1375 me
2062 1333 2167 1372 non
2207 1318 2402 1371 scietur
2439 1315 2507 1371 ⁸¹.
2537 1315 2740 1371 Tamen
2785 1324 3004 1385 peccata
3034 1327 3153 1383 qua
3180 1320 3307 1366 ante
3330 1313 3627 1364 emendan-

393 1406 621 1458 omm'um
647 1406 1016 1460 adversitatum
1050 1405 1360 1459 consolabor
1384 1404 1449 1460 ³⁸.
1957 1476 1960 1481 _
2066 1417 2171 1473 tur,
2204 1408 2425 1463 sciendo
2471 1408 2523 1462 in
2549 1407 2752 1475 judicio
2781 1407 3091 1461 abscondet.
3140 1394 3197 1459 In
3246 1404 3339 1459 illa
3374 1403 3467 1457 die
3517 1418 3631 1455 ma-

1147 1494 1213 1550 ll.
2062 1514 2223 1569 gnam
2254 1498 2391 1553 iram
2423 1496 2518 1553 Dei
2552 1498 2734 1552 nullus
2776 1498 3059 1566 impiorum
3099 1496 3329 1561 evadet;
3378 1494 3503 1547 ideo
3548 1507 3636 1546 re-

466 1586 543 1640 De
572 1586 819 1654 passione
843 1585 1077 1654 Christi,
1111 1597 1169 1639 ut
1199 1586 1559 1642 sustineamus
1594 1605 1692 1663 pro
1720 1590 1846 1661 illo,
1880 1607 1966 1647 as-
2066 1592 2284 1645 cordari
2336 1599 2466 1646 ante
2517 1591 2804 1654 debemus,
2850 1589 2991 1657 quod
3031 1587 3220 1642 beatus
3266 1587 3436 1642 David
3464 1587 3629 1641 dicit:

396 1679 548 1732 sldue
580 1676 865 1747 cogitando
895 1686 1058 1748 atque
1099 1678 1380 1733 recolendo
1418 1678 1496 1750 (2)
1538 1684 1679 1753 quod
1720 1683 1966 1751 omnipo—
2063 1678 2344 1735 Iucundus
2366 1682 2521 1735 homo
2550 1683 2607 1734 in
2632 1682 2715 1735 die
2748 1680 2974 1749 judicii,
3003 1680 3093 1747 qui
3120 1680 3394 1733 miseretur
3419 1686 3469 1731 et
3496 1692 3627 1729 carm

400 1777 519 1823 lens
566 1768 821 1822 Dominus
866 1782 929 1823 ac
971 1778 1203 1822 mlermls
1249 1767 1339 1823 Del
1394 1767 1559 1829 Filius
1601 1774 1877 1829 descendit
1902 1775 1967 1828 de
2065 1776 2290 1839 modat;
2335 1760 2551 1843 insuper
2588 1772 2813 1841 disponit
2852 1773 3084 1841 quotidie
3125 1786 3386 1824 sermones
3416 1785 3542 1822 suos
3584 1770 3633 1822 in

399 1858 510 1911 Illa
537 1854 792 1911 ctelorum
824 1855 1102 1910 altitudine
1126 1856 1175 1909 in
1207 1852 1500 1917 humanum
1525 1876 1722 1933 corpus
1740 1901 1755 1927 ,
1781 1864 1833 1916 in
1863 1877 1922 1931 qu

2060 1866 2263 1936 judicio
2292 1905 2307 1931 ,
2336 1866 2475 1933 quod
2501 1866 2557 1919 in
2584 1874 2831 1919 (uernum
2864 1878 2966 1915 non
2998 1861 3399 1913 commovebitur
3426 1860 3497 1915 ⁸¹.

402 1956 590 2002 sancto
624 1961 848 2016 corpore
883 1961 1094 2000 sursum
1128 1948 1181 2001 in
1210 1967 1424 2008 crucem
1461 1954 1699 2008 elevatus
1733 1967 1815 2008 est
1846 1955 1965 2022 (5);
2826 1951 2887 2005 V.

403 2039 765 2093 τενοεθνίιεο
789 2038 970 2091 omnia
1022 2052 1255 2107 superna
1310 2061 1470 2114 regna
1517 2048 1583 2101 ad
1629 2061 1814 2115 pacem
1865 2063 1964 2100 no-
2141 2046 2214 2101 De
2248 2046 2495 2108 inferno,
2546 2056 2606 2099 ιιι
2652 2047 2936 2101 timeamus
2967 2040 3235 2108 terribile,
3284 2039 3427 2108 quod
3473 2037 3639 2094 Isaias

404 2139 617 2193 ειηιηῖ
656 2127 789 2182 “Idi!
815 2130 1107 2198 ρτθιὶοςυω
1154 2138 1465 2205 sanguinem
1510 2137 1563 2190 in
1614 2146 1810 2190 terram
1848 2153 1863 2202 ;
1900 2152 1966 2192 eo
1996 2120 2037 2175 Β
2077 2138 2255 2193 dixit:
2294 2135 2497 2191 Vermis
2534 2152 2714 2191 eorum
2758 2154 2860 2190 non
2909 2135 3149 2198 moritur,
3194 2144 3242 2185 et
3281 2133 3420 2201 ignis
3459 2144 3637 2185 eorum

407 2221 560 2276 ηοδῖε
607 2221 952 2278 ιθτΐθειτίδιιβ
996 2243 1211 2287 sursum
1254 2229 1393 2282 viam
1438 2226 1600 2294 fecit,
1632 2237 1692 2284 ut
1721 2228 1973 2284 heremus
2074 2245 2177 2282 non
2200 2228 2546 2295 exstinguitur
2567 2228 2633 2281 ⁸³.
2670 2228 2875 2282 Vermis
2900 2267 2916 2293 ,
2943 2226 2993 2280 id
3020 2234 3143 2287 est,
3172 2222 3504 2278 conscientia
3533 2261 3547 2284 ,
3578 2235 3639 2275 ee

408 2316 716 2388 "lgelomm
753 2316 920 2377 Cives.
2077 2319 2220 2388 quod
2253 2319 2466 2385 sciunt,
2498 2319 2642 2389 quod
2678 2319 2855 2373 meriti
2891 2317 3073 2372 omnia
3104 2314 3243 2371 mala
3274 2314 3571 2369 sustinent.

2827 2410 2912 2463 \‘l.

480 2493 557 2550 De
584 2497 712 2551 hora
744 2498 1037 2565 transitus,
1086 2511 1145 2554 ιιι
1190 2502 1361 2556 simus
1404 2500 1603 2570 parati.
1636 2500 1829 2556 Omnis
1869 2502 1973 2554 vita
2149 2502 2224 2558 De
2252 2502 2357 2556 vita
2391 2509 2595 2556 eterna
2617 2539 2633 2567 ,
2666 2509 2723 2555 ut
2758 2502 3152 2565 desideremus,
3181 2497 3271 2553 ubi
3300 2495 3556 2567 gaudium
3593 2502 3643 2548 et

410 2586 644 2643 hominis
663 2629 678 2654 ,
705 2590 883 2645 omnis
910 2590 1171 2660 sapientia
1190 2632 1204 2657 ,
1232 2592 1512 2647 meditatio
1540 2600 1622 2647 est
1654 2591 1842 2646 mortis
1862 2630 1877 2657 ,
1910 2590 1977 2645 de
2085 2591 2329 2648 laetitiam
2361 2589 2620 2646 tenebunt
2650 2590 2825 2644 sancti
2852 2630 2867 2654 ,
2896 2598 2953 2645 et
2983 2589 3150 2661 fugiet
3181 2586 3334 2643 dolor
3361 2594 3419 2641 et
3450 2594 3640 2639 metus.

410 2689 517 2744 qua
551 2691 657 2733 uno
684 2678 770 2734 die
800 2693 992 2734 omnes
1024 2680 1294 2751 sapientes
1322 2681 1670 2753 trepidabunt
1699 2681 1799 2753 (4).
2084 2683 2158 2740 De
2187 2683 2272 2738 his
2300 2697 2393 2737 sex
2439 2682 2856 2753 cogitationibus
2882 2682 3049 2747 vincit
3084 2681 3262 2737 anima
3296 2677 3428 2749 justi
3470 2677 3647 2731 inimi-

1154 2770 1240 2826 Ινο
2084 2790 2207 2829 cum
2228 2813 2244 2840 ,
2286 2780 2342 2829 et
2378 2772 2466 2828 his
2496 2772 2801 2830 custoditur
2826 2787 2966 2842 s-rpe
2990 2779 3044 2828 ct
3074 2771 3287 2827 assidue
3314 2769 3557 2837 cogitare
3581 2766 3647 2821 de

484 2861 559 2918 De
586 2863 671 2918 die
689 2861 876 2931 jndicii
896 2902 911 2928 ,
942 2873 1002 2917 ut
1024 2864 1285 2919 rationem
1313 2861 1620 2918 reddamus.
1653 2861 1877 2932 Magnus
1897 2871 1981 2918 est
2087 2865 2310 2920 Domino
2330 2875 2382 2920 et
2403 2864 2671 2931 recolere,
2699 2875 2753 2920 et
2776 2880 2941 2934 super
2968 2865 3148 2919 omnia
3177 2863 3420 2933 diligere,
3443 2866 3508 2914 ut
3533 2868 3648 2930 post

416 2952 504 3007 ille
548 2954 664 3007 dies
706 2952 772 3007 ad
814 2954 1194 3023 cogitandum,
1241 2962 1297 3008 et
1333 2952 1610 3007 memoriae
1652 2952 1843 3023 dignus
1880 2951 1979 3018 ;in
2087 2956 2338 3012 saeculum
2372 2959 2423 3010 in
2449 2966 2707 3011 aeternum
2752 2970 2874 3011 eum
2899 2970 3020 3010 cum
3054 2954 3258 3026 angelis
3317 2962 3371 3007 et
3416 2952 3646 3006 archan-

416 3059 521 3113 qua
549 3046 633 3100 die
670 3045 930 3100 Dominus
958 3043 1169 3115 franget
1190 3052 1495 3099 creaturam
1516 3085 1532 3111 ,
1561 3059 1718 3113 quam
1755 3044 1809 3098 in
1844 3043 1986 3114 prin-
2089 3048 2223 3119 gelis
2244 3056 2297 3102 et
2321 3063 2443 3102 cum
2466 3049 2718 3104 omnibus
2742 3049 2948 3105 sanctis
2973 3049 3198 3119 diligere
3222 3047 3531 3107 valeamus,
3556 3056 3651 3112 per

417 3136 559 3205 cipio
605 3137 832 3192 creavit.
873 3137 1011 3193 Ecce
1048 3136 1307 3192 Dominus
1345 3136 1627 3205 dissipabit
1665 3145 1893 3201 terram,
1933 3144 1989 3189 et
2090 3153 2214 3195 eum
2239 3137 2331 3209 qui
2360 3138 2493 3193 vivit
2511 3149 2567 3194 et
2593 3148 2779 3209 regnat
2803 3140 2857 3193 in
2880 3138 3077 3195 saecula
3100 3136 3437 3195 saeculorum.
3460 3135 3648 3189 Amen.

486 3250 532 3282 “
571 3248 714 3305 Psal.
746 3265 932 3317 uxvn,
961 3250 1017 3307 4.
1091 3251 1135 3282 ⁸¹
1175 3249 1366 3309 Matth.
1397 3266 1430 3304 x
1452 3291 1468 3317 ,
1499 3249 1590 3306 26.
1666 3249 1711 3282 ¹¹
1748 3248 1892 3306 Psal.
1919 3264 2042 3312 cxi,
2074 3250 2142 3319 5,
2173 3250 2227 3308 6.
2303 3252 2350 3284 ⁸³
2389 3250 2495 3308 lsa.
2522 3267 2684 3321 Lm,
2714 3253 2802 3308 Η.

489 3370 568 3512 ΣΞ)
612 3371 717 3427 Hs.
751 3372 1096 3454 cogitandum
1130 3382 1294 3441 atque
1323 3370 1689 3426 recolendum.
2167 3370 2246 3441 (ὦ)
2289 3369 2393 3426 Ms.
2444 3371 2565 3426 Vita
2617 3370 2850 3427 hominis
2897 3367 3213 3438 sapientiam
3260 3366 3489 3420 mediam
3537 3378 3658 3419 esse

512 3443 567 3509 ὅ)
606 3440 709 3497 Ms.
756 3458 813 3497 In
855 3457 962 3512 quo
1002 3445 1311 3498 sanctorum
1346 3456 1441 3497 cor
1480 3456 1695 3498 sursum
1733 3440 1786 3495 in
1830 3454 1990 3495 cruce
2097 3451 2359 3512 mortem,
2391 3442 2456 3496 de
2491 3455 2598 3512 quo
2628 3455 2735 3495 uno
2766 3440 2856 3495 die
2885 3454 3073 3495 omnes
3106 3438 3380 3507 sapientes
3404 3434 3643 3503 trepida-

415 3513 464 3565 e‘
490 3434 567 3512 (ὅ)
606 3440 709 3497 Ms.
756 3434 962 3513 in'quo
1002 3434 1311 3498 sanctorum
1346 3456 1441 3497 cor
1480 3456 1695 3498 sursum
1733 3440 1786 3495 in
1830 3454 1990 3495 cruce
2096 3434 2359 3565 1mortem,
2391 3442 2456 3496 de
2491 3455 2598 3512 quo
2628 3455 2735 3495 uno
2766 3440 2856 3495 die
2885 3434 3073 3495 omnes
3106 3438 3380 3507 sapientes
3404 3434 3643 3503 trepida-

471 3526 679 3566 evatur.
2136 3520 2249 3565 unt.

427 3620 3640 3677 ψ

1650 3766 1821 3813 ANNO
1868 3764 2093 3812 DOMINI
2134 3767 2415 3812 CCCXLVII

1383 4006 1556 4185 s.
1654 3881 2726 4185 SEIiAPION

908 4282 2079 4405 THMUITANUS
2180 4278 3148 4400 EPISCOPK’JS

1826 4565 2270 4648 NOTITIA

1275 4703 1599 4775 (Causam,
1641 4702 1755 4759 Vet.
1786 4704 1937 4761 Patr.
1962 4702 2235 4765 Biblioth.,
2261 4708 2303 4756 t.
2328 4695 2395 4764 ν,
2416 4693 2631 4763 Proleg.
2657 4708 2714 4764 p.
2738 4693 2841 4761 ιι.)

512 4909 557 4966 l.
582 4906 843 4977 Serapion
877 4903 1270 4975 Egyptius,vir
1287 4903 2012 4957 admirabilivita'sanctimo-
2042 4908 2087 4966 ο
2118 4897 2305 4955 habuit
2367 4893 2719 4962 Serapionem
2773 4903 3001 4959 magnus
3048 4880 3316 4942 Antonius
3358 4882 3531 4937 abbas
3576 4895 3592 4931 :
3626 4876 3672 4934 ei

443 5002 531 5057 nia
564 5009 613 5053 et
648 4998 855 5052 dicendi
895 4996 1045 5065 copia
1076 4994 1348 5062 prtrditus,
1394 5001 1530 5047 teste
1576 4989 1880 5047 Sozomeno
1908 4991 2007 5063 (a),
2118 4989 2383 5060 siquidem
2424 4986 2662 5041 visiones
2699 4996 2825 5037 suas
2871 4992 3130 5035 enarrare
3172 4982 3567 5035 consueverat,
3625 4977 3674 5024 et

443 5091 582 5161 ἀνὴρ
610 5091 668 5153 ἐς
704 5087 772 5142 τὰ
806 5062 1036 5160 μάλιςιτα
1067 5084 1157 5139 τὸν
1204 5083 1317 5155 βίον
1357 5083 1642 5148 θεσπέσιος
1693 5084 1790 5137 καὶ
1832 5084 1966 5154 λέγει

2147 5082 2360 5138 norlens
2382 5077 2631 5133 melotem
2660 5090 2821 5130 unam
2861 5070 3079 5141 reliquit
3106 5068 3201 5137 (c).
3237 5066 3365 5135 Ejus
3389 5066 3522 5119 item
3546 5062 3670 5117 ami-

443 5151 830 5250 Guv'dgprins
868 5179 1180 5235 monasticae
1205 5151 1518 5246 disciplinae
1552 5176 1748 5241 cultor,
1786 5151 1916 5245 quin
1958 5185 2014 5232 et
2120 5177 2247 5231 citla
2295 5170 2636 5226 familiariter
2676 5168 2933 5226 utebatur
2980 5164 3121 5218 idem
3168 5157 3530 5250 Athanasius,
3590 5151 3670 5250 qui

448 5244 737 5328 multorum
781 5272 991 5328 exstitit
1036 5244 1426 5325 monachorum
1474 5244 2001 5339 hyodpavo;,quarn
2101 5277 2175 5323 .et
2197 5264 2297 5335 ipsi
2319 5264 2557 5333 quinque
2582 5257 2861 5327 inscripsit
2891 5252 3181 5324 epistolas,
3227 5250 3317 5304 ubi
3362 5246 3479 5316 ejus
3508 5244 3676 5299 laudes

447 5366 514 5419 ad
566 5363 857 5420 Ecclesiam
904 5362 1283 5417 Thmuitanam
1340 5362 1627 5431 regendam
1674 5367 2015 5423 evocaretnr,
2082 5358 2319 5431 'passim
2349 5355 2587 5411 celebrat
2611 5367 2675 5408 ac
2705 5351 2898 5407 merita
2930 5345 3163 5402 extollit.

450 5462 510 5509 ut
550 5454 741 5510 scribit
784 5464 1006 5511 sanctus
1049 5452 1378 5510 Athanasius
1404 5426 1505 5524 ib).
1536 5450 1703 5507 Multo
1740 5450 1794 5506 in
1842 5449 2018 5520 pretio
2122 5426 2140 5431 ⁷
2193 5447 2302 5503 Sub
2332 5444 2639 5502 Constantio
2694 5441 2924 5512 principe
2972 5437 3177 5494 Ariano
3202 5432 3369 5499 etiam
3400 5431 3457 5485 in
3485 5426 3677 5482 confer

524 5594 602 5678 (ᾳ)
893 5592 1040 5678 gift.
1073 5591 1251 5678 eccle's.
1283 5592 1380 5653 lib.
1406 5591 1742 5678 βρίμῃ
1809 5669 1822 5678 ι
1975 5656 1995 5678 ¹
2200 5590 2270 5659 (τ)
2300 5588 2488 5678 main“
2506 5583 2697 5678 Vit...
2734 5582 2924 5639 Anton.
2960 5578 3020 5652 §§
3051 5578 3149 5645 82,
3181 5576 3272 5645 9|,
3301 5581 3436 5631 tom.
3469 5571 3509 5637 l,
3556 5572 3678 5641 pari-

455 5656 840 5808 pagbjaé‘t’ban.
884 5663 1035 5733 Epist
1078 5667 1144 5717 ad
1188 5664 1464 5729 Dracout.,
1492 5661 1519 5733 §
1548 5656 1602 5729 τ,
1633 5662 1771 5734 Opp.
1809 5669 1936 5723 tom.
1975 5656 2017 5727 l,
2131 5656 2347 5732 tt,'pag.
2387 5659 2512 5723 856,
2555 5657 2677 5712 86L
