3858 6340
174 349 282 409 891

1384 344 1445 406 Β.
1480 342 1855 403 SERAPION.
1895 375 1965 388 —
1994 342 2295 403 NOTlTlA.

3315 355 3421 413 8’33

165 467 320 522 sione
339 463 572 533 inaytus
602 461 702 531 [sit
728 459 1019 532 Serapion,
1051 461 1231 531 inquit
1255 451 1616 535 Hieronymus
1639 462 1753 533 (a):
1786 465 1831 523 A
1858 463 2129 534 simulque
2155 467 2320 520 Iaera
2350 478 2444 520 seu
2478 462 2734 520 Ecclesia:
2756 464 3135 523 Alexandrina
3160 468 3422 538 regimine

164 556 261 625 qui
296 554 560 609 nimirum
582 569 721 608 unus
745 552 909 608 fuerit
951 566 1019 608 ex
1050 553 1117 607 iis
1142 553 1390 611 Patribos
1419 552 1754 610 Sardicensis

168 645 401 701 concilii
451 660 598 699 anno
652 644 762 699 547
816 648 1011 709 coacti,
1062 644 1158 713 qui
1204 644 1488 700 Athanasii
1533 659 1753 701 causam

168 738 435 792 adversus
468 723 703 792 Aribnos
731 736 1124 792 defendendam
1154 751 1479 806 suscepere;
1514 735 1755 805 adeoque

170 844 311 884 unus
338 844 410 882 ex
448 827 517 883 iis
553 827 876 883 orthodoxis
924 826 1263 896 praesulibus,
1295 826 1387 897 qui
1432 835 1655 899 urgente
1697 826 1751 880 in

167 919 363 990 primis
407 917 644 988 Georgio
684 917 938 974 Ecclesia:
980 918 1359 974 Alexandrina:
1389 920 1658 984 invasore,
1699 917 1752 972 in

168 1010 428 1065 exsilium
462 1010 569 1064 acti
624 1008 794 1063 fuisse
841 1017 1157 1065 noscuntur.
1212 1008 1332 1077 Quo
1376 1018 1557 1064 autem
1611 1023 1754 1064 anno

170 1118 488 1174 supremum
524 1102 665 1158 diem
714 1103 974 1158 clauserit
1022 1102 1329 1172 Serapion,
1396 1103 1542 1159 baud
1595 1103 1754 1172 plane

168 1204 514 1266 compertum
554 1194 835 1251 habemus.
877 1194 1011 1249 lllud
1056 1206 1262 1250 certum
1305 1195 1753 1265 exploratumque

166 1302 234 1343 ex
284 1285 591 1356 Epiphanio
613 1285 710 1357 (b),
737 1284 1066 1341 Seleuciensi
1089 1285 1323 1341 concilio
1350 1300 1493 1340 anno
1514 1285 1618 1341 559
1660 1298 1751 1340 ce-

168 1377 388 1432 lebrato
418 1376 732 1432 interfuisse
760 1376 1111 1434 Ptolemaeum
1151 1377 1461 1447 episcopum
1481 1378 1751 1435 Thmueos

168 1467 572 1539 Augustonices
619 1482 714 1522 seu
754 1466 1149 1538 Augustanices
1173 1508 1189 1534 ,
1234 1477 1291 1523 ut
1324 1479 1606 1538 propterea
1650 1471 1750 1526 sub

170 1559 498 1615 Constantio
551 1559 793 1629 principe
838 1567 965 1615 ante
1018 1559 1146 1614 illud
1198 1560 1510 1625 concilium,
1565 1560 1617 1615 id
1665 1571 1749 1615 est

167 1663 294 1706 ante
322 1666 529 1706 annum
561 1650 688 1715 559,
723 1665 754 1706 e
777 1652 882 1705 vita
922 1651 1223 1708 excessisse
1263 1651 1610 1722 Serapionem
1634 1662 1745 1707 sta-

171 1741 334 1796 tuerit
376 1741 620 1797 Valesius
654 1742 749 1811 (c).
776 1740 833 1796 In
865 1742 1024 1796 aliam
1055 1755 1233 1797 tamen
1262 1743 1584 1798 sententiam
1614 1743 1747 1798 abiit

168 1832 557 1888 Tilleiuontius
598 1807 718 1902 (di,
750 1833 841 1902 qui
894 1833 1060 1888 multo
1111 1834 1287 1889 serius
1350 1832 1468 1900 ejus
1516 1842 1747 1889 mortem
1780 1807 1825 1863 Β

168 1927 466 1995 contigisse
502 1925 764 1980 decernit.

235 2040 294 2093 lt.
342 2036 697 2106 Serapionem
748 2034 1109 2093 confessorem
1158 2036 1303 2093 inter
1348 2050 1445 2092 eos
1496 2033 1751 2091 Ecclesia:

168 2132 420 2184 doctores
455 2137 700 2184 recenset
729 2137 948 2184 sanctus
980 2127 1341 2199 Hieronymus
1385 2127 1482 2199 (e),
1520 2127 1607 2195 qui
1637 2127 1752 2195 phi-

166 2222 503 2289 losophornm
544 2221 796 2274 doctrinis
823 2232 976 2288 atque
1006 2218 1278 2273 sententiis
1309 2219 1365 2271 in
1393 2229 1595 2272 tantum
1628 2234 1751 2273 suos

167 2312 471 2367 resarciunl
506 2312 687 2375 libros,
739 2322 797 2365 ut
848 2311 1073 2377 nescias,
1120 2310 1339 2378 inquit,
1376 2308 1505 2379 quid
1547 2310 1601 2362 in
1648 2308 1751 2362 illis

167 2407 395 2471 primum
448 2402 707 2456 admirari
757 2401 982 2466 debeas,
1030 2400 1380 2456 eruditionem
1428 2402 1630 2465 seaculi,
1682 2416 1752 2453 an

167 2496 442 2547 scientiam
468 2491 890 2563 Scripturarum.
933 2482 1000 2548 Et
1044 2492 1170 2547 alibi
1217 2490 1283 2563 (f)
1308 2509 1321 2544 :
1350 2491 1627 2561 Serapion,
1655 2491 1749 2557 ait,

170 2585 433 2641 Thmueos
462 2586 731 2656 episcopus
770 2585 832 2639 ob
873 2585 1186 2654 elegantiam
1222 2586 1423 2656 ingenii
1470 2601 1750 2655 cognomen

168 2676 509 2741 Scholastici,
566 2677 615 2730 id
653 2685 756 2741 est,
806 2677 908 2731 viri
966 2677 1162 2731 litteris
1207 2691 1272 2732 ac
1316 2677 1562 2731 doctrina
1610 2691 1748 2745 prm-

168 2767 386 2831 stantis,
437 2766 648 2820 meruit.
693 2765 899 2832 Quibus
942 2766 1192 2835 equidem
1253 2766 1494 2822 doctoris
1534 2768 1749 2822 maximi

170 2862 347 2917 verbis
377 2862 435 2915 in
474 2876 592 2916 eam
623 2861 837 2916 demum
873 2861 1198 2916 sententiam
1222 2861 1485 2927 adducor,
1513 2870 1569 2915 ut
1589 2862 1748 2914 fidem

169 2951 535 3006 adhibendam
561 2964 680 3006 esse
698 2964 952 3005 censeam
988 2949 1233 3021 Philippo
1284 2949 1505 3018 Sidetas,
1536 2951 1628 3021 qui
1653 2950 1752 3006 Se-

184 3042 472 3111 rapionem
543 3050 663 3111 post
734 3039 1134 3110 Theognostum
1208 3039 1408 3095 scholae
1471 3039 1753 3110 praefuisse

1852 556 2122 620 abdicato,
2172 557 2552 613 cmnobiticam
2585 558 2801 612 vivendi
2830 559 3072 627 formam
3104 560 3268 618 fuerit
3307 579 3423 618 sm-

1852 646 2062 717 plexus,
2109 663 2218 718 quo
2257 650 2510 705 nimirum
2566 651 2752 707 turbas
2791 651 2860 707 ab
2891 652 3021 707 Ario
3074 653 3128 708 in
3178 653 3422 716 Ecclesia

1851 741 2115 796 excitatas
2142 740 2453 810 ,declinaret
2479 753 2495 793 :
2520 742 2669 798 unde
2714 744 2784 799 ab
2822 742 3125 802 Athanasio
3168 747 3423 819 deinceps

1826 839 2127 899 revocatus,
2180 831 2250 886 ad
2280 827 2574 887 Ecclesiam
2609 830 2996 889 Thmuitanam
3038 838 3327 906 regendam
3354 838 3425 894 ab

1854 922 1971 990 ipso
2003 919 2162 976 fuerit
2187 930 2405 977 evectus
2431 930 2551 991 post
2579 923 2790 988 Caium,
2842 925 2932 993 qui
2960 925 3135 979 eidem
3170 926 3423 984 Ecclesia

1854 1011 2085 1082 praefuit,
2133 1012 2332 1082 quique
2369 1015 2575 1084 synodo
2622 1014 2837 1072 Nicena:
2864 1015 3172 1073 interfuisse
3208 1030 3423 1090 compe-

1853 1104 1897 1156 ri
1907 1114 2009 1156 tur.

1920 1210 2009 1266 lll.
2050 1212 2221 1268 Porro
2263 1227 2328 1269 ex
2369 1214 2436 1270 iis
2473 1230 2595 1285 quas
2632 1215 2830 1272 litteris
2878 1219 3222 1290 consignavit
3261 1220 3422 1277 Scra-

1851 1301 1998 1370 pion,
2028 1317 2168 1357 unus
2202 1301 2452 1357 adversus
2483 1302 2808 1359 Maniclueos
2824 1307 2960 1361 liber
2987 1317 3227 1376 superat,
3261 1325 3420 1379 quem

1848 1392 2110 1463 egregiam
2162 1392 2393 1462 appellat
2434 1392 2794 1465 Hieronymus
2850 1395 2947 1466 (lt).
3002 1395 3252 1468 Idemque
3289 1415 3424 1467 opus

1850 1484 2034 1539 laudat
2088 1498 2303 1554 quoque
2340 1484 2563 1541 PhOtius
2607 1487 2661 1541 in
2692 1487 2950 1556 ﬁpitome
2994 1489 3059 1544 de
3111 1489 3421 1548 Maniclneis

1850 1576 2287 1646 repullulantibus
2338 1577 2441 1651 (l);
2511 1580 2601 1635 ubi
2635 1581 2949 1649 scriptorem
2994 1591 3237 1638 nostrum
3282 1585 3425 1639 inter

1850 1669 2025 1725 claros
2064 1670 2208 1727 illius
2239 1671 2337 1726 aevi
2368 1671 2640 1728 antistites
2671 1672 2861 1738 refert,
2893 1672 3150 1746 Cyrillum
3190 1675 3422 1741 scilicet,

1852 1760 2227 1831 Epiphanium,
2292 1760 2475 1817 Titum
2535 1762 2878 1818 Bostrensem
2950 1764 3425 1833 Alexandrumque

1855 1851 2314 1923 Lycopolitanum,
2335 1855 2426 1923 qui
2453 1856 2717 1911 adversus
2747 1856 2955 1910 Manem
2974 1855 3202 1925 ejusque
3229 1871 3426 1926 sequa-

1853 1958 1943 1999 ces
1967 1945 2165 2015 stylum
2198 1944 2489 2009 strinxere,
2518 1955 2575 1999 ut
2596 1946 2824 2001 advertit
2848 1947 2915 2001 cl.
2946 1945 3270 2016 Lequienius
3304 1948 3423 2018 (ιη).

1853 2033 1953 2089 Hic
1981 2049 2162 2090 autem
2188 2036 2381 2091 Photio
2415 2037 2613 2092 dicitur
2653 2048 2862 2106 auctor,
2909 2040 3199 2112 Σαραπίων
3247 2042 3276 2094 ὁ
3324 2040 3425 2111 τῆς

1850 2124 2140 2195 Θμούεως·
2177 2134 2232 2179 et
2258 2124 2381 2181 alibi
2424 2126 2500 2198 (η)
2533 2128 2834 2198 Σεραπίων.
2882 2127 2975 2184 Sic
3005 2138 3060 2184 et
3088 2131 3258 2197 ipsum
3301 2127 3424 2183 sub-

1860 2218 1983 2272 inde
2030 2218 2263 2288 appellat
2299 2221 2606 2289 promiscue
2639 2232 2877 2290 magnus
2924 2221 3275 2275 Athanasius.
3316 2218 3421 2274 Sed

1851 2311 1985 2366 nihil
2013 2310 2177 2367 refert
2214 2328 2228 2365 :
2255 2327 2359 2367 vox
2392 2313 2535 2367 enim
2576 2313 2815 2384 Σέραπις
2848 2314 2988 2368 unde
3022 2328 3221 2367 nomen
3250 2313 3419 2367 dedu-

1851 2410 2018 2467 ctum,
2075 2403 2248 2473 inquit
2310 2403 2740 2460 Montfauconius
2786 2404 2885 2475 (0),
2951 2404 3206 2460 scribitur
3258 2404 3420 2460 etiam

1852 2497 2097 2569 Σάραπις
2151 2498 2291 2565 apud
2334 2498 2673 2554 Clementem
2710 2497 3129 2553 Alexandrinum
3161 2496 3243 2568 (p)
3292 2496 3423 2552 item

1852 2587 1990 2658 apud
2015 2587 2297 2655 Origenem
2334 2587 2406 2657 (q)
2452 2599 2507 2640 et
2537 2586 2661 2641 alibi
2696 2588 2896 2655 passim
2937 2585 3077 2653 apud
3110 2586 3420 2653 scriptores.

1922 2678 2105 2749 Neque
2132 2680 2220 2733 hic
2256 2677 2772 2747 praetermittendum
2802 2692 3022 2731 aureum
3055 2680 3211 2745 plane
3257 2673 3421 2730 Sera-

1850 2771 2029 2841 pionis
2054 2770 2281 2836 dictum,
2315 2770 2458 2839 quod
2483 2785 2548 2823 ex
2581 2769 2806 2837 Evagrio
2831 2769 3018 2824 recitat
3039 2767 3291 2823 Socrates
3314 2765 3419 2837 (r):

1854 2859 2219 2915 Thmuitarum
2254 2858 2505 2916 Ecclesia:
2538 2859 2753 2928 angelus
2785 2857 3024 2929 Serapio,
3060 2858 3255 2929 inquit,
3291 2858 3426 2913 dice-

1853 2950 1962 3016 bat,
1989 2959 2210 3006 mentem
2256 2952 2464 3022 quidem
2490 2950 2747 3019 spiritalis
2790 2950 3019 3005 scientiis
3047 2951 3239 3003 Itaustu
3275 2948 3426 3018 plene

1852 3044 2102 3113 purgari;
2150 3051 2326 3110 partes
2376 3049 2553 3095 autem
2616 3042 2810 3095 citima:
2855 3041 2936 3093 ira
3000 3041 3423 3109 effervescentes,

168 3131 557 3188 Alexandri-nas
585 3141 819 3187 testatur
852 3132 950 3204 (g).
994 3131 1072 3184 Ad
1096 3146 1257 3200 quem
1288 3130 1464 3186 locum
1507 3129 1751 3185 DodWeI-
1778 3142 1824 3204 ο
1854 3137 2110 3189 charitate
2172 3136 2355 3188 sanari
2378 3149 2398 3188 :
2420 3151 2610 3203 pravas
2663 3150 2781 3188 vero
2838 3134 3149 3202 cupiditates
3208 3150 3326 3203 qua:
3369 3132 3426 3186 in

170 3222 249 3279 lus
301 3224 567 3279 observat
613 3222 716 3292 (lt),
748 3220 1058 3290 hujusmodi
1101 3220 1328 3289 Philippi
1380 3218 1744 3274 testimonium

176 3329 241 3368 cx
276 3329 348 3369 eo
372 3311 692 3369 confirmari
734 3327 913 3383 posse,
967 3312 1107 3383 quod
1153 3309 1486 3381 Epiphanius
1536 3310 1589 3363 in
1631 3309 1745 3363 Arii

167 3418 367 3462 exortu
400 3403 710 3473 complures
742 3404 1077 3460 Alexandria:
1109 3402 1379 3459 Ecclesias
1416 3400 1747 3473 presbyteris

167 3495 570 3553 Alexandrinis
595 3495 935 3551 concreditas
964 3494 1203 3550 nominet
1232 3491 1343 3566 (i),
1377 3505 1577 3562 easque
1609 3492 1749 3546 inter

169 3587 485 3654 Serapionis
539 3586 705 3642 etiam
768 3585 1059 3639 Ecclesium
1124 3591 1434 3648 enumeret,
1488 3596 1649 3651 quam
1701 3580 1748 3634 is

170 3680 434 3736 nimirum
479 3687 610 3734 tunc
652 3677 910 3747 temporis
944 3677 1395 3747 administrabat,
1436 3686 1494 3730 ut
1526 3674 1751 3744 proinde

170 3773 318 3826 inter
369 3770 605 3825 clericos
660 3768 914 3823 Ecclesia:
968 3768 1349 3823 Alexandrinae
1418 3769 1525 3836 jam
1592 3774 1747 3820 antea

168 3874 504 3934 cooptatus,
562 3862 760 3917 ibidem
805 3863 1000 3919 exinde
1038 3861 1094 3917 in
1145 3876 1369 3918 munere
1416 3859 1750 3917 catechetico

170 3955 528 4025 Theognosto
560 3954 906 4009 successerit.

242 4065 375 4121 Haec
433 4074 611 4119 autem
662 4065 734 4118 ita
794 4062 1043 4134 componi
1103 4077 1261 4133 posse
1320 4062 1565 4119 duxerim
1633 4076 1748 4117 rum

173 4162 242 4215 iis
279 4173 406 4228 quae
432 4156 681 4226 superius
702 4156 768 4212 de
795 4155 1109 4226 Serapionis
1146 4156 1463 4210 monachatu
1492 4169 1557 4209 ex
1585 4153 1751 4208 Atha-

176 4252 338 4309 nasio
370 4251 426 4306 in
477 4249 713 4305 medium
761 4248 986 4313 adduxi,
1032 4255 1092 4302 ut
1113 4248 1286 4320 primo
1320 4248 1536 4317 quidem
1566 4246 1655 4300 ille
1684 4246 1750 4299 ad

180 4344 487 4401 catechetaa
510 4353 707 4395 munus
740 4340 1051 4394 obeundum
1083 4338 1136 4392 in
1167 4337 1529 4393 Alexandrina
1566 4335 1752 4392 schola

173 4436 344 4492 fuerit
409 4443 722 4502 assumptus
776 4432 973 4487 saeculo
1031 4447 1092 4488 ιιι
1162 4431 1461 4495 desinente,
1513 4429 1626 4483 sive
1700 4442 1752 4484 tv

1851 3226 2081 3278 animum
2123 3224 2374 3293 inﬂuunt,
2410 3224 2635 3278 coerceri
2673 3224 3007 3277 abstinentia.
3064 3222 3254 3289 Ἔλεγε
3289 3221 3346 3274 δὲ
3395 3222 3425 3273 ὁ

1850 3317 1951 3387 τῆς
1991 3316 2271 3387 Θμούῖτῶν
2305 3315 2633 3386 Ἐκκλησίας
2659 3314 2885 3383 ἄγγελος
2922 3314 3233 3384 Σαραπίων,
3281 3315 3361 3366 ὅτι
3395 3315 3426 3366 ὁ

1852 3401 1976 3467 νοῦς
2012 3402 2110 3472 μὲν
2144 3401 2397 3465 πεποκὼς
2415 3400 2784 3473 πνευματικὴν
2829 3400 3026 3469 γνῶσιν
3050 3399 3267 3464 τελείως
3290 3401 3423 3454 καθ·

1852 3488 2103 3558 αιρεταν
2159 3488 2355 3560 ἀγάπη
2379 3488 2436 3545 δὲ
2463 3489 2531 3545 τὰ
2565 3488 2959 3559 φλεγμαίνοντα
3004 3488 3166 3560 μόρια
3198 3488 3291 3542 τοῦ
3332 3490 3423 3543 θυσ-

1857 3581 1958 3652 μοῦ
1989 3581 2314 3653 θεραπεύει·
2363 3581 2604 3654 πονηρὰς
2642 3581 2699 3634 δὲ
2736 3580 3028 3651 ἐπιθυμίας
3064 3581 3421 3653 ἐπιρρεούσας

1857 3675 2067 3744 ἵστησιν
2097 3674 2415 3747 ἐγκράτεια.
2442 3675 2611 3741 Quam
2645 3674 2858 3743 quidem
2889 3674 3059 3728 sancti
3106 3673 3278 3728 Patris
3303 3690 3425 3728 seu-

1857 3766 2079 3820 tentiam
2108 3778 2395 3837 propterea
2430 3768 2830 3836 descripsimus,
2875 3766 3015 3838 quod
3043 3766 3095 3821 in
3120 3766 3236 3836 ejus
3262 3782 3423 3836 opere

1855 3858 2146 3927 superstite
2173 3858 2420 3929 nuspiam
2448 3869 2718 3915 occurrat.

1932 3970 2128 4027 Verum
2161 3972 2204 4027 si
2230 3974 2450 4043 sapiens
2486 3971 2788 4040 hujusmodi
2840 3971 3079 4035 ell'atum,
3132 3969 3426 4040 Serapione

1856 4064 2016 4135 plane
2056 4062 2469 4134 dignissimum,
2512 4063 2565 4119 in
2602 4063 2718 4131 ejus
2761 4063 2902 4119 libro
2961 4064 3202 4119 adversus
3251 4064 3426 4117 Manio

1856 4156 2027 4211 chteos
2056 4157 2213 4211 hodie
2240 4171 2341 4211 non
2368 4165 2580 4222 exstat;
2626 4157 2677 4209 in
2711 4171 2776 4211 eo
2821 4164 2971 4211 certe
3018 4155 3117 4209 alia
3147 4154 3423 4222 complura

1857 4261 1916 4303 se
1945 4248 2139 4315 legisse
2183 4246 2467 4316 profitetur
2514 4245 2699 4301 Sixtus
2739 4244 3018 4309 Senensis,
3050 4260 3168 4314 quae
3222 4243 3422 4300 frustra

1857 4352 2002 4391 nunc
2057 4338 2321 4404 requiras,
2352 4345 2410 4390 ut
2453 4336 2680 4405 proinde
2728 4334 2895 4390 multo
2946 4334 3156 4389 auctius
3203 4332 3426 4402 hujusce

1858 4428 2036 4496 operis
2069 4426 2363 4497 exemplar,
2415 4442 2575 4497 quam
2614 4441 2719 4495 quo
2757 4426 2809 4480 in
2851 4426 3258 4495 praesentiarum
3290 4423 3424 4479 frui-

172 4531 439 4592 ineunte;
492 4493 614 4594 posl
641 4523 1041 4597 Theognostum
1086 4522 1316 4586 scilicet,
1358 4493 1453 4590 qui
1478 4520 1619 4576 circa
1659 4534 1755 4573 an-
1784 4493 1833 4553 Ῑ)
1860 4493 1982 4573 mur
2004 4519 2119 4574 sive
2142 4493 2328 4573 Graece
2356 4493 2470 4573 sive
2496 4493 2704 4580 Latine,
2732 4493 3129 4584 ipse—habuisse
3146 4515 3423 4581 videatur;

174 4635 310 4674 num
334 4616 463 4683 282,
496 4614 636 4669 Caro
660 4614 979 4684 imperante,
1011 4614 1267 4669 claruisse
1305 4612 1664 4675 existimatur,
1697 4619 1754 4664 ut

174 4710 310 4765 alibi
365 4707 607 4762 vidimus
638 4705 704 4775 (j)
740 4723 754 4758 :
786 4705 979 4760 deinde
1015 4719 1155 4760 vero
1177 4706 1469 4761 catecheta:
1508 4717 1749 4767 munere,

278 4922 336 4994 α)
375 4919 711 4994 Ηίᾳτρηάὴ
737 4919 836 4974 vir.
858 4917 1231 4994 itlust_r.,_cap.
1259 4915 1350 4973 99.

278 4925 336 4994 α)
375 4925 600 4977 Hieron.
636 4925 711 4974 De
737 4925 836 4974 uir.
858 4925 1080 4977 illustr.,
1112 4931 1133 4969 ε

277 4996 334 5054 b)
374 4992 569 5060 Epiph.
596 4989 735 5045 Ηεῐ.
762 5002 958 5048 Lxxut.
991 4984 1133 5056 §26.

249 4925 330 5136 ἐς)
369 5062 550 5136 galea.
578 5060 790 5136 no_t_._ad
820 5056 1023 5136 Socral.
1054 5056 1129 5110 lib

278 5063 330 5132 ε)
376 5056 550 5115 vates.
578 5070 690 5115 net.
723 5060 790 5113 ad
820 5056 1023 5113 Socral.
1054 5056 1146 5110 lib.
1177 5071 1250 5118 tv,
1285 5069 1407 5125 cap.
1441 5056 1533 5110 25.

276 5137 336 5156 ’.ιι
369 5130 559 5156 φλιιη...
635 5128 760 5156 ιιι...
816 5130 916 5156 ..-Α
977 5136 1082 5156 lnm
1139 5125 1242 5156 \llll
1299 5141 1400 5156 nm.
1456 5126 1518 5156 ΔΚ

248 5125 337 5205 (δ’)
369 5130 583 5185 Tillem.
625 5128 784 5185 Mem.
810 5130 937 5182 eccl.
977 5136 1107 5179 tom.
1139 5125 1265 5189 Vlll,
1299 5141 1417 5193 pag.
1450 5126 1540 5181 45.

258 5206 336 5273 (σε)
378 5201 601 5273 Hieron.
648 5200 806 5273 epist.
843 5197 930 5260 70,
965 5194 1159 5273 διλθι,
1191 5198 1260 5249 ad
1295 5194 1546 5266 Magnum
1576 5207 1737 5264 orat.,

175 5263 339 5330 nuin'.
371 5272 427 5336 4,
459 5270 592 5338 Opp.
624 5263 751 5323 tein.
782 5269 821 5337 ι,
847 5283 968 5337 pag.
998 5263 1120 5318 427.
1390 5263 1403 5266 ⁷

280 5343 325 5412 f)
367 5342 442 5394 Id.
468 5342 561 5395 lit).
600 5339 673 5393 De
696 5342 791 5393 uir.
820 5338 1175 5405 illustr.,cap.
1201 5335 1287 5391 99.

252 5346 338 5479 lg)
378 5411 520 5465 Phil.
552 5409 668 5465 Sid.
704 5412 869 5467 serm.
906 5407 997 5479 2},
1031 5410 1170 5473 apud
1211 5407 1394 5463 Dudw.
1431 5406 1445 5463 i

254 5407 338 5481 (gi
378 5411 520 5465 Phil.
552 5409 668 5465 Sid.
704 5412 869 5467 serm.
906 5407 997 5471 24,
1031 5410 1170 5473 apud
1211 5407 1394 5463 Dudw.
1431 5407 1484 5463 in
1518 5407 1748 5478 append.

177 5486 248 5541 ad
283 5485 503 5551 di~sert.
540 5484 678 5536 lren.
702 5497 820 5551 pag.
854 5478 999 5551 388.-

255 5554 337 5624 (It)
379 5550 564 5605 Dedw.
596 5551 630 5602 Ι.
668 5566 716 5605 c.
752 5549 871 5619 pag.
903 5549 1032 5609 512.

372 5622 560 5701 Epiph.
595 5619 733 5674 Hier.
762 5636 905 5701 t._xux.
942 5619 1070 5701 ἐξ..
1123 5687 1182 5701 Ν

376 5684 678 5759 Prolegom.
729 5691 797 5745 ad
834 5684 966 5746 tom:
1007 5689 1071 5744 ιιι
1116 5687 1255 5743 Bibl.
1307 5684 1447 5755 PP.,
1498 5700 1619 5758 cap.
1659 5684 1750 5755 l9,

184 5766 214 5840 ς
252 5765 314 5831 2,
346 5776 469 5833 pag.
505 5760 601 5815 50.

299 5805 314 5831 ,
346 5776 469 5833 pag.
505 5776 601 5815 au.

1857 4625 1924 4665 eo
1961 4611 2013 4665 in
2051 4611 2243 4679 primis
2283 4610 2499 4664 nomine
2547 4608 2689 4677 quod
2749 4606 2876 4661 illud
2929 4606 3244 4676 Serapionis
3289 4620 3426 4673 epus

1856 4702 2036 4772 ingens
2092 4718 2155 4755 ac
2206 4701 2582 4756 nobilissimam
2621 4708 2775 4754 vocet
2821 4696 2913 4769 (s),
2967 4712 3274 4768 quanquam
3311 4695 3424 4751 hinc

1929 4917 2003 4989 (Ις)
2040 4915 2270 4989 Hieron.
2294 4915 2387 4989 lib.
2407 4915 2482 4970 De
2514 4918 2611 4989 air.
2642 4916 2861 4982 illustr.,
2889 4929 3008 4989 cap.
3037 4915 3126 4989 99.

1887 5054 1899 5070 ἱ
1932 4986 2004 5070 (Ι).
2038 4987 2193 5041 Phot.
2227 4986 2371 5070 Epit.
2412 4989 2477 5041 de
2505 4988 2678 5054 Mam,
2725 4989 2865 5057 apud
2911 4986 3224 5052 Montfauc.,
3276 4986 3418 5042 Bibl.

1856 5055 2048 5119 Coisl.,
2079 5071 2198 5127 pag.
2235 5056 2361 5113 554.
2762 5055 2772 5057 ⁷

1926 5126 2020 5197 (m)
2059 5126 2317 5197 Lequien.
2344 5125 2674 5197 0r.Christ.,
2707 5135 2835 5181 tom.
2868 5125 3081 5197 ll.pag.
3115 5124 3238 5182 540.

1952 5129 2020 5197 m)
2059 5129 2317 5197 Lequien.
2345 5129 2674 5188 0r.CItrist.,
2707 5135 2835 5181 tom.
2868 5129 2932 5185 ll.
2962 5140 3061 5194 pag

1926 5129 2004 5336 gn)
2048 5197 2203 5251 Phot.
2233 5194 2371 5249 Bibl.
2403 5199 2524 5251 cod.
2554 5211 2750 5256 Lxxxv.
2788 5210 2909 5265 pag.
2935 5194 3062 5250 205.

1948 5266 2000 5336 ο)
2026 5264 2332 5336 Μρηιΐιιιιο.
2378 5267 2445 5321 ad
2486 5266 2623 5335 Opp.
2674 5267 2871 5320 Athan.
2911 5274 3043 5321 tom.

1926 5264 2000 5338 (0)
2041 5264 2332 5320 Montfauc.
2378 5267 2445 5321 ad
2486 5266 2623 5335 Opp.
2674 5264 2877 5320 Athan.
2911 5274 3043 5321 tom.
3088 5264 3129 5333 Ι,
3166 5275 3304 5336 part.
3355 5281 3417 5332 tt,

1854 5334 2131 5406 pag.r690,
2158 5345 2277 5406 not.
2450 5404 2474 5406 _
2669 5404 2678 5406 A
2713 5405 2717 5406 ί
3024 5405 3030 5406 ί
3066 5404 3114 5406 μ

1930 5404 2007 5477 (p)
2050 5406 2220 5459 Clem.
2254 5405 2410 5459 Alex.
2437 5404 2633 5460 Strom.
2665 5404 2761 5458 lih.
2797 5420 2834 5469 ι,
2866 5420 2984 5475 pag.
3021 5404 3145 5459 522.

1928 5478 2005 5557 lg)
2041 5473 2264 5557 Qrigen.
2296 5486 2485 5557 contra
2524 5474 2780 5557 C‘elsnlib.
2821 5490 2871 5539 ν,
2901 5475 3177 5557 ρειδκξόιι.

1928 5542 1993 5601 (θ’
2040 5542 2251 5598 Socrat.
2287 5543 2426 5599 Hist.
2465 5545 2588 5598 eccl.
2620 5546 2712 5599 lib.
2746 5560 2819 5612 tv,
2857 5542 3101 5615 cap-25.

1928 5548 2001 5686 [si
2038 5612 2187 5686 Sixt.
2213 5615 2340 5671 Seu.
2370 5614 2512 5670 Bibl.
2544 5624 2714 5670 sanct.
2742 5614 2833 5671 lib.
2873 5630 2947 5685 tv,
2973 5630 3096 5686 pag.
3131 5613 3256 5680 299,
3281 5611 3365 5670 edi

1919 5612 1996 5686 (s)
2038 5612 2177 5667 Sixt.
2213 5615 2340 5671 Seu.
2370 5614 2512 5670 Bibl.
2544 5624 2714 5670 sanct.
2742 5614 2833 5671 lib.
2873 5612 2947 5685 tv,
2973 5630 3096 5687 pag.
3131 5613 3256 5680 299,
3281 5612 3417 5670 edit.

1856 5683 2029 5742 Paris.
2060 5684 2217 5740 1610.
