3858 6304
476 323 582 381 899

1568 317 1840 374 PATRES
1875 317 2178 375 EGYPTII
2217 316 2489 378 SECULI
2522 319 2610 376 ιν.

3630 319 3741 376 θω

476 448 643 505 verba
693 445 761 502 de
796 444 1067 501 rationum
1113 442 1349 515 pondere
1395 454 1458 495 ac
1507 440 1683 510 operis
1737 442 2051 511 prtestantia
2084 451 2128 505 Α
2157 453 2339 497 contra
2370 440 2708 506 Manicluaos,
2739 441 2893 511 cujus
2921 440 3235 511 principium
3272 450 3348 494 est
3380 454 3399 495 :
3430 458 3449 491 ι
3487 438 3740 494 υἰιέοιινίι

478 538 778 607 Basnagius
823 535 1069 606 accipere
1122 533 1275 589 malit
1337 531 1435 603 (a).
1489 531 1625 586 Loca
1680 534 2056 589 tantummodo

476 631 781 688 excitamus
825 643 893 683 ex
925 627 1167 696 ejusdem
1229 624 1365 680 Sisti
1413 623 1671 679 Senensis
1726 625 2053 680 Bibliotheca

475 732 660 777 sancta
691 721 795 791 (b);
827 735 890 776 ea
918 719 1185 789 siquidem
1217 731 1361 773 nunc
1395 726 1651 772 excutere
1694 716 1837 771 haud
1872 725 2053 771 vacat.

476 815 533 871 In
556 816 751 885 quibus
784 824 963 869 tamen
990 810 1293 869 referendis
1323 811 1496 879 ipsum
1524 823 1760 875 errasse,
1788 817 1950 877 atque
1988 806 2056 861 ab

476 909 587 962 alio
615 908 879 976 scriptore
911 905 1001 960 illa
1025 917 1147 959 esse
1178 917 1237 959 se
1269 909 1571 957 mutuatum
1595 910 1781 955 censet
1808 899 2057 953 laudatus

476 999 774 1066 Basnagius
804 997 902 1069 fc).
934 997 1009 1053 De
1034 996 1100 1050 iis
1130 994 1345 1049 interim
1381 992 1689 1047 Fabricium
1730 990 1842 1060 (ά),
1874 989 1969 1045 sed
2002 989 2055 1043 in

484 1092 678 1160 primis
722 1088 976 1144 liuetium
1002 1087 1071 1157 (e)
1115 1084 1399 1141 consulere
1429 1083 1571 1137 haud
1604 1084 1837 1137 otiosum
1874 1081 2053 1135 fuerit.

549 1182 638 1235 IV.
679 1178 796 1235 iam
834 1187 1103 1247 superest,
1153 1186 1213 1230 ut
1250 1176 1317 1230 de
1342 1172 1658 1242 Serapionis
1705 1172 1850 1225 edito
1882 1186 2054 1241 pauca

480 1276 745 1330 dicamus.
785 1271 915 1326 Illud
954 1270 1135 1339 itaque
1181 1270 1358 1338 primo
1395 1266 1616 1320 ineunte
1662 1263 1861 1319 saeculo
1893 1278 2058 1333 supe-

479 1366 623 1419 riore
672 1363 907 1433 vulgavit
950 1360 1217 1416 Henricus
1281 1358 1529 1413 Canisius
1573 1356 1640 1425 (Ῑ)
1690 1372 1755 1411 ex
1809 1356 2057 1411 versione

475 1457 753 1513 Francisci
787 1454 1076 1509 Turriani:
1132 1451 1272 1506 unde
1316 1459 1501 1520 postea
1532 1448 1583 1503 in
1625 1448 1791 1503 variis
1830 1447 2055 1501 Patrum

475 1549 812 1605 Bibliothecis
840 1558 1122 1601 excusum.
1170 1542 1357 1598 Graeca
1390 1555 1523 1595 vero
1562 1540 1703 1594 haud
1738 1539 1810 1592 ita
1851 1538 2055 1608 pridem

475 1641 643 1697 edidit
681 1639 734 1692 in
763 1653 860 1692 suo
906 1635 1172 1689 Thesauro
1206 1629 1497 1686 Canisiano
1545 1629 1841 1699 Basnagius
1877 1627 1952 1696 (g)
1987 1641 2055 1682 ex

478 1745 580 1782 IIIS.
607 1726 790 1781 codice
836 1723 1190 1778 llolsteniano
1236 1720 1572 1775 bibliotheca:
1602 1717 1859 1773 Joannes:
1889 1714 2056 1770 Ham-

2156 549 2384 588 errorem
2422 534 2636 597 ueritas,
2666 550 2685 584 ι
2710 534 2767 588 in
2824 548 2927 603 quo
2977 535 3053 587 sic
3106 534 3179 587 ait
3217 549 3236 586 :
3268 549 3290 584 ι
3317 530 3549 598 Quando
3602 535 3743 587 enim

2154 624 2414 678 hominem
2452 623 2636 677 Iesum
2681 623 2849 688 video,
2889 623 3126 693 intelligo
3175 623 3349 693 qualis
3379 632 3504 677 est:
3526 624 3739 691 quando

2156 728 2329 770 autem
2364 716 2575 770 modum
2603 716 2947 783 contemplor,
2982 717 3220 770 admiror
3256 731 3418 781 neque
3463 731 3691 785 agnosco
3720 731 3738 768 :

2155 810 2374 861 mutatio
2429 809 2616 877 quippe
2657 808 3055 862 admirationem
3101 817 3335 877 prestat.
3384 804 3451 859 Et
3486 809 3730 861 essentia

2154 900 2362 970 quidem
2404 908 2619 954 mutatae
2652 916 2754 952 non
2787 908 2906 953 sunt
2939 914 2956 954 :
2990 910 3163 952 manet
3200 899 3336 953 enim
3371 913 3595 967 corpus,
3630 916 3736 952 non

2157 993 2378 1046 alterum
2394 993 2632 1061 effectum
2662 1009 2679 1046 :
2711 1009 2873 1057 neque
2897 993 3036 1046 enim
3065 1008 3251 1059 corpus
3276 994 3332 1045 in
3363 992 3735 1059 incorporeum

2158 1100 2359 1139 versum
2388 1093 2462 1137 est
2486 1101 2504 1144 ;
2544 1100 2707 1151 neque
2732 1086 2934 1148 anima,
2968 1083 3133 1136 altera
3160 1099 3251 1150 per
3279 1084 3560 1137 essentiam
3583 1086 3743 1138 exsti-

2157 1176 2238 1239 tit,
2266 1174 2355 1227 sed
2389 1174 2714 1228 manentibus
2749 1175 3006 1238 essentiis,
3045 1173 3226 1227 studia
3270 1191 3372 1228 non
3406 1186 3736 1228 manserunt.

2162 1264 2504 1334 Nequaquam
2546 1265 2684 1318 enim
2714 1264 3019 1319 essentialia
3054 1275 3174 1319 sunt
3209 1266 3387 1318 studia
3420 1279 3442 1317 :
3472 1283 3593 1318 nam
3629 1283 3744 1319 ma-

2157 1364 2334 1409 nerent
2388 1370 2507 1406 cum
2550 1354 2811 1417 essentiis,
2850 1363 2897 1407 et
2940 1369 3043 1406 non
3098 1354 3455 1421 auferuntur.
3482 1374 3501 1407 ι
3538 1355 3603 1409 Et
3628 1356 3741 1411 hinc

2157 1446 2372 1514 quidem
2403 1444 2714 1499 Facundus.
2742 1443 2837 1498 'Ad
2865 1459 3024 1514 quem
3055 1443 3232 1500 locum
3272 1447 3456 1515 accipe
3489 1446 3741 1504 doctissi-

2159 1535 2233 1590 uti
2264 1535 2538 1590 Sirmondi
2571 1550 2883 1600 censuram,
2917 1535 3160 1591 auctoris
3187 1538 3365 1593 verbis
3394 1541 3735 1608 subjectam:

2156 1625 2373 1681 Librum
2437 1640 2619 1682 contra
2672 1627 3017 1682 Manichtcos.
3085 1616 3249 1683 Tituli
3296 1629 3478 1699 hujus,
3545 1631 3737 1701 inquit,

2156 1719 2233 1773 cel
2257 1722 2484 1786 exordii,
2524 1720 2698 1773 nullus
2725 1720 2878 1774 hodie
2907 1720 3039 1774 liber
3065 1730 3236 1775 exstat
3273 1722 3576 1775 Athanasii.
3604 1722 3739 1778 Con-

474 1818 780 1889 burgensis,
812 1815 969 1886 cujus
1004 1812 1370 1885 apographum
1416 1812 1475 1865 D.
1524 1809 1718 1865 Joanni
1775 1808 2053 1864 Friderico
2087 1809 2129 1864 B
2156 1813 2295 1881 gruit
2322 1823 2494 1865 autem
2536 1823 2581 1866 et
2618 1811 2804 1866 titulus
2839 1822 2887 1866 et
2926 1813 3222 1875 exordium,
3266 1814 3397 1867 libro
3435 1810 3738 1883 Serapionis

478 1909 789 1963 Wineklero
835 1915 1115 1975 acceptum
1160 1903 1347 1958 refert.
1382 1904 1556 1968 Atque
1591 1902 1730 1956 hanc
1764 1900 2056 1955 editionem

476 1999 833 2069 recognitam,
893 1993 1274 2062 nonnullisque
1326 1991 1802 2046 observationibus
1852 1992 2056 2043 instru-

474 2101 619 2145 ctam
687 2098 739 2144 et
815 2086 1048 2156 capitum
1111 2084 1460 2139 distinctione
1513 2094 1673 2153 atque
1723 2081 2055 2153 argumentis

472 2183 755 2237 adauctam
788 2181 925 2252 typis
954 2178 1209 2249 consigna
1222 2178 1419 2232 vimus.

546 2275 643 2329 Hic
670 2288 799 2327 vero
826 2286 991 2326 unum
1035 2269 1234 2323 addere
1259 2267 1483 2336 juverit,
1528 2267 1671 2338 quod
1720 2265 1876 2321 nobis
1920 2280 2054 2336 opus

473 2364 883 2420 recensentibus
926 2362 1150 2417 excidit.
1193 2360 1409 2416 Recitat
1454 2359 1707 2414 nimirum
1765 2357 2055 2413 Facundos

474 2457 883 2513 llertnianensis
906 2456 983 2525 (h)
1013 2455 1190 2509 locum
1226 2470 1293 2508 ex
1323 2452 1638 2523 Serapionis
1682 2451 1824 2506 libro
1857 2466 2050 2507 excer-

474 2564 625 2624 ptum
658 2551 741 2622 (i),
766 2564 926 2619 quem
962 2562 1243 2619 perperam
1265 2555 1451 2601 sancto
1480 2545 1776 2601 Athanasio
1807 2545 2051 2600 ascribit.

476 2641 654 2710 ipsum
679 2637 963 2693 audiamus
994 2634 1250 2705 :Scripsit
1278 2635 1433 2688 etiam
1465 2632 1837 2706 (Athanasius)
1864 2632 2056 2688 librum

546 2795 624 2862 la)
664 2795 893 2862 Basuag.
924 2793 991 2849 ad
1032 2792 1185 2846 Thes.
1221 2791 1401 2862 Canis.
1437 2798 1566 2845 tom.
1606 2790 1645 2854 I,
1677 2788 1913 2862 pag._37,
1940 2787 2056 2862 δέ.

546 2797 600 2850 la
664 2795 893 2862 Basuag.
924 2795 991 2849 ad
1032 2795 1185 2846 Thes.
1221 2795 1401 2846 Canis.
1437 2798 1566 2845 tom.
1606 2795 1645 2854 Ι,
1677 2802 1798 2858 pag.
1825 2795 1913 2850 57,
1950 2795 2056 2858 ξι.

546 2795 624 2933 (bi
661 2866 801 2919 Sixt.
831 2863 961 2918 Sen.
996 2862 1137 2933 Bibl.
1169 2873 1338 2915 sanct.
1364 2861 1457 2915 lib.
1494 2876 1555 2924 ll,
1601 2874 1724 2929 pag.
1752 2856 1821 2913 86
1848 2868 1902 2912 et
1934 2859 2059 2926 115,

476 2947 532 2991 et
558 2928 657 2989 lib.
687 2950 744 2997 ν,
774 2950 894 3003 pag.
924 2932 1049 2987 581.

548 3005 618 3144 (c;
662 3004 890 3072 Basnag.
931 3004 964 3058 I.
990 3018 1039 3057 c.

548 3076 595 3144 [d
659 3074 873 3144 Fabric.
908 3072 1039 3144 God.

539 3076 617 3147 (d)
659 3076 873 3131 Fabric.
908 3076 1042 3129 Cod.
1079 3089 1132 3138 οι

478 3157 613 3200 tom.
644 3143 708 3208 ll,
739 3158 860 3215 pag.
886 3142 991 3199 965
1018 3157 1132 3213 seq.

659 3067 873 3131 Fabric".
908 3072 1042 3129 Cod.
1079 3088 1257 3138 apocr.
1312 3070 1386 3126 N.
1434 3069 1495 3125 T.
1542 3081 1672 3125 tom.
1702 3067 1745 3137 1,
1774 3084 1894 3140 pag.
1922 3069 1977 3137 5,
2008 3078 2063 3125 et

2163 1904 2418 1959 Thmueos
2474 1905 2701 1974 episcopi
2748 1907 3007 1960 adversus
3054 1904 3420 1971 Manichaeos;
3478 1907 3534 1960 in
3583 1923 3737 1969 eoque

2158 2006 2277 2050 sunt
2309 1998 2461 2050 verba
2503 2012 2623 2064 qua:
2674 1996 2862 2049 recitat
2904 1995 3211 2064 Facundus,
3243 2006 3292 2052 et
3343 1998 3532 2051 tribuit
3578 1998 3738 2051 Atha-

2159 2084 2327 2138 nasio.
2384 2082 2491 2137 Sed
2526 2084 2687 2137 levior
2736 2083 2791 2136 in
2829 2084 3062 2139 auctoris
3110 2086 3318 2140 nomine
3359 2086 3513 2155 fraus
3557 2087 3732 2155 fuerit,

2158 2190 2314 2243 quam
2351 2176 2404 2228 in
2440 2175 2647 2239 nomine
2667 2173 2820 2241 Jesu,
2861 2177 3000 2245 quod
3030 2177 3114 2230 hic
3140 2193 3410 2247 perperam
3440 2179 3607 2234 verbis
3632 2180 3734 2233 illis

2159 2266 2417 2319 intextum
2440 2276 2536 2329 est,
2571 2282 2663 2320 nec
2688 2265 2879 2335 legitur
2898 2269 3039 2336 apud
3068 2266 3410 2338 Serapionem
3434 2286 3455 2325 :
3483 2274 3576 2341 qui
3592 2274 3657 2327 de
3674 2274 3690 2324 i
3710 2290 3736 2328 s

2158 2359 2454 2414 hominibus
2477 2361 2607 2430 agit,
2637 2361 2727 2431 qui
2755 2378 2787 2414 a
2811 2364 2985 2431 prauis
3020 2363 3251 2417 moribus
3275 2366 3345 2418 ad
3376 2366 3597 2420 meliora
3632 2379 3735 2421 stu-

2160 2452 2252 2504 dia
2266 2454 2799 2522 convertuntur:quod
2823 2454 2887 2509 de
2910 2453 3121 2511 Christo
3148 2456 3369 2512 Domino
3384 2459 3617 2530 cogitare
3642 2461 3735 2514 im-

2161 2544 2306 2613 pium
2331 2553 2425 2597 est.
2451 2542 2630 2609 Quare
2650 2543 2910 2601 Facundo
2939 2548 3208 2614 imposuit,
3231 2552 3319 2616 qui
3341 2552 3481 2606 hunc
3498 2553 3547 2605 ei
3568 2553 3733 2606 locum

2162 2635 2438 2705 suggessit.
2466 2633 2582 2690 Huc
2613 2650 2789 2706 usque
2820 2637 2882 2693 V.
2913 2636 2975 2708 (3.
3007 2637 3111 2694 Sed
3143 2639 3211 2695 de
3239 2641 3325 2698 bis
3358 2641 3642 2699 hactenus.

2232 2791 2303 2873 (ε)
2346 2791 2506 2873 ﬂuet.
2537 2792 2750 2873 Ofigen.
2775 2796 2882 2873 _lib.
2911 2813 2971 2860 tt,
3003 2805 3197 2873 quiest.
3232 2800 3286 2865 5,
3323 2798 3361 2873 §_
3383 2802 3478 2868 27,
3497 2818 3621 2873 pag.
3649 2802 3731 2856 6'2.

2347 2862 2534 2941 gauis.
2564 2862 2745 2941 Antig.
2767 2866 2892 2941 lect.
2923 2862 3051 2941 toni.
3078 2867 3145 2935 ν,
3172 2862 3296 2941 pag.
3323 2862 3365 2924 ’1
3395 2862 3550 2941 seqq.

2348 2931 2579 3011 Easnag.
2615 2931 2767 3011 Thes.
2807 2935 2992 3011 Canis.
3025 2931 3378 3011 t0tn'.'l,_'pag.
3409 2931 3488 2996 45
3511 2931 3664 3011 seqq.

2230 3002 2309 3081 (li)
2340 3001 2807 3081 Facundmﬂerm.
2834 3006 3039 3081 iib.__Xl,
3064 3001 3276 3081 _capsﬁ',
3314 3001 3433 3081 pag.
3469 3001 3599 3066 759.

2157 3071 2293 3211 pag)
2337 3073 2527 3194 ἓξτθρ.
2579 3074 2673 3132 lib.
2737 3079 2858 3131 adv.
2924 3071 3187 3146 Manichl,
3239 3071 3487 3150 cabin
3526 3092 3586 3137 et
3648 3082 3727 3146 l8,

507 3266 3709 3300 FW

507 3293 559 3306 ’.ο

1404 3379 1566 3536 s.
1668 3373 2804 3542 SERAPIONIS

1746 3671 2057 3730 EPISCOPI
2091 3673 2427 3737 THMUEOS

1280 3845 1596 3924 .LIBER
1676 3845 2211 3927 ADVERSUS
2286 3853 2935 3934 MANICHIEOS.

1651 4089 1784 4145 CAP.
1821 4092 1861 4146 Ι.
1917 4091 2121 4151 Veritas
2148 4112 2375 4151 errorem
2399 4096 2575 4151 vincit.

551 4187 725 4245 Solvit
751 4198 995 4240 errorem
1025 4190 1228 4239 veritas
1257 4189 1311 4236 et
1343 4181 1639 4252 exstinguit
1669 4180 1936 4236 fallaciam
1960 4226 1973 4247 ,
2007 4193 2062 4239 et
2088 4194 2130 4250 ο

479 4278 659 4337 omnis
686 4273 956 4330 mendacii
990 4280 1167 4327 ortum
1210 4270 1485 4340 intercipit
1529 4285 1594 4324 ac
1639 4270 1913 4339 prohibet.
1948 4272 2059 4327 Ob-

479 4384 755 4428 secremus
785 4367 951 4437 igitur
978 4364 1265 4419 Dominum
1295 4361 1476 4417 Jesum
1507 4361 1599 4433 qui
1628 4370 1712 4417 est
1739 4361 1970 4427 veritas,
2001 4371 2060 4417 ut

481 4460 747 4519 illuminet
776 4467 1012 4513 mentem
1061 4465 1337 4521 nostram,
1367 4464 1426 4509 ut
1453 4469 1628 4525 neque
1657 4453 1866 4509 fallacia
1908 4470 2059 4509 men-

2246 4186 2487 4240 Ἐπιλύει
2530 4185 2628 4257 τὴν
2678 4185 2885 4258 πλάνην
2937 4187 2971 4257 ή
3021 4185 3249 4258 ἀλήθεια
3284 4188 3380 4241 καὶ
3405 4187 3619 4263 ἀναιρεῖ
3640 4192 3727 4263 τὴν

2160 4280 2399 4351 ἀπάτην,
2426 4280 2521 4333 καὶ
2551 4280 2658 4332 πᾶν
2694 4278 2891 4349 ψεῦδος
2934 4278 3218 4350 προελθεῖν
3256 4279 3356 4333 οὐκ
3385 4282 3470 4353 ἑᾷ.
3511 4283 3723 4337 Tus-reti-

2163 4390 2344 4443 σωμεν
2373 4372 2466 4426 τὸν
2493 4370 2692 4443 Κύριον
2720 4370 2948 4442 Ἰησοῦν,
2980 4370 3241 4442 ἀλήθειαν
3273 4372 3433 4438 ὅντα,
3465 4373 3724 4445 ἐκλάμψαι

2160 4464 2259 4535 τὴν
2292 4464 2529 4517 διάνοιαν
2556 4462 2733 4534 ἡμῶν,
2767 4463 2852 4516 ἵνα
2889 4464 3027 4535 μήτε
3052 4464 3150 4536 τὴν
3180 4465 3418 4523 διάνοιαν
3446 4469 3721 4541 ἀναιρῆσαι

481 4564 589 4607 tem
619 4565 815 4621 capere
844 4550 1017 4619 possit
1046 4561 1148 4602 nec
1178 4562 1334 4601 error
1368 4547 1631 4612 vincere;
1667 4561 1841 4615 neque
1879 4546 1924 4600 si
1965 4561 2057 4601 ce-

2162 4554 2344 4627 άπάτη
2379 4554 2618 4625 δυνηθῇ,
2666 4555 2699 4625 ἢ
2753 4558 3025 4627 κρατῆσαι
3081 4556 3257 4628 πλάνη
3312 4559 3539 4631 ἰσχύσῃ·
3602 4561 3721 4630 μήτε

480 4645 625 4714 perit
653 4652 744 4697 aut
772 4642 1002 4708 vicerit,
1034 4639 1244 4695 ﬁrmam
1275 4649 1330 4694 et
1359 4640 1610 4696 stabilem
1640 4640 1934 4695 victoriam
1965 4642 2061 4695 ob-

482 4738 672 4792 tineat.
727 4734 1076 4790 Solummodo
1117 4734 1262 4787 enim
1317 4733 1359 4788 si
1412 4733 1759 4803 apparuerit,
1788 4743 1842 4788 et
1883 4734 2062 4789 radios

481 4827 728 4882 veritatis
757 4840 869 4881 sua:
902 4824 1182 4889 emiserit,
1219 4823 1486 4878 fallaciam
1518 4824 1735 4894 quidem
1786 4825 2060 4879 inductam

484 4918 803 4989 dissipabit,
835 4925 1067 4971 mentem
1096 4930 1223 4969 vero
1253 4926 1405 4970 extra
1430 4930 1669 4969 errorem
1698 4917 2059 4972 conservabit.

2161 4649 2402 4718 ᾑρηκυῖα
2424 4647 2519 4699 καὶ
2551 4650 2926 4718 κεκρατηκυῑα
2949 4646 3184 4717 ἔμμονον
3212 4648 3310 4719 τὴν
3336 4650 3599 4720 κράτησιν
3616 4649 3717 4721 ἔχῃ,

2162 4737 2337 4790 Μόνον
2367 4738 2475 4808 γὰρ
2499 4738 2687 4805 φανεὶς
2716 4740 2809 4791 καὶ
2836 4739 2936 4802 τὰς
2964 4740 3189 4804 ἀκτῖνας
3212 4739 3312 4811 τῆς
3344 4741 3599 4811 ἀληθείας
3614 4742 3725 4794 ἑαν-

2161 4812 2254 4879 τοῧ
2288 4825 2591 4897 ἐκλάμψας,
2617 4828 2977 4883 ἀποσκεδάσει
3005 4828 3105 4900 μὲν
3137 4828 3235 4900 τὴν
3276 4832 3573 4903 γενομένην
3596 4828 3722 4885 άπάο

2161 4933 2281 4986 την,
2318 4916 2725 4989 ἀνεξαπάτητον
2751 4920 2805 4973 δὲ
2840 4920 3157 4992 διατηρήσει
3200 4922 3301 4994 τὴν
3342 4922 3595 4979 διάνοιαν.
3626 4921 3719 4973 Αὐ-

482 5012 601 5082 ipse
635 5013 777 5067 enim
821 5010 1019 5065 clamat
1048 5027 1061 5063 :
1097 5008 1209 5079 Ego
1238 5025 1354 5062 sum
1389 5013 1506 5073 via,
1557 5010 1746 5061 veritas
1791 5019 1836 5062 et
1883 5009 1985 5062 vita
2019 5010 2057 5064 ¹.

2162 5009 2252 5072 τὸς
2280 5010 2386 5081 γὰρ
2422 5010 2546 5082 βοᾷ·
2580 5012 2720 5083 Ἐγώ
2744 5016 2857 5083 ειμι
2886 5014 2922 5081 ἠ
2958 5014 3097 5081 ὁδὸς
3138 5016 3236 5069 καὶ
3272 5017 3309 5085 ἠ
3354 5014 3601 5083 ἀλήθεια
3633 5015 3718 5066 καὶ

484 5101 601 5171 ipse
633 5102 915 5173 praecipit:
948 5100 1217 5155 Attendite
1257 5116 1289 5153 a
1321 5099 1471 5169 falsis
1506 5101 1767 5169 prophetis
1789 5141 1805 5166 ,
1846 5100 1937 5169 qui
1980 5115 2062 5153 ve-

487 5196 635 5247 niunt
672 5195 740 5246 ad
773 5209 859 5247 vos
890 5193 945 5245 in
977 5193 1298 5246 uestimentis
1325 5191 1496 5243 ovium
1520 5231 1534 5254 ,
1571 5192 1710 5243 intus
1737 5201 1909 5244 autent
1940 5199 2060 5244 sunt

487 5285 596 5349 lupi
650 5302 861 5349 rapaces
900 5283 942 5337 ’.
980 5283 1115 5349 Quia
1149 5283 1293 5336 enim
1339 5282 1553 5336 illorum
1603 5282 1793 5336 modus
1836 5280 2061 5336 fraudu-

490 5376 667 5429 lentus
694 5385 811 5429 erat
843 5384 899 5429 et
939 5390 1117 5430 mores
1155 5375 1431 5442 simulati,
1464 5390 1571 5430 non
1604 5374 1801 5430 celavit
1829 5389 1923 5429 eos
1960 5372 2062 5428 Ve-

492 5467 653 5529 ritas,
707 5467 798 5520 sed
850 5466 1102 5532 nudavit;
1163 5483 1266 5520 non
1322 5466 1672 5534 permittens,
1720 5474 1779 5518 ut
1822 5465 1963 5534 quod
2008 5466 2060 5519 in
2104 5512 2109 5539 ,

2163 5101 2201 5169 ἦ
2234 5099 2366 5168 ξωή⁹
2393 5103 2553 5167 αὐτὸς
2579 5105 2969 5175 παραγγέλλει·
2991 5109 3333 5177 Προσέχετε
3360 5108 3591 5174 ἑαυτοῖς
3609 5089 3718 5159 ’ἀπὸ

2162 5190 2289 5249 τῶν,
2312 5193 2845 5265 ψευδοπροφητῶν,
2877 5197 3093 5263 οἵτινες
3125 5199 3403 5267 ἔρχονται
3427 5197 3573 5265 πρὸς
3588 5189 3719 5260 ὑμᾶς

2163 5285 2233 5339 ὲν
2267 5286 2560 5357 ἐνδύμασι
2587 5288 2916 5357 προϐάτων,
2945 5290 3174 5345 ἔσωθεν
3198 5288 3267 5343 δέ
3294 5292 3417 5343 εισι
3444 5291 3611 5344 λύκοι
3630 5286 3720 5353 ἀρ·

2165 5389 2367 5445 παγες.
2407 5378 2624 5450 Ἐπειδὴ
2674 5379 2776 5451 γάρ
2820 5379 3046 5433 ἐκείνων
3095 5380 3563 5452 πεφενακισμένος
3598 5374 3657 5448 ἦν
3698 5379 3720 5427 ὁ

2132 5469 2383 5539 ἴτρὸπος,
2408 5471 2502 5523 καὶ
2524 5472 2905 5543 πεπλασμένον
2942 5472 3003 5525 τὸ
3030 5468 3161 5543 ἦθος
3181 5512 3196 5533 ,
3232 5472 3331 5525 οὐκ
3368 5470 3657 5541 ἐσιώπησεν
3693 5466 3717 5529 ἡ

474 5567 670 5631 ,mente
698 5557 859 5621 latet,
892 5558 958 5611 ab
987 5573 1052 5613 eo
1092 5559 1233 5628 quod
1279 5560 1619 5613 extrinsecus
1664 5558 1847 5613 fictum
1888 5568 1942 5613 et
1984 5559 2058 5612 si-

2164 5562 2435 5633 ’Δλήθεια,
2470 5563 2582 5617 ἀλλ’
2616 5564 2901 5635 ἐγύμνωσε
2927 5566 2986 5618 τὸ
3007 5566 3213 5635 ἀφανὲς
3240 5565 3339 5635 τῆς
3378 5566 3606 5628 διανοίας
3636 5576 3719 5614 κα-

492 5650 753 5706 mulatum
806 5660 888 5703 est
934 5659 1178 5720 tegatur:
1216 5661 1271 5704 ut
1302 5651 1413 5720 ipsa
1462 5650 1673 5705 fallacia
1716 5652 2056 5720 deprehensa

564 5809 582 5840 '
620 5809 771 5864 .loan.
814 5825 921 5867 xw.
959 5809 1011 5865 6.
1088 5810 1108 5840 ’
1149 5808 1337 5865 Matth.
1375 5824 1437 5868 ν,
1480 5808 1567 5863 15.

2166 5651 2459 5707 λὺπτεσθαι
2503 5653 2607 5707 ὑπὸ
2648 5654 2741 5707 τοῦ
2785 5655 3169 5727 πεπλασμένον
3201 5656 3295 5708 καὶ
3342 5645 3713 5725 ἐσχηματισμὲ’
