3858 6334
143 342 245 398 SOI

1100 346 1160 399 ὃ.
1204 341 1610 398 SEIlAPIO-NIS
1647 342 1847 397 LIBER
1888 343 2048 400 ADV.
2091 341 2536 401 ΜΑΝΙΟΙΙᾸΞΟΞ.

3316 347 3424 403 909.

144 471 238 509 νου
279 451 359 524 μὴ
389 452 733 524 ἐπιτρεψασα
749 492 763 518 ,
792 452 880 508 ἴνα
911 453 1235 526 κατάφωρος
1269 455 1538 526 γενομένη
1569 455 1748 510 αὐτῶν

1859 456 2069 511 infirma
2112 456 2204 510 ﬁat
2243 456 2295 510 in
2323 471 2510 513 eorum
2559 455 2895 528 argumentis
2957 457 3028 513 ita
3063 465 3122 514 ut
3150 459 3426 517 neminem

151 547 182 616 ἡ
209 544 404 614 ἀπάτη
443 544 947 616 άσθενὴςιγὲνηται
970 547 1028 599 ἐν
1056 547 1174 610 ταῖς
1217 547 1612 618 ἐπιχειρήσεσι,
1642 563 1742 617 μη-

146 639 276 692 ιένα
302 635 712 708 συλλαμϐάνειν
743 634 1039 708 δυναμένη.

1855 547 2072 604 irrt-tire
2107 558 2293 618 queat.

1325 728 1457 784 CAP.
1491 728 1557 784 II.
1596 728 1744 782 Varii
1767 732 1964 795 gradus
1997 745 2257 786 errorum.

223 821 392 874 Ἐστι
437 818 540 890 μὲν
572 813 667 875 οὖν
695 821 729 890 ἠ
755 819 928 876 κακία
965 820 1252 891 πολυειδὴς
1289 821 1385 874 καλ⁷
1423 819 1742 891 πολυσχιδὴς

151 913 297 966 κατὰ
349 911 646 983 διαφόρους
697 912 994 984 ηπλωμένη
1044 911 1143 976 τὰς
1190 911 1580 982 ἐπιχειρήσεις,
1633 910 1752 964 ἔνια
1775 927 1816 970 ς

152 1005 260 1058 τῶν
291 1004 502 1073 ἐαυτῆς
535 1004 718 1074 μερῶν
754 1001 1173 1074 βλαπτικιὶηερα
1202 1003 1296 1059 καὶ
1336 1001 1752 1074 ἀναιρετικώτε-

155 1115 223 1169 ρα
259 1097 490 1167 ἔχουσα.
511 1095 611 1148 Διὰ
639 1094 798 1148 τοῦτο
821 1095 941 1147 οὐδὲ
966 1094 1034 1147 τὰ
1057 1095 1257 1164 ἥττονα
1285 1093 1610 1164 σιωπητέον,
1629 1092 1751 1145 οὐδὲ

153 1187 264 1243 τῶν
315 1186 584 1258 μειζόνων
630 1187 929 1256 ἀφεκτέον,
976 1185 1186 1249 είδότας
1223 1184 1404 1249 τοῦτο,
1432 1186 1515 1238 ὅτι
1543 1184 1611 1238 τά
1653 1184 1751 1255 μὲν

153 1280 422 1333 ἐλάττονα
467 1278 632 1348 μόρια
669 1277 767 1348 τῆς
801 1276 1001 1339 κακίας
1030 1276 1371 1348 βραχυτέρας
1406 1275 1752 1338 ποιεῖταιτὰς

1926 820 2019 878 Est
2047 823 2210 894 igitur
2239 823 2452 879 malitia
2482 823 2834 882 multiformis
2861 835 2918 882 et
2946 825 3302 898 multipartita
3330 869 3347 894 ,
3373 828 3426 884 iu

1855 915 2033 970 varias
2063 917 2566 988 argumentationes
2593 917 2746 983 fusa,
2779 918 2936 988 cujus
2971 928 3154 988 partes
3180 920 3428 987 quaedam

1854 1007 2195 1068 nocentiores
2220 1012 2343 1062 sunt
2376 1017 2428 1064 et
2480 1010 2652 1077 magis
2694 1009 3010 1064 mortiferae.
3053 1008 3424 1078 Quamobrem

1853 1112 2028 1167 neque
2057 1099 2266 1153 minora
2297 1101 2528 1154 tacenda
2555 1109 2716 1164 sunt,
2749 1115 2927 1170 neque
2959 1101 3258 1170 majoribus
3302 1116 3430 1170 par-

1854 1191 2124 1255 cemlum,
2179 1204 2301 1244 cum
2351 1193 2588 1247 sciamus
2639 1194 2874 1248 minores
2915 1194 3045 1263 quid
3095 1203 3274 1264 partes
3314 1192 3428 1245 vitii

1852 1280 2061 1334 minora
2105 1280 2300 1335 (lamna
2343 1296 2565 1349 parere,
2613 1283 2846 1352 majores
2895 1298 3023 1338 vero
3068 1299 3286 1353 magna.
3326 1281 3430 1349 Qui

158 1371 388 1442 βλάϐας,
421 1370 491 1423 τά
523 1369 579 1422 δὲ
612 1367 835 1440 μείζονα
864 1369 1139 1437 μεγάλαςο
1175 1371 1204 1423 ό
1231 1369 1341 1440 γὰρ
1373 1366 1584 1438 μείζοσι
1614 1384 1749 1437 σφα-

1859 1371 1997 1425 enim
2031 1372 2082 1425 in
2116 1373 2459 1443 gravioribus
2488 1374 2705 1437 labitur,
2751 1374 3094 1443 gravioribus
3124 1374 3298 1443 pmnis
3329 1388 3428 1440 pu-

157 1462 270 1524 λεὶς
301 1459 492 1530 μεῖζον
516 1463 610 1512 καὶ
637 1460 981 1529 τιμωρεῖται’
1019 1459 1112 1511 καὶ
1141 1460 1170 1511 ὁ
1203 1458 1308 1512 ὑπὸ
1338 1457 1579 1528 μείζονος
1607 1457 1748 1512 άπαο

156 1550 348 1621 τηϐεὶς
387 1549 614 1620 μείζονα
648 1550 743 1602 καὶ
776 1548 1130 1612 κολάζεται...
1363 1575 1366 1578 ’
1517 1557 1526 1563 ’

535 1661 626 1696 ται
651 1644 761 1715 γὰρ
786 1644 841 1696 αἱ
872 1641 1119 1696 ἀπάται..

157 1736 213 1789 δὲ
237 1735 336 1788 καὶ
363 1735 434 1788 τά
470 1734 648 1805 πλη...

160 1829 253 1880 καὶ
285 1826 574 1898 σταθμίζω
605 1867 643 1881 ..
751 1841 829 1889 ω’

159 1920 364 1972 δικά...

157 2013 369 2082 τίμα...

157 2106 276 2157 εί...

157 2197 515 2266 ἀστάθμητον
543 2197 627 2266 ἐᾷ,
666 2194 804 2249 ἀλλὰ
830 2195 924 2249 καὶ
947 2195 1046 2266 τὴν
1081 2193 1312 2248 ἑκάστου
1350 2191 1444 2245 τοῦ
1471 2190 1750 2262 ἡπατηκό-

1855 1465 2041 1529 uitur;
2073 1475 2124 1519 et
2157 1465 2250 1535 qui
2282 1484 2309 1518 a
2343 1466 2550 1536 majore
2576 1469 2833 1536 deceptus
2870 1477 2954 1523 est
2975 1507 2992 1531 ,
3024 1466 3196 1535 majus
3227 1467 3431 1536 suppli-

1853 1555 1998 1608 cium
2032 1556 2284 1610 sustinet.
2319 1555 2698 1611 Ponderantur
2721 1558 2866 1612 enitn
2913 1556 3144 1614 fallacie
3166 1594 3182 1619 .
3227 1560 3426 1626 ponde-

1855 1655 2046 1700 rantur
2074 1646 2235 1701 etiam
2263 1657 2486 1715 peccata
2515 1664 2530 1712 ;
2558 1656 2613 1702 et
2641 1647 2734 1718 qui
2783 1649 3137 1718 p0nderatur,
3166 1664 3265 1718 pro
3308 1663 3432 1716 gra-

1833 1739 2019 1793 vitate
2048 1741 2305 1808 ponderis
2353 1741 2681 1811 supplicium
2724 1750 3013 1812 reportat;
3055 1756 3229 1811 neque
3274 1741 3433 1810 quid-

1786 1853 1789 1856 -
1854 1845 2017 1898 quam
2048 1831 2138 1897 qui
2165 1831 2367 1898 judicat
2389 1871 2403 1895 ,
2436 1847 2540 1886 non
2573 1835 2930 1900 ponderatum
2961 1833 3236 1903 relinquit.
3289 1831 3431 1898 Quin

1854 1923 2018 1975 etiam
2069 1922 2496 1992 uniuscujusque
2524 1924 2614 1992 qui
2645 1923 2836 1978 fefellit
2863 1923 3127 1979 fallaciam
3151 1967 3167 1992 ,
3195 1934 3249 1979 et
3289 1925 3430 1979 faci-

1857 2014 2062 2069 lizatem
2107 2015 2224 2084 ejus
2266 2016 2358 2084 qui
2401 2015 2661 2085 deceptus
2707 2027 2792 2072 est
2840 2018 3163 2080 demensus,
3211 2033 3432 2088 ptimum

1785 2132 1824 2186 Β
1857 2105 2122 2160 decernit.
2168 2106 2441 2172 Quocirca
2475 2107 2797 2162 studendum
2843 2117 2963 2171 est,
2998 2118 3057 2162 ut
3099 2121 3166 2162 ne
3212 2109 3434 2163 minima

1855 2198 2072 2266 quidem
2102 2197 2309 2253 fallacia
2339 2201 2648 2270 capiamur:
2678 2201 2942 2270 siquidem
2970 2203 3190 2257 minima
3217 2201 3431 2256 fall;:c'a

155 2305 250 2352 τος
269 2289 528 2359 ἀπάτην,
570 2288 665 2342 καὶ⁵
711 2286 805 2341 τοῦ
846 2285 1200 2358 ἠπατημένον
1247 2285 1346 2356 τὴν
1381 2283 1628 2338 εὐκολίαν
1656 2300 1749 2353 με-

1859 2286 2338 2351 ἰιιειθτεείηιὶιιιε,
2369 2299 2525 2343 nacta
2566 2291 2849 2344 materiam
2893 2293 3263 2346 assensionem
3313 2291 3434 2344 ani-

157 2381 372 2458 τρησας
403 2377 580 2450 ὁρίζει
616 2379 716 2448 τὴν
736 2379 1027 2449 τιμωρίαν.
1062 2375 1433 2430 Σπουδαστέον
1463 2371 1576 2440 οὖν,
1614 2377 1748 2444 μήτε

155 2471 236 2542 τῷ
265 2471 595 2542 βραχυτάτῳ
627 2463 919 2542 αἱρεῖσθαιο
953 2469 1174 2540 καὶγὰρ
1202 2470 1234 2538 ή
1263 2466 1575 2539 βραχυτάτη
1604 2466 1750 2520 ἀπά-

156 2581 226 2633 τη
252 2564 556 2635 σπινθῆρος
576 2564 732 2635 δίκην
759 2562 894 2633 ὓλην
920 2560 1314 2633 παραλαϐοῦσα
1349 2559 1445 2631 τὴν
1474 2558 1748 2640 συγκατά-

1858 2391 1983 2439 mar,
2017 2377 2322 2431 incendium
2351 2395 2558 2448 magna:
2586 2380 2814 2434 ﬂamma:
2842 2380 3000 2436 efficit
3027 2399 3042 2447 ;
3079 2383 3226 2435 multi
3255 2381 3432 2444 enim,

1857 2466 2119 2536 principio
2149 2483 2213 2522 ex
2245 2484 2409 2539 parvo
2454 2485 2641 2526 errore
2675 2482 2876 2543 erepto,
2905 2474 2956 2527 in
2986 2474 3205 2544 pelagus
3233 2474 3435 2528 erroris

1859 2559 2051 2627 dilapsi
2097 2573 2153 2615 et
2181 2562 2336 2616 effusi
2366 2573 2524 2618 sunt.

156 2655 311 2709 θεσιν
345 2658 451 2727 τῆς
487 2657 668 2727 ψυχῆς
707 2658 952 2722 ἐξάπτει,
985 2656 1082 2720 ,καὶ
1119 2655 1362 2727 μεγάλην
1410 2655 1585 2724 φλόγα
1656 2653 2082 2718 κατασκευάζει·
2127 2657 2316 2710 πολλοὶ
2365 2657 2475 2730 γὰρ
2513 2657 2573 2725 ἐξ
2629 2658 2817 2730 ὀλίγης
2851 2660 3066 2731 ἀπάτης
3139 2660 3435 2732 ἀρξάμενοι

157 2751 238 2813 είς
269 2749 512 2816 πέλαγος
538 2747 752 2818 ἀπάτης
777 2746 1131 2817 ἐξεχύθησαν.

1765 2761 1870 2807 ΖεΓ

1175 2861 1308 2918 Car.
1346 2859 1436 2916 Ill.
1477 2858 1887 2914 Manicheismus
1911 2873 2057 2912 error
2079 2857 2408 2912 deterrimus.

227 2959 328 3012 Διὰ
349 2956 514 3011 τοῦτο
537 2955 905 3028 φροντιστέον,
935 2957 1073 3027 μήτε
1109 2958 1175 3027 τῇ
1221 2955 1534 3026 βραχυτάτῃ
1569 2956 1754 3028 ἀπάτῃ

157 3049 462 3124 αἱρεῖσθαι,
498 3049 702 3119 τειχίον
731 3051 800 3120 τῇ
821 3047 965 3119 ψυχῇ
1003 3047 1286 3102 κάλλιστον
1315 3046 1754 3118 οἰκοδομοῦντας·

158 3146 247 3199 ἵνα
300 3143 448 3213 μήτε
485 3139 563 3211 τῷ
592 3139 798 3210 μείζονι
820 3138 1146 3211 αἱρεθῷμενο
1171 3140 1201 3192 ό
1228 3139 1339 3211 γὰρ
1373 3138 1503 3210 περὶ
1527 3137 1596 3191 τὰ
1622 3138 1756 3210 βρα-

159 3236 372 3307 χύτατα
423 3232 648 3302 σφαλεὶς
692 3231 910 3285 πταίσει
954 3231 1086 3284 ποτὲ
1121 3231 1216 3284 καὶ
1259 3231 1387 3302 περὶ
1419 3229 1490 3302 τά
1515 3229 1753 3302 μείζονα,

157 3330 253 3384 καὶ
277 3331 306 3381 ό
339 3325 515 3398 μηδὲν
545 3323 651 3377 τιῖιν
677 3321 894 3394 μικρῶν
926 3320 1236 3394 αἱρεθεὶς...

1185 3429 1388 3468 αναν...

518 3508 610 3562 τὸν
639 3509 736 3579 τὴν
759 3505 1058 3576 ἀσφάλειαν
1086 3507 1250 3560 καὶ...

599 3598 821 3670 μείζονα
849 3604 1057 3670 σχήσει·
1089 3597 1273 3652 ἐπεὶ...

155 3695 311 3749 λύκοι
340 3693 534 3746 πολλοὶ
559 3691 748 3745 κώδια.
759 3729 770 3742 .
781 3729 795 3743 .

156 3787 604 3870 ἠμφιεσμένοι...
695 3799 713 3840 7
743 3784 770 3826 δ’

517 3895 660 3984 ημη·
692 3877 767 3949 μή
797 3893 916 3931 σι...

388 3988 420 4022 υ
453 3986 634 4032 τοις...

153 4059 365 4117 αἶσα...
448 4082 454 4088 ’

157 4154 444 4224 μάχαιραν
481 4150 704 4212 σειέτω,
750 4147 1051 4218 ἀσφάλειαν
1099 4145 1362 4217 μυωμένη
1404 4147 1472 4217 τῇ
1526 4145 1750 4217 ποίμνῃ,

151 4243 446 4315 γυμνοῦσα
486 4240 542 4294 δὲ
588 4241 681 4293 καὶ
718 4239 817 4311 τὴν
863 4237 1205 4309 ἐπιχείρησιν
1242 4237 1351 4290 τῶν
1373 4236 1596 4308 θηρίωνο
1644 4236 1798 4290 ίδοὺ-’

150 4336 267 4407 γὰρ
292 4333 484 4386 πολλοὶ
515 4332 614 4402 μὲν
636 4334 772 4385 εἰσιν
806 4333 854 4384 οἱ
891 4329 1266 4400 προελθόντες,
1316 4330 1412 4382 καὶ
1449 4321 1552 4382 ὧδε
1591 4329 1756 4382 κάκεῖ

150 4420 457 4485 πλάζονται
479 4458 494 4481 ,
531 4419 651 4471 ἀντὶ
680 4417 890 4472 κωδίων
912 4417 974 4470 τὸ
999 4416 1168 4488 ὄνομα
1193 4415 1285 4470 τοῦ
1313 4415 1549 4488 Χριστοῦ
1600 4433 1754 4488 περι-

151 4510 507 4582 εεὸλημὲνοι,
543 4510 636 4562 καὶ
655 4509 936 4580 λεγόμενοι
965 4508 1063 4580 μὲν
1086 4507 1114 4561 ὃ
1151 4507 1226 4580 μὴ
1259 4508 1417 4573 εἰσὶν,
1439 4507 1592 4573 ὄντες
1638 4508 1695 4562 δὲ
1725 4507 1754 4562 ὃ

149 4599 423 4674 λέγεσθαι
449 4601 550 4654 οὐκ
577 4601 883 4672 ἁνέχονται’
933 4600 1068 4654 ἀλλὰ
1110 4600 1209 4672 τὴν
1237 4599 1442 4654 οἰκείαν
1490 4600 1752 4672 πονηρίαν

149 4694 533 4758 καλύπτοντες
568 4691 644 4764 τῷ
692 4694 931 4764 σχήματι
968 4691 1062 4745 τοῦ
1106 4691 1391 4762 ὀνόματος,
1424 4692 1518 4745 καὶ
1557 4710 1774 4746 κοινω-·

147 4784 381 4852 νοῦντες
414 4786 513 4857 μὲν
546 4783 621 4853 τῷ
649 4784 894 4854 ὀνόματι,
924 4783 1094 4855 ἄρδην
1119 4782 1175 4836 δὲ
1200 4783 1507 4856 διαφθεῖραι
1534 4783 1596 4838 τὸ
1639 4785 1754 4838 δνο-

151 4900 231 4954 μα
265 4878 366 4933 τοῦ
401 4877 637 4950 Χριστοῦ
661 4875 1072 4940 ἐσπουδακότες,
1101 4875 1242 4934 κατὰ
1291 4875 1390 4946 μὲν
1427 4875 1522 4929 τοῦ
1577 4876 1752 4947 Ἰησοῦ

147 4972 607 5046 στρατευόμενοι,
645 4968 928 5040 Ἰησοῦνδὲ
964 4968 1389 5040 ἐπικεκλημένοι
1412 4986 1426 5000 ο
1464 4969 1604 5040 αὕτη
1643 4970 1752 5040 γάρ

1932 2954 2142 3009 Idcirco
2190 2952 2492 3007 curandum
2542 2957 2659 3018 est,
2709 2958 2768 3005 ut
2821 2967 2887 3007 ne
2932 2950 3160 3006 minimo
3214 2952 3432 3022 quidem

1861 3061 2048 3101 errore
2081 3043 2187 3098 labi
2232 3043 2546 3113 contingat;
2597 3043 2966 3114 pulcherrimo
3007 3044 3201 3098 animae
3232 3061 3436 3114 propu-

1862 3135 2092 3208 gnaculo
2127 3133 2429 3200 aedificato,
2477 3150 2547 3188 ne
2567 3134 2785 3202 ,majore
2818 3137 3121 3204 capiamur.
3157 3135 3256 3202 Qui
3293 3140 3438 3192 eniut

1863 3229 1918 3282 in
1959 3228 2140 3296 parvis
2173 3224 2374 3280 labitur
2407 3239 2593 3280 errore
2617 3265 2632 3291 ,
2670 3225 2884 3281 labetur
2909 3225 3200 3295 aliquando
3235 3227 3288 3281 in
3323 3244 3439 3281 ma-

1751 3324 1818 3364 3ο
1859 3317 2109 3385 joribus;
2141 3323 2195 3370 et
2226 3314 2317 3385 qui
2357 3328 2464 3368 non
2498 3322 2583 3368 est
2617 3314 2876 3369 seductus
2906 3329 2936 3368 a
2971 3316 3156 3385 parvis
3183 3355 3198 3380 ,
3227 3316 3334 3370 erit
3363 3318 3438 3371 ita

1861 3417 2051 3463 contra
2083 3406 2291 3476 majora
2320 3405 2563 3461 munitus
2591 3414 2646 3460 et
2693 3413 2840 3462 tutus
2863 3445 2878 3470 ,
2914 3414 2988 3462 ,ιιι
3021 3407 3070 3462 ei
3118 3407 3294 3462 resisti
3331 3423 3437 3462 non

1859 3501 2050 3570 possit.
2101 3497 2238 3566 Quia
2287 3497 2451 3569 igitur
2483 3501 2530 3553 sl
2562 3497 2715 3553 multi
2766 3499 2875 3567 lupi
2925 3498 3090 3570 pelles
3122 3498 3303 3554 ovium
3351 3501 3436 3554 iu-

1861 3593 2010 3657 duti,
2047 3605 2261 3661 gregem
2294 3590 2644 3656 invaderent,
2691 3604 2800 3646 non
2847 3589 3037 3646 sileret
3081 3601 3286 3662 pastor,
3339 3593 3436 3648 sed

1781 3698 1822 3755 ο
1857 3684 2093 3756 gladium
2148 3682 2428 3750 vibraret,
2479 3691 2538 3738 ut
2587 3683 2640 3736 in
2691 3691 2805 3738 tuto
2843 3698 3064 3753 gregem
3107 3683 3434 3752 collocaret,

1859 3777 2067 3831 nudans
2095 3784 2148 3830 et
2175 3773 2511 3846 patefaciens
2542 3785 2796 3831 conatum
2825 3775 3086 3831 ferarum.
3113 3773 3253 3830 Ecce
3283 3774 3436 3830 multi

1784 3893 1816 3927 κ
1857 3876 1981 3919 sunt
2011 3865 2103 3934 qui
2155 3864 2442 3929 exierunt,
2495 3873 2549 3918 et
2595 3863 2683 3918 hic
2735 3873 2898 3934 atque
2940 3862 3049 3919 illic
3080 3871 3304 3930 errant,
3337 3879 3438 3934 pro

1857 3954 2084 4026 pellibus
2115 3954 2298 4010 ovium
2346 3970 2541 4010 nomen
2586 3954 2792 4010 Christi
2836 3955 3046 4021 induti;
3080 3955 3170 4026 qui
3214 3970 3273 4011 se
3317 3956 3437 4026 qni-

1857 4048 1976 4102 dem
2010 4047 2198 4103 dicunt
2225 4050 2370 4118 quod
2404 4064 2510 4104 non
2545 4060 2712 4117 sunt;
2745 4053 2887 4120 quod
2921 4059 3100 4104 autem
3133 4059 3294 4117 sunt,
3331 4050 3436 4105 diri

1856 4139 2044 4193 nolunt
2066 4178 2082 4203 ,
2112 4139 2205 4194 sed
2233 4155 2386 4195 suam
2424 4140 2825 4209 improbitatem
2858 4142 3057 4195 amictu
3085 4142 3322 4197 nominis
3350 4150 3434 4194 tu-

1855 4240 1987 4300 gunt
2010 4248 2024 4297 ;
2053 4231 2142 4300 qui
2169 4246 2456 4286 commune
2479 4231 2698 4300 quidem
2730 4233 2928 4286 habent
2955 4248 3147 4286 nomen
3171 4273 3186 4297 ,
3218 4233 3439 4288 student

1856 4340 1982 4378 vero
2014 4334 2068 4379 ut
2099 4339 2292 4378 nomen
2322 4323 2526 4380 Christi
2559 4325 2800 4380 funditus
2830 4325 3088 4389 deleant;
3123 4329 3211 4395 qui
3247 4339 3433 4380 contra

1853 4414 2036 4471 Jesum
2071 4415 2340 4480 militant,
2371 4425 2421 4469 et
2451 4414 2632 4470 Jesum
2660 4417 2928 4470 invocant.
2962 4415 3084 4470 llaec
3113 4427 3196 4472 est
3227 4416 3436 4470 niilliiil-

1855 4506 1979 4560 lima
2005 4506 2244 4560 omnium
2279 4505 2620 4575 improbitas,
2653 4507 2869 4560 nomine
2895 4506 3097 4561 Christi
3129 4507 3428 4578 appellari,

1840 4584 1905 4650 et
1933 4594 2209 4650 Christum
2238 4609 2568 4665 oppugnare.
2591 4595 2803 4650 Etenim
2828 4596 2954 4664 quia
2976 4611 3081 4652 non
3111 4600 3284 4667 potuit
3311 4613 3433 4668 per-

1853 4689 2084 4744 versitas
2113 4696 2303 4741 contra
2353 4687 2519 4742 Deum
2552 4687 2750 4742 bellum
2793 4701 3018 4758 gerere,
3065 4704 3164 4745 usa
3210 4700 3294 4745 est
3338 4707 3436 4744 no-

1855 4781 2042 4843 mine,
2097 4788 2154 4834 ut
2203 4793 2303 4834 usu
2351 4779 2590 4836 nominis
2631 4780 2944 4850 opinionem
3004 4781 3436 4852 imprudentibus

1855 4872 2095 4940 injiciat,
2127 4881 2186 4928 ut
2213 4872 2369 4943 quasi
2400 4872 2604 4928 Christi
2638 4871 2920 4930 familiaris
2965 4873 3052 4928 hic
3101 4883 3157 4930 et
3198 4873 3307 4929 illic
3328 4913 3343 4938 ,
3376 4884 3435 4929 ut

1855 4964 2018 5030 libet,
2051 4979 2146 5020 eos
2174 4966 2264 5035 qui
2302 4966 2355 5020 in
2397 4965 2736 5020 Salvatorem
2792 4965 3138 5021 crediderunt
3164 5005 3179 5030 ,
3222 4966 3429 5034 perdat.

145 5039 306 5124 ἐστιν
328 5068 363 5136 ἡ
399 5039 760 5135 χαλεπωτάτη
791 5059 1045 5132 πονηρία,
1079 5060 1161 5112 ὅτι
1198 5059 1446 5128 λέγονται
1482 5059 1544 5112 τὸ
1577 5039 1748 5132 ονομα

1859 5054 1949 5110 Sic
1986 5053 2299 5110 Valentinus
2345 5055 2555 5121 exivit,
2592 5056 2673 5110 sic
2713 5053 2987 5121 Marcion,
3033 5055 3112 5110 sic
3158 5054 3430 5121 Siliuntts,

144 5162 244 5217 τοῦ
274 5154 544 5230 Χριστοῦ,
574 5151 796 5226 Χριστῷ
824 5150 1204 5221 πολεμοῦντες·
1248 5151 1370 5203 ἐπε)⁸
1409 5151 1516 5221 γὰρ
1556 5151 1749 5222 ητόνη-

147 5272 242 5308 σεν
273 5254 310 5323 ἡ
349 5248 589 5320 πονηρία
617 5246 878 5317 πολεμεῖν
905 5244 1042 5316 πρὸς
1069 5241 1222 5309 Θεὸν,
1250 5242 1516 5313 κέχρηται
1542 5242 1618 5312 τῷ
1640 5242 1750 5295 ὀνό-

148 5361 310 5415 ματι,
337 5342 427 5395 ἵνα
445 5343 510 5411 τῇ
538 5339 730 5409 χρήσει
755 5335 850 5390 τοῦ
880 5335 1143 5407 ὀνόματος
1177 5335 1353 5404 οἴησιν
1397 5334 1748 5404 ἐμποιήσασα

145 5436 262 5494 τοῖς
291 5431 547 5500 ἄφροσιν,
578 5428 654 5492 ὼς
679 5427 856 5480 οίκεία
880 5424 975 5478 τοῦ
1002 5421 1241 5496 Χριστοῦ
1262 5462 1277 5487 ,
1311 5415 1414 5474 ὦδε
1458 5423 1636 5486 κάκεῖ,
1671 5420 1747 5486 ὡς

148 5523 434 5591 βούλεται,
462 5519 771 5590 λυμάνηται
796 5518 921 5581 τοὺς
936 5515 1014 5586 τῷ
1045 5514 1258 5586 ἃυτῆρι
1291 5512 1743 5576 πεπιστευκόταςο

145 5609 252 5669 ὧδε
289 5614 394 5680 μὲν
423 5610 775 5673 Οὐαλεντίνος
803 5608 1091 5681 προῆλθεν
1113 5601 1213 5663 ὧδε
1241 5606 1294 5660 δὲ
1321 5606 1602 5678 Μαρκίων·
1644 5599 1745 5660 ὦδε

261 5792 285 5828 ³
328 5792 528 5848 Ezech.
565 5805 674 5856 rm,
705 5789 792 5845 52.

1858 5146 2074 5202 aliunde
2103 5161 2233 5202 vero
2263 5147 2428 5202 etiam
2471 5146 2729 5203 Phanius.
2774 5147 3054 5203 Postrema
3089 5147 3299 5202 abortio
3333 5149 3436 5202 im-

1857 5240 2185 5306 probitatis,
2219 5254 2342 5309 quaz
2371 5255 2560 5296 omnes
2593 5241 2822 5295 aliorum
2868 5241 3245 5310 improbitates
3283 5253 3437 5298 exte-

1858 5333 2044 5386 nuavit
2071 5341 2122 5386 et
2161 5332 2365 5401 majore
2407 5332 2753 5402 improbitate
2785 5333 3014 5387 aliorum
3063 5334 3437 5404 improbitates

1857 5426 1909 5479 in
1947 5427 2196 5480 secundis
2234 5424 2410 5496 pesuil
2435 5468 2450 5492 ,
2481 5425 2634 5479 furor
2667 5425 2947 5481 Manicbaai
2976 5435 3102 5492 est;
3136 5436 3190 5481 et
3218 5429 3269 5481 in
3307 5443 3432 5496 pro-

1856 5518 2035 5586 phetis
2080 5519 2340 5589 scriptum
2387 5529 2469 5574 est
2499 5537 2512 5574 :
2551 5517 2777 5588 Propter
2811 5520 3028 5574 nimiam
3063 5519 3436 5590 negligentiam

1858 5609 2188 5666 Hierusalem
2215 5657 2228 5679 τ
2266 5612 2560 5683 justi/Scala
2608 5623 2682 5668 est
2728 5629 2790 5668 ex
2825 5623 2872 5668 te
2919 5612 3148 5668 Sodoma
3181 5613 3222 5668 '.
3257 5611 3437 5667 Μυιιω
