3858 6354
174 287 282 344 9(5

1100 283 1158 338 S.
1202 280 1609 341 SERAPiONlS
1642 279 1846 337 LIBER
1880 279 2039 336 ΜΝ.
2077 279 2522 336 ΜΛΝΙΩΗΛΞΟΞ.

3336 284 3443 342 906

170 423 257 461 σιν
293 402 706 474 τῶνσωμάτων
737 399 1118 472 ἀποδέχεσθαι·
1147 399 1267 466 πῶς
1296 400 1397 455 οὐκ
1433 400 1634 464 ἄτοπος
1670 401 1766 455 καὶ
1796 406 1827 463 Α

1885 403 2127 457 :onclave
2152 401 2404 466 Domini,
2438 409 2498 456 ut
2527 397 2691 455 Pater
2726 406 2783 454 et
2810 398 2980 456 Filius
3004 399 3072 458 ad
3094 402 3443 469 «perdant,

169 493 383 563 γελοῖος
404 491 631 546 ἐκείνων
654 491 683 544 ὁ
703 488 861 559 λόγος
878 510 893 561 ;

1870 500 1923 545 et
1954 492 2007 545 in
2037 491 2120 548 eis
2154 492 2403 548 habitare
2430 490 2597 546 velint
2623 490 2679 553 ⁵,
2710 493 2980 561 quomodo
3003 508 3111 550 non
3143 502 3225 552 est
3251 493 3441 550 absur-

1868 582 1993 636 duiu
2024 591 2081 638 et
2117 582 2403 639 ridiculum
2441 582 2586 654 quod
2622 581 2814 638 aiunt?

1229 665 1359 722 Car.
1399 665 1486 720 Vi.
1519 664 1683 735 quue
1703 683 1768 721 ea:
1791 668 2082 738 Scripturis
2104 674 2383 742 probatur.

246 759 394 834 ξιδυῡ
428 758 540 831 γὰρ
591 759 721 813 ὅταν
760 758 860 829 μὲν
905 756 1115 820 Παῦλος
1160 757 1238 826 πῆ
1296 757 1395 828 μὲν
1434 757 1602 825 λέγει·
1643 760 1766 812 οὐκ

173 851 381 906 οἴδατε
414 850 506 904 ὅτι
552 850 626 904 τὰ
668 848 914 920 σώματα
957 847 1125 918 ὑμῶν
1160 846 1309 913 ναὸς
1353 847 1459 901 τοῦ
1512 848 1583 901 ἐν
1624 848 1769 917 ὑμῖν

173 946 353 1015 ἁγίου
393 943 742 1012 Πνεύματός
772 942 944 996 ἐστιν
967 958 986 1006 ;
1017 942 1045 994 ὁ
1072 941 1130 994 δὲ
1164 939 1296 1003 Θεὸς
1321 940 1409 993 διὰ
1437 940 1530 993 τοῦ
1556 943 1769 1012 προφή-
1793 950 1830 994 ‘2‘

174 1053 268 1090 του
295 1034 708 1105 ἐπαγγέλληται
736 1051 749 1064 ·
782 1032 1111 1102 Ἐνοικήσω
1128 1032 1439 1099 ἐναύτοῖς,
1469 1031 1569 1085 καί
1589 1032 1766 1102 ἐμπε-

172 1126 515 1197 praestricto,
551 1126 650 1179 καὶ
677 1125 891 1194 ἔσομαι
912 1121 1115 1179 αὐτῶν
1145 1124 1307 1190 Θεός·
1335 1123 1429 1177 καὶ
1459 1122 1635 1176 πείθει
1667 1123 1767 1195 τὴν

175 1219 444 1281 διάνοιαν,
482 1217 577 1271 καὶ
603 1219 715 1280 τοῖς
743 1215 957 1287 σώμασι
991 1216 1259 1286 μαρτυρεῖ
1279 1229 1293 1246 ο
1343 1214 1438 1267 καὶ
1465 1214 1526 1268 τὸ
1557 1213 1655 1284 μὲν
1679 1214 1771 1266 οὑ-

180 1310 380 1372 σιῶδες
406 1307 623 1375 ἐξωθεῖ,
648 1310 713 1378 τῇ
745 1307 802 1360 δὲ
828 1306 1025 1378 μελέτῃ
1064 1305 1127 1358 τὸ
1156 1306 1387 1376 πρᾶγμα
1426 1304 1767 1358 ἀποδίδωσιν

1939 762 2078 820 Ecce
2111 766 2257 819 enim
2291 763 2492 820 Paulus
2548 765 2747 821 alicubi
2795 768 2912 821 ait:
2953 768 3031 821 An
3063 768 3277 823 nescitis
3304 768 3445 832 quod

1867 868 2085 922 corpora
2111 866 2279 908 vestra
2306 855 2555 926 templum
2577 857 2679 910 sint
2703 857 2933 926 Spiritus
2959 858 3126 911 sancti
3157 856 3443 912 habitantis

1868 944 1924 998 in
1971 944 2179 999 vobis‘?
2222 947 2365 1001 Deus
2410 954 2590 1001 autem
2638 962 2737 1016 per
2779 949 3095 1018 prophetam
3141 949 3438 1020 promittit,

1870 1035 2123 1105 inquiens
2152 1054 2166 1091 :
2198 1036 2457 1091 Habitabo
2480 1039 2535 1093 in
2557 1038 2722 1103 eis.“
2749 1037 3107 1107 inambulabo,
3127 1049 3175 1094 et
3195 1056 3284 1095 ero
3313 1040 3448 1109 ipso-

1868 1114 1985 1181 i-um
2015 1127 2152 1184 Deus
2175 1129 2217 1183 ⁸.
2251 1128 2374 1185 Haec
2402 1128 2686 1199 Scriptura
2717 1138 2771 1185 et
2802 1131 2965 1186 menti
2995 1131 3209 1197 suadet,
3238 1140 3295 1186 et
3320 1147 3446 1187 eor-

1870 1220 2090 1289 pnrilms
2122 1230 2430 1286 attestatur,
2472 1231 2527 1276 et
2554 1221 2906 1276 substantiale
2951 1220 3150 1276 malum
3191 1221 3443 1291 expellit;

1870 1313 2107 1367 studium
2132 1328 2259 1369 vero
2282 1313 2512 1370 actionis
2538 1327 2650 1369 rem
2673 1313 2866 1369 emeit:
2895 1329 3016 1370 cum
3040 1315 3181 1369 enim
3204 1314 3447 1369 idoneam

176 1400 307 1454 ὃταν
334 1398 449 1470 γὰρ
484 1399 517 1469 ἡ
548 1397 748 1469 μελέτη
780 1396 841 1448 τὸ
870 1395 1177 1467 ἐπιτήδειον
1212 1394 1311 1465 τῆς
1342 1394 1613 1457 πολιτείας
1638 1394 1773 1447 ἀπο·
1799 1407 1827 1441 tt

1885 1403 2036 1458 vitam
2051 1413 2296 1476 etaptam
2324 1405 2515 1469 reddit,
2542 1414 2671 1461 tunc
2694 1407 2816 1462 talis
2837 1403 3033 1462 fabrica
3056 1408 3107 1462 in
3129 1407 3450 1478 corporibus

176 1490 275 1563 δῷ,
310 1489 437 1544 τότε
464 1491 499 1560 ἡ
520 1488 742 1560 τοιαύτη
763 1486 1073 1558 κατασκευὴ
1104 1488 1163 1540 ὲν
1193 1488 1307 1551 τοῖς
1341 1484 1588 1557 σώμασιν
1638 1485 1774 1539 am.

1875 1494 2134 1561 redditur,
2161 1504 2219 1548 ut
2235 1495 2682 1567 possintcorpora
2701 1497 2923 1567 Spiritui
2940 1506 3129 1553 sancto
3154 1497 3447 1559 deservire,

177 1582 431 1646 δέδοται,
474 1566 555 1645 ὡς
592 1580 851 1635 δύνασθαι
885 1581 979 1643 καὶ
1015 1579 1088 1632 τὰ
1125 1578 1353 1650 σώματα
1380 1578 1671 1650 ὑπηρετεῖν
1703 1575 1781 1647 τῷ
1812 1604 1827 1657 ι

1885 1583 2155 1640 deservire
2175 1584 2306 1640 item
2340 1566 2565 1641 rationi.
2579 1566 2856 1653 Quomodo
2874 1587 3036 1657 igitur
3065 1595 3240 1658 potest
3266 1586 3450 1657 lingua

180 1677 494 1748 Πνεῦματις,
520 1675 812 1745 ὑπηρετεῖν
836 1672 891 1725 δὲ
924 1671 1018 1727 καὶ
1047 1669 1125 1743 τῷ
1152 1670 1315 1742 λόγῳ.
1351 1670 1473 1734 Πῶς
1495 1665 1588 1723 οὖν
1613 1667 1776 1723 δύνα-

1880 1676 2134 1747 cogitatis
2165 1675 2471 1732 inservire?
2494 1675 2551 1731 Si
2587 1677 2734 1732 enim
2780 1677 2960 1745 lingua
2994 1675 3134 1731 mala
3160 1686 3266 1742 est,
3302 1689 3455 1730 mens

178 1788 273 1823 ται
305 1771 343 1840 ἡ
372 1766 594 1836 γλῶσσα
631 1766 924 1839 ὑπηρετεῖν
948 1766 1055 1827 τοῖς
1093 1761 1457 1833 νενοημένοιςς
1491 1761 1553 1813 Εἰ
1574 1759 1683 1831 γὰρ
1709 1760 1776 1830 τῇ

1885 1776 2060 1822 autem
2087 1768 2250 1835 bona,
2292 1769 2560 1839 quomodo
2592 1778 2769 1839 potest
2796 1769 3110 1826 societatem
3140 1782 3263 1824 cum
3307 1769 3456 1837 cogi-

179 1862 346 1933 οὐσία
368 1861 445 1933 (4)
478 1862 513 1931 ἡ
549 1858 771 1930 γλῶσσα
798 1856 965 1928 κακὴ,
996 1854 1197 1925 ἀγαθὸς
1219 1855 1275 1907 δὲ
1300 1856 1330 1908 ὁ
1363 1852 1509 1917 νοῦς,
1541 1853 1658 1916 πῶς
1687 1850 1779 1904 δύ-
1806 1864 1817 1890 ι

1885 1859 2012 1914 tatis
2066 1859 2302 1926 habere,
2358 1861 2606 1915 notiones
2666 1861 2720 1915 iu
2774 1860 2950 1916 lucem
3017 1859 3459 1931 interpretatione

183 1971 347 2009 ναται
383 1953 665 2008 κοινωνεῖν
691 1952 802 2015 τοῖς
830 1947 1204 2021 ἀκροωμένοις
1235 1948 1316 2011 εἰς
1348 1946 1465 2016 φῶς
1484 1945 1553 2000 τὰ
1585 1945 1778 2016 νοήμα-

1885 1951 2214 2022 prol‘ereus?
2270 1951 2425 2008 Sicut
2468 1951 2614 2008 enim
2667 1968 2734 2007 ex
2780 1952 3017 2008 libidine
3060 1968 3168 2008 non
3223 1948 3458 2022 gignitur

180 2065 251 2102 τα
273 2046 369 2101 διὰ
389 2046 492 2116 τῆς
516 2043 814 2117 ἑρμηνείας
839 2042 1246 2112 προεξάγουσα;
1286 2039 1374 2103 Ὠς
1399 2037 1508 2110 γὰρ
1550 2039 1617 2092 ὲκ
1645 2054 1780 2109 πορ-

1885 2046 2267 2115 temperantia,
2302 2046 2385 2102 sic
2410 2045 2527 2101 ﬁeri
2562 2062 2667 2101 non
2693 2054 2869 2116 potest
2902 2053 2962 2101 ut
2987 2061 3053 2101 ex
3086 2046 3231 2100 malo
3257 2059 3458 2101 secun—

182 2140 339 2204 νείας
368 2140 435 2194 οὐ
461 2139 715 2206 γεννᾶται
748 2132 1094 2206 σωφροσύνη,
1116 2132 1289 2197 οὕτως
1307 2132 1406 2202 οὐχ
1425 2125 1536 2184 οἷόν
1556 2130 1616 2183 τέ
1635 2130 1782 2184 ἐστιν

1885 2137 2010 2190 dum
2056 2135 2417 2191 substantiam
2469 2135 2674 2205 aliquid
2726 2137 3012 2192 honestum
3061 2135 3452 2205 proﬁciscatur.

181 2233 298 2288 ἀπὸ
330 2230 427 2287 τοῦ
458 2229 748 2293 οὑσιὼδους
772 2226 941 2283 κακοῦ
972 2225 1193 2297 γνήσιόν
1225 2243 1277 2279 τι
1310 2222 1613 2298 προελθεῖν·
1655 2223 1783 2277 ὅταν

1885 2225 2017 2283 Cutn
2057 2227 2222 2298 igitur
2267 2228 2479 2300 singula
2516 2226 2759 2283 membra
2809 2226 3269 2294 consideraveris,
3302 2225 3461 2281 audi-

183 2323 281 2380 οὖν
313 2325 550 2378 ἕκαστον
581 2321 690 2376 τῶν
728 2319 903 2393 μελῶν
941 2318 1278 2391 ἐπισκέπτῃ,
1313 2317 1413 2388 τὴν
1452 2315 1641 2389 ἀκοὴν,
1683 2316 1784 2381 τὰς
1804 2331 1827 2364 1

1889 2326 2022 2383 tum,
2054 2327 2351 2388 aspectum,
2383 2319 2619 2390 linguam
2647 2360 2664 2386 ,
2699 2319 2802 2375 alia
2853 2318 3120 2386 membra,
3155 2328 3212 2376 et
3260 2319 3462 2376 videris

183 2416 367 2486 ἀίεις,
396 2415 500 2488 τὴν
531 2413 802 2483 γλῶτταν,
856 2412 925 2466 τὰ
965 2410 1101 2465 ἄλλα
1157 2409 1315 2481 μέλη,
1352 2408 1445 2462 καὶ
1486 2408 1601 2481 ἴδῃς
1643 2407 1785 2463 αὐτὰ

1887 2407 2027 2464 facta
2051 2423 2173 2466 esse
2195 2410 2551 2467 instrumenta
2580 2421 2990 2482 praceptorum,
3014 2427 3134 2482 qua:
3154 2410 3460 2478 didicimus,

182 2509 405 2580 ὄργανα
437 2506 546 2561 τῶν
578 2504 916 2577 μαθημάτων
942 2500 1397 2573 γιγνόμενα,τότε
1423 2501 1485 2554 τὸ
1515 2500 1611 2570 μὲν
1630 2501 1787 2571 σῶμα

1891 2511 2017 2559 tunc
2049 2518 2245 2573 corpus
2286 2505 2503 2574 quidem
2542 2504 2815 2570 laudabis,
2867 2513 3063 2561 etnon
3107 2503 3460 2575 vituperabis,

184 2600 456 2672 ἀποδέξῃ.
483 2598 580 2653 καὶ
609 2598 671 2651 οὐ
702 2596 912 2669 μέμψῃ,
943 2593 1038 2648 καὶ
1071 2593 1192 2662 ὄψει
1222 2591 1361 2656 αὐτὰ
1384 2594 1660 2664 ποιήματα
1688 2608 1787 2647 κα·

1890 2596 2207 2668 videbisque
2256 2597 2395 2653 facta
2443 2598 2559 2669 ipsa
2599 2612 2721 2655 esse
2767 2612 2899 2669 pura
2946 2613 3014 2653 ac
3045 2596 3275 2664 munda;
3305 2609 3463 2652 exse—

186 2693 339 2755 θαρᾶ
356 2708 370 2722 ⁸
395 2689 624 2763 βδελύξῃ
657 2688 715 2743 δὲ
735 2689 826 2743 τὸν
845 2685 1135 2743 ἀπατεῶνα
1157 2685 1259 2755 τῆς
1285 2680 1544 2756 ἀληθείας
1569 2684 1783 2756 ἐχθρόν.

1888 2686 2134 2743 craberis
2169 2692 2350 2742 autem
2379 2686 2781 2743 fraudulentum
2809 2685 3054 2743 veritatis
3088 2686 3396 2745 inimicum.

901 2799 1030 2855 Car.
1058 2796 1164 2855 VII.
1207 2795 1544 2851 Manichat‘ca
1577 2798 1830 2851 sententia
1857 2799 1921 2853 de
1938 2814 2183 2870 corpore,
2209 2801 2486 2871 nugatoria
2507 2812 2555 2855 et
2585 2805 2759 2871 fatua.

260 2916 331 2971 El
361 2913 423 2970 δὲ
465 2912 582 2967 ἔνια
621 2912 721 2983 μὲν
740 2910 848 2965 τῶν
877 2909 1145 2982 σωμάτων
1178 2909 1264 2964 ἀεὶ
1289 2908 1605 2981 ἐσωφρόνει,
1630 2907 1783 2962 οὐδέο
1814 2916 1827 2948 ἲ

1885 2895 1891 2906 ’
1963 2911 2120 2980 Quod
2178 2912 2226 2970 si
2283 2929 2405 2985 quae
2464 2923 2647 2985 partes
2709 2914 2957 2986 corporis
3007 2928 3224 2985 semper
3285 2919 3470 2970 essent

190 3024 327 3061 ποτε
364 3000 829 3077 ἐρρᾳθυμηκὸτα,
871 3001 989 3055 ἔνια
1033 3000 1089 3054 δὲ
1128 3000 1215 3053 ἀεὶ
1260 2998 1586 3072 ἐρρᾳθύμει,
1631 2999 1787 3053 οὐδὲν

1895 3011 2283 3075 temperantes,
2331 3021 2605 3077 nunquam
2636 3006 2691 3061 in
2738 3006 2988 3078 pigritia;
3023 3006 3143 3062 alia:
3174 3020 3302 3062 vero
3325 3018 3470 3061 sem-

193 3100 388 3172 μόριον
440 3093 793 3168 σωρροσύνης
834 3094 1232 3172 ἀσπασάμεναο
1265 3089 1333 3163 ἦν
1375 3093 1571 3158 εἰπεῖν,
1612 3091 1693 3144 ὅτι
1727 3091 1786 3145 ὲν
1814 3154 1827 3172 Δ

1893 3107 1988 3163 per
2016 3094 2314 3166 pigrantes,
2348 3096 2552 3150 nullam
2600 3104 2808 3166 partem
2853 3097 3222 3166 temperantiae
3260 3093 3469 3166 ample-

188 3150 582 3259 ξέῖξάδμαὲὶ
625 3150 913 3257 γεγένηται
969 3150 1251 3257 μερισμὸς,
1288 3150 1396 3237 ’καὶ
1427 3183 1541 3237 ἔνια
1558 3150 1669 3255 ’μὲν
1693 3181 1785 3236 οὕ-
1813 3154 1827 3207 ί

1890 3150 2102 3242 ctente;
2116 3203 2131 3240 :
2165 3188 2269 3242 dici
2307 3192 2509 3257 posset,
2542 3150 2865 3243 di'visionem
2889 3150 3011 3245 esse
3041 3187 3095 3244 in
3123 3150 3465 3258 corporibus,

190 3298 283 3335 πω
332 3279 437 3352 (5),
466 3279 585 3333 ἔνια
628 3279 685 3332 δὲ
724 3278 867 3332 οὕτω
914 3278 1146 3347 πέφυκεο
1197 3277 1290 3331 καὶ
1332 3275 1550 3347 ἠσθένει
1595 3275 1693 3347 μὲν
1725 3276 1784 3329 ὲν

1887 3285 1941 3331 et
1972 3288 2155 3346 partes
2184 3279 2447 3347 quasdam
2479 3279 2559 3335 sic
2585 3288 2780 3334 natura
2812 3277 2987 3334 factas
3024 3294 3165 3346 esse,
3207 3278 3467 3349 quasdam

188 3373 375 3445 τούτῳ
421 3374 452 3427 ὀ
489 3372 647 3440 λόγος
679 3366 893 3425 αὐτῶνλ
927 3368 1113 3422 οὐκέτι
1136 3368 1247 3442 γὰρ
1291 3367 1413 3422 καθ’
1445 3368 1581 3422 ὅλων
1608 3366 1789 3438 σωμάο
1820 3402 1827 3420 -.

1890 3382 2019 3423 vero
2050 3367 2229 3439 aliter,
2277 3379 2527 3439 essetque
2577 3370 2628 3424 in
2661 3370 2767 3426 hoc
2807 3370 2951 3425 ratio
2987 3384 3176 3426 eorum
3212 3370 3422 3425 inﬁrma
3452 3388 3467 3425 :

189 3483 305 3520 των
330 3464 585 3534 ἐγίγνετο
613 3464 794 3526 αὐτοῖς
826 3464 854 3515 ὁ
876 3461 1033 3530 λόγος
1056 3500 1071 3524 ,
1107 3461 1220 3531 ετγε
1261 3460 1487 3534 τοιαύτῃ
1529 3458 1788 3514 ὑποθέσει

1891 3474 1995 3513 nun
2028 3458 2172 3514 enim
2213 3459 2326 3536 jam
2352 3460 2421 3516 de
2460 3462 2586 3516 totis
2617 3463 2936 3532 corporibus
2962 3476 3148 3517 eorum
3177 3460 3471 3532 disputatio

192 3557 467 3631 ἐχρῶντο.
496 3555 638 3608 Ἀλλ’
660 3553 869 3622 ἐγίνετο
893 3553 1052 3607 πάλιν
1091 3551 1313 3616 εὔκολος
1352 3554 1381 3606 ὁ
1429 3552 1649 3622 ἔλεγχος
1667 3591 1682 3615 ,
1706 3550 1789 3604 ὅτι

192 3650 331 3714 Πῶς
356 3643 474 3703 οἷόν
500 3665 560 3700 τε
578 3643 646 3720 ἦν
671 3646 780 3699 τῶν
804 3647 1071 3717 σωμάτων
1099 3645 1198 3716 τὴν
1225 3644 1393 3715 αὐτὴν
1429 3643 1660 3714 ἐχόντων
1695 3642 1789 3696 οὐ-

195 3743 346 3805 ςιὶαν⁹
376 3738 474 3794 δύο
507 3737 697 3809 φύσεις
722 3736 970 3800 ἐναντίας
1000 3734 1108 3789 ἀπὸ
1139 3735 1239 3805 τῆς
1267 3733 1438 3805 αὐτῆς
1459 3731 1644 3797 οὐσίας
1661 3733 1789 3786 ὑπο-

197 3835 421 3906 στῆναι,
457 3832 550 3885 καὶ
570 3830 670 3901 τὴν
697 3826 863 3899 αὐτὴν
882 3827 1069 3881 οὐσίαν
1097 3825 1432 3898 διαιρεθῆναι
1475 3827 1554 3890 είς
1604 3824 1793 3893 φύσεις

196 3926 317 3988 δύο,
351 3923 443 3977 ῐνα
469 3921 530 3975 τὸ
569 3921 666 3992 μὲν
701 3919 757 3973 ἓν
799 3919 964 3991 μέρος
996 3918 1082 3973 ἀεὶ
1106 3918 1292 3978 κακὸν.
1331 3917 1391 3971 τὺ
1413 3917 1470 3970 δὲ
1497 3915 1681 3989 ἕτερον
1706 3916 1794 3970 ἀεὶ

201 4015 396 4080 καλὸν,
446 4013 541 4067 καὶ
578 4013 666 4065 ἵνα
698 4010 907 4065 ἑαυτῶν
946 4009 1270 4064 ἀνεπίδεκτα
1364 4009 1575 4072 ἑαυτοῖς
1625 4006 1796 4079 μαχό-

1892 3544 2060 3610 esset.
2097 3551 2141 3605 si
2176 3550 2266 3605 tali
2302 3551 2585 3622 hypotbesi
2616 3561 2914 3607 uterentur.
2947 3549 3056 3608 Sed
3094 3550 3253 3607 facile
3281 3564 3471 3608 rursus

1896 3644 1976 3699 sic
2019 3643 2421 3714 redarguuntur
2455 3664 2470 3698 :
2523 3642 2804 3712 Quomodo
2838 3644 2981 3700 enim
3020 3653 3246 3715 possunt
3280 3656 3474 3715 corpo-

1896 3750 2013 3790 rum
2048 3734 2290 3804 ejusdem
2335 3737 2675 3802 substantiae,
2712 3736 2830 3793 duae
2857 3736 3147 3792 contraria:
3174 3745 3379 3792 natura:
3403 3736 3474 3792 ab

1850 3828 2082 3883 “eadem
2127 3828 2429 3885 substantia
2472 3830 2790 3895 subsistere,
2828 3828 3128 3900 eademque
3175 3826 3475 3884 substantia

1896 3918 1951 3974 in
2005 3922 2230 3976 naturas
2268 3922 2402 3977 duas
2449 3921 2651 3987 dividi,
2700 3929 2759 3977 ut
2804 3921 2923 3977 hac
2972 3935 3095 3991 pars
3145 3918 3216 3976 sit
3262 3933 3476 3990 semper

1899 4009 2058 4076 mala,
2096 4010 2265 4066 altera
2295 4027 2422 4069 vero
2455 4026 2672 4084 semper
2716 4013 2887 4077 bona;
2929 4022 2984 4069 et
3030 4020 3091 4067 ut
3122 4025 3182 4068 se
3230 4008 3475 4080 recipere

203 4124 349 4179 μενα
371 4147 388 4171 ,
432 4102 604 4158 ἑαυτὰ
647 4101 994 4174 ἀναιροῦντα,
1039 4104 1095 4155 ὲν
1122 4104 1243 4164 ταῖς
1267 4099 1594 4171 γυμνασίαις
1629 4099 1800 4153 ἑαυτὰ

1899 4115 2003 4155 non
2031 4101 2267 4171 possint,
2298 4118 2482 4158 secum
2513 4111 2771 4175 pugnent,
2805 4116 2835 4157 a
2876 4117 2936 4159 se
2962 4101 3252 4168 intereant,
3290 4100 3346 4156 in
3374 4113 3475 4155 usu

201 4197 685 4269 ἒνδιαῴθείροντα,
729 4194 831 4264 τῆς
881 4194 1049 4265 αὐτῆς
1088 4192 1279 4259 οὐσίας
1328 4192 1582 4246 οὐδέποτε
1631 4193 1797 4264 ἑαυτῇ

1900 4201 2067 4260 atque
2117 4193 2509 4250 exercitatione
2562 4209 2623 4251 se
2688 4193 3034 4259 interimant,
3096 4208 3218 4247 cum
3273 4188 3478 4260 alioqui

204 4286 534 4363 μαχομένης
565 4286 662 4339 κα)⁵
708 4284 906 4357 ἑαυτὴν
937 4282 1297 4355 ἀναιρούσης;
1333 4282 1443 4336 Καὶ
1480 4281 1590 4335 τῶν
1625 4282 1827 4336 τοιού-ι

1899 4280 2202 4335 substantia
2255 4297 2529 4352 nunquam
2575 4296 2760 4339 secum
2815 4291 3036 4353 pugnet,
3081 4284 3245 4350 seque
3288 4278 3480 4336 tollat!

201 4398 317 4434 των
350 4378 636 4449 ζητήσεων
662 4374 981 4447 γινομένων,
1004 4373 1165 4439 ὕθλος
1185 4372 1280 4427 καὶ
1303 4374 1486 4445 μωρία
1507 4372 1670 4427 πάλιν
1695 4389 1799 4443 φα-

201 4460 439 4542 νήσεται
467 4466 648 4521 αὐτῶν
680 4467 713 4538 ἡ
744 4465 1023 4537 πρότασις.

1902 4369 1959 4424 Si
1988 4371 2114 4426 talia
2152 4370 2512 4441 inquirantur,
2559 4388 2745 4430 rursus
2773 4373 3016 4443 ipsorum
3051 4371 3280 4442 quaestio
3308 4384 3481 4442 nuga-

1905 4460 2042 4527 toria
2074 4471 2128 4516 et
2155 4461 2304 4517 fatua
2350 4464 2648 4534 apparebit.

1122 4555 1251 4635 cap.
1283 4554 1414 4612 Vili.
1448 4552 1597 4608 Idem
1626 4564 1987 4623 argumentum
2016 4554 2342 4624 persequitur
2366 4567 2571 4608 auctor.

277 4654 345 4708 El
370 4651 431 4706 δὲ
463 4648 536 4704 τὰ
557 4651 655 4721 μὲν
681 4648 908 4721 σώματα
929 4648 1029 4718 οὐχ
1049 4646 1219 4711 οὕτως
1260 4646 1429 4712 ἐστὶν,
1453 4644 1573 4699 οὐδὲ
1603 4642 1672 4699 τὰ
1707 4644 1805 4715 μὲν

1980 4643 2075 4699 Sin
2117 4658 2247 4699 vero
2284 4658 2394 4698 non
2423 4644 2501 4700 sic
2536 4651 2663 4700 sunt
2699 4658 2952 4716 corpora,
2986 4657 3086 4701 nec
3118 4643 3223 4698 alia
3259 4641 3479 4714 quidem

201 4748 297 4802 ἀεί
330 4747 450 4798 ἐστι
481 4742 755 4814 σώξρονα,
791 4740 861 4794 τὰ
889 4740 946 4794 δὲ
981 4741 1068 4794 ἀεὶ
1099 4740 1318 4812 ῥᾴθυμα
1342 4755 1359 4772 σ
1393 4736 1530 4792 ἀλλὰ
1555 4736 1673 4801 δέος
1700 4735 1799 4808 μὲν

1905 4749 2120 4805 semper
2159 4744 2285 4791 sunt
2316 4736 2368 4790 in
2393 4735 2595 4792 virtute
2637 4736 3028 4807 temperantiae,
3058 4735 3163 4790 alia
3186 4749 3315 4791 vero
3340 4746 3484 4790 sem-

204 4839 332 4892 ἔστι
354 4833 613 4907 περὶτῶν
637 4832 951 4905 σωφρόνων,
982 4832 1191 4903 μήποτε
1221 4829 1648 4905 ρᾳθυμήσωσι...
1679 4828 1827 4900 ἡρέυ

1885 4822 2003 4897 ’ρει-
2037 4827 2089 4882 in
2126 4827 2379 4899 pigritia;
2430 4829 2526 4884 sed
2575 4838 2752 4885 metus
2802 4837 2888 4884 est
2926 4828 2992 4884 de
3028 4825 3477 4896 temperantibus,

204 4932 301 5003 θη,
342 4928 440 4983 καὶ
472 4925 635 4981 πάθει
670 4924 964 4996 ἐπιθυμίας
1002 4922 1373 4995 συμπέποται.
1398 4921 1589 4986 Ἐλπὶς
1620 4920 1677 4974 δὲ
1704 4919 1800 4973 καὶ

1911 4937 1977 4977 ne
2007 4924 2225 4993 quando
2264 4929 2482 4992 propter
2512 4921 2891 4992 negligentiam
2923 4928 3227 4990 temperare
3264 4916 3481 4988 pigran-

204 5022 348 5094 περὶ
368 5019 481 5073 τῶν
499 5018 712 5087 λαγνὼν
750 5019 844 5072 καὶ
869 5016 1182 5072 ἀκολάστων
1205 5015 1496 5089 σωμάτων,
1538 5014 1659 5069 ἐπεὶ
1678 5013 1803 5067 πολ-

1912 5027 2039 5071 tur:
2074 5016 2239 5070 multa
2268 5017 2412 5072 enim
2453 5014 2563 5088 jam
2606 5028 2840 5086 corpora
2877 5014 2948 5070 ob
2988 5013 3244 5068 virtutem
3277 5020 3484 5079 tempe-

202 5116 282 5171 λὰ
329 5113 441 5166 τῶν
479 5111 582 5182 ήδη
619 5109 1050 5183 ρᾳθυμησάντων
1098 5111 1388 5180 σωμάτων,
1440 5106 1695 5161 τοσοῦτον
1726 5106 1804 5171 είς

1910 5105 2100 5161 τοιιιίεε
2132 5105 2300 5171 clara,
2331 5115 2488 5175 capta
2527 5115 2675 5170 sunt,
2725 5113 2780 5159 et
2819 5119 2883 5160 ea
2910 5112 3074 5158 aestus
3108 5100 3349 5156 libidinis
3381 5102 3480 5155 ab-

208 5204 580 5277 σωςρροσύνην
598 5202 943 5266 ἐπιδέδωκεν,
969 5201 1044 5264 ὼς
1072 5199 1205 5271 μηδὲ
1226 5202 1428 5272 σημεῖα
1446 5199 1547 5269 τῆς
1568 5197 1804 5262 παλαιᾶς

1907 5186 2134 5254 sorbuit.
2169 5197 2275 5252 Sed
2306 5212 2492 5253 rursus
2520 5211 2643 5268 spes
2674 5205 2758 5253 est
2788 5196 2856 5252 de
2886 5193 3173 5266 impudicis
3212 5202 3267 5249 et
3297 5192 3480 5248 libidi-

205 5294 519 5358 ἀκολασίας
541 5293 703 5364 ἔχειν,
735 5292 812 5357 ὡς
835 5291 923 5346 διὰ
956 5291 1234 5363 βελτίωσιν
1256 5289 1350 5344 καὶ
1370 5288 1607 5344 ἐπίδοσιν
1625 5288 1806 5342 πλείοο

1909 5290 2054 5344 nosis
2102 5290 2416 5360 corporibus
2459 5306 2473 5343 :
2518 5287 2787 5358 siquidem
2850 5286 3017 5341 multa
3079 5283 3190 5354 jam
3245 5299 3367 5356 quae
3424 5284 3479 5338 in

207 5407 308 5457 να,
337 5389 520 5459 πάσης
549 5386 760 5459 ρυτίδος
791 5384 886 5439 καὶ
920 5384 1109 5442 σπίλου
1138 5382 1232 5437 τοῦ
1266 5380 1496 5436 παλαιοῦ
1536 5374 1802 5435 ἀπολελύ-

1907 5380 2123 5451 pigritia
2172 5391 2228 5435 et
2280 5382 2488 5453 ignavia
2545 5381 2783 5446 fuerunt,
2838 5385 3021 5459 tantos
3065 5390 3380 5450 progressus
3410 5375 3503 5459 in'

289 5511 317 5542 ⁸
344 5508 503 5563 Joan.
553 5522 665 5573 xlv,
699 5505 788 5560 25.
865 5504 887 5536 ⁸
918 5503 934 5559 l
965 5502 1093 5560 Cor.
1124 5519 1182 5559 ιιι
1207 5547 1221 5571 ,
1264 5502 1349 5558 l6.
1425 5502 1447 5533 ⁸
1473 5499 1603 5557 Lev.
1639 5515 1798 5567 xxvr,

1885 5499 1937 5567 l;
1973 5500 2015 5556 ll
2057 5499 2185 5557 Cor.
2208 5486 2304 5567 ἰί,
2355 5501 2441 5557 16.

286 5621 372 5693 (ι)
416 5618 499 5693 Τῇ
525 5619 727 5693 οὐσίᾳ.
765 5614 888 5673 Haec
913 5631 1018 5671 non
1051 5615 1631 5693 expressitinterpres.

416 5676 570 5763 Le‘git
615 5676 927 5771 interpres:
983 5688 1078 5741 καὶ
1113 5676 1229 5771 ἔνια
1270 5686 1370 5759 μὲν
1411 5676 1576 5752 οὕτω,
1620 5681 1741 5767 νενια
1778 5682 1827 5737 δὲ

1893 5680 2036 5737 οὕτω
2066 5678 2296 5751 πέφυκε.
2339 5677 2494 5733 Enn.
2541 5676 2780 5732 lfATROL.

627 5770 905 5846 Pareas.
962 5782 1083 5845 Gtt.
1131 5770 1262 5846 XL.
1620 5766 1623 5767 ν
3102 5763 3179 5828 29
