3858 6332
404 271 511 326 907
1499 262 1774 320 PATHES
1809 262 2110 322 IEGYPTII
2151 263 2426 324 SECULI
2461 268 2556 325 IV.
3571 271 3670 329 9'8

405 382 736 441 continentia
769 379 1035 446 fecerunt,
1067 387 1125 431 ut
1158 390 1333 448 neque
1363 375 1516 446 signa
1558 377 1756 433 veteris
1799 377 1928 433 ineo:

2153 397 2208 431 αι
2230 397 2242 408 ο
2270 380 2396 434 ὅταν
2427 378 2520 435 οὖν
2561 381 2693 453 λέγῃ
2728 380 2788 434 τὸ
2823 381 3171 454 Εὐαγγέλιον,
3207 382 3288 436 ὅτι
3325 384 3388 436 Οἱ
3421 382 3671 439 τελῶναι

406 475 647 531 liuentia:
681 473 972 534 retineant,
1011 477 1064 525 et
1089 470 1157 523 ab
1196 466 1343 522 omni
1386 482 1516 536 ruga
1559 478 1612 522 et
1648 468 1860 523 macula
1892 484 1929 520 Vt

2152 470 2188 523 ri
2230 471 2290 523 al
2339 471 2553 538 πόρναι
2602 471 2978 541 προάγουσιν
3032 472 3190 543 ὑμᾶς
3221 476 3308 540 είς
3341 473 3459 542 τὴν
3496 474 3675 538 ,βασι-

407 576 524 622 tere
553 575 772 638 propter
799 561 1029 618 reditum
1079 558 1146 614 ad
1199 558 1478 613 meliorem
1533 559 1697 612 vitam
1752 559 1930 613 liberal

2155 563 2262 615 ’ίαν
2278 560 2396 616 τῶν
2410 563 2701 631 οὐρανῶν·
2723 565 2850 617 ὅταν
2871 564 3002 636 λέγῃ
3020 566 3252 630 Παῦλος·
3270 568 3479 620 Πίστει
3507 568 3678 622 Ῥαὰὸ

407 660 536 713 sint.
568 657 700 712 Cum
751 654 916 725 igitur
953 651 1029 706 ait
1067 649 1450 719 Evangelium,
1493 650 1659 719 quod,
1700 649 1930 703 Publica.

2159 656 2350 723 πόρνη
2375 657 2448 710 οὐ
2481 655 2877 711 συναπώλετο
2905 657 3032 724 τοῖς
3071 658 3442 725 ἀπειθήσασι
3465 675 3478 688 ·
3518 661 3674 722 ποίας

406 759 456 804 et
497 748 793 803 meretrices
835 743 1135 814 prrecedunt
1159 759 1247 796 vos
1283 741 1340 796 in
1383 757 1600 811 regnum
1628 741 1877 796 caelorum
1921 741 1929 771 τ

2152 746 2274 810 σίας
2310 743 2380 819 ἦν
2419 748 2492 801 τά
2536 747 2844 820 σώματα,ἢ
2877 748 3122 820 φύσεωςς
3162 751 3227 803 El
3277 751 3378 822 μὲν
3421 752 3532 820 γὰρ
3578 750 3673 817 τῆς

404 851 613 896 etcum
658 837 907 893 Paulus:
963 834 1095 889 Fide
1141 833 1322 889 Rahab
1374 833 1622 886 meretrix
1669 847 1773 885 non
1823 831 1927 900 peri

2147 837 2316 909 ἀθῆς,
2343 839 2460 902 πῶς
2487 839 2817 911 ὲρῤᾳθύμεις
2849 842 2911 894 Εἰ
2935 842 2992 894 δὲ
3020 841 3121 911 τῆς
3143 842 3372 912 φαύλης,
3397 842 3522 906 πῶς
3537 844 3670 895 ἐσω-

408 948 527 987 eum
571 927 857 985 incredulis
910 929 968 995 ⁶;
1029 927 1184 997 cuius
1247 926 1568 980 substantiae
1627 924 1710 979 vel
1768 932 1931 978 natur

2148 929 2392 999 >όνησεν;
2433 930 2496 982 Et
2521 929 2578 982 δὲ
2607 931 2672 983 ὲκ
2726 931 2998 1002 ῥᾳθυμίας
3028 934 3120 985 ἐπὶ
3160 933 3516 1004 σωφροσύνην
3551 951 3671 1004 μετ-

403 1032 561 1080 erant
586 1021 852 1092 corpora?
879 1017 934 1075 Si
965 1021 1108 1074 enim
1135 1019 1308 1083 bonae,
1342 1014 1612 1087 quomodo
1656 1013 1877 1070 luerunt
1906 1031 1926 1082 ι

2146 1037 2239 1090 τη.
2275 1021 2368 1074 καὶ
2397 1021 2529 1074 ποτὲ
2567 1022 2664 1092 μὲν
2687 1018 2755 1093 ἦν
2790 1023 3027 1095 ῥᾴθυμα,
3059 1026 3188 1078 ποτὲ
3214 1024 3270 1078 δὲ
3297 1027 3669 1097 ἐσωφρόνησε,

407 1117 538 1190 gra?
571 1115 625 1170 Si
655 1113 829 1177 malm,
850 1111 1124 1182 quomodo
1157 1107 1492 1180 temperata?
1519 1107 1576 1162 Si
1601 1121 1728 1162 vero
1756 1121 1786 1160 a
1817 1106 1930 1175 pigr

2146 1111 2183 1163 ιὶ
2207 1111 2450 1182 ἠδυνήθη
2483 1111 2767 1184 ῥᾳθυμεῖν,
2810 1113 2906 1167 καὶ
2935 1113 3174 1185 ἠδυνήθη
3222 1103 3546 1185 σωφρονεῖν,
3581 1117 3669 1167 καὶ

406 1208 478 1263 tia
526 1209 592 1261 ad
642 1203 1052 1273 temperantiam
1094 1201 1560 1265 translatasunt,
1605 1207 1659 1253 ct
1688 1197 1929 1267 aliquant

2144 1202 2458 1275 ιρτυροῦσιν
2486 1204 2542 1255 αἱ
2575 1203 2867 1273 μεταϐολαί
2886 1221 2900 1236 ο
2930 1204 3147 1259 λέλυται
3176 1207 3209 1276 ἡ
3237 1205 3421 1274 φύσις·
3446 1205 3602 1275 ὤφθη
3639 1208 3667 1274 ἡ

403 1299 617 1371 quidem
661 1295 875 1352 luerunt
907 1295 1078 1364 pigra,
1114 1292 1438 1362 quandoque
1468 1305 1598 1344 vero
1641 1297 1926 1358 temperata

2143 1295 2434 1367 >οαίρεσιςο
2467 1297 2562 1351 καὶ
2600 1298 2700 1350 οὐκ
2738 1297 2854 1349 ἐστι
2897 1297 2960 1350 τὸ
3002 1297 3160 1368 σῶμα
3193 1297 3452 1362 οὐσιῶδες
3481 1299 3666 1361 κακὸν,

404 1402 457 1448 et
488 1399 775 1462 potuerunt
825 1387 1048 1458 ptgrart,
1094 1394 1148 1440 et
1201 1393 1494 1453 potuerunt
1551 1391 1874 1451 temperare,
1924 1383 1927 1432 i

2144 1387 2284 1442 ἱλλον
2315 1388 2372 1442 δὲ
2408 1388 2713 1462 ὑπηρετοῦν
2737 1393 2804 1461 τῇ
2833 1390 3173 1462 προαιρέσει,
3202 1390 3297 1443 καὶ
3322 1389 3510 1444 δοῦλον
3536 1407 3667 1462 προ-

403 1484 544 1555 quod
601 1489 868 1538 testantur
934 1477 1302 1532 mutationes:
1351 1474 1524 1530 soluta
1585 1485 1670 1529 est
1737 1481 1926 1527 natura

2145 1478 2365 1549 ρέσεως,
2405 1480 2465 1534 ού
2497 1481 2711 1550 φύσεως
2745 1481 3022 1553 ὑπάρχον,
3060 1483 3156 1536 καὶ
3192 1480 3351 1535 τοῦτο
3388 1482 3665 1553 ἐσόμενον,

400 1584 615 1630 ostensa
656 1582 741 1628 est
790 1569 1004 1633 electio,
1044 1579 1099 1624 et
1145 1583 1248 1622 non
1300 1565 1394 1622 est
1423 1579 1622 1635 corpus
1675 1566 1923 1620 substant

1477 1579 1622 1635 rrpus
1675 1565 1975 1620 substantia
2077 1567 2269 1640 ὄπερή
2308 1569 2629 1642 προαίρεσις
2654 1569 3000 1624 ἀποδίδωσιν.

401 1669 637 1734 malum;
672 1664 800 1736 quin
839 1663 1020 1732 potius
1052 1659 1305 1716 electioni
1354 1659 1690 1723 deserviens,
1740 1665 1795 1712 et
1848 1655 2099 1712 minister
2135 1656 2437 1728 electionis,
2495 1669 2549 1716 et
2595 1675 2701 1716 non
2750 1670 2978 1726 naturae,
3025 1660 3185 1732 idque
3223 1661 3485 1727 futurum,
3527 1657 3665 1732 quod

399 1765 595 1821 electio
622 1760 827 1818 dederit
857 1769 914 1815 ut
942 1759 1037 1812 sit.

1425 1847 1556 1902 CAP.
1590 1844 1681 1900 IX.
1712 1844 1914 1914 Corpus
1948 1846 2183 1916 sequitur
2209 1851 2379 1897 motus
2405 1842 2618 1900 animle.

477 1949 610 2005 Cum
661 1948 804 2003 enim
852 1959 1040 2010 mens,
1081 1939 1384 2011 disciplinis
1427 1939 1738 2008 susceptis,
1784 1952 1970 1992 amore

2146 1937 2318 1990 Ὅταν
2355 1935 2462 2006 γάρ
2511 1933 2705 2007 γνώμη
2757 1934 3055 2007 μαθήματα
3115 1935 3532 2009 παραλαϐοῦσα,
3586 1941 3660 2003 εἰς

398 2037 800 2108 disciplinarum
837 2035 1006 2090 teneri
1049 2032 1250 2101 ccepit,
1285 2039 1411 2085 tunc
1449 2043 1709 2099 corpusa
1739 2028 1921 2083 motibt

2138 2045 2261 2082 ιωτα
2299 2026 2406 2081 τῶν
2457 2027 2797 2099 μαθημάτων
2823 2027 2973 2100 ἔλθῃ,
3010 2028 3129 2082 τότε
3157 2030 3252 2083 καὶ
3288 2031 3348 2083 τὸ
3374 2031 3533 2101 σῶμα
3553 2030 3661 2085 τῶν

397 2132 487 2204 qui
534 2130 764 2186 illiciunt
797 2138 852 2182 et
879 2132 1208 2198 provocant,
1255 2123 1492 2178 solutum
1536 2130 1590 2176 et
1617 2121 1920 2189 expeditum

2137 2118 2433 2184 μεθιστικῶν
2492 2118 2805 2190 κινημάτων
2873 2118 3273 2190 ἀπολελυμένον
3343 2121 3660 2177 εὐστάθειαν

338 2229 341 2232 ’
398 2221 846 2292 tranquillitatem
891 2217 1071 2288 magni
1100 2215 1262 2282 facit,
1295 2221 1350 2270 et
1383 2213 1514 2283 quin
1545 2212 1851 2267 actionibus

2135 2214 2243 2283 μᾷ,
2297 2213 2392 2265 καὶ
2435 2213 2500 2282 τῇ
2542 2211 2650 2278 τῶν
2685 2211 2935 2284 πράξεων
2979 2213 3253 2285 ὑπηρεσίᾳ
3284 2215 3346 2266 ού
3393 2215 3655 2284 μάχεται·

395 2315 641 2382 serviat,
675 2327 779 2368 non
817 2317 1096 2381 repugnat.
1131 2305 1266 2364 Cum
1301 2319 1430 2360 vero
1464 2303 1668 2358 desidia
1711 2313 1766 2358 et
1800 2301 1918 2356 moll

2138 2318 2202 2356 αν
2225 2301 2283 2355 δὲ
2306 2300 2673 2371 άμελετησίας
2704 2302 2798 2354 καὶ
2829 2302 3155 2372 χαυνότητος
3181 2303 3534 2376 ὲρεθιζούσης
3564 2307 3659 2378 τὴν

395 2409 498 2464 lies
527 2407 766 2462 animum
797 2403 975 2471 illicit,
1008 2410 1063 2457 et
1105 2408 1358 2468 tanquam
1399 2395 1682 2452 dissolutio
1706 2405 1761 2450 et
1803 2394 1918 2450 moll

2136 2391 2346 2455 άνοιαν,
2398 2385 2510 2444 οἷον
2557 2388 2774 2453 ἔκλυσις
2825 2389 2921 2442 καὶ
2969 2390 3236 2461 χαυνότης
3285 2393 3511 2462 γένηται
3565 2394 3659 2464 τῆς

395 2501 468 2556 tia
501 2498 694 2554 mentis
722 2495 936 2552 exsistit
963 2512 978 2563 ;
1011 2502 1141 2548 tunc
1181 2488 1518 2561 perturbatio
1549 2486 1761 2556 corpori
1799 2499 1918 2540 ascr

2135 2481 2320 2552 ιώμης,
2357 2480 2478 2534 τότε
2503 2480 2580 2551 τῷ
2612 2479 2824 2551 σώματι
2851 2480 2914 2534 τὸ
2947 2479 3116 2542 πάθος
3143 2482 3531 2554 ἐπιγράφεται,
3568 2487 3658 2539 καὶ

393 2577 576 2657 bitur,
607 2598 662 2645 et
702 2586 834 2643 nihil
882 2584 1030 2640 aliud
1064 2585 1212 2637 inter
1250 2591 1543 2647 utrumque
1591 2576 1914 2632 intermediu

2133 2573 2325 2626 ιίνεται
2386 2569 2630 2643 μεθόδιον
2683 2572 2965 2643 ἐκατέρου,
3022 2573 3172 2627 οὐδὲν
3223 2574 3408 2644 ἕτερον
3438 2575 3536 2628 δνο
3566 2578 3656 2630 καὶ

394 2631 530 2647 .m...
560 2631 576 2657 ,
608 2631 662 2645 ν.
882 2631 1030 2640 ..-.__

394 2681 676 2747 cernitur;
731 2689 922 2749 estque
951 2692 1137 2733 verum
1183 2673 1328 2744 quod
1372 2673 1636 2741 scriptum
1677 2679 1798 2725 est:
1835 2666 1917 2722 Εο

2134 2663 2273 2736 ,ηθές
2303 2631 2418 2718 ἐστι
2447 2663 2507 2718 τὸ
2532 2631 2962 2735 γεγραμμένον(
2985 2663 3140 2718 Ἰδοὺ
3189 2631 3375 2734 ganea
3401 2667 3657 2721 ἐνώπιόν

391 2775 545 2846 posui
577 2788 754 2829 coram
791 2781 838 2825 te
865 2782 1084 2823 mortem
1119 2779 1165 2822 et
1195 2769 1353 2821 vitam
1381 2782 1400 2831 ;
1449 2765 1580 2834 elige
1618 2763 1760 2833 quod
1806 2761 1914 2816 vis'

2128 2775 2190 2813 ου
2219 2755 2328 2811 τὸν
2357 2757 2617 2812 θάνατον
2646 2756 2746 2810 καὶ
2777 2756 2892 2824 τὴν
2917 2755 3088 2823 ζωήν·
3108 2755 3349 2822 ἐκλεξαι
3381 2757 3414 2811 ὃ
3440 2758 3651 2825 θέλεις·

393 2837 456 2922 ut
480 2865 624 2934 quod
645 2865 850 2932 justum
877 2872 960 2916 est
981 2900 996 2924 ,
1023 2862 1111 2927 qui
1138 2859 1362 2928 elegerit
1391 2859 1457 2911 ad
1488 2858 1782 2920 utendum,
1813 2855 1879 2908 de
1906 2872 1916 2905 ι

2130 2866 2162 2902 α
2196 2849 2296 2921 τὴν
2335 2849 2546 2921 αἵρεσιν
2595 2847 2773 2903 λαϐὼν
2808 2850 2836 2902 ὁ
2887 2850 3141 2920 πράττων
3165 2849 3399 2914 δικαίαν,
3425 2853 3523 2906 καὶ
3560 2853 3653 2924 τὴν

394 2956 536 3011 ratio
567 2956 619 3010 in
654 2955 858 3026 judicio
879 2954 947 3007 ab
971 2968 1036 3007 eo
1081 2960 1392 3020 reposcatur
1415 2965 1429 3014 ;
1451 2958 1505 3005 et
1527 2965 1631 3003 non
1655 2958 1876 3003 coactus
1903 2961 1917 3000 ε

2128 2940 2254 2994 >ίσιν
2280 2941 2602 3012 άπαιτῆται,
2637 2945 2732 2996 καὶ
2764 2941 2839 3013 μὴ
2865 2942 3005 3014 πρός
3034 2959 3090 2996 τι
3119 2940 3494 3013 βεϐιασμένος,
3518 2945 3651 2998 ἀπο-

394 3046 620 3117 aliquid,
639 3054 863 3100 excuset
881 3043 984 3098 vim
1012 3053 1064 3098 et
1089 3041 1464 3097 necessitatem
1493 3040 1545 3095 in
1574 3054 1638 3096 eo
1655 3038 1796 3108 quod
1823 3038 1917 3108 cgil

2129 3031 2256 3101 γίαν
2278 3033 2376 3105 τὴν
2412 3032 2530 3104 βίαν
2569 3035 2663 3088 καὶ
2708 3033 2806 3104 τὴν
2861 3033 3110 3107 ἀνάγκην
3155 3034 3262 3089 τῶν
3313 3037 3652 3107 πραγμάτων

391 3154 570 3210 neque
615 3139 695 3195 sic
738 3147 937 3202 natus,
986 3146 1139 3192 extra
1192 3133 1469 3204 querelam
1517 3141 1571 3188 et
1617 3131 1828 3200 culpam
1865 3129 1910 3184 si

2129 3139 2190 3197 ῃ,
2224 3124 2358 3198 μηδὲ
2384 3123 2529 3178 οὕτω
2571 3125 2830 3195 πεφυκὼς
2860 3127 3148 3197 ἄμεμπτος
3179 3130 3244 3199 τῇ
3285 3128 3445 3198 φύσει
3492 3131 3652 3200 μάχε-

389 3233 516 3305 quia
547 3241 751 3287 naturae
785 3242 1096 3300 repugnare
1121 3242 1225 3282 non
1259 3225 1454 3295 potuit.
1486 3223 1728 3294 Cumque
1760 3229 1912 3276 utruu

2128 3221 2196 3268 lat
2225 3215 2299 3286 μὴ
2327 3215 2645 3286 δυνάμενος
2674 3218 2771 3270 καὶ
2807 3217 2906 3288 τὴν
2939 3218 3149 3290 αἳρεσιν
3193 3219 3460 3290 ἑκατέρου
3494 3219 3651 3291 ἔχων,

388 3300 497 3392 que
527 3321 579 3376 in
614 3327 878 3390 potestate
914 3316 1146 3382 habeat,
1178 3326 1234 3370 et
1273 3316 1339 3369 ad
1369 3314 1674 3384 eligendum
1715 3311 1911 3366 domitu

2129 3307 2258 3379 ipto;
2289 3305 2365 3360 ὢν
2394 3309 2453 3362 ἐν
2497 3310 2616 3372 ταῖς
2647 3308 2981 3380 ὲπικρίσεσι,
3023 3309 3123 3381 τῆς
3161 3310 3370 3375 οἰκείας
3418 3312 3652 3384 κρίσεως

387 3413 460 3470 sit
479 3453 496 3480 ,
517 3411 702 3484 iudicii
729 3411 929 3482 pr’oprii
959 3410 1221 3465 rationem
1255 3408 1478 3469 reddat,
1500 3417 1550 3461 et
1579 3420 1638 3460 se
1665 3403 1910 3458 deleniat

2127 3408 2171 3464 ις
2208 3399 2444 3464 εὐθύνας
2475 3401 2569 3453 καὶ
2594 3401 2697 3464 τὰς
2725 3400 3020 3469 ἀπολογίας
3047 3403 3362 3475 άτταιτῆται⁸
3387 3405 3417 3458 ὃ
3444 3406 3554 3477 γὰρ
3579 3407 3650 3460 εί·

387 3507 530 3576 quod
554 3504 696 3561 enim
722 3503 916 3574 elegit,
942 3502 1130 3558 volens
1158 3499 1325 3572 elegit
1349 3521 1360 3554 :
1392 3499 1596 3554 idcirco
1625 3498 1689 3552 de
1713 3495 1910 3552 volunt:

2126 3509 2205 3558 το,
2242 3491 2383 3546 ἑκὼν
2413 3492 2606 3546 εἵλετο·
2641 3493 2737 3546 καὶ
2763 3493 2852 3547 διὰ
2888 3493 3046 3548 τοῦτο
3081 3496 3220 3568 ὺπέρ
3253 3514 3310 3550 τε
3348 3498 3458 3552 τῶν
3499 3501 3649 3553 ἑκου-

387 3598 469 3652 rio
498 3597 764 3668 judicium
799 3597 982 3660 subit,
1019 3594 1109 3664 qui
1147 3593 1427 3647 voluntate
1460 3604 1554 3644 sua
1592 3605 1652 3646 se
1687 3588 1752 3642 ad
1790 3587 1910 3643 actir

2123 3603 2198 3638 ων
2237 3585 2505 3654 κρίνεται,
2548 3584 2755 3656 αἱρέσει
2792 3584 2899 3656 ἰδίᾳ
2937 3588 3050 3649 τοῖς
3078 3588 3400 3659 πράγμασιν
3430 3590 3645 3644 ἐπιϐαλ-

385 3705 510 3747 nem
541 3703 718 3745 rerum
751 3687 1055 3757 applicavit.
1085 3685 1142 3739 Si
1176 3684 1291 3738 haec
1326 3697 1430 3737 non
1460 3682 1531 3736 ita
1559 3689 1680 3735 sunt
1711 3716 1726 3745 ,
1761 3679 1908 3731 trusu

2123 3691 2312 3746 ιμενος·
2337 3678 2385 3728 εἱ
2416 3675 2472 3729 δὲ
2502 3676 2577 3746 μή
2604 3693 2689 3744 γε,
2724 3676 2900 3748 μάτην
2917 3678 3010 3731 καὶ
3039 3679 3087 3731 ot
3118 3679 3261 3748 άγιοι
3288 3681 3646 3752 ἐστεφανοῦν-

384 3778 562 3836 sancti
618 3777 1062 3840 coronabuntur;
1116 3773 1316 3827 frustra
1373 3771 1499 3825 mali
1549 3769 1904 3825 cruciabuntu

2122 3782 2144 3815 ι’
2207 3766 2384 3840 μάτην
2429 3768 2523 3821 καὶ
2557 3769 2606 3822 ot
2649 3771 2812 3823 κακοὶ
2867 3770 3275 3841 ὲστρεδλοῦντο,
3327 3776 3376 3827 εί
3417 3775 3495 3846 μὴ
3541 3777 3645 3840 τοῖς

385 3872 431 3927 si
461 3868 695 3926 actionis
721 3882 882 3923 causa
914 3880 1019 3920 non
1050 3864 1342 3920 ascribitur
1368 3860 1716 3925 facientibus.

2064 3858 2397 3932 πράττουσιν
2431 3860 2466 3929 ὴ
2499 3859 2600 3930 τῆς
2619 3858 2870 3929 πράξεως
2901 3861 3051 3915 αἰτία
3071 3862 3434 3934 ἐπεγράφετο.

1266 3955 1395 4009 CAP.
1431 3951 1499 4007 Χ.
1534 3951 1823 4008 Μαιιὲοίιωί
1859 3952 1994 4008 male
2023 3954 2410 4007 ratiocinantur
2435 3951 2500 4006 de
2526 3968 2759 4020 corpore.

455 4053 596 4122 Quid
629 4052 792 4125 igitur
820 4049 1146 4108 Maniclneos
1172 4049 1342 4104 movit
1370 4049 1438 4103 ad
1467 4047 1812 4104 inferendum
1839 4061 1962 4104 cor-

2140 4046 2310 4101 Πόθεν
2347 4041 2439 4101 οὖν
2483 4049 2832 4120 κεκινημένοι
2875 4051 3166 4121 Μανιχαῖοι
3221 4051 3477 4119 διαϐολάς
3511 4057 3647 4112 κατὰ

384 4144 607 4218 poribus
650 4143 1023 4200 accusationes
1059 4151 1114 4197 et
1151 4141 1614 4213 vituperationes,
1657 4155 1794 4211 quos
1844 4149 1900 4196 tu

2121 4137 2174 4192 ὒν
2231 4138 2500 4209 σωμάτων
2536 4140 2935 4211 ὲπηνέγκαντο,
2971 4143 3036 4197 ὲκ
3081 4143 3192 4199 τῶν
3245 4149 3644 4219 γεγραμμένων

383 4251 504 4307 qua:
536 4234 736 4304 scripta
765 4241 929 4298 sunt,
961 4241 1073 4287 tum
1105 4245 1225 4303 qua}
1253 4247 1282 4286 a
1312 4231 1508 4302 priscis
1539 4230 1716 4298 dicta,
1748 4231 1906 4285 abunt

2123 4229 2161 4282 ιὶ
2189 4231 2253 4284 ὲκ
2283 4230 2392 4285 τῶν
2418 4229 2664 4285 παλαιῶν
2694 4230 2888 4300 λογίων
2915 4235 3399 4308 κατηγορούμενος
3443 4237 3512 4293 Ἥ
3542 4242 3646 4311 γάρ

382 4327 684 4384 accusant?
716 4323 1100 4395 Temperantia
1133 4322 1278 4378 enim
1309 4337 1431 4394 quae
1460 4321 1514 4376 in
1541 4322 1756 4378 actione
1786 4321 1899 4392 posi

2124 4321 2388 4395 υφροσύνη
2424 4323 2623 4395 πρᾶξις
2646 4319 2802 4392 οὖσα,
2846 4332 3112 4399 μαρτυρεί
3139 4331 3266 4401 περὶ
3307 4329 3402 4384 τοῦ
3440 4331 3647 4405 σώφρο-

380 4427 465 4472 est
491 4460 506 4484 ,
544 4415 909 4472 testimonium
940 4415 1129 4470 tribuit
1174 4413 1391 4484 corpori
1429 4413 1773 4485 temperanti.
1812 4411 1903 4468 Scr

2122 4432 2155 4478 ις
2195 4415 2464 4486 σώματος.
2496 4415 2578 4470 Τὰ
2605 4415 2662 4470 δὲ
2683 4415 2841 4486 λόγια
2873 4417 3082 4488 βοῶντα
3109 4422 3204 4475 καὶ
3240 4422 3493 4492 λέγοντα,
3531 4429 3645 4482 Ha-

381 4519 541 4577 ptnra
576 4519 786 4574 autem,
825 4521 944 4576 quae
977 4505 1215 4560 clamat:
1244 4505 1500 4560 Exhibete
1534 4521 1757 4574 corpora
1788 4517 1904 4560 vesti

2121 4504 2405 4572 ιστήσατε
2429 4503 2503 4559 τὰ
2530 4504 2774 4576 σώματα
2813 4508 2980 4579 ὑψῶν
3015 4512 3237 4567 θυσίαν
3280 4513 3480 4575 ζῶσαν
3494 4558 3510 4582 ,
3547 4521 3644 4573 εὐ-

378 4576 607 4654 )ιοειίαηι
633 4599 919 4662 viventem,
944 4594 1053 4650 Deo
1078 4596 1368 4665 placentem
1402 4596 1471 4664 ¹⁰,
1501 4598 1636 4653 satis
1665 4612 1901 4669 argumet

2124 4610 2316 4649 ›εο’τον
2335 4594 2416 4662 τῷ
2445 4595 2586 4662 Θεῷ,
2621 4599 2810 4671 ἱκανὴν
2831 4576 2930 4672 τὴν
2954 4601 3225 4669 ἀπόδειξιν
3253 4576 3647 4664 ποιεῖταιίούδι

379 4699 492 4744 tum
524 4684 836 4750 concludit;
868 4701 972 4741 non
999 4689 1140 4741 enim
1170 4684 1315 4742 Deus
1350 4689 1495 4755 quod
1549 4702 1656 4742 non
1685 4697 1768 4742 est
1793 4703 1902 4743 sun

2120 4702 2164 4755 ιρ
2202 4685 2263 4738 τὸ
2298 4685 2372 4758 μὴ
2403 4687 2596 4741 ἑαυτοῦ
2622 4687 2835 4760 δέχεται
2867 4691 2896 4744 ὁ
2932 4691 3084 4757 Θεὸς,
3124 4694 3244 4748 οὐδὲ
3273 4694 3334 4747 τὸ
3364 4695 3457 4749 ὑπ’
3484 4697 3643 4752 ἄλλου

379 4781 640 4852 approbat
669 4789 722 4833 et
743 4778 1122 4846 amplectitur;
1151 4793 1326 4848 neque
1358 4779 1500 4847 quod
1531 4779 1599 4834 ab
1631 4780 1740 4835 alio
1770 4779 1894 4834 ﬁetu

2115 4777 2439 4850 ιπλασμένον
2467 4781 2709 4848 ἀπαιτεῖ,
2741 4783 2827 4836 ἵνα
2877 4785 2953 4856 μὴ
2995 4785 3115 4856 βίαν
3145 4787 3327 4852 ἄλλοις
3369 4791 3638 4858 ἐγκαλῶν,

301 4871 306 4878 ’
376 4883 428 4928 et
455 4872 762 4928 simulatum
788 4879 872 4925 est
895 4909 909 4934 ,
939 4870 1160 4938 requirit
1186 4907 1202 4933 ,
1232 4884 1300 4924 ne
1321 4870 1412 4939 qui
1442 4869 1577 4924 alios
1602 4869 1672 4924 de
1703 4870 1824 4924 violt

2116 4871 2222 4935 ιτὺς
2243 4871 2414 4942 βίαιος
2448 4874 2692 4946 γένηταιο
2723 4876 2813 4931 καὶ
2842 4877 2929 4932 ἵνα
2963 4878 3039 4949 μὴ
3064 4878 3249 4952 ἕτερον
3277 4881 3544 4955 ἐπιθυμῇ,
3568 4885 3639 4947 ὡς

374 4973 626 5030 accusat,
685 4964 798 5034 ipse
849 4961 1116 5017 violentus
1145 4961 1406 5026 exsistat;
1440 4969 1496 5014 et
1543 4974 1612 5013 ne
1653 4961 1781 5030 quid
1814 4962 1897 5016 de:

2115 4960 2219 5024 ιτὸς
2247 4962 2470 5034 ποιῆσαι
2508 4963 2584 5036 μὴ
2615 4964 2933 5037 δυνάμενος·
2964 4969 3012 5021 εί
3042 4969 3153 5042 γάρ
3196 4971 3375 5043 τίμιόν
3405 4975 3524 5029 ὲστι
3551 4975 3638 5030 καὶ

377 5057 564 5123 deret,
599 5055 752 5125 quasi
791 5055 905 5124 ipse
940 5053 1121 5108 facere
1157 5068 1262 5108 non
1296 5053 1485 5123 possit.
1541 5050 1597 5106 Si
1647 5053 1789 5107 enim
1844 5069 1900 5108 ve

2115 5050 2306 5107 ιύλεται
2357 5058 2656 5126 σωφρονεῖν
2692 5058 2760 5111 τὰ
2799 5057 3047 5130 σώματα,
3108 5062 3226 5127 πῶς
3268 5065 3369 5118 οὐκ
3413 5067 3586 5123 ἐποίει
3612 5064 3638 5118 ὃ

376 5147 428 5200 id
459 5147 603 5217 quod
626 5147 967 5200 'houoratum
1001 5154 1120 5210 est,
1157 5153 1215 5200 ut
1246 5158 1474 5213 corpora
1499 5145 1613 5200 sint
1657 5145 1708 5200 in
1751 5144 1894 5198 virtu

2114 5142 2347 5212 5ούλετο;
2376 5149 2425 5200 εί
2452 5147 2507 5200 δὲ
2536 5150 2805 5222 πεποίηκε
2837 5151 2938 5221 μὲν
2964 5152 3064 5206 οὐκ
3093 5154 3277 5219 αὐτὸς,
3295 5155 3438 5210 οὕτω
3463 5155 3523 5212 δὲ
3550 5161 3637 5214 πέ-

378 5237 778 5306 temperantize,
815 5238 1084 5306 quomodo
1107 5249 1213 5290 non
1248 5233 1378 5290 fecit
1407 5237 1549 5304 quod
1573 5235 1828 5291 volebat?
1858 5235 1901 5291 Si

2111 5251 2252 5299 msv,
2284 5236 2372 5290 ἴνα
2409 5239 2620 5311 πονηρά
2648 5236 2703 5312 ᾗ,
2741 5241 2858 5306 πῶς
2891 5242 2988 5314 τὴν
3019 5243 3180 5314 φύσιν
3201 5246 3459 5318 ἦμειψεν,
3503 5250 3634 5305 ὥστε

377 5340 505 5382 vero
534 5326 663 5382 fecit
694 5330 908 5396 quidem
937 5343 1041 5383 non
1071 5329 1220 5398 ipse,
1257 5327 1351 5382 sed
1385 5327 1468 5383 sic
1497 5337 1624 5382 sunt
1653 5336 1844 5382 natura
1870 5327 1900 5379 la

2112 5327 2258 5399 ηκέτι
2279 5329 2378 5401 τὴν
2418 5330 2556 5386 ἰδίαν
2593 5332 2758 5404 ἔχειν,
2791 5335 2930 5406 μήτε
2973 5333 3115 5391 εἶναι
3151 5341 3385 5412 πονηρὰ,
3429 5339 3635 5398 εῖναιδὲ

377 5429 464 5474 cta
499 5427 560 5473 ut
589 5431 775 5472 essent
818 5418 996 5484 mala;
1045 5418 1313 5486 quomodo
1358 5427 1609 5472 naturam
1655 5428 1900 5474 tomtuut:

2111 5418 2266 5490 ιμνά;
2294 5418 2358 5474 Et
2383 5421 2439 5475 δὲ
2486 5422 2708 5478 δύναται
2749 5425 2911 5494 φύσις
2954 5428 3290 5502 άμειφθῆναι
3317 5473 3333 5498 ,
3397 5435 3515 5499 πῶς
3562 5436 3634 5489 ἔτι

375 5507 495 5574 vit,
532 5516 594 5561 ut
621 5521 726 5561 non
755 5506 986 5577 amplius
1033 5507 1294 5563 baberent
1338 5516 1592 5563 naturam
1638 5509 1898 5580 proprian

2113 5510 2221 5575 5σις
2250 5513 2397 5567 ἐστὶν
2423 5513 2816 5590 ἀλλαττομένη,
2850 5519 2948 5573 καὶ
2981 5518 3043 5573 τὸ
3085 5522 3327 5578 ἐναντίον
3357 5526 3522 5599 ἑαυτῇ
3553 5544 3636 5598 γι-

367 5747 380 5764 ,
445 5689 467 5724 '
509 5687 703 5746 Matth.
748 5703 870 5754 xxi,
913 5688 1000 5744 3t.
1092 5685 1299 5744 'llebr.
1341 5704 1430 5756 xl,
1458 5688 1550 5748 5t.
1628 5689 1650 5722 ’
1686 5688 1886 5746 Jerem.
1929 5707 2057 5759 XXI,
2095 5689 2167 5760 8;
2204 5690 2372 5748 Eccli.
2408 5707 2497 5763 xv,
2531 5693 2617 5750 l8.
2700 5697 2749 5728 '°
2791 5696 2951 5753 Rom;
2989 5712 3101 5765 xu.
3138 5698 3187 5751 l.
