3858 6334
156 271 262 324 909
1085 283 1142 339 s.
1185 282 1595 341 senAptoms
1629 280 1830 339 LIBER
1867 280 2027 342 nov.
2069 279 2513 340 ΜΑΝιοιιιεοε.
3321 269 3464 340 sto'

155 383 421 457 γνομένης
446 386 521 440 Τδ
553 387 662 461 γὰρ
686 390 973 465 δεχόμενον
1009 392 1249 462 ἀλλαγὰς
1297 395 1392 448 καὶ
1445 393 1678 467 μεταϐολ

1901 409 1949 450 ac
1983 403 2164 452 essent
2187 395 2354 460 mala,
2388 395 2481 451 sed
2509 401 2691 450 essent
2719 393 2991 451 honesta?
3036 391 3093 451 Si
3121 403 3301 451 autem
3333 410 3424 464 po-

154 475 334 529 οὑκέτι
363 479 496 542 τοὺς
517 479 676 551 ὅρους
705 483 806 554 τῆς
836 484 1051 553 φύσεως
1091 484 1324 556 δέχεται*
1366 486 1650 556 ἀμείϐεται

1905 494 1958 540 st
1991 496 2182 541 natura
2228 487 2363 541 verti
2408 500 2472 540 ac
2519 484 2762 552 mutari,
2802 485 3073 556 quomodo
3114 496 3196 543 est
3237 493 3425 542 natura

153 572 210 622 τὸ
243 570 413 640 σῶμα
439 574 534 625 καὶ
566 574 1013 644 μεταλλάττεται.
1048 577 1143 631 καὶ
1171 577 1494 648 ρᾳθυμῆσαν
1537 593 1676 648 σωφε

1903 593 1973 633 ιω
2000 579 2258 644 variatur,
2290 588 2343 635 et
2380 579 2432 633 in
2465 577 2594 633 illud
2622 577 2817 634 transit
2863 576 3010 648 quod
3054 585 3140 634 est
3175 577 3254 634 illi
3295 592 3426 634 eon-

157 664 258 713 νεῖ·
292 663 394 716 καὶ
422 664 622 734 βοῶσιν
663 669 712 720 οἱ
759 667 925 736 λόγοι,
950 668 1131 732 τὸ,οὐ
1160 671 1516 736 πορνεύσεις
1535 686 1549 699 ο
1585 668 1680 739 βοᾶ

1903 670 2127 724 arium?
2163 669 2316 738 Quod
2346 671 2493 726 enim
2517 671 2853 727 variationes
2879 679 2935 727 et
2970 671 3304 726 mutationes
3330 685 3426 726 ca-

158 753 233 812 τὸ,
275 757 364 808 Οὐ
389 758 770 825 μοιχεύσεις*
814 759 874 812 τὸ
909 757 1185 830 ἐγχωροῦν
1217 759 1306 815 διὰ
1341 761 1442 832 τῆς
1471 775 1681 831 παραγι

1903 763 1970 825 Lt,
2013 762 2251 816 nondum
2290 760 2490 818 ﬁnibus
2531 761 2889 832 terminisque
2927 771 3135 816 naturae
3181 761 3426 817 contine-

157 845 276 910 λίας
302 849 684 919 ἀναιροῦντες
712 852 806 904 καὶ
833 852 895 905 τὸ
917 851 1216 922 δυνάμενον
1238 851 1625 923 τελειωθῆναι,
1661 851 1680 903 ὃ

1904 867 1964 906 Il'.
1991 849 2233 907 Mutatur
2270 862 2449 924 autem
2497 867 2730 922 corpus,
2765 863 2820 908 et
2859 855 3143 920 variatur;
3185 861 3240 908 et
3281 853 3427 924 quod

152 937 249 1007 τῆς
291 941 682 1009 παραινέσεως
721 942 1164 1006 ἀναστέλλοντες·
1201 943 1296 996 καὶ
1326 941 1612 1012 σύμμαχον
1654 957 1675 993 τ

1905 942 1959 996 tit
1999 942 2052 996 in
2097 942 2312 1013 pigritia
2343 923 2399 998 εἰ
2445 943 2694 1013 ignavia,
2741 953 3030 1013 temperat.
3078 943 3145 998 Et
3192 923 3428 999 clamant

152 1029 308 1098 λόγον
336 1035 408 1102 τῇ
432 1031 630 1104 γνώμῃ
655 1033 888 1098 διδόντες
908 1053 921 1064 ·
953 1035 1039 1089 ἵνα
1075 1035 1108 1106 ὴ
1144 1034 1351 1089 διάνοια
1380 1034 1627 1106 ῥέπουσα
1653 1051 1675 1087 ν

1903 1042 2122 1101 raecepta
2155 1048 2170 1085 :
2217 1031 2341 1086 Non
2371 1031 2716 1102 [omit-aberis
2735 1048 2756 1099 ;
2785 1031 3063 1088 clamant:
3104 1031 3229 1088 Non
3267 1032 3426 1088 adui-

152 1123 212 1174 τὺ
238 1122 408 1193 σῶμα
429 1124 569 1195 πρὸς
589 1124 788 1196 ἀρετὴν
815 1125 1039 1200 ὲφέλκῃ.

1900 1125 2053 1179 trabis
2076 1141 2096 1190 ;
2127 1133 2184 1180 et
2206 1124 2567 1195 praecipiendo
2596 1124 2788 1179 tollunt
2815 1113 3124 1181 facultatem
3151 1125 3423 1194 faciendi;

154 1223 207 1268 et
235 1216 386 1282 quod
418 1216 608 1285 perﬁci
638 1229 888 1286 poterat,
924 1219 1193 1274 hortando
1217 1205 1510 1284 cohibent,
1542 1228 1598 1274 et
1632 1218 1974 1288 adiungendo
2011 1219 2275 1274 rationem
2305 1218 2373 1274 ad
2405 1216 2702 1286 judicium,
2758 1227 2816 1272 ut
2865 1233 3019 1274 mens
3071 1218 3124 1273 in
3175 1218 3428 1276 virtutem

154 1326 427 1380 propensa
451 1354 466 1380 ,
499 1326 696 1384 corpus
729 1315 892 1370 etiam
925 1316 992 1369 ad
1025 1315 1279 1369 virtutem
1308 1316 1568 1370 attrahat.

907 1410 1040 1466 CAP.
1081 1409 1178 1465 XI.
1211 1409 1448 1478 Corpora
1475 1421 1778 1466 sanctorum
1803 1410 2058 1466 divinitus
2080 1409 2348 1464 mirabilia
2373 1420 2678 1480 operantur.

223 1496 449 1568 Ἀμέλει
492 1498 586 1552 ἐπὶ
635 1497 890 1554 τοσοῦτον
949 1498 1185 1572 προῆλθε
1239 1500 1308 1555 τὰ
1365 1500 1592 1572 σώματα
1639 1502 1746 1555 τῶν

1929 1500 2074 1557 Sane
2101 1500 2321 1570 quidem
2357 1515 2586 1571 corpora
2613 1509 2924 1559 sanctorum
2973 1511 3180 1558 tantum
3222 1503 3276 1559 in
3323 1503 3434 1560 viro

158 1589 355 1656 ἁγίων,
385 1588 467 1652 ὡς
493 1588 812 1660 τιμηθῆναι,
853 1590 948 1643 καὶ
981 1590 1118 1661 μήτε
1142 1590 1275 1644 κενά
1310 1590 1564 1658 γενέσθαι
1591 1592 1676 1645 ὲνε

1907 1602 1971 1648 tte
1999 1606 2286 1664 progressa
2329 1601 2484 1656 sunt,
2529 1602 2589 1648 ut
2633 1593 2898 1648 honorata
2929 1591 3174 1660 fuerint,
3224 1602 3279 1647 et
3323 1609 3430 1650 non

159 1677 335 1745 γείας.
366 1679 506 1748 μήτε
537 1677 820 1750 δυνάμεως
845 1677 1014 1743 θείας.
1049 1679 1261 1751 Νεκρὸν
1292 1678 1468 1734 ἔκειτο
1495 1680 1557 1734 τὸ
1591 1680 1682 1749 σῶι

1909 1688 1996 1735 cta
2030 1695 2198 1737 vacua
2249 1682 2318 1736 ab
2365 1681 2681 1752 Operatione
2706 1693 2762 1738 et
2804 1682 2856 1750 vi
2907 1683 3112 1739 divina.
3159 1682 3431 1738 Mortuum

157 1767 250 1822 τοῦ
286 1769 622 1836 Ἐλισσαίου,
657 1771 749 1825 καὶ
781 1760 1032 1842 κείμενον
1057 1772 1274 1844 νεκρὸν,
1308 1773 1497 1844 ήγειρε
1521 1773 1680 1846 νεκρό

1910 1775 2066 1828 cebat
2112 1788 2310 1844 corpus
2349 1773 2525 1830 Elisaai
2550 1813 2566 1838 ,
2601 1782 2808 1831 etcum
2842 1776 3054 1847 jaceret
3123 1785 3392 1833 mortuum
3415 1818 3430 1843 ,

158 1858 338 1937 ἐσόϐει
361 1860 452 1913 τὸν
477 1851 727 1928 θάνατον,
745 1860 1026 1932 ἐλεύθερον
1051 1861 1130 1933 (6)
1149 1862 1240 1916 τὸν
1271 1861 1635 1928 ἀποθανόντα,
1671 1879 1681 1915 ε

1912 1861 2133 1919 εοὶιενίι
2189 1872 2458 1919 mortuum
2491 1865 2576 1931 “;
2625 1865 2830 1935 expulit
2889 1875 3142 1936 mortem,
3185 1867 3435 1923 liberavit

158 1951 373 2016 ζῶντας
395 1951 610 2024 ἔπεμψε
643 1954 735 2007 τὸν
760 1946 1054 2020 τεθνεῶτα,
1094 1954 1373 2028 προεξένει
1403 1954 1480 2026 τῷ
1523 1972 1681 2008 πεποι

1910 1971 1920 2008 ι
1941 1954 2113 2020 obitu,
2139 1954 2408 2010 revocavit
2428 1954 2493 2010 ad
2515 1954 2667 2012 vivos
2689 1956 2796 2010 vita
2819 1957 3150 2025 defunctum,
3176 1959 3433 2014 excitavit

161 2045 310 2116 μένῳ
354 2045 456 2110 τὴν
489 2044 728 2118 ἔγερσιν.
763 2046 828 2100 Εἰ
870 2045 927 2099 δὲ
970 2047 1261 2118 Μανιχαῖοι
1284 2047 1421 2120 πρὸς
1451 2048 1615 2102 αὐτὸν
1653 2065 1684 2118 μ

1919 2045 2149 2101 mortuis
2179 2059 2378 2116 corpus
2411 2061 2440 2100 a
2469 2045 2581 2102 Deo
2615 2047 2841 2104 factum.
2875 2049 3030 2114 Quod
3060 2051 3104 2105 si
3148 2048 3431 2106 Manicbaei

161 2136 415 2206 μηνέτες,
449 2136 545 2188 καὶ
575 2135 636 2188 τὸ
680 2135 858 2204 λόγιον
901 2135 1274 2203 διαϐάλλουσι,
1310 2139 1445 2210 μήτε
1468 2139 1561 2192 τὸν
1587 2139 1684 2210 νόμ

1909 2145 2045 2192 intra
2078 2136 2184 2193 hoc
2231 2136 2507 2205 furentes,
2543 2139 2708 2193 etiam
2758 2137 3097 2210 Scripturam
3137 2149 3432 2207 accusant,

155 2226 467 2298 τιμῶντεςυ
501 2226 604 2280 κᾶν
642 2229 708 2281 ὲκ
749 2227 842 2281 τοῦ
880 2229 1227 2302 παραλλήλου
1270 2230 1678 2286 δυσωπείσθωσε

1902 2244 2032 2300 eque
2058 2229 2229 2299 legem
2261 2229 2571 2296 honorant;
2607 2230 2877 2286 deterreat
2913 2247 3005 2288 eos
3035 2233 3212 2289 simile
3242 2249 3425 2289 exem-

159 2319 265 2373 κᾶν
307 2321 341 2390 ὴ
387 2319 518 2373 σκιά
560 2319 769 2389 Πέτρου
793 2319 892 2391 τὴν
913 2319 1394 2392 γνὼμηνυὲκείνων
1427 2321 1682 2394 αἰσχυνέτη

1916 2337 2004 2375 um
2031 2337 2046 2388 ;
2083 2319 2247 2376 faciat
2281 2319 2470 2376 umbra
2500 2319 2642 2376 Petri
2679 2323 2745 2387 ι’,
2783 2330 2842 2377 ut
2872 2321 3019 2394 ipsos
3047 2323 3286 2394 pudeat:
3317 2336 3435 2377 um-

160 2407 419 2480 σώματος
463 2407 573 2480 γὰρ
601 2404 668 2481 ῆν
701 2411 735 2480 ἠ
779 2409 928 2475 σκιὰ,
969 2409 1065 2465 καὶ
1106 2411 1474 2483 ὲφαπτωμένη
1505 2412 1582 2483 (7)
1607 2429 1683 2465 και

1910 2429 1955 2468 ra
1984 2415 2125 2469 enim
2156 2423 2276 2469 erat
2306 2414 2550 2484 corporis
2568 2455 2583 2481 ,
2610 2429 2730 2486 quae
2759 2429 2882 2471 cum
2915 2429 3142 2484 corpora
3167 2430 3433 2488 aegrorum

157 2500 269 2554 τῶν
292 2500 666 2571 νενοσηκότων
690 2500 982 2572 σωμάτων,
1017 2499 1262 2554 ἀπόλυτα
1289 2500 1356 2555 τὰ
1379 2499 1609 2571 σώματα
1642 2517 1680 2554 τι

1543 2517 1609 2554 τα
1642 2499 1750 2554 τῶν
1858 2504 2238 2573 inumbrabat,
2273 2520 2461 2563 eorum
2495 2507 2715 2562 morbos
2747 2505 3066 2577 depellebat.

157 2591 489 2664 νοσημάτων
518 2588 910 2655 κατεσκεύαζε.

1163 2687 1294 2746 CAP.
1327 2687 1446 2744 XII.
1478 2688 1897 2744 Hanicliaaorum
1915 2695 2223 2756 argumenta
2247 2685 2445 2743 soluta.

230 2771 633 2842 Τοιούτων“οὗν
669 2775 840 2830 όντων
883 2776 992 2832 τῶν
1028 2777 1422 2832 ἀποδεικτικῶν
1449 2777 1622 2848 λόγων
1661 2777 1753 2831 καὶ

1933 2774 2067 2831 Cum
2102 2777 2237 2831 tales
2260 2790 2389 2845 ergo
2420 2776 2534 2849 sint
2558 2785 2754 2832 nostrae
2778 2775 3016 2834 rationes
3043 2774 3435 2834 demonstrati—

161 2868 424 2939 τοιαύτης
451 2867 620 2938 οὔσης
648 2868 1032 2939 ἀποδεικτικῆς
1058 2869 1333 2941 πράξεως,
1363 2869 1482 2934 πῶς
1501 2870 1601 2923 οὐκ
1633 2869 1684 2924 ἀει

1912 2882 1942 2922 e
1962 2907 1977 2932 ,
2003 2875 2058 2922 et
2091 2866 2214 2922 talis
2237 2866 2311 2924 sit
2340 2867 2488 2924 actio
2517 2868 2646 2922 item
2680 2867 3133 2935 demonstrativa,
3165 2867 3435 2938 quomodo

163 2977 254 3013 ποι
285 2959 354 3013 ἂν
381 2954 516 3023 εἶεν,
565 2959 764 3029 φράσει
818 2958 992 3028 λόγων
1039 2960 1276 3032 ἁρμόσαι
1319 2960 1388 3014 τά
1435 2961 1684 3032 ἀνάρμοσ

1912 2973 1969 3014 an
2007 2959 2118 3014 sint
2159 2957 2416 3025 absurdi,
2463 2959 2556 3029 qui
2589 2976 2709 3030 quae
2741 2960 2914 3031 aptari
2947 2969 3003 3016 et
3043 2960 3287 3030 colligari
3326 2975 3435 3016 non

163 3050 586 3114 ἐσπουδακότες
619 3049 756 3102 Φασὶ
785 3052 894 3121 γὰρ
919 3051 1232 3121 Μανιχαῖοιο
1249 3081 1319 3091 —-
1346 3050 1418 3103 Τὸ
1446 3049 1604 3122 σῶμα
1625 3052 1686 3121 ἐφ

1915 3057 2119 3115 ιεειιηι,
2154 3051 2338 3106 verbis
2375 3060 2563 3122 aptare
2595 3062 2650 3107 et
2677 3051 2935 3123 colligare
2978 3053 3239 3108 student?
3268 3052 3438 3108 Aiunt

166 3146 412 3216 ρέσαμεν
464 3142 561 3196 τοῦ
620 3143 869 3210 Σατανᾶ,
920 3147 953 3215 ἠ
986 3144 1042 3198 δὲ
1071 3143 1218 3216 ψυχὴ
1256 3143 1350 3196 τοῦ
1383 3127 1666 3198 Θεοῦσίκαὶ

1914 3141 2001 3196 tim
2054 3140 2379 3199 Manicbei:
2427 3173 2500 3184 —
2538 3143 2747 3213 Corpus
2800 3143 3018 3199 Satanae
3065 3143 3437 3214 gestavimus,

165 3239 260 3307 μὲν
291 3236 462 3307 σῶμα
485 3234 626 3289 οὕτω
651 3236 863 3305 πέφυκε
895 3238 1085 3304 κακὸν,
1123 3241 1186 3292 ὲκ
1215 3238 1385 3293 κακοῦ
1415 3237 1688 3310 προελθόν⁴

1912 3231 2042 3286 rima
2077 3247 2210 3288 vero
2243 3233 2336 3288 Dei
2375 3223 2478 3289 est.
2514 3234 2594 3289 Ac
2631 3249 2828 3303 corpus
2862 3234 3080 3304 quidem
3123 3235 3204 3291 sic
3239 3243 3435 3290 natura

160 3330 214 3383 δὲ
242 3328 403 3399 ψυχὴ
432 3328 643 3397 πέφυκε
671 3328 833 3400 καλὴ,
864 3330 929 3382 ἐκ
955 3328 1120 3383 καλοῦ
1167 3329 1365 3401 ἔχουσα
1411 3330 1508 3401 τὴν
1543 3330 1683 3401 ἀρχή

1916 3330 2062 3376 ctum
2097 3330 2217 3387 est,
2251 3323 2452 3377 malum
2497 3336 2565 3376 ex
2612 3323 2797 3390 malo;
2837 3323 3018 3377 animo
3066 3339 3199 3380 vero
3241 3331 3439 3378 natura

159 3422 363 3477 οὐκοῦν
394 3421 489 3474 δύο
518 3424 796 3494 ἀρχαὶκαὶ
817 3422 910 3476 δύο
941 3424 1120 3477 οὐσίαι
1139 3442 1153 3454 ο
1188 3425 1282 3476 καὶ
1322 3423 1488 3493 ἀρχαὶ
1529 3421 1623 3476 δύο
1660 3437 1682 3489 γ

1917 3421 2002 3466 cta
2043 3421 2127 3467 est
2170 3412 2344 3477 bona,
2387 3427 2453 3466 ex
2499 3411 2641 3466 bono
2691 3411 2954 3482 originem
3000 3412 3243 3466 trahens.
3296 3409 3440 3466 Sunt

161 3514 395 3581 γόνασιν
425 3513 615 3578 αἰτίαι,
647 3513 740 3566 καὶ
769 3514 802 3584 ή
846 3513 944 3584 μὲν
975 3512 1224 3582 σώματος
1253 3512 1425 3566 κακοῦ
1449 3552 1462 3576 ,
1493 3515 1525 3583 ἡ
1556 3511 1612 3564 δὲ
1657 3510 1684 3580 ιζ

1916 3503 2024 3558 itur
2066 3503 2172 3558 duo
2218 3502 2522 3574 principia,
2568 3515 2625 3586 et
2670 3501 2790 3557 duae
2840 3501 3192 3569 substantiae;
3233 3510 3289 3557 et
3331 3501 3439 3557 duo

161 3605 264 3676 χῆς
287 3603 526 3674 ἀγαθῆς.
556 3603 756 3676 Ἀγαθὴ
778 3600 870 3658 οὖν
887 3605 921 3675 ή
944 3603 1111 3676 ψυχὴ,
1141 3603 1376 3675 πονηρὸν
1403 3603 1466 3656 δὲ’
1487 3602 1546 3656 τὺ
1576 3601 1684 3673 σῶμ

1916 3594 2128 3664 incipio
2156 3602 2282 3650 sunt
2307 3609 2486 3649 causa:
2508 3637 2521 3662 ,
2557 3593 2726 3649 altera
2759 3594 2975 3665 quidem
3002 3593 3248 3664 corporis
3277 3592 3439 3656 mali,

161 3725 232 3736 -
264 3695 381 3748 Καὶ
417 3694 536 3759 πῶς
571 3695 731 3766 σῶμα
771 3695 872 3766 μὲν
896 3699 1185 3768 σωφρονεῖ,
1223 3695 1481 3759 πολλάκις
1513 3694 1569 3747 δὲ
1613 3693 1684 3765 ψυ

1919 3693 2034 3740 tera
2063 3697 2191 3740 vero
2219 3685 2413 3740 animae
2445 3686 2618 3740 bonae.
2653 3684 2797 3739 Bona
2829 3685 2990 3754 igitur
3022 3692 3108 3740 est
3136 3684 3316 3739 anima
3337 3725 3354 3752 ,
3386 3693 3440 3739 et

165 3786 446 3858 ρᾳθυμεί;
480 3786 592 3840 Καὶ
616 3785 733 3850 πῶς
765 3787 1024 3860 ἑκάτερον
1064 3789 1122 3841 ὲν
1157 3790 1223 3859 τῇ
1264 3787 1370 3859 ἰδίᾳ
1393 3786 1626 3854 τάξειού
1666 3805 1688 3857 ρ

1916 3790 2062 3846 irpus
2095 3775 2319 3832 malum.
2344 3807 2418 3818 —
2436 3777 2502 3832 Et
2529 3779 2800 3847 quomodo
2829 3791 3024 3847 corpus
3051 3777 3272 3847 quidem
3303 3784 3439 3832 tem-

162 3893 281 3942 νει;
310 3875 407 3927 καὶ
435 3877 629 3944 γέγονε
655 3875 716 3928 τὸ
744 3877 1031 3944 ἀνάπαλιν,
1054 3877 1116 3930 τὸ
1149 3877 1245 3948 μὲν
1276 3877 1370 3930 τοῦ
1402 3875 1685 3930 διαϐόλους

1916 3883 2060 3924 trans
2118 3879 2240 3934 est,
2302 3869 2483 3922 anima
2535 3883 2666 3924 vero
2699 3882 2842 3938 saepe
2900 3867 3102 3940 pigra?
3157 3867 3439 3935 Quomodo

122 3986 128 3992 ·
164 3967 333 4031 Θεοῦ,
363 3967 428 4020 τὺ
463 3968 523 4021 δὲ
549 3969 644 4022 τοῦ
689 3967 823 4022 Θεοῦ
860 3967 956 4023 τοῦ
999 3969 1282 4024 διαϐόλου·
1333 3968 1429 4021 καὶ
1474 3966 1645 4021 λέλυτ‹

1919 3975 2156 4031 .rumque
2188 3977 2294 4016 non
2325 3969 2510 4015 manet
2538 3960 2592 4021 in
2620 3961 2812 4017 ordine
2842 3962 2982 4017 suo?
3009 3961 3104 4017 sed
3129 3971 3315 4018 contra
3344 3976 3442 4032 pe-

165 4059 552 4132 θρυλλουμένη
581 4059 771 4132 ἐχθραο
800 4062 894 4116 καὶ
919 4061 1070 4131 φιλία
1097 4061 1285 4130 γέγονε
1307 4061 1402 4114 καὶ
1431 4059 1652 4131 σπονδὴ,
1669 4078 1688 4114 1

1916 4070 1972 4110 us
1997 4055 2140 4124 quod
2183 4064 2301 4110 erat
2341 4052 2572 4120 diaboli,
2629 4054 2690 4108 tit
2717 4053 2852 4119 Dei;
2888 4062 2944 4108 et
2976 4053 3120 4124 quod
3161 4054 3293 4120 Dei,
3327 4053 3439 4108 dia-

168 4155 274 4224 μὲν
302 4151 439 4206 Θεοῦ
467 4152 566 4224 τὴν
599 4151 775 4224 ψυχὴν
805 4153 1224 4224 ἀποπέμποντος
1261 4152 1340 4225 τῷ
1370 4153 1623 4224 διαϐόλῳ,
1668 4170 1691 4205 τ

1918 4147 2020 4214 ali;
2057 4157 2113 4203 et
2146 4147 2408 4202 dissoluta
2441 4154 2524 4201 est
2565 4149 2778 4218 vulgata
2830 4147 3146 4214 inimicitia,
3196 4155 3250 4203 et
3300 4144 3441 4201 facta

166 4244 225 4296 δὲ
277 4242 528 4297 διαϐόλου
585 4243 646 4298 τὺ
699 4245 858 4316 σῶμα
900 4245 1491 4317 ἀντιπαραπέμποντος
1535 4244 1613 4315 τῷ
1645 4244 1687 4298 Θ

1922 4239 2108 4294 nicitia
2143 4248 2199 4293 et
2229 4238 2406 4294 {cadus
2431 4277 2446 4304 ,
2481 4240 2590 4294 Deo
2624 4239 2861 4292 animam
2896 4238 3236 4304 dimittente,
3270 4249 3331 4293 ut
3363 4237 3445 4291 in-

169 4337 504 4408 ὖπηρετεῖν;
545 4336 809 4408 ὑπηρετεῖ
850 4337 959 4410 γάρ
990 4337 1320 4410 σωφρονοῦνο
1364 4339 1442 4410 (8)
1479 4337 1541 4391 τὸ
1571 4337 1628 4392 δὲ
1668 4355 1692 4390 τ

1920 4333 2073 4386 srviat
2099 4331 2350 4397 diabolo;
2381 4340 2434 4383 et
2463 4339 2652 4386 contra
2679 4331 2894 4384 diabolo
2921 4345 3118 4400 corpus
3136 4369 3153 4394 .
3185 4340 3244 4384 ut
3273 4329 3443 4384 inser-

170 4430 314 4484 Θεοῦ
342 4429 424 4501 τῷ
450 4429 680 4501 διαϐόλῳ
704 4430 989 4484 διακονεῖν·
1017 4431 1254 4485 διακονεί
1287 4430 1394 4502 γὰρ
1435 4428 1693 4485 ἀπιστοῦσ

1920 4431 1984 4475 at
2021 4422 2128 4476 Deo
2151 4421 2175 4474 ?
2202 4421 2429 4476 inservit
2461 4422 2605 4475 enim
2637 4421 2746 4475 Deo
2769 4460 2785 4486 ,
2819 4437 2942 4476 cum
2986 4430 3072 4476 est
3112 4428 3443 4490 temperans.

170 4523 274 4577 καί
297 4521 596 4593 βλάσφημα
634 4521 1003 4592 φθεγγομένη.

1921 4525 1987 4567 oe
2013 4521 2191 4565 autem
2225 4511 2322 4567 Dei
2348 4520 2463 4578 est,
2493 4514 2633 4568 sicut
2659 4528 2846 4568 rursus
2874 4513 3104 4568 inservit
3127 4512 3307 4567 anima
3328 4511 3443 4568 dia-

1871 4604 2014 4668 bolo,
2040 4618 2163 4658 cum
2197 4619 2303 4658 non
2344 4605 2553 4674 credit,
2586 4613 2641 4660 et
2671 4605 2908 4676 lnquitur
2933 4606 3270 4676 blasphema.

1244 4724 1374 4780 Car.
1410 4724 1547 4781 Xlll.
1575 4724 1658 4780 Ea:
1688 4725 1790 4794 ﬁlii
1823 4719 2029 4793 prodigi
2049 4719 2376 4789 poenitentia.

249 4823 382 4886 Πῶς
400 4817 493 4877 οὗν
524 4823 586 4876 οὐ
619 4821 762 4893 μέγα
794 4820 1090 4892 καγχάζειν
1129 4821 1222 4872 καὶ
1261 4819 1423 4891 γελᾷν
1467 4821 1586 4873 κατ’
1625 4819 1768 4872 ἐκεί-

1944 4818 2223 4885 Quomodo
2252 4816 2417 4887 igitur
2461 4829 2567 4871 non
2611 4814 2807 4870 merito
2836 4823 3052 4870 moveat
3096 4813 3449 4885 prudentibus

174 4937 289 4973 νων
325 4917 453 4981 τοὺς
486 4917 780 4988 φρονίμους
809 4917 1095 4989 προσήκει,
1126 4914 1297 4979 οὕτως
1327 4915 1526 4969 ἄτοπον
1555 4915 1649 4967 καὶ
1670 4931 1697 4982 γ

1926 4925 2037 4965 sum
2096 4920 2150 4964 et
2202 4909 2498 4965 cachinnos
2533 4919 2642 4963 tam
2703 4909 2996 4964 absurdum
3051 4917 3106 4962 et
3164 4906 3449 4963 ridiculum

173 5012 322 5064 λοῖον
349 5008 526 5079 δόγμα
560 5007 897 5078 εἰσηγεῖσθαι
941 5005 1383 5072 ὲσπουδακότων;
1422 5007 1544 5058 Ὅτι
1584 5005 1640 5058 δὲ
1675 5022 1696 5058 κ

1928 5018 2108 5058 sorum
2129 5003 2320 5073 dogma
2337 5043 2352 5068 ,
2373 5001 2516 5072 quod
2539 5002 2881 5057 introducere
2898 4999 3221 5055 studuerunt
3244 5000 3266 5052 ?
3295 5000 3447 5067 Quod

174 5103 316 5160 αὐτὸ
339 5102 404 5155 τὸ
434 5101 649 5170 λογικὸν
677 5101 846 5173 ᾑρέθη
888 5101 985 5171 μὲν
1029 5098 1328 5169 ἀφροσύνῃ,
1384 5095 1667 5168 δεδύνηται

1926 5106 2049 5150 item
2072 5109 2144 5150 'ea
2172 5094 2257 5150 vis
2283 5095 2586 5149 animorum
2614 5109 2733 5165 qua:
2765 5094 2939 5164 posita
2991 5102 3071 5148 est
3119 5093 3172 5146 in
3203 5093 3449 5156 ratione.

176 5195 350 5249 πάλιν
384 5193 670 5246 ἀπολιπεῖν
698 5193 797 5265 τὴν
821 5193 1126 5264 αἱρήσασαν
1163 5187 1473 5262 ἀφροσύνην
1491 5228 1506 5252 ,
1555 5185 1648 5240 καὶ
1675 5186 1699 5240 δ

1926 5199 2026 5262 ιριιι
2057 5200 2141 5246 est
2181 5190 2315 5244 vitio
2352 5189 2805 5257 intemperantiae,
2837 5188 3012 5257 potuit
3041 5197 3222 5242 autem
3264 5201 3449 5241 rursus

173 5305 344 5344 ναται
387 5286 695 5350 ἀπολιπεῖν,
725 5285 1004 5356 αὐτάρκης
1031 5283 1302 5350 ἀπόδειξις
1335 5285 1368 5354 ἡ
1408 5280 1502 5334 τοῦ
1555 5281 1629 5352 (9)
1664 5297 1696 5332 τι

1956 5289 2132 5352 potest
2176 5281 2654 5352 intemperantiam
2699 5279 2849 5334 illam
2876 5295 2979 5349 qua
3007 5279 3315 5347 tenebatur,
3353 5281 3450 5335 de-

176 5381 240 5452 ρὶ
273 5379 545 5450 νεωτέρου
574 5377 716 5442 υἱοῦ,
747 5379 780 5449 ἡ
805 5376 957 5448 παρὰ
975 5377 1141 5448 πατρὶ
1171 5375 1556 5447 ρᾳθυμήσασα.
1586 5375 1699 5428 Πατ

1928 5388 2090 5440 :rere,
2143 5373 2280 5428 satis
2323 5371 2520 5442 probat
2567 5370 2655 5425 illa
2696 5370 2766 5428 de
2809 5370 2920 5428 tilio
2961 5371 3384 5430 adolescentiore
3409 5370 3451 5406 “

257 5472 300 5502 “
345 5467 388 5522 ll
425 5466 557 5538 Reg.
597 5483 729 5532 xm,
763 5466 854 5522 2|.
933 5468 975 5499 “
1013 5470 1134 5522 Act.
1167 5465 1341 5533 v.15.
1419 5465 1463 5497 ⁸³
1496 5464 1628 5521 Luc.
1662 5480 1751 5531 xv,

484 5484 557 5538 eg.
597 5483 729 5532 χιιι,
763 5466 854 5522 2|.
933 5468 975 5499 ¹³
1013 5470 1134 5522 Act.
1167 5481 1222 5533 ν,
1252 5465 1341 5521 15.
1419 5465 1463 5497 ⁸³
1496 5464 1628 5521 Luc.
1662 5480 1751 5531 xv,
1785 5463 1852 5519 l2
1887 5478 2007 5533 sqq.

258 5566 337 5634 (6)
393 5565 757 5631 Ἐλεύθερον.
799 5561 1021 5634 Legisse
1055 5562 1267 5619 videtur
1301 5562 1568 5634 interpres
1605 5560 1764 5632 ὴλευο

1073 5562 1267 5619 ῖίἀειιιι·
1301 5562 1568 5634 interpres
1605 5560 1764 5632 ὴλευο
1862 5560 2136 5634 λουμένῃῖ
2165 5560 2324 5634 Ευιτμ.
2354 5560 2596 5618 ΡΔτιιοι..

179 5631 914 5710 θέφυηιίιιισιγΡλτιιοι..’⁸
1013 5705 1025 5710 _
1158 5701 1173 5710 Α
1293 5703 1305 5710 _
1444 5631 1461 5634 ’
1590 5631 1639 5710 ρ

1293 5703 1305 5710 Δ
1444 5631 1461 5634 -
1590 5705 1602 5710 Δ
1633 5631 1639 5632 ν
1937 5631 2014 5710 (ξ)
2055 5631 2358 5710 _S'equenti_a_
2379 5647 2570 5690 manca
2599 5649 2745 5696 sunt.

259 5701 343 5780 [7)
395 5702 841 5777 ‘Egsartrwpém.
888 5703 972 5762 An
1010 5701 1376 5777 ἑφαπλωμένη
1404 5747 1418 5772 ,
1458 5719 1557 5776 pro
1587 5705 1762 5776 ἑφαπ-

1010 5701 1376 5777 ἑφαπλωμένη
1404 5747 1418 5772 ,
1458 5719 1557 5776 pro
1587 5705 1762 5776 ἰφαπ-
1937 5701 2012 5782 (9)
2057 5701 2229 5759 Locus
2267 5702 2513 5760 vitiosus.
