3858 6308
391 252 484 308 911
1474 239 1746 296 PATRES
1786 238 1984 296 EGYP

2127 234 2414 293 SECULI
2452 235 2542 292 IV.
3543 230 3648 286 922

391 365 530 432 apud
559 369 760 430 patrem
801 358 1034 432 ignavia.
1061 355 1298 427 Reliquit
1323 363 1551 426 patrem,
1578 352 1849 424 prolectus
1884 361 1966 408 est

2088 366 2136 401 ia
2166 347 2543 410 ἀπολέλοιπεν,
2575 344 2847 399 ἐστείλατο
2875 342 2972 412 τὴν
3005 339 3140 412 πρὸς
3167 339 3235 394 τὰ
3268 339 3419 409 πάθη
3445 339 3652 432 artubu-

393 427 461 514 αἱ]
489 427 792 526 voluptates
811 427 1224 518 ,vcommoratus
1255 455 1341 504 est
1369 447 1422 502 in
1453 445 1664 500 luxuria
1693 461 1710 511 ;
1746 445 1958 500 tandem

2088 439 2211 506 ιίαν,
2256 437 2576 510 ἐνεϐράδυνε
2624 438 2692 507 τῇ
2752 433 2977 505 ἀσωτίᾳ·
3030 432 3128 502 ὀψέ
3161 448 3289 486 ποτε
3322 427 3656 484 ἀντελάϐετο

391 545 552 604 rediit
596 522 662 600 ad
706 559 764 598 se
787 583 803 610 ,
838 541 1130 597 revertitur
1156 539 1224 594 ad
1259 546 1498 608 patrem,
1533 535 1758 590 dimittit
1791 535 1961 605 turpi-

2093 530 2277 595 αυτοῦ,
2314 531 2624 583 παλινοστεῖ
2652 528 2790 600 πρὸς
2823 527 2915 580 τὸν
2968 526 3179 598 πατέρα
3216 525 3312 577 καὶ
3353 522 3654 592 παλινδρο-

398 639 660 693 tudinem.
719 633 970 689 Procedit
1003 631 1224 700 supplex
1258 630 1324 684 ad
1354 641 1541 697 preces
1566 668 1582 692 ,
1611 627 1960 696 consequitur

2088 625 2155 676 ιεῖ
2200 623 2333 693 (10)·
2379 621 2570 691 ἀφίησι
2618 619 2686 674 τὰ
2737 618 2972 689 αἰσχρά·
3023 617 3159 689 πρὸς
3205 616 3414 670 ἱκεσίαν
3458 616 3651 685 χωρεῖ·

397 729 608 786 veniam
636 742 650 790 ;
684 735 950 795 praecepta
989 722 1132 777 enim
1177 718 1356 790 magni
1388 716 1551 782 pretii
1577 731 1698 785 quae
1730 715 1955 782 didicit,

2088 715 2325 783 ευγχάνει
2377 711 2795 782 συγχωρήσεωςο
2841 707 3096 770 εῦστασις
3142 707 3250 779 γὰρ
3311 707 3655 778 μαθημάτων

394 817 586 888 obiecit
615 856 628 878 ,
660 815 855 882 quibus
883 813 1065 871 ﬂetum
1097 824 1258 880 quem
1291 817 1571 879 peccatum
1601 807 1778 876 parit,
1811 807 1957 862 dele-

2088 805 2365 874 τολυτελὴς
2397 803 2686 873 γενομένη,
2721 801 2812 854 τὸν
2849 801 2948 870 μὲν
2985 799 3216 870 όδυρμὸν
3243 800 3342 870 τῆς
3372 798 3656 869 ἁμαρτίας

395 889 471 955 vit
491 941 506 966 ,
540 910 592 955 et
621 900 988 954 celebritatem
1019 897 1194 952 lzetam
1231 897 1424 952 rationi
1455 905 1879 952 consentaneam
1909 904 1965 952 et

2088 897 2362 968 ιπήλειψε,
2399 897 2709 966 πανήγυριν
2735 893 2791 946 δὲ
2815 893 3038 963 λογικὴν
3078 895 3172 947 καὶ
3199 892 3348 946 θείαν
3380 891 3656 946 ἀποδέδω-

393 993 624 1048 divinam
655 1005 752 1062 pro
779 990 904 1049 ﬂetu
938 988 1192 1045 reddidit.
2073 1005 2188 1044 κεν.

1407 1077 1534 1134 CAP.
1558 1075 1698 1135 XIV.
1728 1075 1811 1131 Ea:
1841 1073 2003 1131 Pauli
2031 1079 2251 1148 apostoli
2281 1077 2628 1131 conversione.

461 1171 657 1231 Nescio
685 1189 752 1228 an
783 1171 1096 1242 Apostolum
1122 1170 1503 1237 criminantur,
1539 1180 1594 1225 et
1622 1171 1674 1224 in
1709 1169 1968 1239 apostolis

2139 1173 2253 1225 Οὐκ
2276 1165 2392 1224 οἶδα
2418 1170 2477 1224 δὲ
2505 1171 2554 1222 εί
2575 1169 2670 1222 καὶ
2709 1168 2801 1223 τὸν
2827 1169 3148 1223 Ἀπόστολον
3173 1168 3574 1231 διαϐάλλουσιν.
3616 1159 3650 1230 ἢ

393 1274 683 1320 numerant
705 1274 924 1334 propter
950 1279 1104 1320 nova.
1135 1262 1192 1318 Si
1219 1277 1358 1318 nova
1388 1262 1634 1326 laudant,
1661 1261 1788 1330 quid
1816 1262 1969 1316 aiunt

2088 1279 2126 1312 ;ν
2158 1263 2269 1324 τοῖς
2311 1260 2627 1322 ἀποστόλοις
2651 1260 2811 1314 αὑτὸν
2859 1259 3168 1331 ἐγκρίνουσι
3214 1260 3302 1314 διὰ
3346 1261 3419 1314 τὰ
3445 1261 3562 1315 νέα.
3592 1261 3655 1313 Ei

393 1359 460 1413 de
489 1370 554 1412 eo
577 1365 796 1427 propter
837 1367 1016 1410 vetera
1037 1394 1054 1421 ,
1097 1370 1202 1409 non
1231 1355 1378 1408 enim
1408 1355 1589 1424 priora
1619 1368 1739 1408 cum
1783 1365 1966 1423 poste-

2088 1352 2172 1404 ιέν
2201 1353 2308 1421 γὰρ
2337 1352 2424 1406 διά
2451 1352 2520 1419 τά
2555 1351 2759 1405 παλαιά
2790 1353 3154 1415 διαϐάλλουσι,
3186 1353 3242 1405 τί
3262 1351 3448 1422 ἐροῦσι
3473 1352 3566 1406 διὰ
3588 1352 3654 1405 τὰ

394 1450 630 1506 rioribns
652 1448 996 1503 conveniunt.
1028 1446 1208 1517 Lupus
1233 1457 1353 1501 erat
1379 1445 1606 1509 Paulus,
1639 1455 1693 1499 et
1725 1457 1970 1515 repertus

2088 1447 2171 1501 ρέα
2193 1449 2307 1512 ;—El
2328 1446 2383 1500 δὲ
2407 1446 2475 1500 τὰ
2497 1446 2590 1499 νέα
2615 1445 2930 1510 ἐπαινοῦσι,
2958 1447 3010 1499 τι
3047 1463 3181 1515 φασι
3211 1446 3300 1499 διά
3319 1447 3388 1500 τὰ
3419 1445 3650 1508 παλαιάς

393 1552 477 1597 est
506 1530 728 1614 pastor;
771 1539 1072 1605 mactabat,
1116 1547 1171 1592 et
1209 1538 1366 1592 hodie
1408 1547 1658 1602 sculmn;
1713 1547 1969 1606 tanquam

2088 1540 2134 1592 ›ύ
2169 1540 2277 1609 γὰρ
2315 1538 2526 1609 συνῳδὰ
2555 1539 2623 1592 τά
2650 1537 2843 1609 πρῶτα
2870 1540 2981 1600 τοῖς
3023 1537 3293 1607 δευτέροις
3315 1553 3329 1567 ο
3359 1537 3522 1601 λύκος
3564 1533 3653 1609 ἦν,

394 1642 762 1704 propugnator
811 1631 1124 1700 sanguinem
1170 1630 1347 1700 gregis
1392 1629 1614 1686 fundere
1658 1630 1863 1694 voluit,
1914 1641 1970 1684 et

2088 1631 2169 1683 mi
2199 1631 2402 1701 ποιμὴν
2435 1630 2653 1701 εύρέθτγ
2687 1630 2926 1700 ἀναιρῶν
2953 1625 3040 1699 ἢν,
3072 1630 3166 1684 και
3193 1631 3432 1699 σήμερον
3466 1630 3651 1682 ὅπλον·

395 1726 462 1780 ad
485 1733 780 1780 extremum
806 1722 1057 1794 periculis
1079 1737 1135 1776 se
1158 1723 1364 1792 objicit,
1391 1731 1440 1777 et
1467 1723 1783 1793 sanguinem
1809 1737 1965 1777 suum

2088 1722 2150 1784 is;
2197 1692 2633 1791 ὑπερασπιστὴς,
2678 1721 2748 1774 τὰ
2795 1692 3002 1790 αἵματα
3029 1692 3145 1790 τῆς
3193 1692 3395 1790 ἀγέλης
3443 1721 3654 1790 ἐκχέειν

396 1814 720 1884 profundere
743 1814 967 1869 studuit.
999 1811 1115 1867 Non
1143 1815 1285 1866 enim
1317 1828 1506 1870 recens
1535 1826 1690 1870 natus
1713 1852 1729 1878 ,
1759 1821 1813 1867 et
1841 1830 1964 1868 cum

2088 1815 2414 1884 προῄρηται,
2450 1811 2543 1863 καὶ
2569 1810 2630 1864 τὸ
2659 1811 2958 1864 τελευταῖον
2981 1809 3298 1872 κινδυνεύει,
3320 1811 3415 1863 καὶ
3432 1811 3491 1863 τὸ
3517 1807 3654 1880 αἷμα

395 1905 583 1962 dolore
612 1914 800 1976 partus
831 1919 896 1960 ex
936 1915 1091 1960 utero
1115 1905 1292 1959 editus
1312 1943 1327 1968 ,
1358 1921 1528 1974 usque
1556 1907 1620 1959 ad
1649 1916 1860 1976 tempus
1889 1919 1972 1960 se.

2088 1903 2132 1956 τὸ
2169 1904 2296 1957 ῖδιον
2332 1904 2546 1973 ἐκχέειν
2593 1902 2945 1956 ἐσπούδασεν.
2976 1903 3048 1955 Οὐ
3095 1902 3202 1972 γὰρ
3243 1901 3367 1972 ἀρτι
3418 1901 3652 1971 τεχθεὶς,

396 1995 624 2064 pulturze
655 1994 708 2048 in
740 1994 927 2049 eodem
958 2005 1100 2049 statu
1129 1995 1531 2062 perseveravit,
1557 1998 1649 2050 sed
1680 1996 1859 2066 potius
1883 2010 1974 2050 va-

403 2084 499 2140 riis
531 2085 925 2140 mutationibus
962 2099 1025 2140 ac
1054 2086 1503 2141 conversiOnibus
1537 2102 1663 2142 usus
1693 2094 1795 2143 est.
1833 2087 1972 2142 Fau-

2074 1991 2168 2046 xat‘t
2223 1991 2321 2062 τὴν
2349 1991 2512 2044 ὠδῖνα
2563 1991 2662 2064 τῆς
2717 1994 2929 2062 μήτρας
2962 1989 3243 2061 παρελθὼν
3275 1990 3466 2060 μέχρις
3509 1989 3655 2060 ὥρας

2072 2081 2165 2135 τοῦ
2201 2083 2482 2153 μνήματος
2516 2083 2544 2134 ό
2570 2081 2730 2146 αὐτὸς
2759 2081 2984 2134 διετέλει
3005 2097 3017 2110 ·
3057 2081 3191 2134 ἀλλά
3236 2081 3504 2152 κέχρηται
3535 2097 3656 2133 ποι-

399 2187 540 2232 stum
575 2177 791 2246 quidem
827 2177 991 2233 linem
1025 2188 1245 2242 nactus,
1297 2178 1419 2232 vitae
1462 2194 1590 2234 vero
1640 2179 1976 2235 institutione

2088 2175 2251 2238 ιιίλαις
2285 2174 2599 2243 διαλλαγαῖς
2631 2175 2725 2228 καὶ
2758 2173 3098 2244 μεταϐολαῖς·
3129 2175 3301 2226 αἶσιον
3330 2173 3429 2243 μὲν
3461 2173 3525 2226 τὸ
3573 2173 3658 2226 τέ·

398 2268 663 2338 superiori
691 2270 964 2324 contraria
992 2285 1141 2334 usus,
1172 2285 1277 2323 non
1305 2270 1608 2335 erubescit,
1635 2284 1809 2340 neque
1832 2280 1976 2324 tacet

396 2366 604 2413 vetera.
655 2355 892 2412 Laudem
941 2358 1063 2412 vine
1110 2373 1260 2412 novae
1306 2359 1512 2427 putavit
1542 2373 1700 2420 esse,
1733 2359 1876 2428 quod
1911 2373 1973 2413 es

401 2460 553 2506 tanta
587 2452 948 2521 perversitate
977 2466 1229 2520 egresstns
1253 2489 1267 2512 ,
1297 2449 1362 2502 ad
1392 2459 1596 2504 tantum
1630 2450 1841 2504 culmen
1869 2450 1975 2502 vir-

403 2541 533 2597 tutis
558 2556 806 2598 reversus
837 2553 938 2606 est,
966 2551 1020 2596 et
1044 2541 1272 2594 clamat:
1298 2539 1515 2609 Propter
1534 2544 1630 2595 hoc
1654 2539 1806 2596 Jesus
1826 2540 1979 2595 Chri-

2075 2267 2166 2331 λος
2219 2268 2540 2338 εὑράμενος,
2595 2266 2940 2338 παλιμφήμῳ
2987 2266 3042 2318 δέ
3091 2266 3435 2337 χρησάμενος
3464 2268 3532 2336 τῇ
3563 2266 3658 2336 νέᾳ

2075 2361 2335 2432 διαγωγῇ·
2367 2361 2579 2430 ἀμέλει,
2610 2360 2711 2413 οὐκ
2734 2358 2981 2432 ἐρυθριᾷ,
3015 2359 3074 2411 οὺ
3109 2359 3286 2428 σιωπᾷ
3332 2359 3400 2412 τά
3431 2359 3655 2416 παλαια·

2079 2451 2352 2522 ἐγκώμιον
2381 2452 2474 2506 τοῦ
2513 2452 2633 2504 νέου
2666 2451 2778 2522 βίου
2808 2450 3112 2520 νενόμικεν,
3148 2449 3229 2502 ὅτι
3276 2449 3342 2502 ἐκ
3391 2449 3660 2519 τοσαύτης

2079 2542 2414 2613 φαυλότητος
2465 2540 2779 2612 παρελθὼν,
2831 2540 2923 2592 ἐπὶ
2966 2538 3298 2610 τηλικαύτην
3349 2538 3658 2611 ἀκρώρειαν

406 2643 513 2687 stus
546 2635 677 2690 venit
722 2633 776 2687 in
818 2636 1102 2697 mundum,
1134 2643 1186 2686 ut
1221 2643 1513 2700 peccatores
1559 2632 1731 2687 salvos
1761 2635 1976 2701 Iaceret,

2088 2633 2177 2704 τῆς
2209 2633 2413 2704 ἀρετῆς
2444 2630 2759 2703 ἀνελήλυθε,
2790 2631 2882 2683 καὶ
2906 2630 3004 2702 βοᾷ
3023 2648 3037 2661 ο
3067 2632 3170 2683 Διὰ
3199 2630 3377 2684 τοῦτο
3420 2631 3659 2698 Ἰησοῦς

401 2739 623 2794 quorum
670 2724 869 2792 primus
919 2739 1012 2793 ego
1064 2739 1199 2779 sum.
1235 2720 1336 2776 Sed
1391 2722 1507 2775 ideo
1563 2723 1980 2778 misericordiam

406 2823 712 2870 consecutus
763 2829 905 2876 sum,
956 2822 1009 2864 ut
1062 2813 1115 2864 in
1166 2827 1246 2864 me
1285 2811 1450 2878 primo
1499 2813 1786 2867 ostenderet
1825 2813 1980 2866 Jesus

404 2918 606 2956 omnem
651 2904 956 2970 patientiam
1003 2903 1071 2955 ad
1127 2901 1553 2970 informationem
1608 2902 1850 2970 illorum,
1892 2904 1981 2974 qui

405 2990 654 3046 credituri
682 3002 800 3046 sunt
833 2991 909 3044 illi
939 2991 993 3044 in
1026 2990 1184 3044 vitam
1214 2998 1460 3044 wternam
1493 2990 1559 3046 “.

2079 2724 2332 2792 Χριστὸς
2359 2720 2545 2794 ἦλθεν
2581 2725 2668 2788 είς
2699 2721 2804 2774 τὸν
2832 2721 3065 2789 κόσμον
3083 2761 3098 2785 ,
3132 2719 3521 2789 ἁμαρτωλοὺς
3547 2719 3662 2775 σῶς

2081 2832 2206 2878 σαι,
2243 2809 2330 2869 ὧν
2377 2815 2609 2882 πρῶτός
2636 2815 2751 2882 ειμι
2787 2810 2928 2881 ἐνόν
2961 2812 3122 2866 ἀλλὰ
3145 2813 3243 2866 διὰ
3279 2810 3456 2866 τοῦτο
3475 2811 3662 2880 ,ἠλεή-

2082 2911 2215 2974 θην,
2245 2907 2344 2959 ἵνα
2381 2905 2722 2974 ἐνδείξηται
2754 2901 2994 2970 Ἰησοῦς
3024 2903 3095 2956 ἐν
3120 2904 3249 2974 ἐμοὶ
3275 2902 3392 2971 τὴν
3414 2901 3662 2958 ἅπασαν

2082 2992 2267 3047 αὑτοῦ
2283 2991 2717 3062 μακροθυμίαν,
2763 2987 2912 3056 πρὸς
2958 2991 3348 3046 ὑποτύπωσιν
3382 2987 3660 3059 (Eirsz-

2005 3077 2314 3156 θελόντων
2331 3085 2659 3138 πιστεύειν.

1463 3194 1593 3250 CAP.
1633 3193 1750 3251 XV.
1773 3193 2010 3263 Apostoli
2035 3199 2264 3268 primunt
2289 3209 2608 3267 peccatores.

474 3290 608 3346 Cum
665 3299 843 3345 autem
882 3291 1104 3346 chorum
1160 3289 1524 3360 apostolorum
1588 3291 1980 3356 contemplabi-

407 3397 549 3450 mur,
574 3381 926 3450 intelligemus
950 3397 1018 3437 ex
1047 3383 1416 3456 peccatoribus
1447 3392 1499 3434 et
1531 3380 1770 3450 profanis
1802 3382 1984 3435 homi-

408 3473 566 3530 nibus
597 3473 764 3530 luisse
795 3474 1099 3540 collectum,
1150 3473 1240 3544 qui
1273 3473 1438 3527 multa
1466 3473 1592 3527 olim
1627 3483 1982 3541 peccaverant

408 3575 465 3620 et
491 3582 595 3622 non
618 3575 748 3622 sunt
770 3566 997 3635 amplius
1022 3580 1207 3621 errore
1238 3565 1404 3634 lapsi;
1440 3565 1492 3619 in
1524 3566 1718 3634 quibus
1742 3565 1846 3618 duo
1868 3564 1984 3619 fne-

410 3664 556 3725 runt,
584 3657 759 3728 lapsos
793 3657 980 3721 luisse,
1016 3668 1070 3712 et
1103 3672 1211 3712 non
1235 3657 1344 3726 iam
1369 3657 1547 3726 lapsos
1571 3672 1712 3711 esse.
1765 3655 1915 3722 Quod
1937 3655 1984 3710 si
2003 3675 2024 3723 ε

413 3749 552 3802 mala
610 3759 802 3802 natura
834 3747 1037 3818 praediti
1100 3747 1348 3814 fuissent,
1381 3763 1594 3816 semper
1628 3757 1981 3816 peccassent;

413 3854 622 3905 rursus,
673 3839 716 3894 si
755 3841 891 3892 bena
943 3847 1158 3901 natura,
1216 3853 1486 3906 nunquam
1534 3845 1852 3906 peccassent
1895 3838 1984 3891 :si

418 3945 544 3986 vero
577 3931 629 3982 in
666 3929 847 3983 multis
876 3928 1031 3997 lapsi,
1067 3938 1119 3981 et
1153 3943 1274 3982 cum
1319 3927 1480 3981 multa
1517 3935 1736 3996 peccata
1765 3927 1986 3980 commi-

415 4023 633 4084 sissent,
659 4035 724 4074 eo
749 4031 1034 4074 evaserunt
1068 4031 1120 4073 ut
1150 4035 1254 4072 non
1296 4029 1600 4087 peccarent,
1642 4029 1697 4071 et
1729 4019 1793 4070 ad
1825 4019 1985 4070 vitam

2163 3294 2330 3347 Ὅταν
2357 3293 2414 3346 δὲ
2451 3294 2546 3348 και
2574 3295 2674 3366 τὴν
2703 3294 2922 3366 χορείαν
2961 3295 3070 3348 τῶν
3096 3292 3410 3349 ἀποστόλων
3443 3291 3661 3364 ῑδωμεν,

2083 3385 2142 3449 ἐξ
2169 3384 2510 3456 ἁμαρτωλῶν
2551 3385 2717 3457 αὐτὴν
2771 3385 3029 3456 εἰσόμεθα
3063 3386 3158 3439 καὶ
3185 3383 3426 3456 βεϐήλων
3454 3381 3664 3453 ἀνθρώ-

2084 3493 2222 3538 πων,
2239 3519 2244 3526 .
2263 3476 2358 3529 καὶ
2390 3475 2562 3532 πολλὰ
2589 3477 2649 3532 τὸ
2675 3476 2903 3531 παλαιὸν
2946 3477 3300 3538 ἐπταικότων,
3331 3475 3424 3529 καὶ
3467 3473 3666 3545 μηκέτι

2084 3567 2395 3638 σφαλεύτων
2425 3569 2470 3640 (1
2487 3570 2554 3640 t),
2578 3569 2760 3624 καὶτὰ
2786 3569 2878 3622 δύο
2903 3568 3228 3640 ἐσχηκότων,
3270 3566 3366 3620 καὶ
3391 3564 3463 3619 τά
3496 3564 3665 3618 πολλά

2090 3659 2377 3728 ἐσφάλθαι.
2431 3659 2495 3712 Ei
2553 3655 2782 3731 μὲνοῦν
2841 3658 3054 3729 φύσεως
3110 3654 3250 3729 ἦσαν
3310 3655 3525 3726 κακῆς,
3577 3655 3665 3708 ἀεὶ

2083 3750 2322 3806 ἔπταιον·
2355 3753 2402 3803 ει
2428 3749 2484 3803 δὲ
2514 3749 2726 3819 φύσεως
2748 3749 2939 3820 καλῆς,
2965 3749 3216 3804 οὐδέποτε
3241 3747 3463 3802 ἐπταιον
3481 3763 3498 3777 θ
3528 3747 3579 3800 sl
3609 3745 3667 3801 δέ

2086 3842 2260 3898 πολλὰ
2301 3841 2620 3911 σφαλέντες,
2652 3844 2745 3898 καὶ
2781 3843 2989 3913 μεγάλα
3011 3842 3447 3914 ἀμαρτήσαντες,
3480 3839 3576 3892 ἐπὶ
3605 3836 3668 3894 τὺ

2091 3935 2164 4005 μὴ
2205 3933 2541 4006 ἁμαρτάνειν
2592 3934 2901 4000 ἐληλύθασι,
2953 3933 3048 3988 και
3081 3935 3172 3986 ἐπὶ
3197 3932 3259 3986 τὸ
3306 3931 3545 4000 ἀσφαλὲς
3575 3929 3665 4000 βε-

2088 4025 2346 4079 ϐιωκέναι
2373 4021 2556 4096 ἦλθον,
2581 4025 2855 4080 δείκνυται
2877 4027 2906 4078 ό
2931 4026 3029 4095 τῆς
3067 4024 3244 4094 ψυχῆς
3267 4023 3390 4093 ὅρος
3412 4021 3668 4088 αὐτεξού-

416 4111 484 4168 ab
523 4109 1048 4181 erroribusliberam
1107 4111 1457 4173 devenerunt,
1493 4117 1703 4162 coitstat
1739 4116 1984 4161 naturam

2091 4133 2202 4179 σιος
2230 4115 2304 4168 ὢν
2336 4117 2430 4172 καὶ
2477 4118 2957 4189 αὑτοπροαίρετος.
2995 4114 3069 4186 μὴ
3115 4113 3251 4185 πρός
3284 4129 3335 4166 τι
3382 4112 3666 4182 πεφυκὼς.

416 4204 611 4258 anima:
640 4199 794 4256 liberi
825 4199 1035 4254 arbitrii
1069 4215 1133 4254 ac
1159 4197 1467 4253 voluntatis.
1487 4211 1628 4264 esse,
1659 4212 1762 4251 non
1784 4197 1849 4251 ad
1889 4197 1991 4250 ali-

417 4294 547 4364 quid
579 4301 771 4348 natura
797 4293 1016 4356 laetam,
1073 4292 1167 4347 sed
1201 4291 1463 4346 electione
1487 4291 1811 4345 mutationes
1835 4303 1994 4359 cape-

417 4374 512 4451 re;
546 4399 866 4456 quocunque
905 4383 1018 4438 vult
1066 4398 1124 4438 se
1149 4391 1359 4438 vertere
1388 4392 1440 4438 et
1472 4383 1666 4448 redire,
1701 4397 1808 4450 quo
1848 4381 1990 4434 redi-

419 4486 531 4530 tum
583 4475 768 4546 eligit;
807 4484 862 4530 et
908 4475 1175 4530 interdum
1228 4475 1306 4530 sic
1337 4475 1551 4544 degere,
1581 4473 1850 4528 interdum
1889 4472 1989 4536 sic,

2090 4207 2407 4278 προαιρέσει
2436 4208 2492 4262 δὲ
2514 4209 2614 4279 τὴν
2644 4207 2945 4279 μεταϐολὴν
2982 4207 3318 4275 ποιούμενος,
3343 4205 3439 4258 καὶ
3475 4204 3671 4276 τρεπό-

2094 4316 2251 4369 μενος
2277 4300 2408 4353 όπου
2437 4301 2531 4353 καὶ
2561 4299 2828 4369 βούλεται,
2872 4299 2966 4352 καὶ
2989 4295 3391 4368 παλινδρομῶν,
3417 4296 3552 4348 ὃπου
3575 4294 3670 4347 καὶ

2091 4392 2436 4462 προαιρεῖται
2458 4406 2472 4420 ⁸
2508 4392 2602 4445 και
2637 4391 2713 4461 πῆ
2751 4392 2870 4460 μὲν,
2903 4389 3042 4442 οῦτω
3063 4388 3303 4456 διάγων.-
3322 4387 3398 4457 πῆ
3420 4387 3501 4449 δέ,
3528 4385 3669 4440 οῦτω

2093 4485 2186 4537 κα)⁸
2224 4483 2368 4537 οὕτω
2427 4484 2630 4551 διάγων
2669 4483 2743 4546 ὡς
2777 4482 3054 4553 βούλεται·
3119 4482 3214 4535 καὶ
3264 4480 3363 4550 τὴν
3415 4478 3669 4549 βούλησιν

417 4577 478 4623 ιιι
503 4567 636 4633 vult,
665 4567 870 4622 faciens
913 4567 1244 4621 voluntatem
1279 4581 1431 4620 suam
1486 4580 1729 4619 normam
1770 4579 1984 4619 suarum

2093 4575 2306 4638 ἐαυτοῦ,
2342 4576 2540 4629 κανόνα
2572 4574 2678 4628 τῶν
2721 4573 3062 4644 πραγμάτων
3095 4570 3287 4624 ἐαυτοῦ
3317 4569 3665 4638 ποιούμενος·

421 4673 601 4714 rerum
641 4676 654 4713 :
686 4673 874 4712 norma
901 4657 1044 4711 enim
1073 4655 1301 4711 actionis
1340 4667 1422 4710 est
1449 4655 1694 4710 voluntas
1721 4639 2034 4710 facientis.u

422 4749 480 4806 Si
511 4759 688 4804 autem
720 4763 838 4817 qua:
857 4749 1083 4802 oderant
1104 4747 1427 4810 dilexerunt,
1458 4753 1510 4800 et
1550 4761 1668 4815 qua:
1694 4745 1993 4800 dilexerant

420 4850 672 4908 oderunt,
699 4853 754 4898 et
807 4855 910 4896 non
943 4839 1039 4894 fuit
1067 4839 1329 4894 sententia
1379 4839 1482 4892 [ira
1532 4839 1584 4892 in
1613 4839 1754 4903 odio,
1791 4839 1882 4892 sed
1911 4839 1993 4890 in-

422 4946 536 4992 star
566 4934 800 4990 volucris
824 4933 1013 4987 leviter
1050 4947 1108 4986 se
1145 4931 1400 4985 transfert
1441 4944 1546 4998 quo
1576 4930 1866 4992 desiderat,
1903 4928 1991 4982 ubi

421 5037 505 5081 est
569 5025 802 5080 natura?
851 5022 1074 5092 Oportet
1122 5023 1263 5076 enim
1316 5030 1564 5076 naturam
1615 5033 1733 5087 quze
1781 5034 2032 5088 semper,_

423 5115 556 5177 odit,
581 5127 798 5182 semper
821 5113 946 5166 odio
973 5112 1174 5166 habere
1206 5109 1344 5179 quod
1376 5109 1519 5174 odit;
1554 5118 1607 5162 et
1632 5123 1750 5178 quae
1778 5123 1994 5176 semper

425 5213 591 5265 amat,
647 5217 860 5272 semper
911 5217 1095 5257 amare
1147 5202 1287 5272 quod
1341 5198 1578 5264 amavit;
1631 5210 1686 5252 et
1736 5213 1840 5253 non
1883 5199 1992 5269 jam

423 5308 607 5348 amare
633 5308 754 5365 qua:
778 5294 900 5350 odio
932 5294 1141 5358 habuit,
1165 5305 1336 5363 neque
1359 5305 1478 5361 quze
1513 5288 1714 5345 amavit
1743 5288 1867 5346 odio
1894 5291 1994 5344 ha-

498 5432 544 5466 “
582 5430 599 5484 I
633 5428 775 5484 Tim.
811 5426 1000 5496 1,15,
1042 5431 1124 5486 ιδ.

530 5587 612 5659 ιθ)
647 5588 755 5644 Kal
780 5588 1180 5659 παλινδρομεῖ.
1211 5587 1313 5645 Ista
1339 5589 1654 5659 exciderunt
1679 5588 1980 5658 interpreti.

530 5590 591 5644 ιθ
647 5590 755 5644 Kal
780 5590 1180 5659 παλινδρομεῖ.
1211 5590 1313 5645 lsta
1339 5590 1654 5645 exciderunt
1679 5590 1980 5658 interpreti.

443 5726 450 5729 Α
498 5590 612 5734 illi
641 5661 1018 5730 zsoadwewr.
1080 5661 1218 5731 Lege
1260 5658 1588 5730 σφαλέντων,
1621 5660 1832 5717 ctinlra
1863 5674 2000 5730 σφα-

2092 4663 2268 4718 κανὼν
2297 4663 2405 4734 γὰρ
2435 4663 2682 4735 πράξεως
2703 4664 2735 4733 ἡ
2760 4661 3008 4733 βούλησις
3035 4661 3126 4714 τοῦ
3149 4659 3516 4730 ἐργαζομένου
3544 4675 3672 4726 τυγ-

2093 4752 2264 4821 χάνει.
2325 4753 2387 4806 Εἰ
2417 4753 2473 4806 δὲ
2497 4753 2533 4807 ἀ
2565 4753 2922 4824 μεμισήκασι,
2953 4750 3305 4820 πεφιλήκασι,
3331 4749 3424 4802 καὶ
3446 4749 3482 4804 ἃ
3508 4767 3667 4819 πεφι-

2093 4842 2312 4911 λήκασι,
2343 4846 2702 4920 μεμισήκαςι,
2736 4844 2829 4896 καὶ
2850 4843 2910 4896 οὐ
2940 4843 3185 4914 πέπηγεν
3211 4844 3242 4912 ἡ
3284 4840 3475 4912 γνώμη
3510 4842 3569 4894 ἐν
3595 4841 3669 4912 τῷ

2099 4932 2262 5002 μίσει,
2317 4933 2449 4987 ἀλλὰ
2503 4934 2706 5004 πτηνοῦ
2734 4935 2888 5004 δίκην
2925 4933 3140 5002 κούφως
3170 4932 3514 5004 μεθίσταται,
3541 4935 3667 4987 ὅπου

2063 5023 2188 5076 Ιικαὶ
2217 5022 2398 5077 ποθεῖο
2437 5025 2538 5078 ποῦ
2573 5027 2604 5096 ἡ
2655 5025 2844 5096 φύσις;
2891 5028 2981 5078 Δεῖ
3008 5025 3117 5096 γὰρ
3153 5025 3250 5096 τὴν
3293 5025 3452 5094 φύσιν
3488 5024 3669 5095 μισοῦ·

2102 5127 2220 5174 σαν,
2254 5113 2340 5164 ἀεὶ
2369 5117 2548 5184 μισεῖν
2577 5115 2638 5168 τὸ
2677 5115 2924 5186 μισηθέν,
2955 5115 3046 5168 καὶ¹
3079 5113 3356 5182 φιλοῦσαν,
3389 5114 3475 5168 ἀεὶ
3505 5114 3668 5183 φιλεῖν

2099 5203 2159 5255 τὸ
2187 5203 2442 5274 φιληθέν·
2499 5207 2693 5278 μηκέτι
2731 5206 2796 5260 τὰ
2837 5206 3182 5278 μεμισημένα
3214 5207 3408 5276 φιλεῖν,
3447 5207 3580 5276 μηδὲ
3606 5204 3670 5258 τὰ

2101 5295 2448 5367 πεφιλημένα
2484 5300 2696 5369 μισεῖν·
2739 5299 2874 5352 ὅπου
2909 5296 3020 5366 γὰρ
3067 5297 3419 5353 ἀλλάττονται
3448 5299 3504 5350 αι
3539 5296 3670 5366 γνῶ-

2078 5583 2422 5712 λιξῖῑίῗιρτο
2445 5582 2765 5656 σφαλειῐτες,
2791 5587 2934 5657 quod
2959 5588 3182 5646 verbum
3207 5595 3290 5646 est
3315 5585 3490 5645 nihili.
3514 5587 3666 5646 Εοιτ.
