3858 6318
193 341 300 396 913
1132 353 1192 410 S.
1240 354 1659 412 SERAPIONIS
1696 356 1716 410 Ι

1965 358 2102 416 ιον.
2142 356 2587 416 autumas.
3383 341 3488 414 sil

197 475 319 528 μαι.
348 461 450 514 καὶ
478 462 808 536 τηλικαῦται
845 469 1020 536 φιλίαι
1049 472 1308 538 τοιαύτας
1340 474 1683 546 λαμϐάνουσι
1708 491 1720 521 ι

1966 491 2056 532 :re.
2079 475 2181 533 Ubi
2200 485 2379 531 autem
2399 477 2680 531 sententia:
2697 483 2976 532 mutantur
2988 483 3044 532 et
3070 482 3147 532 tot
3162 475 3489 530 mutationes

199 553 532 623 μεταϐολὰς,
562 557 683 622 πῶς
707 560 809 614 οὐκ
837 560 904 616 ἂν
933 563 1019 636 εἴη
1052 564 1258 636 ἅμιλλα
1283 567 1345 620 τὸ
1375 565 1651 638 πρᾶγμα-’ἶ

1967 567 2122 635 piunt
2150 566 2428 632 amicitiae,
2448 567 2574 635 quid
2593 566 2738 622 aliud
2769 581 2856 623 res
2882 575 2966 623 est
2991 580 3154 638 quam
3175 575 3448 622 certamen
3466 564 3489 619 τ

1009 655 1142 711 Car.
1171 656 1312 712 XVI.
1343 656 1653 713 S'tbslantt'a
1680 657 1864 712 eadem
1892 668 2014 712 ante
2050 667 2102 712 et
2136 668 2250 726 post
2282 659 2688 715 conversionem.

276 743 565 816 Ἐμισεῖτὸ
616 765 748 803 ποτε
801 751 832 804 ό
869 751 1080 823 Ἰησοῦς
1131 754 1239 808 ὑπὸ
1288 753 1387 808 τοῦ
1419 753 1660 818 Παύλου,
1709 753 1799 807 καὶ

1984 753 2298 810 [labebatur
2350 755 2641 826 aliquando
2668 752 2826 812 Iesus
2855 756 2978 811 odio
3012 769 3042 809 a
3074 753 3261 819 Paulo,
3289 760 3346 808 et
3377 765 3487 807 ma.

201 834 340 890 ιεάνυ
387 839 691 910 πεφίληται
753 842 860 896 ὑπὸ
910 843 1006 896 τοῦ
1071 846 1478 917 μεμισηκότος*
1507 845 1724 914 ὲφιλεῖτι

1964 861 2145 916 topere
2171 857 2383 903 amatus
2414 856 2495 903 est
2523 849 2592 902 ab
2620 861 2686 904 eo
2713 848 2804 918 qui
2838 849 3048 904 oderat.
3080 847 3380 902 Amabatur
3409 843 3487 897 Ia-

197 923 428 999 λῃστεία
488 929 596 984 ὑπὸ
617 931 711 984 τού
755 933 978 1008 λῃστοῦ,
1004 937 1098 990 καὶ
1128 937 1370 1007 ἐμισεῖτο
1399 938 1432 1008 ἡ
1471 937 1638 1008 ἀρετή
1661 953 1675 967 ο
1709 952 1720 987 ι

1961 937 2197 991 ocinium
2251 952 2280 991 a
2308 937 2537 1001 latrone,
2569 947 2624 993 et
2667 938 2794 994 odio
2816 947 2932 993 erat
2964 938 3167 1001 virtus;
3205 944 3254 989 et
3281 940 3484 989 tantam

195 1017 460 1072 τοσοῦτον
511 1022 774 1095 μετετέθη
830 1025 862 1095 ἡ
918 1025 1150 1089 διάνοια,
1201 1027 1277 1090 ὼς
1321 1026 1691 1098 ὑπερφιλῆσαι

1966 1029 2259 1084 utationcm
2292 1043 2444 1084 mens
2475 1029 2637 1099 cepit,
2668 1038 2725 1084 ut
2763 1030 2905 1099 quod
2937 1027 3092 1083 valde
3121 1027 3330 1089 oderat,
3364 1038 3482 1078 ma-

195 1109 342 1162 πάνυ
384 1115 766 1184 μεμισημένον
785 1133 799 1147 ο
855 1118 1016 1172 τοῦτο
1037 1119 1146 1190 γάρ
1180 1119 1310 1173 ἴδιόν
1338 1121 1453 1174 ἐστι
1488 1119 1582 1173 τοῦ
1611 1121 1718 1192 εὐα1

1961 1135 2142 1188 topere
2201 1132 2430 1176 amaret.
2494 1120 2605 1178 Hoc
2632 1121 2777 1177 enim
2808 1121 3081 1192 proprium
3113 1127 3198 1176 est
3245 1117 3364 1188 ejus
3392 1117 3483 1189 qui

193 1217 314 1266 του,
345 1205 579 1277 φιλῆσαι
616 1210 715 1279 μὲν
748 1211 811 1264 τὺ
834 1212 1088 1284 μισηθὲν,
1134 1217 1363 1285 μισῆσαι
1385 1214 1441 1268 δὲ
1468 1214 1529 1268 τδ
1553 1214 1714 1286 φιληθ

1962 1213 2088 1266 udio
2123 1212 2339 1268 virtutis
2391 1223 2624 1278 tenetur,
2679 1228 2864 1269 atnare
2919 1213 3136 1282 quidem
3175 1211 3318 1282 quod
3359 1209 3484 1266 odio

196 1294 396 1349 Πολλοὶ
429 1298 542 1352 νέοι
564 1300 715 1365 ὄντες
734 1306 1071 1377 πεφιλήκασι
1101 1305 1170 1359 τὰ
1192 1307 1415 1377 αἰσχρὰ,
1449 1307 1543 1362 καὶ
1566 1324 1719 1378 μεμκ

1960 1313 2220 1359 ιοδεειιιιιε
2275 1305 2474 1370 fuerat,
2527 1314 2582 1360 et
2617 1305 2742 1360 odio
2767 1304 2966 1361 habere
2994 1304 3137 1373 quod
3165 1311 3483 1374 prosecutus

195 1403 328 1440 κασι
357 1387 428 1442 τὰ
466 1392 672 1461 σεμνά·
738 1395 835 1448 καὶ
884 1398 1127 1468 σήμερον
1186 1399 1244 1450 ὲν
1278 1396 1478 1466 γνώσει
1514 1399 1718 1466 γεγονό·

1959 1410 2110 1449 nore.
2127 1395 2266 1464 Quin
2287 1397 2397 1450 imo
2417 1395 2788 1451 adolescentes
2815 1396 3117 1464 voluptates
3137 1395 3482 1458 adamatum,

192 1478 616 1552 διακέκρινται·
675 1485 766 1539 διὰ
798 1487 958 1542 τοῦτο
997 1489 1119 1543 οὐδὲ
1182 1490 1639 1558 ὲπιγινώσκονται
1661 1509 1674 1522 ·
1711 1515 1715 1536 ‹

1998 1485 2223 1541 honesta
2267 1486 2395 1541 odio
2457 1486 2783 1543 habuerunt.
2851 1484 3021 1540 Hodie
3071 1483 3344 1562 cernimus
3389 1495 3483 1535 eos

194 1573 360 1628 τοῦτο
387 1577 732 1645 ἠγωνίσαντο
754 1580 968 1645 ἑαυτοῖς
987 1599 1000 1611 ο
1035 1582 1124 1636 διὰ
1152 1581 1310 1636 τοῦτο
1343 1582 1464 1636 οὐδὲ
1492 1584 1677 1637 εἰκόνα
1701 1601 1717 1636 1

1963 1575 2095 1630 sein
2125 1575 2350 1631 scientia
2381 1585 2437 1631 et
2469 1576 2805 1645 cognitione;
2831 1573 3034 1629 idcirco
3063 1585 3162 1628 nec
3181 1584 3485 1640 agnoscun-

194 1664 444 1719 παλαιὰν
509 1663 900 1738 λαμϐάνουσιί
947 1671 1126 1726 καίτοι
1175 1673 1454 1744 ἄνθρωποι
1505 1674 1600 1728 καὶ
1645 1675 1714 1728 αὑ

1964 1681 2031 1732 r;
2077 1667 2278 1723 idcirco
2304 1682 2490 1724 secum
2528 1673 2908 1732 certaverunt;
2938 1662 3139 1719 idcirco
3166 1677 3266 1718 nec
3297 1659 3485 1730 imagic

193 1757 360 1811 εἰσιν.
417 1758 500 1814 Οὐ
534 1761 630 1815 τοῦ
675 1758 814 1818 εἶναι
845 1764 1123 1835 ἄνθρωποι
1163 1766 1500 1820 ἐπαύσαντοο
1532 1767 1716 1839 μενούε

1960 1774 2026 1814 ειιι
2055 1769 2293 1814 veterem
2339 1769 2604 1814 sumunt:
2638 1766 2694 1813 at
2729 1759 2974 1815 homines
3027 1766 3175 1822 sunt,
3222 1764 3274 1810 et
3319 1753 3483 1807 iidem

193 1849 296 1920 τῆς
325 1851 547 1917 οὐσίας,
601 1856 662 1908 ού
701 1857 954 1927 μένουσιν
981 1861 1030 1911 ol
1067 1859 1280 1930 τρόποι.
1317 1859 1383 1912 Αἱ
1411 1859 1592 1913 οὐσίαι
1612 1859 1672 1913 οὺ
1703 1859 1716 1912 1

1968 1857 2045 1903 nt.
2071 1847 2186 1903 Non
2215 1847 2496 1906 desierunt
2521 1863 2645 1906 esse
2677 1850 2960 1915 homines;
2997 1857 3249 1903 manente
3283 1843 3483 1912 alioqui

193 1941 409 2006 λυνται,
441 1946 491 1998 οἱ
540 1945 599 1999 δὲ
629 1949 821 2018 τρόποι
864 1949 1282 2024 καταλέλυνται·
1315 1951 1446 2023 ἔστη
1485 1951 1585 2023 μὲν
1617 1953 1651 2024 ἡ
1677 1953 1716 2006 ὲε

1958 1938 2223 2004 ιὶιειιιιιιὶε,
2281 1954 2385 1994 ιιοιι
2445 1949 2668 1996 manent
2724 1953 2923 1995 mores.
2986 1937 3316 1994 Substantia:
3379 1948 3481 1989 non

197 2047 326 2086 στου
349 2034 536 2099 οὐσία,
563 2037 597 2108 ἡ
622 2037 716 2090 τοῦ
752 2038 1041 2118 ἀνθρώπου
1065 2040 1222 2096 οὐσία
1241 2058 1255 2072 °
1295 2041 1408 2096 ἀλλ’
1443 2041 1628 2096 οὐκέτι
1657 2059 1720 2113 γν

1958 2040 2026 2085 int
2049 2031 2261 2095 soluta,
2286 2047 2465 2086 mores
2490 2032 2685 2087 sublati
2711 2042 2857 2087 sunt.
2891 2030 3325 2099 Uniuscujusque
3355 2026 3481 2082 sub-

197 2123 338 2193 ρίζω
367 2125 462 2179 τὸν
490 2127 778 2199 ἄνθρωπον
801 2146 816 2161 ·
879 2131 1078 2203 πόρνος
1105 2128 1195 2202 ἦν,
1253 2134 1349 2187 καὶ
1380 2134 1612 2206 σώφρων
1640 2134 1720 2204 γέτ

1954 2123 2102 2177 antia
2146 2123 2358 2177 exstitit
2410 2123 2646 2178 hominis
2699 2123 3037 2188 substantia;
3096 2121 3191 2178 sed
3221 2135 3329 2175 non
3368 2118 3477 2186 jnnt

194 2230 288 2267 νεν
310 2231 324 2245 ⁸
351 2216 542 2288 ἅρπαξ
568 2214 658 2290 ἦν,
699 2222 793 2275 καὶ
817 2222 910 2275 τὸν
933 2224 1283 2294 εὐεργετικὸν
1301 2225 1612 2296 μεμίμηται
1646 2226 1717 2297 βίε

1951 2214 2176 2268 nminem
2211 2228 2467 2284 agnosco.
2529 2214 2656 2268 Erat
2703 2213 3040 2276 libidinosus,
3098 2221 3154 2268 et
3186 2211 3362 2268 factus
3400 2213 3474 2264 est

193 2309 256 2362 οὐ
287 2310 385 2363 τὸν
415 2313 747 2385 χαρακτῆρα
778 2313 874 2368 τοῦ
902 2315 1195 2388 προσώπου
1226 2315 1440 2382 λέλυκε,
1475 2317 1626 2388 μένει
1650 2319 1679 2370 ό
1699 2335 1716 2370 ‘l

1948 2307 2149 2361 udicus.
2186 2305 2351 2360 Latro
2400 2315 2538 2372 erat,
2571 2317 2625 2361 et
2654 2309 2820 2360 vitam
2878 2307 3093 2376 benigni
3144 2312 3201 2358 et
3252 2302 3471 2360 nouella

192 2399 376 2470 ὅψεως
432 2406 757 2478 χαρακτήρ*
826 2407 887 2459 οὑ
959 2407 1059 2479 τὴν
1104 2407 1227 2477 ὄψιν
1279 2408 1381 2478 τῆς
1441 2409 1658 2478 φύσεως
1705 2427 1715 2462 ι

1951 2397 2153 2452 nilatus
2179 2399 2292 2454 est.‘
2313 2395 2430 2452 Non
2460 2397 2684 2468 ﬁguram
2730 2411 2973 2466 persona:
3007 2395 3236 2459 delevit;
3272 2407 3474 2464 perma-

193 2491 426 2565 tenam.
1908 2501 2039 2546 nent
2077 2489 2403 2546 lineamenta
2455 2500 2744 2561 aspectus;
2797 2505 2902 2544 non
2952 2487 3178 2544 abstulit
3199 2495 3484 2557 aspectum

1895 2593 2125 2640 natura).

1268 2705 1395 2762 CAP.
1432 2704 1596 2761 XVII.
1637 2704 1798 2760 Modo
1832 2703 1974 2757 dicta
2014 2701 2419 2770 conﬁrmantur.

266 2785 446 2841 Ὅταν
504 2790 603 2862 μὲν
657 2794 746 2847 τὸν
796 2795 1082 2868 ἄνθρωπον
1122 2798 1236 2862 ἴδω,
1297 2799 1648 2869 ὲπιγινώσκω
1689 2793 1789 2862 οἷός

1976 2795 2108 2849 Cum
2171 2794 2441 2848 hominem
2493 2792 2668 2860 video,
2705 2807 2940 2865 agnosco
2988 2791 3163 2865 qualis
3210 2798 3327 2856 est;
3360 2805 3481 2844 cum

196 2875 347 2930 ἐστιν
365 2894 379 2908 ·
417 2879 549 2933 ὅταν
573 2882 630 2936 δὲ
658 2884 750 2937 τὸν
778 2887 978 2958 τρόπον
1000 2887 1285 2961 θεωρήσω,
1323 2889 1630 2960 ξενίζομαιο
1669 2891 1719 2944 02'.

1961 2901 2036 2940 :ro
2066 2899 2243 2938 mores
2272 2882 2627 2952 contemplor,
2651 2881 2910 2947 admiror,
2942 2896 3046 2936 non
3071 2878 3302 2950 amplius
3327 2891 3484 2946 agno-

196 2969 281 3024 ἐτι
338 2974 630 3046 γνωρίζωο
682 2980 714 3049 ἡ
779 2978 1089 3055 μεταλλαγὴ
1128 2981 1216 3034 τον
1267 2983 1522 3052 ξενισμὸν
1565 2981 1719 3054 δεδώε

1965 2992 2018 3031 o.
2065 2977 2274 3032 Morum
2312 2975 2597 3030 translatio
2659 2974 3074 3031 admirationem
3107 2971 3306 3028 attulit.
3345 2971 3484 3026 Sub-

194 3076 312 3116 ται.
370 3063 485 3116 Καὶ
532 3066 589 3119 al
620 3067 719 3137 μὲν
752 3067 930 3121 οὐσίαι
961 3069 1061 3123 οὐκ
1089 3069 1408 3141 ἠλλάγησαν
1429 3087 1442 3099 °
1502 3070 1651 3141 μένει
1686 3088 1717 3139 γ

1962 3071 2113 3125 antize
2142 3070 2358 3138 quidem
2413 3085 2516 3123 non
2549 3076 2676 3124 sunt
2719 3076 2972 3131 mutatae;
3023 3079 3220 3137 corpus
3247 3063 3390 3120 enim
3428 3062 3485 3116 in

194 3153 259 3208 τό
285 3153 472 3227 σῶμα,
502 3159 599 3229 οὐχ
633 3161 818 3232 ἕτερον
842 3163 1064 3232 γεγονός
1085 3179 1098 3192 ⁶
1131 3161 1256 3216 οὗτε
1290 3162 1399 3234 γὰρ
1435 3162 1495 3215 τὸ
1525 3162 1682 3233 σῶμα
1715 3197 1717 3209 ι

1956 3163 2198 3218 ibstantia
2228 3153 2472 3230 corporis
2527 3169 2855 3231 perseverat.
2909 3159 3025 3214 Non
3059 3159 3201 3214 aliud
3237 3157 3436 3213 factum
3466 3171 3479 3222 ;

193 3246 260 3298 τὸ
290 3245 589 3319 ἀσώματον
625 3251 886 3324 μετετέθη
910 3269 924 3284 ⁸
955 3253 1079 3307 οὔτε
1105 3256 1137 3325 ἡ
1165 3254 1310 3327 ψυχὴ
1352 3256 1514 3328 ἑτέρα
1535 3258 1600 3326 τῇ
1637 3257 1716 3309 ού(

1956 3272 2004 3312 2c
2056 3257 2198 3310 enim
2228 3272 2426 3326 corpus
2479 3257 2530 3308 in
2597 3255 2976 3325 incorporeum
3023 3252 3343 3308 translatum
3378 3260 3479 3314 est,

196 3337 452 3408 ὑπῆρξεν
475 3358 488 3370 ·
521 3341 656 3396 ἀλλὰ
700 3344 977 3415 μενουσῶν
1009 3345 1118 3401 τῶν
1151 3347 1370 3412 οὐσιῶν,
1406 3348 1475 3402 τὰ
1515 3349 1719 3421 ὲπιτηδε

1957 3363 2003 3402 ξε
2029 3349 2209 3401 anima
2243 3347 2346 3400 alia
2374 3345 2581 3401 exstitlt
2611 3346 2904 3400 secundum
2930 3343 3285 3400 substantiam
3312 3360 3326 3396 :
3355 3343 3480 3412 quin

199 3443 351 3499 ματα
384 3431 487 3485 οὐκ
514 3433 716 3504 ἔμεινε.

1956 3439 2083 3494 )tius
2143 3438 2487 3494 manentibus
2510 3435 2850 3504 substantiis,
2908 3450 3014 3490 non
3069 3440 3479 3506 permanserunt

1903 3527 2104 3585 Sltttlia.
2167 3540 2176 3546 “

1093 3621 1224 3678 CAP.
1260 3620 1447 3676 XVIII.
1492 3621 1640 3677 Idem
1679 3633 2042 3692 argumentum
2086 3639 2266 3676 rursus
2298 3632 2579 3678 astruttur.

271 3712 342 3766 Τί
371 3708 467 3769 οὖν
517 3714 784 3786 ὲροῦμενς
817 3717 866 3770 εἰ
913 3718 1188 3789 μενουσῶν
1219 3718 1328 3773 τῶν
1356 3711 1551 3774 οὐσιῶν
1583 3719 1652 3773 τὰ
1684 3719 1794 3772 ἐπι-

1977 3719 2116 3783 Quid
2173 3719 2338 3790 igitur
2369 3718 2654 3774 dicemus?
2685 3717 2730 3773 si
2782 3717 3123 3772 manentibus
3167 3711 3487 3772 substantiis

198 3804 520 3878 τηδεύματα
554 3808 656 3862 οὐκ
691 3808 929 3879 ἔμεινεν,
965 3809 1148 3863 οὐκέτι
1201 3809 1431 3881 οὐσιώδη
1467 3809 1536 3864 τὰ
1600 3810 1721 3862 ὲπιτ

1959 3828 2011 3867 ›ιι
2049 3822 2463 3882 permanserunt
2495 3813 2690 3876 studia,
2735 3827 2838 3867 non
2880 3811 3064 3866 insunt
3101 3813 3155 3865 in
3182 3810 3482 3865 substantia

196 3897 483 3972 δεύματα·
514 3898 550 3972 ἦ
615 3902 724 3974 γὰρ
791 3904 857 3958 ἂν
905 3907 1000 3958 καὶ
1049 3905 1326 3976 συνέμεινε
1389 3907 1509 3967 ταῖς
1560 3904 1718 3957 οὐσία

1961 3906 2100 3960 udia.
2165 3904 2222 3961 Si
2260 3908 2404 3960 enim
2446 3907 2498 3959 in
2528 3905 2828 3960 substantia
2879 3904 3137 3969 inessent,
3179 3898 3337 3958 simul
3361 3913 3484 3954 cum

197 3992 295 4046 καὶ
324 3992 427 4046 οὐκ
462 3993 529 4047 ἂν
562 3994 966 4066 ἀπηλλάττοντο
991 4014 1004 4028 ·
1043 3997 1169 4050 εἰδὲ
1209 3997 1549 4067 μεμενήκασι
1611 3994 1710 4066 μὲν

1970 3995 2218 4050 hstantiis
2256 4004 2662 4064 permanerent,
2695 4003 2749 4049 et
2803 4009 2910 4048 non
2944 4001 3303 4050 mutarentur.
3331 3990 3486 4061 Quod

194 4085 400 4150 οὐσίαι,
463 4087 526 4139 ού
579 4089 921 4161 μεμενήκασι
958 4090 1016 4143 δὲ
1070 4088 1139 4143 τὰ
1187 4087 1622 4159 ἐπιτηδεύματα,
1676 4087 1717 4140 ἁῖ

1984 4089 2300 4143 substantia:
2349 4088 2406 4142 in
2464 4099 2654 4143 natura
2689 4102 2784 4144 sua
2814 4096 3320 4160 perseveraverunt,
3375 4101 3483 4142 non

195 4177 482 4250 ὀφθαλμὸς
516 4181 544 4232 ό
592 4180 761 4234 πάλαι
807 4181 1128 4253 αἱρούμενος
1165 4183 1231 4253 τῇ
1272 4180 1433 4252 ἡδονῇ
1485 4179 1718 4234 ἀντικλεῑ

1962 4191 2079 4234 Item
2106 4192 2587 4249 perseveraverant
2618 4181 2818 4249 studia,
2845 4182 2936 4237 sed
2977 4181 3154 4251 potius
3180 4178 3368 4236 oculus
3393 4178 3485 4248 qui

133 4287 136 4294 '
192 4271 296 4342 τὴν
321 4271 681 4344 σωφροσύνην
706 4272 898 4345 ἔσχενδ
951 4275 1068 4346 ἡδὲ
1102 4273 1322 4344 γλῶσσα
1361 4275 1396 4344 ἡ
1449 4275 1618 4328 πάλαι

1965 4274 2024 4325 im
2051 4272 2320 4343 voluptate
2351 4273 2682 4340 capiebatur,
2705 4274 3114 4344 temperantiam
3131 4287 3230 4344 pro
3248 4272 3488 4328 claustro

194 4378 382 4432 χειρος
402 4362 496 4415 καὶ
520 4363 838 4434 πρόϐουλος,
857 4365 949 4418 καὶ
976 4363 1084 4418 τῶν
1109 4362 1314 4436 βσυλῶν
1339 4365 1717 4437 προεπᾳγομὲι

1962 4363 2126 4426 ιιιιιίι;
2171 4363 2350 4433 lingua
2405 4378 2526 4432 quae
2579 4365 2708 4420 olim
2741 4373 2984 4433 prompta
3012 4373 3066 4419 et
3099 4377 3338 4433 praeceps
3386 4359 3485 4416 fuit

195 4456 322 4526 ἄρτι
363 4455 569 4528 χαλινῷ
597 4457 866 4524 πείθεται,
903 4458 998 4511 καὶ
1033 4457 1312 4526 ὁμολογεῖ,
1341 4455 1437 4509 καὶ
1473 4455 1542 4508 τά
1570 4456 1718 4525 ἀσφα

1965 4456 2185 4511 consilia
2208 4472 2564 4526 prtecurrens,
2583 4457 2694 4525 jam
2720 4456 2874 4512 freno
2899 4457 3124 4510 rationis
3149 4455 3486 4525 obtemperat

158 4603 163 4608 ,
195 4547 535 4617 φθέγγεταιο
595 4547 687 4601 τὸ·
715 4547 772 4601 δὲ
817 4548 976 4621 σῶμα
1027 4547 1498 4619 ὲκδεδιαιτημένον
1530 4545 1681 4620 (12)ἐ

1976 4549 2285 4616 conﬁtetur,
2315 4559 2369 4605 et
2397 4566 2516 4621 quae
2547 4564 2733 4606 errore
2762 4557 2967 4615 carent,
2991 4548 3259 4618 loquitur;
3288 4560 3485 4618 corpus

194 4640 400 4710 ἠρεμεῖ
449 4639 543 4692 καὶ
575 4639 898 4710 συνεστάλη,
929 4639 1020 4694 καὶ
1041 4639 1226 4692 λοιπὸν
1253 4640 1522 4711 σωφρονεῖ
1541 4655 1556 4669 ο
1597 4639 1697 4692 οὐκ

1954 4658 2033 4697 :ro
2063 4642 2222 4712 paulo
2249 4652 2374 4698 ante
2395 4653 2513 4698 etat
2547 4642 2597 4696 in
2627 4651 2791 4706 metu,
2819 4642 3167 4712 quiescebat;
3197 4649 3310 4697 erat
3347 4655 3477 4697 con-

193 4732 361 4801 φύσις
404 4732 500 4785 τοῦ
535 4731 816 4803 ὀφθαλμοῦ
851 4731 1046 4804 ὄρεξις,
1090 4729 1214 4785 οὕτε
1269 4731 1517 4803 γλώττης
1576 4749 1716 4804 προτι

1957 4745 2149 4798 actum,
2174 4745 2228 4790 et
2258 4744 2442 4805 postea
2473 4744 2771 4806 temperate
2787 4734 2917 4791 vivit
2937 4754 2950 4791 :
2970 4737 3480 4806 sequiturnaturam

190 4841 333 4888 τεια,
365 4821 492 4876 οὔτε
523 4823 776 4895 σώματος
804 4827 838 4897 ἡ
869 4824 1129 4897 ρᾳθυμίαο
1166 4825 1226 4878 ού
1258 4826 1369 4897 (15)
1401 4826 1458 4879 δὲ
1489 4829 1602 4890 τοῖς
1637 4843 1706 4895 φυ

1962 4826 2030 4882 ιιΙὶ
2065 4842 2171 4882 non
2198 4842 2318 4883 esse
2338 4829 2658 4899 appetitum,
2687 4843 2861 4898 neque
2888 4827 3082 4896 linguae
3111 4834 3360 4882 naturam
3389 4841 3485 4899 ped

192 4919 310 4980 κοῖς
341 4916 631 4988 ἐπιστῆναι
667 4917 767 4982 δεῖ,
803 4920 899 4971 καὶ
924 4918 1094 4972 ταῠτα
1121 4918 1197 4990 μὴ
1227 4919 1501 4990 σιωπῆσαι
1522 4933 1536 4948 ⁶
1587 4919 1715 4988 όφθο

1965 4919 2199 4983 Iantiam,
2227 4933 2401 4988 neque
2431 4919 2673 4990 corporis
2692 4929 2936 4973 naturam
2958 4915 3228 4988 pigritiam
3249 4926 3304 4970 et
3335 4916 3488 4987 igna-

194 5011 299 5083 μοῦ
328 5005 398 5082 ἦν
424 5010 484 5064 τὸ
515 5009 752 5081 βλέπειν,
809 5011 869 5064 ού
893 5011 953 5065 τὸ
991 5012 1107 5076 πῶς
1132 5011 1350 5082 βλέπειν
1378 5027 1392 5042 ο
1423 5012 1519 5066 καὶ
1541 5011 1717 5082 γλώττ

1961 5025 2058 5063 am.
2078 5009 2229 5077 Quod
2253 5011 2298 5067 si
2315 5021 2526 5081 oportet
2545 5013 2594 5066 in
2620 5009 2952 5066 naturalibus
2969 4999 3283 5080 persistere,
3302 5016 3357 5064 et
3379 5023 3484 5064 non

189 5101 259 5177 ἦν
285 5103 474 5158 λαλεῖν
498 5103 610 5176 (14)
632 5121 644 5135 ο
680 5108 712 5176 ἡ
747 5104 856 5176 γὰρ
885 5105 1108 5177 ποιότης
1136 5105 1243 5158 τῶν
1284 5106 1606 5176 κινημάτων
1631 5107 1686 5159 ὲν

1961 5116 2008 5155 ιο
2035 5111 2234 5168 lacere,
2256 5101 2394 5157 oculi
2431 5113 2547 5155 erat
2582 5101 2778 5164 videre.
2813 5115 2918 5156 non
2947 5099 3215 5170 quomodo
3245 5100 3484 5165 videret;

195 5195 519 5267 προαιρέσει
569 5197 786 5249 κεῖται·
834 5198 868 5266 ή
917 5195 974 5248 δὲ
1017 5187 1162 5268 ἁπλῆ
1214 5195 1310 5248 καὶ
1373 5195 1652 5259 ἀκίνδυνος
1686 5213 1718 5248 τι

1976 5193 2168 5262 linguae
2196 5197 2319 5248 item
2347 5194 2513 5263 loqui,
2544 5210 2646 5246 non
2670 5194 2938 5264 quomodo
2963 5192 3277 5261 loqueretur
3304 5212 3316 5247 :
3351 5209 3489 5264 qua-

193 5283 542 5352 πραγμάτων
570 5283 785 5354 κίνησις
811 5286 924 5347 τοῖς
957 5283 1176 5353 μέλεσιν
1199 5283 1518 5339 ἀποδέδοται
1535 5301 1548 5314 ·
1573 5285 1716 5339 ἀκίνί

1963 5300 2023 5337 as
2051 5284 2195 5337 enim
2247 5294 2489 5339 motuum
2525 5286 2697 5353 posita
2729 5293 2811 5338 est
2842 5283 2895 5337 in
2926 5282 3215 5339 electione.
3242 5281 3484 5354 Simplex

193 5392 283 5438 νος
315 5370 412 5428 οὖν
441 5376 477 5444 η
509 5374 653 5445 ἀπλῆ
708 5376 950 5446 κίνησιςο
982 5375 1178 5448 ἄδηλος
1210 5376 1267 5430 δὲ
1306 5377 1339 5448 ἡ
1365 5375 1669 5450 μεταϐολή·
1697 5395 1716 5431 ι

2022 5391 2102 5441 ιιι,
2129 5386 2182 5431 et
2207 5392 2309 5430 non
2331 5375 2627 5445 periculosa
2659 5391 2838 5430 rerum
2859 5375 3025 5432 nt0tio
3049 5374 3308 5432 membris
3334 5374 3489 5431 altri-
3533 5357 3545 5377 ’

193 5463 426 5534 γνώμης
453 5463 552 5534 μὲν
577 5464 673 5518 καὶ
707 5465 1068 5537 μαθημάτων,
1104 5466 1425 5539 ἡγουμένων
1459 5465 1570 5520 τῶν
1599 5468 1716 5540 όμμ

1960 5469 2375 5524 ιίιιιιιρετίειιιο
2401 5470 2562 5539 igitur
2587 5479 2739 5522 vacat
2765 5468 2990 5539 simplex
3027 5477 3242 5536 motus;
3281 5466 3483 5524 incerta

267 5601 386 5677 (ιε)
417 5604 490 5659 Τό
519 5603 590 5658 δὲ
619 5604 791 5677 σῶμα
815 5606 1010 5664 ended.
1044 5606 1216 5663 Vertit
1238 5606 1538 5676 Basnagius
1571 5625 1586 5662 :
1619 5623 1804 5676 corpus
1918 5608 2044 5662 Inde
2073 5607 2248 5661 hiulca
2287 5605 2574 5661 admodum
2608 5612 2694 5660 est
2717 5605 3092 5676 interpretatio
3121 5603 3336 5660 Latina.

196 5676 476 5729 luxuriose
503 5677 688 5753 vivens
709 5676 983 5753 novissime
1015 5680 1229 5753 quiescit
1261 5693 1280 5732 ς
1311 5680 1551 5732 timidum
1588 5681 1786 5748 fartum
1973 5677 2088 5753 (lli)
2119 5681 2221 5733 Οὐ.
2258 5678 2320 5753 Et
2349 5679 2556 5753 legisse
2576 5677 2788 5731 videtur
2812 5678 3096 5753 interpra.
3141 5745 3154 5753 Δ
3297 5742 3310 5753 ·
3445 5741 3457 5753 ,

201 5755 300 5820 est3
331 5755 382 5820 et
421 5756 606 5820 postea
641 5748 758 5820 vivit
793 5742 1094 5814 temperaie.
1146 5749 1416 5820 Interpres
1461 5742 1644 5804 nostér
1690 5765 1787 5818 pro
1972 5742 2089 5820 (I4)
2121 5746 2512 5820 AminPost
2544 5749 2684 5820 hanc
2710 5761 2918 5820 vocem,
2951 5742 3053 5804 ista
3082 5745 3250 5801 etiam
3297 5742 3490 5814 legerit

204 5815 674 5889 ἐκδεδιῃτημένον
728 5817 925 5891 legisse
976 5821 1186 5877 videtur
1219 5839 1232 5876 :
1261 5819 1480 5887 ἐδεδίει,
1528 5815 1727 5892 τήμερι

1261 5819 1480 5887 ἐδεδίει,
1528 5815 1787 5892 τήμερον.
1901 5815 2168 5892 interpres
2203 5841 2215 5876 :
2248 5820 2308 5875 ού
2348 5819 2410 5872 τὸ
2437 5819 2553 5884 πῶς
2587 5817 2784 5874 λαλεῖν.
