3858 6314
447 341 554 400 εις

1549 340 1826 400 PATRES
1861 340 2162 400 EGYPTII
2204 341 2480 402 SECULI
2518 343 2608 402 IV.

3622 343 3730 402 916

445 476 578 519 vero
603 466 689 516 est
717 457 946 515 mutatio
980 473 994 513 :
1025 470 1089 514 ac
1109 455 1370 528 judicium
1406 459 1623 530 quidem
1662 469 1718 518 et
1743 459 2022 532 disciplina
2053 509 2058 521 ,

2145 477 2256 525 των,
2309 460 2460 528 δεξιά
2514 435 2755 516 καῖθεία
2784 459 2990 532 βλέψις,
3022 459 3184 534 μέχρι
3227 461 3338 515 τῶν
3376 459 3732 526 ἀξιωθέντων

444 553 889 627 praeceptionum,
921 566 1045 608 cum
1071 560 1328 622 tanquam
1359 554 1526 610 duces
1548 553 1720 610 oculis
1761 561 2024 624 praeeunt,

447 656 630 702 rectus
659 654 714 702 et
763 645 977 702 divinus
1031 653 1116 700 est
1177 655 1446 716 aspectus,
1503 661 1676 717 usque
1714 649 1780 702 ad
1814 663 1875 703 ea
1907 662 2028 718 qua:

447 747 668 806 aspectu
699 737 856 809 digna
880 746 1006 792 sunt
1031 745 1336 807 porrectus.
1378 739 1510 794 Cum
1546 753 1676 796 vero
1703 736 2025 810 negligentia

2126 556 2476 629 ἐκτεινομένη
2502 573 2516 585 ⁶
2581 555 2854 628 ῥᾳθυμίας
2908 555 2966 610 δὲ
3004 557 3334 629 κρατούσης,
3390 555 3607 626 αἰσχρά
3640 555 3733 607 καὶ

2129 647 2356 718 κίϐδηλα
2393 647 2466 701 τὰ
2497 647 2802 719 πράγματα
2823 663 2840 679 ο
2899 646 3042 701 οὑτω
3097 648 3192 702 καὶ
3221 647 3403 718 σῶμα,
3438 646 3591 700 οὑτω
3636 645 3734 697 καὶ

2129 742 2236 794 πᾶν
2273 739 2435 810 μέλος
2465 741 2564 811 τὴν
2587 739 2785 812 πρᾶξιν
2814 742 2980 811 τιμᾷ,
3010 739 3110 811 τὴν
3145 740 3408 812 πρόθεσιν
3445 740 3728 810 μιμεῖται.

447 828 780 896 dominatur,
840 839 1026 900 turpes
1080 838 1136 888 et
1188 828 1379 887 fucata:
1430 843 1556 888 sunt
1594 847 1702 888 res.
1738 832 1831 889 Sic
1859 832 2058 890 etiam.

2145 830 2306 885 Καλὸν
2353 831 2415 884 τὸ
2460 830 2875 902 πεπλασμένον·
2923 831 3142 886 δύναται
3201 830 3310 901 γὰρ
3371 829 3730 901 ὑπηρετῆσαι

448 911 648 992 corpus
677 962 695 989 ,
753 925 834 981 sic
879 940 1040 982 omne
1097 925 1400 980 membrum
1447 925 1714 980 actionem
1773 925 2023 990 honorat,

449 1013 724 1070 actionem
755 1016 1021 1073 imitatur.
1053 1016 1262 1072 Bonum
1302 1026 1385 1074 est
1413 1017 1555 1088 quod
1584 1015 1875 1072 formatmn
1904 1026 2024 1081 est;

446 1115 624 1178 potest
653 1109 796 1164 enim
845 1108 1118 1164 deservire
1161 1109 1367 1164 virtuti.
1426 1108 1642 1164 Sanette
1669 1117 1795 1163 sunt
1845 1107 2020 1176 leges;

448 1208 646 1255 curant
665 1203 808 1256 enim
838 1210 897 1256 ut
923 1201 1252 1272 diligentiam
1285 1201 1538 1256 adhibeat
1565 1201 1706 1271 quod
1735 1200 2022 1256 formatum

447 1297 552 1345 est.
599 1288 767 1346 Misce
794 1306 916 1345 cum
945 1289 1270 1347 formatione
1311 1290 1506 1361 legem,
1541 1299 1597 1346 et
1651 1290 1858 1345 videbis
1881 1290 2024 1359 quod
2053 1310 2096 1343 ις

446 1377 742 1436 formatum
771 1389 878 1446 est,
907 1381 1319 1438 similitudinem
1348 1379 1464 1449 ejus
1514 1381 1606 1451 qui
1645 1379 1902 1437 formavit
1935 1379 2029 1434 ha-

445 1470 601 1538 bere,
632 1472 1038 1544 imitabilurque
1063 1489 1224 1540 eum;
1277 1473 1361 1529 sin
1385 1488 1513 1529 vero
1540 1473 1804 1529 formatus
1835 1488 1914 1540 es,
1938 1475 2031 1530 sed

445 1559 773 1621 lineamenta
804 1566 1148 1622 formationis
1170 1582 1276 1622 non
1309 1567 1486 1622 reddis
1512 1566 1764 1632 formato,
1798 1565 1912 1623 fere
1935 1583 2030 1624 ac-

2126 928 2326 998 ἀρετῇο
2362 926 2498 996 ἱεροὶ
2529 926 2577 980 οί
2601 925 2790 997 νόμοι⁹
2829 925 3179 996 ἐπιμέλονται
3211 922 3322 995 γὰρ
3357 921 3462 993 τῆς
3501 920 3732 991 μελείας

2127 1017 2221 1072 τοῦ
2271 1013 2678 1089 πεπλασμένον.
2719 1017 2892 1082 Μίξον
2941 1020 3008 1089 τῇ
3037 1017 3232 1071 πλάσει
3281 1015 3375 1068 τὸν
3404 1014 3600 1085 νόμον,
3636 1013 3734 1065 καὶ

2127 1107 2248 1178 ὄψει
2295 1109 2358 1162 τὸ
2394 1108 2796 1180 πεπλασμένον,
2826 1107 3003 1172 ὲοικδς
3027 1107 3106 1179 τῷ
3153 1105 3484 1172 πεπλακότι,
3507 1105 3612 1158 καὶ
3644 1120 3734 1174 μι-

2131 1203 2362 1273 μήσεται
2385 1201 2477 1254 τὸν
2510 1200 2859 1254 πεπλακόταο
2889 1201 2939 1254 εἰ
2960 1200 3018 1253 δὲ
3039 1199 3138 1272 τὴν
3169 1199 3365 1254 πλάσιν
3395 1199 3573 1268 ἔχεις,
3603 1197 3735 1257 τοὺς

2126 1293 2184 1348 δὲ
2214 1294 2411 1364 νόμους
2435 1292 2572 1364 (15),
2602 1294 2958 1364 χαρακτῆρας
2989 1291 3150 1355 ὄντας
3180 1291 3281 1362 τῆς
3315 1289 3601 1351 πλάσεως,
3632 1287 3731 1339 οὑκ

2126 1383 2391 1448 ἀποδίδως
2444 1382 2520 1455 τῷ
2564 1383 2948 1454 πεποιημένῳ,
3009 1380 3339 1443 κινδυνεύεις
3387 1378 3731 1448 κατηγορεῖν

2127 1474 2373 1547 διαϐολῇ,
2425 1472 2672 1546 ὑϐρίζειν
2700 1472 2876 1527 δοκῶν
2921 1472 2982 1526 τὸ
3021 1470 3418 1542 πεποιημένονο
3458 1467 3628 1539 ὑϐριν
3653 1465 3730 1536 τῷ

2131 1569 2462 1640 πεποιηκότι
2496 1568 2726 1641 ἐργάζῃ.

449 1671 613 1714 cusas
653 1665 708 1714 et
758 1658 1108 1715 calumniaris
1157 1667 1474 1726 auctorem;
1514 1667 1571 1714 et
1604 1673 1729 1715 cum
1776 1659 1982 1716 videris
2009 1660 2439 1717 contumeliosus
2489 1675 2611 1718 esse
2654 1660 2709 1714 in
2755 1659 2807 1716 id
2862 1661 3004 1730 quod
3052 1657 3250 1714 factum
3296 1664 3400 1723 est,
3433 1662 3725 1712 contume-

450 1749 579 1807 liam
605 1749 774 1808 infers
799 1752 848 1809 ei
875 1751 970 1823 qui
996 1749 1146 1807 fecit.

1328 1821 1459 1877 CAP.
1495 1819 1638 1876 XIX.
1678 1821 1896 1878 Mutatis
1936 1821 2185 1885 moribus,
2214 1817 2390 1871 anima
2415 1833 2517 1888 non
2546 1825 2801 1869 mutatur.

520 1917 965 1990 Quandoquidem
996 1931 1126 1974 vero
1159 1915 1338 1988 aliqua
1367 1925 1451 1972 est
1474 1916 1668 1971 anima:
1693 1917 2015 1982 substantia,
2052 1925 2092 1978 Β

2202 1910 2422 1983 Ἐπειδὴ
2465 1911 2523 1964 δὲ
2569 1911 2663 1964 καὶ
2694 1913 2762 1982 τῇ
2795 1909 2940 1981 ψυχῇ
2978 1909 3093 1962 ἔστι
3118 1924 3210 1978 τις
3257 1908 3591 1970 ὑπόστασις,
3624 1907 3716 1960 καὶ

448 2016 646 2065 etnon
697 2019 782 2065 est
828 2009 1003 2064 soluta
1059 2022 1235 2077 neque
1285 2006 1524 2064 solvetur
1547 2007 1846 2063 substantia
1876 2007 2027 2078 ejus;

2145 2007 2195 2060 ›ὑ
2217 2005 2436 2060 λέλυται
2477 2004 2646 2074 αὑτῆς
2670 2006 2704 2074 ή
2731 2003 3052 2067 ὑπόστασις,
3089 2001 3210 2056 οὐδὲ
3233 2001 3562 2073 λυθήσεται·
3597 1999 3722 2053 πολ-
3753 2001 3758 2006 ’

451 2113 592 2169 saepe
612 2108 790 2156 autem
817 2100 979 2156 soluti
1006 2109 1062 2154 et
1090 2099 1288 2156 sublati
1317 2107 1443 2155 sunt
1471 2113 1652 2156 mores
1681 2117 1695 2154 :
1727 2099 1858 2170 quid
1883 2099 2026 2170 quod

447 2189 584 2245 solvi
610 2198 805 2260 potest,
850 2199 1111 2260 tanquam
1143 2189 1279 2246 solvi
1310 2204 1419 2244 non
1448 2190 1640 2260 possit,
1671 2189 2031 2246 substantiale

448 2294 569 2338 esse
596 2281 910 2338 confiteris?
935 2279 1072 2336 Sunt
1093 2295 1465 2351 smpenumero
1496 2281 1690 2336 anima:
1716 2289 1889 2351 capta:
1918 2280 2032 2350 qui-

448 2372 572 2428 dem
613 2372 999 2441 imprudentia,
1033 2382 1218 2442 postea
1251 2387 1380 2428 vero
1405 2373 1742 2442 prudentiam
1768 2371 2031 2442 amplexa:

447 2474 597 2522 sunt.
655 2464 722 2521 Et
773 2480 962 2521 rursus
1013 2479 1157 2534 saepe
1185 2465 1469 2536 prudentia
1499 2463 1755 2528 illustres,
1789 2464 2031 2533 quando-

449 2569 557 2628 que
612 2556 666 2612 in
727 2553 1142 2625 imprudentiam
1189 2554 1518 2610 ceciderunt.
1583 2552 1737 2623 Saepe
1787 2552 2028 2608 audisti:

450 2645 626 2701 Homo
659 2661 777 2700 cum
807 2645 862 2698 in
893 2646 1089 2698 honore
1109 2653 1262 2709 esset,
1285 2659 1389 2698 non
1428 2643 1678 2698 intellexit
1704 2661 1723 2710 ;
1750 2659 2030 2710 compara-

450 2749 536 2794 tus
560 2747 636 2793 est
679 2737 934 2807 jumentis
989 2736 1380 2806 insipientibus,
1434 2745 1480 2791 et
1509 2737 1696 2791 similis
1751 2733 1921 2804 fa'ctus
1954 2745 2030 2790 est

449 2830 559 2884 illis
583 2829 646 2885 ".
675 2827 942 2884 Clamavit
967 2827 1130 2882 etiam
1154 2827 1350 2883 Paulus
1383 2847 1396 2882 :
1437 2825 1614 2882 Stulta
1651 2829 1836 2882 mundi
1880 2827 2031 2898 elegit

2131 2099 2290 2162 λάκις
2316 2097 2373 2151 δὲ
2414 2096 2632 2150 λύονται
2662 2097 2711 2148 οί
2759 2095 2973 2168 τρόποι,
3004 2095 3098 2149 καὶ
3139 2095 3392 2149 δύνανται
3447 2093 3682 2161 λυθῆναι
3706 2108 3718 2120 ο

2131 2190 2184 2243 τί
2205 2191 2280 2253 ὡς
2317 2188 2392 2260 μὴ
2436 2186 2732 2256 δυνάμενον
2777 2184 3002 2254 λυθῆναι
3030 2183 3093 2237 τὸ
3128 2183 3427 2254 δυνάμενον
3472 2181 3721 2250 λυθῆναι,

2132 2263 2388 2342 οὐσιῶδες
2439 2277 2752 2348 ὁμολογεῖς;
2781 2277 2902 2330 Εἰσὶ
2928 2276 3098 2346 ψυχαὶ
3132 2274 3392 2338 πολλάκις
3416 2274 3520 2344 μὲν
3552 2273 3724 2343 ἀφρο-

2135 2369 2269 2443 σύνῃ
2294 2369 2616 2440 αἱρεθεῖσαι,
2653 2367 2880 2440 ὕστερον
2910 2368 2966 2422 δὲ
2993 2368 3306 2440 φρονήσεως
3335 2366 3548 2437 ἥψαντο
3570 2383 3584 2395 ⁸
3629 2365 3725 2418 καὶ

2066 2484 2108 2512 ετ
2135 2462 2396 2525 πολλάκις
2449 2461 2851 2532 διαπρέπουσαι
2903 2463 2962 2515 ὲν
2996 2463 3288 2534 φρονήσει·
3332 2459 3565 2532 ὕστερόν
3594 2475 3724 2510 ποτε

2132 2557 2212 2618 είς
2237 2553 2548 2626 ἀφροσύνην
2601 2551 2943 2607 πεπτώκασι.
2985 2554 3251 2616 Πολλάκις
3279 2554 3520 2624 ήκουσας
3541 2567 3556 2580 ’
3596 2551 3725 2603 Ἀν-

2133 2650 2365 2714 θρωπος
2405 2644 2476 2697 ἐν
2505 2642 2645 2713 τιμῇ
2687 2642 2774 2696 ὢν
2799 2645 2872 2697 οὐ
2901 2642 3135 2711 συνῆκε
3155 2659 3168 2672 ·
3211 2637 3723 2710 παρασυνεϐλήθη

2133 2737 2258 2804 τοῖς
2288 2736 2539 2803 κτήνεσι
2581 2735 2706 2800 τοῖς
2733 2734 3033 2801 ἀνοήτοις,
3065 2733 3163 2788 καὶ
3191 2731 3456 2803 ὡμοιώθη
3490 2729 3722 2793 αὐτοῖς.

2146 2828 2372 2900 Ἐϐόησε
2399 2827 2456 2882 δὲ
2485 2828 2579 2880 καὶ
2610 2825 2855 2890 Παῦλοςο
2904 2825 2985 2879 Τὰ
3009 2825 3178 2895 μωρὰ
3206 2823 3313 2878 τοῦ
3361 2824 3598 2892 κόσμου
3627 2821 3725 2886 ἐε-

451 2918 618 2985 Deus,
649 2927 706 2973 ut
732 2920 987 2982 sapientes
1008 2919 1348 2988 confunderet
1378 2918 1442 2972 “.
1472 2918 1638 2990 Igitur
1670 2918 1760 2988 qui
1785 2927 1938 2972 erant
1976 2919 2028 2972 in
2055 2948 2058 2972 ;

2145 2919 2392 2986 ελέξατο
2419 2921 2452 2973 ὀ
2495 2917 2660 2984 Θεὸς,
2703 2917 2803 2971 ἵνα
2853 2919 3225 2986 καταισχύνῃ
3269 2915 3414 2981 τοὺς
3463 2914 3721 2982 σοφούς.

451 3007 702 3073 stultitia,
724 3007 788 3062 ad
815 3009 1157 3079 prudentiam
1193 3009 1560 3077 devenerunt;
1582 3020 1639 3064 et
1661 3009 1755 3079 qui
1789 3017 1945 3063 erant
1975 3009 2029 3064 in

2145 3009 2368 3075 Οὐκοῦν,
2431 3011 2478 3063 oi
2511 3009 2576 3062 ἐκ
2605 3007 2816 3080 μωρίας
2871 3009 2966 3061 ἐπὶ
2993 3007 3090 3078 τὴν
3119 3007 3380 3077 φρόνησιν
3406 3002 3720 3075 ἐληλύθασι,

451 3098 756 3171 prudentia,
789 3100 857 3155 ad
898 3098 1179 3156 stultitiam
1214 3115 1231 3154 :
1270 3107 1324 3155 et
1344 3099 1601 3171 segnities
1625 3099 1844 3170 quidem
1875 3113 2028 3155 men-

2145 3103 2231 3158 ιιαὶ
2277 3103 2341 3157 ὲκ
2385 3101 2700 3173 φρονήσεως
2728 3101 2821 3154 ἐπὶ
2847 3100 2946 3172 τὴν
2974 3099 3206 3172 μωρίαν,
3234 3097 3329 3152 καὶ
3354 3096 3599 3169 ῥᾳθυμία
3626 3096 3723 3166 μὲν

454 3198 562 3245 tem
593 3189 736 3260 cepit
773 3189 1093 3261 aegritudine
1123 3189 1422 3259 prudentia:
1464 3201 1701 3261 captam,
1747 3188 2028 3259 disciplina

2145 3197 2233 3268 τὴν
2256 3194 2481 3267 γνώμην
2530 3189 2662 3263 εἷλε,
2715 3195 2856 3265 νόσῳ
2881 3195 3200 3266 φρονήσεως
3246 3191 3580 3263 αἱρεθεῖσαν,
3620 3189 3724 3260 μά-

453 3295 585 3337 vero
633 3292 868 3336 mentem
931 3281 1273 3352 insipientem
1329 3282 1698 3353 recuperavit,
1748 3290 1802 3337 et
1863 3281 2036 3352 ejecta

2145 3288 2295 3360 θησις
2319 3289 2376 3342 δὲ
2414 3286 2640 3358 γνώμην
2668 3287 3042 3359 ἁφραίνουσαν
3078 3283 3473 3357 παραλαϐοῦσα
3491 3284 3724 3352 ἀνεκτή-

452 3375 776 3448 2gritudine
801 3373 1180 3443 imprudentiae
1208 3373 1483 3444 propriam
1511 3374 1870 3430 valetudinem
1905 3374 2033 3428 red-
2054 3419 2058 3443 η

2145 3400 2288 3446 suto,
2326 3382 2424 3454 τὴν
2455 3383 2608 3436 νόσον
2657 3381 2758 3453 τῆς
2791 3382 3102 3453 ἀφροσύνης
3156 3378 3425 3444 ὲξώσασα,
3487 3378 3584 3430 καὶ
3626 3376 3723 3446 τὴν

453 3467 611 3524 didit.
644 3465 788 3522 Vitia
831 3481 962 3538 ergo
1005 3475 1062 3523 et
1100 3467 1332 3522 virtutes
1363 3467 1689 3522 mutationes
1737 3475 2031 3536 ceperunt;

2145 3475 2324 3546 ὑγείαν
2349 3475 2654 3530 ἀποδέδωκε
2684 3473 2899 3546 κυρίαν.
2932 3472 3378 3543 Μεταϐέϐληνται
3417 3465 3512 3524 οὖν
3539 3471 3596 3523 αἱ
3625 3486 3723 3523 καο

452 3560 758 3631 comparari
789 3567 1037 3630 possunt,
1072 3567 1128 3614 et
1150 3558 1348 3615 amitti.
1383 3557 1583 3626 Habes,
1619 3568 1674 3614 et
1697 3574 1800 3614 non
1827 3558 2032 3624 habes;

2145 3565 2252 3620 κίαι
2307 3565 2401 3620 καὶ
2439 3567 2496 3620 αί
2551 3563 2776 3638 ἀρεταί·
2833 3564 2930 3617 καὶ
2981 3564 3201 3634 κτηταὶ,
3252 3564 3348 3616 καὶ
3399 3562 3720 3632 άπόκτητοι.

454 3651 734 3716 invenisti,
769 3659 824 3707 et
865 3650 1134 3717 amisisti;
1201 3650 1368 3707 habes
1401 3651 1546 3721 quod
1604 3651 1879 3716 invenisti,
1927 3665 2034 3706 non

2145 3659 2350 3728 Ἔχεις,
2380 3659 2481 3712 οὑκ
2508 3657 2652 3728 ἔχεις
2678 3675 2690 3688 ο
2720 3650 2898 3730 εὗρες,
2930 3657 3023 3710 καὶ
3069 3654 3453 3718 ἀπολώλεκαςο
3495 3655 3659 3726 ἔχεις,
3695 3655 3721 3708 ὃ

457 3741 626 3796 habes
653 3741 801 3811 quod
827 3739 1096 3807 amisisti;
1129 3741 1268 3797 inter
1285 3755 1380 3797 eos
1402 3742 1494 3812 qui
1525 3743 1802 3798 inveniunt
1830 3751 1885 3798 et
1910 3756 2033 3812 per-

2145 3745 2324 3822 εὑρες·
2353 3750 2454 3802 οὑκ
2487 3749 2649 3820 ἔχεις,
2684 3748 2713 3802 ὃ
2743 3747 3126 3812 ἀπολώλεκαςο
3167 3750 3224 3801 ὲν
3285 3749 3398 3811 τοῖς
3442 3747 3720 3817 εὑρίσκου-

456 3831 729 3899 diderunt,
776 3833 1103 3890 numeraris.
1158 3833 1318 3888 Aliud
1352 3842 1434 3890 est
1491 3835 1632 3905 quod
1679 3835 1947 3890 invenitur
1983 3845 2038 3888 et

2145 3859 2244 3907 σιν,
2284 3841 2316 3912 ἢ
2345 3840 2714 3896 ἀπολωλεκόσι
2747 3842 2929 3914 κρίνῃ.
2962 3840 3188 3912 Ἕτερον
3230 3839 3286 3892 δὲ
3312 3837 3374 3892 τὸ
3401 3839 3720 3909 εὑρισκόμεο

457 3925 765 3990 amittitur;
796 3925 900 3980 hoc
930 3925 1074 3980 enim
1129 3934 1213 3980 est
1239 3925 1411 3980 virtus
1440 3933 1492 3980 et
1542 3925 1750 3980 vitium.
1780 3925 1880 3992 Qui
1908 3938 2037 3979 vero

2145 3951 2226 3987 νον
2261 3933 2355 3986 καὶ
2390 3934 2450 3987 τὸ
2483 3933 2888 4005 ἀπολλύμενονο
2945 3932 3040 3987 καὶ
3090 3932 3152 3985 τὸ
3183 3931 3301 4002 μὲν,
3350 3933 3384 4002 ή
3422 3931 3628 4003 ἀρετὴ,
3660 3930 3719 3983 τὺ

459 4017 663 4073 invenit
683 4026 738 4071 et
763 4017 958 4086 perdit,
1003 4017 1050 4072 is
1072 4025 1156 4072 est
1205 4017 1297 4086 qui
1349 4017 1535 4071 \irtuti
1578 4026 1633 4072 et
1661 4017 1788 4070 vitio
1817 4029 2035 4085 operam

2145 4026 2214 4092 δὲ,
2243 4029 2272 4081 ό
2303 4027 2472 4081 ποιῶν
2496 4043 2508 4055 ’
2538 4027 2715 4082 καὶτὸ
2747 4027 2868 4098 μὲν.
2904 4027 2936 4097 ἡ
2967 4025 3156 4089 κακία,
3189 4025 3250 4079 τὸ
3279 4024 3356 4089 δὲ,
3388 4024 3714 4096 ὁπράττωνο

459 4110 570 4166 dat.
595 4109 661 4164 Et
690 4104 880 4163 vitium
898 4109 1114 4178 quidem
1147 4107 1318 4174 nihil;
1345 4109 1564 4179 proprie
1593 4109 1736 4162 enim
1761 4107 1890 4163 nihil
1920 4117 2033 4163 est:

2145 4118 2317 4173 καὶτὸ
2349 4118 2471 4189 μὲν,
2493 4119 2527 4189 ή
2558 4117 2748 4181 κακία,
2803 4117 2987 4170 οὐδέν·
3035 4116 3181 4180 ίδίως
3235 4116 3342 4186 γάρ
3365 4115 3517 4168 οὐδέν
3539 4132 3553 4147 ο
3595 4117 3717 4170 ὑπό-

458 4217 566 4258 non
595 4201 738 4258 enim
769 4210 945 4271 potest
981 4215 1076 4272 per
1109 4214 1170 4256 se
1197 4214 1320 4256 esse
1351 4199 1564 4254 vitium.
1591 4200 1875 4254 Actionem
1907 4215 2037 4255 vero

2145 4229 2328 4266 στασιν
2361 4212 2468 4285 γὰρ
2505 4211 2701 4276 κακίας
2722 4212 2901 4285 εὑρεῖν
2933 4211 3212 4282 ἀμήχανον
3234 4226 3247 4240 ο
3279 4208 3481 4281 πρᾶξιν
3519 4209 3577 4262 δὲ
3601 4227 3714 4280 χαι-

458 4295 687 4353 mollitie
707 4294 1007 4351 affectionis
1036 4293 1449 4356 consistentem,
1493 4300 1548 4346 et
1572 4287 1749 4346 studio
1776 4289 2035 4347 consulta:

2145 4305 2319 4376 νότητι
2360 4305 2480 4376 (sic)
2530 4308 2843 4376 φρονήσεως
2883 4302 3336 4373 ὑφιστανομένην,
3383 4302 3480 4355 καὶ
3525 4302 3713 4374 μελέτῃ

456 4387 757 4445 voluntatis
783 4389 1164 4452 intereuntem,
1193 4399 1348 4441 sume
1372 4384 1579 4441 scilicet
1613 4399 1679 4439 ex
1708 4383 1772 4436 lis
1800 4397 1918 4452 quae
1942 4385 2034 4437 ad-

2139 4396 2510 4468 προαιρέσεως
2529 4398 2748 4471 ἀναιρου
2757 4396 2945 4468 μένην,
2968 4395 3157 4466 ἀμέλει
3174 4394 3238 4446 ὲκ
3255 4393 3364 4446 τῶν
3386 4393 3714 4464 μαθημάτων

459 4479 761 4545 discuntur,
792 4489 844 4535 et
876 4494 941 4536 ex
983 4477 1221 4534 motibus
1256 4474 1542 4534 considera
1571 4489 1690 4545 qua:
1717 4472 1848 4529 foris
1875 4483 2034 4538 sunt;

2138 4488 2404 4559 λάμϐανε,
2449 4491 2543 4542 καὶ
2569 4491 2634 4542 ὲκ
2671 4489 2779 4542 τῶν
2810 4488 3128 4559 κινημάτων
3147 4504 3160 4517 ·
3185 4487 3480 4556 ἐπίσκεψαι
3501 4486 3572 4539 τά
3589 4485 3710 4552 ἔξωο

458 4571 829 4670 οοηίθῐηρίθξίῗ
847 4585 977 4670 ,(1⁸³8
1008 4571 1191 4634 imm;
1226 4568 1472 4639 Ρθτδβίοθ
1510 4565 2033 4670 ἦοεῐιειιίοηοεοριπη
2069 4616 2111 4670 D
2140 4580 2335 4651 θεώρει
2373 4580 2442 4634 τὰ
2474 4580 2612 4634 ἔσωο
2640 4581 2977 4649 κατανόησον
3005 4579 3104 4643 τὰς
3139 4578 3376 4642 διανοίας
3395 4596 3408 4608 ·
3437 4580 3567 4632 ὅταν
3593 4580 3712 4631 ὑπο-

457 4662 630 4720 sentis
680 4661 956 4717 turbidum
1018 4668 1222 4714 motum
1272 4667 1326 4712 et
1377 4657 1664 4712 tumultum
1711 4657 2033 4725 quemdam;

455 4770 580 4812 cum
607 4753 852 4823 voluptas
883 4751 1080 4818 titillat,
1109 4765 1232 4806 cum
1281 4750 1394 4820 jam
1421 4753 1502 4805 sic
1565 4750 1619 4804 in
1651 4749 1891 4818 periculo
1917 4764 2036 4802 ver-
2077 4793 2086 4827 ί

457 4861 608 4913 sans,
638 4845 928 4915 praesentia
975 4853 1030 4900 et
1057 4841 1306 4912 praesidio
1355 4855 1535 4911 parva:
1559 4841 1856 4907 disciplina:
1884 4850 2034 4895 tran-

458 4935 784 5007 quillitatem
815 4943 872 4990 et
914 4932 1138 4989 multam
1163 4931 1527 4987 constantiam
1563 4930 1616 4984 in
1641 4933 1816 4984 anima
1851 4932 2032 4998 vides;

454 5029 620 5101 tdque
671 5028 730 5083 lit
782 5026 836 5083 in
893 5026 1108 5093 eodem,
1162 5039 1337 5096 neque
1369 5024 1540 5080 multo
1582 5025 1866 5080 intervallo
1903 5036 2037 5080 tem-

454 5123 642 5191 poris,
699 5121 830 5194 quin
886 5119 1064 5189 potius
1127 5132 1498 5190 saepenumero
1566 5127 1762 5189 puncto
1825 5129 2033 5190 tempo-

459 5227 555 5270 I'IS.

2147 4671 2337 4744 μείνῃς
2359 4671 2618 4742 τάραχον,
2654 4672 2782 4724 ὅταν
2843 4669 3068 4741 θόρυϐόν
3095 4686 3236 4732 τινα,
3267 4669 3394 4722 ὅταν
3415 4669 3710 4740 γαργαλίζῇ

2103 4763 2327 4833 ;ήδονῇ,
2371 4763 2498 4816 ὅταν
2553 4763 2630 4816 ἔτι
2659 4763 2802 4817 οὑτω
2843 4761 3168 4820 κιειδιλνεύων
3195 4760 3376 4829 ὀλίγου
3403 4761 3711 4831 μαθήματος

2143 4855 2486 4920 ἐπιστάντος,
2521 4857 2763 4928 γαλήνην
2782 4856 2898 4928 ἴδῃς
2925 4857 2983 4908 ὲν
3015 4857 3082 4927 τῇ
3111 4853 3255 4925 ψυχῇ
3283 4854 3376 4907 καὶ
3404 4854 3710 4908 εὐστάθειαν

2145 4947 2367 5019 πολλὴν,
2403 4950 2497 5002 καὶ
2546 4947 2723 5002 ταῦτα
2762 4949 2822 5002 ὲν
2867 4945 3085 5016 ταυτῷο
3144 4946 3281 5017 μήτε
3311 4944 3510 4999 πολλοῦ
3531 4947 3708 5017 χρόνον

2145 5038 2604 5110 παρεληλυθότος,
2644 5038 2780 5094 ἀλλὰ
2829 5037 3089 5104 πολλάκις
3123 5039 3181 5092 έν
3209 5037 3288 5108 τῷ
3329 5038 3600 5111 ἀκαριαίῳ
3625 5038 3709 5092 τοῦ

2143 5129 2383 5185 τοιούτου
2409 5131 2806 5204 πραττομένου.

1493 5280 1624 5336 CAP.
1650 5279 1769 5336 XX.
1809 5279 2175 5351 Conﬁrmatur
2196 5290 2380 5344 eadem
2411 5291 2672 5346 doctrina.

530 5372 605 5430 At
634 5389 777 5445 sepe
807 5391 930 5431 cum
964 5376 1144 5432 anima
1169 5375 1371 5447 aliquid
1411 5385 1564 5448 turpe
1593 5376 1814 5447 appetit,
1845 5388 1900 5433 et
1929 5387 2077 5448 sta-3
2111 5415 2122 5434 ρ

461 5465 560 5521 tim
610 5479 672 5522 se
722 5465 940 5523 cohibet
991 5476 1046 5523 et
1098 5465 1436 5524 sedationem
1475 5468 1894 5538 perturbationis
1935 5470 2036 5525 sibi

459 5558 640 5626 affert,
666 5573 732 5615 ac
765 5560 1028 5616 continuo
1051 5574 1173 5632 qua:
1197 5561 1266 5617 ad
1297 5561 1709 5632 temperantiam
1743 5563 2036 5631 pertinent,

532 5655 578 5687 ¹⁵
609 5646 756 5716 Psal.
781 5659 974 5722 xum,
1007 5655 1096 5724 15,
1123 5655 1214 5711 2t.
1247 5655 1293 5688 “
1317 5654 1337 5710 l
1365 5655 1490 5714 Cor.
1517 5672 1555 5722 ι,
1583 5654 1673 5714 27.

2216 5385 2327 5438 Καὶ
2361 5385 2620 5452 πολλάκις
2666 5388 2921 5460 ὁρμώσης
2956 5389 3054 5455 τῆς
3085 5389 3265 5461 ψυχῆς
3311 5389 3406 5442 ἐπὶ
3439 5388 3607 5451 πάθος
3635 5392 3709 5441 αξ-

2147 5475 2340 5546 σχρόνο
2373 5479 2720 5561 παραχρῆμα
2763 5481 2822 5534 δὲ
2857 5481 3249 5551 συστελλούσης
3288 5479 3382 5532 καὶ
3416 5479 3708 5549 καθησύχα-

2145 5564 2368 5640 εούσης,
2404 5570 2498 5624 καὶ
2526 5569 2690 5635 εὐθὺς
2722 5571 2792 5626 τὰ
2823 5571 3079 5644 σώφρονα
3106 5569 3601 5641 ἀναγινωσκούσης,
3629 5571 3708 5623 καὶ

531 5743 837 5830 “5).ng
856 5744 926 5799 δὲ
967 5748 1226 5830 νόμους-,ο
1248 5747 1354 5828 Sed
1397 5747 1530 5816 leges
1569 5759 1660 5830 aut
1687 5751 1909 5830 uirtutes
1929 5768 2047 5820 quae

2156 5750 2249 5808 Sic
2286 5753 2457 5830 reddit
2491 5754 2784 5829 Basnagius
2814 5756 2915 5814 ista
2941 5754 3153 5821 τοὺς¹δὲ
3185 5755 3404 5830 νόμους,
3436 5769 3553 5829 qua
3580 5759 3710 5828 tnge-

459 5826 581 5873 sttnt
627 5815 952 5874 characteres
1012 5815 1366 5886 fbnnationis,
1425 5815 1528 5874 non
1571 5819 1744 5876 reddis
1783 5815 2034 5891 formato.

2145 5834 2272 5880 runt
2306 5827 2677 5896 interpretem.
