3858 6310
212 345 319 400 917
1154 359 1211 418 S.
1254 361 1672 422 SEIIAPIONIS
1710 369 1911 424 LIBER
1955 371 2109 427 ADV.
2156 373 2597 434 IIANICIIIEOS.
3378 390 3477 444 9l8

209 464 307 517 τοῦ
339 464 588 520 τοιούτου
623 472 1026 543 πραττομένου,
1067 477 1187 543 πῶς
1212 484 1313 535 οὐκ
1350 482 1465 536 ἔστι
1501 484 1732 556 θαῦμα)

1961 492 2073 560 git;
2116 509 2236 546 cum
2279 493 2683 564 hor,‘inquam,
2719 498 2796 560 fit,
2843 502 3111 566 quomodo
3147 517 3248 554 non
3278 514 3361 556 est
3390 507 3483 558 ad.

164 575 171 610 ﬁ
211 559 368 621 ϐεἰνς
422 559 543 623 πῶς
572 560 673 614 οὐκ
722 561 868 616 ἔστιν
909 567 1102 632 εἰπεῖν,
1136 569 1218 623 δτι
1260 573 1413 627 οὐδὲν
1457 575 1585 629 ἴδιον
1613 578 1687 630 αὐ¹

1963 583 2256 638 ιὶνιιιῑιΙυιιιῖ
2289 587 2560 654 quomodo
2607 603 2712 642 non
2743 599 2826 644 est
2868 591 3173 656 dicendum,
3204 593 3335 648 nihil
3367 609 3486 650 esse

209 647 329 751 ἀλλ’
367 649 708 751 ἰδιοπριείται
757 655 789 725 ἡ
826 655 971 728 ψυχὴ
1024 659 1160 732 πρὸς
1192 663 1222 716 δ
1257 664 1508 734 βούλεται
1552 669 1732 722 ίδιοποε

1959 675 2190 743 roprium
2242 677 2476 731 animm?
2507 677 2599 732 sed
2651 679 2830 748 potius
2879 683 3155 751 proprium
3195 684 3264 739 ab
3304 687 3482 740 anima

211 739 405 806 θεῖσα;
445 744 542 796 καὶ
566 745 718 799 οὐδὲν
753 749 858 802 τῶν
895 751 1136 823 αἰσχρῶν
1159 755 1280 808 καθ’
1306 758 1466 811 ἑαυτό
1493 760 1659 826 ἐστιν,
1691 763 1734 814 ἀῖ

237 827 263 848 τ
396 834 421 848 ᾳ
522 837 544 848 ει
600 837 622 848 .-
753 842 779 848 ..
818 843 829 848 ,
942 842 953 848 -
1174 846 1181 848 _
1205 844 1213 848 -

1967 739 2030 820 ari
2061 767 2112 821 id
2139 768 2204 821 ad
2233 769 2374 837 quod
2411 784 2470 824 se
2501 770 2614 823 vult
2652 739 2952 841 applicare,
2978 739 3288 846 nullamque
3319 778 3490 848 turpi-

209 834 357 885 εἶναι
391 834 562 901 δοκεῖ,
597 837 686 890 ὅτε
715 842 782 910 τῇ
813 842 992 913 ἐννοίᾳ
1016 844 1378 911 φαντάζεται·
1409 850 1508 903 οὐκ
1538 850 1686 905 ἐστιν
1715 870 1732 906 ι

1979 857 2152 911 dinem
2209 874 2302 928 per
2351 875 2409 916 se
2456 875 2596 925 esse,
2649 865 2892 933 quinimo
2949 876 3078 922 tunc
3121 868 3294 924 videri
3343 885 3502 932 esse,

209 925 338 1028 καθ’
381 927 555 1028 ἑαυτά
591 929 660 984 τὰ
693 933 914 1004 αἰσχρὰ,
949 936 1084 990 ἀλλὰ
1115 941 1234 1003 ταῖς
1267 939 1684 1008 ἀποκλινούσαις
1713 963 1732 998 ι

1964 962 2039 1000 tm
2072 949 2396 1017 cogitatione
2423 949 2661 1022 fingitur.
2689 953 2804 1008 Non
2835 966 2958 1010 sunt
2991 956 3152 1026 igitur
3184 958 3358 1027 turpia
3393 972 3487 1028 per

209 1017 664 1120 ἀπρρρετοούσαις
684 1024 944 1091 διανοίαις
967 1028 1064 1093 τὰς
1093 1031 1380 1098 συστάσεις
1408 1035 1649 1106 δέχεται·
1683 1037 1732 1092 δε

1964 1054 2010 1106 ις
2044 1041 2138 1096 sed
2171 1056 2292 1095 cum
2326 1058 2478 1099 mens
2512 1045 2577 1099 ad
2609 1060 2670 1100 ea
2711 1045 2950 1114 deﬂexit,
2988 1058 3041 1103 et
3068 1049 3207 1104 facta
3243 1017 3327 1104 est
3362 1017 3487 1120 p'ro-

347 1110 754 1212 παιδερτηρίων
793 1113 1005 1187 ἐδεήθη,
1062 1119 1264 1191 ἀκόνην
1311 1123 1406 1176 καὶ
1449 1123 1733 1197 λαμπρότη

1966 1144 2103 1199 ansa,
2141 1141 2266 1187 tunc
2301 1135 2620 1190 consistunt.
2674 1135 2824 1192 Unde
2872 1139 3072 1194 scholis
3109 1140 3338 1212 indiguit
3370 1143 3489 1196 ani-

211 1197 358 1306 πρὸς
406 1201 807 1306 παιδευτηρίων
853 1204 1239 1277 λαμϐάνουσα·
1284 1211 1406 1266 ὅθεν
1461 1214 1720 1280 πολλάκις

1964 1237 2024 1288 ια,
2072 1239 2100 1278 a
2145 1226 2342 1294 quibus
2376 1242 2600 1282 acumen
2650 1239 2706 1280 et
2749 1229 3089 1298 splendorem
3135 1197 3373 1300 caperet.
3409 1231 3487 1286 Ex

210 1290 358 1390 αὑτὴ
409 1290 576 1390 ἑαυτῇ
616 1293 933 1364 φθέγγεται,
987 1299 1186 1373 ἑαυτὴν
1241 1302 1602 1375 διεγείρουσα,
1659 1305 1690 1377 ἢ

1960 1328 2020 1369 ιιο
2055 1314 2112 1368 fit
2146 1325 2202 1370 ut
2242 1331 2385 1385 εαξρο
2413 1331 2596 1372 secum
2635 1319 2884 1388 loquatur
2912 1335 2970 1374 se
3012 1321 3184 1390 ipsam
3219 1323 3483 1386 excitans,

213 1377 410 1476 ἑτέρου
445 1379 834 1457 διανεσταμένη
867 1387 1088 1443 ἀκούει·
1120 1392 1372 1461 Εὺλόγει
1406 1393 1443 1461 ἠ
1478 1393 1649 1463 ψυχή
1687 1413 1736 1464 ,ιι

1967 1415 2007 1459 ιι
2035 1404 2103 1459 ab
2127 1405 2232 1459 alio
2260 1407 2490 1461 excitata
2515 1407 2664 1460 audit
2691 1425 2706 1460 :
2733 1407 2978 1476 Benedic,
3009 1377 3188 1465 alnima
3217 1427 3351 1475 mea,
3380 1411 3490 1466 Do-

211 1470 603 1575 tdr-Képwr,
637 1477 738 1533 καὶ
780 1479 979 1536 πάντα
1019 1483 1090 1537 τὰ
1121 1485 1294 1551 ἐντός
1339 1504 1459 1556 μου
1509 1487 1578 1542 τὸ
1621 1487 1734 1557 bro,

1970 1497 2081 1558 inn,
2119 1506 2168 1549 et
2211 1499 2387 1552 omnia
2426 1515 2542 1568 quo:
2580 1499 2722 1551 intra
2769 1515 2848 1553 me
2882 1509 3027 1566 sunt,
3075 1503 3271 1555 nomini
3305 1510 3486 1556 sancto

210 1562 281 1616 τὸ
313 1563 492 1656 ἁγίοις
522 1567 738 1656 αὐτοῦ·
771 1571 886 1637 καὶ,
908 1573 1070 1628 Atrei
1111 1577 1150 1645 ἡ
1178 1578 1348 1648 ψυχή
1371 1597 1490 1648 μου
1550 1579 1657 1634 τὸν
1691 1585 1733 1635 K

1963 1588 1965 1596 ‘
2003 1585 2106 1651 s",
2131 1597 2218 1640 et:
2240 1585 2641 1647 Lauda,anima
2669 1603 2803 1651 mea,
2835 1588 3114 1643 Dominum
3133 1589 3320 1645 ".Aut
3343 1590 3486 1646 enim

201 1668 370 1745 pter.
401 1655 474 1706 Ἦ
505 1655 615 1745 γάρ
642 1661 690 1712 οἱ
717 1660 1074 1734 διεγείροντες
1103 1668 1198 1721 καὶ
1231 1668 1611 1734 διανιστῶντες
1663 1670 1724 1724 λόη

1964 1675 2218 1732 ttiouibus
2262 1677 2497 1733 excitata
2536 1689 2589 1733 et
2635 1688 2926 1743 commota,
2975 1678 3164 1736 fortior
3211 1679 3348 1734 facta
3384 1688 3487 1745 est,

211 1742 296 1796 ἑτι
327 1742 710 1822 ἀνδρειοτέραν
743 1753 910 1826 αὐτὴν
940 1759 1370 1825 κατεσκεύασαν,
1399 1761 1432 1833 ἢ
1456 1763 1519 1816 ὲκ
1544 1760 1636 1816 τοῦ
1669 1780 1734 1816 πο

1962 1779 2010 1822 ut
2055 1769 2278 1824 alterius
2327 1769 2528 1824 monita
2559 1770 2856 1839 perfectum
2900 1778 3098 1826 statum
3141 1770 3191 1826 ei
3223 1769 3485 1825 tribuunt.

207 1834 497 1901 αινοῦντος
538 1839 809 1910 γινόμενοι
868 1845 968 1918 τὴν
1018 1847 1206 1902 στάσιν
1270 1849 1370 1921 τὴν
1415 1850 1628 1904 τελείαν
1667 1852 1730 1905 αύ

1958 1859 2118 1929 sapius
2142 1875 2270 1914 vero
2299 1874 2357 1915 se
2384 1862 2449 1914 ad
2481 1834 2868 1930 turpitudinem
2904 1861 3093 1916 incitat
3127 1870 3182 1918 et
3213 1862 3481 1927 hortatur,

209 1926 568 2019 χαρίζονται·
609 1932 870 2000 πολλάκις
899 1936 956 1990 δὲ
985 1940 1083 1992 καὶ
1111 1940 1368 2012 διεγείρει
1393 1943 1594 2015 ἑαυτὴν
1623 1943 1717 1998 ἐπὶ

1965 1996 1966 1999 η
1990 1926 2108 2019 quae
2137 1962 2264 2004 sunt
2293 1951 2547 2016 absurda,
2570 1926 2670 2007 sibi
2702 1952 2970 2019 concedit,
2999 1961 3054 2009 et
3081 1951 3281 2008 clamat
3312 1973 3325 2008 :
3357 1926 3488 2007 Ani-

209 2017 462 2113 αίσχρὸν,
517 2021 611 2074 καὶ
658 2023 796 2094 πρὸς
834 2027 1156 2098 παραίνεσιν
1205 2031 1405 2102 ἑαυτῆς
1454 2033 1660 2104 χωρεῖ·
1711 2049 1732 2084 a

1969 2017 2022 2107 ιι,
2069 2042 2228 2096 habes
2273 2043 2408 2097 bona
2457 2044 2628 2113 posita
2679 2048 2734 2099 in
2781 2017 2975 2099 multo:
3025 2059 3228 2111 annos;
3259 2043 3488 2110 comede,

207 2109 390 2176 ἄλλως
405 2110 476 2166 τὰ
495 2113 672 2168 ἄτοπα
693 2116 858 2189 ἑαυτῇ
881 2119 1234 2195 χαριζομένη,
1252 2124 1347 2177 καὶ
1365 2123 1544 2194 βοῶσα
1565 2141 1577 2156 ⁸
1607 2122 1804 2193 Ψυχὴν
1915 2135 2048 2200 bibe,
2079 2134 2258 2189 thare
2277 2135 2343 2191 ".

208 2201 375 2271 ἔχεις
403 2204 599 2274 ἀγαθὰ
634 2208 878 2277 κείμενα
925 2214 1016 2280 είς
1048 2213 1154 2283 ἐτη
1201 2217 1431 2271 πολλά·
1473 2216 1646 2288 φάγε,
1685 2217 1886 2281 πίε,ἶκτ²

207 2295 569 2364 εὐφραίνου.

1229 2395 1360 2452 CAP.
1384 2396 1527 2452 XXI.
1552 2398 1630 2452 An
1651 2397 1845 2467 duplex
1866 2390 2045 2446 animo
2073 2391 2139 2445 sit
2165 2392 2218 2444 in
2242 2391 2468 2446 homine.

279 2480 397 2534 Kal.
430 2481 481 2535 εί
517 2483 616 2554 μὲν
645 2485 704 2538 αἱ
751 2484 820 2538 τὰ
861 2484 1038 2540 ἄτοπα
1071 2486 1292 2552 ἑαυταῖς
1337 2490 1677 2562 παρέχουσαι
1703 2489 1802 2559 ψυ-

1985 2483 2042 2536 Si
2076 2483 2272 2538 animae
2297 2498 2416 2552 quae
2450 2483 2552 2541 sibi
2599 2495 2891 2556 suggerunt
2922 2487 3226 2552 inhonesta,
3259 2485 3378 2541 alite
3397 2498 3487 2542 es-

209 2571 327 2639 χαὶ,
349 2572 540 2643 ἕτεραι
565 2571 727 2646 ἦσαν,
754 2575 850 2628 καὶ
880 2575 1002 2629 καθ’
1030 2578 1230 2643 ἑαυτὰς
1257 2574 1422 2652 ἦσαν,
1455 2579 1629 2635 ἄλλων
1653 2579 1711 2634 δὲ

1968 2583 2053 2637 :nt,
2105 2587 2169 2628 ac
2215 2587 2311 2644 per
2339 2588 2398 2629 se
2426 2584 2648 2643 essent;
2681 2575 2800 2630 alia
2837 2589 2990 2644 vero,
3029 2590 3150 2646 qua:
3177 2575 3408 2632 honesta
3437 2587 3491 2633 et

209 2661 491 2734 σώφρονα,
533 2660 602 2737 ἦν
649 2669 823 2721 εἰπεῖν
854 2667 949 2720 δύο
987 2667 1120 2740 γένη
1154 2669 1374 2741 ψυχῶν·
1419 2671 1515 2725 καὶ
1549 2671 1732 2740 λέγοντ

1963 2671 2230 2733 ιιῳθηιιι,
2265 2661 2370 2716 dici
2405 2673 2586 2734 posset
2617 2677 2737 2719 esse
2777 2665 2884 2720 duo
2927 2677 3123 2735 genera
3153 2664 3486 2732 animarum;

208 2754 392 2821 τοῦτο,
444 2757 610 2811 πάλιν
658 2759 823 2832 γελᾷν
843 2776 856 2790 ·
894 2761 990 2814 καὶ
1037 2762 1307 2816 δυσωπεῖν
1338 2763 1444 2817 ἔδει
1474 2763 1571 2836 τὴν
1605 2762 1731 2817 iter

2002 2770 2190 2810 rursus
2220 2769 2314 2810 eos
2337 2756 2428 2824 qui
2457 2757 2558 2812 hoc
2585 2756 2850 2823 dicerent,
2880 2755 3209 2824 rideremus;
3241 2764 3492 2827 essetque

207 2847 319 2902 τῶν
365 2851 690 2922 Μανιχαίων
728 2851 906 2916 δόξαν,
958 2853 1045 2906 ὅτι
1092 2853 1190 2923 τὴν
1227 2854 1428 2925 μανίαν
1475 2857 1556 2918 είς
1601 2853 1730 2909 δύο⁴

1971 2849 2064 2903 dde
2101 2847 2409 2918 pudendum
2457 2848 2728 2918 opinionis
2766 2847 3208 2914 Manichaeorum,
3240 2848 3382 2916 quod
3410 2848 3494 2902 in-

211 2956 411 3008 μνουσι
443 2942 537 2996 καὶ
566 2931 863 3013 διαιροῦσι,
878 2944 972 2997 καὶ
995 2945 1066 2998 τὰ
1097 2944 1309 3007 ἑαυτοῖς
1334 2947 1615 3018 μαχόμενα
1647 2945 1734 3018 φθε

1971 2937 2127 2993 iniam
2163 2939 2216 2993 in
2249 2939 2356 2993 duo
2403 2953 2600 3010 genera
2645 2939 2914 3007 dividunt,
2955 2940 3046 3011 qui
3087 2951 3138 2995 et
3195 2941 3297 2995 sibi
3335 2954 3494 3010 repu-

207 3031 462 3102 γόμενοι,
492 3035 588 3088 καὶ
619 3037 752 3106 μηδὲ
784 3037 884 3107 τῆς
911 3036 1115 3091 ἀτόπου
1141 3037 1322 3092 αὐτῶν
1352 3038 1511 3109 δόξης
1539 3039 1638 3110 τὴν
1668 3056 1730 3093 συ

1971 3031 2135 3086 tantia
2183 3030 2496 3101 loquuntur,
2527 3039 2581 3086 et
2635 3045 2741 3086 non
2777 3039 2960 3087 tenent
2991 3046 3110 3086 cum
3145 3031 3351 3086 honore
3377 3031 3494 3102 opi-

208 3125 424 3192 φωνίαν
454 3126 745 3197 τιμῶντες.
782 3131 846 3184 El
879 3131 935 3183 δὲ
973 3131 1026 3183 αἱ
1055 3129 1216 3184 αύταί
1245 3132 1372 3193 είσι,
1402 3108 1497 3185 καὶ
1531 3108 1656 3202 ἄρτι
1682 3133 1716 3200 ἡ

1973 3126 2091 3180 onis
2138 3139 2250 3180 sua:
2292 3125 2541 3180 absurdae
2570 3124 3004 3180 consensionem.
3042 3122 3191 3190 Quod
3218 3124 3264 3180 si
3289 3125 3491 3179 eaedem

207 3219 391 3272 ἄτοπα
426 3219 593 3292 ἑαυτῇ
636 3222 1011 3294 παραινέσασα
1061 3221 1411 3294 παραινέσειέ
1456 3238 1587 3274 ποτε
1639 3221 1730 3274 ὲαυ

1970 3227 2040 3271 unt
2079 3215 2296 3281 animae,
2344 3225 2400 3270 et
2447 3215 2627 3270 anima
2660 3229 2778 3284 qua:
2825 3214 2984 3286 paulo
3026 3223 3152 3270 ante
3184 3215 3358 3285 turpia
3391 3214 3493 3270 sibi

206 3305 280 3359 τὰ
307 3307 487 3378 τίμια.
522 3309 618 3364 καλ⁵
661 3312 694 3382 ἠ
734 3310 860 3382 ἄρτι
895 3311 1031 3384 πρὸς
1070 3312 1140 3366 τὰ
1184 3310 1360 3383 σεμνὰ
1387 3311 1589 3383 ἑαυτὴν
1613 3312 1729 3381 διεγ

1971 3311 2194 3374 Iadebat,
2230 3310 2478 3366 suadebit
2517 3311 2619 3365 sibi
2667 3310 2958 3380 aliquando
2992 3311 3256 3376 honesta;
3293 3317 3346 3364 et
3375 3323 3494 3378 quae

211 3416 412 3470 ρουσα,
448 3403 580 3456 ποτὲ
619 3404 755 3476 πρὸς
799 3403 870 3458 τὰ
903 3406 1106 3478 αἰσχρά
1135 3405 1336 3476 ἑαυτὴν
1372 3403 1677 3476 ὲκπέμψει·
1713 3422 1734 3458 a

1972 3400 2074 3454 lUlO
2106 3409 2232 3456 ante
2279 3399 2344 3455 ad
2383 3401 2720 3456 honestatem
2762 3413 2822 3454 se
2847 3399 3139 3462 excitabat,
3171 3397 3495 3468 quandoque

209 3494 247 3563 ἡ
305 3493 442 3547 ποτὲ
494 3495 708 3566 σεμνῶν
765 3497 1197 3566 ἀντιποιηθεὶσα,
1253 3499 1349 3551 καὶ
1403 3497 1683 3566 τιμήσασα

2011 3494 2064 3548 ἰη
2096 3494 2484 3564 turpitudinem
2523 3491 2803 3564 projiciet;
2842 3500 2897 3548 et
2930 3506 3050 3562 quae
3080 3491 3370 3562 aliquando
3400 3489 3495 3544 ho-

211 3584 415 3652 σεμνὰ,
447 3585 579 3637 ποτὲ
624 3585 764 3640 αύτά
796 3587 1183 3642 ἀπολέλοιπεν·
1237 3585 1560 3658 αὐθαίρετος
1601 3589 1665 3640 ὲκ
1711 3604 1734 3640 τ

1972 3597 2067 3640 asta
2103 3586 2348 3655 amplexa
2399 3597 2482 3639 est
2523 3593 2578 3639 et
2626 3580 2828 3638 ltonore
2859 3592 3167 3654 prosecuta,
3205 3579 3495 3651 aliquando

215 3676 530 3748 μιταΰολῆς
556 3677 965 3751 ἐλεγχθήσεται.

1975 3694 2002 3730 a
2037 3678 2297 3742 deseruit,
2327 3676 2441 3745 ipsa
2473 3675 2773 3730 mutatione
2800 3672 3156 3728 conviueetur
3189 3671 3371 3726 libera:
3399 3683 3495 3724 vo-

1920 3767 2141 3822 luntatis
2170 3781 2310 3822 esse.
2792 3759 2794 3761 δ

859 3864 989 3920 CAP.
1015 3862 1178 3920 XXII.
1211 3863 1424 3929 Demos,
1453 3863 1598 3919 ϐεειὶ
1620 3875 1669 3919 et
1694 3863 1730 3919 J
1737 3866 1867 3920 udas
1899 3865 2158 3936 proditor,
2181 3866 2237 3920 in
2259 3880 2550 3933 exempmm
2578 3865 2852 3933 propositi.

286 3956 482 4028 Δημᾶς
506 3949 576 4027 ἦν
607 3955 744 4027 μετά
773 3955 1010 4023 Παύλου,
1039 3956 1216 4028 τιμῶν
1238 3955 1338 4028 τὴν
1371 3955 1586 4009 Παύλου
1618 3972 1809 4008 συνου-

1987 3957 2116 4010 Erat
2147 3955 2343 4013 Demas
2381 3947 2503 4010 cum
2536 3955 2720 4020 Paulo,
2754 3971 2876 4012 cum
2911 3955 3354 4012 consuetudinem
3381 3954 3497 4025 ejus

214 4049 364 4103 σίαν.
408 4047 610 4121 ᾘρέθη
643 4051 710 4120 τῇ
760 4048 855 4102 τοῦ
895 4047 1142 4102 διαϐόλου
1186 4047 1455 4120 ἐπιθυμίᾳ
1477 4063 1490 4076 ·
1526 4046 1680 4117 ἠφίει
1709 4063 1737 4100 τ

2005 4048 2426 4104 familiaritatem
2479 4049 2659 4120 magni
2693 4047 2944 4104 faciebat.
2998 4049 3200 4122 Captus
3223 4058 3309 4106 est
3347 4049 3498 4120 cupi-

213 4139 587 4211 ἀποστολικὴν
633 4139 949 4193 συνουσίαν·
991 4141 1085 4193 καὶ
1122 4140 1298 4210 φυγὰς
1341 4140 1634 4212 γενόμενος
1676 4157 1736 4211 πε

1977 4151 2084 4198 tate
2129 4142 2422 4208 diabolica,
2470 4142 2686 4212 reliquit
2741 4143 3187 4198 consuetudinem
3221 4141 3493 4212 Apostoli;

211 4232 316 4303 τὴν
368 4233 466 4287 τοῦ
513 4233 720 4305 κόσμου
763 4231 921 4297 δόξαν
979 4232 1268 4304 ἠπείγετο·
1325 4232 1528 4302 Δημᾶς
1585 4231 1696 4303 γάρ

1999 4234 2173 4291 factus
2223 4235 2498 4306 fugitivus,
2547 4238 2613 4290 ad
2663 4234 2887 4305 gloriam
2916 4234 3096 4290 saeculi
3125 4233 3492 4303 properabat:

210 4325 632 4398 ἐγκατέλιπεν,
663 4328 986 4398 ἀγαπήσας
1015 4329 1132 4418 τὼς
1151 4326 1268 4382 νῦν
1296 4323 1502 4390 αἰῶνα,
1537 4325 1638 4379 καὶ
1673 4325 1733 4378 ἐπ

1974 4341 2134 4385 emas.
2167 4325 2363 4393 inquit,
2404 4339 2485 4377 me
2510 4323 2996 4392 reliquitdfiligens
3023 4323 3119 4374 hoc
3141 4320 3416 4385 surculum,
3447 4331 3497 4375 et

203 4391 404 4489 patiar]
428 4420 517 4484 εις
535 4391 1016 4489 Θεσσαλοκικην.
1065 4391 1375 4473 ’ἀκολούθει
1407 4416 1536 4469 ποτὲ
1569 4416 1663 4469 καὶ
1692 4416 1726 4468 Γ

1973 4415 2177 4482 ὀῙρσιω
2206 4391 2278 4467 est
2307 4391 2814 4467 Thessalonicam“.
2846 4411 3186 4482 Sequebatur
3207 4411 3496 4481 aliquando

212 4513 285 4586 ζὴ
317 4513 401 4586 τῷ
426 4513 740 4585 Ἐλισσαίῳ,
783 4514 876 4568 καὶ
917 4488 998 4576 είς
1026 4512 1332 4583 ὑπηρεσίαν
1370 4512 1685 4582 ὲμετρεῖτο·
1716 4527 1735 4563 ι

1989 4505 2062 4558 ι·Ζὶ
2101 4503 2370 4570 ΕΙίεωιιηι,
2398 4513 2452 4558 et
2483 4503 2552 4558 ad
2581 4491 2985 4558 inserviendum
3008 4504 3055 4558 ei
3086 4519 3145 4558 se
3168 4488 3512 4574 attempera-A

214 4605 485 4676 φανείσης
527 4605 814 4676 εὐκαιρίας
864 4605 1165 4676 χρημάτων
1200 4603 1349 4673 ἠφίει
1403 4602 1502 4673 μὲν
1535 4601 1605 4656 τὰ
1657 4601 1737 4655 θεῖ

1970 4606 2040 4663 ιι;
2091 4605 2146 4651 at
2196 4605 2413 4651 ostensa
2469 4594 2873 4665 opportunitate
2925 4594 3158 4650 habendi
3215 4595 3493 4665 pecunias,

212 4699 482 4770 χρήματα
524 4697 583 4751 δὲ
623 4696 803 4750 λαϐὼν
854 4695 1156 4752 ἀντεπώλει
1191 4695 1292 4767 τὴν
1325 4695 1534 4748 οἰκείαν
1584 4692 1735 4766 γνώμ

1994 4689 2120 4743 nisit
2151 4687 2354 4753 divina,
2390 4697 2442 4742 et
2486 4687 2722 4756 acceptis
2761 4687 3016 4746 nummis.
3069 4696 3303 4742 mentem
3344 4701 3517 4740 suam

213 4793 282 4861 τῇ
312 4787 531 4859 εὑρέσει
559 4787 668 4842 τῶν
696 4787 1017 4860 χρημάτων.
1065 4787 1265 4850 Ἰούδας
1299 4787 1355 4840 ὲν
1381 4784 1700 4850 ἀποστόλοις
1733 4810 1736 4829 ‹

1974 4779 2160 4835 endidit
2217 4789 2272 4834 et
2321 4779 2566 4849 pecuniis
2617 4778 2820 4832 addixit
2851 4779 2916 4832 ’³.
2976 4778 3142 4834 Judas
3186 4795 3217 4833 e
3273 4793 3497 4833 numero

213 4879 458 4952 ὲφόόησέ
488 4897 619 4934 ποτε
660 4883 950 4953 πυρετοὺς,
985 4879 1428 4953 ὲστρατηλάτησε
1455 4877 1595 4933 κατὰ
1624 4879 1736 4948 δαιι.

1974 4873 2284 4927 »οδιοὶοιιυιη
2335 4880 2476 4936 erat,
2511 4869 2812 4941 expellebat
2841 4869 3131 4939 aliquando
3162 4871 3362 4936 febres,
3393 4871 3497 4923 mi-

215 4990 345 5037 νων,
381 4965 462 5036 εἷς
491 4968 560 5045 ἦν
592 4973 701 5026 τῶν
729 4973 1017 5042 λεγόντων,
1057 4973 1255 5041 Κύριε,
1297 4969 1427 5024 ἰδοὺ
1455 4968 1555 5024 καὶ
1579 4968 1653 5022 τὰ
1682 4967 1738 5021 δι

1974 4964 2096 5018 .avit
2133 4974 2322 5019 contra
2372 4963 2664 5029 daemones,
2713 4976 2853 5015 unus
2894 4971 3011 5016 erat
3045 4977 3110 5016 ex
3163 4963 3230 5016 iis
3265 4963 3354 5032 qui
3385 4965 3497 5017 aie-

218 5065 399 5134 μόνια
453 5064 599 5133 ἡμῖν
656 5064 1095 5120 ὑποτάσσεται·
1153 5063 1250 5118 καὶ
1297 5064 1325 5116 ὁ
1381 5062 1620 5133 μάστιγα
1669 5076 1741 5114 κα

1972 5063 2049 5108 tnt
2082 5075 2093 5109 :
2126 5053 2368 5120 Domine,
2413 5069 2528 5118 ecce
2568 5053 2831 5107 awmonia
2863 5051 3219 5123 subjiciuntur
3245 5053 3390 5107 nobis
3413 5053 3495 5119 ²¹ς

217 5155 496 5228 δαιμόνων
558 5158 807 5228 κινήσας,
859 5157 1043 5228 μικρῷ
1095 5155 1305 5227 τροφίῳ
1358 5153 1602 5226 αἱρεθεὶς
1650 5153 1740 5221 im

2005 5146 2095 5214 qui
2129 5146 2398 5202 daemones
2426 5142 2752 5206 verberavit,
2804 5142 2964 5212 paulo
2995 5151 3116 5212 post
3159 5142 3318 5196 hamo
3347 5142 3499 5210 cupi-

219 5247 486 5319 στρεύετο
511 5246 618 5301 ὑπὸ
646 5250 746 5320 τῆς
768 5246 1086 5318 ἐπιθυμίας.
1107 5246 1219 5300 Καὶ
1247 5240 1392 5299 οὗτοι
1427 5243 1525 5314 μὲν
1558 5241 1742 5296 τοιοῦτ‹

1980 5240 2105 5293 tatis
2147 5247 2340 5306 captus
2385 5246 2490 5293 est.
2531 5238 2706 5305 Atque
2746 5234 2798 5290 hi
2844 5235 3060 5306 quidem
3099 5234 3232 5290 tales
3284 5234 3502 5290 fuerunt

217 5339 321 5391 οὐκ
348 5337 414 5390 ὲκ
443 5336 546 5408 τῆς
577 5336 833 5407 τοιαύτης
857 5337 1169 5408 μετουσίας,
1204 5337 1284 5399 εἰς
1314 5334 1414 5406 τὴν
1444 5333 1550 5387 τῶν
1572 5335 1740 5403 αἰσχρι

1976 5333 2336 5404 ιτιὶοἰριιιίοηο
2371 5331 2554 5385 liberae
2604 5330 3006 5386 voluntatis'ad
3043 5345 3130 5387 res
3165 5341 3348 5401 turpes
3392 5342 3499 5386 tra-

218 5431 414 5486 οὐσίαν
445 5429 902 5502 μεταδεδηκότες.

563 5429 902 5502 ιῦεδηκότες.
1921 5424 2086 5480 ducti.

1275 5545 1406 5602 Cap.
1437 5542 1626 5601 XXIII.
1667 5543 1815 5598 Petri
1845 5542 2023 5612 lapsus
2044 5550 2092 5597 et
2114 5540 2437 5609 pwnitentia.

293 5644 362 5699 Τί
391 5644 450 5700 δέ
481 5665 618 5720 φησι
650 5648 779 5720 περὶ
814 5645 908 5702 τοῦ
934 5646 1143 5719 Πέτρου
1171 5647 1206 5718 ἢ
1252 5645 1456 5717 Θωμᾶς
1503 5644 1653 5707 ὅστις
1681 5642 1812 5695 ποτὲ

1991 5639 2129 5707 Quid
2159 5639 2226 5692 de
2255 5637 2416 5693 Petro
2444 5647 2497 5692 et
2530 5637 2735 5694 'I‘homa
2779 5638 3016 5694 dicitur?
3055 5639 3185 5695 Erat
3212 5639 3500 5709 aliquando

299 5765 512 5891 ‘;7Psal.
540 5784 634 5836 cu,
667 5770 717 5824 I.
797 5769 842 5802 η
868 5767 1012 5826 Psal.
1036 5783 1197 5834 στιν,
1219 5765 1273 5821 2.
1358 5767 1400 5799 ¹⁹
1428 5765 1556 5822 Luc.
1589 5781 1684 5831 xu,
1718 5764 1802 5818 l9.
1907 5764 1956 5796 ¹⁰
1983 5761 2025 5817 ll
2055 5758 2196 5816 Tim.
2221 5775 2296 5827 tv,
2337 5759 2392 5816 9.
2505 5759 2548 5790 ’ί
2580 5755 2652 5813 ιγ
2692 5757 2826 5832 Reg.
2866 5775 2921 5824 ν,
2954 5758 3026 5814 20
3051 5771 3174 5830 sqq.
3291 5757 3333 5788 "
3369 5754 3499 5811 Luc.

222 5851 283 5901 ι,
316 5851 402 5891 ιι.
