3858 6308
470 336 577 395 εις

1572 335 1849 395 PATRES
1885 336 2186 395 IEGYPTII
2228 336 2502 396 SECULI
2542 338 2631 398 IV.

3632 340 3729 398 916

469 470 601 513 vero
626 460 712 510 est
740 452 969 509 mutatio
1004 468 1018 507 :
1049 466 1111 509 ac
1133 450 1392 523 iudicium
1430 454 1647 525 quidem
1685 464 1741 512 et
1766 455 2045 527 disciplina

2160 473 2280 521 των,
2332 456 2484 523 δεξιά
2538 431 2778 511 καΥθεία
2808 455 3013 527 βλέψις,
3045 455 3207 529 μέχρι
3251 456 3361 511 τῶν
3399 455 3730 522 ἀξιωθέντων

468 548 912 621 pmceptionum,
945 561 1069 603 cum
1094 554 1351 617 tanquam
1383 550 1548 605 duces
1571 548 1743 605 oculis
1784 557 2048 620 praeeunt,

470 650 653 697 rectus
682 649 737 697 et
787 640 1000 696 divinus
1054 648 1139 695 est
1200 651 1469 711 aspectus,
1526 657 1698 713 usque
1737 644 1802 698 ad
1837 658 1898 698 ea
1930 658 2051 713 quae

471 742 691 801 aspectu
722 732 880 803 digna
903 741 1029 787 sunt
1055 741 1359 802 porrectus.
1401 734 1533 789 Cum
1570 749 1699 791 vero
1725 732 2048 805 negligentia

470 823 803 891 dominatur,
863 834 1049 895 turpes
1095 830 1159 882 'et
1211 823 1402 882 fucatae
1453 838 1579 883 sunt
1617 843 1725 883 res.
1762 828 1854 884 Sic
1882 828 2045 883 etiam
2076 845 2120 885 ,τ’

472 906 670 987 corpus
700 957 718 984 ,
776 920 856 975 sic
901 935 1063 976 omne
1121 920 1423 975 membrum
1470 920 1737 975 actionem
1796 920 2046 985 honorat,

472 1008 747 1065 actionem
778 1011 1044 1068 imitatur.
1076 1011 1284 1067 Bonum
1325 1022 1408 1068 est
1436 1013 1578 1082 quod
1607 1011 1898 1068 formatum
1927 1022 2047 1077 est;

469 1110 647 1172 potest
676 1103 819 1158 enim
869 1103 1141 1159 deservire
1184 1104 1390 1159 virtuti.
1449 1104 1665 1160 Sancta:
1693 1112 1819 1158 sunt
1869 1103 2043 1171 leges;

470 1203 668 1249 curant
689 1198 830 1250 enim
862 1205 919 1250 ut
947 1196 1275 1267 diligentiam
1309 1196 1561 1252 adhibeat
1587 1196 1729 1267 quod
1759 1196 2045 1251 formatum

470 1292 574 1339 est.
622 1282 790 1341 Misce
818 1301 939 1340 cum
969 1284 1293 1342 formatione
1334 1285 1529 1356 legem,
1564 1294 1619 1341 et
1673 1285 1880 1340 videbis
1905 1286 2047 1354 quod
2076 1306 2115 1337 tr

470 1371 765 1430 formatum
794 1384 901 1440 est,
930 1376 1342 1432 similitudinem
1371 1374 1487 1444 ejus
1537 1377 1629 1446 qni
1668 1374 1924 1432 formavit
1959 1375 2051 1430 ha-

469 1464 624 1532 bere,
656 1466 1061 1538 imitabiturque
1087 1484 1208 1523 eum
1232 1485 1247 1535 ;
1301 1468 1384 1523 sin
1408 1483 1535 1524 vero
1563 1468 1827 1524 formatus
1858 1483 1937 1535 es,
1961 1470 2053 1525 sed

469 1553 796 1615 lineamenta
827 1560 1171 1617 formationis
1193 1578 1298 1618 non
1332 1562 1510 1617 reddis
1535 1561 1786 1627 formato,
1822 1561 1934 1618 fere
1958 1578 2053 1619 ac-

2150 552 2499 624 ὲκτεινομένη
2526 568 2539 581 °
2605 550 2877 624 ῥᾳθυμίας
2931 551 2988 605 δὲ
3028 552 3358 625 κρατούσης,
3412 552 3620 622 αἰσχρά
3649 552 3731 602 καὶ

2154 643 2379 713 κίϐδηλα
2416 643 2489 696 τά
2522 643 2825 714 πράγματα
2846 658 2863 675 ·
2923 642 3065 696 οὕτω
3121 644 3215 697 καὶ
3245 643 3425 714 σῶμα,
3461 642 3606 695 οὕτω
3646 641 3731 693 καὶ

2153 738 2260 790 πᾶν
2297 736 2458 806 μέλος
2489 736 2588 806 τὴν
2612 736 2808 807 πρᾶξιν
2837 738 3003 807 τιμᾷ,Δ
3034 735 3132 807 τὴν
3170 736 3430 807 πρόθεσιν
3468 736 3725 805 μιμεῖται.

2152 826 2329 880 Καλὸν
2377 826 2439 880 τὸ
2484 826 2898 897 πεπλασμένον·
2946 827 3165 881 δύναται
3223 826 3332 896 γὰρ
3394 825 3729 897 ὑπηρετῆσαι

2149 924 2349 993 ἀρετῇ·
2386 922 2521 991 ἱεροὶ
2552 922 2600 975 οί
2625 921 2776 993 νόμοι
2798 937 2812 950 ·
2852 921 3202 991 ἐπιμέλονται
3234 919 3344 991 γὰρ
3381 918 3486 989 τῆς
3522 916 3729 986 μελείας

2150 1013 2244 1067 τοῦ
2294 1009 2702 1084 πεπλασμένου.
2742 1012 2915 1078 Μίξον
2964 1016 3031 1084 τῇ
3061 1014 3254 1067 πλάσει
3304 1011 3398 1065 τὸν
3425 1010 3613 1080 νόμον,
3646 1009 3729 1061 καὶ

2150 1104 2270 1174 ὄψει
2319 1105 2381 1158 τὸ
2417 1104 2819 1175 πεπλασμένον,
2850 1104 3025 1168 ὲοικὺς
3051 1103 3129 1174 τῷ
3176 1102 3505 1168 πεπλακότι,
3527 1101 3624 1153 καὶ
3653 1117 3729 1170 μι-

2154 1198 2385 1269 μήσεται
2408 1197 2500 1249 τὺν
2534 1196 2851 1249 πεπλακότα
2869 1213 2882 1226 ·
2914 1197 2962 1249 εί
2984 1196 3041 1248 δὲ
3062 1196 3160 1268 τήν
3193 1195 3388 1249 πλάσιν
3416 1194 3587 1264 ἔχεις,
3617 1193 3731 1253 τοὺς

2149 1289 2207 1344 δὲ
2237 1290 2433 1360 νόμους
2458 1288 2595 1359 (15),
2626 1290 2980 1360 χαρακτῆρας
3013 1287 3173 1351 ὄντας
3203 1288 3304 1357 τῆς
3337 1285 3615 1347 πλάσεως,
3642 1284 3728 1335 ούκ

2149 1379 2415 1443 ἀποδίδως
2467 1379 2543 1451 τῷ
2587 1378 2971 1450 πεποιημένῳ,
3033 1376 3362 1439 κινδυνεύεις
3409 1374 3729 1444 κατηγορεῖν

2150 1470 2396 1543 διαϐολῇ,
2448 1468 2695 1541 ὑϐρίζειν
2724 1468 2899 1523 δοκῶν
2944 1468 3005 1521 τὸ
3044 1466 3440 1537 πεποιημένον·
3480 1463 3640 1535 ὓϐριν
3664 1462 3730 1532 τῷ

2154 1565 2485 1635 πεποιηκότι
2519 1564 2749 1636 ἐργάζῃ.

471 1665 635 1709 cusas
676 1660 732 1709 et
782 1653 1131 1710 calumniaris
1180 1662 1497 1721 auctorem;
1537 1662 1752 1709 etcum
1800 1654 2005 1711 videris
2033 1656 2462 1712 contumeliosus
2513 1671 2633 1713 esse
2678 1656 2732 1710 in
2779 1655 2831 1710 id
2886 1656 3027 1726 quod
3076 1652 3273 1710 factum
3318 1660 3423 1718 est,
3456 1659 3728 1707 contume-

473 1744 603 1802 liam
628 1744 797 1802 inl'ers
822 1746 871 1803 ei
899 1746 993 1818 qui
1020 1744 1170 1802 fecit.

1351 1816 1483 1871 CAP.
1518 1814 1661 1871 XIX.
1701 1816 1919 1873 Mutatis
1959 1817 2208 1879 moribus,
2237 1813 2413 1867 anima
2438 1828 2539 1883 non
2569 1820 2824 1865 mutatur.

542 1912 988 1984 Quandoquidem
1020 1926 1148 1968 vero
1182 1911 1360 1983 aliqua
1389 1920 1473 1966 est
1497 1912 1690 1966 animm
1716 1912 2037 1976 substantia,
2075 1921 2114 1973 Β

2226 1906 2444 1979 Ἐπειδὴ
2488 1907 2546 1959 δὲ
2593 1906 2686 1960 καὶ
2718 1909 2785 1977 τῇ
2818 1904 2962 1977 ψυχῇ
3001 1904 3116 1958 ἔστι
3141 1920 3225 1968 τις
3281 1904 3609 1965 ὑπόστασις,
3641 1903 3723 1955 καὶ

470 2011 527 2059 et
561 2016 669 2059 non
719 2014 804 2061 est
850 2004 1025 2059 soluta
1082 2017 1258 2072 neque
1308 2002 1547 2058 solvetur
1570 2002 1869 2058 substantia
1898 2002 2049 2073 ejus;

2160 2002 2218 2055 οὑ
2240 2001 2459 2055 λέλυται
2500 2000 2669 2069 αὑτῆς
2694 2002 2728 2069 ή
2754 1999 3074 2062 ὑπόστασις,
3112 1998 3232 2051 οὐδὲ
3256 1997 3581 2068 λυθήσεται·
3616 1996 3728 2048 πολ-

473 2108 615 2164 stepe
635 2104 812 2150 autem
840 2095 1001 2152 soluti
1028 2104 1084 2150 et
1112 2094 1310 2151 sublati
1340 2103 1466 2150 sunt
1495 2109 1674 2151 mores
1704 2112 1717 2149 :
1750 2094 1880 2164 quid
1906 2095 2049 2165 quod

470 2184 606 2239 solvi
632 2193 827 2255 potest,
873 2194 1132 2255 tanquam
1166 2185 1301 2241 solvi
1332 2198 1440 2240 non
1471 2186 1662 2256 possit,
1694 2184 2053 2241 substantiale

470 2288 592 2331 esse
618 2276 932 2332 confiteris?
958 2274 1094 2331 Sunt
1114 2290 1488 2346 smpenumero
1519 2276 1712 2331 animm
1739 2284 1911 2346 capue
1941 2275 2055 2345 qui-

470 2366 595 2422 dem
636 2367 1021 2435 imprudentia,
1055 2377 1239 2437 postea
1274 2382 1401 2423 vero
1427 2368 1765 2437 prudentiam
1790 2366 2053 2437 amplexa:

469 2468 619 2517 sunt.
677 2458 744 2515 Et
796 2474 984 2515 rursus
1036 2474 1179 2529 sape
1207 2460 1491 2530 prudentia
1521 2459 1777 2523 illustres,
1812 2460 2053 2528 quando-
2090 2480 2131 2507 εν

470 2565 579 2622 que
634 2551 689 2606 in
750 2548 1164 2620 imprudentiam
1212 2549 1540 2605 ceciderunt.
1606 2547 1760 2618 Saepe
1810 2548 2050 2603 audisti:

473 2640 648 2696 Homo
682 2656 799 2694 cum
830 2640 884 2693 in
916 2640 1111 2693 honore
1132 2648 1283 2703 esset,
1308 2654 1412 2693 non
1450 2639 1701 2693 intellexit
1726 2657 1746 2705 ;
1773 2656 2052 2705 compara-

472 2743 557 2788 tus
582 2741 657 2788 est
701 2732 956 2801 jumentis
1011 2732 1401 2800 insipientibus,
1457 2741 1502 2786 et
1532 2732 1718 2786 similis
1775 2729 1943 2800 fa'ctus
1977 2741 2053 2785 est

471 2824 581 2878 illis
605 2824 667 2879 ".
698 2822 965 2879 Clamavit
990 2822 1152 2878 etiam
1176 2822 1372 2878 Paulus
1406 2842 1419 2877 :
1460 2821 1636 2877 Stulta
1674 2824 1858 2877 mundi
1903 2822 2053 2893 elegit

473 2913 640 2980 Deus,
672 2922 729 2968 ut
754 2916 1010 2977 sapientes
1030 2914 1370 2983 confunderet
1401 2914 1465 2967 ".
1495 2914 1661 2985 igitur
1693 2913 1961 2983 quierant
1999 2915 2051 2967 in
2076 2944 2085 2967 .~
2106 2938 2139 2971 ξ·

473 3002 724 3069 stultitia,
747 3002 810 3057 ad
837 3004 1180 3074 prudentiam
1215 3005 1661 3072 devenerunt;et
1684 3004 1777 3074 qui
1812 3013 1967 3059 erant
1999 3004 2051 3059 in

473 3093 779 3165 prudentia,
811 3095 879 3150 ad
921 3094 1201 3150 stultitiam
1236 3112 1252 3150 :
1292 3103 1347 3150 et
1367 3095 1624 3166 segnities
1647 3095 1865 3165 quidem
1898 3108 2051 3150 men-

476 3194 584 3239 tem
615 3184 757 3256 cepit
795 3184 1115 3255 mgritudine
1146 3186 1444 3254 prudentiae
1486 3197 1723 3256 captam,
1769 3184 2050 3254 disciplina

2154 2094 2313 2157 λάκις
2339 2093 2395 2146 δὲ
2436 2092 2655 2145 λύονται
2685 2093 2734 2144 οἱ
2781 2091 2996 2163 τρόποι,
3028 2091 3122 2144 και
3163 2091 3416 2145 δύνανται
3471 2088 3725 2157 λυθῆναι·

2154 2186 2207 2238 τί
2227 2186 2303 2248 ὡς
2340 2184 2414 2255 μὴ
2459 2182 2755 2251 δυνάμενον
2800 2180 3025 2250 λυθῆναι
3054 2179 3116 2233 τδ
3152 2180 3450 2249 δυνάμενον
3498 2176 3727 2246 λυθῆναι,

2155 2274 2411 2336 οὐσιῶδες
2462 2273 2775 2343 ὁμολογεῖς;
2804 2273 2925 2325 Εἰσὶ
2952 2272 3122 2341 ψυχαὶ
3155 2270 3415 2333 πολλάκις
3440 2270 3544 2340 μὲν
3574 2268 3730 2338 ἀφρός

2158 2366 2292 2438 σύνῃ
2317 2364 2639 2435 αἰρεθεῖσαι,
2676 2362 2902 2435 ὕστερον
2934 2364 2988 2417 δὲ
3016 2364 3329 2435 φρονήσεως
3358 2362 3571 2433 ἥψαντο
3591 2379 3604 2390 ·
3645 2360 3731 2413 καὶ

2158 2458 2419 2521 πολλάκις
2472 2457 2874 2527 διαπρέπουσαι
2926 2459 2985 2511 ὲν
3019 2459 3311 2529 φρονήσει·
3356 2455 3587 2527 ὕστερόν
3614 2470 3729 2506 ποτε

2155 2552 2234 2614 είς
2260 2548 2571 2622 ἀφροσύνην
2625 2547 2966 2602 πεπτώκασι.
3008 2550 3275 2611 Πολλάκις
3303 2550 3545 2619 ήκουσας
3565 2563 3578 2576 ·
3616 2547 3730 2597 Ἀν-

2156 2646 2387 2709 θρωπος
2428 2640 2498 2692 ἐν
2528 2638 2667 2709 τιμῇ
2711 2638 2796 2691 ὢν
2822 2640 2894 2692 οὐ
2924 2637 3158 2706 συνῆκε
3178 2654 3191 2667 ·
3234 2632 3728 2706 παρασυνεϐλήοη

2156 2732 2280 2799 τοῖς
2312 2732 2561 2799 κτήνεσι
2604 2731 2728 2795 τοῖς
2757 2730 3056 2796 ἀνοήτοις,
3088 2728 3186 2783 καὶ
3214 2727 3481 2798 ὡμοιώθη
3516 2724 3727 2788 αὐτοῖς.

2170 2824 2394 2895 Ἐϐὀησε
2422 2824 2479 2876 δὲ
2508 2824 2601 2875 καὶ
2633 2821 2877 2885 Παῦλος·
2928 2820 3007 2875 Τὰ
3033 2820 3201 2890 μωρὰ
3230 2819 3335 2874 τοῦ
3384 2820 3618 2887 κόσμου
3646 2816 3729 2880 ἐξ·

2161 2914 2415 2981 ελέξατο
2442 2916 2475 2968 ό
2518 2913 2681 2979 Θεὸς,
2725 2913 2827 2966 ἵνα
2876 2914 3248 2982 καταισχύνῃ
3293 2910 3438 2977 τοὺς
3488 2910 3725 2977 σοφούς.

2157 3005 2390 3070 Οὐκοῦν,
2454 3007 2501 3059 oi
2534 3005 2597 3057 ὲκ
2627 3003 2840 3075 μωρίας
2894 3004 2989 3056 ἐπὶ
3016 3002 3114 3073 τὴν
3143 3002 3403 3073 φρόνησιν
3430 2998 3725 3071 ἐληλύθασι,

2158 3099 2254 3153 καὶ¹
2299 3099 2364 3152 ὲκ
2408 3098 2722 3169 φρονήσεως
2750 3097 2844 3150 ἐπὶ
2870 3096 2969 3167 τὴν
2997 3094 3228 3167 μωρίαν,
3256 3093 3350 3148 καὶ
3377 3091 3618 3164 ῥᾳθυμία
3644 3091 3727 3161 μὲν

2158 3193 2255 3263 τὴν
2279 3190 2504 3262 γνώμην
2553 3185 2685 3258 εἷλε,
2738 3190 2879 3261 νόσῳ
2900 3191 3224 3261 φρονήσεως
3268 3186 3601 3258 αἱρεθεῖσαν,
3639 3184 3728 3255 μάν

475 3291 607 3332 vero
655 3287 890 3331 mentem
953 3277 1295 3347 insipientem
1350 3277 1720 3348 recuperavit,
1771 3286 1825 3332 et
1886 3277 2058 3347 ejecta

2161 3284 2265 3354 θησ
2271 3302 2317 3349 ις
2341 3284 2398 3337 δὲ
2436 3282 2662 3353 γνώμην
2691 3283 3065 3354 ἅφραίνουσαν
3101 3279 3496 3353 παραλαϐοῦσα
3516 3279 3728 3345 ἀνεκτή-

473 3370 797 3443 aegritudine
823 3368 1201 3437 imprudentiae
1229 3369 1505 3439 propriam
1533 3369 1891 3425 valetudinem
1928 3369 2054 3424 red-

2160 3396 2310 3441 σατο,
2349 3378 2445 3449 τὴν
2478 3378 2631 3431 νόσον
2679 3377 2780 3449 τῆς
2814 3378 3124 3448 ἀφροσύνης
3179 3374 3449 3440 ἐξώσασα,
3511 3374 3605 3426 καὶ
3645 3371 3727 3440 τὴν

475 3462 632 3519 didit.
667 3460 810 3516 Vitia
853 3476 983 3532 ergo
1028 3470 1083 3518 et
1122 3462 1354 3518 virtutes
1384 3463 1711 3517 mutationes
1759 3470 2052 3531 ceperunt;

474 3555 779 3625 comparari
811 3562 1058 3624 possunt,
1094 3562 1149 3609 et
1172 3554 1370 3610 amitti.
1406 3553 1604 3621 Habes,
1641 3564 1695 3609 et
1718 3570 1822 3609 non
1849 3554 2054 3619 habes;

476 3645 755 3710 invenisti,
791 3653 845 3701 et
888 3645 1156 3713 amisisti;
1224 3645 1390 3702 habes
1423 3646 1567 3716 quod
1626 3646 1901 3711 invenisti,
1949 3660 2055 3701 non

480 3735 647 3790 habes
675 3735 823 3805 quod
849 3734 1117 3802 amisisti;
1150 3736 1290 3791 inter
1307 3750 1401 3791 eos
1424 3737 1515 3806 qui
1548 3738 1824 3792 inveniunt
1852 3746 1906 3793 et
1932 3752 2054 3807 per-

2158 3470 2345 3541 ὑγείαν
2371 3470 2677 3525 ἀποδέδωκε
2706 3470 2922 3542 κυρίαν.
2955 3468 3401 3539 Μεταϐέϐληνται
3441 3462 3536 3519 οὖν
3561 3466 3616 3519 αἱ
3645 3480 3728 3517 κα-

2158 3561 2274 3615 κίαι
2329 3560 2424 3615 καὶ
2461 3562 2518 3615 αί
2573 3560 2798 3633 ἀρεταί·
2855 3560 2952 3613 καὶ
3004 3560 3223 3630 κτηταὶ,
3274 3560 3370 3612 καὶ
3423 3558 3725 3628 ἀπόκτητοι.

2164 3654 2371 3724 Ἔχεις,
2402 3655 2503 3707 οὐκ
2531 3652 2675 3723 ἔχεις
2700 3671 2713 3684 ·
2743 3647 2920 3725 εὗρες,
2953 3653 3045 3706 καὶ
3092 3650 3476 3715 ἀπολώλεκας·
3518 3651 3675 3721 ἔχεις,
3704 3648 3726 3701 ὃ

2158 3740 2347 3817 εὗρες·
2375 3746 2475 3798 οὐκ
2509 3744 2671 3815 ἔχεις,
2706 3744 2735 3797 ὃ
2765 3743 3148 3807 ἀπολώλεκας·
3189 3746 3247 3797 ὲν
3308 3745 3421 3806 τοῖς
3465 3742 3725 3813 εὑρίσκου-

478 3825 750 3893 diderunt,
798 3828 1125 3884 numeraris.
1180 3828 1339 3883 Aliud
1374 3837 1456 3884 est
1513 3831 1653 3900 qno'l
1700 3830 1968 3884 invenitur
2005 3840 2059 3883 et

2160 3854 2266 3902 σιν,
2306 3837 2338 3907 ἦ
2367 3836 2735 3891 ἀπολωλεκόσι
2769 3838 2951 3910 κρίνῃ.
2984 3836 3210 3907 Ἕτερον
3252 3835 3308 3887 δὲ
3335 3833 3397 3888 τὸ
3425 3835 3726 3905 εὑρισκόμεο

479 3919 787 3984 amittitur;
818 3920 921 3975 hoc
952 3919 1095 3974 enim
1151 3928 1234 3975 est
1260 3921 1433 3975 virtus
1462 3929 1514 3974 et
1565 3921 1772 3975 vitium.
1802 3920 1901 3987 Qui
1930 3933 2059 3974 vero

480 4011 685 4067 invenit
705 4020 759 4066 et
786 4011 980 4081 perdit,
1025 4012 1071 4066 is
1094 4020 1178 4067 est
1227 4012 1318 4081 qui
1371 4012 1557 4066 virtuti
1600 4021 1655 4067 et
1683 4013 1809 4065 vitio
1838 4026 2057 4080 operam

481 4105 592 4160 dat.
618 4104 683 4158 Et
713 4098 902 4157 vitium
920 4103 1137 4172 quidem
1170 4103 1340 4169 nihil;
1367 4104 1587 4174 proprie
1615 4104 1757 4157 enim
1783 4102 1911 4158 nihil
1942 4112 2054 4158 est:

480 4212 587 4253 non
617 4197 760 4252 enim
791 4204 967 4265 potest
1004 4210 1099 4267 per
1132 4209 1191 4250 se
1219 4210 1341 4251 esse
1372 4195 1585 4249 vitium.
1613 4195 1896 4249 Actionem
1929 4211 2058 4250 vero

480 4290 709 4347 mollitie
729 4288 1029 4345 affectionis
1058 4288 1470 4351 consistentem,
1515 4295 1570 4340 et
1593 4284 1770 4341 studio
1798 4286 2057 4342 consultae
2094 4318 2107 4341 .-

478 4382 778 4439 voluntatis
805 4384 1185 4447 intereuntem,
1215 4394 1368 4435 sume
1393 4378 1600 4436 scilicet
1635 4393 1701 4433 ex
1730 4378 1793 4431 lis
1822 4392 1940 4447 qua:
1964 4380 2056 4432 ad-

480 4473 782 4539 discuntur,
813 4483 864 4529 et
898 4488 963 4529 ex
1005 4471 1242 4528 motibus
1278 4469 1563 4528 considera
1593 4484 1711 4539 qua:
1738 4467 1870 4524 foris
1896 4478 2055 4533 sunt;

480 4565 850 4636 contemplare
879 4579 999 4634 qua:
1030 4565 1212 4628 intus;
1248 4563 1493 4633 perspice
1531 4560 1905 4630 cogitationes,
1935 4574 2054 4614 cum

478 4656 651 4713 sentis
702 4655 977 4711 turbidum
1039 4663 1243 4708 motum
1294 4662 1347 4707 et
1398 4651 1685 4707 tumultum
1732 4653 2054 4720 quemdam;

477 4764 600 4806 cum
628 4747 873 4817 voluptas
905 4745 1102 4811 titillat,
1131 4760 1253 4800 cum
1304 4744 1417 4814 jam
1443 4748 1523 4799 sic
1587 4746 1641 4798 in
1674 4744 1913 4813 periculo
1939 4760 2057 4797 ver—
2098 4796 2107 4823 ,η

478 4855 629 4907 sans,
660 4839 949 4910 praesentia
996 4847 1051 4894 et
1078 4835 1328 4907 praesidio
1376 4850 1556 4906 parva:
1581 4836 1877 4902 disciplina:
1906 4846 2055 4890 tran-

479 4929 805 5001 quillitatem
836 4938 894 4985 et
935 4927 1159 4983 multam
1185 4925 1548 4982 constantiam
1585 4925 1637 4979 in
1663 4928 1838 4979 anima
1873 4927 2053 4993 vides;

477 5024 642 5095 quue
693 5023 752 5077 fit
804 5021 857 5077 in
914 5021 1129 5087 eodem,
1184 5034 1358 5090 neque
1391 5019 1562 5074 multo
1604 5019 1888 5074 intervallo
1925 5030 2058 5074 tem-

477 5116 664 5184 poris,
721 5116 850 5188 quin
907 5114 1086 5184 potius
1149 5128 1519 5184 saepenumero
1588 5122 1783 5183 puncto
1846 5123 2055 5185 tempo-

481 5221 578 5262 IIS.

2160 3946 2248 3982 vov
2283 3929 2377 3982 καὶ
2412 3929 2472 3983 τὸ
2506 3930 2875 4001 ἀπολλύμενον
2896 3944 2910 3959 ·
2967 3928 3061 3982 καὶ
3112 3927 3173 3980 τὸ
3205 3927 3324 3998 μὲν,
3374 3929 3407 3997 ἡ
3445 3927 3647 3997 ἀρετὴ,
3676 3923 3725 3976 τὸ

2158 4022 2235 4088 δὲ,
2265 4024 2294 4076 ό
2324 4022 2494 4076 ποιῶν
2518 4039 2530 4051 ·
2560 4024 2655 4077 καὶ
2676 4024 2737 4076 τὸ
2769 4023 2890 4094 μὲν,
2926 4024 2958 4093 ή
2989 4022 3177 4085 κακία,
3212 4021 3273 4074 τὸ
3301 4020 3378 4084 δὲ,
3411 4023 3439 4073 ὁ
3458 4021 3722 4091 πράττων·

2160 4114 2339 4168 καὶτὸ
2372 4114 2493 4184 μὲν,
2516 4115 2549 4183 ή
2580 4113 2770 4177 κακία,
2826 4112 3009 4166 οὐδέν·
3057 4112 3203 4176 ίδίως
3258 4112 3365 4182 γάρ
3388 4111 3541 4163 οὐδέν
3562 4128 3576 4142 ·
3616 4111 3725 4165 ὑπό-

2160 4225 2350 4261 στασιν
2384 4208 2491 4281 γὰρ
2526 4208 2722 4271 κακίας
2744 4208 2923 4281 εὑρεῖν
2955 4207 3235 4277 ἀμήχανον
3257 4222 3269 4235 ·
3302 4204 3504 4276 πρᾶξιν
3545 4204 3601 4258 δὲ
3622 4221 3724 4273 χαι-

2160 4301 2341 4371 νότητι
2383 4301 2501 4371 (sic)
2552 4304 2865 4372 φρονήσεως
2905 4298 3358 4369 ὑφιστανομένην,
3406 4297 3503 4351 καὶ
3549 4296 3723 4369 μελέτῃ

2160 4391 2533 4463 προαιρέσεως
2550 4394 2770 4465 ἀναιρου
2778 4392 2966 4463 μένην,
2990 4390 3179 4461 ἀμέλει
3196 4390 3261 4442 ὲκ
3278 4389 3387 4443 τῶν
3409 4389 3723 4460 μαθημάτων

2160 4484 2426 4554 λάμϐανε,
2471 4486 2565 4538 καὶ
2592 4487 2655 4538 ὲκ
2693 4484 2800 4537 τῶν
2832 4484 3151 4554 κινημάτων
3170 4500 3182 4512 ·
3208 4482 3503 4552 ἐπίσκεψαι
3526 4483 3595 4535 τά
3610 4480 3721 4545 ἔξωο

2162 4575 2357 4647 θεώρει
2395 4576 2464 4629 τά
2496 4576 2603 4629 ἔσω
2621 4594 2634 4606 ·
2662 4576 2998 4644 κατανόησον
3028 4574 3125 4638 τὰς
3162 4574 3399 4638 διανοίας
3418 4592 3432 4605 ·
3461 4576 3590 4627 ὅταν
3614 4575 3722 4625 ὑπο·

2168 4668 2358 4739 μείνῃς
2381 4667 2639 4738 τάραχον,
2676 4667 2803 4720 ὅταν
2866 4665 3089 4736 θόρυϐόν
3118 4682 3257 4727 τινα,
3290 4666 3417 4718 ὅταν
3439 4661 3719 4735 γαργαλίζῃ

2128 4759 2348 4829 ἡδονῇ,
2393 4759 2519 4812 ὅταν
2575 4759 2652 4811 ἔτι
2681 4758 2823 4811 οὓτω
2865 4756 3189 4815 κινδιινεύων
3217 4756 3399 4825 ὀλίγου
3427 4757 3719 4827 μαθήματος

2166 4851 2507 4915 ἐπιστάντος,
2543 4852 2784 4923 γαλήνην
2803 4851 2919 4923 ἴδῃς
2948 4852 3005 4903 ὲν
3036 4853 3103 4922 τῇ
3132 4850 3277 4920 ψυχῇ
3306 4850 3400 4902 καὶ
3428 4849 3719 4902 εὐστάθειαν

2166 4942 2389 5013 πολλὴν,
2425 4945 2519 4998 καὶ
2568 4943 2745 4997 ταῦτα
2784 4945 2842 4996 ὲν
2889 4940 3106 5012 ταυτῷ·
3166 4942 3303 5013 μήτε
3333 4940 3530 4994 πολλοῦ
3551 4940 3716 5011 χρόνον

2167 5034 2626 5106 παρεληλυθότος,
2666 5034 2801 5088 ἀλλά
2850 5033 3110 5099 πολλάκις
3144 5035 3202 5087 ὲν
3231 5032 3310 5103 τῷ
3351 5034 3616 5106 ἀκαριαίῳ
3640 5028 3714 5083 τοῦ

2164 5125 2404 5180 τοιούτου
2432 5128 2826 5199 πραττομένου.

1515 5276 1645 5331 CAP.
1672 5274 1790 5331 XX.
1830 5274 2196 5346 Conﬁrmatur
2218 5285 2401 5339 eadem
2432 5287 2693 5341 doctrina.

552 5365 627 5423 At
657 5383 799 5439 saepe
829 5386 950 5425 cum
985 5372 1165 5427 anima
1190 5370 1392 5441 aliquid
1432 5380 1585 5442 turpe
1616 5372 1835 5442 appetit,
1867 5384 1922 5428 et
1950 5383 2062 5427 sta-
2092 5406 2098 5425 ι
2134 5410 2143 5429 μ

484 5459 582 5515 tim
632 5473 693 5515 se
744 5460 961 5517 cohibet
1011 5471 1067 5518 et
1119 5461 1457 5518 sedationem
1496 5464 1916 5533 perturbationis
1956 5466 2058 5520 sibi

481 5552 662 5621 aﬂ’ert,
688 5566 753 5609 ac
787 5555 1049 5610 continuo
1072 5569 1193 5625 quae
1218 5556 1287 5612 ad
1318 5557 1729 5627 temperantiam
1764 5558 2056 5626 pertinent,

553 5649 599 5680 "
630 5640 777 5710 Psal.
802 5654 995 5717 xnvui,
1029 5650 1117 5717 l5,
1144 5650 1234 5705 2|.
1268 5650 1313 5683 “
1338 5650 1357 5705 l
1386 5651 1510 5709 Cor.
1538 5668 1576 5716 ι,
1604 5650 1694 5711 27.

2238 5381 2348 5433 Καὶ
2382 5381 2642 5447 πολλάκις
2688 5384 2943 5456 ὁρμώσης
2978 5385 3075 5449 τῆς
3106 5385 3285 5456 ψυχῆς
3333 5385 3428 5437 ἐπὶ
3463 5383 3621 5445 πάθος
3646 5381 3710 5430 αἱ·

2169 5471 2361 5541 σχρόν·
2395 5474 2741 5557 παραχρῆμα
2784 5476 2843 5529 δὲ
2879 5476 3271 5546 συστελλούσης
3310 5475 3404 5528 καὶ
3438 5474 3709 5543 καθησυκα’

2167 5559 2389 5635 εούσης,
2426 5566 2519 5619 καὶ
2548 5565 2711 5629 εὐθὺς
2744 5567 2813 5621 τά
2846 5566 3099 5639 σώφρονα
3128 5565 3614 5636 ἀναγινωσκούσης,
3640 5557 3709 5611 καὶ

552 5738 858 5825 (ξ5),Τοὺς·
878 5739 947 5794 δὲ
988 5742 1247 5825 νόμους..
1270 5742 1375 5823 sed
1418 5742 1551 5811 leges
1590 5754 1680 5825 aut
1708 5747 1930 5825 uirtutes
1951 5763 2068 5815 qua:

2178 5746 2270 5803 Sic
2307 5749 2478 5825 reddit
2512 5750 2806 5825 Basnagius
2837 5751 2937 5809 ista
2964 5750 3174 5816 τοὺς’δὲ
3207 5752 3424 5824 νόμους,
3457 5764 3569 5823 quae
3594 5751 3709 5815 [μεθ’

480 5820 602 5869 sunt
647 5810 973 5869 characteres
1034 5810 1388 5882 formationis,
1447 5810 1549 5868 non
1592 5816 1765 5871 reddis
1805 5810 2055 5887 formato.

2167 5830 2293 5876 runt
2327 5823 2697 5891 interpretem.
