3858 6308
197 341 299 397 917
1137 357 1194 415 S.
1235 359 1654 419 SEIIAPIONIS
1692 366 1893 422 LIBER
1936 369 2092 424 ADV.
2137 371 2579 432 IIANICIIASOS.
3359 388 3459 441 9l8

195 461 288 514 τοῦ
317 461 570 517 τοιούτου
605 469 1008 540 πραττομένου,
1049 474 1169 540 πῶς
1194 481 1294 532 οὐκ
1332 479 1448 534 ἔστι
1483 481 1718 553 θαύμαλ

1943 489 2055 557 git;
2097 506 2218 544 cum
2261 491 2665 561 lict-,‘inquam,
2701 496 2778 559 fit,
2825 500 3093 564 quomodo
3128 515 3230 552 non
3260 512 3342 555 ust
3372 505 3465 556 ad-

152 571 158 584 κ
198 556 345 617 δείν;
399 556 524 621 πῶς
555 557 655 611 οὐκ
703 559 849 613 ἔστιν
891 565 1084 629 εἰπεῖν,
1117 566 1200 620 ὅτι
1242 571 1395 624 οὐδὲν
1439 572 1566 626 ἴδιον
1595 575 1675 627 αύ’

203 644 308 664 λιῆΊΟ
346 646 394 664 ’θ
579 651 603 664 υ
749 653 762 664 ο
823 652 836 664 ι
926 655 937 664 ι
1085 657 1098 664 -
1178 659 1199 664 ..
1246 661 1262 664 -
1318 661 1345 664 ,κ

1945 581 2239 636 ιίι-ιιιὶιίυιιιῖ
2271 585 2542 652 quomodo
2589 600 2694 640 non
2724 597 2808 641 est
2849 590 3154 655 dicendum,
3186 591 3317 646 nihil
3349 607 3468 648 esse

196 644 308 753 ξοδ
343 646 690 753 ἰδιοπριεῖται
739 653 771 722 ἡ
808 652 954 725 ψυχὴ
1006 657 1142 729 πρὸς
1175 659 1204 713 ὃ
1239 661 1491 731 βούλεται
1534 666 1719 720 ίδιοποε

1940 673 2172 740 roprium
2224 644 2458 728 animm?
2489 675 2581 730 sed
2633 678 2812 746 potius
2861 644 3463 749 proprium’ab—vanima

196 735 382 802 θεῖσα;
424 741 524 793 καὶ
547 743 700 796 οὐδὲν
734 747 840 798 τῶν
877 749 1118 820 αἰσχρῶν
1141 753 1262 806 καθ’
1288 755 1448 808 ἑαυτό
1475 758 1641 824 ἐστιν,
1673 760 1719 812 ἀ]

206 824 246 846 ν,
373 831 400 846 ,
502 835 525 846 _
581 834 605 846 _
734 840 760 846 _
799 841 811 846 _
924 840 935 846 _
1156 842 1194 846 __

1948 735 2012 818 ari
2043 765 2093 819 id
2121 766 2186 819 ad
2215 767 2356 834 quod
2393 782 2452 822 se
2483 768 2596 821 vult
2633 735 2934 839 applicare,
2959 735 3471 846 nullamque

194 831 334 882 εἶναι
368 831 544 897 δοκεῖ,
578 834 668 888 ὅτε
697 840 764 907 τῇ
795 840 973 910 ἐννοίᾳ
998 842 1360 909 φαντάζεται·
1391 848 1490 900 ούκ
1520 848 1668 902 ἔστιν
1696 868 1717 904 ο

1960 855 2134 909 dinem
2190 871 2285 926 per
2333 873 2392 913 se
2438 872 2578 922 esse,
2630 863 2873 931 quinimo
2930 874 3059 920 tunc
3103 866 3275 922 videri
3324 883 3483 930 esse,‘

193 922 317 1026 καθ’
356 924 537 979 ἑαυτά
574 926 643 981 τὰ
675 931 896 1002 αἰσχρὰ,
930 933 1066 987 ἀλλὰ
1097 938 1216 1000 ταῖς
1248 937 1666 1005 ἀποκλινούσαις
1695 960 1716 996 ι

1946 959 2021 999 im
2053 922 2378 1015 cogitatione
2405 922 2786 1020 ﬂagitium-Non
2817 964 2940 1007 sunt
2973 955 3133 1024 igitur
3165 956 3339 1025 turpia
3374 970 3469 1026 per

191 1014 646 1118 dzpppemticat;
666 1021 926 1088 διανοίαις
948 1025 1045 1091 τὰς
1075 1029 1362 1095 συστάσεις
1389 1033 1630 1104 δέχεται·
1665 1034 1714 1089 δε

1946 1051 1992 1105 2;
2026 1039 2120 1093 sed
2153 1053 2274 1093 cum
2309 1056 2461 1097 mens
2494 1043 2559 1096 ad
2591 1058 2652 1098 ea
2693 1043 2931 1112 deﬂexit,
2969 1056 3023 1101 et
3049 1047 3189 1102 facta
3224 1056 3309 1103 est
3343 1063 3469 1118 pro-

191 1105 294 1213 xui‘
325 1107 736 1213 παιδευτηρίῶν
775 1111 988 1184 ἐδεήθη,
1043 1116 1246 1189 ἀκόνην
1293 1121 1389 1174 καὶ
1430 1121 1714 1195 λαμπρότη

1948 1142 2084 1196 :nsa,
2123 1139 2248 1184 tunc
2283 1133 2602 1187 consistunt.
2655 1133 2806 1190 Unde
2853 1137 3053 1192 scholis
3090 1138 3319 1210 indiguit
3352 1141 3471 1194 ani-

383 1197 789 1300 ¹ἶταιδευτηρίων
835 1202 1220 1274 λαμϐάνουσαο
1265 1209 1387 1263 ὅθεν
1443 1193 1714 1277 πολλάκις

1945 1235 2006 1286 ιιι,
2054 1237 2082 1275 a
2127 1223 2324 1290 quibus
2357 1240 2582 1279 acumen
2632 1237 2688 1278 et
2730 1227 3070 1295 splendorem
3116 1193 3355 1298 cap‘eret.
3391 1229 3468 1284 Ex

193 1285 336 1392 αὐτὴ
388 1287 558 1392 ἑαυτῇ
598 1290 915 1392 φθέγγεται,
969 1296 1168 1370 ἑαυτὴν
1223 1299 1583 1373 διεγείρουσα,
1640 1303 1672 1375 ἢ

1941 1327 2003 1367 uo
2036 1312 2094 1366 fit
2128 1323 2184 1367 ut
2223 1328 2366 1382 smpe
2395 1329 2577 1370 secum
2617 1317 2866 1385 loquatur
2893 1334 2952 1372 se
2994 1319 3166 1388 ipsam
3201 1321 3464 1384 excitans,

195 1375 388 1446 ἑτέρου
425 1376 814 1454 διανεσταμένη
849 1384 1070 1440 ἀκούει·
1101 1389 1354 1458 Εὐλόγει
1388 1391 1425 1458 ἡ
1460 1391 1630 1461 ψυχή
1669 1411 1718 1462 ,ιιι

1949 1413 1990 1457 ιι
2017 1402 2085 1457 ab
2109 1402 2214 1457 alio
2241 1405 2472 1459 excitata
2497 1406 2644 1458 audit
2673 1423 2687 1459 :
2715 1405 2960 1474 Benedic,
2990 1375 3169 1463 alnima
3198 1425 3332 1472 mea,
3362 1408 3472 1463 Do-

193 1467 585 1572 tdr-Kt5ptor,
619 1475 720 1530 καὶ
762 1475 961 1532 πάντα
1001 1480 1072 1534 τὰ
1103 1482 1277 1549 ἐντός
1320 1502 1441 1553 μου
1492 1485 1560 1539 τὸ
1603 1485 1716 1554 ὄνοι

1952 1495 2063 1556 ino,
2100 1503 2150 1547 et
2193 1496 2370 1549 omnia
2408 1512 2524 1566 quae
2562 1497 2703 1548 intra
2750 1513 2830 1550 me
2864 1506 3008 1564 sunt,
3056 1501 3252 1553 nomini
3286 1508 3468 1554 sancto

192 1558 262 1612 τὸ
293 1559 473 1654 (ire—or
503 1564 720 1654 αὐτοῦ·
753 1568 868 1634 καὶ,
890 1570 1052 1626 Atrei
1092 1574 1131 1642 ή
1160 1575 1330 1644 ψυχή
1352 1595 1471 1646 μου
1531 1577 1639 1631 τὸν
1672 1583 1715 1633 Κ

1945 1587 1947 1593 “
1984 1583 2088 1648 s",
2113 1595 2166 1637 et
2187 1602 2200 1638 :
2222 1558 2622 1645 Lauda,aninm
2651 1601 2784 1648 men,
2817 1586 3301 1642 Dontinnm".Aut
3324 1588 3468 1644 enim

181 1664 346 1742 prore.
380 1651 454 1703 Ἦ
486 1653 597 1742 γᾲρ
624 1658 671 1709 οἱ
700 1657 1056 1731 διεγείροντες
1085 1665 1180 1718 καὶ
1212 1665 1593 1732 διανιστῶντες
1645 1668 1702 1721 λό

1945 1673 2199 1729 itionibus
2243 1675 2479 1731 excitata
2517 1687 2570 1730 et
2617 1686 2908 1741 commota,
2956 1676 3146 1733 fortior
3192 1677 3329 1731 facta
3366 1687 3468 1742 est,

193 1739 276 1794 ῐτι
305 1739 693 1818 ἀνδρειοτέραν
725 1751 892 1822 αὐτὴν
921 1757 1352 1822 κατεσκεύασαν,
1379 1759 1414 1831 ἢ
1437 1760 1500 1813 ὲκ
1526 1758 1618 1813 τοῦ
1651 1777 1716 1814 πα

1944 1776 1991 1820 ut
2036 1766 2260 1822 alterius
2308 1767 2510 1822 monita
2540 1767 2838 1836 perfectum
2881 1776 3079 1824 statum
3121 1767 3172 1824 ei
3204 1767 3467 1823 tribuunt.

189 1837 479 1938 αινοΞντος
520 1837 791 1907 γινόμενοι
850 1842 948 1915 τὴν
1000 1845 1188 1900 στάσιν
1252 1846 1352 1919 τὴν
1396 1847 1610 1902 τελείαν
1648 1850 1712 1902 αύ

1940 1857 2099 1926 sepius
2123 1873 2251 1911 vero
2280 1872 2338 1912 se
2365 1859 2431 1912 ad
2462 1859 2850 1928 turpitudinem
2885 1860 3074 1914 incitat
3107 1869 3163 1915 et
3194 1859 3463 1925 hortatur,

190 1923 516 2017 χαρίζονται
535 1944 550 1958 ο
591 1929 851 1997 πολλάκις
880 1933 938 1988 δὲ
967 1937 1065 1990 καὶ
1093 1938 1349 2009 διεγείρει
1374 1940 1575 2012 ἑαυτὴν
1604 1941 1698 1994 ἐπὶ

1971 1923 2090 2016 qua:
2118 1959 2245 2002 sunt
2274 1949 2528 2014 absurda,
2551 1949 2652 2004 sibi
2683 1950 2952 2017 concedit,
2981 1959 3035 2006 et
3062 1948 3263 2006 cIamat
3293 1971 3306 2005 :
3336 1951 3469 2005 Ani-

189 2014 442 2110 αίσχρὸν,
499 2019 593 2071 καὶ
639 2019 778 2091 πρὸς
816 2024 1139 2096 παραίνεσιν
1186 2029 1386 2099 ἑαυτῆς
1435 2031 1642 2101 χωρεῖ·
1692 2046 1712 2081 3

1950 2014 2004 2104 (ι,
2051 2039 2210 2094 habes
2255 2041 2390 2094 bona
2439 2041 2608 2110 posita
2660 2046 2715 2096 in
2763 2014 2956 2097 multos
3006 2057 3209 2109 annos;
3240 2041 3469 2108 comede,

188 2106 371 2172 ἄλλως
387 2107 457 2162 τὰ
476 2111 654 2164 ἄτοπα
674 2113 840 2186 ἑαυτῇ
863 2116 1216 2192 χαριζομένη,
1234 2121 1328 2174 καὶ
1345 2120 1526 2190 βοῶσα
1547 2138 1558 2152 ·
1589 2123 1711 2190 Ψυχ

800 2117 840 2186 ﬁ
863 2116 1216 2192 χαριζομένη,
1234 2121 1328 2174 καὶ
1345 2120 1526 2190 βοῶσα
1547 2138 1558 2152 ·
1589 2119 1784 2190 Ψυχὴ,
1896 2132 2028 2197 bibe,
2060 2131 2240 2186 lwlare
2259 2132 2323 2188 ¹⁹.

189 2199 355 2267 ἔχεις
384 2201 582 2270 ἀγαθὰ
615 2205 860 2274 κείμενα
907 2211 998 2276 εἰς
1029 2210 1136 2279 ἐτη
1182 2214 1412 2268 πολλάο
1454 2213 1627 2284 φάγε,
1666 2214 1868 2279 me!”

186 2291 550 2361 εὐφραίνου.

1211 2392 1341 2448 CAP.
1364 2393 1508 2449 XXI.
1534 2395 1612 2449 An
1632 2394 1826 2464 duplex
1847 2388 2027 2444 anima
2055 2389 2120 2443 sit
2147 2389 2198 2442 in
2223 2388 2450 2444 homine.

259 2477 378 2530 Kal.
411 2477 462 2531 εί
498 2480 598 2550 μὲν
627 2481 685 2535 αἱ
733 2481 802 2535 τὰ
842 2481 1020 2536 ἄτοπα
1052 2483 1274 2549 ἑαυταῖς
1319 2487 1658 2559 παρέχουσαι
1683 2486 1782 2556 ψυ-

1967 2480 2024 2534 Si
2057 2481 2253 2535 animae
2278 2496 2397 2550 quae
2431 2481 2534 2538 sibi
2580 2493 2872 2553 suggerunt
2903 2484 3207 2550 inhonesta,
3240 2482 3359 2539 aliae
3377 2496 3468 2540 es-

189 2567 307 2635 χαὶ,
329 2569 522 2640 ἕτεραι
547 2567 708 2642 ἦσαν,
736 2571 832 2625 καὶ
861 2572 984 2626 καθ’
1011 2574 1211 2639 ἑαυτὰς
1239 2571 1404 2648 ἦσαν,
1436 2576 1610 2631 ἄλλων
1634 2577 1692 2630 δὲ

1950 2581 2034 2634 ιηι,
2086 2585 2150 2625 ac
2196 2585 2292 2641 per
2319 2585 2379 2626 se
2407 2581 2629 2640 essent;
2662 2573 2782 2628 alia
2819 2587 2970 2643 vero,
3009 2587 3130 2644 qua:
3157 2573 3388 2630 honesta
3418 2584 3473 2631 et

188 2657 473 2731 σώφρονα,
513 2656 584 2733 ἦν
631 2665 806 2717 εἰπεῖν
835 2663 931 2717 δύο
968 2663 1101 2736 γένη
1135 2665 1356 2737 ψυχῶν·
1400 2668 1496 2721 καὶ
1530 2668 1711 2736 λέγοντ

1944 2669 2211 2730 πωροι-διε,
2245 2659 2350 2714 dici
2385 2670 2567 2732 posset
2597 2675 2718 2717 esse
2757 2662 2865 2717 duo
2908 2675 3104 2732 genera
3133 2662 3467 2730 animarum;

187 2751 374 2817 τοῦτο,
425 2754 591 2808 πάλιν
639 2756 805 2828 γελᾷν
825 2772 838 2787 °
875 2758 971 2810 καὶ
1018 2758 1288 2812 δυσωπεῖν
1319 2759 1425 2814 ἔδει
1455 2759 1552 2833 τὴν
1586 2759 1710 2814 am

1984 2767 2172 2806 rursus
2201 2767 2296 2807 eos
2319 2753 2410 2821 qui
2437 2754 2538 2810 hoc
2567 2753 2831 2820 dicerent,
2861 2753 3191 2821 rideremus;
3222 2761 3473 2825 essetque

186 2843 298 2898 τῶν
345 2847 671 2918 Μανιχαίων
709 2847 888 2912 δόξαν,
939 2849 1026 2902 ὅτι
1073 2850 1171 2919 τὴν
1208 2851 1409 2922 μανίαν
1457 2853 1537 2915 εἰς
1583 2850 1709 2906 δύολ

1952 2847 2046 2900 dde
2082 2845 2390 2915 pudendum
2439 2845 2708 2915 opinionis
2746 2845 3188 2912 Manicbzeorum,
3221 2846 3362 2914 quod
3391 2846 3475 2900 in-

191 2953 390 3004 μνουσι
422 2939 518 2992 καὶ
547 2927 844 3010 διαιροῦσι,
859 2941 954 2993 καὶ
976 2941 1047 2994 τὰ
1077 2940 1291 3003 ἑαυτοῖς
1315 2944 1596 3014 μαχόμενα
1629 2942 1714 3014 φθε

1952 2935 2108 2990 .niam
2145 2936 2197 2990 in
2231 2936 2338 2990 duo
2384 2950 2582 3007 genera
2626 2937 2895 3005 dividunt,
2937 2937 3028 3008 qui
3069 2947 3121 2993 et
3176 2938 3278 2992 sibi
3317 2952 3475 3008 repu-

187 3027 442 3099 γόμενοι,
473 3031 569 3084 καὶ
599 3033 733 3102 μηδὲ
765 3034 866 3104 τῆς
892 3033 1096 3087 ἀτόπου
1123 3033 1303 3088 αὐτῶν
1333 3035 1492 3106 δόξης
1520 3036 1618 3106 τὴν
1649 3053 1710 3089 συ

1952 3027 2116 3082 tantia
2165 3027 2477 3098 loquuntur,
2509 3036 2562 3082 et
2616 3043 2722 3084 non
2758 3037 2941 3084 tenent
2971 3043 3091 3084 cum
3126 3029 3333 3084 honore
3358 3029 3475 3100 opi-

187 3121 402 3189 φωνίαν
433 3122 725 3194 τιμῶντες.
762 3127 828 3180 Ei
860 3126 916 3179 δὲ
953 3127 1008 3179 αἱ
1036 3126 1198 3179 αύταί
1226 3128 1354 3189 εἰσι,
1383 3104 1478 3181 καὶ
1512 3104 1638 3199 ἄρτι
1663 3129 1696 3197 ή

1954 3123 2073 3178 onis
2119 3136 2231 3176 sua:
2273 3122 2522 3176 absurdae
2551 3121 2985 3177 consensionem.
3023 3119 3172 3187 Quod
3199 3121 3244 3178 si
3270 3121 3472 3176 eadem

187 3215 371 3268 ἄτοπα
404 3216 574 3288 ἑαυτῇ
617 3218 992 3289 παραινέσασα
1042 3217 1392 3290 παραινέσειὲ
1437 3235 1568 3271 ποτε
1620 3218 1710 3271 ὲαυ

1950 3223 2020 3266 ιηι
2060 3212 2277 3278 animae,
2325 3223 2381 3267 et
2429 3213 2608 3267 anima
2641 3227 2760 3281 quae
2806 3211 2965 3283 paulo
3007 3221 3133 3268 ante
3165 3212 3340 3282 turpia
3372 3211 3473 3268 sibi

187 3301 259 3356 τὰ
284 3303 467 3374 τίμια.
501 3305 598 3360 καὶ
641 3308 675 3378 ἡ
715 3306 841 3378 ἄρτι
875 3307 1012 3380 πρὸς
1051 3307 1121 3362 τὰ
1165 3307 1341 3379 σεμνὰ
1368 3308 1570 3380 ἑαυτὴν
1595 3308 1710 3378 διεγ

1952 3307 2176 3370 Iade-bat,
2211 3307 2458 3368 suadebit
2498 3308 2600 3362 sibi
2647 3307 2938 3377 aliquando
2972 3308 3237 3373 honesta;
3273 3314 3327 3360 et
3356 3320 3475 3376 qua

191 3412 391 3466 ρουσα,
427 3399 560 3452 ποτὲ
598 3400 735 3472 πρὸς
780 3399 850 3454 τὰ
884 3402 1087 3473 αἰσχρὰ
1117 3401 1317 3473 ἑαυτὴν
1354 3400 1658 3472 ἐκπέμψει·
1693 3419 1714 3455 a

1952 3397 2056 3451 mlo
2087 3405 2214 3452 ante
2259 3397 2326 3452 ad
2364 3397 2700 3452 honestatem
2743 3410 2802 3452 se
2827 3396 3120 3460 excitabat,
3151 3394 3475 3466 quandoque

189 3491 225 3560 ἠ
281 3490 420 3544 ποτὲ
474 3491 688 3562 σεμνῶν
745 3493 1178 3562 ἀντιποιηθεῖσα,
1235 3495 1330 3547 καὶ
1384 3493 1664 3562 τιμήσασα

1992 3491 2046 3545 in
2078 3490 2464 3561 turpitudinem
2503 3489 2784 3560 projiciet;
2823 3498 2878 3545 et
2910 3503 3030 3559 quae
3060 3489 3350 3559 aliquando
3381 3486 3476 3542 bo-

191 3580 392 3649 σεμνὰ,
426 3581 559 3634 ποτε
604 3581 744 3636 αύτά
777 3582 1165 3638 ἀπολέλοιπενο
1219 3581 1540 3654 αὐθαίρετος
1582 3585 1646 3636 ὲκ
1691 3600 1714 3636 τ

1952 3593 2048 3637 ista
2083 3582 2330 3651 amplexa
2379 3593 2463 3636 est
2504 3589 2559 3635 et
2606 3577 2809 3636 honore
2840 3590 3148 3652 prosecuta,
3185 3577 3475 3648 aliquando

194 3672 509 3744 μεταϐολῆς
536 3674 946 3747 ἐλεγχθήσεται.

1955 3691 1982 3726 a
2017 3675 2278 3739 deseruit,
2308 3672 2422 3742 ipsa
2454 3671 2754 3726 mutatione
2781 3669 3137 3726 convincetur
3169 3668 3352 3724 liberze
3380 3681 3475 3722 vo-

1901 3763 2122 3819 luntatis
2151 3776 2291 3818 esse.

839 3860 970 3916 CAP.
996 3859 1159 3917 XXII.
1192 3859 1404 3925 Demos,
1434 3859 1578 3915 Giezi
1600 3871 1650 3915 et
1675 3859 1711 3915 J
1717 3863 1847 3917 udas
1881 3862 2138 3933 proditor,
2161 3863 2218 3917 in
2239 3877 2531 3930 exempntm
2559 3861 2832 3930 prapositi.

262 3952 461 4025 Δημᾶς
486 3945 557 4024 ἦν
588 3951 725 4023 μετὰ
754 3951 991 4019 Παύλου,
1021 3952 1197 4024 τιμῶν
1219 3951 1319 4024 τὴν
1351 3951 1566 4006 Παύλου
1599 3969 1785 4006 συνουε

1967 3953 2096 4007 Erat
2127 3952 2324 4010 Demas
2363 3945 2484 4008 cum
2517 3951 2701 4017 Paulo,
2735 3969 2856 4009 cum
2891 3953 3335 4009 consuetudinem
3363 3952 3477 4022 ejus

193 4046 342 4099 σίαν.
385 4043 590 4117 ᾘρέθη
624 4047 692 4116 τῇ
741 4045 836 4098 τοῦ
877 4043 1123 4098 διαϐόλου
1167 4044 1471 4116 ἐπιθυμία*
1507 4043 1662 4114 ἠφίει
1690 4061 1716 4096 τ

1985 4045 2407 4102 familiaritatem
2460 4045 2640 4116 magni
2674 4045 2925 4101 faciebat.
2979 4046 3180 4118 Captus
3204 4055 3290 4103 est
3328 4047 3479 4118 cupi-

193 4135 568 4207 ἀποστολικὴν
614 4135 930 4189 συνουσίανο
971 4137 1066 4190 καὶ
1103 4136 1280 4206 φυγὰς
1323 4136 1615 4208 γενόμενος
1657 4154 1716 4208 πε

1957 4148 2064 4194 tate
2109 4139 2403 4204 diabolica,
2451 4139 2666 4208 reliquit
2721 4139 3168 4195 consuetudinem
3201 4139 3473 4208 Apostoli;

189 4228 292 4300 τὴν
346 4229 446 4282 τοῦ
493 4229 701 4300 κόσμου
744 4227 902 4293 δόξαν
960 4229 1249 4300 ἠπείγετοο
1306 4228 1509 4298 Δημᾶς
1566 4227 1677 4300 γγὶρ

1978 4231 2154 4287 factus
2203 4231 2480 4303 fugitivus,
2527 4235 2593 4286 ad
2644 4231 2868 4302 gloriam
2897 4230 3076 4286 saeculi
3106 4229 3428 4300 properabat
3459 4249 3473 4285 :

189 4321 613 4393 ἐγκατέλιπεν,
644 4324 967 4394 ἀγαπήσας
996 4326 1113 4414 τὼς
1132 4323 1248 4378 νῦν
1277 4320 1483 4388 αἰῶνα,
1519 4322 1618 4376 καί
1654 4321 1712 4374 ἐπι

1954 4337 2114 4382 emas.
2148 4321 2344 4390 inquit,
2385 4336 2465 4373 me
2490 4320 2977 4389 reliquit,.diligens
3003 4320 3100 4372 hoc
3122 4318 3396 4383 monium,
3427 4328 3477 4373 et

182 4389 382 4485 ρεύθη
407 4416 498 4480 εἰς
515 4389 998 4485 Θεσσαλοκίκηκ.
1045 4389 1356 4470 ’ἠκολούθει
1388 4413 1516 4466 ποτὲ
1549 4412 1643 4465 καὶ
1673 4412 1705 4464 Γ

1954 4411 2157 4479 ὀῙοειιιι
2186 4389 2258 4464 est
2287 4410 2794 4464 Thessalonicam".
2827 4409 3166 4479 Sequebatur
3187 4407 3477 4478 aliquando

191 4509 260 4583 ζὴ
293 4509 378 4582 τῷ
405 4509 720 4581 Ἐλισσαίῳ,
765 4509 858 4564 καὶ
899 4511 979 4572 είς
1008 4508 1314 4580 ὑπηρεσίαν
1351 4508 1665 4578 ὲμετρεῖτο·
1696 4523 1714 4559 θ

1970 4502 2042 4554 ι»ιὶ
2080 4500 2350 4567 Ειίεαξυιη,
2378 4509 2432 4554 et
2462 4499 2532 4554 ad
2561 4501 2964 4556 inserviendum
2988 4501 3035 4556 ei
3067 4516 3126 4556 se
3149 4487 3493 4571 attempera-A

191 4601 466 4672 φανείσης
509 4601 795 4672 εὐκαιρίας
846 4601 1145 4673 χρημάτων
1181 4599 1330 4669 ἠφίει
1384 4597 1482 4669 μὲν
1515 4597 1585 4652 τὰ
1637 4597 1714 4652 θεῖ

1950 4602 2020 4660 tt;
2071 4601 2126 4647 at
2175 4602 2394 4648 ostensa
2449 4592 2854 4662 opportunitate
2905 4591 3138 4648 habendi
3195 4593 3473 4663 pecunias,

190 4695 462 4766 χρήματα
505 4692 564 4746 δὲ
605 4692 785 4746 λαϐὼν
835 4691 1137 4748 ἀντεπὼλει
1172 4692 1273 4763 τὴν
1305 4691 1515 4744 οἰκείαν
1565 4688 1713 4762 γνώμ

1975 4685 2100 4740 nisit
2131 4684 2334 4749 divina,
2370 4693 2422 4739 et
2466 4684 2702 4753 aCCeptis
2741 4684 2996 4744 nummis.
3050 4693 3284 4738 utentem
3325 4699 3498 4738 suam

189 4788 257 4856 τῇ
288 4783 512 4855 εὑρέσει
541 4783 649 4837 τῶν
678 4783 998 4856 χρημάτων.
1046 4783 1246 4846 Ἰούδας
1279 4782 1335 4836 ὲν
1361 4780 1680 4846 ἀποστόλοις

1954 4776 2140 4831 :ndidit
2197 4785 2252 4830 et
2301 4776 2546 4846 pecuniis
2598 4776 2897 4830 addixit".
2956 4775 3122 4832 Judas
3166 4792 3197 4830 e
3253 4791 3477 4830 numcro

189 4875 439 4948 ἐφόϐησε
469 4893 600 4929 ποτε
641 4878 931 4948 πυρετοὺς,
966 4874 1408 4948 ἐστρατηλάτησε
1435 4873 1576 4929 κατὰ
1605 4874 1712 4944 δαιε

1954 4869 2264 4923 tostulorum
2315 4877 2456 4932 erat,
2492 4867 2793 4938 expellebat
2821 4867 3111 4937 aliquando
3143 4867 3342 4934 febres,
3374 4870 3477 4921 mi-

192 4986 323 5032 νων,
358 4961 440 5031 εἷς
471 4963 541 5040 ἦν
573 4968 683 5021 τῶν
711 4968 998 5037 λεγόντων,
1039 4968 1236 5035 Κύριε,
1277 4965 1407 5019 ίδοὺ
1435 4964 1634 5020 καὶτὰ
1663 4963 1715 5017 δι

1955 4961 2076 5014 ςενίι
2113 4971 2302 5016 contra
2352 4961 2645 5026 daemones,
2693 4975 2834 5013 unus
2875 4968 2991 5014 erat
3026 4975 3090 5013 ex
3143 4960 3210 5013 iis
3245 4960 3334 5029 qui
3366 4962 3478 5014 aie-

194 5062 378 5130 μόνια
434 5059 580 5129 ἡμῖν
637 5059 1076 5116 ὑποτάσσεταιο
1133 5058 1230 5113 καὶ
1277 5059 1306 5111 ὁ
1362 5057 1600 5127 μάστιγα
1649 5072 1717 5110 κα

1952 5059 2030 5104 tut
2063 5071 2074 5105 :
2106 5049 2348 5117 Domine,
2393 5066 2509 5117 ecce
2549 5051 2812 5104 aa’monia
2843 5049 3199 5120 subjiciuntur
3225 5049 3371 5104 nobis
3393 5050 3475 5115 ”;

194 5152 477 5224 δαιμόνων
538 5153 788 5224 κινήσας,
840 5152 1023 5224 μικρῷ
1075 5149 1286 5222 τροφίῳ
1339 5148 1582 5220 αἱρεθεὶς
1630 5148 1717 5216 Im

1985 5142 2075 5212 qui
2108 5142 2378 5198 daemones
2407 5139 2733 5202 verberavit,
2785 5139 2944 5209 paulo
2975 5149 3097 5209 post
3139 5139 3299 5193 hamo
3327 5139 3479 5208 cupi-

197 5243 466 5315 στρεύετο
492 5241 599 5296 ὑπὸ
626 5245 727 5314 τῆς
750 5242 1066 5313 ἐπιθυμίας.
1088 5241 1200 5296 Καὶ
1227 5235 1372 5294 οὗτοι
1407 5238 1506 5310 μὲν
1538 5236 1720 5291 tomus

1960 5237 2086 5290 tatis
2127 5243 2320 5304 captus
2365 5243 2470 5290 est.
2511 5235 2687 5302 Atque
2727 5231 2778 5287 hi
2824 5231 3040 5303 quidem
3079 5231 3213 5287 tales
3265 5231 3482 5286 fuerunt

194 5335 298 5387 οὐκ
325 5333 393 5386 ὲκ
423 5331 526 5403 τῆς
557 5331 814 5402 τοιαύτης
839 5332 1150 5403 μετουσίας,
1185 5332 1264 5394 είς
1295 5329 1395 5401 τὴν
1425 5329 1530 5382 τῶν
1552 5330 1714 5399 αἱσχρ

1957 5329 2316 5401 trticipatione
2350 5327 2534 5383 liberae
2584 5327 2986 5384 voluntatis'ad
3023 5343 3110 5383 res
3145 5338 3329 5398 turpes
3373 5339 3480 5382 tra-

195 5427 394 5482 οὐσίαν
425 5424 884 5498 μεταϐεϐηκότες.

543 5424 884 5497 ιϐεϐηκότες.
1901 5421 2066 5477 ducti.

1255 5540 1385 5596 CAP.
1417 5538 1606 5596 XXIII.
1647 5538 1796 5594 Petri
1826 5539 2004 5608 lapsus
2024 5547 2072 5593 et
2094 5537 2417 5606 pmnilentia.

270 5639 338 5695 Τί
369 5640 429 5695 δέ
461 5659 598 5715 φησι
631 5642 760 5715 περὶ
796 5640 889 5697 τοῦ
916 5641 1124 5713 Πέτρου
1153 5641 1187 5711 ἢ
1233 5639 1438 5711 Θωμᾶ;
1484 5639 1633 5702 ὅστις
1662 5638 1792 5692 ποτὲ

1971 5635 2108 5704 Quid
2139 5637 2206 5690 de
2236 5634 2396 5690 Petro
2424 5644 2477 5691 et
2510 5635 2715 5693 Thoma
2758 5635 2997 5691 dicitur?
3037 5635 3166 5690 Erat
3192 5635 3481 5705 aliquando

277 5760 492 5887 ‘;7Psal.
519 5779 614 5832 cu,
648 5764 699 5820 1.
778 5763 823 5796 ¹⁸
849 5762 992 5820 Psal.
1017 5759 1254 5828 cst.v,2.
1339 5761 1381 5793 ”
1409 5760 1538 5817 Luc.
1570 5775 1665 5826 xu,
1700 5760 1782 5814 l9.
1887 5761 1936 5793 ²⁰
1963 5757 2005 5814 ll
2035 5755 2176 5813 Tim.
2201 5772 2276 5824 tv,
2317 5756 2372 5814 9.
2485 5756 2529 5788 ’ί
2561 5753 2632 5811 ιν
2671 5754 2805 5829 Reg.
2845 5771 2901 5822 ν,
2933 5755 3006 5811 20
3031 5767 3154 5824 sqq.
3271 5753 3313 5784 "
3350 5750 3480 5808 Luc.

201 5847 260 5898 ι,
295 5847 381 5887 ιι.
