3858 6308
489 323 595 382 899

1581 316 1852 374 PA'IRES
1887 317 2190 375 EGYPTII
2229 315 2501 378 SIECULI
2535 318 2622 376 IV.

3646 319 3744 376 900

489 448 656 505 verba
705 445 773 502 de
809 444 1081 501 rationum
1126 442 1362 514 pondere
1407 453 1470 495 ac
1519 440 1696 510 operis
1748 443 2064 511 praestantia
2097 451 2141 506 Α
2170 453 2352 496 contra
2383 420 2722 506 Manichaos,
2752 440 2906 512 cujus
2933 439 3248 510 principium
3286 449 3361 494 est
3393 453 3412 495 :
3440 458 3461 491 ι
3500 437 3741 494 Diss'oleit

491 538 791 608 Basnagius
835 535 1082 606 accipere
1134 533 1288 589 malit
1349 530 1448 603 (α).
1501 531 1638 586 Loca
1692 533 2068 588 tantummodo

490 631 794 688 excitamus
838 643 906 683 ex
938 626 1180 696 ejusdem
1241 623 1379 680 Sisti
1426 623 1684 680 Senensis
1738 624 2066 680 Bibliotheca

489 732 674 778 sancta
704 721 808 791 (b);
839 735 903 776 ea
931 718 1198 789 siquidem
1229 731 1374 772 nunc
1407 725 1664 772 excutere
1707 716 1850 771 haud
1884 725 2066 770 vacat.

489 815 546 871 In
568 816 764 885 quibus
796 823 976 869 tamen
1002 810 1306 868 referendis
1337 810 1509 878 ipsum
1536 823 1773 875 errasse,
1801 817 1963 877 atque
2000 805 2068 862 ab

490 909 600 962 alio
627 907 892 976 scriptore
924 905 1013 960 illa
1037 917 1160 960 esse
1191 917 1250 958 se
1281 908 1584 956 mutuatum
1608 909 1794 955 censet
1820 898 2069 952 laudatus

489 999 788 1066 Basnagius
817 997 915 1069 (c).
947 997 1022 1052 De
1047 996 1113 1051 iis
1143 993 1358 1050 interim
1393 991 1701 1048 Fabricium
1743 989 1855 1060 (ά),
1887 989 1982 1045 sed
2015 989 2068 1044 in

497 1091 692 1160 primis
735 1087 989 1144 lluetium
1015 1086 1084 1157 (e)
1127 1085 1412 1142 consulere
1441 1082 1584 1138 haud
1617 1083 1850 1137 otiosum
1886 1081 2066 1135 fuerit.

561 1181 650 1235 IV.
691 1178 809 1234 1am
846 1186 1116 1247 superest,
1166 1185 1226 1230 ut
1263 1176 1329 1230 de
1355 1173 1671 1242 Serapionis
1717 1172 1863 1225 edito
1895 1185 2067 1241 pauca

492 1276 758 1330 dicamus.
798 1271 928 1326 Illud
967 1270 1148 1339 itaque
1193 1269 1371 1338 primo
1407 1267 1629 1320 ineunte
1675 1262 1874 1319 szeculo
1906 1277 2070 1333 supe-

491 1366 636 1420 riure
685 1363 920 1432 vulgavit
963 1360 1229 1416 Henricus
1294 1357 1542 1413 Canisius
1586 1355 1653 1425 (f)
1702 1371 1768 1410 ex
1821 1356 2070 1410 versione

488 1457 766 1513 Francisci
799 1454 1088 1509 Turriani:
1145 1451 1284 1506 unde
1328 1459 1514 1520 postea
1545 1449 1597 1503 in
1637 1448 1804 1503 variis
1842 1447 2068 1501 Patrum

487 1548 825 1606 Bibliothecis
852 1558 1135 1601 excusum.
1182 1542 1369 1598 Graeca
1402 1555 1536 1595 vero
1574 1539 1716 1594 haud
1750 1539 1823 1592 ita
1863 1538 2068 1608 pridem

487 1640 656 1696 edidit
693 1638 746 1692 itt
775 1653 872 1692 suo
919 1634 1185 1688 Thesauro
1218 1629 1510 1685 Canisiano
1557 1628 1854 1698 Basnagius
1889 1627 1965 1696 (g)
1999 1641 2068 1682 ex

490 1744 592 1782 llts.
619 1726 804 1780 codice
849 1723 1204 1778 llolsteniano
1248 1719 1584 1775 bibliotheca:
1615 1717 1872 1772 Joannem
1902 1714 2069 1770 llam~

2169 549 2396 588 errorem
2434 534 2649 598 ueritas,
2679 549 2698 584 ι
2723 533 2780 588 in
2837 549 2940 603 quo
2989 534 3065 586 sic
3120 533 3193 586 ait
3231 548 3249 586 :
3280 549 3302 583 ι
3330 530 3560 598 Quando
3616 534 3744 587 enim

2167 624 2427 678 hominem
2465 623 2648 678 Iesum
2693 614 2863 688 uideo,
2902 623 3140 693 intelligo
3187 623 3362 693 qualis
3392 631 3516 676 est:
3539 623 3742 690 quando

2168 728 2341 770 autem
2377 715 2588 770 modum
2616 716 2960 782 contemplor,
2995 716 3233 770 admiror
3268 730 3430 782 neque
3475 730 3742 784 agnosco:

2167 810 2387 862 mutatio
2441 809 2629 878 quippe
2669 808 3068 862 admirationem
3113 816 3348 876 prastat.
3397 804 3464 859 Et
3499 809 3734 861 essentia

2167 899 2374 970 quidem
2417 893 2632 954 mutam
2665 915 2767 952 non
2799 909 2919 953 sunt
2951 913 2970 954 :
3003 909 3175 952 manet
3213 899 3348 953 enim
3384 913 3608 967 corpus,
3644 915 3739 952 non

2169 993 2391 1046 alterum
2407 993 2645 1061 e/fectum
2674 1009 2692 1046 :
2724 1009 2886 1057 neque
2909 993 3049 1046 enim
3078 1008 3264 1060 corpus
3289 993 3344 1045 in
3377 992 3738 1060 incorporeum

2171 1096 2370 1139 uersum
2401 1093 2474 1136 est
2499 1101 2516 1144 ;
2557 1075 2720 1151 neque
2745 1086 2947 1148 animo,
2980 1083 3146 1136 altera
3173 1099 3266 1150 per
3293 1084 3573 1138 essentiam
3596 1085 3744 1138 exsti-

2170 1175 2251 1239 tit,
2278 1174 2368 1227 sed
2401 1173 2728 1228 manentibus
2762 1175 3019 1239 essentiis,
3058 1173 3239 1227 studia
3282 1191 3386 1228 non
3418 1186 3739 1229 manserunt.

2174 1264 2516 1334 Nequaquam
2559 1265 2697 1318 enim
2727 1264 3032 1318 essentialia
3064 1275 3187 1319 sunt
3222 1266 3400 1319 studia
3432 1278 3453 1317 :
3484 1282 3606 1318 nam
3642 1283 3746 1319 ma-

2169 1364 2346 1408 nerent
2401 1370 2519 1407 cum
2563 1353 2824 1417 essentiis,
2863 1363 2910 1406 et
2952 1369 3056 1406 non
3111 1354 3466 1422 (inferrentur.
3495 1373 3514 1406 s
3550 1355 3616 1409 Ει
3640 1356 3745 1411 hac

2169 1445 2384 1513 quidem
2415 1443 2727 1499 Facundus.
2755 1443 2850 1498 'Ad
2878 1459 3037 1514 quem
3067 1443 3245 1500 locum
3286 1447 3468 1514 accipe
3501 1447 3743 1503 doctissi-

2171 1535 2246 1590 mi
2277 1535 2552 1590 Sirmondi
2583 1550 2896 1601 censuram,
2929 1535 3172 1591 auctoris
3201 1537 3379 1594 verbis
3407 1540 3738 1609 subjectum:

2168 1626 2386 1681 Librum
2450 1640 2632 1682 contra
2685 1627 3029 1683 Manichaos.
3097 1615 3262 1683 Tituli
3308 1629 3491 1699 hujus,
3556 1631 3740 1701 inquit,

2169 1719 2246 1774 uel
2269 1722 2496 1786 exordii,
2537 1720 2711 1774 nullus
2739 1720 2891 1775 hodie
2920 1720 3052 1775 liber
3077 1731 3250 1775 exstat
3285 1722 3589 1776 Athanasii.
3617 1722 3742 1778 Catt-

487 1818 792 1889 bnrgensis,
825 1815 982 1886 cujus
1016 1812 1384 1886 apographum
1427 1812 1488 1865 D.
1535 1809 1732 1864 Joanni
1787 1808 2066 1864 Friderico
2099 1809 2141 1864 Β
2169 1812 2308 1882 gruit
2334 1823 2507 1866 autem
2549 1822 2594 1866 et
2631 1811 2817 1867 titulus
2851 1822 2900 1866 et
2939 1813 3235 1876 exordium,
3278 1814 3410 1867 libro
3447 1811 3742 1883 Serapionis

491 1909 802 1964 Wincklero
848 1914 1128 1974 acceptum
1173 1903 1360 1958 refert.
1395 1903 1568 1967 Atque
1604 1902 1744 1956 hanc
1777 1900 2069 1956 editionem

489 1999 846 2070 recognitum,
905 1993 1287 2062 nonnullisqne
1339 1991 1814 2046 observationibus
1865 1992 2069 2044 instru-

486 2101 631 2145 ctam
699 2098 751 2144 et
827 2086 1061 2156 capitum
1123 2083 1473 2140 distinctione
1525 2093 1686 2153 atque
1735 2081 2068 2152 argumentis

485 2183 768 2237 adauctam
800 2181 938 2252 typis
966 2178 1432 2249 consignavimus.

557 2274 656 2329 Hic
681 2288 811 2328 vero
838 2286 1004 2326 unum
1049 2270 1247 2324 addere
1271 2267 1496 2336 juverit,
1541 2267 1684 2338 quod
1732 2265 1889 2321 nobis
1932 2280 2066 2336 opus

486 2365 895 2421 recensenti-bus
938 2362 1163 2417 excidit.
1207 2360 1423 2416 Recitat
1467 2359 1720 2414 nimirum
1778 2358 2068 2414 Facundus

487 2457 895 2514 llermianensis
917 2455 996 2526 (h)
1026 2455 1202 2510 locum
1238 2470 1306 2508 ex
1336 2452 1652 2524 Serapionis
1694 2451 1836 2507 libro
1870 2466 2063 2506 excer-

487 2564 638 2624 ptum
670 2551 754 2622 (i),
778 2564 940 2620 quem
974 2562 1256 2619 perperam
1278 2555 1465 2602 sancto
1493 2545 1789 2608 Athanasio
1820 2545 2064 2600 ascribit.

487 2641 666 2710 lpsuut
691 2637 975 2693 audiamus
1007 2634 1264 2705 :Scripsit
1291 2635 1446 2688 etiam
1478 2632 1850 2706 (Athanasius)
1876 2633 2068 2688 librum

559 2795 636 2932 (αἶ
677 2795 906 2862 Basttag.
936 2794 1002 2850 ad
1043 2791 1198 2846 Thes.
1233 2791 1414 2846 Canis.
1449 2798 1579 2845 tom.
1619 2790 1658 2854 I,
1689 2802 1810 2858 pag.
1837 2788 1925 2850 57,
1961 2787 2068 2858 μ.

559 2869 609 2932 (b
673 2865 814 2920 Sixt.
843 2863 974 2918 Sen.
1010 2862 1150 2915 Bibl.
1181 2873 1351 2916 sanet.
1377 2861 1470 2915 lib.
1507 2875 1568 2925 ιι,
1613 2874 1736 2930 pag.
1765 2857 1834 2912 86
1859 2869 1914 2913 et
1946 2859 2068 2927 115¹

558 2857 632 2930 μή
673 2865 814 2920 Sixt.
843 2857 974 2918 Sen.
1010 2862 1150 2915 Bibl.
1181 2873 1351 2916 sanet.
1377 2861 1470 2915 lib.
1507 2875 1568 2925 ιι,
1613 2857 1736 2930 pag.
1765 2857 1834 2912 86
1859 2869 1914 2913 et
1946 2857 2072 2927 115,

488 2947 545 2990 et
571 2929 669 2989 lib.
700 2950 757 2997 v,
786 2951 907 3004 pag.
936 2933 1062 2988 581.

561 3004 631 3074 (c)
674 3004 902 3074 Basnag.
936 3004 976 3074 l.
1002 3018 1052 3058 c.

490 3142 627 3200 tom.
656 3143 721 3208 ll,
751 3159 872 3216 pag.
899 3142 1003 3200 965
1030 3157 1145 3213 seq.

561 3007 608 3074 (c
674 3004 902 3073 Basuag.
943 3004 976 3058 Ι.
1002 3018 1052 3058 c.

552 3004 631 3147 (tl;
659 3073 886 3147 _[j‘abric.
907 3072 1055 3147 Qud.
1091 3088 1270 3138 opocr.
1325 3071 1400 3126 Ν.
1445 3069 1508 3125 Τ.
1555 3082 1684 3126 tom.
1715 3067 1757 3137 l,
1785 3085 1906 3140 pag.
1933 3069 1989 3137 ὅ,
2020 3078 2075 3125 et

2175 1904 2431 1960 Thmueos
2487 1905 2714 1974 episcopi
2761 1907 3020 1960 adversus
3067 1904 3432 1972 Manichacus;
3490 1907 3549 1960 in
3595 1923 3742 1968 eoque
3822 1945 3823 1948 η

2170 2007 2289 2050 sunt
2321 1999 2474 2050 verba
2515 2012 2635 2065 qua:
2687 1996 2874 2051 recitat
2915 1995 3224 2064 Facundus,
3255 2006 3306 2052 et
3356 1998 3546 2052 tribuit
3590 1999 3742 2052 Atho-

2171 2085 2340 2138 nusio.
2397 2083 2504 2138 Sed
2539 2085 2700 2139 levior
2749 2083 2804 2137 in
2841 2085 3075 2140 auctoris
3123 2087 3332 2140 nomine
3372 2086 3527 2156 fraus
3569 2087 3737 2156 fuerit,

2169 2191 2327 2244 quam
2364 2176 2417 2228 in
2453 2176 2660 2239 nomine
2680 2174 2832 2242 Jesu,
2873 2177 3012 2247 quod
3042 2177 3126 2230 hic
3153 2193 3423 2248 perperam
3453 2179 3619 2234 verbis
3643 2180 3739 2232 illis

2171 2266 2430 2320 intextum
2453 2276 2550 2330 est,
2584 2283 2676 2320 nec
2701 2265 2892 2336 legitur
2909 2269 3052 2336 apud
3079 2267 3423 2338 Serapionem
3447 2287 3467 2326 :
3496 2273 3588 2342 qui
3603 2274 3665 2327 de
3683 2273 3697 2324 i
3717 2289 3740 2328 s

2171 2359 2467 2414 hominibus
2489 2361 2621 2430 agit,
2650 2362 2740 2432 qui
2768 2379 2800 2414 α
2823 2364 2998 2431 pravis
3033 2364 3263 2418 moribus
3286 2366 3357 2418 ad
3389 2366 3608 2421 meliora
3642 2378 3741 2422 stu-

2173 2452 2266 2505 dia
2279 2455 2812 2522 conuertuntur:quod
2835 2455 2900 2510 de
2923 2453 3134 2512 Christo
3161 2456 3381 2513 Domino
3397 2459 3627 2530 cogitare
3651 2461 3740 2513 im-

2173 2544 2320 2614 pium
2344 2553 2438 2598 est.
2464 2542 2642 2609 Quare
2664 2543 2923 2601 Facundo
2951 2549 3221 2615 imposuit,
3243 2552 3331 2616 qui
3353 2551 3494 2606 hunc
3511 2553 3559 2606 ei
3579 2553 3739 2607 locutu

2175 2635 2450 2705 suggessit.
2477 2632 2596 2691 Huc
2626 2650 2802 2706 usque
2832 2638 2894 2693 V.
2925 2636 2988 2709 ῼ.
3019 2637 3124 2694 Sed
3155 2639 3224 2696 de
3251 2641 3338 2698 his
3369 2641 3651 2699 hactenus.

2244 2791 2316 2873 te)
2358 2791 2519 2873 liuet.
2549 2792 2763 2873 origen.
2787 2795 2894 2873 _lib.
2924 2813 2984 2860 ιι,
3015 2805 3209 2873 quaest.
3243 2800 3298 2866 .‘5,
3334 2798 3372 2873 ί
3396 2801 3491 2869 27,
3510 2818 3631 2873 pag.
3658 2801 3738 2856 62.

2359 2862 2547 2941 genis.
2577 2862 2758 2941 Aitt'q.
2780 2865 2904 2941 lect.
2935 2862 3063 2941 tom.
3091 2868 3158 2936 V,
3184 2862 3308 2941 pag.
3335 2862 3376 2924 ⁷1
3407 2862 3563 2941 seqq.

2361 2931 2592 3011 l}_asnag_.
2627 2931 2780 3011 Thes.
2819 2934 3005 3011 Canis.
3037 2931 3168 2992 ιοιῐι.
3186 2931 3391 3011 ’1,Αῖιιιε.
3421 2931 3502 2997 £3-
3523 2931 3674 3011 seqq.

2351 3001 2820 3082 _lt‘:tcuttil.__llertn._
2846 3007 3051 3082 lib.__xt,
3076 3001 3289 3082 _cap.’2',
3327 3001 3446 3082 pag.
3481 3011 3589 3066 759

2169 3051 2318 3212 pagi
2350 3051 3204 3199 ’ἸίῐῗἵᾱυῖἼῐᾶἶιίὲῖιῗξ
3237 3051 3505 3151 ἱάιῗῗδὶῆ
3522 3051 3610 3137 ’ἵί
3657 3082 3734 3147 l8.

519 3266 3718 3300 Μ

519 3293 574 3306 ._.

1416 3378 1580 3535 s.
1680 3373 2817 3542 SERAPIONIS

1759 3671 2069 3730 EPISCOPI
2103 3673 2440 3738 THMUEOS

1293 3845 1608 3925 .LlBER
1687 3845 2223 3927 ADVERSUS
2299 3853 2948 3935 MANICHEOS.

1663 4091 1797 4146 CAP.
1833 4093 1874 4146 l.
1929 4091 2133 4152 Veritas
2160 4112 2387 4152 errorem
2411 4096 2588 4152 vincit.

563 4187 737 4246 Solvat
763 4199 1007 4242 errorem
1037 4191 1242 4240 veritas
1269 4189 1324 4237 et
1355 4182 1651 4253 exstinguit
1680 4181 1948 4238 fallaciam
1972 4227 1986 4248 ,
2018 4194 2074 4239 et
2101 4194 2143 4251 ο

492 4279 670 4338 omnis
698 4274 968 4332 mendacii
1001 4281 1180 4328 ortum
1223 4271 1498 4342 intercipit
1541 4286 1606 4326 ac
1651 4271 1925 4341 prohibet.
1960 4273 2071 4329 Ob-

492 4385 766 4430 secremus
797 4367 964 4438 igitur
990 4364 1278 4420 Dominum
1307 4361 1489 4418 Jesum
1519 4361 1612 4434 qui
1640 4371 1724 4417 est
1751 4362 1982 4428 veritas,
2013 4371 2072 4417 ut

493 4462 760 4520 illuminet
787 4467 1024 4514 mentem
1073 4466 1350 4522 nosuam,
1379 4464 1439 4510 ut
1465 4469 1640 4526 neque
1669 4454 1879 4510 fallacia
1920 4470 2072 4510 men-

2258 4186 2499 4241 Ἐπιλύει
2542 4185 2641 4258 τὴν
2691 4186 2898 4258 πλάνην
2950 4187 2984 4258 ἡ
3033 4185 3261 4258 ἀλήθεια
3296 4187 3392 4242 καὶ
3417 4188 3630 4263 ἀναιρεῖ
3651 4191 3737 4264 rip

2171 4281 2412 4351 ἀπάτην,
2438 4281 2533 4334 καὶ
2563 4280 2671 4332 πᾶν
2707 4277 2903 4350 ψεῦδος
2946 4278 3230 4351 προελθεῖν
3268 4279 3368 4334 οὐκ
3398 4282 3483 4353 ἑᾷ.
3522 4283 3733 4337 Ἱκετεὺ-

2175 4390 2356 4444 σωμεν
2385 4372 2478 4426 τὸν
2505 4371 2705 4444 Κύριον
2733 4371 2961 4442 Ἰησοῦν,
2992 4370 3253 4444 ἀλήθειαν
3284 4372 3446 4437 ὄντα,
3478 4373 3735 4444 ἐκλάμψαι

2172 4464 2271 4536 τὴν
2303 4463 2541 4518 διάνοιαν
2568 4463 2746 4535 ἡμῶν,
2780 4464 2866 4517 ἵνα
2901 4465 3040 4536 μήτε
3065 4464 3162 4536 τὴν
3192 4465 3430 4522 διάνοιαν
3458 4468 3733 4541 ἀναιρῆσαι

493 4565 602 4608 tem
632 4566 826 4622 capere
856 4551 1029 4619 possit
1058 4562 1160 4603 nec
1190 4562 1347 4603 error
1380 4547 1603 4602 vincere
1628 4564 1643 4613 ;
1680 4561 1853 4616 neque
1891 4547 1937 4601 si
1976 4562 2069 4602 ce—

2175 4554 2356 4628 ἀπάτη
2391 4555 2631 4627 δυνηθῇ,
2678 4555 2712 4626 ἢ
2765 4559 3037 4628 κρατῆσαι
3093 4557 3268 4628 πλάνη
3324 4558 3550 4632 ἰσχύσῃ·
3614 4561 3732 4630 μήτε

492 4646 637 4714 perit
665 4653 756 4698 aut
783 4642 1014 4709 vicerit,
1045 4640 1256 4694 firmam
1287 4649 1342 4694 et
1371 4639 1622 4696 stabilem
1652 4640 1946 4694 victoriam
1977 4641 2073 4696 ob-

494 4739 684 4793 tineat.
739 4734 1088 4790 Solummodo
1129 4733 1275 4788 enim
1329 4733 1371 4788 si
1425 4733 1772 4803 apparuerit,
1800 4742 1855 4789 et
1895 4733 2074 4790 radios

494 4828 740 4883 veritatis
769 4841 880 4882 sure
914 4824 1194 4890 emiserit,
1231 4824 1499 4879 fallaciam
1530 4824 1747 4894 quidem
1799 4824 2072 4880 inductam

497 4919 815 4989 dissipabit,
847 4926 1079 4972 mentem
1109 4931 1236 4970 vero
1265 4926 1417 4971 extra
1442 4929 1682 4970 errorem
1710 4917 2070 4973 conservabit.

2173 4649 2414 4718 ᾑρηκυῖα
2437 4648 2531 4700 καὶ
2564 4650 2939 4718 κεκρατηκυῖα
2962 4647 3195 4718 ἔμμονον
3223 4648 3322 4720 τὴν
3347 4651 3610 4720 κράτησιν
3627 4649 3729 4721 ἔχῃ,

2173 4737 2350 4791 Μόνον
2379 4739 2488 4809 γὰρ
2511 4738 2701 4807 φανεὶς
2729 4739 2823 4791 καὶ
2849 4738 2948 4802 τὰς
2977 4740 3201 4804 ἀκτῖνας
3223 4739 3324 4811 τῆς
3355 4740 3610 4810 ἀληθείας
3625 4742 3736 4794 ἐαυ-

2173 4813 2267 4880 τοῧ
2301 4827 2604 4898 ἐκλάμψας,
2629 4828 2989 4882 ἀποσκεδάσει
3017 4829 3116 4901 μὲν
3149 4829 3247 4901 τὴν
3288 4832 3584 4902 γενομένην
3608 4829 3734 4885 ἀπά-

2172 4933 2294 4988 την,
2331 4917 2738 4989 ἀνεξαπάτητον
2763 4919 2818 4972 δὲ
2853 4919 3170 4992 διατηρήσει
3211 4923 3313 4994 τὴν
3353 4922 3607 4978 διάνοιαν.
3639 4922 3731 4974 A5-

494 5013 613 5083 lpse
647 5013 790 5067 enim
833 5011 1074 5065 clamat:
1109 5008 1222 5080 Ego
1250 5025 1366 5063 sum
1401 5013 1482 5063 via
1505 5049 1520 5074 ,
1570 5010 1759 5062 veritas
1803 5019 1848 5062 et
1895 5009 1998 5062 vita
2031 5009 2069 5064 ¹.

2175 5009 2264 5073 τὸς
2291 5012 2398 5082 γὰρ
2434 5011 2559 5082 βοᾷ⁵
2592 5012 2732 5083 Ἐγὼ
2756 5016 2871 5082 ειμι
2898 5013 2935 5081 ἡ
2971 5013 3110 5081 ὁδὸς
3149 5015 3249 5070 καὶ
3283 5017 3322 5085 ὴ
3366 5015 3729 5098 ἁλήθειφκαὶ

495 5101 614 5172 Ipse
645 5102 888 5174 praecipit
915 5118 928 5155 :
961 5101 1230 5154 Altendite
1269 5117 1302 5153 a
1333 5099 1484 5169 falsis
1519 5101 1780 5168 prophetis
1801 5141 1817 5167 ,
1859 5100 1950 5170 qui
1991 5115 2075 5153 ve-

499 5197 646 5250 niunt
684 5195 752 5247 ad
786 5209 872 5247 vos
903 5193 959 5245 in
990 5193 1310 5245 uestimentis
1338 5191 1509 5243 ouium
1529 5183 1547 5254 ’,
1584 5191 1722 5243 intus
1749 5201 1922 5245 autem
1952 5199 2072 5244 sunt

499 5287 607 5351 lupi
661 5302 874 5351 rapaces
912 5283 956 5336 ¹.
993 5282 1128 5349 Quia
1163 5282 1306 5336 enim
1352 5282 1566 5336 illorum
1616 5282 1805 5336 modus
1848 5279 2073 5336 fraudu-

502 5378 679 5431 lentus
707 5386 824 5431 erat
855 5383 911 5430 et
951 5389 1130 5429 mores
1168 5374 1444 5442 simulati,
1476 5389 1583 5429 non
1616 5374 1813 5429 celavit
1841 5389 1935 5429 eos
1971 5373 2074 5428 Ve—

504 5470 666 5530 ritas,
719 5468 810 5521 sed
861 5466 1116 5532 nudavit;
1175 5482 1280 5520 non
1335 5466 1684 5534 permittens,
1731 5475 1791 5519 ut
1834 5466 1974 5534 quod
2020 5466 2071 5520 in

2174 5102 2213 5170 ἡ
2246 5100 2378 5169 ζωή’
2405 5103 2566 5168 αὐτὸς
2591 5105 2983 5175 παραγγέλλει·
3004 5108 3344 5177 Προσέχετε
3371 5107 3604 5173 ἑαυτοῖς
3629 5105 3730 5159 ἀπὸ

2174 5191 2294 5247 τῶν
2324 5194 2858 5264 ψευδοπροφητῶν,
2889 5197 3106 5263 οἵτινες
3137 5199 3415 5267 ἔρχονται
3441 5196 3584 5265 πρὸς
3599 5189 3731 5261 ὑμᾶς

2175 5285 2246 5340 ἐν
2279 5286 2572 5357 ἐνδύμασι
2599 5288 2930 5356 προϐάτων,
2958 5290 3186 5346 ἔσωθεν
3210 5288 3279 5342 δέ
3306 5291 3428 5342 εισι
3456 5291 3625 5344 λύκοι
3643 5286 3733 5354 ἅρ-

2176 5389 2378 5446 παγες.
2419 5377 2636 5451 Ἐπειδὴ
2686 5379 2788 5451 γὰρ
2833 5379 3059 5434 ἐκείνων
3107 5380 3575 5452 πεφενακισμένος
3611 5374 3672 5449 ἧν
3711 5380 3733 5430 ὁ

2115 5469 2394 5540 ,λῖτρὸποιδ
2419 5471 2514 5523 καὶ
2537 5472 2919 5543 πεπλασμένον
2955 5472 3017 5525 τὸ
3043 5468 3173 5544 ἦθος
3193 5511 3207 5534 .
3244 5472 3344 5526 οὐκ
3379 5470 3672 5540 acidum-sev
3708 5468 3729 5531 ἡ

487 5568 682 5633 ,ηιειιιο
710 5557 871 5622 latet,
903 5559 970 5612 ab
998 5573 1064 5614 eo
1105 5559 1246 5628 quod
1292 5559 1630 5614 extrinsecus
1675 5559 1858 5613 (ictum
1899 5567 1953 5613 et
1995 5560 2070 5613 si-

2175 5563 2447 5634 Ἀλήϐεια,
2482 5563 2594 5618 ἀλλ’
2629 5564 2914 5635 ἐγύμνωσε
2940 5566 2999 5618 τὸ
3019 5565 3224 5634 ἀφανὲς
3251 5565 3352 5636 τῆς
3389 5566 3617 5627 διανοίας
3650 5578 3732 5615 κα-

504 5651 764 5708 tnulatum
817 5661 900 5705 est
945 5660 1191 5721 tegatur:
1227 5661 1283 5705 ut
1314 5652 1426 5721 ipsa
1475 5650 1685 5705 fallacia
1727 5652 2067 5720 deprehensa

575 5809 593 5841 ¹
631 5810 783 5865 Joan.
825 5827 932 5868 xw.
970 5809 1023 5867 6.
1099 5811 1120 5842 ¹
1161 5809 1349 5866 Matth.
1387 5823 1449 5869 ν,
1493 5808 1578 5864 15.

2177 5652 2472 5708 λύπτεσθαι
2515 5653 2620 5707 ὑπὸ
2660 5654 2753 5708 τοῦ
2797 5654 3180 5727 πεπλασμένον
3212 5655 3307 5709 καὶ
3353 5647 3728 5726 ἐσχηματιπμέο
