3858 6312
132 335 234 390 901

1088 337 1148 390 S.
1191 331 1598 390 SEIiAPlONlS
1634 332 1835 387 LlBER
1875 333 2036 390 ADV.
2079 331 2525 390 MANICIUEOS.

3303 335 3413 392 909.

133 462 226 501 νου
266 443 344 516 μὴ
373 444 751 515 ἐπιτρεψασα,
779 444 867 500 ἴνα
898 445 1223 517 κατάφωρος
1257 445 1526 517 γενομένη
1557 446 1736 499 αὐτῶν

1849 447 2058 501 inlirma
2101 446 2192 500 fiat
2231 446 2283 500 in
2311 461 2499 502 eorum
2547 445 2884 517 argumentis
2946 447 3016 503 ita
3052 455 3111 503 ut
3139 448 3414 506 neminem

140 538 173 607 ἡ
199 536 390 605 άπάτη
431 535 934 608 άσθενὴςεγὲνηται
957 538 1015 590 ὲν
1044 539 1162 601 ταῖς
1205 537 1600 608 ἐπιχειρήσεσι,
1631 553 1730 607 μη-

133 629 262 683 δένα
289 627 700 699 συλλαμϐάνειν
730 627 1027 700 δυναμένη.

1843 537 2060 594 ίιτι·ιίι³ο
2096 548 2282 607 queat.

1313 719 1445 774 Cn.
1479 719 1546 774 Ιῐ.
1584 719 1732 773 Varii
1755 722 1952 785 gradus
1985 736 2246 776 errorum.

213 813 376 866 Ἐστι
424 810 528 881 μὲν
559 805 655 866 οὖν
683 813 718 882 ἠ
744 811 916 867 κακία
953 811 1240 882 πολυειδὴς
1278 811 1373 865 καὶ
1412 810 1730 882 πολυσχιδὴς

1915 811 2007 868 Est
2036 813 2200 884 igitur
2227 813 2441 868 malitia
2470 813 2823 872 multiformis
2850 824 2907 871 et
2935 815 3291 888 multipartita
3319 858 3336 884 ,
3361 817 3416 873 in

139 904 282 957 κατὰ
333 903 634 974 διαφόρους
685 903 982 974 ήπλωμένη
1031 901 1132 966 τὰς
1178 902 1569 973 ἐπιχειρήσεις,
1623 900 1739 955 ἔνια

1849 905 2022 960 varias
2052 907 2555 977 argumentationes
2581 906 2700 964 fusa
2720 947 2735 972 ,
2768 906 2924 977 cujus
2959 918 3142 976 partes
3169 909 3417 976 quaedam

137 997 245 1048 τῶν
276 995 488 1065 ἑαυτῆς
523 996 707 1066 μερῶν
743 993 1161 1065 βλακικώτερα
1190 993 1284 1050 καὶ
1325 991 1740 1064 ἁναιρετικιίπε-

140 1107 210 1160 ρα
245 1088 476 1159 ἔχουσα.
499 1087 598 1140 Διὰ
627 1086 786 1140 τοῦτο
809 1086 928 1139 οὐδὲ
954 1085 1022 1138 τὰ
1046 1085 1245 1155 ἥττονα
1274 1085 1599 1155 σιωπητέον,
1619 1082 1740 1135 οὐδὲ

136 1179 250 1235 τῶν
300 1177 572 1250 μειζόνων
618 1178 918 1248 ἀφεκτέον,
965 1176 1175 1240 εἰδότας
1212 1175 1392 1239 τοῦτο,
1420 1176 1504 1228 ὅτι
1531 1174 1601 1228 τὰ
1642 1175 1740 1245 μὲν

137 1271 410 1325 ἐλάττονα
452 1269 620 1339 μόρια
657 1269 755 1340 τῆς
789 1267 989 1330 κακίας
1018 1267 1359 1338 βραχυτέρας
1395 1265 1742 1328 ποιεῖταιτὰς

1843 997 2184 1052 nocentiores
2209 1006 2332 1051 sunt
2364 1006 2417 1053 et
2469 999 2642 1066 magis
2683 999 2999 1054 mortiferae.
3042 998 3413 1067 Quamobrem

1842 1102 2016 1157 neque
2045 1088 2255 1143 minora
2286 1090 2517 1144 tacenda
2543 1099 2706 1152 sunt,
2737 1104 2916 1159 neque
2947 1090 3247 1159 majoribus
3292 1105 3418 1158 par-

1843 1181 2112 1245 cendum,
2168 1194 2290 1234 cum
2340 1181 2577 1236 sciamus
2629 1183 2863 1237 minores
2905 1183 3034 1252 quid
3084 1192 3264 1253 partes
3303 1181 3416 1234 vitii

1841 1270 2049 1324 minora
2093 1270 2290 1325 (lamna
2332 1286 2555 1339 parere,
2602 1272 2835 1341 majores
2883 1287 3012 1327 vero
3057 1289 3275 1342 magna.
3315 1270 3419 1338 Qui

141 1363 371 1434 βλάϐας,
408 1362 477 1414 τὰ
510 1361 567 1414 δὲ
600 1359 824 1431 μείζονα
853 1359 1127 1428 μεγάλας·
1163 1362 1192 1414 ὁ
1220 1360 1329 1430 γάρ
1362 1357 1573 1429 μείζοσι
1603 1374 1739 1427 σφα-

1849 1362 1985 1415 enim
2020 1362 2070 1415 in
2105 1363 2448 1433 gravioribus
2477 1363 2695 1427 labitur,
2741 1363 3083 1432 gravioribus
3113 1363 3287 1432 pomis
3317 1378 3418 1430 pu-

140 1453 255 1515 λεὶς
286 1451 479 1522 μεῖζον
503 1455 598 1503 καὶ
627 1451 968 1521 τιμωρεῖται·
1007 1450 1101 1502 καί
1129 1451 1159 1501 ὁ
1192 1449 1296 1503 ὑπὸ
1327 1448 1568 1519 μείζονος
1596 1447 1736 1508 ἀπαο

139 1541 330 1613 τηθεὶς
372 1539 603 1611 μείζονα
637 1541 732 1594 καὶ
765 1539 1119 1603 κολάζεται...
1351 1567 1354 1569 λ
1504 1548 1514 1553 ’

524 1653 615 1688 ται
639 1635 750 1706 γὰρ
775 1635 830 1687 αἱ
861 1633 1107 1688 ἀπάται..

141 1727 200 1780 δὲ
221 1727 320 1780 καὶ
346 1726 422 1779 τά
457 1726 636 1796 πλη...

145 1821 238 1871 καὶ
271 1817 563 1889 σταθμίζω
594 1858 631 1872 ..
740 1831 818 1880 ις

143 1911 347 1964 δικά...

141 2004 324 2074 τίμα..
339 2044 353 2056 .

141 2097 262 2148 εἰ...

141 2189 505 2258 ἀστάθμητον
531 2188 616 2257 ἑᾷ,
655 2186 794 2240 ἀλλά
819 2185 913 2240 καὶ
937 2186 1036 2257 τὴν
1070 2183 1300 2239 ἑκάστου
1339 2181 1434 2236 τοῦ
1461 2180 1740 2252 ἡπατηκό-

139 2297 236 2343 τος
256 2280 517 2351 ἀπάτην,
558 2279 654 2332 καὶ
700 2277 794 2333 τοῦ
835 2277 1189 2349 ἠπατημένον
1237 2275 1336 2347 τὴν
1371 2273 1618 2328 εὐκολίαν
1646 2289 1809 2344 με-ιο

141 2372 360 2449 τρῆσας
393 2369 569 2440 ὁρίζει
605 2370 705 2440 τὴν
725 2369 1016 2440 τιμωρίαν.
1051 2365 1422 2420 Σπουδαστὲον
1453 2361 1566 2430 οὖν,
1603 2368 1738 2434 μήτε

140 2462 222 2532 τῷ
252 2462 586 2533 βραχυτάτῳ
616 2460 909 2533 αἱρεῖσθαι·
943 2459 1164 2530 καὶγὰρ
1191 2461 1223 2529 ὴ
1252 2456 1564 2529 βραχυτάτη
1594 2456 1740 2510 άπά-

140 2572 212 2624 τη
240 2555 545 2626 σπινθῆρος
566 2555 722 2625 δίκην
749 2553 884 2624 ὓλην
910 2551 1303 2624 παραλαϐοῦσα
1338 2549 1435 2622 τὴν
1463 2549 1738 2629 συγκατά-

1843 1455 2030 1518 nitur;
2063 1463 2114 1508 et
2145 1455 2238 1524 qui
2271 1474 2298 1508 ιι
2333 1455 2539 1526 majore
2565 1459 2822 1526 deceptus
2859 1467 2981 1520 est,
3013 1456 3185 1524 majus
3217 1456 3420 1525 suppli-

1843 1545 1987 1598 cium
2021 1546 2273 1600 sustinet.
2307 1545 2686 1601 Ponderantur
2710 1548 2856 1602 enim
2902 1545 3171 1608 fallaciae.
3216 1549 3416 1616 ponde-

1845 1645 2035 1690 rantur
2063 1636 2224 1691 etiam
2252 1646 2475 1705 peccata
2505 1654 2519 1701 ;
2548 1646 2602 1692 et
2631 1638 2724 1707 qui
2773 1638 3126 1708 ponderatur,
3156 1653 3255 1707 pro
3297 1653 3422 1705 gra-

1823 1728 2008 1782 vitate
2038 1730 2294 1798 ponderis
2342 1731 2670 1800 supplicium
2715 1740 3002 1801 reportat;
3045 1746 3218 1800 neque
3263 1731 3422 1799 quid-

1775 1843 1778 1846 ~
1843 1835 2006 1888 quam
2037 1821 2127 1886 qui
2155 1821 2356 1888 judical
2378 1861 2392 1885 ,
2425 1836 2529 1875 non
2563 1824 2920 1890 ponderatum
2951 1822 3226 1893 relinquit.
3278 1820 3420 1887 Quin

1843 1912 2007 1965 etiam
2059 1911 2485 1982 uniuscujusque
2513 1914 2604 1982 qui
2635 1911 2826 1968 fefellit
2852 1913 3117 1968 fallaciam
3141 1956 3156 1981 ,
3185 1924 3239 1968 et
3278 1914 3419 1968 faci-

1847 2003 2052 2058 litatem
2097 2005 2214 2074 ejus
2256 2005 2346 2074 qui
2390 2005 2650 2074 deceptus
2697 2016 2782 2062 est
2829 2007 3152 2068 demensus,
3201 2022 3422 2077 plenam

1775 2121 1814 2176 Β
1847 2095 2112 2150 decernit.
2157 2096 2430 2162 Quocirca
2465 2097 2786 2152 studendum
2832 2106 2952 2160 est,
2988 2107 3046 2152 ut
3088 2111 3155 2151 ne
3201 2099 3423 2152 minima

1845 2187 2062 2256 quidem
2092 2186 2300 2242 fallacia
2329 2190 2637 2260 capiamur:
2667 2191 2932 2260 siquidem
2959 2193 3180 2246 minima
3206 2191 3421 2246 fallac‘a

1848 2276 2023 2331 instar
2049 2277 2328 2340 scintillae,
2359 2289 2514 2332 nacta
2556 2280 2838 2334 materiam
2882 2283 3252 2336 assensionem
3302 2281 3423 2333 ani-

1847 2381 1974 2428 mae,
2008 2367 2312 2420 incendium
2341 2385 2548 2438 magna:
2576 2370 2803 2424 flammae
2831 2370 2989 2425 ellicit
3017 2389 3032 2436 ;
3068 2371 3216 2424 multi
3245 2371 3422 2434 enim,

1847 2456 2110 2526 principio
2139 2473 2204 2512 ex
2235 2474 2399 2529 parvo
2444 2476 2630 2516 errore
2664 2471 2865 2532 crepto,
2894 2463 2946 2516 in
2975 2463 3194 2534 pelagus
3222 2463 3424 2517 erroris

1849 2549 2041 2617 dilapsi
2087 2563 2143 2605 et
2171 2552 2326 2606 elfnsi
2357 2563 2514 2607 sunt.

141 2646 302 2700 θεσιν
336 2649 440 2718 τῆς
476 2647 658 2718 ψυχῆς
696 2649 942 2713 ἐξάπτει,
977 2647 1072 2700 καὶ
1109 2645 1351 2718 μεγάλην
1399 2644 1575 2714 φλόγα
1646 2642 2072 2707 κατασκευάζει·
2117 2646 2306 2700 πολλοὶ
2355 2646 2465 2719 γὰρ
2502 2647 2562 2714 ἐξ
2619 2648 2806 2719 ὀλίγης
2840 2650 3056 2720 ἀπάτης
3128 2649 3424 2721 ἀρξάμενοι

143 2742 226 2804 είς
259 2740 502 2808 πέλαγος
527 2739 742 2808 ἀπάτης
767 2737 1120 2808 ἐξεχύθησαν.

1754 2751 1860 2797 κδ’

1165 2851 1297 2908 Car.
1337 2849 1426 2906 Ill.
1467 2848 1877 2904 Manicheismus
1900 2863 2046 2901 error
2069 2846 2399 2902 deterrimus.

216 2949 320 3002 Διὰ
341 2947 504 3002 τοῦτο
525 2947 894 3020 φροντιστέον,
925 2947 1063 3018 μήτε
1099 2949 1165 3017 τῇ
1211 2945 1523 3017 βραχυτάτῃ
1559 2946 1745 3018 ἀπάτῃ

143 3040 451 3115 αἱρεῖσθαι,
487 3039 692 3110 τειχίον
721 3042 790 3111 τῇ
811 3037 955 3110 ψυχῇ
992 3038 1276 3092 κάλλιστον
1305 3036 1744 3108 οἰκοδομοῦντας·

145 3136 239 3189 ἵνα
295 3133 437 3204 μήτε
476 3131 553 3202 τῷ
582 3129 788 3202 μείζονι
810 3129 1136 3202 αίρεθῷμεν·
1162 3130 1191 3183 ό
1217 3129 1330 3201 γὰρ
1364 3128 1493 3201 περὶ
1517 3127 1586 3182 τὰ
1611 3127 1746 3200 βρα-

145 3228 365 3297 χύτατα
414 3223 638 3292 σφαλεὶς
682 3222 900 3276 πταίσει
944 3221 1076 3274 ποτὲ
1111 3221 1206 3275 καὶ
1248 3220 1479 3293 περὶτὰ
1505 3221 1743 3292 μείζονα,

146 3320 247 3374 καὶ
273 3322 302 3372 ό
335 3317 504 3389 μηδὲν
534 3314 642 3368 τῶν
667 3312 883 3384 μικρῶν
916 3311 1226 3384 αἱρεθεὶς...

1175 3419 1329 3457 αναν.
1340 3441 1352 3456 ο
1363 3443 1378 3458 ο

507 3500 599 3553 τὸν
628 3499 726 3570 τὴν
749 3496 1049 3567 ἀσφάλειαν
1076 3497 1240 3551 καὶ...

589 3589 811 3661 μείζονα
838 3595 1047 3660 σχήσει·
1078 3588 1263 3642 ἐπεὶ...

145 3685 306 3740 λύκοι
334 3684 523 3736 πολλοὶ
549 3682 785 3736 κώδια...

147 3778 594 3850 ἠμφιεσμένοι...
685 3790 704 3830 Γ
733 3775 760 3814 κ’

506 3887 651 3975 ημη·
683 3868 758 3939 μή
787 3884 906 3921 σι...

379 3978 410 4013 υ
443 3977 624 4022 τοις...

146 4049 357 4108 οὖσα...

151 4145 434 4214 μάχαιραν
473 4141 694 4203 σειέτω,
741 4137 1041 4209 ἀσφάλειαν
1089 4135 1352 4207 μυωμένη
1395 4137 1462 4207 τῇ
1516 4135 1741 4207 ποίμνῃ,

145 4233 436 4306 γυμνοῦσα
476 4231 531 4285 δὲ
577 4231 671 4284 καὶ
709 4229 808 4301 τὴν
853 4227 1196 4299 ἐπιχείρησιν
1231 4227 1341 4280 τῶν
1363 4225 1586 4298 θηρίων·
1635 4226 1742 4280 ἰδοὺ

145 4328 260 4398 γὰρ
283 4325 473 4378 πολλοὶ
505 4323 604 4394 μέν
625 4324 763 4375 είσιν
797 4324 845 4374 οἱ
881 4319 1256 4391 προελθόντες,
1307 4320 1402 4372 καὶ
1440 4311 1542 4372 ὧδε
1582 4319 1746 4372 κάκεῖ

146 4411 446 4477 πλάζονται
469 4449 483 4473 ,
520 4410 641 4462 ἀντὶ
670 4408 880 4462 κωδίων
902 4407 964 4461 τὸ
989 4407 1158 4479 ὄνομα
1183 4407 1276 4460 τοῦ
1303 4406 1540 4479 Χριστοῦ
1591 4423 1744 4478 περιο

147 4501 496 4573 ϐεϐλημένοι,
532 4501 626 4553 καὶ
645 4499 926 4570 λεγόμενοι
955 4499 1053 4571 μὲν
1076 4498 1105 4552 ὃ
1141 4499 1216 4570 μὴ
1250 4499 1408 4562 εἰσιν,
1429 4498 1583 4564 ὄντες
1629 4499 1686 4552 δὲ
1715 4498 1745 4552 ὃ

146 4588 411 4665 λέγεσθαι
438 4593 539 4646 οὐκ
566 4592 874 4663 ἀνέχονται·
923 4591 1059 4645 ἀλλὰ
1100 4591 1199 4662 τὴν
1227 4589 1434 4644 οἰκείαν
1480 4590 1743 4662 πονηρίαν

146 4683 523 4748 ὶαλύπτοντες
559 4682 634 4754 τῷ
682 4684 922 4754 σχήματι
958 4682 1052 4736 τοῦ
1096 4683 1382 4753 ὀνόματος,
1413 4682 1508 4735 καὶ
1548 4700 1743 4737 κοινω-

145 4775 369 4843 νοῦντες
401 4777 503 4848 μὲν
536 4773 611 4844 τῷ
640 4774 884 4844 ὀνόματι,
915 4773 1084 4845 ἄρδην
1109 4773 1165 4826 δὲ
1191 4773 1498 4846 διαφθεῖραι
1525 4774 1586 4828 τὸ
1629 4775 1744 4828 δνο-

149 4890 226 4943 μα
256 4869 355 4924 τοῦ
389 4867 627 4940 Χριστοῦ
652 4865 1062 4930 ἐσπουδακότες,
1091 4865 1232 4923 κατὰ
1281 4866 1380 4936 μὲν
1417 4865 1512 4920 τοῦ
1567 4866 1742 4936 Ἰησοῦ

147 4963 598 5036 στρατευόμενοι,
635 4958 842 5030 Ἰησοῦν
863 4959 918 5012 δὲ
955 4958 1416 5029 ἐπικεκλημένοι·
1454 4959 1595 5030 αῦτη
1634 4960 1742 5030 γάρ

144 5062 294 5112 ἑστιν
317 5059 352 5127 ἡ
387 5052 750 5127 χαλεπωτάτη
781 5049 1036 5123 πονηρία,
1070 5050 1152 5103 ὅτι
1189 5049 1436 5118 λέγονται
1473 5049 1535 5102 τδ
1567 5049 1738 5122 ὄνομα

144 5151 238 5204 τοῦ
265 5145 534 5220 Χριστοῦ,
564 5142 786 5215 Χριστῷ
814 5141 1195 5212 πολεμοῦντες·
1239 5141 1360 5194 ἐπεὶ
1400 5142 1506 5212 γὰρ
1547 5141 1739 5213 ητόνη-

148 5261 238 5297 σεν
265 5245 299 5313 ἡ
338 5239 579 5310 πονηρία
607 5236 868 5307 πολεμεῖν
896 5234 1033 5306 πρὸς
1059 5231 1213 5299 Θεὸν,
1241 5233 1508 5304 κέχρηται
1533 5233 1609 5303 τῷ
1631 5233 1741 5285 όνό-

148 5351 299 5404 ματι,
327 5333 415 5386 ἵνα
433 5333 500 5401 τῇ
528 5329 720 5400 χρήσει
746 5324 841 5379 τοῦ
870 5325 1134 5396 ὀνόματος
1167 5325 1344 5394 οίησιν
1388 5325 1739 5394 ὲμποιήσασα

146 5425 255 5484 τοῖς
279 5423 537 5490 ἄφροσιν,
568 5418 644 5482 ὡς
668 5417 846 5470 οίκεία
871 5414 966 5468 τοῦ
993 5412 1232 5486 Χριστοῦ
1253 5452 1268 5477 ,
1301 5407 1404 5465 ὦδε
1449 5413 1626 5476 κάκεῖ,
1662 5411 1738 5475 ὼς

149 5512 424 5580 βούλεται,
453 5509 762 5580 λυμάνηται
787 5508 911 5571 τοὺς
926 5505 1004 5577 τῷ
1036 5505 1249 5576 Σωτῆρι
1283 5502 1734 5566 πεπιστευκότας·

145 5599 246 5658 ὦδε
279 5605 382 5671 μὲν
413 5600 766 5663 Οὑαλεντίνος
794 5598 1082 5671 προῆλθεν·
1104 5591 1204 5654 ὦδε
1231 5597 1285 5649 δὲ
1311 5595 1592 5667 Μαρκίων·
1635 5588 1736 5650 ὧδε

253 5783 274 5819 ³
317 5783 520 5838 Ezech.
555 5796 665 5846 xw,
695 5779 784 5835 52.

1922 2943 2132 2998 Idcirco
2181 2941 2483 2996 curandum
2532 2946 2648 3007 est,
2699 2948 2758 2995 ut
2810 2956 2877 2997 ne
2921 2940 3150 2996 minimo
3203 2941 3422 3012 quidem

1851 3051 2038 3091 errore
2071 3033 2177 3088 labi
2221 3032 2537 3102 contingat;
2587 3032 2957 3103 pulcherrimo
2997 3034 3190 3088 animae
3222 3051 3426 3104 propu-

1853 3125 2082 3198 gnaculo
2117 3123 2420 3189 aedificato,
2467 3140 2537 3178 ne
2557 3123 2775 3192 majore
2808 3126 3111 3194 capiamur.
3146 3125 3246 3192 Qui
3283 3130 3428 3182 enim

1853 3219 1908 3272 in
1949 3218 2129 3287 parvis
2163 3215 2364 3270 labitur
2397 3228 2583 3270 errore
2607 3254 2622 3280 ,
2661 3214 2874 3270 labetur
2898 3214 3190 3286 aliquando
3225 3217 3278 3270 in
3313 3233 3429 3270 ma-

1741 3315 1806 3354 3ε
1848 3307 2099 3376 joribus;
2131 3314 2185 3360 et
2216 3305 2307 3376 qui
2347 3318 2454 3358 non
2488 3311 2573 3358 est
2607 3303 2866 3358 seductus
2896 3319 2926 3358 a
2961 3305 3146 3374 parvis
3172 3345 3188 3371 ,
3217 3307 3323 3360 erit
3352 3308 3428 3361 ita

1851 3407 2042 3454 contra
2074 3396 2281 3466 majora
2310 3395 2553 3452 munitus
2581 3404 2636 3450 et
2683 3403 2831 3451 tutus
2853 3434 2868 3459 ,
2917 3404 2978 3451 ut
3010 3397 3060 3452 ei
3108 3396 3284 3452 resisti
3321 3413 3427 3452 non

1849 3492 2040 3561 possit.
2091 3487 2228 3556 Quia
2277 3488 2441 3560 igitur
2473 3491 2520 3544 si
2552 3487 2705 3543 multi
2756 3489 2865 3556 lupi
2916 3487 3080 3559 pelles
3112 3487 3292 3544 ovium
3341 3491 3426 3543 in-

1851 3583 2002 3648 duti,
2038 3596 2252 3652 gregem
2283 3581 2634 3646 invaderent,
2682 3594 2790 3636 non
2837 3579 3027 3636 sileret
3070 3590 3277 3651 pastor,
3329 3583 3427 3637 sed

1771 3688 1813 3746 (ς
1847 3675 2083 3746 gladium
2138 3673 2418 3740 vibraret,
2469 3683 2528 3728 ut
2577 3673 2630 3727 in
2681 3682 2794 3729 tuto
2833 3688 3054 3744 gregem
3097 3673 3424 3742 collocaret,

1850 3767 2057 3822 nudans
2085 3775 2139 3821 et
2166 3764 2502 3836 patefaciens
2533 3775 2786 3821 conatum
2815 3765 3076 3822 ferarum.
3103 3763 3243 3820 Ecce
3273 3764 3426 3820 ιιιιιιιί

1847 3866 1972 3910 sunt
2002 3855 2093 3924 qui
2145 3854 2432 3920 exierunt,
2485 3863 2540 3908 et
2585 3854 2674 3909 hic
2726 3863 2888 3924 atque
2930 3853 3039 3910 illic
3070 3861 3293 3920 errant,
3327 3868 3428 3924 pro

1847 3945 2074 4016 pellibus
2106 3945 2288 4000 ovium
2336 3961 2531 4000 nomen
2577 3945 2782 4001 Christi
2827 3945 3036 4011 induti;
3070 3946 3161 4016 qui
3205 3960 3263 4001 se
3307 3947 3427 4016 qui-

1847 4039 1966 4092 dem
2001 4039 2188 4094 dicunt
2216 4041 2361 4110 quod
2394 4055 2500 4095 non
2535 4051 2702 4108 sunt;
2735 4043 2878 4110 quod
2911 4049 3091 4094 autem
3124 4050 3284 4107 sunt,
3321 4040 3426 4095 dici

1847 4129 2034 4183 nolunt
2057 4168 2072 4193 ,
2102 4130 2196 4185 sed
2223 4145 2377 4186 suam
2415 4131 2816 4200 improbitatem
2848 4133 3048 4185 amictu
3075 4132 3312 4187 nominis
3341 4140 3425 4185 te-

1846 4230 1977 4290 gunt
2001 4238 2014 4287 ;
2043 4222 2132 4290 qui
2159 4236 2446 4276 commune
2470 4222 2689 4292 quidem
2721 4223 2919 4277 habent
2945 4238 3138 4277 nomen
3161 4264 3176 4288 ,
3209 4224 3429 4278 student

1846 4329 1974 4368 vero
2005 4325 2058 4369 nt
2090 4329 2283 4369 nomen
2313 4314 2516 4371 Christi
2549 4315 2791 4371 funditus
2821 4315 3036 4370 deleant
3062 4334 3078 4380 ;
3113 4319 3202 4386 qui
3237 4329 3424 4370 contra

1844 4405 2026 4460 Jesum
2062 4405 2331 4470 militant,
2361 4415 2412 4460 el
2441 4404 2622 4460 Jesum
2650 4407 2918 4460 invocant.
2953 4406 3074 4461 llaec
3103 4418 3187 4462 est
3217 4406 3426 4461 dililuil-

1845 4496 1970 4550 lima
1995 4496 2236 4551 omnium
2270 4495 2610 4566 improbitas,
2643 4498 2860 4552 nomine
2885 4497 3087 4552 Christi
3121 4498 3418 4568 appellari,

1844 4595 1895 4640 et
1923 4585 2200 4640 Christum
2229 4600 2559 4656 oppugnare.
2581 4585 2794 4642 Etenim
2819 4588 2944 4656 quia
2966 4603 3070 4644 non
3101 4591 3274 4659 potuit
3301 4604 3423 4660 per-

1844 4680 2074 4734 versitas
2103 4687 2294 4732 contra
2344 4678 2510 4732 Deum
2543 4677 2741 4733 bellum
2783 4693 3009 4750 gerere,
3056 4695 3154 4735 usa
3201 4691 3284 4736 est
3329 4699 3426 4735 no-

1847 4771 2033 4834 mine,
2087 4779 2145 4824 ut
2195 4784 2294 4825 usu
2342 4770 2581 4827 nominis
2622 4771 2934 4842 opinionem
2995 4772 3427 4843 imprudentibus

1845 4861 2085 4930 injiciat,
2118 4871 2177 4918 ut
2203 4862 2360 4934 quasi
2391 4862 2596 4918 Christi
2629 4863 2911 4920 familiaris
2955 4864 3042 4919 hic
3091 4873 3147 4921 et
3189 4864 3297 4919 illic
3318 4903 3334 4930 ,
3366 4874 3425 4919 ut

1847 4954 2009 5020 libet,
2042 4970 2136 5011 eos
2165 4956 2255 5026 qui
2293 4957 2346 5011 in
2388 4955 2728 5012 Salvatorem
2783 4956 3128 5012 crediderunt
3154 4995 3170 5020 ,
3212 4957 3419 5024 perdat.

1770 5029 1817 5090 ί)
1847 5044 1940 5100 Sic
1977 5044 2290 5100 Valentinus
2336 5045 2546 5112 exivit,
2583 5047 2664 5100 sic
2703 5044 2977 5111 Marcion,
3023 5044 3102 5100 sic
3148 5045 3420 5110 Siliunus,

1849 5137 2064 5193 aliunde
2095 5152 2224 5194 vero
2254 5138 2418 5194 etiam
2461 5137 2720 5193 Phanius.
2765 5137 3045 5194 Postrema
3080 5137 3289 5192 abortio
3323 5138 3426 5192 im-

1848 5230 2176 5298 probitatis,
2209 5245 2332 5301 quaa
2361 5246 2551 5286 omnes
2585 5231 2812 5285 aliorum
2858 5230 3236 5300 improbitates
3274 5242 3427 5287 este.

1848 5324 2035 5376 nuavit
2061 5332 2114 5377 et
2153 5324 2356 5392 majore
2398 5323 2744 5394 improbitate
2775 5324 3004 5378 aliorum
3054 5324 3428 5394 improbita'es

1848 5417 1900 5470 in
1938 5419 2187 5472 secundis
2224 5416 2400 5487 pnsuit
2425 5459 2440 5482 ,
2471 5417 2624 5470 furor
2659 5416 2936 5472 Manichtei
2967 5425 3092 5481 est;
3126 5426 3180 5471 et
3208 5418 3260 5470 in
3297 5433 3422 5486 pro-

1847 5509 2027 5576 phetis
2072 5511 2330 5580 scriptum
2377 5518 2459 5564 est
2490 5527 2502 5563 :
2543 5507 2767 5577 Propter
2801 5510 3018 5564 nimiam
3054 5509 3426 5580 negligentiam

1849 5599 2178 5656 Hierusalem
2206 5646 2218 5669 τ
2257 5602 2551 5672 justi/imm
2598 5613 2673 5658 est
2718 5619 2780 5658 ea:
2814 5613 2862 5657 te
2910 5602 3139 5658 Sodoma
3171 5603 3213 5659 ⁸.
3248 5601 3428 5657 Multae
