3858 6358
155 294 261 351 θιε

1082 289 1139 344 S.
1184 286 1591 347 SERAPiONlS
1625 285 1829 343 LIBER
1862 286 2021 343 ΜΠ.
2059 286 2504 343 MANICHA'IOS.

3318 291 3424 349 906

151 429 237 467 σιν
273 409 389 464 τῶν
417 409 689 481 σωμάτων
719 406 1100 479 ἀποδέχεσθαιο
1129 406 1249 472 πῶς
1278 407 1379 461 οὑκ
1416 405 1616 470 ἄτοπος
1653 408 1748 461 καὶ
1778 412 1809 469 Α

1867 409 2109 464 :onclave
2133 407 2387 472 Domini,
2420 415 2481 462 ut
2509 405 2673 462 Pater
2708 412 2764 461 et
2792 404 2962 462 Filius
2986 406 3055 463 ad
3078 420 3153 464 ea
3175 409 3425 477 veniant,

152 499 363 569 γελοῖος
385 498 613 552 ἐκείνων
635 497 665 550 6
685 495 875 568 λόγος;

1851 506 1905 551 et
1936 498 1989 551 in
2020 497 2102 555 eis
2135 498 2385 554 habitare
2412 497 2579 552 velint
2605 496 2661 560 ⁸,
2692 500 2963 568 quomodo
2987 514 3094 556 non
3126 508 3208 557 est
3234 500 3424 556 absur-

1850 588 1975 642 tluiu
2006 597 2063 645 et
2100 589 2385 645 ridiculum
2423 589 2569 661 quod
2605 588 2797 645 aiunt?

1212 671 1340 729 Car.
1380 671 1468 727 Vl.
1502 672 1665 742 quue
1686 690 1750 728 ea:
1773 674 2064 744 Scripturis
2087 680 2364 749 probatur.

234 766 374 820 ’1δοὺ
409 765 521 837 γὰρ
571 766 704 819 ὅταν
742 765 842 835 μὲν
886 763 1097 827 Παῦλος
1142 763 1220 834 πῆ
1278 764 1377 834 μὲν
1416 763 1584 831 λέγει·
1626 767 1747 819 Οὐκ

154 857 359 913 οἴδατε
395 857 486 911 ὅτι
533 857 608 910 τὰ
649 855 896 926 σώματα
939 854 1107 925 ὑμῶν
1142 854 1291 920 ναὸς
1335 854 1441 908 τοῦ
1494 855 1565 908 ἐν
1606 854 1751 924 ὑμῖν

155 953 332 1021 ἁγίου
372 950 723 1019 Πνεύματός
754 950 926 1002 ἐστιν
949 964 968 1012 ;
999 950 1027 1001 6
1054 947 1112 1001 δὲ
1146 946 1278 1009 Θεὸς
1303 946 1392 1000 διὰ
1419 946 1512 1000 τοῦ
1538 950 1750 1019 προφήε-
1775 957 1811 1001 θ’

157 1060 249 1096 του
277 1041 690 1112 ἐπαγγέλληται
717 1057 731 1071 ’
764 1039 1092 1109 Ἐνοικήσω
1110 1039 1421 1105 ὲναὺτοῖς,
1452 1038 1551 1092 καὶ
1571 1038 1748 1108 ἐμπε-

155 1133 497 1204 prerat-rimo,
532 1132 631 1186 καί
658 1131 873 1201 ἔσομαι
894 1128 1097 1185 αὐτῶν
1127 1130 1289 1196 Θεός·
1317 1130 1412 1183 καὶ
1441 1128 1618 1183 πείθει
1649 1130 1749 1202 τὴν

158 1226 426 1288 διάνοιαν,
462 1223 559 1277 καὶ
585 1226 697 1287 τοῖς
724 1222 939 1293 σώμασι
973 1222 1241 1292 μαρτυρεῖ
1261 1236 1275 1252 ο
1325 1221 1420 1273 καὶ
1447 1221 1508 1275 τὸ
1540 1220 1637 1290 μὲν
1661 1221 1753 1273 οὑ-

161 1315 358 1379 σιῶδες
388 1314 604 1381 ἐξωθεῖ,
629 1316 695 1385 τῇ
726 1313 784 1366 δὲ
809 1312 1007 1384 μελέτῃ
1046 1310 1109 1364 τὸ
1138 1312 1369 1382 πρᾶγμα
1408 1311 1749 1365 ἀποδίδωσιν·

1921 769 2059 826 Ecce
2094 773 2239 826 enim
2274 770 2474 826 Paulus
2531 771 2731 826 alicubi
2778 774 2895 826 ait:
2936 776 3014 828 An
3046 775 3259 830 nescitis
3287 774 3428 839 quod

1849 875 2067 928 corpora
2092 873 2261 914 vestra
2288 861 2537 932 templum
2559 863 2661 916 sint
2686 863 2916 933 Spiritus
2941 865 3109 918 sancti
3140 863 3426 918 habitantis

1850 951 1905 1005 in
1953 951 2161 1005 robis'?
2205 953 2347 1008 Deus
2392 960 2573 1008 autem
2621 968 2720 1022 per
2762 955 3077 1024 prophetam
3124 956 3420 1026 promittit,

1852 1042 2105 1111 inquiens
2134 1061 2148 1097 :
2179 1042 2439 1097 Habitabo
2462 1045 2517 1100 iri
2539 1045 2704 1109 ,σίδαι
2731 1044 3089 1113 inntnbulabo,
3109 1056 3157 1101 et
3178 1063 3265 1102 ero
3295 1047 3430 1116 ipso-

1850 1121 1967 1187 ?um
1997 1134 2133 1191 Deus
2157 1135 2198 1189 ⁸.
2233 1134 2355 1191 ilice
2384 1134 2668 1206 Scriptura
2698 1146 2752 1192 et
2784 1138 2947 1192 menti
2978 1137 3191 1204 suadet,
3221 1147 3277 1193 et
3303 1153 3429 1194 cor-

1852 1227 2071 1295 poribus
2103 1237 2412 1293 attestatur,
2454 1238 2509 1283 et
2535 1227 2888 1283 substantiale
2932 1227 3132 1283 malum
3174 1227 3425 1297 expellit;

1852 1320 2090 1374 studium
2113 1335 2241 1375 vero
2263 1320 2493 1376 actionis
2520 1334 2631 1375 rem
2654 1320 2848 1375 ellicit:
2877 1336 2998 1376 cum
3022 1322 3163 1376 enim
3186 1320 3429 1376 idoneam

159 1407 288 1460 ὅταν
314 1404 429 1477 γάρ
464 1406 499 1476 ἠ
530 1403 729 1475 μελέτη
762 1402 823 1455 τὸ
852 1402 1159 1474 ἐπιτήδειον
1194 1400 1294 1471 τῆς
1323 1400 1595 1464 πολιτείας
1620 1401 1755 1453 ἀπο·
1780 1414 1809 1447 l‘

1867 1409 2018 1465 vitam
2033 1419 2278 1483 etaptam
2305 1412 2497 1476 reddit,
2524 1421 2653 1468 tunc
2675 1414 2797 1469 talis
2818 1410 3014 1469 fabrica
3038 1415 3089 1469 in
3111 1413 3432 1485 corporibus

159 1497 257 1569 δῷ,
290 1497 417 1551 τότε
444 1498 480 1567 ἡ
502 1494 723 1577 τοιαύτη
744 1493 1055 1564 κατασκευὴ
1086 1494 1145 1546 ὲν
1175 1495 1289 1557 τοῖς
1323 1491 1571 1563 σώμασιν
1620 1492 1756 1545 ἀπο-

1857 1501 2116 1567 redditur,
2142 1511 2201 1555 ut
2217 1502 2421 1572 possint
2437 1517 2663 1574 corpora
2683 1504 2905 1574 Spiritui
2922 1513 3111 1560 sancto
3136 1504 3428 1565 deservire.

160 1589 412 1653 δέδοται,
454 1588 531 1652 ὡς
574 1587 832 1642 δύνασθαι
866 1587 960 1649 καὶ
997 1585 1069 1639 τὰ
1107 1584 1335 1657 σώματα
1362 1585 1653 1656 ὑπηρετεῖν
1685 1581 1763 1653 τῷ
1794 1611 1809 1663 ι

1867 1590 2136 1647 deservire
2156 1591 2287 1647 item
2322 1593 2538 1648 rationi.
2561 1592 2838 1660 Quomodo
2857 1594 3018 1664 igitur
3047 1602 3222 1665 potest
3248 1592 3432 1664 lingua

165 1683 475 1755 Πνεὺματι·,
502 1682 794 1753 ὑπηρετεῖν
817 1679 872 1732 δὲ
906 1678 999 1733 καὶ
1029 1676 1106 1749 τῷ
1134 1677 1296 1747 λόγῳ.
1333 1676 1456 1741 Πῶς
1477 1671 1570 1729 οὖν
1596 1673 1758 1729 δύνα-

1862 1683 2115 1753 cogitatis
2146 1681 2453 1739 inservire?
2475 1681 2533 1738 Si
2569 1684 2715 1738 enim
2762 1683 2941 1752 lingua
2976 1682 3116 1738 mala
3142 1693 3247 1749 est,
3284 1696 3437 1737 mens

162 1794 255 1830 ται
286 1777 323 1846 ἡ
350 1773 577 1843 γλῶσσα
612 1773 906 1845 ὑπηρετεῖν
930 1772 1037 1834 τοῖς
1074 1767 1440 1839 νενοημένοιςς
1472 1768 1536 1819 Ei
1556 1765 1665 1838 γὰρ
1690 1767 1757 1836 τῇ

1867 1782 2041 1828 autem
2069 1775 2232 1841 bona,
2274 1776 2541 1846 quomodo
2574 1785 2751 1845 potest
2778 1776 3092 1833 societatem
3121 1789 3245 1831 cum
3289 1776 3437 1844 cogi-

164 1869 325 1940 οὐσία
348 1867 426 1939 (4)
458 1869 494 1937 ἡ
530 1865 753 1936 γλῶσσα
780 1863 946 1935 κακὴ,
978 1861 1178 1931 ἀγαθὸς
1200 1861 1257 1914 δὲ
1281 1862 1310 1914 6
1346 1858 1491 1923 νοῦς,
1523 1858 1640 1923 πῶς
1669 1856 1761 1911 δύ·
1788 1870 1797 1897 ι

1867 1866 1993 1921 tatis
2047 1866 2284 1932 habere,
2340 1868 2587 1922 notiones
2648 1867 2701 1922 in
2756 1867 2932 1923 lucem
2999 1867 3440 1938 interpretatione

167 1978 327 2015 ναται
362 1960 645 2014 κοινωνεῖν
672 1959 783 2021 τοῖς
813 1954 1185 2027 ἀκροωμένοις
1216 1954 1298 2017 είς
1329 1952 1446 2022 φῶς
1466 1952 1534 2006 τὰ
1567 1951 1761 2022 νοήμα·

1867 1957 2196 2028 proferens?
2252 1958 2407 2015 Sicut
2451 1958 2596 2015 enim
2648 1975 2716 2013 ex
2763 1958 2995 2015 libidine
3042 1976 3149 2016 non
3205 1955 3439 2030 gignitur

166 2072 235 2109 τα
256 2053 350 2108 διὰ
371 2052 473 2123 τῆς
498 2050 796 2123 ἑρμηνείας
821 2048 1227 2118 προεξάγουσα;
1268 2045 1356 2109 Ὡς
1381 2044 1491 2116 γὰρ
1532 2045 1597 2098 ὲκ
1626 2060 1761 2115 πορ-

1868 2052 2249 2122 temperantia,
2284 2052 2366 2109 sic
2392 2052 2509 2108 fieri
2544 2069 2649 2108 non
2674 2060 2851 2122 potest
2884 2060 2944 2108 ut
2968 2067 3035 2109 ex
3068 2053 3212 2108 malo
3238 2067 3440 2109 secun—

168 2146 320 2210 νείας
349 2146 416 2199 οὑ
441 2145 697 2213 γεννᾶται
729 2139 1075 2212 σωφροσύνη,
1098 2138 1270 2203 οὑτως
1288 2138 1387 2208 οὑχ
1406 2131 1518 2190 οἷόν
1538 2136 1598 2190 τέ
1617 2137 1764 2190 ἐστιν

1867 2143 1991 2197 dum
2038 2142 2398 2197 substantiam
2451 2142 2655 2212 aliquid
2708 2144 2993 2199 honestum
3042 2143 3433 2212 proﬁciscatur.

167 2240 282 2294 ἀπὸ
311 2238 410 2292 τοῦ
438 2235 729 2300 οὑσιώδους
753 2232 923 2288 κακοῦ
953 2232 1174 2303 γνήσιόν
1206 2250 1259 2286 τι
1291 2229 1596 2304 προελθεῖν*
1637 2230 1765 2283 ὅταν

1867 2231 1999 2289 Cum
2037 2233 2203 2305 igitur
2249 2234 2461 2306 singula
2498 2233 2740 2290 membra
2791 2233 3250 2301 consideraveris,
3283 2232 3442 2288 audi-

170 2329 265 2387 οὖν
296 2332 530 2384 ἕκαστον
562 2328 671 2382 τῶν
709 2326 884 2399 μελῶν
922 2324 1259 2398 ἐπισκέπτῃ,
1294 2324 1394 2394 τὴν
1433 2322 1622 2395 ἀκοὴν,
1665 2322 1765 2387 τὰς
1786 2338 1809 2370 ι

1871 2332 2004 2390 tum,
2035 2334 2333 2395 aspectum,
2364 2326 2600 2396 linguam
2628 2367 2645 2393 ,
2681 2326 2784 2381 alia
2835 2324 3101 2393 membra,
3137 2335 3197 2383 et
3241 2326 3443 2384 videris

171 2423 349 2492 ὖψεις,
379 2422 481 2494 τὴν
512 2419 783 2489 γλῶτταν,
838 2418 906 2473 τὰ
946 2416 1083 2472 ἄλλα
1138 2416 1297 2487 μέλη,
1332 2415 1426 2469 καὶ
1468 2414 1582 2487 ίδῃς
1624 2413 1766 2469 αὑτά

1870 2414 2008 2470 facta
2033 2430 2154 2472 esse
2177 2417 2533 2474 instrumenta
2562 2428 2972 2489 praeceptorum,
2996 2434 3116 2490 qua:
3135 2418 3441 2485 didicimus,

170 2515 388 2586 ὄργανα
418 2512 525 2567 τῶν
558 2511 898 2583 μαθημάτων
923 2507 1378 2579 γιγνόμενα,τότε
1405 2507 1466 2560 τὸ
1496 2507 1592 2576 μὲν
1611 2508 1768 2578 σῶμα

1873 2518 1998 2565 tunc
2031 2524 2227 2579 corpus
2268 2512 2484 2581 quidem
2523 2511 2796 2577 laudabis,
2849 2520 2905 2567 et
2938 2526 3045 2566 non
3089 2511 3442 2582 vituperabis,

173 2606 437 2678 ἀποδέξῃ.
463 2605 561 2659 καὶ
590 2604 653 2658 οὑ
684 2602 893 2675 μέμψῃ,
924 2600 1019 2654 καὶ
1053 2599 1173 2668 ὄψει
1203 2597 1342 2662 αὑτὰ
1365 2601 1641 2670 ποιήματα
1669 2615 1768 2652 κα-

1871 2602 2189 2674 videbisque
2238 2604 2377 2660 facta
2424 2605 2540 2675 ipsa
2580 2619 2702 2661 esse
2749 2619 2880 2675 pura
2927 2619 2995 2659 ac
3026 2603 3256 2671 munda;
3286 2617 3445 2660 exse-

174 2699 321 2761 θαρὰ
338 2715 353 2729 ι
378 2696 605 2769 βδελύξῃ
637 2695 696 2749 δὲ
716 2695 807 2749 τὸν
826 2692 1116 2749 ἀπατεῶνα
1138 2691 1240 2762 τῆς
1267 2686 1524 2762 ἀληθείας
1550 2690 1764 2762 ἐχθρόν.

1870 2692 2115 2749 craberis
2151 2700 2331 2749 autem
2360 2693 2762 2750 fraudulentum
2791 2692 3035 2750 veritatis
3070 2693 3377 2752 inimicum.

882 2805 1011 2861 Car.
1039 2802 1146 2861 Vll.
1189 2801 1526 2857 Hanichaica
1557 2804 1811 2857 sententia
1839 2805 1902 2859 de
1921 2821 2165 2876 corpore,
2190 2808 2467 2877 nugatoria
2488 2819 2537 2862 et
2566 2811 2740 2878 fatua.

247 2922 315 2977 El
345 2920 406 2976 δὲ
446 2918 563 2987 ἔνια
601 2918 702 2990 μὲν
721 2917 829 2971 τῶν
858 2916 1127 2987 σωμάτων
1160 2916 1246 2970 ἀεὶ
1271 2914 1586 2987 ἐσωφρόνει,
1611 2914 1764 2969 οὑδέ-
1794 2923 1809 2954 ῖ

1867 2902 1872 2912 ’
1945 2918 2102 2987 Quod
2159 2919 2207 2977 si
2264 2936 2386 2992 qua:
2446 2930 2628 2993 partes
2691 2922 2938 2993 corporis
2989 2936 3205 2993 semper
3266 2927 3451 2977 essent

181 3029 310 3067 ποτε
347 3006 810 3083 ἐρρᾳθυμηκότα,
852 3006 970 3061 ἔνια
1015 3006 1071 3060 δὲ
1109 3006 1197 3059 ἀεὶ
1242 3005 1567 3078 ἐρρᾳθύμει,
1612 3006 1767 3060 οὐδὲν

1876 3018 2265 3082 temperantes,
2313 3029 2586 3084 nunquam
2618 3013 2673 3068 in
2719 3013 2969 3086 pigritia;
3005 3014 3125 3070 alia:
3156 3028 3284 3069 vero
3306 3025 3451 3069 sem-

183 3105 371 3178 μόριον
421 3099 774 3173 σωφροσύνης
816 3100 1213 3170 ἀσπασάμενοι·
1246 3095 1313 3170 ἦν
1356 3099 1553 3165 εἰπεῖν,
1592 3098 1674 3151 ὅτι
1708 3098 1766 3152 ὲν
1796 3159 1809 3178 Δ

1874 3114 1969 3170 per
1997 3101 2295 3173 pigrantes,
2329 3103 2534 3158 nullam
2581 3111 2789 3174 partem
2834 3105 3204 3174 temperantiae
3241 3101 3450 3174 ample-

179 3157 293 3261 :toi‘;
343 3157 563 3265 σώμασί
606 3157 894 3263 γεγένηται
950 3157 1233 3263 μερὶσμδς,
1269 3157 1377 3243 ’καὶ
1407 3157 1649 3262 ἐνιανμὲν
1674 3189 1765 3243 οὔ·
1794 3159 1809 3214 ⁴

1871 3201 2112 3249 cientes:
2146 3195 2251 3248 dici
2288 3200 2491 3264 posset,
2523 3195 2846 3250 divisionem
2870 3208 2992 3252 esse
3023 3195 3076 3251 in
3105 3194 3446 3266 corporibus,

181 3305 269 3341 πω
314 3285 417 3358 (5),
447 3284 566 3339 ἔνια
608 3285 666 3337 δὲ
704 3284 848 3338 οὑτω
895 3284 1127 3353 πέφυκε⁸
1178 3283 1272 3337 καὶ
1313 3281 1531 3353 ἠσθένει
1575 3281 1674 3353 μὲν
1706 3283 1765 3336 ὲν

1868 3292 1923 3339 et
1952 3295 2137 3353 partes
2165 3287 2429 3354 quasdam
2460 3286 2540 3342 sic
2567 3295 2760 3341 natura
2792 3285 2968 3342 factas
3006 3301 3147 3353 esse,
3188 3286 3448 3357 quasdam

178 3378 357 3451 τούτῳ
403 3380 431 3432 6
470 3378 628 3446 λόγος
661 3375 839 3431 αὑτῶν
860 3392 875 3406 ο
908 3374 1094 3429 οὐκέτι
1118 3374 1229 3448 γὰρ
1271 3373 1394 3429 καθ’
1426 3374 1562 3428 ὅλων
1590 3373 1770 3444 σωμά-
1802 3396 1809 3427 -:

1871 3388 2000 3430 vero
2030 3374 2210 3446 aliter,
2257 3386 2508 3447 essetque
2558 3377 2609 3431 iu
2642 3376 2747 3433 hoc
2788 3377 2932 3433 ratio
2969 3391 3157 3433 eorum
3193 3378 3402 3432 inﬁrma
3433 3396 3449 3433 :

179 3489 288 3525 των
313 3471 566 3540 ἐγίγνετο
593 3470 776 3532 αὐτοῖς
807 3470 836 3522 6
857 3466 1014 3537 λόγος
1037 3506 1051 3530 ,
1087 3468 1201 3537 εἴγε
1242 3466 1468 3540 τοιαύτῃ
1510 3465 1769 3520 ὑποθέσει

1872 3481 1976 3519 nun
2010 3465 2153 3521 enim
2194 3465 2307 3543 jam
2333 3467 2402 3522 de
2441 3469 2567 3523 totis
2598 3469 2917 3539 corporibus
2943 3483 3129 3525 eorum
3158 3467 3453 3540 disputatio

181 3562 447 3636 ἐχρῶντο.
478 3561 618 3614 Ἀλλ’
642 3559 851 3628 ιἐγίνετο
874 3559 1033 3612 πάλιν
1072 3557 1294 3622 εὔκολος
1333 3560 1362 3612 6
1410 3558 1662 3628 ἔλεγχος,
1687 3557 1770 3610 ὅτι

182 3656 311 3720 Πῶς
337 3649 454 3708 οἷόν
482 3671 540 3706 τε
560 3649 627 3725 ἦν
652 3651 760 3705 τῶν
785 3653 1052 3722 σωμάτων
1079 3651 1179 3722 τὴν
1205 3650 1373 3721 αὑτὴν
1410 3649 1642 3720 ἑχόντων
1676 3648 1770 3702 οὑ-

183 3748 326 3810 σίαν,
357 3744 455 3799 δύο
488 3743 678 3814 φύσεις
702 3742 951 3805 ἐναντίας
981 3740 1088 3795 ἀπὸ
1120 3740 1220 3812 τῆς
1248 3739 1418 3811 αὑτῆς
1440 3738 1625 3803 οὑσίας
1643 3739 1770 3792 ὑπο-

184 3840 402 3911 στῆναι,
436 3837 532 3891 καὶ
552 3836 651 3907 τὴν
678 3832 844 3905 αὐτὴν
863 3833 1050 3886 οὐσίαν
1078 3831 1413 3903 διαιρεθῆναι
1456 3833 1535 3896 είς
1585 3831 1775 3899 φύσεις

184 3931 299 3994 δύο,
332 3929 423 3982 ἵνα
450 3927 510 3981 τὸ
549 3926 646 3997 μὲν
680 3925 738 3979 ἓν
779 3925 944 3997 μέρος
976 3924 1063 3978 ἀεὶ
1086 3924 1273 3984 κακὸν.
1312 3923 1372 3977 τὸ
1393 3923 1450 3976 δὲ
1477 3921 1663 3995 ἕτερον
1688 3922 1775 3976 ἀεὶ

188 4021 380 4086 καλὸν,
426 4019 523 4072 καὶ
560 4018 646 4071 ἵνα
678 4015 888 4071 ἑαυτῶν
926 4016 1251 4070 ἀνεπίδεκτα
1344 4015 1556 4078 ἑαυτοῖς
1606 4013 1777 4085 μαχό-

1873 3552 2041 3617 esset.
2079 3557 2122 3611 si
2157 3556 2248 3612 tali
2283 3558 2566 3628 Itypothesi
2597 3568 2895 3614 uterentur.
2928 3556 3036 3615 Sed
3075 3557 3234 3614 facile
3261 3573 3452 3615 rursus

1877 3651 1957 3705 sic
2001 3649 2402 3721 redarguuntur
2436 3671 2451 3705 :
2505 3650 2785 3719 Quomodo
2819 3651 2962 3707 enim
3001 3660 3227 3731 possunt
3261 3664 3455 3723 corpo-

1877 3757 1994 3796 rum
2029 3740 2271 3811 ejusdem
2315 3743 2655 3809 substantiae,
2693 3743 2811 3799 dum
2838 3743 3128 3800 contrariae
3155 3753 3360 3800 natura:
3384 3744 3455 3800 ab

1840 3835 2062 3889 “eadem
2109 3835 2410 3892 substantia
2453 3837 2771 3902 subsistere,
2809 3837 3109 3907 eademque
3156 3835 3456 3892 substantia

1878 3925 1931 3981 in
1987 3928 2212 3983 naturas
2249 3929 2382 3984 duas
2430 3928 2631 3994 dividi,
2681 3936 2740 3984 ut
2784 3928 2903 3985 haec
2953 3943 3076 3999 pars
3126 3926 3198 3984 sit
3243 3941 3457 3999 semper

1880 4016 2039 4082 mala,
2077 4017 2247 4073 altera
2276 4034 2404 4076 vero
2436 4033 2653 4091 semper
2696 4020 2869 4085 bona;
2911 4030 2964 4077 et
3011 4028 3071 4075 ut
3103 4033 3163 4076 se
3211 4017 3456 4088 recipere

190 4129 331 4184 μενα
353 4152 371 4176 ,
412 4108 585 4163 ἑαυτά
628 4107 975 4180 ἀναιροῦντα,
1019 4110 1076 4160 ὲν
1102 4110 1223 4170 ταῖς
1248 4106 1575 4177 γυμνασίαις
1610 4105 1780 4159 ἑαυτὰ

1881 4121 1985 4161 non
2012 4108 2247 4177 possint.
2278 4124 2463 4165 secum
2494 4118 2752 4182 pugnent,
2786 4123 2817 4165 a
2857 4125 2917 4166 se
2942 4110 3232 4175 intereant,
3270 4108 3327 4164 in
3355 4122 3456 4163 usu

187 4202 665 4274 ἑνδιαῴθείροντα,
709 4200 812 4270 τῆς
862 4200 1030 4271 αὑτῆς
1069 4197 1259 4265 οὐσίας
1308 4198 1563 4252 οὐδέποτε
1611 4200 1778 4271 ἑαυτῇ

1882 4209 2048 4266 atque
2097 4200 2491 4257 exercitatione
2543 4216 2604 4258 se
2669 4201 3015 4266 interimant,
3077 4216 3199 4255 cum
3254 4196 3459 4269 alioqui

190 4292 515 4368 μαχομένης
547 4292 642 4344 καὶ
688 4290 887 4362 ἑαυτὴν
918 4288 1277 4360 ἀναιρούσης;
1313 4288 1424 4342 Καὶ
1461 4287 1571 4341 τῶν
1606 4288 1809 4342 τοιού-ι

1881 4287 2183 4342 substantia
2236 4304 2510 4358 nunquam
2556 4304 2741 4346 secum
2796 4299 3017 4361 pugnet,
3062 4302 3226 4357 seque
3269 4285 3460 4344 tollat?

186 4403 300 4440 των
332 4384 616 4454 ζητήσεων
643 4380 962 4453 γινομένων,
984 4379 1145 4444 ὑθλος
1165 4378 1260 4433 καὶ
1284 4381 1467 4451 μωρία
1488 4379 1650 4434 πάλιν
1676 4396 1780 4449 φα-

188 4466 420 4547 νήσεται
448 4471 628 4526 αὑτῶν
660 4473 693 4543 ἡ
725 4471 1003 4543 πρότασις.

1882 4375 1940 4431 Si
1968 4377 2094 4432 talia
2133 4377 2493 4448 inquirantur,
2540 4395 2725 4436 rursus
2754 4381 2996 4451 ipsorum
3032 4378 3260 4450 quastio
3289 4391 3461 4449 nuga-

1820 4464 1821 4467 “
1886 4467 2023 4534 toria
2055 4477 2109 4522 et
2136 4468 2285 4524 fatua
2331 4471 2629 4540 apparebit.

1102 4561 1231 4641 Ctr.
1264 4560 1395 4618 Vill.
1428 4559 1577 4615 Idem
1606 4570 1967 4629 argumenth
1997 4561 2322 4631 persequitur
2346 4559 2552 4616 auctor.

261 4660 327 4713 Εί
352 4657 412 4711 δὲ
443 4655 516 4710 τά
537 4657 635 4726 μὲν
661 4654 889 4727 σώματα
910 4653 1009 4724 οὑχ
1029 4652 1199 4718 οὕτως
1241 4652 1409 4717 ἐστὶν,
1433 4650 1554 4706 οὑδὲ
1584 4649 1653 4705 τά
1687 4650 1786 4721 μὲν

1961 4649 2056 4705 Sin
2098 4664 2228 4706 vero
2264 4665 2374 4706 non
2403 4652 2482 4707 sic
2516 4659 2643 4708 sunt
2680 4665 2932 4724 corpora,
2966 4664 3067 4708 nec
3098 4650 3203 4705 alia
3240 4648 3459 4721 quidem

189 4753 280 4807 ἀεί
310 4753 430 4804 ἐστι
462 4747 735 4820 σώφρονα,
771 4745 842 4800 τὰ
870 4745 928 4800 δὲ
962 4747 1049 4800 ἀεὶ
1080 4745 1299 4818 ῥᾴθυμα
1322 4760 1339 4778 ο
1374 4742 1511 4797 ἀλλά
1535 4741 1654 4807 δέος
1680 4741 1779 4814 μὲν

1886 4756 2100 4811 semper
2140 4751 2266 4798 sunt
2296 4743 2349 4798 in
2373 4743 2576 4799 virtute
2618 4743 3007 4815 temperantiae,
3038 4742 3143 4797 alia
3166 4755 3295 4797 vero
3319 4754 3464 4797 sem-

192 4843 312 4897 έστι
335 4839 594 4912 περὶτῶν
618 4838 932 4910 σωφρόνων,
963 4838 1172 4909 μήποτε
1202 4835 1629 4910 ρᾳθυμήσωσι...
1659 4834 1809 4906 ἠρέδ

1867 4828 1984 4904 ’ρριι
2017 4833 2068 4888 in
2106 4833 2359 4906 pigritia;
2410 4836 2506 4892 sed
2556 4846 2732 4892 metus
2782 4844 2868 4891 est
2905 4835 2972 4891 de
3008 4832 3457 4903 temperantibus,

193 4936 283 5008 θη,
321 4934 421 4989 καὶ
453 4932 615 4988 πάθει
650 4929 945 5001 ἐπιθυμίας
982 4928 1354 5000 συμπέποται.
1379 4927 1569 4992 Ἐλπὶς
1601 4926 1659 4981 δὲ
1684 4926 1780 4980 καὶ

1891 4943 1957 4983 ne
1986 4931 2205 4999 quando
2244 4937 2462 5000 propter
2493 4928 2870 4999 negligentiam
2903 4934 3207 4997 temperare
3244 4922 3461 4995 pigren-

194 5028 327 5099 περὶ
348 5025 461 5079 τῶν
479 5023 692 5092 λάγνὼν
731 5024 824 5077 καὶ
849 5022 1163 5077 ἀκολάστων
1186 5020 1476 5094 σωμάτων,
1518 5021 1639 5074 ἐπεὶ
1659 5020 1783 5073 πολ-

1892 5032 2019 5077 tur:
2053 5023 2219 5077 multa
2248 5024 2393 5080 enim
2433 5021 2544 5096 jam
2586 5035 2819 5093 corpora
2856 5020 2927 5077 ob
2967 5019 3224 5074 virtutem
3257 5027 3464 5087 tempe.

193 5119 265 5175 λά
307 5118 420 5172 τῶν
460 5117 561 5188 ἢδη
600 5114 1030 5188 ρᾳθυμησάντων
1079 5116 1369 5186 σωμάτων,
1420 5113 1675 5167 τοσοῦτον
1706 5112 1784 5177 είς

1890 5112 2079 5168 τσηιίεε
2112 5112 2280 5178 clara,
2311 5122 2468 5183 capta
2508 5123 2656 5177 sunt,
2704 5120 2760 5165 et
2798 5126 2863 5167 ea
2889 5118 3054 5165 testus
3087 5107 3328 5164 libidinis
3360 5109 3460 5162 ab-

198 5209 561 5283 σωφροσύνην
578 5207 923 5272 ἐπιδέδωκεν,
948 5207 1024 5269 ὠς
1052 5205 1186 5277 μηδὲ
1207 5208 1408 5278 σημεῖα
1426 5204 1528 5275 τῆς
1548 5203 1784 5269 παλαιᾶς

1886 5194 2114 5260 sorbuit.
2149 5204 2256 5260 Sed
2286 5220 2472 5261 rursus
2500 5218 2624 5275 spes
2654 5212 2737 5260 est
2767 5203 2835 5258 de
2865 5200 3152 5273 impudicis
3192 5210 3247 5256 et
3276 5200 3461 5255 libidi-

196 5300 499 5364 ἀκολασίας
521 5299 683 5369 ἔχειν,
716 5298 792 5362 ὡς
816 5296 903 5351 διὰ
937 5296 1215 5369 βελτίωσιν
1237 5296 1330 5350 καὶ
1351 5295 1588 5349 ἐπίδοσιν
1604 5294 1786 5349 πλείο-

1889 5297 2034 5351 nosis
2076 5297 2395 5367 corporibus
2439 5313 2453 5351 :
2498 5294 2766 5366 siquidem
2829 5293 2997 5348 multa
3058 5290 3170 5361 jam
3225 5307 3347 5363 quae
3405 5292 3460 5346 in

199 5412 288 5462 να,
314 5395 499 5465 πάσης
530 5392 740 5464 ρντίδος
771 5389 867 5445 καὶ
901 5390 1090 5447 σπίλου
1118 5388 1212 5443 τοῦ
1247 5387 1477 5443 παλαιοῦ
1517 5380 1782 5440 ἀπολελὺ-

1887 5387 2103 5458 pigritia
2151 5399 2207 5443 et
2260 5390 2468 5460 ignavia
2525 5388 2762 5454 ruerunt,
2818 5392 3001 5466 tantos
3044 5398 3361 5457 progressus
3405 5383 3483 5440 in'

272 5516 295 5547 ‘
320 5514 482 5570 Joon.
533 5528 645 5579 xiv,
680 5510 769 5565 23.
845 5510 867 5542 '
898 5508 914 5565 I
945 5508 1073 5566 Cor.
1104 5525 1201 5577 ιιι,
1244 5508 1330 5564 16.
1405 5507 1427 5539 ⁸
1453 5505 1583 5564 Lev.
1619 5522 1778 5572 xxvr,

1867 5507 1917 5573 l;
1952 5507 1994 5563 II
2036 5506 2164 5564 Cor.
2186 5494 2283 5574 τι,
2334 5508 2420 5564 16.

270 5628 348 5698 (ι)
397 5624 479 5698 Τῇ
504 5623 707 5698 οὐσίᾳ.
745 5620 868 5677 llaec
894 5637 998 5676 non
1031 5621 1610 5698 etpressitinterpres.

394 5684 550 5769 Legit
595 5684 907 5777 interpres:
962 5694 1057 5746 καὶ
1093 5684 1210 5775 ἔνια
1250 5691 1350 5765 μὲν
1391 5684 1555 5758 οὑτω,
1603 5688 1721 5745 ῐνια
1758 5689 1809 5744 δὲ

1873 5686 2016 5743 οὑτω
2045 5684 2276 5757 πέφυκε.
2319 5684 2474 5740 Eutr.
2521 5684 2759 5740 ίτΑτῐιοι..

608 5776 885 5851 Pareae.
942 5787 1062 5851 (in.
1110 5774 1242 5851 XL.
3082 5769 3159 5835 29
