3858 6354
402 281 508 337 907
1497 272 1772 330 PATKES
1808 273 2108 331 IEGYPTII
2149 273 2424 334 SECULI
2459 277 2554 334 IV.
3566 283 3658 340 9'8

403 392 733 450 continentia
766 389 1032 455 fecerunt,
1064 397 1123 442 ut
1155 400 1331 458 neque
1361 385 1513 456 signa
1556 387 1754 442 veteris
1797 387 1926 443 illCOl

2138 389 2206 440 lat
2228 407 2240 418 ·
2268 389 2393 444 ὅταν
2425 388 2519 444 οὖν
2560 390 2692 463 λέγῃ
2726 391 2787 444 τὺ
2821 392 3169 464 Εὑαγγέλιον,
3205 393 3287 446 ὅτι
3323 395 3387 447 Ol
3420 393 3661 450 τελῶναι

404 485 644 541 tiuentiz
678 483 970 544 retineant,
1008 488 1064 535 et
1087 480 1155 533 ab
1195 476 1341 532 omni
1384 492 1514 546 ruga
1557 489 1610 532 et
1647 478 1858 533 macula
1891 494 1927 530 Vl

2143 480 2186 532 τί
2228 481 2288 533 at
2338 481 2552 548 πόρναι
2601 481 2977 551 προάγουσιν
3030 482 3188 553 ὑμῆς
3219 487 3306 550 εὶς
3339 484 3457 553 τὴν
3494 485 3666 549 βασι-

405 587 521 632 tere
550 585 769 648 propter
797 571 1027 628 reditum
1076 568 1143 623 ad
1197 569 1476 623 meliorem
1532 568 1696 622 vitam
1750 569 1928 622 libera:

2146 573 2261 624 θίαν
2276 570 2395 626 τῶν
2408 573 2700 640 οὐρανῶν·
2721 575 2848 627 ὅταν
2869 574 3000 646 λέγῃ
3019 576 3250 640 Παῦλος
3270 578 3478 631 Πίστει
3505 579 3669 633 Ῥαὰὸ

404 670 534 723 sint.
565 667 697 722 Cum
749 664 913 736 igitur
951 661 1027 716 ait
1065 659 1448 729 Evangelium,
1491 661 1658 729 quod,
1698 658 1927 712 Publica.

2157 665 2349 732 πόρνη
2374 667 2446 719 οὐ
2479 665 2875 720 συναπώλετο
2903 667 3029 734 τοῖς
3069 669 3440 736 ἀπειθήσασι
3461 685 3476 698 ·
3515 671 3665 733 ποίας

404 768 454 814 ιι
494 759 792 813 meretrices
833 753 1245 824 prwceduntuos
1281 752 1338 805 in
1382 766 1598 821 regnum
1626 750 1876 805 caelorum
1919 751 1927 781 π

2151 756 2272 820 σίας
2308 752 2378 828 ἦν
2418 757 2490 810 τὰ
2534 756 2842 829 σώματα,ἢ
2874 758 3119 830 φύσεωςς
3161 761 3225 813 El
3275 761 3377 833 μὲν
3417 762 3529 830 γὰρ
3575 761 3666 828 τῆς

403 861 458 906 et
486 865 610 905 eum
656 848 905 903 Paulus:
961 843 1093 899 Fide
1137 843 1320 898 Raltab
1371 842 1620 896 meretrix
1668 857 1772 895 non
1821 841 1926 909 peri

2142 846 2314 918 γαθῆς,
2341 847 2459 911 πῶς
2485 849 2815 920 ὲρῤᾳθύμει;
2847 851 2909 904 Εἰ
2933 852 2990 904 δὲ
3018 851 3119 921 τῆς
3139 852 3370 923 φαύλης,
3395 853 3665 916 πῶς-ἐσω-

407 958 525 997 cum
569 938 855 995 incredulis
908 939 966 1005 ⁸;
1027 937 1183 1007 cujus
1245 935 1565 990 substantiae
1625 933 1709 988 vel
1766 942 1930 987 natur

2143 937 2390 1008 sdvqcav;
2431 939 2494 992 El
2520 939 2577 991 δὲ
2605 941 2671 992 ὲκ
2724 940 2996 1012 ῥᾳθυμίας
3027 944 3118 996 ἐπὶ
3157 945 3514 1015 σωφροσύνην
3548 962 3666 1014 μετ-

401 1042 559 1090 erant
583 1031 850 1103 corpora?
877 1027 932 1085 Si
963 1030 1106 1084 enim
1133 1029 1307 1092 bonae,
1340 1024 1611 1097 quomodo
1654 1023 1876 1079 fuerunt
1905 1039 1924 1092 ι

2140 1046 2237 1100 ττη,
2273 1031 2366 1083 καὶ
2395 1030 2527 1084 ποτὲ
2566 1031 2662 1102 μὲν
2685 1027 2753 1103 ἦν
2789 1033 3024 1105 ῥᾴθυμα,
3056 1037 3185 1089 ποτὲ
3212 1035 3268 1088 δὲ
3295 1037 3663 1108 ἐσωφρόνησε,

406 1127 536 1200 gra?
569 1125 624 1180 Si
653 1123 826 1188 malm,
848 1120 1122 1192 quomodo
1155 1117 1491 1189 temperata?
1517 1116 1574 1171 Si
1600 1130 1727 1171 vero
1755 1130 1784 1170 a
1816 1115 1929 1185 pigr

2141 1120 2182 1172 ιὶ
2206 1120 2448 1191 ἠδυνήθη
2481 1120 2765 1193 ῥᾳθυμεῖν,
2808 1124 2904 1177 καὶ
2932 1123 3172 1195 ἠδυνήθη
3219 1113 3542 1196 σωφρονεῖν,
3579 1127 3664 1178 καὶ

403 1218 476 1272 tia
524 1218 590 1271 ad
640 1213 1049 1283 temperantiam
1092 1210 1350 1266 translata
1377 1217 1558 1273 sunt,
1604 1217 1658 1262 ct
1687 1206 1926 1276 aliquam

2138 1211 2456 1284 αρτυροῦσιν
2484 1214 2540 1264 αἱ
2573 1213 2897 1283 μεταϐολαί·
2927 1214 3144 1269 λέλυται
3173 1217 3206 1286 ὴ
3235 1216 3418 1283 φύσιςο
3443 1216 3598 1286 ὤφθη
3633 1219 3661 1286 ἡ

400 1309 615 1381 quidem
659 1305 872 1362 fuerunt
904 1305 1076 1374 pigra,
1113 1301 1437 1373 quandoque
1467 1314 1596 1353 vero
1640 1305 1923 1366 temperata

2138 1305 2433 1376 aoaipscrtg'
2466 1307 2561 1360 καὶ
2598 1307 2698 1360 οὐκ
2736 1306 2852 1359 ἐστι
2895 1307 2958 1360 τὸ
2999 1307 3158 1379 σῶμα
3190 1307 3448 1372 οὐσιῶδες
3478 1311 3661 1372 κακὸν,

402 1411 455 1458 et
485 1409 773 1472 potuerunt
822 1397 1046 1468 pigrari,
1092 1405 1146 1450 et
1199 1401 1492 1463 potuerunt
1550 1399 1873 1460 temperare,
1923 1389 1974 1444 id
2082 1396 2282 1468 μᾶλλον
2313 1397 2370 1452 δὲ
2407 1398 2711 1471 ὑπηρετοῦν
2736 1403 2801 1471 τῇ
2831 1400 3170 1472 προαιρέσει,
3200 1401 3294 1454 καὶ
3319 1400 3507 1454 δοῦλον
3533 1419 3663 1473 προ·

401 1494 542 1564 quod
599 1500 867 1548 testantur
933 1486 1300 1542 mutationes:
1349 1483 1523 1540 soluta
1582 1494 1668 1538 est
1734 1490 1924 1536 natura

2143 1487 2363 1558 ρέσεως,
2404 1491 2463 1543 οὐ
2495 1490 2709 1560 φύσεως
2742 1490 3020 1562 ὑπάρχον,
3057 1492 3153 1546 καὶ
3189 1490 3347 1544 τοῦτο
3385 1493 3661 1564 ἐσόμενον,

397 1593 612 1639 ostettsa
655 1592 739 1638 est
788 1579 1002 1642 electio,
1042 1587 1098 1633 et
1142 1592 1246 1631 non
1298 1573 1392 1631 est
1421 1587 1620 1643 corpus
1672 1575 1920 1628 substant

1474 1587 1620 1643 trpus
1672 1574 1973 1628 substantia
2075 1576 2268 1649 ὅπερή
2305 1579 2626 1651 προαίρεσις
2653 1579 2997 1633 ἀποδίδωσιν.

399 1678 635 1743 malum;
670 1673 799 1746 quin
838 1671 1019 1742 potius
1051 1667 1304 1725 electioni
1352 1667 1688 1731 deserviens,
1737 1673 1794 1721 et
1846 1664 2098 1721 miuister
2134 1665 2435 1736 electionis,
2493 1679 2547 1726 et
2593 1685 2698 1725 non
2747 1679 2976 1735 naturae,
3022 1669 3182 1741 idque
3221 1670 3482 1739 futurum,
3524 1668 3661 1742 quod

397 1775 592 1830 electio
619 1769 826 1828 dederit
856 1778 914 1824 ut
941 1768 1035 1822 sit.

1423 1855 1553 1911 Car.
1588 1853 1678 1908 IX.
1709 1853 1913 1922 Corpus
1946 1854 2182 1924 sequitur
2207 1860 2376 1906 motus
2403 1852 2616 1909 anima.

475 1957 608 2014 Cum
659 1957 802 2012 enim
851 1967 1038 2020 meus,
1079 1946 1382 2019 disciplinis
1425 1947 1695 2016 susceptis
1721 1985 1736 2011 ,
1782 1961 1969 2000 amore

2144 1945 2316 1998 Ὅταν
2354 1944 2459 2015 γὰρ
2509 1943 2702 2016 γνώμη
2754 1943 3052 2016 μαθήματα
3113 1945 3529 2018 παραλαϐοῦσα,
3583 1951 3658 2014 εἰς

396 2045 798 2116 disciplinarum
834 2043 1003 2098 teneri
1046 2041 1247 2109 ccepit,
1281 2048 1409 2093 tunc
1447 2051 1707 2107 corpus-a
1737 2037 1919 2091 motibl

2134 2053 2258 2090 ma
2297 2035 2404 2090 τῶν
2455 2035 2795 2107 μαθημάτων
2821 2037 2971 2110 ἔλθῃ,
3007 2038 3126 2092 τότε
3153 2040 3249 2093 καὶ
3284 2041 3343 2093 τὸ
3371 2041 3532 2111 σῶμα
3551 2041 3657 2096 τῶν

394 2139 484 2212 qui
533 2138 762 2194 illiciunt
794 2146 849 2189 et
876 2140 1205 2206 provocant,
1251 2131 1488 2186 solutum
1533 2138 1587 2185 et
1615 2128 1917 2197 expeditum

2134 2127 2430 2182 ιεθιστικῶν
2489 2126 2802 2198 κινημάτων
2870 2128 3269 2200 ἀπολελυμένον
3338 2131 3657 2187 εὐστάθειαν

336 2237 339 2240 ’
395 2228 843 2301 tranquillitatem
888 2225 1068 2296 magni
1097 2223 1260 2290 facit,
1293 2230 1347 2278 et
1380 2221 1511 2292 quin
1543 2219 1850 2275 actionibus

2133 2222 2241 2292 μᾷ,
2295 2221 2389 2273 καὶ
2432 2221 2497 2291 τῇ
2539 2220 2648 2286 τῶν
2683 2220 2932 2293 πράξεων
2976 2223 3248 2295 ὑπηρεσίᾳ
3281 2225 3341 2276 οὐ
3390 2225 3652 2295 μάχεται·

391 2322 638 2389 serviat,
672 2335 775 2376 non
813 2326 1093 2389 repugnat.
1127 2313 1263 2372 Cum
1298 2327 1428 2368 vero
1461 2311 1666 2366 desidia
1709 2321 1764 2366 et
1798 2309 1914 2364 moll

2132 2327 2200 2364 αν
2223 2309 2281 2363 δὲ
2303 2308 2671 2380 ὰμελετησίας
2701 2311 2796 2364 καὶ
2826 2311 3151 2382 χαυνότητος
3178 2313 3531 2386 ἐρεθιζούσης
3561 2317 3655 2388 τὴν

391 2416 494 2472 ties
524 2415 763 2470 animum
793 2411 972 2478 illicit,
1005 2417 1060 2464 et
1102 2416 1356 2476 tanquam
1395 2403 1680 2461 dissolutio
1703 2413 1759 2459 et
1801 2401 1914 2458 moll

2132 2399 2344 2463 άνοιαν,
2395 2394 2507 2452 οἷον
2555 2397 2772 2462 ἔκλυσις
2821 2399 2918 2451 καὶ⁵
2967 2399 3232 2470 χαυνότης
3281 2403 3510 2472 γένηται
3563 2405 3655 2475 τῆς

392 2509 464 2564 tia
497 2506 691 2562 mentis
718 2502 934 2559 exsistit
960 2520 976 2570 ;
1008 2509 1139 2556 tunc
1178 2497 1516 2569 perturbatio
1546 2495 1759 2564 corpori
1797 2507 1915 2548 ascr

2131 2489 2318 2561 νώμης,
2353 2489 2476 2543 τότε
2500 2489 2578 2560 τῷ
2609 2488 2820 2561 σώματι
2849 2489 2911 2542 τὸ
2944 2489 3114 2552 πάθος
3140 2493 3529 2564 ἐπιγράφεται,
3566 2497 3654 2550 καὶ

389 2585 572 2665 bitur,
604 2606 659 2653 et
699 2594 831 2651 nihil
879 2591 1027 2648 aliud
1061 2593 1210 2645 inter
1247 2600 1540 2656 utrumque
1589 2584 1912 2640 iutermediu

2131 2581 2322 2634 ιίνεται
2383 2579 2627 2652 μεθόδιον
2679 2581 2963 2652 ἐκατέρου,
3019 2582 3169 2636 οὐδὲν
3219 2583 3406 2654 ἕτερον
3434 2586 3497 2640 ὃν
3519 2603 3534 2618 ο
3564 2589 3654 2641 καὶ

391 2689 673 2756 cernitur;
728 2696 919 2757 estque
947 2700 1134 2740 verum
1181 2681 1325 2753 quod
1369 2681 1634 2749 scriptum
1675 2688 1795 2734 est:
1833 2674 1910 2730 Ec

2131 2672 2271 2746 ,ηθές
2300 2674 2416 2727 ἐστι
2445 2672 2504 2727 τὸ
2530 2673 2934 2744 γεγραμμένον·
2981 2673 3136 2728 Ἰδοὺ
3187 2677 3372 2744 ἔθηκα
3399 2677 3654 2733 ἐνώπιόν

387 2783 541 2856 posui
573 2797 750 2837 coram
787 2788 835 2833 te
863 2790 1081 2832 mortem
1116 2786 1162 2831 et
1193 2777 1397 2840 vitam;
1447 2773 1577 2842 elige
1616 2771 1757 2842 quod
1803 2769 1910 2824 vis‘

2126 2783 2188 2822 ου
2217 2765 2326 2820 τὸν
2355 2765 2614 2820 θάνατον
2642 2765 2742 2819 καὶ
2775 2766 2889 2834 τὴν
2914 2765 3084 2833 ζωήνο
3105 2765 3344 2832 ἐκλεξαι
3379 2768 3412 2821 ὃ
3437 2768 3649 2836 θέλεις·

389 2846 451 2931 ιιι
476 2873 620 2943 quod
641 2873 847 2941 justum
874 2880 993 2933 est,
1020 2871 1108 2935 qui
1136 2867 1360 2936 elegerit
1389 2866 1454 2920 ad
1485 2866 1740 2919 utendum
1764 2903 1779 2928 ,
1810 2864 1876 2917 de
1904 2881 1912 2913 ι

2128 2875 2160 2912 α
2194 2858 2293 2931 τὴν
2333 2857 2543 2930 αἵρεσιν
2591 2856 2770 2912 λαϐὼν
2805 2860 2833 2912 ὁ
2884 2859 3138 2930 πράττων
3162 2859 3397 2923 δικαίαν,
3423 2863 3523 2916 καὶ
3559 2863 3651 2934 τὴν

390 2965 531 3020 ratio
564 2964 616 3018 iu
651 2963 855 3034 judicio
877 2963 945 3016 ab
968 2976 1033 3016 eo
1078 2968 1390 3028 reposcatur
1412 2973 1427 3023 ;
1448 2967 1502 3014 et
1524 2973 1627 3012 non
1653 2967 1872 3011 coactus
1901 2969 1913 3008 ι

2126 2949 2251 3003 >ίσιν
2277 2949 2599 3021 ἀπαιτῆται,
2634 2954 2729 3005 καὶ
2761 2950 2836 3022 μὴ
2863 2951 3002 3023 πρός
3031 2968 3087 3006 τι
3116 2950 3493 3022 βεϐιασμένος,
3519 2956 3649 3008 ἀπο-

390 3055 616 3125 aliquid,
635 3062 860 3108 excuset
878 3051 981 3106 vim
1009 3060 1060 3106 et
1087 3050 1462 3106 necessitatem
1491 3049 1542 3104 in
1571 3062 1636 3104 eo
1652 3046 1793 3117 quod
1820 3047 1913 3118 egi]

2126 3041 2252 3110 ιγίαν
2275 3041 2373 3114 τὴν
2409 3041 2527 3112 βίαν
2567 3044 2659 3096 καὶ
2705 3042 2804 3114 τὴν
2859 3043 3106 3117 ἀνάγκην
3153 3044 3259 3099 τῶν
3310 3048 3649 3117 πραγμάτων

387 3162 566 3219 neque
612 3146 690 3204 sic
734 3156 934 3211 natus,
983 3154 1138 3200 extra
1189 3141 1466 3213 querelam
1514 3149 1568 3196 et
1613 3139 1825 3208 culpam
1862 3137 1906 3193 si

2128 3148 2186 3206 in.
2221 3133 2355 3207 μηδὲ
2381 3133 2526 3187 οὕτω
2567 3134 2826 3206 πεφυκὼς
2857 3136 3144 3206 ἄμεμπτος
3175 3140 3240 3209 τῇ
3282 3137 3442 3207 φῦσει
3490 3142 3651 3211 Mx“

386 3242 512 3314 quia
544 3250 748 3296 naturae
782 3250 1092 3308 repugnare
1119 3250 1222 3290 non
1256 3233 1450 3302 potuit.
1483 3231 1725 3301 Cumque
1757 3238 1909 3284 utruu

2125 3229 2192 3278 lat
2222 3223 2642 3314 μὴνδυνάμενος
2672 3226 2768 3280 καὶ
2805 3226 2903 3297 τὴν
2935 3227 3146 3299 αἵρεσιν
3191 3228 3456 3300 ἑκατέρου
3493 3230 3648 3301 ἔχων,

386 3309 494 3400 que
524 3329 576 3385 in
611 3335 875 3398 potestate
911 3325 1143 3390 habeat,
1175 3333 1230 3378 et
1269 3323 1336 3376 ad
1366 3321 1670 3392 eligendum
1711 3320 1909 3374 domitu

2126 3315 2256 3387 ἰριος
2287 3313 2362 3369 ὣν
2391 3319 2450 3370 ὲν
2493 3319 2613 3380 ταῖς
2643 3317 2978 3389 ὲπικρίσεσι,
3020 3319 3120 3390 τῆς
3157 3320 3366 3384 οἰκείας
3415 3322 3649 3394 κρίσεως

385 3382 457 3478 sit
477 3461 492 3488 ,
513 3382 698 3492 judicii
726 3419 926 3491 proprii
957 3419 1218 3473 rationem
1251 3382 1474 3477 reddat:
1497 3424 1547 3468 et
1576 3427 1635 3467 se
1662 3411 1908 3466 deleniat

2126 3382 2168 3473 ις
2205 3408 2441 3472 εὐθύνας
2471 3409 2565 3462 καὶ
2591 3410 2694 3473 τὰς
2722 3382 3016 3479 ἀπολογίας
3043 3382 3358 3485 ἀπαιτῆταιζ
3385 3415 3414 3468 ὃ
3440 3382 3551 3487 γὰρ
3577 3382 3649 3470 εἴζ

385 3515 527 3584 quod
550 3512 693 3569 enim
719 3511 913 3583 elegit,
939 3510 1127 3566 volens
1155 3506 1356 3579 elegit:
1389 3506 1593 3562 idcirco
1621 3505 1686 3560 de
1710 3503 1908 3559 volunt:

2125 3518 2202 3568 το,
2239 3500 2380 3556 ἑκὼν
2410 3501 2602 3556 εἵλετο·
2638 3502 2734 3555 καὶ
2760 3502 2850 3556 διὰ
2884 3503 3042 3557 τοῦτο
3077 3505 3218 3578 ὑπέρ
3249 3524 3308 3560 τε
3344 3508 3455 3562 τῶν
3497 3511 3648 3562 ἐκου-

384 3606 466 3660 rio
494 3605 760 3675 judicium
796 3604 978 3669 subit,
1015 3602 1106 3672 qui
1144 3600 1424 3655 voluntate
1457 3612 1550 3652 sua
1589 3613 1649 3653 se
1684 3596 1749 3650 ad
1787 3595 1907 3651 actir

2123 3611 2195 3646 ων
2233 3593 2500 3664 κρίνεται,
2544 3593 2753 3664 αἱρέσει
2789 3593 2896 3665 ἰδίᾳ
2933 3597 3047 3658 τοῖς
3075 3597 3397 3668 πράγμασιν
3426 3601 3646 3654 ἐπιϐαλ-

383 3713 506 3754 nem
537 3711 715 3752 rerum
748 3694 1052 3764 applicavit.
1083 3692 1140 3747 Si
1173 3691 1288 3745 bare
1322 3705 1427 3744 non
1457 3689 1527 3744 ita
1555 3697 1678 3744 sunt
1707 3724 1723 3752 ,
1759 3688 1906 3738 lrusu

2127 3700 2308 3754 μενοςο
2334 3687 2382 3737 εἱ
2413 3683 2468 3738 δὲ
2498 3685 2572 3756 μή
2601 3702 2686 3753 γε,
2721 3685 2897 3756 μάτην
2914 3687 3007 3739 καὶ
3035 3688 3084 3740 οἱ
3115 3689 3258 3758 ἆγιοι
3285 3691 3646 3762 ἐστεφανοῦν-

381 3785 559 3844 sancti
615 3784 1059 3847 comitabuntur;
1113 3780 1312 3834 frustra
1370 3778 1495 3833 mali
1546 3777 1902 3834 cruciabuntu

2127 3790 2141 3804 ·
2203 3775 2381 3848 μάτην
2425 3778 2518 3831 καὶ
2553 3778 2602 3831 οἱ
2645 3779 2808 3832 κακοὶ
2863 3779 3272 3850 ὲστρεϐλοῦντο,
3323 3785 3372 3836 εί
3414 3785 3491 3856 μὴ
3539 3787 3646 3850 τοῖς

381 3879 428 3935 si
459 3876 692 3934 actionis
718 3890 879 3932 causa
911 3888 1016 3929 non
1047 3872 1339 3928 ascribitur
1365 3868 1712 3924 facientibus.

2061 3866 2394 3940 πράττουσιν
2427 3869 2462 3938 ἡ
2495 3868 2596 3939 τῆς
2615 3867 2866 3938 πράξεως
2898 3869 3048 3924 αίτία
3067 3871 3431 3944 ἐπεγράφετο.

1263 3963 1391 4018 CAP.
1427 3960 1495 4016 X.
1530 3960 1820 4016 Manichwi
1855 3961 1992 4016 male
2020 3962 2407 4016 ratiocinantur
2431 3960 2495 4015 de
2521 3977 2754 4029 corpore.

453 4062 594 4131 Quid
627 4061 786 4133 igitur
817 4058 1142 4117 Maniclueos
1169 4059 1339 4114 movit
1366 4059 1434 4114 ad
1463 4056 1808 4114 inferendum
1835 4070 1959 4113 cor-

2136 4055 2307 4110 Πόθεν
2343 4050 2435 4110 οὖν
2478 4057 2828 4128 κεκινημένοι
2870 4059 3163 4130 Μανιχαῖοι
3217 4061 3474 4128 διαϐολὰς
3507 4067 3647 4122 κατὰ

381 4153 605 4226 poribus
648 4152 1019 4209 accusationes
1055 4161 1110 4207 et
1148 4151 1610 4223 vituperationes,
1652 4165 1790 4220 quos
1840 4159 1897 4206 tu

2123 4146 2171 4202 ὃν
2197 4223 2200 4228 1
2227 4147 2496 4218 σωμάτων
2531 4148 2932 4220 ὲπηνέγκαντο,
2968 4152 3033 4206 ὲκ
3077 4152 3188 4209 τῶν
3243 4159 3646 4229 γεγραμμένων

380 4259 501 4316 quae
533 4242 733 4312 scripta
762 4250 925 4308 sunt,
957 4250 1070 4297 tum
1102 4256 1222 4313 quae
1249 4258 1278 4296 a
1308 4241 1505 4312 priscis
1535 4240 1678 4295 dicta
1697 4283 1712 4308 ,
1744 4241 1903 4296 abund

2123 4239 2157 4292 ιὶ
2184 4240 2249 4292 ὲκ
2280 4239 2388 4293 τῶν
2415 4238 2660 4294 παλαιῶν
2689 4239 2884 4310 λογίων
2911 4245 3397 4316 κατηγορούμενος
3441 4247 3508 4303 Ἥ
3541 4252 3646 4321 γὰρ

380 4335 681 4393 accusant?
713 4333 1096 4404 Temperantia
1129 4333 1274 4389 enim
1305 4347 1428 4403 qua:
1457 4331 1511 4386 in
1538 4332 1752 4388 actione
1781 4331 1895 4402 posi

2126 4330 2385 4404 ιφροσύνη
2420 4331 2619 4404 πρᾶξις
2642 4328 2798 4401 οὖσα,
2842 4341 3108 4408 μαρτυρεί
3135 4340 3263 4411 περὶ
3305 4339 3400 4394 τοῦ
3439 4341 3649 4415 σώφρο-

378 4436 503 4494 est,
541 4425 906 4480 testimonium
937 4425 1126 4481 tribuit
1171 4423 1387 4493 corpori
1425 4423 1769 4494 temperanti.
1809 4420 1901 4478 Scr

2125 4441 2151 4486 ς
2191 4424 2461 4494 σώματος.
2493 4424 2574 4478 Τὰ
2600 4422 2658 4479 δὲ
2680 4425 2837 4496 λόγια
2869 4426 3078 4498 βοῶντα
3106 4431 3201 4484 καὶ
3237 4431 3490 4502 λέγοντα,
3531 4439 3645 4492 Ha-

379 4528 538 4586 ptura
572 4528 782 4584 autem,
821 4531 941 4587 qua:
973 4515 1211 4570 clamat:
1240 4514 1496 4569 Exhibuit
1531 4530 1753 4583 corpora
1784 4525 1902 4569 vesti

2122 4511 2401 4580 ιστήσατε
2426 4513 2498 4568 τὰ
2525 4513 2771 4584 σώματα
2809 4517 2976 4588 ὑμῶν
3011 4522 3234 4576 θυσίαν
3277 4523 3509 4591 ζῶσαν,
3547 4531 3645 4583 εὐ.

376 4609 604 4664 hostium
630 4584 915 4672 viventem,
941 4604 1050 4661 Deo
1075 4605 1364 4675 placentem
1399 4605 1468 4673 ιθ,
1497 4606 1632 4660 satis
1661 4620 1899 4676 argumet

2123 4619 2312 4658 ιεστον
2332 4603 2412 4671 τῷ
2441 4604 2582 4671 Θεῷ,
2617 4607 2806 4679 ἱκανὴν
2827 4584 2926 4681 τὴν
2950 4611 3222 4678 ἀπόδειξιν
3251 4584 3646 4673 ποιεῖταιίοωδ

377 4708 489 4753 tum
521 4696 832 4761 concludit;
864 4712 968 4752 nou
996 4699 1136 4750 enim
1167 4693 1310 4750 Deus
1347 4697 1492 4763 quod
1546 4710 1652 4749 non
1681 4704 1764 4750 est
1789 4711 1900 4750 sum

2120 4710 2160 4764 [ρ
2198 4693 2260 4746 τὸ
2295 4694 2369 4766 μὴ
2398 4695 2592 4749 ἑαυτοῦ
2618 4696 2831 4768 δέχεται
2863 4700 2892 4753 6
2929 4700 3081 4766 Θεὸς,
3121 4703 3242 4757 οὐδὲ
3270 4703 3332 4757 τὸ
3362 4706 3455 4760 ὑπ’
3481 4707 3643 4763 ἄλλου

376 4790 636 4860 approbat
665 4799 718 4842 et
739 4788 1118 4856 amplectitur;
1147 4801 1322 4856 neque
1354 4786 1496 4855 quod
1528 4787 1596 4842 ab
1628 4787 1736 4843 alio
1766 4787 1889 4842 [ictu

2117 4786 2434 4859 ιπλασμὲνον
2463 4789 2705 4856 ἀπαιτεῖ,
2738 4792 2824 4845 ἵνα
2874 4794 2950 4865 μὴ
2992 4793 3113 4865 βίαν
3143 4796 3325 4862 ἄλλοις
3368 4800 3640 4869 ἐγκαλῶν,

299 4880 305 4888 “
374 4893 425 4936 et
452 4881 758 4937 simulatum
784 4889 905 4944 est,
935 4879 1157 4948 requirit
1182 4916 1198 4942 ,
1228 4893 1296 4932 ne
1317 4878 1408 4948 qui
1439 4877 1574 4932 alios
1599 4876 1668 4933 de
1699 4879 1822 4933 viult

2124 4880 2218 4944 τὸς
2240 4880 2410 4951 βίαιος
2443 4882 2688 4955 γένηται·
2719 4885 2809 4939 καὶ
2839 4885 2925 4940 ἵνα
2959 4887 3036 4958 μὴ
3061 4887 3248 4961 ἕτερον
3276 4891 3544 4966 ἐπιθυμῇ,
3571 4894 3643 4957 ὡς

372 4983 622 5038 accusat,
681 4973 794 5044 ipse
845 4970 1111 5026 violentus
1141 4969 1402 5034 exsistat;
1436 4977 1492 5023 et
1539 4983 1608 5022 ne
1650 4970 1777 5038 quid
1810 4970 1895 5024 des

2124 4968 2215 5033 τὸς
2243 4971 2466 5043 ποιῆσαι
2504 4972 2579 5045 μὴ
2610 4973 2929 5046 δυνάμενος·
2961 4979 3010 5030 εί
3039 4978 3150 5051 γὰρ
3194 4981 3374 5052 τίμιόν
3403 4985 3524 5039 ἐστι
3552 4986 3642 5039 καὶ

373 5066 562 5133 deret,
595 5065 749 5134 quasi
787 5064 902 5133 ipse
935 5062 1118 5117 facere
1153 5077 1258 5116 non
1293 5061 1482 5132 possit.
1537 5059 1593 5115 Si
1643 5062 1785 5116 enim
1840 5078 1896 5117 vu

2121 5059 2303 5116 ύλεται
2353 5067 2651 5134 σωφρονεῖν
2688 5067 2756 5120 τὰ
2795 5066 3044 5140 σώματα,
3106 5071 3223 5136 πῶς
3266 5075 3368 5128 οὐκ
3411 5077 3588 5133 ἐποίει
3615 5074 3641 5128 ὃ

373 5156 424 5210 id
456 5157 599 5227 quod
624 5155 963 5209 honoratum
997 5161 1117 5216 est,
1153 5161 1212 5206 ut
1243 5167 1470 5221 corpora
1495 5153 1609 5208 sint
1653 5153 1704 5208 in
1747 5153 1890 5208 virtu

2118 5151 2343 5221 ῖούλετο;
2372 5157 2421 5209 εί
2447 5155 2503 5209 δὲ
2532 5159 2801 5231 πεποίηκε
2833 5161 2934 5230 μὲν
2960 5161 3061 5215 οὐκ
3090 5164 3435 5229 aia-rogemus
3461 5165 3522 5222 δὲ
3552 5172 3641 5224 πέ-

373 5247 774 5317 temperantite,
811 5245 1080 5314 quomodo
1103 5256 1210 5297 non
1244 5241 1375 5298 fecit
1404 5245 1545 5312 quod
1569 5243 1824 5300 volebat?
1853 5245 1896 5300 S.

2114 5260 2248 5308 ›κεν,
2281 5246 2367 5299 ἵνα
2405 5248 2616 5320 πονηρά
2644 5245 2699 5322 ᾖ,
2737 5251 2854 5316 πῶς
2888 5251 2984 5324 τὴν
3016 5253 3178 5324 φύσιν
3199 5256 3457 5327 ἧμειψεν,
3502 5259 3637 5316 ὥστε

372 5352 501 5392 vero
530 5337 659 5392 fecit
690 5338 904 5405 quidetn
933 5350 1036 5390 non
1069 5335 1218 5404 ipse,
1253 5335 1348 5390 sed
1381 5336 1464 5391 sic
1492 5347 1619 5392 sunt
1649 5346 1839 5392 natura
1865 5337 1895 5389 r:

2117 5337 2254 5408 γκέτι
2275 5338 2374 5410 τὴν
2414 5339 2552 5395 ἰδίαν
2590 5342 2754 5414 ἔχειν,
2787 5345 2927 5416 μήτε
2969 5342 3112 5401 εἶναι
3148 5351 3382 5421 πονηρὰ,
3425 5349 3640 5409 εῖναιδὲ

373 5439 460 5484 cta
495 5437 555 5483 ut
585 5439 770 5482 essent
813 5425 992 5492 tuala;
1041 5426 1309 5495 quomodo
1354 5437 1604 5482 naturam
1650 5438 1896 5483 tOIIlllltll:

2122 5427 2262 5498 μνὰς
2289 5427 2353 5482 Εἰ
2378 5430 2436 5484 δὲ
2482 5431 2705 5487 δύναται
2745 5434 2907 5504 φύσις
2950 5437 3286 5511 ἀμειφθῆναι
3313 5483 3330 5508 ,
3393 5445 3517 5510 πῶς
3566 5446 3639 5501 ἔτι

371 5517 491 5583 vit.
529 5526 721 5571 utnon
750 5514 981 5586 amplius
1029 5515 1290 5572 baberent
1334 5526 1586 5572 naturam
1633 5517 1894 5589 propriae

2118 5518 2217 5585 ἱσις
2246 5521 2393 5577 ἐστὶν
2418 5523 2812 5599 ἀλλαττομένη,
2847 5529 2944 5582 καὶ
2978 5528 3040 5582 τὸ
3081 5531 3323 5588 ἐναντίον
3353 5536 3526 5610 ἑαυτῇ
3559 5555 3641 5609 γι-

364 5757 377 5772 ,
443 5699 464 5733 '
506 5697 699 5754 Matth.
743 5713 864 5765 ut,
907 5699 995 5754 3t.
1087 5695 1294 5754 “Hebr.
1337 5713 1425 5764 ιι,
1453 5697 1544 5756 51.
1623 5697 1645 5729 ’
1680 5696 1881 5754 εἰει-ειη.

1680 5696 1881 5754 Jerem.
1925 5715 2012 5756 ut
2037 5740 2052 5768 ,
2091 5697 2162 5768 8;
2200 5699 2368 5757 Eccli.
2403 5717 2493 5771 xv,
2526 5703 2613 5759 l8.
2695 5706 2746 5736 ”
2787 5705 2946 5762 Rom;
2985 5721 3098 5765 xu.
3135 5707 3182 5761 l.
