3858 6322
160 267 268 320 909
1085 280 1142 335 s.
1186 277 1595 337 SERAPIONIS
1629 276 1832 335 LIBER
1867 276 2028 338 ADV.
2069 274 2514 336 MANICHIEOS.
3322 265 3465 336 910'

159 380 424 454 γνομένη;
449 383 523 437 Τὸ
553 384 663 458 γὰρ
686 386 974 462 δεχόμενον
1010 388 1249 459 ἀλλαγὰς
1297 392 1393 444 καὶ
1446 389 1680 463 μεταϐολ

1903 405 1950 447 ιο
1984 399 2165 448 essent
2187 390 2355 456 mala,
2389 391 2482 446 sed
2509 397 2692 445 essent
2720 388 2992 446 honesta?
3037 387 3094 446 Si
3123 399 3302 446 autem
3334 406 3426 460 po-

158 472 337 526 οὐκέτι
366 476 497 539 τοὺς
519 477 676 548 ὅρους
705 480 806 550 τῆς
835 481 1052 550 φύσεως
1091 481 1324 552 δέχεται·
1366 482 1651 552 ἀμείϐεται

1906 490 1959 536 st
1992 492 2183 537 natura
2229 482 2364 537 verti
2409 496 2473 536 ac
2521 480 2764 547 mutari,
2803 480 3074 551 quomodo
3115 490 3198 538 est
3238 488 3426 537 natura

156 568 215 619 τὸ
249 567 417 636 σῶμα
442 571 536 622 καὶ
567 571 1014 640 μεταλλάττεται,
1048 574 1144 628 καὶ
1172 574 1496 645 ῥᾳθυμῆσαν
1537 589 1679 644 σωφε

1904 590 1975 629 ιω
2001 575 2259 641 variatur,
2291 584 2344 630 et
2381 575 2433 629 in
2466 571 2594 629 illud
2624 572 2818 629 transit
2865 571 3011 643 quod
3055 580 3141 628 est
3177 572 3257 628 illi
3297 587 3427 629 con-

160 661 263 710 vsi-
297 661 397 712 καὶ
425 661 624 730 βοῶσιν
664 666 713 716 οἱ
759 664 926 733 λόγοι,
951 665 1131 730 τὸ,οὺ
1161 667 1516 734 πορνεύσεις
1535 682 1548 696 ·
1585 664 1683 736 βοῶ

1904 665 2128 720 arium?
2165 665 2318 733 Quod
2347 667 2494 722 enim
2518 665 2854 722 variationes
2881 675 2936 722 et
2972 666 3306 721 mutationes
3332 680 3427 721 ca-

161 749 238 810 τὸ,
279 753 366 804 Οὐ
391 755 770 821 μοιχεύσεις·
814 755 876 808 τὸ
910 755 1186 826 ἐγχωροῦν
1217 755 1307 812 διὰ
1342 757 1443 829 τῆς
1472 771 1684 827 παραγγ

1905 765 1972 821 χι,
2013 758 2252 812 nondum
2291 756 2491 812 ﬁnibus
2532 756 2891 827 terminisque
2927 765 3137 812 naturae.
3182 755 3428 812 contine-

158 842 280 906 λίας
306 845 685 916 ἀναιροῦντες·
713 848 808 901 καὶ
834 848 896 902 τὸ
919 849 1216 918 δυνάμενον
1238 847 1626 919 τελειωθῆναι,
1661 847 1681 900 δ

1904 863 1965 902 Il'.
1992 845 2234 903 Mutatur
2271 857 2450 904 autem
2499 862 2732 917 corpus,
2767 858 2822 903 et
2861 850 3144 916 variatur;
3186 857 3242 904 et
3282 849 3427 919 quod

153 933 253 1003 τῆς
295 937 683 1006 παραινέσεως
721 938 1165 1003 ἀναστέλλοντες·
1202 939 1296 993 καὶ⁸
1327 938 1612 1009 σύμμαχον
1655 954 1676 989 σι

1906 938 1960 992 Iit
1999 939 2053 993 in
2099 937 2313 1009 pigritia
2345 919 2400 993 εἰ
2447 938 2696 1008 ignavia,
2743 947 3030 1009 temperat.
3079 938 3146 994 Et
3193 938 3429 994 clamant

152 1025 312 1094 λόγον
339 1031 411 1099 τῇ
435 1027 631 1101 γνώμῃ
657 1030 889 1094 διδόντες
909 1049 922 1061 ο
953 1031 1039 1084 ἵνα
1076 1033 1110 1102 ὴ
1145 1031 1352 1086 διάνοια
1381 1031 1628 1102 ῥέπουσα
1655 1047 1675 1083 ιι

1905 1038 2123 1097 raecepta
2156 1044 2170 1081 :
2217 1026 2342 1082 Non
2372 1027 2717 1097 fornicaberis
2737 1044 2758 1094 ;
2787 1027 3064 1084 clamant:
3105 1026 3230 1083 Non
3268 1027 3428 1084 adul-

153 1118 215 1170 τὸ
240 1119 411 1189 σῶμα
433 1121 570 1191 πρὸς
589 1121 789 1193 ἀρετὴν
816 1123 1040 1196 ὲφέλκῃ.

1902 1121 2054 1175 trabis
2077 1137 2097 1186 ,°
2128 1129 2184 1176 et
2207 1119 2568 1191 praecipiendo
2597 1119 2789 1175 tollunt
2817 1108 3125 1176 facultatem
3152 1121 3425 1190 faciendi;

153 1219 208 1264 et
237 1213 388 1278 quod
421 1213 609 1282 perlici
639 1226 888 1283 poterat,
925 1215 1194 1270 hortando
1218 1201 1511 1280 cohibent,
1542 1225 1599 1270 et
1633 1214 1974 1285 adiungendo
2012 1216 2276 1271 rationem
2306 1215 2374 1270 ad
2406 1212 2702 1283 judicium,
2759 1222 2817 1267 ut
2866 1228 3019 1270 mens
3072 1213 3125 1268 in
3176 1214 3430 1272 virtutem

154 1321 430 1376 propensa
453 1351 468 1376 ,
502 1323 698 1380 corpus
730 1312 892 1367 etiam
926 1313 992 1366 ad
1027 1311 1280 1366 virtutem
1309 1312 1569 1367 attrahat.

909 1407 1042 1462 CAP.
1083 1406 1178 1461 XI.
1212 1405 1448 1474 Corpora
1475 1418 1780 1462 sanctorum
1804 1406 2060 1462 divinitus
2081 1405 2349 1460 mirabilia
2373 1416 2680 1476 aperantur.

222 1493 451 1564 ’Δμέλει
495 1495 587 1548 ἐπὶ
635 1494 890 1550 τοσοῦτον
949 1494 1186 1568 προῆλθε
1240 1496 1309 1551 τά
1366 1497 1592 1568 σώματα
1640 1499 1745 1551 τῶν

1930 1496 2075 1553 Sane
2102 1496 2322 1566 quidem
2358 1511 2587 1568 corpora
2614 1506 2925 1554 sanctorum
2974 1506 3181 1554 tantum
3223 1499 3277 1556 in
3324 1500 3435 1555 vir-

156 1584 356 1652 ἀγεων,
388 1585 468 1648 ὡς
495 1585 814 1656 τιμηθῆναι,
854 1573 949 1640 καὶ
981 1586 1119 1657 μήτε
1143 1586 1276 1640 κενά
1311 1586 1564 1654 γενέσθαι
1592 1588 1677 1641 ὲνε

1907 1599 1972 1644 lle
2000 1603 2287 1660 progressa
2330 1597 2485 1653 sunt,
2529 1599 2589 1643 ut
2634 1589 2899 1644 honorata
2929 1587 3174 1656 fuerint,
3224 1598 3280 1644 et
3323 1605 3430 1646 non

155 1671 336 1740 γείας.
367 1674 508 1744 μήτε
539 1673 820 1746 δυνάμεως
847 1673 1014 1739 θείας.
1051 1675 1262 1747 Νεκρὸν
1293 1675 1469 1730 ἔκειτο
1496 1677 1558 1730 τὸ
1593 1677 1678 1745 σῶλ

1911 1684 1997 1732 cta
2032 1691 2200 1733 vacua
2250 1679 2319 1733 ab
2365 1677 2681 1748 Operatione
2707 1689 2762 1734 et
2806 1679 2856 1745 vi
2908 1680 3112 1735 divina.
3161 1679 3431 1735 Mortnum

154 1763 250 1817 τοῦ
290 1765 622 1832 Ἐλισσαίου,
658 1767 750 1821 καί¹
781 1756 1032 1838 κείμενον
1058 1768 1274 1840 νεκρὸν,
1309 1769 1498 1841 ἤγειρε
1523 1769 1677 1842 νεκρά

1911 1771 2067 1825 cehat
2113 1784 2310 1840 corpus
2350 1769 2526 1826 Elisazi
2551 1809 2566 1834 ,
2602 1778 2809 1827 etcum
2843 1772 3054 1843 jaceret
3124 1780 3393 1829 mortuum
3416 1814 3431 1839 ,

153 1854 340 1932 ὲσόϐει
361 1856 453 1909 τὸν
479 1847 728 1924 θάνατον,
747 1856 1027 1929 ἐλεύθερον
1053 1857 1132 1929 (6)
1150 1859 1241 1912 τὸν
1272 1857 1636 1924 ἀποθανόντα,
1672 1878 1676 1908 ι

1912 1857 2135 1914 ιεοίιονίι
2190 1868 2458 1916 mortuum
2493 1861 2577 1927 “;
2626 1860 2830 1931 expulit
2889 1871 3143 1932 mortem,
3186 1863 3435 1919 liberavit

152 1947 374 2012 ζῶντας
397 1947 610 2019 ἔπεμψε
642 1950 736 2003 τὸν
761 1943 1054 2016 τεθνεῶτα,
1095 1950 1374 2024 προεξενει
1404 1951 1481 2022 τῷ
1523 1968 1675 2004 πεποι

1912 1967 1921 2004 ι
1942 1951 2114 2016 obitu,
2141 1950 2410 2006 revocavit
2429 1950 2494 2006 ad
2516 1951 2668 2008 vivos
2690 1952 2797 2006 vita
2819 1953 3151 2021 defunctum,
3177 1955 3435 2010 excitavit

155 2040 312 2111 μένῳ
355 2041 458 2106 τὴν
491 2041 729 2114 ἔγερσιν.
765 2042 829 2096 Ei
871 2041 928 2095 δὲ
971 2042 1262 2114 Μανιχαῖοι
1286 2042 1422 2116 πρὸς
1453 2044 1616 2099 αὐτὸν
1655 2061 1678 2114 p

1920 2041 2150 2097 mortuis
2181 2055 2379 2111 corpus
2412 2057 2441 2096 a
2470 2041 2582 2098 Deo
2615 2043 2842 2100 factum.
2876 2045 3032 2111 Quod
3061 2047 3104 2101 si
3149 2044 3433 2103 Manichazi

155 2132 418 2202 μηνότες,
450 2133 546 2184 καὶ¹
576 2131 636 2184 τὸ
681 2131 859 2200 λόγιον
901 2131 1276 2199 διαϐάλλουσι,
1311 2136 1446 2206 μήτε
1469 2135 1562 2188 τὸν
1588 2135 1678 2206 νόμ

1910 2142 2046 2187 intra
2079 2133 2184 2189 hoc
2232 2132 2508 2201 furentes,
2544 2134 2708 2189 etiam
2759 2133 3098 2206 Scripturam
3137 2146 3433 2203 accusant,

148 2222 469 2293 τιμῶντες·
502 2222 604 2276 κᾶν
643 2225 708 2277 ὲκ
751 2223 843 2277 τοῦ
881 2224 1228 2298 παραλλήλου
1271 2227 1671 2282 δυσωπείσθωσι

1902 2239 2034 2296 eque
2060 2225 2230 2295 legem
2261 2225 2572 2292 honorant;
2607 2226 2878 2282 deterreat
2913 2243 3006 2285 eos
3037 2230 3213 2286 simile
3243 2245 3425 2286 exem-

151 2315 266 2368 κᾶν
309 2316 344 2385 ἡ
391 2315 520 2368 σκιά
561 2315 770 2385 Πέτρου
794 2315 892 2386 τὴν
914 2316 1396 2388 γνώμηνιὲκείνων
1428 2317 1674 2390 αἰσχυνέτ

1917 2333 2004 2371 um
2032 2333 2047 2384 ;
2084 2315 2248 2372 faciat
2281 2315 2472 2371 umbra
2502 2315 2644 2372 Petri
2679 2319 2746 2384 η,
2785 2325 2844 2373 υι
2872 2317 3020 2390 ipsos
3049 2319 3287 2390 pudeat:
3319 2333 3435 2373 um-

152 2403 421 2476 σώματος
465 2403 574 2476 γὰρ
601 2400 670 2476 ἦν
703 2406 736 2476 ἡ
781 2405 928 2472 σκιὰ,
970 2406 1066 2460 καὶ
1107 2407 1475 2479 ὲφαπτωμένη
1506 2408 1583 2478 (7)
1609 2425 1675 2461 κα

1911 2425 1956 2464 ra
1985 2411 2126 2465 enim
2157 2418 2278 2466 erat
2307 2409 2550 2479 corporis
2569 2451 2585 2477 ,
2611 2425 2732 2482 qua:
2761 2425 2884 2467 cum
2915 2425 3143 2481 corpora
3168 2425 3434 2484 aegrorum

149 2495 270 2550 τῶν
296 2495 668 2566 νενοσηκότων
691 2495 983 2567 σωμάτων,
1017 2495 1263 2551 ἀπόλυτα
1290 2495 1357 2551 τά
1381 2495 1610 2567 σώματα
1643 2513 1672 2549 τ

1544 2512 1610 2550 τα
1643 2495 1752 2550 τῶν
1860 2500 2239 2568 inumbrabat,
2275 2517 2462 2559 eorum
2496 2503 2716 2559 morbos
2748 2501 3067 2573 depellebat.

149 2586 491 2659 vos-np.th
519 2583 912 2651 κατεσκεύαζε.

1164 2683 1295 2741 CAP.
1328 2684 1446 2740 XII.
1479 2683 1899 2740 Manichworum
1916 2691 2224 2752 argumenta
2249 2681 2446 2739 soluta.

226 2767 634 2838 Τοιούτων“οῦν
670 2770 841 2826 ὄντων
883 2772 992 2828 τῶν
1029 2773 1424 2828 ἀποδεικτικῶν
1450 2773 1622 2843 λόγων
1662 2773 1749 2827 καὶ

1934 2770 2068 2827 Cum
2103 2773 2238 2827 tales
2261 2787 2390 2842 ergo
2421 2772 2535 2845 sint
2559 2781 2755 2828 nostra:
2779 2770 3017 2830 rationes
3045 2770 3435 2829 demonstrati-

153 2863 425 2934 τοιαύτης
453 2862 621 2934 οὔσης
648 2864 1033 2935 ἀποδεικτικῆς
1060 2865 1334 2937 πράξεως,
1365 2865 1484 2930 πῶς
1502 2866 1602 2919 οὐκ
1634 2865 1676 2920 ἀι

1913 2878 1943 2918 e
1963 2903 1978 2928 ,
2005 2871 2060 2918 et
2093 2862 2215 2918 talis
2239 2863 2312 2920 sit
2341 2863 2490 2920 actio
2519 2864 2647 2918 item
2682 2863 3134 2931 demonstrativa,
3167 2863 3436 2934 quomodo

155 2973 254 3010 ποι
286 2954 358 3008 ἂν
387 2950 517 3019 εἷεν,
567 2955 765 3025 φράσει
820 2954 993 3024 λόγων
1041 2956 1278 3028 ἁρμόσαι
1321 2956 1389 3010 τὰ
1436 2957 1678 3028 ἀνάρμοσ

1913 2970 1971 3010 an
2009 2956 2120 3010 sint
2161 2953 2417 3021 absurdi,
2464 2955 2557 3026 qui
2590 2972 2710 3026 qua:
2742 2956 2915 3027 aptari
2949 2965 3004 3012 et
3044 2956 3288 3026 colligari
3327 2971 3436 3012 non

156 3046 587 3110 ἐσπουδακότες
619 3045 756 3098 Φασὶ
787 3048 895 3117 γὰρ
920 3047 1232 3117 Άίανιχαίοι·
1250 3077 1320 3087 -
1347 3046 1419 3099 Τὸ
1448 3046 1605 3118 σῶμα
1626 3048 1679 3116 ἐς

1915 3053 2120 3111 ιεευηι,
2156 3047 2339 3102 verbis
2376 3057 2565 3118 aptare
2597 3058 2652 3103 et
2678 3047 2936 3120 colligare
2979 3049 3240 3104 student?
3269 3048 3438 3104 Aiunt

158 3142 413 3212 ρέσαμεν
465 3137 562 3192 τοῦ
621 3139 870 3206 Σατανᾶ,
921 3142 954 3212 ἡ
987 3141 1042 3194 δὲ
1073 3139 1220 3211 ψυχὴ
1257 3140 1352 3192 τοῦ
1383 3139 1540 3193 θεοῦ·
1572 3142 1668 3194 καὶ

1915 3137 2002 3192 lim
2055 3136 2380 3195 Manichaei:
2428 3169 2502 3180 ——
2539 3139 2748 3209 Corpus
2802 3139 3019 3195 Satanae
3067 3140 3438 3210 gestavimns,

159 3234 263 3303 μὲν
294 3231 462 3302 σῶμα
485 3230 627 3285 οὕτω
651 3232 864 3300 πέφυκε
896 3234 1086 3301 κακὸν,
1124 3237 1188 3288 ὲκ
1216 3233 1386 3288 κακοῦ
1416 3233 1675 3306 προελθόν

1912 3227 2043 3282 iima
2079 3243 2212 3284 vero
2245 3229 2337 3284 Dei
2377 3219 2479 3284 est.
2516 3230 2596 3284 Ac
2633 3245 2830 3299 corpus
2863 3230 3081 3299 quidem
3125 3231 3205 3287 sic
3241 3239 3435 3286 natura

152 3325 214 3379 δὲ
243 3323 404 3394 ψυχὴ
432 3323 644 3394 πέφυκε
671 3323 834 3395 καλὴ,
865 3326 929 3378 ἐκ
957 3324 1121 3379 καλοῦ
1168 3325 1367 3397 ἔχουσα
1413 3326 1510 3396 τὴν
1545 3327 1675 3398 ἁρχῆ

1918 3326 2063 3372 ctum
2099 3325 2218 3383 est,
2253 3318 2454 3372 malum
2498 3332 2566 3372 ex
2614 3319 2798 3385 malo;
2838 3319 3020 3373 anima
3067 3335 3200 3376 vero
3242 3328 3441 3374 natura

151 3419 366 3472 οὐκοῦν
395 3417 490 3471 δύο
519 3419 797 3490 ἀρχαὶκαὶ
818 3418 911 3473 δύο
942 3419 1121 3472 οὐσίαι
1140 3437 1155 3449 ·
1189 3420 1283 3473 καὶ
1323 3419 1489 3488 ἀρχαὶ
1531 3417 1624 3471 δύο
1662 3433 1674 3448 ·

1918 3416 2004 3462 cla
2044 3417 2128 3463 est
2172 3408 2346 3473 bona,
2388 3422 2455 3462 ex
2500 3406 2642 3462 bono
2692 3407 2954 3478 originem
3001 3408 3245 3463 trahens.
3297 3405 3441 3462 Sunt

155 3510 396 3578 γόνασιν
424 3508 616 3574 αἰτίαι,
648 3508 740 3562 καὶ
771 3510 803 3580 ἡ
847 3509 945 3580 μὲν
976 3507 1225 3578 σώματος
1255 3508 1426 3561 κακοῦ
1450 3548 1464 3572 ,
1494 3510 1526 3579 ἠ
1557 3507 1613 3560 δὲ
1658 3507 1678 3576 t,‘

1918 3500 2026 3554 itur
2067 3499 2173 3554 duo
2220 3498 2523 3570 principia,
2569 3511 2627 3555 et
2672 3497 2792 3553 duae
2841 3497 3193 3566 substantiae;
3234 3506 3290 3554 et
3332 3498 3441 3554 duo

156 3600 265 3672 χῆς
287 3600 526 3670 ἀγαθῆς.
557 3599 757 3672 Ἀγαθὴ
778 3595 922 3670 οὖνὴ
945 3599 1112 3671 ψυχὴ,
1142 3599 1376 3670 πονηρὸν
1404 3599 1467 3652 δὲ’
1487 3599 1548 3652 τὸ
1577 3597 1679 3669 σῶι.

1916 3589 2130 3660 'incipia
2157 3598 2284 3645 sunt
2309 3604 2488 3645 cauete
2509 3633 2524 3658 ,
2559 3589 2728 3644 altera
2759 3591 2976 3661 quidem
3003 3589 3248 3660 corporis
3278 3589 3439 3652 mali.

154 3721 232 3732 --
264 3691 382 3744 Kal.
416 3689 536 3755 πῶς
571 3691 732 3762 σῶμα
771 3691 873 3763 μὲν
897 3694 1186 3763 σωφρονεῖ,
1223 3690 1482 3755 πολλάκις
1513 3690 1570 3743 δὲ
1615 3689 1677 3760 ψι

1921 3689 2035 3735 tera
2065 3693 2193 3736 vero
2221 3681 2414 3736 animae
2447 3681 2619 3736 bonae.
2655 3680 2798 3735 Bona
2830 3681 2992 3751 igitur
3023 3689 3108 3736 est
3137 3681 3317 3735 anima
3338 3720 3355 3749 ,
3387 3689 3441 3736 et

159 3782 444 3855 ρᾳθυμεί;
480 3782 592 3836 Καὶ
617 3781 734 3846 πῶς
767 3783 1024 3856 ἑκάτερον
1065 3785 1123 3837 ὲν
1158 3785 1224 3854 τῇ
1265 3782 1371 3855 ἰδίᾳ
1393 3782 1545 3850 τάξει
1566 3782 1627 3835 ού
1667 3800 1682 3852 ι

1916 3786 2063 3842 ιτρυε
2097 3772 2320 3828 malum.
2346 3802 2420 3814 —
2438 3773 2504 3828 Et
2530 3776 2800 3842 quomodo
2830 3787 3026 3844 corpus
3052 3773 3272 3843 quidem
3305 3780 3439 3828 tem-

157 3889 278 3939 νει;
307 3871 406 3924 καὶ
434 3874 630 3940 γέγονε
655 3871 717 3924 τὸ
745 3872 1032 3940 ἀνάπαλιν,
1055 3873 1117 3926 τὸ
1150 3873 1246 3944 μὲν
1277 3873 1370 3926 τοῦ
1403 3871 1680 3926 διαϐόλουιι

1916 3879 2062 3920 erans
2120 3874 2242 3931 est,
2303 3865 2484 3919 anima
2537 3879 2668 3920 vero
2700 3879 2843 3935 saepe
2901 3864 3103 3936 pigra?
3158 3863 3439 3932 Quomodo

111 3983 116 3988 ‘
157 3963 332 4027 Θεοῦ,
363 3963 427 4016 τὸ
464 3964 522 4016 δὲ
550 3965 645 4017 τοῦ
689 3963 824 4018 Θεοῦ
861 3963 957 4018 τοῦ
1000 3964 1283 4019 διαϐόλου·
1335 3964 1430 4017 καὶ
1475 3963 1632 4016 λέλυτ

1920 3972 2158 4027 rumque
2189 3973 2296 4012 non
2327 3965 2512 4012 manet
2540 3957 2594 4016 in
2621 3958 2813 4013 ordine
2843 3958 2983 4013 suo?
3011 3956 3105 4013 sed
3130 3967 3316 4013 contra
3345 3972 3443 4028 pe-

159 4056 553 4129 θρυλλουμένη
581 4055 772 4128 ἔχθραι
801 4058 895 4112 καὶ
920 4057 1071 4126 φιλία
1098 4056 1286 4126 γέγονε
1309 4057 1402 4110 καὶ
1432 4055 1682 4127 σπονδὴω

1917 4065 1974 4106 us
1998 4052 2142 4121 quod
2185 4061 2302 4106 erat
2343 4049 2574 4116 diaboli,
2631 4050 2692 4104 lit
2719 4049 2854 4115 Dei;
2889 4058 2944 4104 et
2977 4049 3122 4119 quod
3162 4050 3294 4116 Dei,
3328 4049 3440 4104 dia-

162 4151 271 4220 μὲν
297 4148 438 4202 Θεοῦ
467 4148 568 4219 τὴν
599 4147 776 4219 ψυχὴν
806 4149 1226 4220 ἀποπέμποντος
1262 4147 1340 4220 τῷ
1371 4149 1624 4220 διαϐόλῳ,
1669 4166 1685 4201 σι

1918 4143 1978 4199 ali
2007 4159 2022 4209 ;
2058 4153 2114 4198 et
2148 4143 2409 4198 dissoluta
2442 4151 2525 4197 est
2566 4145 2779 4214 vulgata
2833 4143 3110 4198 inimicitia
3133 4186 3147 4210 ,
3197 4150 3251 4199 et
3301 4141 3441 4197 facta

158 4240 222 4292 δὲ
274 4238 529 4293 διαϐόλου
585 4239 646 4293 τὸ
699 4241 859 4312 σῶμα
901 4241 1492 4313 ἀντιπαραπέμποντος
1536 4240 1614 4311 τῷ
1647 4240 1681 4294 Θ

1973 4235 2110 4290 icitia
2145 4244 2200 4289 et
2231 4235 2408 4290 fmdus
2432 4273 2448 4301 ,
2483 4235 2591 4290 Deo
2625 4235 2862 4288 animam
2897 4235 3236 4300 dimittente,
3270 4245 3331 4288 ut
3364 4233 3446 4288 in-

162 4335 503 4405 ὑπηρετεῖν;
546 4332 810 4404 ὑπηρετεί
851 4332 960 4405 γὰρ
991 4332 1321 4405 σωφρονοῦν·
1365 4334 1443 4406 (8)
1480 4333 1542 4386 τὸ
1573 4333 1630 4388 δὲ
1669 4351 1685 4386 οι

1921 4329 2074 4381 :rviat
2100 4327 2313 4382 diabolo
2337 4345 2351 4393 ;
2382 4337 2435 4380 et
2465 4335 2653 4382 contra
2681 4327 2895 4380 diabolo
2921 4341 3118 4396 corpus
3137 4364 3153 4390 ,
3185 4337 3245 4380 ut
3273 4325 3444 4380 inser-

159 4427 311 4481 Θεοῦ
341 4426 423 4497 τῷ
450 4425 681 4496 διαϐόλῳ
705 4425 990 4480 διακονεῖν·
1018 4427 1256 4481 διακονεῖ
1288 4426 1396 4498 γάρ
1436 4424 1682 4481 ἀπιστοῦ‹

1920 4420 1985 4471 iat
2021 4418 2129 4472 Deo
2152 4417 2177 4470 ?
2203 4417 2430 4472 inservit
2462 4419 2606 4472 enim
2639 4417 2748 4471 Deo
2771 4456 2786 4483 ,
2819 4432 2944 4472 cum
2987 4426 3072 4472 est
3113 4424 3443 4486 temperans.

159 4520 270 4574 καὶ
293 4518 596 4589 βλάσφημα
635 4515 1004 4588 φθεγγομένη-

1922 4521 1988 4562 oc
2014 4518 2192 4561 autem
2227 4507 2322 4563 Dei
2350 4517 2432 4563 est
2450 4549 2464 4574 ,
2494 4510 2634 4564 sicut
2661 4525 2848 4564 rursus
2875 4509 3105 4564 inservit
3127 4508 3306 4563 anima
3328 4508 3443 4564 dia-

1871 4600 2014 4664 bolo,
2041 4614 2164 4654 eum
2199 4615 2304 4654 non
2345 4601 2554 4669 credit,
2587 4610 2643 4656 et
2672 4600 2908 4672 loquitur
2935 4602 3271 4672 blaspheme.

1245 4719 1376 4776 CAP.
1413 4720 1548 4777 XIII.
1577 4720 1660 4776 Ea:
1689 4721 1792 4791 ﬁlii
1824 4715 2030 4789 prodigi
2051 4715 2376 4785 paenitentia.

243 4820 380 4883 Πῶς
398 4813 493 4873 οὖν
525 4818 586 4871 ού
620 4817 764 4889 μέγα
795 4816 1091 4886 καγχάζειν
1130 4817 1224 4868 καὶ
1262 4815 1425 4887 γελᾷν
1469 4818 1587 4869 κατ’
1626 4815 1766 4868 ὲκεί-

1945 4813 2224 4881 Quomodo
2253 4811 2418 4883 igitur
2461 4825 2568 4867 non
2612 4810 2808 4866 merito
2837 4819 3054 4866 moveat
3096 4810 3449 4882 prudentibus

163 4935 284 4970 νων
322 4915 454 4977 τοὺς
486 4912 780 4984 φρονίμους
809 4913 1096 4984 προσήκει,
1127 4910 1299 4974 οὕτως
1328 4911 1527 4964 ἄτοπον
1557 4911 1686 4978 atan

1926 4922 2038 4961 sum
2097 4915 2151 4961 et
2203 4905 2499 4961 cachinnos
2535 4914 2643 4960 tam
2704 4905 2996 4961 absurdum
3052 4912 3106 4958 et
3164 4903 3449 4959 ridiculum

162 5009 320 5061 λοῖον
347 5005 527 5074 δόγμα
560 5003 898 5074 εἰσηγεῖσθαι
943 5001 1384 5068 ἐσπουδακότωνς
1423 5003 1546 5054 Ὅτι
1585 5002 1642 5054 δὲ
1677 5018 1685 5053 1

1929 5014 2109 5054 serum
2130 4999 2321 5069 dogma
2337 5038 2352 5064 ,
2374 4997 2516 5068 quod
2539 4997 2881 5054 introducere
2899 4995 3221 5052 studuerunt
3244 4996 3266 5048 ?
3295 4996 3447 5063 Quod

163 5100 313 5157 αὐτὸ
337 5099 402 5152 τὸ
433 5097 650 5166 λογικὸν
677 5096 848 5169 ᾑρέθη
889 5096 986 5166 μὲν
1030 5093 1330 5165 ἀφροσύνῃ,
1385 5091 1668 5164 δεδύνηται

1926 5101 2050 5146 item
2073 5105 2144 5146 'ea
2173 5090 2258 5145 vis
2283 5091 2587 5145 animorum
2615 5106 2734 5161 qua:
2765 5090 2940 5160 posita
2991 5099 3071 5143 est
3119 5089 3173 5143 in
3203 5090 3412 5144 ratione
3432 5127 3449 5152 ,

165 5193 348 5247 πάλιν
381 5189 670 5244 ἀπολιπεῖν
700 5189 798 5260 τὴν
821 5189 1127 5259 αἱρήσασαν
1164 5183 1474 5257 ἀφροσύνην
1492 5225 1506 5249 ,
1555 5183 1649 5237 καὶ
1675 5182 1688 5235 ἔ

1926 5195 2026 5257 ῳιιι
2058 5196 2142 5241 est
2181 5185 2316 5240 vitio
2353 5185 2806 5253 intemperantiae,
2838 5183 3013 5253 potuit
3042 5193 3222 5238 autem
3265 5197 3449 5237 rursus

162 5301 342 5342 ναται
384 5282 696 5344 ἀπολιπεῖν,
725 5279 1006 5351 αὐτάρκης
1033 5277 1303 5345 ἀπόδειξις
1337 5281 1369 5350 ἡ
1408 5276 1503 5330 τοῦ
1555 5277 1630 5348 (9}
1665 5293 1685 5327 τ

1957 5285 2132 5348 potest
2176 5277 2654 5347 intemperantiam
2700 5275 2850 5330 illam
2877 5290 2979 5345 qua
3007 5275 3315 5343 tenebatur,
3353 5277 3451 5331 de-

166 5378 232 5450 ρὶ
267 5374 546 5445 νεωτέρου
575 5373 716 5437 υἱοῦ,
747 5375 780 5444 ή
806 5371 958 5443 παρά
976 5373 1142 5444 πατρὶ
1172 5371 1558 5444 ρᾳθυμήσασα.
1588 5371 1689 5424 Παπ

1928 5384 2091 5436 :rere,
2143 5369 2280 5424 satis
2324 5367 2520 5438 probat
2568 5366 2656 5420 illa
2697 5366 2766 5424 de
2810 5365 2920 5422 ﬁlio
2961 5366 3451 5426 adolescentium“

250 5470 297 5500 ιι
343 5464 386 5519 ll
425 5462 558 5533 Reg.
599 5478 730 5528 xm,
763 5462 855 5517 2|.
934 5463 976 5494 η
1015 5465 1135 5517 Act.
1169 5477 1223 5528 ν,
1253 5461 1342 5516 15.
1419 5460 1464 5493 ⁸⁸
1497 5460 1630 5516 Luc.
1663 5476 1752 5526 xv,

485 5480 558 5533 με.
599 5478 730 5528 xm,
763 5462 855 5517 2|.
934 5463 976 5494 η
1015 5465 1135 5517 Act.
1169 5477 1223 5528 ν,
1253 5461 1342 5516 15.
1419 5460 1464 5493 ⁸⁸
1497 5460 1630 5516 Luc.
1663 5476 1752 5526 xv,
1786 5459 1852 5514 12
1887 5473 2008 5529 sqq.

251 5564 334 5631 (6)
391 5560 758 5627 Ἐλεύθερον.
800 5555 1022 5628 Legisse
1056 5557 1269 5614 videtur
1301 5558 1569 5630 interpres
1606 5556 1765 5627 ἠλευ-

251 5652 374 5681 aou-
415 5631 568 5681 EDIT.
607 5631 848 5681 ΡΑτιιοι..

1074 5557 1269 5614 ridetur
1301 5558 1569 5630 interpres
1606 5556 1765 5627 ὴλευ-
1863 5555 2136 5681 λουμένηῖ
2167 5556 2326 5638 Enni.
2355 5557 2597 5614 pATROL.

1937 5629 1956 5681 (
2000 5630 2015 5681 l
2056 5626 2345 5681 Seuuentra
2380 5643 2571 5681 manca

169 5626 374 5707 θέρου.
415 5631 568 5685 Ειιιτ.
607 5626 848 5684 ΡΑτιιοι..
885 5626 902 5628 ⁷
1444 5626 1462 5630 ⁷
1633 5626 1640 5627 ί
1937 5626 2015 5766 ξε)
2056 5626 2345 5696 sequentia
2380 5643 2571 5685 manca
2599 5644 2746 5692 sunt.

251 5705 340 5766 (7)
393 5698 843 5766 Ἐςεαπτωμένη.
889 5698 972 5757 An
1011 5697 1378 5766 ἱφαπλωμένη
1405 5742 1418 5766 ,
1459 5716 1558 5766 pro
1587 5701 1763 5766 ἑφαπ-
1958 5698 2014 5766 9)
2057 5696 2231 5755 Locus
2268 5697 2514 5755 vitiosus.

251 5696 340 5777 Π)
393 5698 843 5772 Ἐ’φαπτωμένη.
889 5698 972 5757 An
1011 5697 1378 5772 ἱφαπλωμένη
1405 5742 1418 5768 ,
1459 5716 1558 5772 pro
1587 5701 1763 5772 ἑφαπ-

1011 5697 1378 5772 ξφαπλωμένη
1405 5742 1418 5768 ,
1459 5716 1558 5772 pro
1587 5701 1763 5772 ἑφαπ-
1937 5696 2014 5777 (9)
2057 5696 2231 5755 Locus
2268 5697 2513 5755 vitiosus.
