3858 6316
387 257 480 314 9H
1469 245 1742 302 PATRES
1781 243 2081 302 ASGYPTII
2123 240 2410 298 SIECULI
2448 242 2538 298 Ν.
3531 237 3629 294 922

387 370 526 436 apud
554 373 756 435 patrem
796 363 1029 436 ignavia.
1056 360 1294 433 Reliquit
1319 368 1546 432 patrem,
1573 358 1845 430 profectus
1879 373 1910 414 e

2110 372 2132 407 ι
2162 353 2539 416 ἀπολέλοιπεν,
2571 351 2841 405 ἐστείλατο
2868 349 2967 418 τὴν
2999 346 3135 418 πρὸς
3163 346 3231 400 τὰ
3263 345 3412 416 πάθη
3437 347 3633 436 amen.

389 435 456 516 ad
485 459 788 531 voluptates
807 435 839 524 ,7
852 462 1220 514 commoratus
1251 460 1337 508 est
1365 453 1417 508 in
1449 451 1660 506 luxuria
1689 467 1705 518 ;
1741 450 1912 506 tandet

2116 445 2207 511 ἶαν,
2252 443 2572 516 ὲνεὸράδυνε
2620 445 2688 513 τῇ
2747 440 2972 511 ἀσωτίᾳ·
3025 438 3123 509 ὀψέ
3156 454 3284 492 ποτε
3317 435 3639 491 ἀντελάϐετο

387 551 548 610 rediit
591 529 658 606 ad
702 565 760 604 se
783 588 800 615 ,
835 545 1126 602 revertitur
1151 545 1220 600 ad
1255 551 1493 614 patrem,
1528 541 1754 596 dimittit
1785 549 1906 611 turp

2114 536 2273 600 ιυτοῦ,
2310 537 2619 590 παλινοστεῖ
2647 535 2785 606 πρὸς
2818 534 2909 586 τὸν
2962 533 3174 604 πατέρα
3211 531 3306 584 καὶ
3348 529 3637 599 παλινδρο-

395 643 656 698 tudinem.
715 638 966 695 Procedit
999 635 1220 706 supplex
1254 635 1320 690 ad
1349 647 1537 703 preces
1561 673 1576 698 ,
1607 633 1918 702 consequitu

2112 631 2151 682 εῖ
2195 629 2328 700 (lO)'
2375 628 2565 698 ἀφίησι
2613 625 2682 680 τὰ
2732 624 2966 696 αἰσχρά·
3017 624 3154 695 πρὸς
3201 623 3407 676 ἱκεσίαν
3452 623 3635 691 χωρεῖ’

394 734 604 790 veniam
632 748 646 796 ;
679 740 945 800 praecepta
985 727 1128 782 enim
1173 724 1352 796 magni
1384 721 1546 788 pretii
1573 737 1694 790 quae
1725 721 1912 777 didicit

2117 721 2320 789 ιγχάνει
2373 717 2790 788 συγχωρήσεως
2836 714 3090 777 εῦστασις
3137 714 3246 786 γὰρ
3305 713 3640 784 μαθημάτων

391 823 582 892 Objecit
611 862 624 884 ,
656 821 851 889 quibus
878 819 1061 877 fletum
1093 831 1254 887 quem
1287 824 1567 886 peccatum
1597 813 1773 881 parit,
1806 812 1914 868 delt

2119 811 2360 880 πλυτελὴς
2393 809 2681 879 γενομένη,
2716 807 2807 860 τὸν
2844 808 2942 877 μὲν
2979 806 3211 877 όδυρμὸν
3239 806 3338 876 τῆς
3367 804 3642 876 ἁμαρτίας

392 894 501 972 vit,
535 916 588 960 et
617 906 983 960 celebritatem
1014 904 1190 959 laetam
1227 903 1419 958 rationi
1451 909 1875 957 consentaneam
1904 916 1915 957 ι

2121 903 2356 975 τήλειψε,
2394 903 2704 972 πανήγυριν
2730 900 2786 953 δὲ
2810 900 3032 970 λογικὴν
3072 901 3166 955 καὶ
3193 899 3344 953 θείαν
3375 898 3644 952 ἀποδέδω.

388 998 620 1054 divinam
651 1011 748 1068 pro
774 996 900 1054 lletu
934 995 1188 1051 reddidit.
2068 1012 2184 1050 κεν.

1401 1083 1530 1140 ευ.
1553 1081 1694 1138 XIV.
1725 1081 1806 1137 Ea:
1837 1079 1998 1137 Pauli
2026 1085 2246 1154 apostoli
2276 1083 2624 1137 conversione.

457 1177 654 1237 Nescio
681 1194 748 1234 an
779 1177 1092 1248 Apostolum
1118 1176 1498 1242 criminantur,
1534 1187 1590 1232 et
1618 1177 1670 1230 in
1704 1175 1964 1245 apostolis

2135 1179 2248 1230 Οὐκ
2271 1171 2387 1230 οἶδα
2413 1177 2472 1230 δὲ
2501 1177 2549 1229 εἰ
2571 1175 2664 1229 καὶ
2704 1175 2796 1229 τὸν
2822 1175 3141 1229 ’Λπόστολον
3167 1175 3566 1238 διαϐάλλουσιν,
3607 1165 3638 1237 ἢ

389 1280 679 1326 numerant
701 1280 920 1341 propter
945 1284 1100 1326 nova.
1131 1268 1187 1324 Si
1215 1283 1353 1322 nova
1383 1267 1630 1332 laudant,
1656 1267 1783 1336 quid
1812 1268 1912 1320 aiut

2120 1286 2122 1302 ι
2153 1269 2264 1329 τοῖς
2306 1265 2622 1328 ἀποστόλοις
2645 1267 2806 1320 αὑτὸν
2853 1266 3162 1337 ἐγκρίνουσι
3208 1267 3296 1320 διὰ
3340 1267 3412 1322 τὰ
3439 1268 3555 1322 νέα.
3584 1269 3643 1320 El

389 1364 456 1418 de
485 1376 550 1417 eo
572 1371 791 1433 propter
831 1373 1012 1416 vetera
1033 1400 1048 1426 ,
1092 1375 1196 1414 non
1227 1359 1373 1414 enim
1404 1361 1584 1429 priora
1614 1374 1734 1413 cum
1778 1370 1912 1428 posti

2120 1360 2167 1410 ἐν
2196 1358 2302 1427 γὰρ
2331 1357 2418 1411 διὰ
2446 1357 2515 1424 τὰ
2550 1356 2754 1410 παλαιὰ
2785 1358 3147 1422 διαϐάλλουσι,
3180 1360 3236 1412 τί
3256 1358 3442 1429 ἐροῦσι
3469 1359 3559 1413 διὰ
3580 1359 3643 1412 τὰ

389 1455 626 1511 rioribtts
648 1454 992 1509 conveniunt.
1024 1452 1204 1522 Lupus
1229 1462 1348 1506 erat
1373 1451 1601 1516 Paulus,
1633 1462 1687 1505 et
1719 1462 1912 1520 repertt

2116 1453 2165 1506 Ξα
2187 1453 2302 1518 ;-Εί
2322 1452 2377 1506 δέ
2401 1452 2470 1506 τὰ
2492 1451 2585 1505 νέα
2611 1450 2925 1517 ἐπαινοῦσι,
2953 1452 3004 1505 τί
3041 1469 3176 1521 φασι
3205 1453 3294 1505 διὰ
3313 1454 3382 1506 τὰ
3411 1452 3639 1518 παλαιά;

389 1557 474 1602 est
502 1535 724 1618 pastor;
767 1545 1068 1611 mactabat,
1112 1553 1166 1598 et
1205 1544 1361 1599 hodie
1403 1553 1653 1609 scutum;
1707 1553 1904 1612 tanqua

2120 1565 2129 1596 ›
2163 1545 2272 1614 γὰρ
2310 1543 2522 1615 συνῳδὰ
2551 1545 2619 1599 τά
2645 1543 2838 1616 πρῶτα
2865 1547 2976 1607 τοῖς
3017 1545 3286 1614 δευτέροις
3308 1560 3322 1573 ο
3353 1544 3517 1608 λύκος
3556 1539 3643 1616 ἦν,

390 1647 757 1710 propugnator
807 1637 1120 1706 sanguinem
1166 1636 1342 1706 gregis
1387 1635 1608 1691 fundere
1652 1635 1857 1700 voluit,
1909 1657 1913 1683 l

2118 1637 2164 1689 ιί
2194 1636 2396 1708 ποιμὴν
2430 1636 2648 1707 εὑρέθη·
2681 1636 2921 1707 ἀναιρῶν
2947 1631 3034 1706 ἦν,
3066 1637 3159 1690 καὶ
3187 1637 3426 1706 σήμερον
3461 1637 3641 1689 ὅπλον·

391 1732 458 1785 ad
481 1738 776 1786 extremum
802 1727 1053 1799 periculis
1075 1742 1132 1782 se
1154 1728 1360 1796 objicit,
1386 1737 1435 1783 et
1462 1728 1776 1798 sanguinem
1804 1743 1914 1782 sum

2121 1745 2145 1790 ς
2191 1697 2628 1798 ὑπερασπιστὴς,
2673 1727 2742 1781 τὰ
2790 1697 2997 1797 αἵματα
3023 1697 3138 1796 ’τῆς
3187 1697 3390 1798 ἀγέλης
3438 1729 3644 1798 ἐκχέειν

391 1819 716 1890 profundere
739 1819 962 1875 studuit.
995 1817 1110 1872 Non
1139 1820 1281 1872 enim
1312 1834 1500 1876 recens
1528 1831 1684 1876 natus
1707 1858 1723 1883 ,
1753 1827 1807 1874 et
1835 1836 1914 1874 CUI

2122 1821 2409 1890 ροῄρηται,
2446 1818 2538 1870 καλ⁸
2564 1817 2625 1870 τό
2654 1817 2953 1870 τελευταῖον
2975 1816 3293 1880 κινδυνεύει,
3315 1818 3410 1870 καὶ
3425 1818 3488 1870 τὸ
3512 1816 3645 1886 αἷμα

392 1911 579 1967 dolore
607 1920 795 1982 partus
827 1925 892 1966 ex
931 1921 1087 1966 utero
1112 1910 1322 1974 editus,
1353 1926 1522 1980 usque
1550 1911 1614 1965 ad
1643 1921 1854 1980 tempus
1885 1925 1915 1966 si

2118 1929 2126 1961 ι
2164 1910 2291 1964 ἴδιον
2327 1910 2540 1980 ἐκχέειν
2588 1908 2938 1962 ἐσπούδασεν.
2970 1909 3043 1962 Οὐ
3089 1909 3197 1978 γὰρ
3238 1907 3362 1979 ἄρτι
3413 1907 3641 1978 τεχθεὶς,

392 2000 620 2070 pultura:
651 1999 703 2054 in
736 1999 923 2054 eodem
953 2010 1095 2054 statu
1125 2001 1524 2068 perseveravit,
1550 2003 1642 2056 sed
1673 2001 1853 2071 potius
1878 2015 1915 2053 v:

2122 1998 2163 2050 ιί
2217 1998 2316 2068 τὴν
2343 1997 2508 2050 ὠδῖνα
2558 1997 2657 2070 τῆς
2711 2000 2923 2068 μήτρας
2955 1995 3238 2068 παρελθὼν
3269 1997 3462 2066 μέχρις
3505 1995 3645 2067 ὥρας

398 2091 495 2146 riis
527 2090 920 2144 mutationibus
957 2104 1021 2144 ac
1049 2092 1496 2146 conversionibus
1530 2107 1656 2148 usus
1687 2100 1789 2150 est.
1827 2092 1921 2148 Fat

2124 2087 2160 2140 μῦ
2197 2090 2477 2159 μνήματος
2511 2089 2538 2140 ό
2565 2088 2725 2152 αὐτὸς
2754 2088 2978 2142 διετέλει
2999 2105 3012 2117 ·
3051 2088 3185 2142 ἀλλὰ
3230 2088 3502 2159 κέχρηται
3531 2105 3647 2140 ποι-

396 2192 536 2238 stum
571 2182 786 2251 quidem
822 2181 986 2238 finem
1020 2193 1240 2248 nactus,
1292 2184 1412 2238 vita:
1455 2199 1583 2239 vero
1633 2185 1919 2240 instituti0t

2129 2181 2246 2244 λαις
2280 2180 2593 2248 διαλλαγαῖς
2626 2181 2720 2234 καὶ
2753 2180 3092 2250 μεταϐολαῖς·
3123 2182 3295 2232 αἴσιον
3323 2181 3423 2250 μὲν
3456 2180 3521 2234 τὸ
3568 2181 3649 2233 τέ-

394 2273 658 2343 superiori
687 2275 958 2329 contraria
987 2290 1136 2339 usus,
1167 2291 1272 2328 non
1300 2275 1601 2340 erubescit,
1629 2290 1804 2346 neque
1827 2288 1912 2331 tac

2126 2291 2161 2336 ις
2212 2273 2536 2345 εὑράμενος,
2589 2273 2934 2344 παλιμφήμῳ
2982 2272 3037 2324 δέ
3085 2272 3432 2344 χρησάμενος
3460 2275 3529 2343 τῇ
3559 2273 3649 2343 νέᾳ

392 2371 599 2417 vetera.
650 2361 887 2416 Laudem
935 2363 1058 2418 vitae
1105 2379 1256 2417 nova:
1301 2364 1505 2432 putavit
1536 2379 1694 2426 esse.
1727 2365 1871 2434 quod
1905 2382 1915 2417 ι

2123 2370 2328 2437 ἀγωγῇ·
2361 2367 2574 2436 ἀμέλει,
2605 2366 2706 2419 οὐκ
2729 2364 2976 2437 ἐρυθριᾷ,
3010 2365 3068 2417 οὐ
3103 2365 3280 2434 σιωπᾷ
3326 2365 3396 2418 τὰ
3425 2365 3646 2424 παλαιά⁶

397 2465 547 2510 tanta
582 2457 942 2526 perversitate
972 2470 1224 2524 egresms
1248 2494 1262 2516 ,
1292 2453 1356 2506 ad
1386 2463 1591 2508 tantum
1624 2455 1836 2509 culmen
1864 2454 1914 2507 vi

2128 2456 2346 2527 ’κώμιον
2375 2458 2469 2511 τοῦ
2508 2458 2628 2510 νέου
2661 2457 2773 2528 βίου
2803 2455 3106 2526 νενόμικεν,
3141 2455 3224 2509 ὃτι
3270 2456 3335 2508 ἐκ
3387 2455 3651 2525 τοσαύτης

397 2546 528 2601 tutis
553 2561 800 2601 reversus
832 2558 933 2610 est,
961 2557 1015 2600 et
1039 2545 1267 2599 clamat:
1293 2543 1509 2613 Propter
1528 2548 1624 2599 hoc
1648 2543 1801 2600 Jews
1821 2545 1920 2600 Chr

2126 2547 2409 2618 ιυλότητος
2460 2546 2773 2617 παρελθὼν,
2826 2545 2918 2597 ἐπὶ
2961 2544 3292 2616 τηλικαύτην
3341 2545 3649 2618 ἀκρώρειαν

401 2647 508 2691 stus
540 2638 672 2694 venit
717 2637 771 2692 in
813 2640 1098 2702 mundum,
1129 2646 1182 2689 ut
1216 2647 1507 2704 peccatores
1552 2637 1726 2692 salvos
1757 2638 1924 2706 facere

2127 2640 2171 2709 γς
2203 2639 2408 2709 ἀρετῆς
2439 2636 2755 2708 ἀνελήλυθε,
2785 2637 2877 2689 καὶ
2900 2635 2998 2707 βοᾷ.
3019 2654 3032 2667 ·
3062 2638 3164 2689 Διὰ
3193 2636 3371 2690 τοῦτο
3414 2637 3650 2704 Ἰησοῦς

395 2743 618 2798 quorum
665 2728 865 2796 primus
915 2743 1006 2798 ego
1059 2743 1194 2782 sum.
1228 2724 1331 2780 Sed
1385 2726 1502 2779 ideo
1557 2727 1918 2782 misericordia

2130 2730 2326 2796 ριστὸς
2353 2725 2540 2800 ἦλθεν
2575 2729 2663 2794 εὶς
2693 2725 2799 2779 τὸν
2827 2727 3060 2794 κόσμον
3077 2766 3092 2791 ,
3127 2725 3518 2795 ἁμαρτωλοὺς
3543 2725 3653 2781 σῶ-

400 2827 708 2874 consecutus
758 2833 901 2880 sum,
951 2826 1004 2870 ut
1056 2817 1110 2868 in
1161 2832 1241 2869 me
1280 2816 1445 2882 primo
1493 2818 1780 2873 ostenderet
1820 2817 1923 2872 Jest

2128 2838 2200 2884 at,
2237 2815 2324 2874 ὧν
2371 2820 2604 2888 πρῶτός
2631 2820 2746 2888 ειμι
2781 2816 2922 2887 ἐγώ·
2956 2818 3116 2872 ἀλλὰ
3140 2818 3237 2872 διὰ
3274 2816 3451 2872 τοῦτο
3475 2817 3651 2886 ἠλεή-

398 2923 602 2961 omnem
646 2909 953 2975 patientiam
999 2908 1066 2960 ad
1122 2906 1547 2975 informationem
1603 2907 1846 2975 illorum,
1887 2925 1918 2979 q

2129 2929 2209 2979 νιν,
2239 2912 2339 2964 ἵνα
2375 2911 2716 2980 ἐνδείξηται
2749 2907 2989 2976 Ἰησοῦς
3019 2909 3089 2962 ὲν
3115 2909 3242 2979 ἐμοὶ
3268 2908 3386 2977 τὴν
3409 2907 3652 2964 ἅπασαν

399 2995 648 3052 credituri
676 3007 796 3052 sunt
828 2995 905 3050 illi
935 2996 989 3049 in
1021 2995 1180 3050 vitam
1209 3003 1454 3050 retentam
1487 2995 1554 3051 “.

2128 2997 2261 3052 ὐτοῦ
2278 2997 2712 3067 μακροθυμίαν,
2757 2992 2907 3062 πρὸς
2952 2997 3341 3052 ὑποτύπωσιν
3377 2993 3651 3066 ubrsz-

1999 3082 2308 3160 στειλάντων
2327 3090 2653 3143 πιστεύειν.

1457 3199 1587 3254 CAP.
1627 3198 1744 3256 XV.
1768 3199 2004 3268 Apostoli
2029 3203 2259 3272 primunt
2284 3215 2602 3272 peccatores.

469 3295 602 3350 Cum
659 3304 838 3350 autem
876 3295 1100 3350 chorum
1155 3294 1517 3363 apostolorum
1582 3296 1974 3361 contemplabi-

2158 3298 2325 3352 Ὅταν
2352 3298 2409 3350 δὲ
2446 3299 2540 3354 καὶ
2567 3301 2667 3372 τὴν
2696 3300 2916 3372 χορείαν
2955 3301 3064 3354 τῶν
3090 3299 3404 3355 ἀποστόλων
3438 3297 3651 3371 ῐδωμεν,

402 3402 544 3455 mur,
569 3386 922 3456 intelligemus
945 3401 1014 3442 ex
1042 3386 1410 3459 peccatoribus
1441 3397 1493 3438 et
1525 3385 1764 3454 profanis
1797 3387 1918 3439 hont

2131 3390 2136 3452 ᾗ
2163 3388 2505 3460 ἁμαρτωλῶν
2545 3390 2710 3462 αὐτὴν
2765 3391 3032 3462 εἰσόμεθα
3057 3391 3152 3444 καὶ
3180 3390 3420 3461 βεϐήλων
3449 3389 3654 3461 ἀνθρώ-

402 3479 560 3535 nibus
592 3477 758 3534 fuisse
789 3479 1094 3545 collectum,
1145 3478 1234 3548 qui
1267 3477 1432 3532 multa
1460 3477 1587 3531 olim
1620 3492 1925 3546 peccaverat

2132 3499 2217 3544 nov,
2234 3523 2239 3530 .
2257 3481 2352 3534 καὶ
2385 3480 2557 3538 πολλὰ
2583 3481 2643 3536 τὸ
2669 3482 2896 3536 παλαιὸν
2940 3482 3294 3544 ἐπταικότων,
3325 3482 3420 3535 καὶ
3461 3480 3655 3552 μηκέτι

403 3580 460 3626 et
485 3587 589 3627 non
612 3579 742 3626 sunt
764 3571 992 3640 amplius
1018 3585 1201 3626 errore
1232 3569 1398 3638 lapsi;
1434 3569 1487 3624 in
1519 3571 1712 3638 quibus
1735 3569 1840 3623 duo
1862 3569 1926 3621 Ῑιιι

2132 3573 2389 3643 ραλεύτων
2419 3574 2464 3645 (l
2481 3574 2549 3645 ι),
2572 3573 2754 3628 καὶτὰ
2780 3573 2872 3627 δύο
2896 3573 3222 3645 ἐσχηκότων,
3263 3572 3360 3626 καὶ
3387 3570 3458 3625 τά
3491 3570 3655 3625 πολλὰ

405 3669 551 3730 runt,
578 3663 754 3732 lapsos
789 3662 976 3726 fuisse,
1011 3673 1066 3716 et
1099 3677 1205 3716 non
1229 3661 1339 3731 jam
1363 3661 1542 3730 lapsos
1565 3677 1706 3716 esse.
1759 3660 1910 3728 Quod

2132 3663 2371 3733 ςφάλθαι.
2425 3665 2490 3717 Ei
2547 3664 2645 3736 μὲν
2685 3660 2776 3718 οὖν
2835 3663 3047 3734 φύσεως
3104 3660 3244 3735 ἦσαν
3305 3661 3522 3732 κακῆς,
3571 3661 3655 3714 ἀεὶ

408 3753 547 3807 mala
604 3763 797 3807 natura
829 3752 1033 3822 praediti
1096 3752 1342 3820 fuissent,
1375 3767 1588 3821 semper
1623 3762 1931 3822 peccassent

2134 3772 2316 3811 παιον·
2348 3757 2396 3808 εί
2422 3754 2478 3808 δὲ
2508 3754 2721 3825 φύσεως
2742 3755 2933 3825 καλῆς,
2959 3755 3210 3809 οὐδέποτε
3234 3753 3458 3808 ἐπταισν
3476 3769 3493 3784 ’
3523 3753 3574 3806 εί
3601 3751 3657 3807 ἂ

408 3859 616 3910 rursus,
667 3844 711 3898 si
750 3845 888 3897 booa
938 3852 1152 3906 natura,
1210 3858 1479 3911 nunquam
1528 3851 1846 3912 peccassent
1889 3863 1903 3896 :

2134 3847 2254 3902 ολλά
2295 3847 2614 3916 σφαλέντες,
2646 3849 2739 3902 καὶ
2775 3848 2983 3919 μεγάλα
3005 3847 3441 3919 άμαρτήσαντες,
3475 3845 3571 3898 ἐπὶ
3599 3841 3657 3899 τὸ

413 3951 538 3992 tero
571 3936 624 3988 in
661 3935 842 3988 multis
872 3933 1026 4003 lapsi,
1062 3943 1114 3986 et
1147 3949 1266 3988 cutn
1311 3933 1474 3988 multa
1511 3940 1730 4002 peccata
1759 3947 1930 3986 comm

2131 3939 2158 4010 ἢ
2197 3939 2534 4011 ἁμαρτάνειν
2585 3939 2895 4004 ἐληλύθασι,
2947 3938 3042 3993 καὶ
3073 3940 3166 3992 ἐπὶ
3190 3939 3252 3992 τὸ
3299 3937 3541 4006 ἀσφαλὲς
3570 3934 3654 4006 βε-

410 4027 627 4090 sissent,
654 4040 719 4080 eo
744 4036 1030 4080 evaserunt
1062 4036 1115 4078 ut
1143 4040 1246 4079 non
1288 4035 1594 4094 peccarent,
1636 4035 1691 4077 et
1723 4024 1787 4076 ad
1819 4024 1933 4075 vitai

2133 4031 2340 4084 ,ωκέναι
2367 4027 2550 4102 ἦλθον,
2575 4031 2848 4085 δείκνυται
2871 4033 2900 4084 ὁ
2925 4031 3022 4100 τῆς
3060 4029 3238 4100 ψυχῆς
3260 4029 3384 4099 ὅρος
3407 4027 3656 4094 αὐτεξού·

411 4117 479 4174 ab
519 4115 1041 4189 erroribusliberatn
1099 4117 1450 4180 devenerunt,
1487 4123 1697 4168 constat
1732 4121 1934 4166 natural

2130 4138 2196 4185 ,ος
2224 4120 2298 4174 ὢν
2329 4122 2423 4178 καὶ
2471 4123 2950 4194 αὐτοπροαίρετος.
2988 4120 3062 4191 μὴ
3109 4119 3245 4190 πρός
3277 4136 3329 4172 τι
3376 4118 3653 4188 πεφυκὼς·

411 4211 606 4264 animae
635 4207 788 4262 liberi
819 4207 1028 4262 arbitrii
1061 4222 1125 4261 ac
1152 4205 1621 4270 voluntatisesse,
1653 4218 1755 4257 non
1778 4203 1842 4256 ad
1883 4203 1931 4256 al

2134 4213 2401 4284 ροαιρέσει
2430 4213 2485 4268 δὲ
2509 4214 2608 4284 τὴν
2637 4212 2938 4284 μεταϐολὴν
2963 4213 3312 4281 ποιούμενος,
3337 4211 3433 4264 καὶ
3469 4209 3657 4282 τρεπό-

413 4300 541 4370 quid
573 4307 764 4353 natura
791 4299 1008 4364 factam,
1065 4300 1158 4354 sed
1193 4299 1456 4352 electione
1481 4297 1806 4351 mutationes
1829 4310 1936 4364 capt

2134 4321 2245 4368 ενος
2271 4305 2402 4358 ὅπου
2430 4307 2525 4358 καὶ
2555 4305 2822 4375 βούλεται,
2866 4305 2960 4358 καὶ
2983 4301 3385 4373 παλινδρομῶν,
3411 4302 3544 4354 ὅπου
3568 4299 3657 4352 καὶ

413 4380 506 4457 re;
540 4404 860 4461 quocunque
898 4391 1010 4445 vult
1057 4405 1116 4445 se
1141 4399 1352 4445 vertere
1381 4397 1433 4444 et
1465 4389 1660 4454 redire,
1695 4403 1802 4457 quo
1841 4387 1931 4440 red

2133 4398 2429 4468 ροαιρεῖται
2452 4411 2466 4426 ⁸
2501 4398 2596 4452 καὶ
2631 4397 2706 4467 πῆ
2745 4397 2863 4466 μὲν,
2897 4395 3035 4448 οὓτω
3057 4393 3393 4463 διάγωνιπῆ
3414 4393 3494 4455 δέ,
3520 4391 3656 4445 οὕτω

413 4492 525 4535 tum
577 4481 761 4553 eligit;
801 4491 856 4536 et
901 4483 1166 4536 interdum
1220 4481 1298 4536 sic
1330 4481 1544 4551 degere,
1573 4479 1843 4534 interdum
1883 4478 1936 4532 εἰς

2132 4491 2180 4542 ιι
2218 4489 2362 4542 οὓτω
2421 4490 2624 4558 διάγων
2663 4490 2736 4552 ὡς
2770 4488 3048 4560 βούλεται·
3113 4488 3208 4541 καὶ
3257 4486 3357 4556 τὴν
3409 4485 3655 4555 βούλησιν

412 4583 472 4628 ιιι
497 4573 630 4638 vult,
659 4573 862 4628 faciens
906 4573 1236 4628 voluntatem
1272 4588 1424 4627 suam
1480 4585 1723 4625 normam
1764 4584 1935 4624 suarm

2128 4581 2300 4645 ιυτοῦ,
2336 4582 2534 4635 κανόνα
2566 4581 2671 4634 τῶν
2715 4579 3056 4651 πραγμάτων
3089 4576 3280 4630 ἐαυτοῦ
3310 4575 3651 4645 ποιούμενος·

416 4679 594 4719 rerum
635 4682 648 4719 :
679 4679 867 4718 norma
894 4664 1036 4718 enim
1065 4663 1294 4718 actionis
1333 4673 1415 4717 est
1442 4661 1688 4716 voluntas
1715 4660 1939 4714 facienti:

2135 4669 2263 4722 ινὼν
2291 4669 2400 4740 γὰρ
2428 4669 2676 4741 πράξεως
2697 4671 2728 4740 ή
2753 4668 3002 4739 βούλησις
3029 4667 3120 4721 τοῦ
3143 4665 3509 4737 ἐργαζομένου
3536 4680 3658 4731 τυγ-

417 4754 474 4810 Si
506 4765 682 4810 autem
713 4769 831 4822 qua:
851 4755 1077 4808 oderant
1098 4754 1420 4816 dilexerunt,
1451 4759 1504 4806 et
1543 4766 1662 4820 qua:
1689 4750 1940 4805 dilexerat

2130 4757 2258 4812 a'tvet.
2319 4759 2381 4811 Εἰ
2411 4759 2467 4811 δὲ
2491 4759 2527 4812 ἃ.
2559 4759 2915 4829 μεμισήκασι,
2947 4757 3298 4827 πεφιλήκασι,
3324 4755 3418 4809 καὶ
3439 4755 3475 4810 ἃ
3501 4773 3653 4824 πεφι-

415 4854 665 4912 oderttnt,
692 4859 748 4902 et
800 4861 902 4901 non
936 4845 1032 4900 fuit
1060 4845 1322 4900 sententia
1371 4845 1475 4897 lixa
1526 4844 1578 4896 in
1607 4843 1749 4907 odio,
1785 4844 1876 4897 sed
1905 4843 1938 4896 it

2132 4849 2306 4917 ήκασι,
2338 4851 2696 4926 μεμισήκαςι,
2729 4849 2822 4901 καὶ
2843 4849 2904 4901 οὐ
2934 4849 3179 4920 πέπηγεν
3204 4849 3235 4918 ἡ
3277 4847 3468 4919 γνώμη
3502 4848 3560 4900 ἐν
3584 4845 3655 4917 τῷ

417 4950 530 4996 star
560 4939 794 4994 volucris
817 4938 1006 4993 leviter
1043 4953 1102 4991 se
1139 4936 1393 4990 transfert
1435 4949 1540 5003 quo
1570 4934 1861 4998 desiderat,
1897 4934 1940 4986 ul

2137 4938 2257 4998 ίσει,
2311 4938 2443 4992 ἀλλὰ
2497 4940 2700 5009 πτηνοῦ
2727 4941 2882 5011 δίκην
2918 4939 3134 5008 κούφως
3162 4938 3506 5010 μεθίσταται,
3533 4941 3653 4992 ὅπου

416 5041 499 5087 est.
563 5030 795 5085 natura?
845 5027 1067 5098 Oportet
1117 5028 1256 5080 enim
1309 5034 1558 5080 naturam
1610 5039 1727 5092 quze
1775 5039 1939 5093 sempt

2132 5029 2182 5081 al.
2211 5027 2392 5081 ποθεῖ·
2431 5029 2531 5083 ποῦ
2567 5031 2599 5100 ή
2650 5031 2838 5101 φύσις;
2885 5033 2975 5084 Δεῖ
3002 5031 3111 5102 γὰρ
3145 5031 3242 5101 τὴν
3285 5031 3445 5100 φύσιν
3481 5029 3655 5102 μισοῦ-

417 5121 550 5184 odit,
575 5133 791 5188 semper
815 5118 939 5172 odio
967 5117 1169 5170 habere
1200 5114 1337 5183 quod
1369 5113 1513 5179 odit;
1547 5123 1601 5168 et
1627 5128 1745 5182 qua:
1772 5128 1940 5182 setnpt

2131 5135 2213 5180 αν,
2248 5118 2334 5170 ἀεὶ
2363 5122 2542 5190 μισεῖν
2571 5119 2633 5172 τὸ
2672 5120 2917 5191 μισηθὲν,
2949 5121 3040 5172 καὶ
3073 5120 3349 5187 φιλοῦσαν,
3382 5121 3468 5174 ἀεὶ
3497 5120 3654 5189 φιλεῖν

418 5220 584 5273 amat,
641 5222 854 5278 semper
905 5221 1090 5261 amare
1141 5206 1280 5276 quod
1334 5203 1572 5270 amavit;
1625 5215 1681 5258 et
1729 5219 1834 5259 non
1875 5205 1941 5275 ja:

2133 5209 2152 5261 5
2180 5209 2402 5280 φιληθέν
2423 5227 2436 5243 ·
2493 5212 2688 5284 μηκέτι
2725 5211 2790 5265 τὰ
2831 5212 3176 5283 μεμισημένα
3207 5213 3401 5282 φιλεῖν,
3439 5213 3571 5284 μηδέ
3596 5209 3656 5263 τὰ

415 5315 600 5356 amare
626 5314 747 5371 qua:
771 5299 894 5354 odio
926 5297 1134 5361 habuit,
1159 5309 1330 5366 neque
1353 5309 1472 5365 qua:
1507 5293 1707 5350 amavit
1737 5294 1860 5351 odio
1887 5296 1938 5350 lt:

2133 5301 2442 5373 τεφιλημένα
2477 5305 2691 5374 μισεῖνο
2734 5304 2868 5358 ὅπου
2903 5302 3015 5371 γὰρ
3060 5303 3412 5360 ἀλλάττονται
3441 5306 3498 5358 αἱ
3531 5301 3656 5372 γνῶ-

491 5439 536 5473 “
575 5437 592 5491 Ι
625 5435 768 5491 Tim.
805 5431 993 5502 ι,15,
1035 5435 1116 5491 16.

524 5594 606 5666 l0)
641 5595 747 5649 Kal
773 5595 1172 5666 παλινδρομεῖ.
1202 5593 1305 5652 lsta
1331 5595 1648 5666 exciderunt
1673 5591 1974 5666 interpreti.

2128 5590 2287 5666 ἐντες,
2318 5604 2416 5660 pro
2439 5587 2759 5662 σφαλεύτες,
2785 5592 2928 5662 quod
2953 5593 3176 5652 verbum
3201 5601 3285 5652 est
3310 5593 3484 5652 nihili.
3507 5593 3651 5651 Eutr.

524 5597 585 5649 l0
641 5597 747 5649 Kal
773 5597 1172 5666 παλινδρομεῖ.
1202 5597 1305 5652 Ista
1331 5597 1648 5650 exciderunt
1673 5597 1974 5662 interpreti.

492 5597 606 5738 illi
635 5669 1009 5735 Σφαλεύτων.
1070 5668 1210 5739 Lege
1251 5664 1582 5736 σφαλέντων,
1613 5672 1668 5722 et
1687 5665 1825 5721 infra
1857 5677 1993 5732 σφα-

816 5597 1172 5666 ἀλινδρομεῖ.
1202 5597 1305 5652 Ista
1331 5597 1648 5650 exciderunt
1673 5597 1974 5662 interpreti.
2087 5597 2287 5653 λέντες,
2318 5606 2339 5660 ς

816 5669 1009 5722 εύτων.
1070 5668 1210 5739 Lege
1251 5664 1582 5736 σφαλέντων,
1613 5665 1825 5722 etinfra
1857 5677 1993 5732 σφα-
2072 5660 2339 5716 .ΡΑ·ηιοι..
