3858 6312
201 342 305 398 9t3
1133 353 1192 411 s.
1241 355 1660 413 ssmmoms
1697 354 1898 414 LIBER
1939 358 2103 416 aov.
2143 357 2588 416 nummos.
3384 342 3490 415 ιιι

205 477 324 530 μαι,
352 462 453 516 καὶ
481 463 810 538 τηλικαῦται
845 470 1021 537 φιλίαι
1051 474 1310 540 τοιαύτας
1341 474 1684 547 λαμϐάνουσι
1709 491 1728 529 ⁸1

1968 492 2057 533 :re.
2080 476 2182 533 Ubi
2201 487 2380 532 autem
2400 477 2682 532 sententia:
2699 482 2978 532 mutantur
2990 482 3046 531 et
3073 481 3149 530 tot
3165 474 3491 529 mutationes

206 554 535 624 μεταϐολὰς,
564 559 685 624 πῶς
709 562 810 616 οὐκ
838 562 905 618 ἂν
935 564 1020 638 εἴη
1053 565 1259 637 ἅμιλλα
1284 568 1346 621 τὸ
1377 564 1652 639 πρᾶγμσίῖ

1969 567 2123 636 piunt
2151 566 2430 632 amicitiae,
2449 566 2576 635 quid
2595 565 2738 622 aliud
2771 580 2858 622 res
2884 574 2968 623 est
2994 563 3492 638 quam'certamen?

1010 656 1144 712 Car.
1171 657 1312 713 XVI.
1344 657 1654 715 Subatantia
1681 658 1865 713 eadem
1893 669 2014 713 ante
2051 667 2103 712 et
2137 669 2251 727 post
2283 659 2689 715 conversionem.

283 744 568 817 Ἐμισεῖτό
619 767 750 805 ποτε
803 753 833 805 ό
870 753 1080 824 Ἰησοῦς
1132 756 1241 809 ὑπὸ
1289 754 1388 810 τοῦ
1421 754 1662 819 Παύλου,
1710 754 1804 808 καὶ

1985 753 2299 810 llabebatur
2352 755 2643 826 aliquando
2671 752 2829 812 Iesus
2856 755 2980 810 odio
3014 769 3044 809 ιι
3075 753 3263 819 Paulo,
3291 759 3348 808 et
3379 764 3490 806 ma-

208 836 344 891 πάνυ
391 840 693 912 πεφίληται
755 843 862 898 ὑπὸ
911 844 1007 898 τοῦ
1072 847 1440 918 μεμισηκότος
1465 863 1478 878 ·
1508 847 1731 916 ἐφιλεῖτο

1966 861 2146 918 mpere
2172 856 2385 903 amatus
2416 856 2496 903 est
2525 848 2594 902 ab
2622 861 2688 904 eo
2716 848 2806 918 qui
2840 849 3050 903 oderat.
3083 846 3382 902 Amabatur
3411 842 3489 897 la-

202 924 431 1000 λῃστεία
490 931 598 985 ὑπὸ
619 932 713 986 τοῦ
757 935 979 1009 λῃστοῦ,
1005 938 1098 991 καὶ
1129 939 1371 1008 ἐμισεῖτο
1400 939 1433 1010 ἡ
1473 938 1640 1010 ἀρετή
1663 955 1676 968 ·
1710 953 1725 988 ι

1963 937 2198 992 ocininm
2253 952 2282 992 a
2309 937 2539 1001 latrone,
2571 947 2626 993 et
2670 937 2796 994 odio
2818 945 2934 993 erat
2965 938 3169 1001 virtus;
3208 943 3256 989 et
3283 940 3486 989 tantam

201 1018 462 1073 τοσοῦτον
514 1024 776 1096 μετετέθη
831 1027 864 1096 ἡ
919 1026 1151 1090 διάνοια,
1203 1028 1278 1092 ὡς
1323 1027 1692 1100 ὑπερφιλῆσαι

1967 1029 2260 1086 ntationem
2294 1043 2446 1084 mens
2477 1029 2638 1099 cepit,
2669 1038 2727 1084 ut
2765 1029 2906 1099 quod
2939 1027 3093 1083 valde
3123 1027 3332 1089 oderat,
3367 1037 3483 1077 ma-

201 1109 345 1164 πάνυ
388 1117 800 1186 μεμισημένονο
857 1119 1017 1174 τοῦτο
1039 1121 1148 1192 γάρ
1181 1121 1312 1175 ἴδιόν
1340 1122 1454 1176 ἐστι
1489 1121 1583 1175 τοῦ
1613 1123 1724 1194 εύαι

1963 1136 2143 1190 tepere
2202 1132 2431 1177 amaret.
2495 1121 2606 1177 Hoc
2634 1122 2778 1176 enim
2808 1121 3083 1193 proprium
3115 1127 3199 1176 est
3247 1117 3366 1188 ejus
3394 1117 3485 1188 qui

198 1218 318 1267 του,
349 1207 580 1278 φιλῆσαι
619 1211 716 1281 μὲν
750 1211 813 1266 τὸ
836 1214 1090 1286 μισηθὲν,
1136 1219 1364 1286 μισῆσαι
1387 1215 1442 1270 δὲ
1470 1215 1530 1269 τὸ
1555 1215 1716 1288 φιληθ

1964 1213 2089 1267 ndio
2124 1213 2340 1269 virtutis
2393 1223 2626 1280 tenetur,
2681 1228 2865 1269 amare
2921 1212 3137 1284 quidem
3176 1210 3319 1282 quod
3361 1209 3486 1266 odio

199 1295 402 1350 Πολλοὶ
432 1299 543 1354 νέοι
565 1302 717 1366 ὄντες
735 1308 1072 1378 πεφιλήκασι
1103 1307 1172 1360 τὰ
1193 1308 1416 1379 αἰσχρά,
1451 1308 1545 1363 καὶ
1568 1325 1722 1380 μεμιι

1961 1314 2222 1360 'osecntus
2276 1306 2476 1370 fuerat,
2529 1315 2584 1360 et
2618 1305 2743 1360 odio
2768 1305 2967 1362 habere
2996 1304 3139 1373 quod
3166 1311 3484 1373 prosecutus

200 1405 332 1441 κασι
359 1389 432 1443 τὰ
468 1393 674 1462 σεμνάο
739 1396 836 1449 καὶ
886 1399 1128 1469 σήμερον
1188 1400 1246 1452 ὲν
1279 1397 1480 1467 γνώσει
1515 1400 1723 1468 γεγονό-

1961 1411 2111 1450 nore.
2128 1396 2267 1464 Quin
2289 1397 2398 1451 imo
2419 1396 2789 1452 adolescentes
2816 1396 3118 1464 voluptates
3138 1395 3484 1458 adamaruat,

196 1479 618 1554 διακέκρινταιο
677 1486 768 1541 διὰ
800 1488 959 1543 τοῦτο
999 1491 1120 1544 οὐδὲ
1184 1491 1675 1560 ὲπιγινὼσκονταιο
1713 1495 1719 1540 ἑ

1999 1486 2224 1541 honesta
2268 1486 2396 1542 odio
2457 1487 2784 1544 habuerunt.
2852 1484 3023 1541 Hodie
3073 1483 3346 1562 cernimus
3391 1494 3485 1535 eos

197 1574 362 1630 τοῦτο
392 1578 734 1647 ἠγωνίσαντο
756 1581 969 1646 ἑαυτοῖς
988 1600 1001 1612 ο
1037 1583 1126 1637 διὰ
1153 1583 1312 1638 τοῦτο
1345 1583 1465 1638 οὐδὲ
1494 1585 1678 1638 εἰκόνα
1703 1585 1800 1657 τὴν
1901 1589 2022 1630 esse
2045 1575 2097 1630 in
2126 1576 2351 1632 scientia
2382 1585 2439 1632 et
2470 1577 2806 1645 cognitione;
2833 1573 3034 1630 idcirco
3064 1585 3164 1628 nec
3182 1584 3487 1640 agnoscun-

197 1665 448 1720 παλαιὰν
511 1663 902 1739 λαμϐάνουσιί
948 1673 1127 1728 καίτοι
1176 1675 1455 1746 ἄνθρωποι
1506 1675 1602 1728 καὶ
1647 1677 1720 1729 αύη

1966 1683 1992 1723 ι·
2016 1682 2032 1733 ;
2077 1667 2280 1724 idcirco
2305 1683 2491 1724 secum
2529 1675 2910 1732 certaverunt;
2939 1663 3140 1720 idcirco
3169 1677 3268 1719 nec
3299 1659 3487 1731 imagi-

197 1758 363 1813 εἰσιν.
423 1759 503 1816 Οὐ
537 1763 631 1816 τοῦ
677 1759 817 1819 εἶναι
847 1765 1125 1836 ἄνθρωποι
1165 1767 1502 1822 ἐπαύσαντο·
1534 1768 1720 1840 μενούσ

1962 1775 2027 1815 ειη
2057 1770 2294 1815 veterem
2341 1769 2606 1815 sumunt:
2640 1767 2696 1814 at
2731 1759 2976 1816 homines
3029 1766 3176 1822 sunt,
3223 1765 3275 1811 et
3321 1753 3485 1807 iidem

196 1851 300 1921 τῆς
328 1852 550 1918 ούσίας,
603 1857 664 1910 ού
703 1857 955 1929 μένουσιν
983 1862 1032 1912 οἱ
1069 1860 1281 1932 τρόποι.
1319 1860 1385 1914 Αἱ
1412 1860 1594 1914 οὐσίαι
1614 1861 1674 1914 οὐ
1705 1861 1719 1913 λ

1970 1858 2046 1904 ιιι.
2072 1848 2188 1904 Non
2217 1849 2498 1906 desierunt
2522 1863 2646 1906 esse
2679 1851 2961 1915 homines;
2999 1857 3250 1903 manente
3284 1843 3484 1913 alioqui

195 1942 413 2008 λυνται,
443 1947 495 1999 οἱ
542 1947 602 2001 δὲ
630 1949 824 2020 τρόποι
866 1950 1284 2026 καταλέλυνται·
1317 1952 1448 2024 ἔστη
1487 1952 1586 2024 μὲν
1619 1954 1652 2025 ἠ
1679 1953 1718 2007 ἐι

1960 1939 2225 2005 ιιιειιιιιιίιι,
2282 1955 2386 1994 non
2447 1949 2670 1996 manent
2725 1953 2925 1996 mores.
2987 1937 3316 1994 Substantiae
3380 1948 3483 1990 non

199 2049 330 2086 στου
353 2035 537 2100 οὐσία,
565 2039 598 2109 ὴ
623 2038 718 2091 τοῦ
754 2039 1042 2120 ἀνθρώπου
1067 2041 1225 2096 οὐσία
1243 2060 1257 2074 ο
1298 2043 1411 2098 ἀλλ’
1445 2043 1630 2097 οὐκέτι
1659 2061 1722 2113 γν

1960 2041 2028 2086 mt
2051 2031 2263 2096 solutae,
2288 2047 2466 2087 mores
2492 2033 2687 2088 sublati
2714 2043 2859 2088 sunt.
2893 2031 3326 2100 Uniuscujusque
3356 2026 3483 2083 sub-

198 2124 341 2194 ρεζω
371 2126 464 2180 τὸν
493 2128 780 2200 ἄνθρωπον
803 2147 818 2162 °
866 2119 1079 2204 πόρνος
1107 2129 1197 2204 ἦν,
1255 2135 1351 2189 καὶ
1381 2135 1614 2206 σώφρων
1641 2135 1721 2204 γέ·

1957 2124 2103 2178 antia
2149 2125 2360 2178 exstitit
2413 2124 2648 2179 hominis
2701 2123 3038 2188 substantia;
3098 2121 3192 2178 sed
3223 2136 3330 2176 non
3370 2119 3479 2186 junt

195 2232 292 2269 νεν
313 2233 328 2246 ·
355 2217 542 2290 ἅρπαξ
570 2216 660 2292 ἦν,
701 2223 795 2276 καὶ
819 2223 912 2276 τὸν
935 2225 1285 2296 εὐεργετικὸν
1304 2226 1614 2298 μεμίμηται
1648 2226 1718 2297 βίι

1952 2215 2179 2268 nminem
2213 2229 2469 2285 agnosco.
2531 2215 2658 2269 Erat
2705 2213 3042 2277 libidinosus,
3100 2222 3156 2268 et
3188 2212 3364 2268 factus
3401 2213 3475 2264 esi

193 2309 259 2362 ού
291 2311 391 2364 τὸν
419 2314 750 2386 χαρακτῆρα
780 2315 875 2369 τοῦ
903 2316 1197 2389 προσώπου
1228 2317 1442 2382 λέλυκε,
1477 2318 1628 2388 μένει
1653 2319 1716 2371 ὁπ

1950 2308 2152 2362 ndicus.
2187 2306 2352 2362 Latro
2402 2316 2541 2372 erat,
2573 2319 2627 2362 et
2657 2309 2822 2361 vitam
2880 2307 3095 2376 benigni
3146 2314 3203 2358 et
3252 2302 3473 2360 beneﬁci

192 2401 383 2470 ᾶζιεως
436 2407 758 2478 χαρακτήρ·
827 2408 888 2460 οὐ
962 2407 1061 2480 τὴν
1106 2407 1230 2478 ὄψιν
1281 2409 1383 2479 τῆς
1443 2409 1659 2479 φύσεως
1707 2439 1715 2462 ι

1953 2398 2156 2453 nitatus
2182 2400 2294 2454 est.‘
2316 2396 2432 2453 Non
2462 2399 2686 2469 tiguram
2732 2411 2976 2467 persona:
3009 2395 3238 2460 delevit;
3274 2408 3476 2464 perma-

193 2493 430 2565 ᾕρηκεν.
1301 2524 1303 2526 -
1911 2501 2041 2548 nent
2079 2490 2406 2546 lineamenta
2457 2501 2746 2562 aspectus;
2799 2506 2904 2546 non
2955 2488 3486 2558 abstulitaspcctum

1897 2594 2127 2640 naturae.

1270 2707 1398 2764 Car.
1434 2705 1598 2762 XVII.
1639 2705 1800 2762 Modo
1835 2704 1977 2758 dicta
2017 2701 2421 2770 conﬁrmantur.

272 2785 450 2841 Ὅταν
507 2791 605 2863 μὲν
661 2794 749 2848 τὸν
798 2795 1085 2868 ἄνθρωπον
1125 2799 1238 2864 ἴδω,
1301 2799 1650 2870 ὲπιγινώσκω
1692 2794 1795 2862 οἷός

1978 2795 2110 2850 Cum
2173 2795 2444 2849 hominem
2496 2792 2670 2861 video,
2707 2808 2942 2866 agnosco
2990 2792 3165 2865 qualis
3212 2798 3329 2857 est;
3363 2804 3483 2844 cum

196 2877 352 2930 ἐστιν
371 2894 385 2909 ο
421 2879 552 2934 ὅταν
576 2883 632 2937 δὲ
661 2885 752 2938 τὸν
780 2887 980 2958 τρόπον
1003 2888 1288 2962 θεωρήσω,
1325 2889 1602 2962 ξενίζομαι
1620 2907 1633 2920 ·
1671 2891 1719 2944 οἱ

1962 2901 2038 2941 :ro
2068 2899 2245 2939 mores
2274 2883 2629 2953 contemplor,
2654 2882 2913 2946 admiror,
2944 2897 3048 2936 non
3074 2878 3304 2950 amplius
3329 2891 3485 2946 agno-

196 2969 286 3025 ἐτι
343 2975 633 3047 γνωρίζω⁸
684 2981 717 3050 ὴ
782 2979 1092 3056 μεταλλαγὴ
1131 2982 1219 3035 τὸν
1270 2983 1524 3054 ξενισμὸν
1568 2983 1719 3054 δεδώε

1962 2993 2020 3032 ηο.
2067 2977 2276 3032 Merum
2315 2975 2599 3031 translatio
2661 2975 3076 3032 admirationem
3109 2972 3308 3029 attulit.
3347 2971 3485 3026 Sub-

194 3077 316 3116 ται.
376 3063 488 3116 Καὶ
535 3067 591 3119 αἱ
623 3068 722 3138 μὲν
755 3068 933 3122 οὐσίαι
964 3070 1064 3124 ούκ
1092 3069 1411 3142 ἠλλάγησαν
1432 3089 1444 3101 ⁸
1504 3071 1653 3142 μένει
1689 3089 1717 3140 γ

1965 3071 2116 3125 antis:
2145 3071 2361 3139 quidem
2415 3085 2519 3124 non
2551 3077 2679 3125 sunt
2722 3077 2975 3132 mutatae;
3026 3080 3222 3137 corpus
3249 3064 3392 3120 enim
3430 3062 3488 3117 in

195 3153 263 3208 τὸ
287 3154 474 3228 σῶμα,
505 3159 601 3230 οὐχ
635 3161 822 3232 ἕτερον
845 3163 1068 3233 γεγονός
1089 3179 1102 3192 ·
1134 3162 1259 3217 οὔτε
1293 3163 1403 3235 γὰρ
1437 3163 1498 3216 τὸ
1527 3163 1684 3234 σῶμα

1958 3163 2201 3218 ιῢειειιιιίιι
2231 3153 2474 3232 corporis
2529 3169 2858 3232 perseverat.
2912 3160 3027 3215 Non
3061 3159 3203 3214 aliud
3239 3157 3438 3213 factum
3469 3171 3481 3222 ;

193 3246 264 3299 τὸ
293 3247 592 3320 ἀσώματον
629 3253 890 3326 μετετέθη
913 3270 928 3285 ο
958 3254 1082 3308 οὕτε
1108 3257 1140 3326 ἡ
1168 3255 1314 3328 ψυχὴ
1355 3257 1517 3329 ἑτέρα
1538 3259 1603 3328 τῇ
1639 3258 1716 3310 ούι

1958 3273 2007 3312 2c
2059 3258 2202 3312 enim
2231 3272 2429 3327 corpus
2482 3258 2533 3310 in
2600 3256 2979 3326 incorporeum
3026 3252 3345 3308 translatum
3381 3260 3481 3314 est,

196 3337 456 3409 ὑπῆρξεν
477 3359 490 3372 ο
523 3342 659 3397 ἀλλὰ
703 3345 980 3416 μενουσῶν
1011 3346 1120 3402 τῶν
1154 3347 1373 3413 οὐσιῶν,
1409 3349 1478 3402 τὰ
1518 3349 1719 3422 ὲπιτηδε

1959 3364 2006 3404 :c
2033 3350 2212 3402 anima
2246 3348 2348 3402 alia
2377 3346 2584 3402 exstitit
2614 3347 2907 3402 secundum
2933 3343 3288 3400 substantiam
3315 3360 3328 3397 :
3357 3343 3482 3413 quin

199 3444 356 3500 ματα
388 3431 490 3486 οὐκ
516 3434 720 3505 ἔμεινε.

1958 3440 2086 3495 )tins
2146 3439 2490 3495 manentibus
2513 3437 2853 3504 substantiis,
2911 3451 3016 3491 non
3071 3441 3481 3506 permanserunt1

1907 3529 2107 3586 studia.
2169 3541 2180 3548 ‘

1096 3621 1228 3678 CAP.
1263 3621 1450 3677 XVIII.
1496 3621 1644 3677 Idem
1681 3634 2045 3693 argumentum
2088 3640 2270 3677 rursus
2301 3633 2582 3678 astrunur.

272 3713 345 3768 Tl
373 3709 470 3770 οὖν
520 3715 787 3788 ὲροῦμενς
819 3718 868 3770 εἰ
915 3719 1192 3790 μενουσῶν
1223 3719 1332 3774 τῶν
1359 3719 1554 3774 ούσιῶν
1587 3719 1655 3774 τά
1687 3720 1795 3773 ἐπι-

1979 3719 2118 3784 Ouid
2176 3720 2341 3790 igitur
2371 3719 2656 3774 dicemus?
2688 3718 2733 3774 si
2785 3717 3126 3774 manentibus
3170 3711 3489 3772 substantiis

196 3805 523 3879 τηδεύματα
558 3809 659 3863 οὐκ
695 3809 932 3880 ἔμεινεν,
968 3810 1151 3864 οὐκέτι
1204 3810 1435 3882 οὐσιώδη
1471 3809 1540 3864 τά
1603 3811 1719 3863 ὲπιτ

1961 3829 2014 3868 )n
2051 3823 2466 3882 permanserunt
2497 3814 2693 3878 studia,
2738 3829 2841 3868 non
2883 3812 3066 3866 insunt
3104 3813 3158 3866 in
3184 3810 3484 3866 substantia

193 3899 486 3972 δεύματαο
516 3899 554 3974 ἦ
617 3903 726 3976 γὰρ
794 3905 860 3958 ἂν
907 3908 1002 3960 καὶ
1052 3905 1331 3977 συνέμεινε
1393 3907 1513 3968 ταῖς
1563 3905 1716 3958 ούσία

1962 3906 2103 3961 ndia.
2168 3905 2226 3961 Si
2263 3908 2406 3960 enim
2449 3907 2500 3960 in
2531 3906 2832 3961 substantia
2882 3905 3140 3968 inessent,
3181 3899 3340 3959 simul
3363 3913 3485 3954 cum

195 3994 295 4047 καὶ
326 3993 430 4046 οὐκ
466 3993 532 4048 ἂν
565 3995 969 4068 ἀπηλλάττοντο
994 4015 1007 4029 ·
1046 3998 1172 4051 εἰδὲ
1212 3998 1552 4069 μεμενήκασι
1615 3995 1714 4066 μὲν

1973 3995 2221 4050 hstantiis
2259 4005 2665 4065 permanerent,
2698 4005 2752 4050 et
2805 4009 2912 4049 non
2947 4002 3305 4050 mutarentur.
3333 3990 3487 4062 Quod

193 4086 401 4151 οὐσίαι,
467 4087 529 4140 ού
582 4090 925 4161 μεμενήκασι
962 4091 1019 4144 δὲ
1073 4089 1142 4144 τὰ
1190 4088 1625 4161 ἐπιτηδεύματα,
1679 4088 1714 4141 ἀ

1987 4089 2303 4144 substantiae
2350 4088 2409 4142 in
2467 4099 2657 4144 natura
2692 4103 2786 4144 sua
2816 4096 3322 4161 perseveraverunt,
3378 4101 3487 4142 non

195 4179 485 4251 ὀφθαλμὸς
519 4181 548 4233 ὁ
595 4181 764 4235 πάλαι
809 4182 1131 4255 αἱρούμενος
1167 4185 1234 4254 τῇ
1276 4182 1436 4254 ἡδονῇ
1489 4180 1718 4235 ἀντικλεῐ

1964 4192 2082 4235 Item
2109 4192 2590 4249 perseveraverttnl
2620 4183 2820 4250 studia,
2847 4183 2939 4237 sed
2980 4181 3157 4252 ponus
3182 4179 3371 4236 oculus
3395 4178 3487 4249 qui

128 4289 132 4292 ·
193 4271 297 4344 τὴν
321 4272 684 4344 σωφροσύνην
709 4273 900 4346 ἔσχενδ
955 4276 1071 4347 ἡδὲ
1105 4275 1327 4345 γλῶσσα
1365 4277 1399 4346 ἡ
1453 4275 1622 4330 πάλαι

1967 4274 2026 4326 int
2054 4273 2323 4344 voluptate
2354 4274 2685 4342 capiebatur,
2708 4274 3117 4344 temperantiam
3133 4287 3232 4344 pro
3251 4273 3490 4328 claustro

195 4379 383 4434 χειρος
403 4364 500 4416 καὶ
523 4363 842 4435 πρόϐουλος,
861 4367 953 4419 καὶ
979 4365 1088 4419 τῶν
1112 4363 1319 4437 βουλῶν
1343 4365 1718 4438 προεπαγομέι

1964 4363 2128 4427 ibuit;
2173 4363 2353 4434 lingua
2409 4379 2528 4432 qnte
2582 4365 2710 4420 olim
2744 4373 2987 4433 prompta
3015 4373 3069 4419 et
3102 4376 3340 4433 praeceps
3388 4359 3487 4416 fuit

195 4456 324 4527 ἄρτι
365 4455 572 4528 χαλινῷ
601 4458 869 4524 πείθεται,
907 4459 1001 4512 καὶ
1037 4457 1316 4526 ὁμολογεῖ,
1344 4457 1440 4510 καὶ
1476 4456 1545 4510 τὰ
1573 4457 1718 4526 ἀσφα

1968 4457 2188 4511 consilia
2210 4472 2567 4526 pra-currens,
2586 4457 2696 4526 jam
2723 4456 2877 4513 freno
2902 4457 3127 4511 rationis
3152 4455 3489 4525 obtemperat

195 4549 539 4618 φθέγγεται·
599 4549 690 4602 τδο
718 4549 776 4602 δὲ
820 4549 980 4622 σῶμα
1031 4548 1501 4619 ἑκδεδιαιτημένον
1533 4551 1546 4605 ί
1559 4546 1644 4619 12)
1667 4549 1718 4620 ἆε

1979 4550 2288 4616 confitetur,
2318 4559 2372 4605 et
2401 4566 2519 4622 quae
2551 4565 2736 4606 errore
2765 4558 2970 4616 carent,
2993 4548 3261 4619 loquitur;
3291 4561 3487 4618 corpus

193 4642 402 4712 ἠρεμεῖ
453 4640 546 4693 καὶ
577 4640 902 4711 συνεστάλη,
933 4641 1024 4694 καὶ
1044 4639 1230 4693 λοιπὸν
1257 4641 1559 4710 σωφρονεῖο
1600 4639 1700 4692 οὐκ

1958 4657 2035 4697 :ro
2066 4643 2226 4712 paulo
2253 4652 2378 4698 ante
2398 4652 2516 4699 erat
2550 4643 2600 4696 in
2630 4651 2794 4707 metu,
2822 4642 3170 4713 quiescebat;
3200 4648 3314 4697 erat
3351 4655 3481 4697 con-

193 4734 363 4803 φύσις
407 4732 503 4786 τοῦ
539 4732 819 4804 ὀφθαλμοῦ
854 4732 1050 4804 ὄρεξις,
1094 4731 1218 4786 οὕτε
1273 4731 1520 4802 γλώττης
1579 4749 1716 4804 προιπ

1960 4745 2152 4798 actum,
2177 4745 2231 4790 et
2261 4744 2444 4805 postea
2477 4743 2773 4806 temperate
2789 4735 2920 4791 vivit
2939 4755 2952 4791 :
2973 4737 3483 4806 sequiturnaturam

189 4844 336 4891 τεια,
367 4823 496 4878 οὔτε
528 4824 779 4896 σώματος
807 4828 841 4898 ἡ
872 4825 1132 4898 ρᾳθυμίαο
1169 4826 1228 4879 οὐ
1261 4826 1373 4896 (13)
1405 4826 1461 4879 δὲ
1492 4829 1604 4890 τοῖς
1639 4843 1708 4896 ιρυ

1964 4826 2033 4882 ιιΙί
2069 4842 2174 4882 non
2201 4842 2322 4883 esse
2342 4829 2660 4899 appetitum,
2690 4843 2864 4898 neque
2891 4827 3084 4896 linguae
3113 4834 3362 4882 naturam
3393 4841 3487 4898 ped

190 4922 311 4982 κοῖς
342 4917 635 4990 ἐπιστῆναι
671 4918 770 4984 δεῖ,
806 4921 902 4972 καὶ
927 4919 1098 4973 ταῦτα
1125 4919 1200 4990 μὴ
1230 4919 1540 4991 σιωπῆσαι·
1590 4919 1713 4988 όφθο

1968 4919 2203 4983 Iantiam,
2230 4933 2404 4988 neque
2434 4919 2676 4989 corporis
2695 4929 2938 4973 naturam
2961 4915 3230 4988 pigritiam
3252 4926 3307 4970 et
3337 4915 3491 4987 igna-

191 5013 299 5085 μοῦ
329 5007 400 5084 ἦν
428 5011 488 5065 τὸ
519 5011 755 5082 βλέπειν,
812 5011 872 5065 ού
895 5012 956 5066 τὸ
994 5012 1110 5076 πῶς
1135 5011 1354 5082 βλέπειν
1381 5029 1396 5044 ο
1426 5012 1522 5066 καὶ
1544 5011 1714 5082 γλώττ

1964 5025 2061 5064 tm.
2081 5009 2232 5078 Quod
2257 5011 2301 5067 si
2319 5021 2529 5081 oportet
2547 5012 2597 5065 in
2623 5009 2955 5066 naturalibus
2973 4999 3286 5080 persistere,
3305 5016 3359 5064 et
3381 5022 3487 5064 non

186 5103 256 5179 ἦν
285 5105 477 5158 λαλεῖν
501 5104 614 5176 (M)
635 5123 648 5136 ο
683 5109 715 5176 ἡ
751 5105 858 5176 γὰρ
888 5106 1111 5177 ποιότης
1139 5105 1246 5159 τῶν
1287 5107 1608 5177 κινημάτων
1634 5107 1689 5160 ὲν

1964 5117 2012 5155 ιο
2038 5112 2237 5168 tacere,
2259 5101 2398 5157 oculi
2434 5113 2550 5154 erat
2584 5101 2782 5164 videre,
2815 5116 2920 5156 non
2950 5099 3218 5170 quomodo
3247 5100 3487 5164 videret;

190 5195 522 5269 προαιρέσει
573 5199 789 5250 κεῖταιο
837 5199 871 5267 ἠ
921 5196 977 5249 δὲ
1020 5187 1165 5268 ἁπλῆ
1218 5196 1314 5248 καὶ
1377 5195 1656 5259 ἀκίνδυνος
1689 5213 1713 5249 τ

1979 5195 2171 5263 lingua:
2199 5197 2322 5248 item
2349 5194 2516 5262 loqui,
2547 5209 2649 5246 non
2673 5194 2941 5263 quomodo
2966 5192 3280 5261 loqueretur
3306 5211 3320 5247 :
3354 5209 3492 5264 qua-

189 5283 545 5354 πραγμάτων
573 5283 789 5355 κίνησις
814 5287 928 5348 τοῖς
961 5284 1180 5354 μέλεσιν
1203 5283 1550 5340 ἀποδέδοται·
1576 5285 1712 5339 ἀκίνὲ

1966 5301 2026 5338 as
2055 5285 2198 5338 enim
2250 5293 2492 5338 motuum
2529 5286 2700 5352 posita
2732 5294 2814 5338 est
2845 5283 2898 5337 in
2929 5282 3218 5339 electione.
3245 5282 3487 5354 Simplex

188 5395 282 5440 νος
317 5371 416 5429 οὖν
445 5377 480 5446 ﬂ
513 5375 656 5446 ἁπλῆ
689 5354 953 5446 κίνησις·
985 5375 1182 5448 ἄδηλος
1214 5376 1271 5430 δὲ
1309 5378 1342 5448 ή
1369 5375 1672 5450 μεταϐολή·
1701 5395 1711 5431 ι

2033 5392 2104 5442 m,
2133 5386 2186 5431 et
2209 5392 2312 5430 non
2333 5375 2630 5445 periculosa
2663 5391 2841 5430 rerum
2862 5375 3028 5432 mctio
3051 5375 3311 5432 membris
3337 5373 3492 5431 attri-
3537 5354 3549 5377 ’

190 5465 430 5536 γνώμης
456 5464 556 5535 μὲν
581 5465 677 5518 καὶ
709 5465 1071 5537 μαθημάτων,
1108 5466 1429 5538 ἡγουμένων
1463 5465 1573 5520 τῶν
1602 5469 1713 5540 όμμ

1962 5471 2104 5524 titur.
2134 5469 2378 5524 Perieulo
2404 5469 2566 5538 igitur
2590 5479 2742 5522 vacat
2768 5468 2994 5539 simplex
3030 5476 3244 5537 motus;
3284 5467 3485 5524 incerta

265 5604 389 5678 (ιε)
421 5605 493 5660 Τό
523 5603 594 5658 δὲ
623 5605 794 5678 σῶμα
818 5607 1015 5664 exesa.
1047 5605 1220 5663 Vertit
1242 5607 1541 5676 Basnagins
1575 5625 1589 5661 :
1623 5624 1808 5676 corpus
1921 5608 2046 5662 Inde
2076 5607 2251 5661 hiulca
2291 5605 2578 5661 admodum
2611 5613 2698 5678 est
2721 5605 3094 5676 interpretatio
3124 5603 3339 5660 Latina.

192 5677 478 5731 luxuriose
506 5678 678 5730 uiuens
711 5680 986 5750 novissime
1019 5680 1233 5750 quiescit
1265 5694 1284 5733 :
1314 5680 1554 5732 timidum
1591 5680 1788 5748 factum
1976 5677 2090 5750 (l5)
2123 5681 2224 5732 Οὐ.
2261 5677 2324 5750 Εἰ
2353 5678 2556 5750 legisse
2579 5677 2790 5731 videtur
2815 5677 3099 5750 inter-pra.

196 5758 300 5820 est,
333 5757 385 5820 et
425 5756 608 5820 postea
644 5749 760 5820 uiuit
797 5741 1098 5815 temperate.
1150 5749 1420 5815 interpres
1465 5741 1647 5805 nosu-r
1693 5764 1790 5818 pro
1974 5741 2092 5820 (Μ)
2123 5747 2367 5805 Λαλεῑν.
2387 5746 2515 5802 Post
2547 5749 2687 5820 hanc
2713 5761 2922 5820 vocem,
2954 5741 3056 5804 ista
3087 5745 3254 5801 etiam
3301 5741 3494 5814 legerit

201 5817 677 5891 ἐκδεδιῃτημένον
731 5818 928 5892 legisse
979 5821 1190 5877 videtur
1222 5839 1236 5876 :
1265 5819 1484 5887 ἐδεδίει,
1532 5821 1724 5892 τημερ‹

1265 5819 1484 5887 ἐδεδίει,
1532 5821 1791 5892 τήμερον.
1903 5817 2170 5892 interpres
2205 5841 2218 5876 ;
2251 5820 2311 5875 ού
2353 5820 2413 5872 τὸ
2440 5820 2556 5884 πῶς
2589 5817 2787 5874 λαλεῖν.
