3860 6324
453 347 560 406 915

1555 347 1832 407 PATRES
1867 348 2168 407 EGYPTII
2210 349 2485 409 SECULI
2525 350 2613 410 IV.

3611 352 3709 410 9l6

452 481 584 524 vero
608 472 695 522 est
723 463 952 521 mutatio
986 480 1000 519 :
1031 477 1094 521 ac
1115 461 1376 536 iudicium
1413 465 1630 536 quidem
1667 476 1724 524 et
1749 467 2028 540 disciplina
2059 518 2062 528 .

2142 485 2262 533 των,
2314 467 2466 536 δεξιὰ
2520 442 2760 523 καῖθεία
2789 467 2994 539 βλέψις,
3026 467 3189 542 μέχρι
3232 469 3342 523 τῶν
3379 467 3711 534 ἀξιωθέντων

451 560 895 632 praeceptionum,
927 572 1050 615 cum
1076 567 1334 630 tanquam
1365 561 1532 616 duces
1554 561 1726 617 oculis
1767 569 2030 632 praeeunt,

453 662 636 708 rectus
665 660 719 709 et
769 651 982 708 divinus
1037 659 1122 708 est
1182 661 1452 723 aspectus,
1509 669 1681 725 usque
1720 656 1785 710 ad
1820 670 1881 710 ea
1912 669 2034 725 quae

453 753 674 812 aspectu
705 743 863 815 digna
886 753 1011 799 sunt
1037 752 1342 814 porrectus.
1384 745 1516 802 Cum
1553 761 1682 802 vero
1708 743 2030 818 negligentia

2132 563 2482 637 ἐκτεινομένη
2508 580 2522 593 ·
2587 563 2860 636 ῥᾳθυμίας
2913 563 2970 618 δὲ
3009 565 3338 638 κρατούσης,
3393 563 3601 634 αίσχρὲι
3629 564 3713 614 καὶ

2135 654 2361 726 κίϐδηλα
2399 655 2472 708 τὰ
2504 655 2807 726 πράγματα
2829 671 2845 687 ·
2904 653 3047 709 οὕτω
3101 656 3198 709 καὶ
3226 655 3406 726 σῶμα,
3439 654 3587 708 οὕτω
3627 653 3713 705 καὶ

2135 749 2242 802 πᾶν
2279 747 2440 818 μέλος
2471 749 2571 818 τὴν
2593 747 2790 820 πρᾶξιν
2819 749 2974 819 τιμᾷ,
3015 747 3114 819 τὴν
3151 747 3410 820 πρόθεσιν
3446 748 3708 818 μιμεῖται.

453 834 786 903 dominatur,
846 846 1032 907 turpes
1076 842 1142 894 ‘et
1194 835 1386 894 fucatae
1436 850 1562 895 sunt
1599 855 1708 894 res.
1744 839 1837 896 Sic
1865 839 2062 896 etiam.

2142 838 2312 892 Καλὸν
2359 838 2421 892 τὸ
2466 837 2880 910 πεπλασμένον·
2928 839 3147 893 δύναται
3205 838 3314 909 γὰρ
3375 837 3711 909 ὑπηρετῆσαι

454 917 653 999 corpus
683 968 700 995 ,
759 931 839 986 sic
884 947 1046 988 omne
1103 932 1406 987 membrum
1453 932 1720 987 actionem
1779 931 2028 997 honorat,

455 1019 729 1076 actionem
760 1022 1027 1080 imitatur.
1059 1023 1267 1079 Bonum
1307 1033 1391 1080 est
1419 1025 1561 1094 quod
1589 1023 1880 1080 formatum
1909 1033 2029 1089 est;

451 1122 629 1184 potest
658 1115 802 1170 enim
851 1115 1124 1172 deservire
1166 1116 1372 1171 virtuti.
1431 1115 1648 1172 Sancta:
1675 1124 1801 1170 sunt
1851 1115 2026 1183 leges;

454 1214 650 1262 curant
671 1210 813 1262 enim
843 1217 902 1262 ut
929 1207 1256 1279 diligentiam
1291 1207 1544 1263 adhibeat
1570 1207 1712 1278 quod
1740 1207 2028 1263 formatum

452 1304 557 1351 est.
605 1294 772 1352 Misce
800 1312 922 1352 cum
951 1296 1276 1353 formatione
1316 1297 1511 1367 legem,
1546 1305 1602 1353 et
1655 1297 1862 1352 videbis
1887 1297 2029 1366 quod
2057 1318 2102 1352 τι·

451 1383 747 1442 formatum
776 1396 883 1452 est,
913 1388 1325 1444 similitudinem
1353 1386 1470 1456 ejus
1519 1387 1611 1458 qui
1650 1386 1907 1444 formavit
1940 1387 2034 1442 ha-

451 1476 606 1544 bere,
638 1478 1043 1550 imitabiturque
1069 1495 1190 1535 eum
1213 1497 1230 1547 ;
1283 1479 1366 1535 sin
1390 1495 1518 1536 vero
1545 1479 1810 1535 formatus
1840 1495 1918 1547 es,
1943 1482 2036 1537 sed

451 1565 778 1628 lineamenta
809 1572 1153 1629 forntationis
1175 1589 1280 1629 non
1313 1573 1491 1629 reddis
1517 1573 1769 1638 formato,
1803 1572 1916 1630 fere
1940 1589 2035 1630 ae-

2131 935 2331 1005 ἀρετῇ·
2368 934 2504 1004 ἱεροὶ
2534 934 2583 987 οε
2607 933 2794 1004 νόμοι·
2834 933 3184 1003 ἐπιμέλονται
3216 931 3325 1004 γὰρ
3362 930 3465 1001 τῆς
3502 928 3712 998 μελείας

2131 1025 2226 1080 τοῦ
2276 1020 2684 1096 πεπλασμένου.
2724 1024 2897 1090 Μίξον
2946 1027 3013 1096 τῇ
3041 1025 3237 1079 πλάσει
3286 1023 3378 1076 τὸν
3405 1021 3595 1092 νόμον,
3627 1020 3714 1073 καὶ

2132 1115 2253 1186 ὕψει
2301 1117 2363 1170 τὸ
2399 1115 2801 1187 πεπλασμένον,
2831 1115 3007 1180 ἐοικὸς
3031 1115 3110 1187 τῷ
3157 1114 3486 1180 πεπλακότι,
3509 1113 3606 1166 καὶ
3635 1129 3714 1184 μι-

2136 1210 2368 1280 μήσεται
2391 1208 2482 1261 τὸν
2515 1208 2833 1262 πεπλακότα
2851 1224 2864 1238 ·
2895 1209 2944 1261 εί
2965 1207 3022 1261 δὲ
3043 1208 3143 1280 τὴν
3175 1207 3369 1262 πλάσιν
3398 1206 3570 1276 ἔχεις,
3598 1204 3716 1265 τοὺς

2131 1301 2189 1355 δὲ
2219 1301 2416 1372 νόμους
2441 1299 2576 1372 (15),
2607 1301 2963 1372 χαρακτῆρας
2995 1299 3155 1363 όντας
3185 1299 3286 1370 τῆς
3317 1297 3598 1359 πλάσεως,
3625 1295 3713 1348 οὑκ

2131 1391 2396 1456 ἀποδίδως
2449 1390 2526 1462 τῷ
2569 1391 2953 1462 πεποιημένῳ,
3015 1388 3342 1452 κινδυνεύεις
3390 1386 3714 1456 κατηγορεῖν

2132 1482 2378 1554 διαϐολῇ,
2430 1480 2678 1553 ὑϐρίζειν
2705 1480 2880 1535 δοκῶν
2925 1480 2987 1534 τὸ
3025 1477 3420 1550 πεποιημένον·
3460 1475 3623 1546 ὓϐριν
3646 1473 3714 1544 τῷ

2137 1577 2467 1648 πεποιηκότι
2501 1575 2731 1648 ἐργάζῃ.

453 1677 618 1720 cusas
658 1671 714 1721 et
763 1665 1114 1722 ealumniaris
1162 1673 1478 1732 auctorem;
1519 1673 1734 1721 etcum
1781 1666 1986 1722 videris
2015 1667 2444 1724 contumeliosus
2495 1683 2615 1725 esse
2660 1667 2714 1722 in
2761 1667 2812 1722 id
2867 1668 3009 1738 quod
3057 1664 3254 1722 factum
3300 1672 3404 1730 est,
3435 1671 3712 1719 contume-

455 1755 585 1813 liam
610 1755 779 1814 infers
804 1757 854 1815 ei
881 1757 975 1830 qui
1001 1756 1152 1814 fecit.

1333 1828 1464 1884 Car.
1499 1825 1643 1883 XIX.
1682 1827 1902 1885 Mutatis
1941 1828 2190 1891 moribus,
2219 1825 2394 1879 anima
2419 1839 2521 1896 non
2550 1831 2806 1876 mutatur.

525 1922 970 1995 Quandoquidem
1001 1937 1130 1980 vero
1164 1922 1342 1994 aliqua
1371 1931 1456 1978 est
1479 1923 1672 1978 animae
1697 1923 2019 1988 substantia,
2057 1932 2096 1985 Β

453 2021 510 2070 et
544 2027 652 2070 non
702 2024 787 2071 est
833 2015 1008 2070 soluta
1064 2029 1240 2084 neque
1290 2013 1528 2070 solvetur
1552 2013 1851 2070 substantia
1881 2013 2032 2084 ejus;

2142 2013 2200 2067 οὐ
2221 2011 2440 2066 λέλυται
2481 2011 2651 2081 αὐτῆς
2675 2013 2710 2081 η
2737 2010 3056 2073 ὑπόστασις,
3093 2008 3214 2062 οὐδὲ
3237 2007 3562 2079 λυθήσεται·
3595 2007 3712 2060 πολ-
3739 2009 3743 2012 ’

455 2119 598 2175 saepe
617 2114 795 2162 autem
823 2106 984 2163 soluti
1011 2114 1067 2161 et
1095 2105 1293 2162 sublati
1322 2114 1448 2161 sunt
1477 2120 1657 2162 mores
1685 2123 1700 2161 :
1732 2105 1862 2176 quid
1889 2106 2031 2177 quod

452 2195 588 2252 solvi
615 2204 810 2266 potest,
855 2205 1115 2266 tanquam
1148 2195 1284 2252 solvi
1314 2210 1422 2251 non
1452 2196 1645 2267 possit,
1675 2195 2036 2253 substantiale

453 2300 574 2343 esse
601 2287 914 2344 confiteris?
940 2285 1077 2342 Sunt
1097 2301 1470 2358 smpenumero
1501 2287 1694 2343 animat
1720 2295 1894 2358 captae
1923 2286 2036 2356 qui-

452 2377 578 2434 dem
618 2378 1003 2446 imprudentia,
1037 2389 1222 2448 postea
1255 2393 1384 2434 vero
1409 2379 1747 2448 prudentiam
1772 2378 2035 2448 amplexa:

452 2479 601 2528 sunt.
659 2469 726 2526 Et
777 2485 966 2527 rursus
1017 2485 1162 2541 saepe
1189 2471 1474 2542 prudentia
1503 2470 1759 2535 illustres,
1794 2471 2035 2540 quando-
2070 2491 2112 2519 μ

453 2576 561 2634 que
616 2561 671 2617 in
731 2559 1146 2632 imprudentiam
1194 2560 1522 2616 ceciderunt.
1587 2558 1742 2629 Saepe
1792 2559 2032 2615 audisti:

454 2650 631 2707 Homo
663 2667 780 2705 cum
811 2651 866 2705 in
897 2651 1093 2704 honore
1113 2659 1265 2715 esset,
1289 2666 1394 2704 non
1432 2649 1682 2704 intellexit
1708 2667 1728 2716 ;
1754 2667 2034 2718 compara-

454 2754 540 2800 tus
564 2753 640 2800 est
683 2743 938 2812 jumentis
993 2743 1384 2812 insipientibus,
1439 2752 1484 2797 et
1513 2743 1700 2797 similis
1755 2740 1925 2811 [dctus
1958 2753 2034 2797 est

453 2835 563 2890 illis
587 2835 650 2891 ".
680 2833 947 2890 Clamavit
971 2833 1134 2889 etiam
1158 2833 1354 2890 Paulus
1387 2853 1400 2888 :
1442 2831 1617 2888 Stulta
1656 2835 1840 2889 mundi
1884 2834 2035 2906 elegit

2207 1917 2426 1990 Ἐπειδὴ
2470 1917 2528 1971 δὲ
2574 1917 2668 1972 καλ⁴
2700 1920 2767 1989 τῇ
2800 1915 2944 1988 ψυχῇ
2983 1915 3098 1969 ἔστι
3122 1931 3215 1984 τις,
3261 1915 3590 1977 ὑπόστασις,
3621 1913 3705 1967 καὶ

2136 2105 2295 2169 λάκις
2320 2104 2377 2158 δὲ
2418 2103 2637 2157 λύονται
2667 2103 2716 2156 οί
2763 2102 2978 2174 τρόποι,
3009 2102 3103 2156 καὶ
3143 2102 3397 2157 δύνανται
3449 2099 3708 2168 λυθῆναι·

2135 2197 2285 2259 τίὼς
2321 2195 2396 2266 μὴ
2440 2193 2737 2264 δυνάμενον
2781 2191 3007 2262 λυθῆναι
3035 2191 3098 2244 τὸ
3133 2191 3430 2262 δυνάμενον
3477 2187 3710 2257 λυθῆναι,

2136 2285 2393 2348 οὐσιῶδες
2443 2284 2757 2354 όμολογεῖς;
2785 2285 2906 2337 Εἰσὶ
2933 2283 3103 2354 ψυχαὶ
3137 2282 3396 2345 πολλάκις
3421 2281 3524 2352 μὲν
3553 2279 3713 2350 ἀφρο-

2139 2377 2273 2450 σύνῃ
2297 2375 2620 2448 αἱρεθεῖσαι,
2657 2374 2884 2448 ὕστερον
2914 2375 2970 2429 δὲ
2997 2375 3310 2448 φρονήσεως
3338 2373 3551 2445 ἥψαντο
3572 2391 3585 2402 ·
3627 2371 3714 2424 καὶ

2139 2469 2401 2532 πολλάκις
2453 2469 2855 2540 διαπρέπουσαι
2907 2471 2966 2523 ὲν
3000 2470 3292 2542 φρονήσει·
3335 2467 3568 2538 ὕστερόν
3595 2481 3712 2517 ποτε

2136 2563 2216 2625 είς
2241 2559 2552 2633 ἀφροσύνην
2606 2559 2948 2614 πεπτώκασι.
2989 2561 3254 2624 Πολλάκις
3284 2561 3559 2631 ἤκουσας·
3596 2558 3714 2610 'Ar-

2137 2657 2369 2720 θρωπος
2409 2651 2480 2704 ἐν
2510 2649 2649 2720 τιμῇ
2692 2649 2778 2702 ὢν
2803 2652 2876 2704 οὐ
2905 2649 3140 2718 συνῆκε
3159 2666 3172 2679 ·
3215 2643 3710 2718 aramve-361150;)

2137 2743 2262 2811 τοῖς
2293 2743 2543 2811 κτήνεσι
2585 2742 2710 2807 τοῖς
2739 2741 3037 2809 ἀνοήτοις,
3069 2740 3167 2794 καὶ
3195 2739 3460 2810 ὡμοιώθη
3496 2736 3709 2799 αὐτοῖς.

2150 2835 2376 2906 Ἐϐόησε
2403 2835 2460 2888 δὲ
2490 2835 2582 2887 καὶ
2614 2833 2859 2897 Παῦλος·
2908 2831 2989 2886 Τὰ
3013 2832 3183 2902 μωρὰ
3211 2830 3316 2886 τοῦ
3364 2830 3599 2898 κόσμου
3627 2828 3712 2892 ἐξ·

455 2925 622 2991 Deus,
654 2933 711 2980 ut
736 2927 992 2989 sapientes
1012 2925 1352 2994 confunderet
1383 2925 1446 2979 ".
1476 2925 1643 2997 Igitur
1674 2925 1764 2994 qui
1788 2934 1942 2979 erant
1980 2927 2032 2980 in
2057 2955 2062 2981 ;

2142 2926 2396 2992 ελέξατο
2423 2927 2456 2980 ό
2498 2925 2663 2991 Θεὸς,
2707 2925 2808 2978 ἵνα
2857 2925 3229 2994 καταισχύνῃ
3273 2922 3418 2988 τοὺς
3467 2920 3708 2988 σοφούς.

454 3014 706 3080 stultitia,
728 3013 792 3069 ad
818 3015 1161 3086 prudentiam
1197 3016 1564 3084 devenerunt;
1586 3027 1642 3071 et
1665 3015 1759 3086 qui
1793 3025 1948 3070 erant
1979 3016 2032 3072 in

2142 3017 2371 3082 Οὐκοῦν,
2435 3019 2482 3070 οἱ
2515 3016 2580 3069 ὲκ
2608 3014 2821 3087 μωρίας
2875 3016 2970 3068 ἐπὶ
2997 3014 3095 3085 τὴν
3124 3014 3383 3085 φρόνησιν
3410 3009 3708 3082 ἐληλύθασι,

455 3104 761 3176 prudentia,
793 3107 861 3161 ad
901 3105 1182 3162 stultitiam
1217 3123 1235 3162 :
1274 3114 1328 3162 et
1348 3106 1605 3178 segnities
1629 3107 1847 3177 quidem
1879 3120 2032 3162 men-

2142 3111 2235 3165 καὶ
2280 3110 2346 3164 ὲκ
2389 3109 2704 3180 φρονήσεως
2731 3109 2825 3162 ἐπὶ
2851 3107 2949 3179 τὴν
2978 3106 3210 3179 μωρίαν,
3237 3104 3331 3159 καὶ
3357 3103 3601 3176 ῥᾳθυμία
3626 3102 3711 3173 μὲν

459 3204 566 3250 tem
596 3195 740 3266 cepit
777 3196 1097 3267 egritudine
1127 3197 1425 3266 prudentiae
1468 3208 1705 3267 captam,
1750 3195 2032 3266 disciplina

2142 3205 2237 3276 τὴν
2260 3201 2485 3274 γνώμην
2533 3197 2666 3270 εἷλε,
2719 3202 2860 3272 νόσῳ
2879 3202 3205 3273 ¹φρονήσεως
3249 3197 3583 3270 αἱρεθεῖσαν,
3620 3196 3712 3267 μάν

457 3301 589 3343 vero
636 3298 872 3343 mentem
935 3288 1277 3358 insipientem
1333 3289 1701 3360 recuperavit,
1752 3297 1806 3344 et
1866 3288 2039 3359 ejecta

2142 3295 2246 3366 θησ
2251 3313 2298 3360 ις
2322 3296 2380 3350 δὲ
2417 3293 2643 3366 γνώμην
2671 3295 3046 3366 ἁφραίνουσαν
3082 3291 3478 3364 παραλαϐοῦσα
3498 3290 3712 3357 ἀνεκτή-

455 3380 780 3454 aegritudine
805 3379 1183 3449 imprudentia:
1211 3380 1486 3451 propriam
1515 3380 1873 3436 valetudinem
1909 3381 2062 3451 red-p

2142 3408 2291 3452 σατο.
2330 3389 2427 3462 τὴν
2459 3390 2612 3443 νόσον
2660 3388 2762 3461 τῆς
2795 3389 3105 3460 ἀφροσύνης
3159 3385 3430 3452 ἐξώσασα,
3492 3385 3588 3438 καὶ
3627 3382 3712 3453 τὴν

457 3473 614 3530 didit.
649 3471 792 3527 Vitia
835 3487 965 3544 ergo
1009 3481 1065 3529 et
1104 3473 1336 3529 virtutes
1367 3475 1693 3529 mutationes
1741 3482 2034 3542 ceperunt;

2142 3483 2327 3553 ὑγείαν
2353 3483 2657 3537 ἀποδέδωκε
2687 3481 2903 3553 κυρίαν.
2936 3479 3382 3550 Μεταϐἑϐληνται
3421 3473 3518 3532 οὗν
3544 3478 3599 3531 αἱ
3625 3493 3712 3530 και

456 3566 762 3636 comparari
792 3573 1040 3636 possunt,
1075 3573 1131 3620 et
1153 3565 1352 3621 amitti.
1387 3563 1586 3633 Habes,
1623 3574 1677 3620 et
1700 3581 1804 3621 non
1831 3565 2035 3631 habes;

2142 3573 2255 3628 κίαι
2310 3573 2405 3628 καὶ
2442 3574 2500 3627 αἱ
2554 3571 2780 3645 ἀρεταί·
2836 3572 2934 3625 κα)⁵
2985 3571 3204 3642 κτηταὶ,
3255 3571 3352 3624 καὶ
3403 3569 3709 3639 άπόκτητοι.

457 3656 738 3722 invenisti,
772 3665 826 3713 et
869 3656 1138 3724 amisisti;
1205 3656 1372 3713 habes
1405 3657 1549 3727 quod
1607 3657 1882 3724 invenisti,
1931 3671 2037 3713 non

2145 3666 2353 3736 Ἔχεις,
2383 3667 2484 3719 οὐκ
2511 3664 2656 3735 ἔχεις
2681 3683 2694 3696 ·
2723 3658 2902 3737 εὗρες,
2935 3665 3026 3718 καὶ
3073 3662 3458 3726 ἀπολώλεκας·
3500 3663 3656 3734 ἔχεις,
3687 3659 3711 3714 ὃ

461 3747 629 3803 habes
656 3747 805 3818 quod
830 3745 1100 3813 amisisti;
1133 3747 1272 3802 inter
1289 3761 1384 3802 eos
1406 3747 1497 3818 qui
1529 3749 1806 3804 inveniunt
1833 3757 1888 3804 et
1913 3763 2036 3819 per-

2142 3753 2328 3829 εὑρες·
2356 3757 2457 3810 οὐκ
2489 3756 2652 3826 ἔχεις,
2687 3755 2716 3809 ὃ
2747 3755 3129 3820 ἀπολώλεκας·
3170 3757 3228 3809 ὲν
3289 3757 3402 3818 τοῖς
3445 3754 3710 3825 εὑρίσκου-

459 3838 732 3904 diderunt,
779 3839 1106 3895 numeraris.
1162 3839 1322 3894 Aliud
1356 3848 1438 3896 est
1494 3842 1636 3912 quod
1682 3841 1950 3896 invenitur
1987 3851 2040 3896 et

2142 3866 2248 3914 σιν,
2287 3849 2320 3919 ἢ
2348 3848 2717 3903 ἀπολωλεκόσι
2750 3849 2932 3922 κρίνῃ.
2965 3847 3192 3919 Ἕτερον
3233 3847 3289 3900 δὲ
3317 3845 3378 3900 τὸ
3405 3847 3710 3917 εὑρισκόμεο

460 3931 768 3996 amittitur;
800 3931 904 3986 hoc
933 3930 1077 3986 enim
1132 3939 1216 3986 est
1242 3931 1414 3986 virtus
1443 3940 1496 3986 et
1545 3932 1754 3987 vitium.
1783 3931 1884 3999 Qui
1911 3945 2040 3986 vero

2142 3958 2229 3994 vov
2263 3940 2358 3994 καὶ
2393 3941 2453 3994 τὸ
2486 3941 2856 4012 ἀπολλύμενον
2877 3956 2892 3970 ·
2948 3939 3042 3994 καὶ
3093 3939 3155 3992 τὸ
3186 3939 3304 4010 μὲν.
3355 3941 3388 4010 ἡ
3425 3939 3628 4009 ἁρετὴ,
3657 3935 3710 3988 τὸ

461 4023 666 4080 invenit
686 4033 740 4078 et
766 4023 962 4093 perdit,
1007 4023 1053 4078 is
1075 4032 1160 4078 est
1208 4023 1301 4093 qui
1353 4023 1538 4078 virtuti
1581 4033 1636 4079 et
1664 4024 1791 4077 vitio
1820 4036 2038 4092 operam

2142 4033 2216 4099 δέ,
2247 4036 2276 4088 ό
2306 4034 2475 4088 ποιῶν
2499 4051 2511 4062 ·
2541 4035 2718 4090 καὶτὸ
2751 4034 2871 4105 μὲν,
2907 4035 2940 4105 ἡ
2970 4033 3159 4098 κακία,
3193 4033 3254 4086 τὸ
3282 4031 3359 4097 δὲ,
3391 4032 3706 4103 όπράττων·

461 4117 574 4172 dat.
599 4115 664 4170 Et
694 4111 884 4170 vitium
901 4115 1118 4185 quidem
1151 4115 1322 4181 nihil;
1349 4115 1568 4186 proprie
1596 4115 1738 4170 enim
1764 4113 1893 4170 nihil
1923 4124 2036 4170 est:

2142 4126 2320 4180 καὶτὸ
2353 4125 2475 4196 μὲν,
2497 4127 2530 4195 ἠ
2561 4124 2751 4189 κακία,
2806 4123 2990 4178 οὐδέν·
3039 4124 3184 4188 ἰδίως
3239 4124 3346 4194 γὰρ
3369 4123 3524 4176 οὐδέν
3545 4140 3558 4154 ·
3597 4123 3710 4177 ὑπό-

462 4224 569 4265 non
598 4209 742 4264 enim
772 4217 948 4277 potest
985 4221 1080 4280 per
1113 4221 1172 4264 se
1200 4222 1323 4263 esse
1354 4206 1567 4261 vitium.
1594 4207 1878 4262 Actionem
1910 4223 2040 4262 vero

462 4301 689 4359 mollitie
710 4301 1010 4358 affectionis
1039 4300 1452 4363 consistentem,
1496 4307 1551 4352 et
1574 4295 1751 4354 studio
1779 4297 2038 4354 consultae
2076 4329 2090 4352 ι

460 4394 760 4451 voluntatis
787 4395 1167 4459 intereuntem,
1196 4406 1350 4448 sume
1374 4391 1582 4448 scilicet
1616 4405 1682 4446 es
1710 4389 1775 4444 lis
1803 4404 1921 4458 qua:
1945 4391 2037 4444 ad-

462 4485 764 4551 discuntur,
795 4495 846 4541 et
879 4501 944 4542 ex
986 4484 1224 4541 motibus
1259 4481 1544 4540 considera
1574 4497 1692 4552 qua:
1719 4479 1851 4536 foris
1878 4489 2037 4545 sunt;

462 4577 831 4648 contemplare
860 4591 979 4647 quae
1010 4577 1193 4642 intus;
1228 4575 1475 4646 perspice
1512 4571 1886 4642 cogitationes.
1916 4585 2036 4625 cum

460 4667 634 4725 sentis
683 4667 958 4724 turbidum
1020 4675 1224 4721 motum
1274 4673 1329 4718 et
1379 4663 1667 4718 tumultum
1713 4663 2036 4731 quemdam;

459 4775 582 4818 cum
610 4759 854 4830 voluptas
885 4758 1082 4825 titillat,
1111 4772 1234 4814 cum
1285 4757 1398 4826 jam
1424 4759 1505 4810 sic
1568 4756 1622 4809 in
1655 4755 1894 4823 pericqu
1921 4770 2038 4809 ver-
2081 4811 2088 4832 ι

460 4867 611 4920 sans,
641 4852 930 4922 praesentia
977 4859 1032 4907 et
1059 4847 1310 4920 praesidio
1357 4861 1538 4917 parva:
1563 4847 1859 4912 disciplinae
1887 4857 2036 4902 tran-

461 4941 786 5013 quillitatem
818 4951 875 4998 et
916 4939 1140 4996 multam
1166 4936 1530 4993 constantiam
1566 4936 1619 4991 in
1644 4938 1820 4990 anima
1855 4938 2035 5005 vides;

458 5035 624 5107 quue
673 5035 734 5090 fit
785 5033 839 5090 in
896 5033 1111 5098 eodem,
1165 5044 1340 5101 neque
1372 5030 1544 5085 multo
1585 5031 1870 5086 intervallo
1906 5042 2040 5086 tem-

458 5129 646 5198 poris,
702 5128 832 5200 quin
889 5125 1068 5195 potius
1130 5137 1501 5194 saepenumero
1568 5133 1764 5195 puncto
1827 5135 2036 5197 tempo-

461 5234 559 5276 ηε.

2142 4237 2331 4274 στασιν
2365 4219 2472 4292 γὰρ
2508 4219 2704 4283 κακίας
2725 4219 2904 4292 εὑρεῖν
2937 4219 3216 4289 ἀμήχανον
3237 4234 3250 4247 ·
3283 4217 3486 4288 πρᾶξιν
3526 4217 3580 4270 δὲ
3601 4233 3708 4286 χαις

2097 4312 2322 4382 κτνότητι
2363 4312 2483 4383 (sic)
2534 4315 2846 4384 φρονήσεως
2885 4309 3339 4381 ὑφιστανομένην,
3386 4309 3485 4362 καὶ
3531 4309 3707 4381 μελέτῃ

2141 4402 2514 4475 προαιρέσεως
2531 4405 2751 4478 άναιρου
2759 4403 2948 4475 μένην,
2972 4402 3161 4474 ἀμέλει
3178 4402 3242 4454 ὲκ
3259 4401 3368 4454 τῶν
3389 4400 3708 4472 μαθημάτων

2140 4495 2407 4566 λάμϐανε,
2452 4497 2546 4549 καὶ
2573 4499 2636 4550 ὲκ
2674 4495 2782 4549 τῶν
2813 4495 3132 4566 κινημάτων
3151 4511 3165 4524 ·
3189 4494 3484 4564 ἐπίσκεψαι
3506 4495 3572 4547 τά
3589 4491 3705 4556 ἔξω·

2143 4587 2338 4658 θεώρει
2376 4587 2445 4641 τὰ
2477 4587 2585 4641 ἔσω
2603 4605 2615 4618 ·
2643 4588 2981 4656 κατανόησον
3009 4586 3108 4650 τὰς
3143 4585 3381 4650 διανοίας
3399 4604 3412 4616 ·
3441 4588 3568 4639 ὅταν
3592 4586 3706 4637 ὑπο·

2149 4679 2340 4751 μείνῃς
2362 4678 2620 4749 τάραχον,
2657 4679 2784 4732 ὅταν
2847 4677 3071 4748 θόρυϐόν
3099 4693 3238 4740 τινα,
3271 4677 3398 4730 ὅταν
3419 4673 3703 4747 γαργαλίξῃ

2105 4770 2330 4840 ;ὴδονῇ,
2374 4771 2500 4824 ὅταν
2556 4770 2633 4823 ἔτι
2662 4769 2805 4824 οὕτω
2846 4768 3171 4828 κινδύνεύων
3199 4767 3380 4837 ὀλίγου
3407 4768 3704 4840 μαθήματος

2147 4863 2488 4926 ἐπιστάντος,
2524 4863 2766 4935 γαλήνην
2785 4863 2900 4936 ῐδῃς
2929 4864 2986 4916 ὲν
3018 4864 3086 4934 τῇ
3114 4861 3259 4932 ψυχῇ
3287 4862 3381 4914 καὶ
3409 4860 3703 4914 εὐστάθειαν

2148 4954 2370 5026 πολλὴν,
2405 4957 2500 5009 καὶ
2549 4954 2726 5010 ταῦτα
2765 4956 2824 5008 ὲν
2870 4951 3088 5024 ταυτῷ·
3147 4954 3285 5024 μήτε
3314 4952 3510 5006 πολλοῦ
3531 4952 3701 5022 χρόνον

2149 5045 2607 5118 παρεληλυθότος,
2647 5045 2784 5101 ἀλλὰ
2831 5045 3093 5111 πολλάκις
3127 5047 3185 5099 ὲν
3213 5044 3292 5115 τῷ
3332 5044 3597 5118 άκαριαίῳ
3621 5040 3700 5096 τοῦ

2146 5137 2386 5192 τοιούτου
2412 5139 2808 5212 πραττομένου.

1496 5287 1626 5342 CAP.
1653 5285 1771 5343 XX.
1811 5285 2178 5357 Conﬁrmatur
2199 5297 2382 5351 eadem
2413 5299 2674 5352 doctrina.

532 5379 608 5436 At
637 5395 780 5452 saepe
810 5395 932 5436 cum
967 5381 1147 5436 anima
1171 5380 1374 5451 aliquid
1413 5391 1567 5453 turpe
1596 5383 1816 5453 appetit,
1847 5395 1903 5439 et
1931 5393 2126 5456 sta-3,.

464 5472 562 5528 tim
613 5485 674 5528 se
724 5471 942 5529 cohibet
992 5480 1049 5529 et
1101 5471 1438 5529 sedationem
1476 5474 1897 5544 perturbationis
1937 5477 2039 5532 sibi

462 5564 643 5633 aﬂ'ert,
669 5579 734 5622 ae
767 5566 1030 5622 continuo
1053 5579 1174 5637 quae
1199 5567 1268 5623 ad
1298 5567 1711 5638 temperantiam
1746 5569 2038 5638 pertinent,

534 5661 580 5692 "
612 5652 758 5722 Psal.
783 5666 975 5730 sunt,
1009 5661 1098 5729 15,
1125 5661 1214 5717 21.
1249 5661 1294 5694 ¹⁶
1318 5660 1338 5716 l
1366 5661 1492 5720 Cor.
1519 5678 1556 5727 ι,
1585 5660 1675 5720 27.

2219 5392 2330 5445 Καὶ
2363 5393 2622 5458 πολλάκις
2669 5395 2924 5467 ὁρμώσης
2959 5397 3056 5462 τῆς
3087 5397 3268 5468 ψυχῆς
3314 5398 3409 5450 ἐπὶ
3442 5395 3603 5456 πάθος
3630 5395 3696 5443 αξ-

2150 5482 2342 5553 σχρόν·
2375 5486 2722 5568 παραχρῆμα
2766 5488 2824 5542 δὲ
2860 5488 3253 5558 συστελλούσης
3292 5487 3386 5540 καὶ
3418 5486 3696 5555 καθησυχα-

2148 5571 2370 5646 ζούσης,
2406 5577 2500 5630 καὶ
2529 5576 2692 5642 εὐθὺς
2725 5578 2794 5634 τά
2826 5578 3082 5651 σώφρονα
3109 5576 3596 5648 ἀναγινωσκούσης.
3623 5573 3695 5625 καὶ
3796 5593 3797 5613 δ

533 5749 839 5836 (εϐλτοὺς
858 5751 927 5806 δὲ
968 5753 1356 5836 νόμουςτ.8ςά
1399 5752 1532 5822 leges
1571 5765 1662 5836 aut
1689 5757 1911 5836 uirtutes
1932 5774 2050 5826 qua

2159 5758 2252 5814 Sic
2288 5760 2459 5836 reddit
2493 5761 2787 5836 Basnagius
2817 5763 2918 5821 ista
2944 5762 3068 5827 τοὺς
3087 5761 3156 5816 ’δι
3188 5762 3406 5836 νόμους,
3437 5776 3550 5835 qua
3577 5764 3697 5829 tngo-

462 5831 584 5878 sttnt
629 5821 954 5881 characteres
1013 5821 1368 5893 fornicationis,
1427 5839 1530 5879 non
1573 5826 1746 5882 reddis
1786 5821 2037 5898 formato.

2148 5841 2274 5886 runt
2308 5833 2679 5902 interpretem.

3789 5809 3795 5920 Α
