3860 6316
209 347 314 403 917

1148 363 1205 422 S.
1247 365 1666 426 SERAPIONIS
1705 372 1905 428 LIBER
1949 375 2102 432 ADV.
2149 378 2590 438 ΜΑΝΙΟΙΙΑΞΟΒ.

3371 395 3471 450 θιε

205 466 301 520 τοῦ
331 467 581 523 τοιούτου
617 476 1019 546 πραττομένου,
1061 480 1180 546 πῶς
1205 487 1306 538 οὐκ
1343 485 1459 540 ἔστι
1495 488 1679 559 θαῦμα
1707 491 1801 544 λαί

1907 495 2067 564 legit;
2109 512 2229 551 cum
2273 497 2677 568 ltoc,‘inquam,
2712 503 2790 565 fit,
2836 507 3104 571 quomodo
3140 521 3242 559 non
3271 519 3354 562 est
3383 512 3478 563 ad-

161 579 167 588 -
207 561 360 624 Osiv;
416 560 536 626 πῶς
565 563 666 617 οὐκ
715 565 860 620 ἔστιν
902 571 1095 636 εἰπεῖν,
1129 573 1211 627 ὅτι
1253 577 1407 630 οὐδὲν
1451 579 1578 633 ῐδιον
1607 581 1798 651 αὐτῆς,

205 650 323 744 ἀλλ’
361 652 702 709 ἰδιοποιεῖται
751 659 782 728 ἡ
819 659 964 732 ψυχὴ
1017 663 1154 736 πρὸς
1187 666 1215 720 ὃ
1250 667 1503 738 βούλεται
1547 650 1803 744 ἰδιοποιη-

206 741 398 808 θεῖσα;
439 747 536 800 καὶ
559 749 712 802 οὐδὲν
745 753 852 804 τῶν
888 755 1129 826 αἰσχρῶν
1152 759 1273 812 καθ’
1300 762 1460 815 ἑαυτό
1487 764 1653 831 ἐστιν,
1685 741 1800 819 ἀλλ’

205 830 350 888 εἶναι
384 837 555 903 δοκεῖ,
589 841 679 894 ὅτε
709 846 774 914 τῇ
806 846 984 916 ἐννοίᾳ
1010 848 1372 915 φαντάζεται·
1402 854 1502 906 οὐκ
1532 855 1680 908 ἔστιν
1709 851 1801 910 οὖν
1825 864 1871 904 ε’

205 928 332 982 καθ’
373 931 548 985 ἑαυτά
585 932 654 987 τὰ
686 937 907 1008 αἰσχρὰ,
941 939 1077 994 ἀλλά
1108 944 1226 1006 ταῖς
1260 943 1677 1011 ἀποκλινούσαις
1707 951 1802 1003 καὶ

204 1020 657 1094 ἀπορρεπούσαις
677 1027 937 1095 διανοίαις
959 1032 1056 1097 τὰς
1086 1035 1374 1102 συστάσεις
1401 1039 1642 1111 δέχεται·
1676 1040 1801 1095 ὅθεν

341 1114 747 1186 παιδευτηρίων
785 1118 998 1191 ἐδεήθη,
1055 1122 1256 1195 ἀκόνην
1305 1127 1400 1180 καὶ
1443 1127 1802 1201 λαμπρότητα

207 1199 351 1292 πρὸς
401 1203 800 1277 παιδευτηρίων
846 1208 1232 1281 λαμϐάνουσα·
1277 1215 1399 1270 ὅθεν
1455 1199 1726 1284 πολλάκις-
1767 1221 1800 1292 ὴ

204 1291 350 1381 αὑτὴ
403 1293 568 1366 ὲειτεντῇ
609 1297 926 1368 φθέγγεται,
979 1303 1180 1376 ἑαυτὴν
1234 1305 1594 1379 διεγείρουσα,
1651 1309 1683 1381 ἦ
1734 1291 1802 1363 δι·
1833 1323 1878 1354 ,υ

208 1380 404 1452 ἑτέρου
438 1382 826 1461 διανεσταμένη
861 1391 1081 1446 ἀκούει·
1112 1396 1366 1465 eosdm
1399 1398 1436 1464 ἡ
1472 1397 1642 1467 ψυχή
1674 1380 1801 1468 νμου

206 1472 318 1526 τὸν
351 1476 596 1544 Κύριον,
630 1481 731 1536 καὶ
772 1483 972 1540 πάντα
1011 1487 1083 1541 τὰ
1113 1489 1288 1555 ἐντός
1331 1509 1452 1559 μου
1503 1491 1572 1545 τὸ
1615 1491 1802 1561 ὄνομα

1909 587 2250 642 mirandum?
2282 592 2554 658 quomodo
2601 607 2705 648 non
2736 603 2820 648 est
2861 596 3166 661 dicendum,
3197 598 3328 653 nihil
3360 614 3480 655 esse

1909 679 2184 747 proprium
2235 681 2469 735 animae?
2500 682 2592 736 sed
2645 685 2824 753 potius
2873 688 3148 756 proprium
3188 690 3257 744 ab
3297 693 3476 746 anima

1909 770 2023 824 lieri
2054 771 2105 825 id
2133 773 2197 826 ad
2227 773 2368 841 quod
2405 789 2464 829 se
2495 774 2608 828 vult
2655 777 2945 846 applicare,
2971 781 3282 852 nullamque
3312 783 3484 853 turpi-

1910 861 2146 916 tudinem
2203 878 2296 932 per
2344 880 2403 920 se
2449 879 2590 929 esse,
2642 870 2885 938 quiuimo
2941 881 3071 927 tunc
3115 873 3287 929 videri
3335 889 3495 937 esse.‘

1907 965 2032 1006 cum
2065 954 2390 1022 cogitatione
2417 953 2654 1026 ﬁngitur.
2683 957 2797 1012 Non
2829 971 2951 1014 sunt
2985 961 3144 1031 igitur
3177 963 3350 1032 turpia
3386 978 3481 1033 per

1908 1056 2003 1110 se;
2037 1045 2131 1100 sed
2164 1060 2285 1100 cum
2320 1063 2472 1104 mens
2505 1050 2570 1103 ad
2603 1065 2663 1105 ea
2705 1049 2943 1119 deﬂexit,
2981 1062 3035 1108 et
3061 1054 3200 1109 facta
3235 1064 3320 1110 est
3355 1071 3482 1125 pro-

1907 1148 2096 1203 pensa,
2134 1145 2260 1191 tunc
2294 1139 2614 1194 consistunt.
2667 1140 2818 1196 Unde
2865 1144 3065 1199 scholis
3101 1145 3330 1216 indiguit
3363 1148 3483 1201 ani-

1908 1241 2018 1292 ma,
2066 1243 2093 1282 a
2139 1230 2335 1298 quibus
2369 1246 2594 1286 acumen
2644 1243 2699 1285 et
2741 1234 3082 1302 splendorem
3127 1245 3366 1305 caperet.
3402 1236 3480 1291 Ex

1905 1333 2014 1388 quo
2047 1318 2105 1372 fit
2139 1329 2196 1374 ut
2235 1334 2378 1389 επιξρο
2407 1336 2588 1376 secum
2628 1323 2878 1392 loquatur
2905 1340 2963 1380 se
3005 1326 3176 1395 ipsam
3212 1328 3476 1391 excitans,

1908 1419 2001 1463 aut
2028 1408 2096 1463 ab
2120 1409 2225 1464 alio
2253 1411 2482 1465 excitata
2509 1413 2656 1465 audit
2685 1429 2699 1465 :
2727 1411 2971 1481 Benedic,
3001 1417 3180 1470 anima
3209 1431 3344 1479 mea,
3375 1415 3484 1470 Do-

1907 1501 2074 1562 mino,
2111 1510 2160 1554 et
2204 1503 2381 1556 omnia
2419 1519 2536 1573 qua:
2573 1503 2714 1555 intra
2761 1519 2841 1557 me
2875 1513 3020 1570 sunt,
3067 1507 3263 1560 nomini
3297 1515 3480 1562 sancto

203 1564 276 1618 τὸ
307 1566 486 1661 ἅγιος·
515 1570 731 1661 αὐτοῦ·
764 1575 878 1640 καὶ,
901 1577 1063 1632 Atrei
1103 1581 1142 1648 ἡ
1170 1582 1340 1652 ψυχή
1363 1601 1483 1652 μου
1543 1583 1650 1637 τὸν
1683 1586 1801 1640 Κύ-

1907 1591 1958 1661 ej
1996 1589 2099 1655 s",
2124 1601 2177 1644 et
2198 1609 2211 1645 :
2232 1564 2441 1652 Lauda,
2456 1594 2634 1645 anima
2661 1607 2795 1655 mea,
2827 1593 3107 1647 Dominum
3125 1594 3312 1650 “.Aut
3336 1595 3480 1650 enim

196 1671 361 1750 ξιονῖ.
395 1658 466 1750 ᾝ
499 1659 608 1748 γᾴρ
634 1665 682 1716 οἱ
710 1663 1068 1737 διεγείροντες
1095 1671 1190 1725 καὶ
1223 1673 1604 1738 διανιστῶντες
1657 1674 1801 1745 λόγοι

1909 1680 2210 1736 rationibus
2255 1681 2490 1737 excitata
2529 1693 2582 1737 et
2628 1691 2918 1748 commota,
2967 1682 3157 1740 fortior
3203 1683 3340 1738 facta
3377 1693 3480 1750 est,

205 1745 288 1800 ἔτι
319 1745 703 1843 ἀνδρειοτέραν
736 1757 903 1830 αὐτὴν
933 1763 1362 1830 κατεσκεύασαν,
1391 1765 1512 1838 ne):
1537 1765 1630 1820 τοῦ
1662 1784 1801 1838 παρ-

1909 1782 2002 1826 aut
2047 1773 2271 1829 alterius
2319 1773 2520 1829 monita
2551 1773 2849 1843 perfectum
2893 1783 3090 1830 statum
3133 1774 3184 1830 ei
3215 1774 3478 1830 tribuunt.

201 1836 491 1904 δινοῦντος
530 1843 801 1914 γινόμενοι
860 1849 960 1922 τὴν
1011 1851 1199 1906 στάσιν
1263 1853 1362 1925 τὴν
1407 1836 1621 1909 τελείαν
1660 1836 1796 1927 αὐτῇ

1907 1862 2110 1933 Saepius
2135 1879 2262 1918 vero
2291 1879 2350 1919 se
2376 1866 2442 1918 ad
2473 1867 2862 1935 turpitudinem
2897 1866 3086 1921 incitat
3119 1875 3174 1922 et
3205 1867 3474 1932 hortatur,

202 1929 527 2024 χαρίζονται
547 1951 561 1965 ·
601 1935 862 2004 πολλάκις
891 1939 949 1994 δὲ
978 1944 1075 1996 καὶ
1103 1944 1360 2016 διεγείρει
1386 1946 1586 2019 ἑαυτὴν
1615 1948 1710 2001 ἐπὶ
1736 1945 1800 2000 τὸ

1907 1964 1958 2009 et
1982 1929 2101 2023 quae
2129 1965 2256 2009 sunt
2285 1955 2539 2021 absurda,
2563 1929 2662 2012 sibi
2694 1957 2963 2024 concedit,
2992 1966 3046 2014 et
3073 1955 3274 2013 clamat
3304 1977 3317 2013 :
3348 1929 3480 2012 Ani-

201 2020 454 2117 αισχρὸν,
509 2025 603 2117 καὶ
650 2026 788 2097 πρὸς
827 2031 1149 2102 παραίνεσιν
1197 2035 1397 2106 ἑαυτῆς
1447 2037 1653 2108 χωρεῖ·
1703 2035 1800 2088 καὶ

1907 2020 2015 2111 mu,
2062 2046 2220 2100 habes
2266 2047 2401 2101 bona
2450 2048 2620 2117 posita
2671 2053 2726 2103 in
2774 2020 2968 2104 multos
3017 2063 3221 2115 annos;
3251 2048 3481 2115 comede,

200 2113 385 2178 ἄλλως
400 2114 470 2169 τά
488 2116 664 2171 ἄτοπα
684 2119 850 2192 ἑαυτῇ
873 2123 1226 2199 χαριζομένη,
1245 2128 1339 2181 καὶ
1356 2127 1536 2197 βοῶσα
1557 2145 1569 2159 ·
1599 2125 1796 2196 Ψυχὴ,
1907 2139 2040 2203 bibe,
2071 2138 2251 2192 lauare
2270 2139 2336 2194 ¹⁹.

201 2204 370 2274 ἔχεις
397 2207 591 2277 ἀγαθὰ
626 2211 871 2280 κείμενα
917 2217 1009 2283 εἰς
1040 2216 1146 2286 ἐτη
1193 2220 1422 2274 πολλὰ·
1465 2220 1638 2291 φάγε,
1677 2221 1879 2284 πίε-,ἶρο

198 2297 561 2366 εὐφραίνου.

1222 2398 1352 2455 Car.
1375 2399 1519 2455 XXI.
1544 2401 1622 2456 An
1643 2401 1838 2470 duplex
1859 2394 2038 2450 anima
2066 2394 2132 2448 sit
2157 2395 2210 2448 in
2234 2394 2460 2451 homine.

273 2483 391 2537 Καὶ
422 2484 474 2538 εί
509 2487 608 2557 μὲν
637 2488 696 2542 αι
743 2487 812 2541 τὰ
853 2487 1030 2543 ἄτοπα
1063 2490 1285 2556 ἑαυταῖς
1329 2493 1668 2565 παρέχουσαι
1694 2493 1799 2562 ψυ-

1978 2487 2034 2541 Si
2068 2487 2264 2541 animas
2289 2502 2408 2556 quae
2443 2487 2545 2545 sibi
2591 2500 2883 2560 suggerunt
2914 2491 3218 2556 inhonesta,
3251 2489 3370 2546 alia:
3388 2503 3480 2547 es-

201 2573 321 2641 χαὶ,
343 2575 533 2646 ἕτεραι
557 2574 719 2649 ἦσαν,
746 2578 843 2632 καὶ
873 2578 994 2632 καθ’
1022 2581 1222 2646 ἑαυτὰς
1249 2577 1414 2654 ἦσαν,
1447 2583 1620 2638 ἄλλων
1644 2583 1702 2637 δὲ
1729 2582 1799 2636 τὰ

1907 2587 2046 2640 sent,
2097 2591 2161 2632 ac
2207 2591 2303 2647 per
2330 2592 2390 2632 se
2418 2587 2640 2646 essent;
2673 2580 2792 2634 alia:
2830 2594 2982 2649 vero,
3021 2594 3141 2650 qua:
3168 2580 3399 2636 honesta
3429 2591 3484 2638 et

200 2663 484 2737 σώφρονα,
523 2663 594 2740 ἦν
642 2671 816 2724 εἰπεῖν
846 2669 941 2723 δύο
979 2670 1112 2742 γένη
1146 2671 1366 2744 ψυχῶν·
1411 2675 1507 2728 καὶ⁷
1541 2675 1798 2743 λέγοντας

1907 2675 2222 2736 temperata,
2257 2665 2362 2721 dici
2397 2677 2578 2738 posset
2609 2681 2729 2724 esse
2768 2669 2876 2724 duo
2919 2681 3114 2739 genera
3144 2669 3479 2737 animarum;

199 2757 387 2824 τοῦτο,
437 2760 601 2814 πάλιν
650 2763 815 2834 γελᾷν
835 2779 848 2793 ·
886 2764 982 2818 καὶ
1029 2765 1299 2819 δυσωπεῖν
1331 2766 1436 2821 ἔδει
1466 2767 1563 2840 τὴν
1597 2766 1798 2821 ἄτοπον

1907 2767 1955 2815 et
1995 2773 2182 2813 rursus
2212 2773 2307 2814 eos
2329 2760 2421 2827 qui
2448 2761 2549 2816 hoc
2579 2760 2842 2827 dicerent,
2871 2759 3202 2828 rideremus;
3233 2768 3485 2832 essetque

199 2849 312 2904 τῶν
361 2853 681 2924 Μανιχαίων
720 2854 899 2920 δόξαν,
949 2855 1036 2909 ὅτι
1084 2857 1182 2927 τὴν
1219 2858 1420 2929 μανίαν
1467 2860 1548 2922 είς
1594 2857 1687 2913 δύο
1717 2858 1801 2912 τέ-

1907 2853 2056 2907 valde
2092 2851 2401 2922 pudendum
2449 2851 2720 2922 opinionis
2757 2851 3199 2918 Manichaeorum,
3232 2853 3374 2921 quod
3402 2853 3486 2906 in-

203 2959 402 3011 μνουσι
433 2945 528 2999 καὶ
557 2934 856 3016 διαιροῦσι,
870 2947 964 3000 καὶ
987 2947 1057 3001 τὰ
1088 2947 1302 3009 ἑαυτοῖς
1326 2951 1607 3021 μαχόμενα
1639 2949 1801 3021 φθεγ-

1907 2941 2119 2996 saniam
2155 2943 2208 2997 in
2241 2943 2348 2997 duo
2395 2957 2593 3013 genera
2637 2943 2906 3011 dividunt,
2947 2944 3040 3015 qui
3079 2955 3131 3000 et
3187 2945 3288 3000 sibi
3327 2959 3486 3014 repu-

199 3033 454 3105 γόμενοι,
484 3038 580 3091 καὶ
609 3039 744 3109 μηδὲ
776 3041 876 3110 τῆς
902 3040 1107 3095 ἀτόπου
1133 3040 1314 3095 αὐτῶν
1345 3041 1502 3112 δόξης
1530 3042 1629 3113 τὴν
1659 3057 1799 3114 cup;-

1907 3034 2126 3105 gnantia
2175 3033 2488 3104 loquuntur,
2519 3043 2574 3090 et
2627 3049 2733 3090 non
2769 3043 2952 3091 tenent
2983 3051 3102 3090 cum
3137 3035 3343 3090 honore
3369 3036 3486 3107 opi-

200 3127 414 3195 φωνίαν
446 3129 736 3200 τιμῶντες.
773 3133 838 3187 Εἰ
871 3133 926 3186 δὲ
964 3134 1018 3186 αἱ
1047 3133 1208 3187 αὐταί
1237 3135 1364 3196 εἰσι,
1394 3111 1489 3188 καὶ
1523 3111 1648 3206 ἄρτι
1673 3136 1707 3204 ή
1732 3111 1800 3188 τὰ

1908 3129 2083 3184 nionis
2130 3143 2242 3184 sua:
2284 3129 2533 3184 absurdae
2562 3128 2996 3184 consensionem.
3033 3126 3183 3194 Quod
3210 3129 3255 3184 si
3281 3129 3484 3184 eaedem

199 3220 383 3274 ἄτοπα
417 3223 584 3294 ἑαυτῇ
628 3225 1002 3296 παραινέσασα
1052 3224 1402 3298 παραινέσειέ
1448 3241 1578 3278 ποτε
1631 3225 1796 3296 ἑαυτῇ

1907 3230 2031 3274 sunt
2071 3219 2287 3285 animm,
2336 3229 2392 3274 et
2439 3219 2619 3274 anima
2652 3233 2770 3287 qute
2817 3218 2976 3290 paulo
3018 3227 3144 3274 ante
3176 3219 3350 3290 turpia
3383 3218 3485 3275 sibi

198 3307 272 3362 τὰ
298 3309 478 3380 τίμια.
513 3312 609 3366 καὶ
652 3315 686 3384 ή
725 3313 852 3384 ἄρτι
886 3315 1024 3386 πρὸς
1062 3315 1132 3369 τὰ
1176 3314 1351 3386 σεμνά
1379 3315 1580 3386 ἑαυτὴν
1605 3315 1800 3384 διεγεί-

1907 3313 2186 3377 suadebat,
2222 3315 2470 3370 suadebit
2509 3315 2611 3369 sibi
2659 3314 2949 3384 aliquando
2983 3315 3248 3380 honesta;
3285 3321 3338 3368 et
3367 3327 3486 3382 quae

203 3418 403 3472 ρουσα,
440 3406 570 3459 ποτὲ
610 3406 746 3478 πρὸς
791 3407 861 3461 τὰ
895 3409 1098 3481 αἰσχρὰ
1127 3409 1327 3480 ἑαυτὴν
1364 3407 1669 3478 ὲκπέμψει·
1704 3409 1799 3463 καὶ
1907 3406 2066 3474 paulo
2098 3412 2224 3460 ante
2271 3406 2336 3458 ad
2375 3406 2639 3484 honestati

201 3497 239 3565 ἠ
295 3496 433 3550 me
485 3498 700 3569 σεμνῶν
755 3500 1188 3569 ἀντιποιηθεῖσα,
1245 3503 1341 3554 καὶ⁸
1395 3501 1674 3570 τιμήσασα
1734 3501 1801 3555 τὰ

1907 3511 1963 3552 se
2003 3499 2056 3552 in
2088 3498 2475 3568 turpitudinem
2515 3495 2794 3567 projiciet;
2834 3504 2888 3552 et
2922 3510 3041 3566 qua:
3071 3495 3361 3566 aliquando
3391 3493 3488 3549 bo-

204 3585 405 3655 σεμνὰ,
439 3587 570 3640 ποτὲ
615 3587 755 3642 αύτά
789 3589 1175 3645 ἀπολέλοιπεν·
1229 3588 1551 3661 αὐθαίρετος
1592 3592 1657 3643 ὲκ
1702 3591 1801 3664 τῆς

1907 3600 2058 3644 uesta
2094 3590 2340 3658 amplexa
2390 3600 2474 3643 est
2514 3596 2570 3642 et
2617 3584 2820 3643 honore
2851 3596 3159 3658 prosecuta,
3197 3583 3487 3656 aliquando

205 3678 520 3750 μεταϐολῆς
547 3680 957 3754 ἐλεγχθήσεται.

1907 3681 1992 3735 illa
2027 3682 2288 3746 deseruit,
2319 3679 2433 3749 ipsa
2464 3678 2764 3734 mutatione
2792 3677 3147 3733 convincetur
3180 3675 3363 3731 liberae
3390 3688 3486 3729 vo-

1911 3771 2132 3825 luntatis
2161 3783 2301 3825 esse.
2706 3779 2708 3782 ’

851 3867 980 3923 CAP.
1007 3865 1169 3924 XXII.
1202 3866 1414 3932 Demos,
1444 3865 1589 3922 Giezi
1611 3879 1660 3922 et
1685 3867 1721 3922 ,1
1727 3870 1857 3924 udas
1891 3868 2149 3940 proditor,
2173 3869 2229 3924 in
2251 3884 2542 3938 exempmm
2569 3869 2843 3937 propositi.

274 3957 472 4030 Δημᾶς
497 3952 567 4030 ἦν
599 3958 735 4030 μετὰ
764 3958 1001 4025 Παύλου,
1030 3959 1206 4030 τιμῶν
1229 3959 1329 4030 τὴν
1363 3959 1577 4013 Παύλου
1609 3976 1800 4013 συνου·

1977 3961 2107 4014 Erat
2138 3959 2335 4017 Demas
2373 3951 2494 4014 cum
2528 3959 2712 4024 Paulo,
2745 3976 2867 4016 cum
2902 3960 3345 4016 consuetudinem
3373 3959 3488 4030 ejus

205 4051 354 4105 σίαν.
397 4050 601 4123 ᾘρέθη
634 4053 702 4122 τῇ
751 4050 846 4104 τοῦ
887 4049 1134 4104 διαϐόλου
1178 4050 1446 4123 ἐπιθυμίᾳ
1468 4066 1481 4080 ·
1517 4050 1672 4121 ἠφίει
1700 4051 1801 4123 τὴν

1907 4061 1960 4109 et
1996 4052 2417 4109 familiaritatem
2471 4052 2936 4124 magnifaciebat.
2989 4053 3191 4125 Captus
3215 4062 3300 4110 est
3339 4054 3490 4125 cupi-

204 4140 578 4213 ἀποστολικὴν
625 4141 940 4195 συνουσίαν·
981 4143 1076 4196 καὶ
1113 4143 1290 4212 φυγὰς
1333 4143 1625 4215 γενόμενος
1667 4143 1801 4215 πρὸς

1907 4146 2074 4201 ditate
2120 4146 2414 4212 diabolica,
2461 4146 2676 4216 reliquit
2732 4147 3178 4202 consuetudinem
3212 4146 3485 4216 Apostoli;

202 4233 304 4306 τὴν
357 4235 456 4289 τοῦ
503 4235 710 4307 κόσμου
754 4233 912 4299 δόξαν
969 4235 1259 4306 ἠπείγετο·
1317 4235 1519 4305 Δημᾶς
1576 4235 1687 4307 γάρ
1726 4254 1801 4306 με

1907 4249 1959 4294 et
1989 4237 2164 4294 factus
2214 4239 2490 4310 fugitivus,
2538 4242 2604 4294 ad
2655 4239 2878 4309 gloriam
2908 4237 3086 4294 saeculi
3116 4237 3439 4308 properabat
3470 4257 3484 4293 :

202 4327 622 4400 ἐγκατέλιπεν,
653 4329 977 4400 ἀγαπήσας
1007 4332 1123 4420 tor.
1142 4329 1258 4384 νῦν
1287 4327 1494 4394 αἰῶνα,
1529 4329 1629 4382 καὶ
1664 4329 1801 4382 ἐπο-

1912 4327 2124 4388 Demos.
2158 4328 2354 4396 inquit,
2395 4343 2476 4381 me
2500 4327 2987 4396 reliquil,.diligens
3013 4328 3110 4380 hoc
3133 4325 3408 4391 swculum,
3439 4336 3489 4381 et

196 4395 392 4492 ρσὺθη
417 4422 507 4487 εἰς
525 4395 1008 4491 Θεσσαλονίίκηκ.
1056 4395 1366 4476 ’ἠκολούθει
1399 4419 1526 4473 ποτὲ
1560 4419 1653 4472 καὶ
1683 4419 1801 4471 Γιε-

1907 4418 2168 4486 profectus
2197 4395 2270 4471 est
2299 4395 2722 4471 Thessalonicam
2737 4395 2805 4470 ίο.
2838 4395 3176 4486 Sequebatur
3198 4415 3506 4498 aliquando

204 4515 273 4589 ζὴ
305 4516 389 4588 τῷ
415 4515 729 4588 Ἐλισσαίῳ,
773 4516 867 4570 καὶ
909 4519 989 4579 εις
1018 4514 1324 4585 ὑπηρεσίαν
1361 4515 1675 4585 ὲμετρεῖτο·
1707 4512 1801 4566 καὶ

1907 4509 2052 4564 Girzi
2091 4507 2361 4574 Elisaium,
2389 4516 2443 4562 et
2474 4507 2543 4561 ad
2573 4508 2975 4562 inserviendum
2999 4509 3046 4562 ei
3077 4523 3136 4562 se
3159 4515 3490 4578 attempera-

204 4607 476 4678 φανείσης
518 4608 804 4680 εὐκαιρίας
855 4607 1156 4680 χρημάτων
1191 4606 1340 4675 ἠφίει
1395 4605 1493 4676 μὲν
1525 4605 1596 4659 τά
1647 4604 1798 4660 θεῖα·

1907 4601 2030 4666 bat;
2081 4609 2137 4654 at
2186 4608 2404 4654 ostensa
2460 4599 2864 4669 opportunitate
2915 4598 3148 4654 habendi
3206 4600 3485 4670 pecunias,

201 4702 472 4773 χρήματα
516 4699 574 4753 δὲ
614 4699 794 4754 λαϐὼν
845 4698 1147 4755 ἀντεπώλει
1182 4699 1283 4770 τὴν
1315 4698 1526 4752 οἰκείαν
1575 4695 1801 4769 γνώμην

1907 4692 2110 4747 dimisit
2141 4691 2345 4756 divina,
2381 4699 2433 4746 et
2477 4691 2713 4760 acoeptis
2752 4691 3007 4751 nmnmis.
3060 4700 3294 4746 mentem
3335 4705 3510 4746 suam

201 4795 268 4863 τῇ
299 4789 522 4861 εὑρέσει
551 4790 658 4844 τῶν
687 4791 1008 4862 χρημάτων.
1056 4790 1256 4854 Ἰούδας
1289 4790 1346 4844 ὲν
1372 4787 1691 4853 ἀποστόλοις
1724 4787 1801 4841 ὣν

1907 4783 2150 4839 vendidit
2208 4792 2262 4837 et
2312 4783 2557 4853 pecuniis
2609 4783 2812 4837 addixit
2842 4784 2908 4837 ".
2967 4783 3133 4839 Judas
3177 4799 3207 4838 c
3263 4798 3488 4838 numero

201 4882 448 4954 ἐφόϐησε
479 4899 610 4936 ποτε
651 4885 941 4955 πυρετοὺς,
976 4881 1418 4956 ὲστρατηλάτησε
1445 4881 1586 4936 κατά
1615 4881 1801 4952 δαιμό-

1908 4876 2274 4945 apostolorum
2325 4885 2466 4939 erat,
2503 4873 2803 4945 expellebat
2832 4874 3122 4944 aliquando
3153 4875 3352 4941 febres,
3384 4877 3488 4929 tui-

203 4991 334 5039 νων,
369 4967 452 5038 εἷς
481 4969 551 5047 ἦν
583 4975 692 5028 τῶν
719 4975 1007 5044 λεγόντων,
1048 4975 1246 5043 Κύριε,
1287 4973 1417 5027 ἰδοὺ
1445 4971 1545 5027 καὶ
1569 4971 1644 5025 τὰ
1673 4971 1801 5024 δαι-

1912 4967 2086 5022 litavit
2123 4978 2312 5023 contra
2363 4967 2655 5034 daemones,
2704 4981 2844 5020 unus
2885 4975 3002 5020 erat
3037 4981 3101 5020 ex
3155 4967 3222 5020 iis
3256 4968 3344 5036 qui
3376 4969 3490 5022 aie-

205 5068 388 5136 μόνια
443 5066 590 5135 ἡμῖν
647 5066 1086 5123 ὑποτάσσεται·
1144 5066 1240 5120 καὶ
1287 5067 1316 5118 ό
1372 5065 1610 5134 μάστιγα
1660 5061 1801 5117 κατὰ

1911 5058 2040 5113 bant
2073 5078 2084 5112 :
2117 5057 2358 5123 Domine,
2403 5073 2519 5124 ecce
2559 5058 2822 5111 awmonia
2854 5056 3210 5127 subjiciuntur
3236 5057 3382 5110 nobis
3404 5058 3487 5124 ¹⁸ς

205 5158 487 5230 δαιμόνων
548 5160 798 5231 κινήσας,
849 5159 1033 5230 μικρῷ
1085 5156 1295 5230 τροφίῳ
1349 5155 1592 5229 αἱρεθεὶς
1640 5155 1801 5224 ὴγκι-

1907 5158 1963 5204 et
1995 5150 2085 5218 qui
2119 5150 2389 5205 daemones
2417 5146 2743 5210 verberavit,
2794 5147 2954 5216 paulo
2985 5156 3107 5217 post
3150 5146 3310 5200 hamo
3339 5146 3491 5214 cupi-

208 5248 476 5322 στρεύετο
502 5249 609 5303 ὑπὸ
636 5252 737 5321 τῆς
759 5249 1076 5321 ἐπιθυμίας.
1099 5248 1210 5303 Καὶ
1237 5242 1382 5302 οὗτοι
1417 5246 1515 5318 μὲν
1548 5244 1799 5308 τοιοῦτοι,

1911 5243 2095 5298 ditatis
2137 5251 2331 5311 captus
2375 5249 2480 5297 est.
2521 5241 2696 5309 Atque
2737 5238 2789 5294 bi
2835 5239 3050 5310 quidem
3089 5237 3223 5294 tales
3275 5239 3493 5294 fuerunt

205 5341 310 5394 ούκ
337 5340 405 5392 ὲκ
433 5338 536 5410 τῆς
567 5338 824 5409 τοιαύτης
849 5339 1160 5410 μετουσίας,
1194 5340 1274 5401 εἰς
1305 5337 1405 5408 τὴν
1434 5336 1540 5390 τῶν
1562 5334 1801 5406 αἰσχρῶν

1912 5337 2326 5408 participatione
2360 5334 2544 5389 liberte
2595 5334 2997 5390 voluntatis‘ad
3033 5349 3120 5390 res
3156 5345 3339 5405 turpes
3383 5345 3492 5390 tra-

207 5433 405 5488 οὐσίαν
435 5431 893 5505 μεταϐεϐηκότες.

1911 5428 2077 5484 ducﬁ.

1907 3403 2066 3474 paulo
2098 3412 2224 3460 ante
2271 3403 2336 3458 ad
2375 3404 2711 3460 honestatem
2754 3417 2813 3458 se
2839 3403 3131 3467 excitabat,
3163 3401 3487 3472 quandoque

1264 5548 1395 5604 CAP.
1426 5545 1616 5604 XXIII.
1657 5547 1805 5602 Petri
1836 5546 2014 5616 lapsus
2035 5554 2082 5601 et
2104 5545 2427 5613 poenitentia.

281 5646 350 5701 Τί
381 5646 439 5702 δέ
472 5667 608 5722 φησι
640 5651 769 5722 περὶ
805 5648 899 5704 τοῦ
926 5648 1134 5721 Πέτρου
1163 5649 1197 5720 ἢ
1242 5647 1447 5719 Θωμᾶς
1494 5647 1643 5710 ὅστις
1672 5645 1801 5699 ποτὲ

1982 5643 2118 5711 Quid
2149 5643 2216 5696 de
2245 5641 2406 5697 Petro
2434 5651 2486 5697 et
2519 5641 2725 5699 Tboma
2768 5642 3006 5698 dicitur?
3047 5643 3176 5698 Erat
3203 5642 3492 5712 aliquando

289 5767 502 5894 ';7Psal.
529 5786 624 5838 cn,
658 5771 708 5826 I.
788 5771 832 5804 "
858 5770 1002 5827 Psal.
1027 5785 1187 5835 cm,
1209 5767 1264 5823 2.
1349 5769 1391 5801 ⁸⁸
1418 5768 1547 5824 Luc.
1579 5783 1674 5833 ιιι,
1709 5767 1791 5822 l9.
1897 5768 1946 5800 ὀ
1973 5765 2016 5821 ιι
2045 5762 2186 5820 Tim.
2211 5779 2286 5830 tv,
2327 5762 2382 5820 9.
2495 5763 2538 5795 ἰ
2570 5760 2642 5818 ιγ
2681 5761 2814 5836 Reg.
2855 5778 2911 5829 v,
2943 5761 3016 5818 20
3041 5774 3164 5832 sqq.
3281 5761 3323 5791 "
3359 5757 3489 5814 Luc.

211 5853 272 5904 ι,
307 5853 393 5894 ιι.

1897 5768 1946 5800 ὀ
1973 5765 2016 5821 ιι
2045 5762 2186 5820 Tim.
2211 5779 2286 5830 tv,
2327 5762 2382 5820 9.
