3860 6322
403 325 510 381 9l9
1497 322 1774 379 PATRES
1813 322 2112 379 EGYPTII
2151 322 2424 381 SA‘ZCULI
2461 321 2548 380 IV.
3563 321 3656 376 920

407 443 644 512 piscator
685 438 896 508 Petrus,
927 446 982 494 et
1030 437 1202 492 malus
1244 445 1393 501 erat;
1422 451 1526 490 non
1555 439 1697 491 enim
1729 449 1845 492 erat
1875 454 1931 492 ex

2129 440 2257 500 ιιεὺς
2293 433 2381 508 ἦν,
2413 436 2704 500 καὶκακὸς
2739 431 2808 508 ἦν
2828 455 2841 467 ·
2874 434 2997 490 οὔτε
3027 435 3137 506 γὰρ
3171 437 3555 509 ἀναμάρτητος
3575 433 3653 506 ἦν,

407 551 532 605 pcrs
563 535 794 606 peccati,
824 534 986 588 homo
1018 530 1280 601 siquidem
1315 540 1450 584 erat.
1480 529 1714 598 Reliquit
1749 545 1930 598 sagen:

2133 531 2370 598 νθρωπος
2402 529 2511 601 γὰρ
2550 526 2618 600 ἦν
2640 547 2653 560 ·
2705 530 2801 583 καὶ
2837 529 3057 600 κληθεὶς
3101 530 3252 599 ηφίει
3297 529 3397 593 τὰς
3429 531 3657 599 σαγήνας

411 635 465 684 e’.
495 628 690 697 pisces,
725 640 780 682 et
822 623 1027 680 relictis
1061 624 1312 678 omnibus
1350 623 1696 692 sequebatur,
1723 633 1779 676 ut
1807 622 1935 675 solut

2131 624 2184 674 αἱ
2209 624 2333 685 τοὺς
2364 622 2572 693 ἰχθύας,
2593 622 2875 691 ἠκολούθει
2907 623 2964 676 δὲ
2992 623 3170 676 πάντα
3192 623 3370 691 ἀφεὶς,
3391 622 3480 676 ἴνα
3513 623 3655 691 μόνον

413 721 594 776 Jesum
624 719 884 784 haberet;
916 725 967 771 et
997 715 1203 770 relictis
1228 714 1437 784 primis,
1465 729 1568 768 non
1595 714 1861 768 desiderio
1883 729 1937 767 su

2131 731 2188 788 (ῃ
2216 716 2305 768 τὸν
2342 715 2548 786 Ἰησοῦν
2571 733 2583 746 ’
2620 716 2713 768 καὶ
2740 715 2811 768 τὰ
2841 715 3031 788 πρῶτα
3063 715 3364 778 ἀπολιπὼν,
3389 716 3490 768 οὐκ
3518 718 3655 767 ἐστεο

413 810 724 870 frustratus.
771 809 972 878 reperit
1020 808 1160 876 quod
1190 807 1460 874 quaesivit,
1489 815 1541 859 et
1571 821 1634 860 eo
1665 821 1836 873 usque
1868 820 1937 873 pri

2135 807 2233 876 ήθη
2272 807 2362 859 τοῦ
2391 807 2721 876 ποθουμένου
2740 824 2752 837 ·
2785 803 2910 877 εὗρε
2939 807 3046 877 γὰρ
3077 807 3138 859 τὸ
3172 806 3426 876 ζητηθέν,
3459 807 3552 858 καὶ
3578 806 3659 858 ἐπὶ

415 914 632 972 gressus
661 909 767 966 est,
818 908 876 952 ut
926 898 1135 952 audiret
1167 915 1181 952 :
1210 895 1287 949 Tu
1316 913 1368 950 es
1404 895 1587 951 Simon
1616 896 1760 963 ﬁlius
1788 894 1939 948 J0me

2139 898 2357 970 ῖσαύτην
2380 899 2491 964 ’ἐξιν
2518 899 2900 970 προελήλυθεν,
2917 899 2992 962 ὡς
3008 897 3236 950 ἀκοῦσαι
3257 913 3269 922 ·
3302 898 3386 952 Σὺ
3408 893 3469 950 εἷ
3481 897 3663 965 Σίμων

416 1002 469 1045 tu
496 989 754 1044 vocaberis
768 988 966 1054 Cephas
980 990 1048 1056 ¹³;
1078 988 1220 1059 quod
1251 979 1446 1041 nomen
1466 984 1940 1056 signiﬁcatl’eliun

2152 990 2277 1055 υίὸς
2324 986 2507 1043 Ἰωνᾶο
2543 988 2625 1042 σὺ
2659 987 2937 1056 κληθήσῃ
2971 985 3198 1056 Κηφᾶς,
3243 985 3273 1038 6
3312 973 3662 1056 ἑρμηνεύεται

414 1096 473 1140 ιιι
519 1085 768 1140 audiret:
801 1083 915 1138 Tibi
959 1082 1095 1136 dabo
1149 1084 1318 1136 claves
1368 1083 1508 1151 regni
1552 1079 1889 1141 cwlormn“;
1932 1095 1938 1129 ι

2144 1079 2318 1147 ’έτρος
2337 1096 2350 1108 ·
2383 1079 2459 1143 ώς
2499 1079 2753 1143 ἀκοῦσαι,
2784 1078 2961 1132 Δώσω
3001 1061 3120 1141 σοι,
3154 1080 3357 1148 Πέτρε,
3387 1079 3498 1145 τὰς
3522 1079 3668 1132 aulei—

416 1175 780 1228 testimonium
809 1173 856 1228 ei
885 1173 1213 1228 tribueretur
1239 1191 1251 1226 :
1279 1170 1414 1224 Caro
1444 1181 1490 1224 et
1521 1171 1734 1239 sanguis
1775 1185 1874 1221 non
1907 1185 1940 1220 r4

2143 1188 2207 1234 ας
2234 1167 2341 1236 τῆς
2367 1170 2688 1236 ,ϐασιλείας
2720 1170 2839 1224 τῶν
2877 1169 3180 1240 οὐρανῶν·
3211 1171 3286 1230 ὼς
3321 1169 3667 1242 μαρτυρησὴ-

415 1264 597 1318 velavit
653 1265 768 1330 tibi,
820 1264 910 1318 sed
969 1262 1132 1316 Pater
1182 1277 1345 1331 meus,
1386 1261 1475 1330 qui
1531 1271 1602 1313 est
1657 1260 1709 1311 in
1761 1258 1936 1311 caelis’

2147 1281 2208 1326 ιι,
2242 1263 2399 1331 Σὰρξ
2436 1264 2541 1318 ,καὶ
2583 1259 2726 1332 αἷμα
2769 1267 2880 1318 οὐκ
2930 1263 3292 1332 ἀπεκάλυψέ
3323 1280 3444 1323 σοι.
3480 1263 3614 1317 ἀλλ’
3641 1267 3671 1316 ό

416 1355 609 1411 Postea
640 1356 821 1426 lapsus
855 1362 938 1410 est
981 1355 1034 1408 in
1080 1353 1242 1407 verbo
1273 1351 1566 1420 petulanti;
1596 1361 1792 1404 etcum
1823 1350 1887 1402 ad
1915 1352 1940 1402 ll

2146 1355 2300 1423 ’anip
2320 1374 2439 1424 μου
2465 1355 2496 1409 ὁ
2526 1354 2820 1423 οὐράνιος.
2854 1355 3118 1426 ’Ύστερον
3153 1356 3483 1426 προπετείας
3509 1355 3670 1425 ᾑρέθη

419 1449 748 1519 crepandum
780 1447 1155 1519 processisset,
1189 1460 1287 1499 nec
1331 1446 1398 1498 ab
1427 1445 1794 1513 increpatione
1835 1444 1943 1512 fuge

2149 1448 2340 1517 ἡματιο
2378 1449 2472 1501 καὶ
2505 1447 2642 1518 πρὸς
2683 1449 2749 1518 τῇ
2800 1447 3054 1518 ἐπιτιμία
3094 1447 3404 1517 γενόμενος,
3445 1449 3541 1500 καὶ
3583 1449 3673 1517 τὴν

421 1547 524 1608 ret,
550 1537 788 1592 audivit:
819 1535 960 1592 Vade
987 1549 1096 1605 post
1127 1552 1226 1600 me,
1256 1533 1489 1598 Salano;
1523 1533 1829 1587 scandalum
1858 1536 1945 1586 util

2147 1534 2383 1605 πιτιμίαν
2405 1535 2478 1606 μὴ
2505 1535 2740 1604 φεύγων,
2763 1536 2992 1607 ηκουσεν
3015 1553 3028 1566 ο
3063 1537 3293 1605 "Mare
3320 1538 3518 1590 ὀπίσω
3539 1555 3671 1606 μου,

419 1647 493 1692 es,
521 1631 643 1700 quia
667 1645 769 1682 non
796 1629 938 1696 sapis
965 1644 1081 1698 qua!
1107 1627 1200 1681 Dei
1226 1628 1470 1690 sunt,sed
1493 1643 1608 1696 quo:
1633 1625 1902 1678 hominum
1923 1626 1943 1656 '

2152 1625 2366 1688 'utard,
2392 1625 2738 1680 σκάνδαλόν
2756 1645 2874 1696 μου
2901 1624 2974 1690 εἴ,
3004 1627 3090 1682 ὅτι
3122 1631 3196 1682 οὐ
3221 1628 3462 1697 φρονεῖς
3483 1630 3555 1682 τὰ
3581 1627 3676 1682 τοῦ

425 1719 588 1774 Paulo
642 1728 766 1773 ante
814 1718 994 1774 claves
1023 1728 1328 1786 acceperat,
1361 1727 1410 1771 et
1438 1715 1597 1771 Pater
1623 1717 1677 1769 in
1714 1730 1778 1769 eo
1812 1715 1949 1785 loqut

2155 1719 2278 1783 δοῦ,
2307 1718 2467 1772 ἀλλὰ
2494 1719 2567 1772 τὰ
2595 1719 2712 1772 τῶν
2743 1719 3100 1786 ἀνθρώπων·
3137 1722 3230 1774 καὶ
3263 1722 3388 1792 ἄρτι
3419 1722 3522 1792 μὲν
3544 1722 3679 1774 κλείο

421 1810 610 1878 batur;
656 1809 850 1865 Petrus
884 1825 980 1880 pro
1021 1810 1240 1865 Simone
1279 1809 1615 1879 appellatus;
1657 1810 1750 1862 sed
1785 1825 1880 1877 pro
1914 1827 1945 1860 ιη

2149 1828 2190 1874 ις
2235 1810 2481 1882 οὐρανῶν
2531 1811 2775 1881 ὲδέχετο’
2821 1811 3014 1883 Πατὴρ
3053 1813 3112 1864 ἐν
3157 1813 3304 1882 αὑτῷ
3352 1812 3673 1882 ἐφθέγγετο·

423 1902 799 1958 muneratione
870 1903 1289 1970 increpationem
1356 1902 1538 1972 elegit.
1612 1901 1947 1956 Verumtamt

2156 1903 2326 1974 έτρος,
2360 1903 2749 1973 ἀντιΣίμωνος
2769 1919 2780 1931 ·
2813 1903 2934 1955 ἀντὶ
2966 1902 3022 1954 δὲ
3061 1905 3410 1975 πράγματος,
3446 1907 3680 1975 ῥήματος

426 1993 566 2048 iacta
598 2004 681 2050 est
703 1993 853 2063 lapso
892 1993 1179 2059 medicina,
1199 2001 1254 2047 et
1283 1991 1459 2046 ructus
1488 2000 1570 2065 est
1599 1991 1826 2057 melior;
1858 1989 1950 2043 fuel

2155 1993 2383 2066 τιτιμίας
2425 1997 2640 2065 ᾑρεῖτο·
2674 1995 2786 2048 ἀλλ’
2831 1993 3176 2067 ἐθεραπεύθη
3217 1996 3277 2049 τὸ
3331 1997 3585 2064 πταῖσμα
3621 1999 3679 2065 τῇ

427 2094 508 2140 est
540 2085 834 2155 increpatio
882 2085 1092 2170 meiui
1129 2084 1454 2147 remedium,
1485 2092 1538 2138 et
1578 2099 1730 2136 utens
1761 2082 1951 2136 euratit

2157 2084 2410 2138 λτιώσει·
2465 2087 2559 2139 καὶ
2585 2089 2618 2156 ἡ
2650 2088 2899 2157 ἐπιτιμία
2931 2088 3223 2158 φάρμακον
3255 2087 3502 2154 svi-asco-
3536 2087 3626 2139 καὶ
3653 2088 3681 2156 ἡ

427 2190 551 2230 nem
584 2175 827 2246 amplexa
857 2183 962 2241 est,
986 2187 1040 2230 et
1065 2191 1292 2246 magnus
1319 2189 1384 2229 ac
1404 2174 1618 2229 divinus
1648 2172 1951 2228 eratPetrus

2154 2179 2296 2250 κώμη
2329 2178 2428 2250 τῆς
2455 2179 2753 2252 θεραπείας
2779 2181 2986 2252 εἴχετοο
3011 2183 3106 2234 καὶ
3130 2181 3300 2251 μέγας
3316 2176 3385 2251 ἦν
3409 2180 3505 2235 καὶ
3528 2179 3678 2242 θεῖος,

426 2275 482 2322 et
509 2266 601 2336 qui
651 2267 860 2337 lapsum
905 2277 1214 2334 curaverat,
1265 2265 1398 2321 nihil
1442 2264 1626 2320 damni
1667 2265 1720 2318 in
1757 2279 1822 2320 eo
1859 2279 1950 2334 qut

2158 2270 2449 2342 ;ραπεύσας
2479 2270 2578 2341 μὲν
2611 2271 2668 2324 τὸ
2697 2275 2964 2342 πταῖσμα,
2998 2272 3162 2342 μηδὲν
3183 2272 3238 2326 δὲ
3263 2271 3567 2342 ζημιωθεὶς
3586 2271 3682 2324 ἀπὸ

427 2359 577 2430 prius
609 2359 810 2416 dictum
843 2369 949 2426 est,
981 2360 1204 2414 fecerat.
1247 2357 1315 2416 Ut
1345 2369 1524 2414 autem
1555 2358 1813 2413 Dominus
1846 2357 1951 2410 trad

2157 2363 2197 2416 δῦ
2247 2364 2670 2438 προῃρημένου·
2708 2363 2783 2428 ώς
2830 2364 2887 2418 δὲ
2935 2366 2962 2418 6
3013 2364 3216 2436 Κύριος
3263 2363 3564 2436 παρεδόθη,
3598 2363 3681 2417 καὶ

385 2451 516 2506 ‘tus
552 2455 658 2514 est,
692 2457 747 2504 et
774 2449 1068 2506 ducebatur
1097 2450 1162 2504 ad
1191 2450 1388 2505 atrium
1438 2449 1728 2523 poutilicis,
1769 2449 1903 2517 prod

2161 2473 2270 2525 (svo
2294 2459 2385 2510 ἐπὶ
2413 2456 2512 2528 τὴν
2539 2456 2708 2528 αὐλὴν
2736 2456 2828 2510 τοῦ
2854 2459 3175 2528 ἀρχιερέως,
3203 2456 3469 2528 ἠλέγχθη.
3497 2457 3685 2510 ἐδυσω-

427 2556 508 2608 se,
543 2542 720 2598 timori
748 2543 1032 2598 succubuit
1065 2543 1155 2598 ille
1193 2542 1348 2597 fortis
1397 2542 1622 2606 Petrus;
1663 2542 1951 2596 tremefacu

2155 2550 2252 2620 ήθη
2288 2552 2316 2603 6
2339 2549 2553 2613 εὔτονος
2577 2551 2784 2621 Πέτρος
2803 2566 2816 2579 ’
2844 2551 3117 2604 σέσεισται
3139 2551 3167 2602 6
3183 2549 3279 2614 τὰς
3302 2549 3515 2613 κλεῖδας
3537 2549 3679 2618 ἔχων·

428 2642 512 2689 est
573 2634 664 2704 qui
695 2634 874 2690 claves
909 2644 1230 2705 acceperat;
1262 2633 1556 2705 periculum
1600 2634 1718 2698 fuit,
1756 2649 1820 2688 ue
1851 2643 1952 2687 extt

2157 2640 2480 2694 ιινδύνευσεν
2501 2641 2606 2708 ἔξω
2629 2641 2738 2693 τῶν
2765 2639 2943 2712 θυρῶν
2971 2641 3072 2711 τῆς
3100 2641 3361 2711 ἀληθείας
3389 2640 3681 2710 ἀληθεύειν⁴

425 2725 645 2798 ianuam
671 2727 915 2784 veritatis
958 2742 1142 2783 verum
1185 2727 1411 2783 diceret.
1451 2725 1753 2781 Periculum
1784 2723 1903 2788 fuit,
1943 2742 1949 2778 l

2162 2732 2343 2785 ιένωσε
2389 2732 2488 2804 τὴν
2535 2731 2762 2804 γνώμην
2812 2734 2841 2786 6
2887 2732 3345 2804 πεπληρωμένος·
3383 2731 3490 2786 ὑπὸ
3530 2732 3686 2804 κόρης

430 2832 491 2873 se
532 2832 658 2878 Vere
707 2817 909 2874 faceret
938 2818 1247 2880 anathema,
1274 2831 1398 2870 cum
1453 2815 1696 2869 munitus
1731 2823 1814 2868 est
1868 2812 1954 2882 (ιθ

2163 2830 2244 2890 ιᾶς
2297 2825 2609 2896 νενίκηται·
2666 2827 2954 2898 παιδίσκην
3000 2825 3343 2896 πεφόϐηται·
3381 2825 3687 2895 ἀντωπῆσαι

434 2908 742 2964 Exinanivit
772 2919 1031 2975 mentem,
1065 2909 1156 2978 qui
1207 2909 1396 2978 plenus
1423 2914 1572 2973 erat;
1605 2905 1674 2959 ab
1701 2919 1806 2958 una
1834 2904 1956 2972 pucl

2162 2921 2250 2992 ρὺς
2281 2919 2474 2990 δούλην
2500 2920 2559 2972 ού
2583 2919 2902 2990 δεδύνηται·
2937 2918 3195 2971 πέπτωκε
3221 2918 3289 2986 τῇ
3318 2915 3493 2986 δειλία
3521 2917 3548 2968 ὁ
3579 2915 3686 2967 θεο-

433 3003 610 3058 victus
636 3010 738 3067 est,
781 3001 1027 3056 ancillam
1063 3001 1274 3067 metuit,
1323 3014 1430 3054 non
1477 2997 1649 3067 potuit
1678 3012 1846 3052 servae
1880 3011 1957 3052 res

2163 3012 2298 3082 εϐὴς,
2333 3013 2361 3064 6
2407 3010 2680 3081 θεοφιλὴς,
2716 3013 2745 3064 6
2775 3009 2844 3063 τὰ
2889 3008 3127 3078 ἐπιφανῆ
3171 3005 3481 3077 γινώσκων,
3513 3009 3542 3060 6
3569 3007 3687 3058 αύτ-

433 3101 596 3150 δῐετε.
630 3091 836 3149 Cecidit
863 3091 1148 3148 formidine
1188 3100 1566 3146 consternatus
1619 3089 1708 3145 ille
1745 3089 1799 3143 in
1846 3091 1952 3144 Deu

2151 3118 2286 3172 πτης
2326 3099 2421 3152 τοῦ
2455 3101 2686 3170 Κυρίου.
2733 3100 2842 3153 Καὶ
2887 3098 3060 3152 ταῦτα
3093 3097 3256 3166 λέγω,
3290 3097 3389 3167 οὐχ
3423 3097 3514 3149 ἵνα
3557 3113 3675 3150 κατ-

433 3187 577 3258 pius,
614 3183 702 3240 ille
747 3185 854 3241 Deo
903 3185 1124 3249 cbarus,
1174 3183 1262 3238 ille
1298 3183 1388 3255 qui
1433 3183 1522 3238 illa
1566 3182 1795 3251 insignia
1839 3182 1957 3236 novi

2167 3193 2302 3265 γορῶ
2324 3210 2338 3224 ⁸
2381 3193 2626 3246 πείθεται
2657 3191 2767 3263 γὰρ
2798 3193 2880 3245 ὅτι
2908 3191 3078 3245 ταῦτα
3107 3190 3273 3253 λαλῶ,
3301 3191 3390 3242 ἶνα
3431 3189 3508 3261 μὴ
3546 3205 3691 3241 συκο·

433 3278 526 3349 qui
557 3277 842 3332 Dominum
875 3277 1029 3331 vidit.
1053 3277 1186 3332 Cum
1213 3277 1328 3332 haec
1362 3276 1504 3342 dico,
1539 3290 1645 3330 non
1677 3287 1734 3329 ut
1762 3289 1884 3330 eum
1917 3290 1957 3328 σε

2167 3285 2364 3357 ιντηθῇ
2395 3287 2428 3356 ἡ
2466 3285 2692 3356 ἀλήθεια
2712 3302 2727 3315 ’
2761 3285 2902 3357 ὑπὲρ
2947 3283 3206 3354 ἀληθείας
3232 3282 3546 3352 φθέγγομαι
3569 3298 3582 3310 °
3609 3281 3691 3333 καὶ

435 3383 640 3437 cusem,
671 3368 823 3434 dico;
853 3367 1078 3425 conlidit
1109 3368 1252 3423 enim
1280 3383 1364 3423 me
1393 3369 1508 3422 haec
1535 3367 1735 3432 dicere,
1779 3374 1837 3422 ut
1870 3381 1959 3420 ver

2167 3397 2208 3431 ιν
2235 3376 2419 3431 δοῦλον
2449 3377 2547 3447 τῆς
2573 3376 2830 3446 ἀληθείας
2860 3376 3187 3448 παραφέρω,
3214 3375 3301 3442 ἵνα
3323 3375 3384 3428 τὸ
3404 3373 3597 3444 ψεῦδος
3626 3373 3691 3444 μὴ

438 3473 522 3518 tas
545 3462 870 3518 calumniam
899 3477 1004 3516 non
1033 3460 1256 3527 subeat;
1293 3475 1391 3530 pro
1419 3459 1736 3516 defensione
1767 3458 1962 3511 vcritat

2164 3471 2352 3541 ,κήσῃο
2394 3469 2486 3522 τὸν
2533 3468 2812 3540 ὑπηρέτην
2864 3468 2965 3538 τῆς
3018 3467 3274 3536 ἀληθείας
3314 3468 3688 3538 προσκομίζω·

347 3614 351 3618 _
435 3553 656 3624 loquor;
710 3567 924 3608 servum
969 3551 1212 3606 veritatis
1261 3549 1512 3614 adbibeo,
1561 3563 1628 3604 ne
1673 3550 1862 3602 mequ

2169 3565 2306 3635 τειδὴ
2363 3564 2472 3635 γὰρ
2520 3561 2798 3633 βούλονται
2835 3563 3028 3631 φύσεις
3071 3557 3232 3624 εἶναι,
3280 3561 3378 3614 καὶ
3423 3562 3693 3631 μαίνονται

439 3645 652 3711 vincat;
683 3643 992 3698 ministrum
1026 3642 1272 3697 veritatis
1303 3640 1566 3711 produco,
1589 3650 1646 3695 ut
1677 3641 1804 3710 quia
1831 3639 1963 3692 VOlUI

2169 3675 2201 3720 ης
2228 3656 2318 3710 τὸν
2353 3657 2480 3728 περὶ
2511 3656 2724 3725 φύσεως
2767 3655 2946 3723 λόγον,
2982 3655 3075 3708 τὸν
3105 3654 3309 3724 Πέτρον
3339 3651 3693 3723 προσκεκομι-

437 3737 715 3793 Mauicbmi
743 3744 966 3792 naturas
990 3750 1111 3791 esse
1153 3734 1208 3789 in
1243 3733 1418 3804 culpa,
1447 3745 1502 3791 et
1530 3735 1584 3788 in
1613 3743 1818 3788 natura:
1853 3735 1961 3786 ratil

2173 3768 2224 3814 ι,
2261 3750 2348 3803 ἴνα
2399 3748 2558 3818 φύσις
2601 3747 2867 3819 ὲλεγχθῇ’
2907 3744 3212 3800 δεικνύουσι
3267 3743 3374 3814 γὰρ
3414 3745 3468 3796 αἱ
3516 3740 3697 3794 πολλαὶ

439 3845 562 3886 nem
591 3828 892 3896 insaniunt,
925 3827 1118 3882 Petrus
1145 3842 1174 3880 a
1203 3843 1290 3882 me
1323 3826 1620 3902 productus
1648 3837 1729 3881 est
1764 3837 1820 3880 ut
1856 3837 1963 3879 uati

2173 3841 2420 3896 εταὸολαὶ
2457 3841 2517 3893 τὺ
2569 3842 2633 3894 ἐκ
2675 3839 3046 3912 προαιρέσεως
3086 3834 3552 3906 ἅποτελεσμένονο
3613 3832 3696 3886 καὶ

440 3936 559 3976 ram
585 3919 941 3974 demonstret.
973 3919 1349 3973 Demonstrant
1373 3921 1515 3972 enim
1551 3919 1730 3972 Illullu‘
1755 3919 1872 3987 (‘jlls
1901 3935 1964 3970 un

2175 3937 2352 4005 >γήσει
2388 3935 2416 3986 6
2455 3933 2681 4004 θρύλλος
2710 3933 2807 4004 τῆς
2836 3931 3227 4003 προαιρέσεως,
3255 3927 3327 3980 τὰ
3353 3925 3581 3996 βραδεῖα
3609 3924 3699 3993 τῆς

443 4011 679 4067 taliones
724 4024 810 4077 ea,
859 4024 977 4079 qua:
1024 4008 1189 4062 libera
1220 4010 1464 4063 voluntas
1495 4009 1709 4076 ellecit;
1741 4021 1793 4064 et
1821 4023 1967 4063 evam

2175 4028 2357 4090 siesse;
2385 4026 2646 4096 τελούσης
2669 4043 2683 4058 ·
2721 4025 3036 4097 προαιρέσει
3069 4022 3180 4094 γὰρ
3206 4019 3411 4093 ζῶμεν,
3455 4016 3699 4089 προαιρέ-

441 4111 558 4160 seet
583 4111 734 4157 ortus
761 4116 967 4166 rumor,
1007 4100 1278 4171 siquidem
1309 4099 1479 4155 libera
1523 4101 1771 4155 voluntas
1799 4117 1962 4168 praem

1571 4101 1771 4155 ῢιυιιῑθε
1799 4103 2016 4168 Ιπαεηιίθ
2126 4136 2210 4172 σει
2237 4119 2299 4172 τὸ
2333 4119 2668 4190 κατόρθωμα
2704 4117 3095 4190 ταμιευόμεθα.

437 4195 628 4266 judicii
657 4195 893 4251 coniicit.
922 4192 1200 4248 Electione
1227 4192 1370 4247 enim
1398 4197 1415 4262 ι
1422 4192 1473 4247 id
1496 4203 1600 4257 est,
1624 4195 1828 4247 ratione
1851 4204 1904 4248 et
1927 4209 2016 4248 vo-

441 4287 674 4358 luntate.)
702 4285 952 4354 vivimus,
989 4282 1240 4340 electioni
1270 4296 1612 4338 reservamus
1647 4282 1840 4338 ollicia.

1428 4375 1560 4432 CAP.
1588 4373 1777 4431 XXIV.
1812 4374 2114 4432 Revelanda
2145 4393 2447 4435 sanctorum
2473 4391 2706 4451 peccata.

513 4477 722 4533 Idcirco
753 4474 1002 4542 formido,
1032 4489 1101 4530 ne
1145 4474 1199 4529 in
1242 4473 1566 4546 negligentia
1603 4474 1792 4537 simus,
1820 4473 1862 4528 si
1894 4473 2023 4543 quid

2199 4478 2290 4531 Διὸ
2325 4476 2524 4540 δειλιῶ,
2581 4477 2656 4548 μὴ
2700 4474 3036 4547 αίρεθῶμεν·
3087 4474 3278 4546 ἀμέλει
3310 4475 3397 4528 ἀεί
3429 4491 3484 4528 τι
3520 4468 3703 4526 novet]-

443 4569 776 4636 laboramus,
803 4577 862 4622 ut
892 4583 1013 4622 cum
1047 4582 1152 4621 non
1185 4567 1433 4621 videmur
1462 4566 1655 4620 muniti
1693 4581 1836 4632 esse,
1865 4564 1967 4620 den

2181 4588 2248 4634 ιν,
2275 4571 2362 4624 ἵνα
2389 4569 2464 4641 μὴ
2489 4569 2769 4632 δοκοῦντες
2800 4567 3156 4638 ἡσφαλίσθαι,
3184 4567 3466 4637 αἰφνιδίως
3488 4565 3552 4618 δι’
3576 4563 3705 4633 ἁμές

445 4674 608 4734 pente
656 4674 875 4732 propter
919 4659 1298 4730 negligentiam
1327 4659 1380 4714 iu
1418 4659 1692 4714 interitum
1740 4658 1967 4712 cadamu

2166 4681 2275 4718 ειαν
2327 4665 2407 4727 είς
2456 4663 2678 4734 ὀλεθρον
2711 4661 2986 4732 πέσωμεν.
3027 4663 3104 4713 Δι’
3143 4662 3290 4731 ἡμᾶς
3322 4660 3497 4727 λέγει,
3540 4658 3690 4710 ’Υπο

446 4757 674 4826 Propter
706 4769 804 4812 nos
836 4754 1005 4810 dicit:
1032 4752 1247 4821 Castigo
1283 4767 1471 4820 corpus
1511 4767 1681 4804 meum
1706 4761 1750 4803 et
1776 4751 1830 4804 in
1863 4767 1970 4804 serv

2179 4757 2310 4820 ιάζω
2334 4775 2454 4827 μου
2487 4757 2554 4810 τὸ
2585 4755 2757 4825 σῶμα
2798 4754 2896 4808 καὶ
2936 4750 3327 4821 δουλαγωγῶ,
3351 4750 3583 4820 μήποτε
3607 4747 3703 4800 ἄλ·

449 4861 611 4904 tutem
640 4848 836 4918 redigo,
869 4863 931 4900 ne
961 4861 1080 4898 cum
1112 4845 1234 4898 aliis
1256 4842 1676 4912 pra'dicaverim,
1713 4842 1822 4911 ipse
1845 4858 1973 4912 repn

2179 4867 2264 4916 οις
2290 4848 2578 4918 κηρύξας,
2618 4847 2802 4914 αὐτὸς
2846 4844 3132 4914 ἀδόκιμος
3159 4842 3440 4913 γένωμαι·
3473 4841 3562 4893 τὸν
3587 4836 3703 4906 περὶ

449 4946 542 4997 bus
581 4940 856 5012 e/ftciar".
895 4939 1182 4992 Rationem
1206 4936 1272 4990 de
1299 4935 1526 5002 reprobo
1561 4946 1769 4999 metuo;
1795 4951 1973 5004 agnos:

2177 4942 2395 5013 δοκίμου
2442 4940 2714 5012 φοϐοῦμαι
2760 4939 2940 5009 λόγον,
2973 4938 3033 4992 τὸ
3074 4934 3357 5005 ὀλισθηρδν
3392 4933 3492 5003 τῆς
3523 4946 3701 5001 προαι-

450 5035 593 5104 quod
630 5044 713 5089 est
745 5033 797 5088 in
821 5031 1090 5087 electione
1117 5027 1382 5082 lubricum
1410 5037 1464 5083 et
1490 5042 1766 5098 prwceps;
1803 5028 1974 5098 diliget

2177 5033 2340 5095 έσεως
2367 5030 2649 5100 γινώσκων
2670 5047 2684 5062 ο
2728 5026 3098 5099 ἀσφαλίζομαι
3131 5028 3196 5096 τῇ
3224 5022 3508 5093 ἐπιμελείᾳ
3531 5021 3591 5073 τὸ
3621 5016 3701 5071 εῦ-

451 5128 521 5181 t‘a
548 5135 601 5180 et
623 5122 967 5180 accuratioue
991 5119 1386 5189 proclivitatem
1411 5119 1739 5190 pranuuuio;
1770 5119 1920 5189 sepia
1947 5118 1975 5172 l‘:

2178 5125 2292 5178 ολον
2311 5140 2326 5156 ⁶
2354 5123 2574 5194 τειχίζω
2600 5123 2660 5176 τὸ
2680 5122 2780 5192 τῆς
2808 5119 3180 5192 προαιρέσεως
3208 5116 3446 5186 εὐμαρὲς
3474 5113 3548 5183 τῷ
3574 5113 3702 5178 πάτῳ

450 5219 709 5275 cilitatem
759 5216 941 5269 liberat
980 5211 1272 5267 voluntatis
1303 5211 1489 5266 labore
1517 5211 1902 5267 meditationis.
1934 5210 1974 5264 Α

2175 5215 2236 5286 ῆς
2273 5215 2538 5286 μελέτης.
2589 5214 2696 5268 Καὶ
2727 5211 2899 5266 ταῦτα
2932 5212 3029 5282 μὲν
3075 5211 3103 5262 6
3143 5207 3370 5278 Πέτρος,
3419 5207 3511 5259 καὶ
3545 5204 3699 5262 λαλεῖ,

451 5326 556 5381 que
597 5312 711 5364 haec
756 5307 974 5377 quidem
1021 5303 1214 5360 Petrus
1260 5314 1315 5361 et
1347 5305 1606 5376 loquitur,
1651 5316 1704 5360 et
1736 5305 1947 5368 scribit,

2149 5311 2232 5362 καὶ
2279 5309 2501 5379 γράφει,
2547 5307 2640 5360 καὶ
2669 5306 2880 5377 χαίρει·
2933 5305 3021 5357 ἵνα
3054 5303 3146 5355 καὶ
3177 5300 3245 5353 τὰ
3274 5299 3587 5369 πταίσματα
3614 5295 3673 5348 αὑ

454 5404 652 5473 gaudet
679 5401 821 5472 quod
845 5408 902 5454 et
927 5407 1143 5468 peccata
1174 5399 1343 5470 ipsius
1371 5381 1427 5454 et
1454 5400 1684 5454 virtutes
1715 5399 1826 5455 sint
1852 5399 1973 5468 expl

2176 5404 2256 5465 οῦ,
2289 5401 2385 5454 καὶ
2413 5400 2483 5454 τὰ
2540 5398 2945 5470 κατορθώματα
2980 5393 3146 5449 αὑτοῦ
3179 5392 3467 5462 εἰσήγησις
3497 5388 3599 5442 τῶν
3629 5386 3700 5438 δο-

454 5494 602 5550 natio
629 5493 961 5564 dogmatum.
1013 5490 1094 5550 Ob
1140 5492 1282 5548 hanc
1318 5507 1536 5549 causam
1565 5500 1792 5563 peccata
1819 5500 1978 5547 sancti

2170 5492 2368 5563 ’μάτων
2396 5491 2659 5565 τυγχάνῃ.
2680 5491 2778 5545 Διὰ
2819 5487 3085 5542 τοῦτοκαὶ
3103 5485 3170 5539 τὰ
3207 5482 3316 5536 τῶν
3345 5481 3513 5550 ἁγίων
3540 5482 3694 5549 ἁμ³ρ⁴

533 5629 755 5685 "Joan.
799 5646 838 5698 ι,
879 5629 969 5687 49..
1047 5629 1094 5663 ’⁸
1121 5628 1313 5686 Matth.
1345 5644 1457 5693 xvt,
1487 5626 1575 5683 i9.
1651 5627 1697 5660 "
1725 5626 1856 5682 ibid.
1888 5626 1975 5682 l7.
2051 5627 2057 5657 ¹

1383 5644 1457 5693 vt,
1487 5626 1575 5683 i9.
1651 5627 1697 5660 "
1725 5626 1856 5682 ibid.
1888 5626 1975 5682 i7.
2051 5624 2097 5657 "
2121 5622 2252 5679 ibid.
2278 5621 2369 5680 25.
2447 5621 2492 5653 ’⁷
2519 5619 2536 5674 l
2560 5620 2686 5676 Cor.
2714 5636 2791 5682 Ix,
2813 5619 2904 5673 ‘27.

528 5766 644 5841 (l6)
686 5765 994 5826 Periculum
1020 5765 1446 5840 [uit—munitus
1473 5773 1572 5820 est.
1602 5760 1728 5819 Hac
1761 5763 1952 5820 desum
1976 5764 2030 5819 in
2069 5770 2236 5829 testu,
2267 5774 2388 5832 qua
2411 5758 2614 5816 librarii
2647 5757 2731 5815 vel
2759 5757 3112 5829 exscriptoris
3138 5757 3263 5814 vitio
3292 5754 3602 5814 exciderint.
