3860 6316
149 358 251 415 εδει
1090 363 1149 422 S.
1188 365 1597 426 SERAPIONIS
1635 370 1673 426 L

1917 374 2037 432 ον.
2081 375 2546 437 ΜΑΝΙΕΗΕΟΞ..
3328 376 3441 433 «ιΞΞ

147 476 376 545 πήματα
422 472 747 547 λελάληταιο
793 475 846 532 τι
896 475 1007 550 γάρ
1059 478 1248 536 ἐλύπει
1297 482 1640 555 σιωπηθῆναι

1922 496 1972 542 ‘m
1992 491 2363 574 proditasuut.
2381 491 2518 558 Quid
2534 493 2679 545 enim
2698 489 2778 546 eis
2794 487 3018 555 doleret,
3033 504 3079 546 st
3102 504 3289 547 eorum
3314 507 3442 562 pec-

152 569 447 638 πταῖσμα;
487 568 573 631 τίς
612 570 640 623 ὁ
681 570 946 641 γράφων;
981 571 1183 645 ούλγὰρ
1221 576 1269 627 οἱ
1301 575 1497 645 φαῦλοι
1521 595 1676 647 κατη·

1916 592 1978 635 ιιει
2010 588 2168 637 tacita
2198 568 2465 639 i‘uissent?
2492 581 2622 650 Quis
2646 582 2734 637 illa
2781 583 3042 652 scripsit?
3068 597 3135 636 an
3167 581 3290 636 mali
3335 597 3440 637 non

151 675 333 729 ρησαν
356 659 473 713 τῶν
501 660 725 729 καλῶν;
765 663 825 715 ού
864 662 1017 718 καλοὶ
1052 663 1107 719 δὲ
1151 665 1222 721 τὰ
1250 668 1357 722 τῶν
1389 669 1569 723 καλῶν
1596 687 1675 723 πτε

1916 684 2257 728 rcusaverunt
2288 674 2494 731 bonos?
2523 691 2589 728 an
2622 676 2747 730 boni
2781 683 3000 744 peccata
3034 672 3300 729 bonorum
3333 690 3440 730 non

153 766 344 821 σματα
374 750 751 824 ὲξηγήσαντο;
784 753 975 827 ,ἕτεροι
1008 755 1066 809 δὲ
1103 758 1197 811 καὶ
1228 758 1298 813 τὰ
1326 761 1567 828 ὲαυτῶνς
1611 763 1677 816 II:

1918 766 2255 821 irraverunt?
2291 767 2380 820 alii
2426 782 2555 822 vero
2604 766 2741 823 sua?
2788 766 2987 821 Paulus
3039 781 3166 832 sua;
3206 766 3442 823 Joannes

151 841 245 907 λος
294 843 366 897 τὰ
419 844 650 898 ἑαυτοῦ·
696 845 951 919 Ἰωάννης
977 847 1046 901 τὰ
1091 849 1333 922 Πέτρου·
1378 846 1498 906 εἶτα
1545 852 1675 920 Θωμ

1916 854 2004 908 :tri
2046 864 2288 921 peccata,
2335 855 2529 910 deinde
2563 854 2807 922 Thomas,
2834 865 2889 912 et
2915 858 3051 912 alius
3093 857 3349 911 aliorum.
3382 855 3440 911 Si

152 935 343 1039 ἕτερος
364 936 442 1038 τὰ
459 937 667 1010 ἐτέρου.
688 938 752 992 ΕΞ
773 938 872 1009 μὲν
892 939 1001 1011 γὰρ
1023 940 1216 1011 φαῦλοι
1258 946 1305 997 οἱ
1326 945 1676 1019 κατηγοροῦν

1916 945 2003 999 tim
2040 944 2165 1000 mali
2197 956 2566 1013 accusasseut,
2603 948 3127 1018 reprehenderemus
3152 949 3358 1013 odium,
3384 956 3440 1003 et

152 1026 317 1096 ἦσαν,
369 1026 452 1099 τῷ
488 1027 636 1099 μίσει
680 1028 1092 1102 ὲπεκαλοῦμεν·
1150 1033 1246 1088 καὶ
1294 1034 1386 1088 τὸν
1429 1034 1622 1105 φθόιον
1665 1053 1676 1089 :

1914 1038 2249 1093 :invidentia
2295 1049 2459 1109 atque
2501 1040 2673 1097 livore
2721 1056 3097 1112 quereremur,
3147 1040 3289 1110 quod
3336 1040 3438 1095 ista

150 1117 254 1190 τὴν
304 1119 613 1190 βασκανίαν
658 1123 1045 1195 ὲμεμφόμεθα,
1091 1125 1172 1179 ὃτι
1219 1127 1285 1179 ὲκ
1340 1128 1640 1199 μισούντων

1919 1140 2111 1186 xerunt
2149 1132 2238 1202 qui
2283 1132 2532 1189 oderant.
2581 1133 2676 1190 Sin
2733 1150 2866 1190 vero
2906 1134 3005 1204 ipsi
3037 1150 3160 1198 sua,
3191 1141 3286 1187 aut
3309 1131 3435 1188 boui

150 1214 386 1265 τοιαῦτα
418 1214 752 1286 προεφέρετο
777 1217 1021 1287 ῥήματα.
1068 1218 1133 1272 Εἰ
1161 1219 1218 1272 δὲ
1250 1220 1404 1274 αὐτοὶ
1430 1221 1498 1275 τὰ
1524 1223 1674 1276 ἑαυτὲ

1915 1240 2123 1279 morum
2172 1224 2356 1295 lapsus
2393 1227 2764 1296 prodiderunt,
2812 1226 2940 1296 quin
2976 1226 3156 1298 potius
3202 1223 3439 1296 Spiritus

150 1302 183 1374 ἦ
212 1301 378 1356 καλοὶ
425 1303 533 1357 τῶν
566 1305 749 1358 καλῶν
778 1308 1033 1380 εἰρήκασι
1064 1313 1521 1383 κατηγορήματα,
1557 1314 1674 1383 μᾶλῖ

1914 1328 2080 1371 metus
2121 1318 2212 1388 qui
2246 1318 2299 1372 in
2330 1318 2534 1374 sanctis
2558 1318 2771 1374 locutus
2797 1328 2906 1384 est,
2937 1328 2992 1375 et
3036 1318 3150 1388 ipse
3180 1317 3438 1373 Dominus

150 1393 206 1446 δὲ
232 1393 299 1447 τὸ
325 1395 561 1466 Πνεῦμα
586 1396 647 1450 τὸ
692 1397 847 1466 ἆγιον
891 1400 953 1451 τὸ
982 1402 1039 1452 ὲν
1067 1403 1179 1464 τοῖς
1217 1403 1393 1471 ἁγίοις
1427 1404 1674 1478 λελαληκι

1914 1408 2050 1462 :licta
2095 1424 2374 1465 servorum
2424 1426 2644 1466 suorum
2692 1412 2963 1481 exposuit,
2987 1420 3042 1466 et
3081 1424 3184 1464 non
3221 1410 3438 1465 silentio

151 1485 248 1535 καὶ
278 1486 310 1536 ὁ
338 1485 547 1556 Κύριος
573 1486 734 1551 αὐτὸς
760 1486 830 1540 τὰ
862 1486 970 1541 τῶν
995 1487 1197 1544 δούλων
1228 1492 1423 1546 ἑαυτοῦ
1451 1492 1675 1567 ἐξηγήσε

1916 1501 2255 1568 εέίιιιυιεινίις
2285 1517 2504 1557 causam
2535 1505 2850 1572 quaerimus.
2878 1500 2994 1555 Non
3024 1501 3166 1556 enim
3197 1516 3259 1556 ea
3287 1500 3439 1557 dixe-

154 1576 506 1646 πταίσματα,
539 1577 632 1631 καὶ
672 1579 733 1630 ού
766 1578 1106 1651 σεσιώπηκε·
1139 1582 1202 1635 τὺ
1234 1584 1407 1638 αἴτιον
1455 1584 1678 1658 ζητοῦμι

1917 1600 2005 1653 mt,
2040 1601 2097 1646 ut
2134 1591 2575 1656 criminarentur,
2610 1591 3047 1646 criminationem
3077 1592 3221 1644 enim
3266 1590 3441 1658 eiece-

150 1667 212 1718 οὗ
247 1667 364 1739 γὰρ
395 1668 482 1723 ἴνα
510 1668 842 1742 διαϐληθῶσι
876 1670 1230 1743 λελάληνται·
1258 1675 1625 1747 ὲκόεϐλήκασι
1648 1695 1674 1748 γ

1914 1665 2060 1735 intet
2111 1682 2499 1752 repudiarunt;
2548 1682 2641 1737 sed
2679 1683 2722 1737 si
2770 1681 2982 1735 illorum
3028 1690 3246 1751 peccata
3276 1680 3438 1734 tacita

152 1758 420 1832 διαϐολήν
441 1776 455 1789 ο
488 1759 604 1814 ἁλλ’
634 1761 721 1816 ἴνα
754 1761 830 1835 μὴ
866 1762 975 1817 τῶν
1003 1765 1421 1837 ἁμαρτημάτων
1454 1770 1676 1838 σιωπηθ

1921 1773 2109 1837 issent,
2159 1770 2323 1828 fuisse
2376 1783 2567 1827 natura
2599 1789 2627 1826 a
2662 1774 2902 1844 peccatis
2948 1772 3157 1828 alienos
3199 1771 3439 1842 suspicio

149 1867 262 1904 των
293 1851 679 1925 ἀναμάρτητοι
701 1853 798 1925 τὴν
822 1852 983 1925 φύσιν
1007 1835 1398 1927 ὑπονοηθήῶσιν.
1432 1857 1601 1931 Ὑπὲρ
1622 1835 1673 1913 ἁ]

1920 1874 2021 1920 set.
2067 1864 2173 1921 Pro
2215 1867 2446 1922 veritate
2500 1868 2665 1937 igitur
2708 1878 3134 1923 commemorata
3186 1876 3332 1931 sunt,
3386 1873 3442 1922 et

151 1942 309 2007 Θείας
343 1944 525 1999 τοίνυν
559 1946 588 1997 ὁ
627 1944 803 2011 λόγος·
830 1945 922 2000 καὶ
953 1948 1311 2020 πταισμάτων
1350 1949 1601 2023 διήγησις
1623 1951 1675 2007 ἁ]

154 2034 316 2091 οειαν
339 2038 673 2091 εἰσηγεῖται.

1860 1954 2103 2011 narratio
2135 1966 2479 2026 peccatorum
2511 1957 2793 2012 veritatem
2826 1956 2982 2011 docet
3010 1965 3067 2012 et
3097 1955 3370 2027 explanat.

188 2054 316 2092 ειαν
339 2053 673 2108 εισηγειται.
3017 2059 3023 2063 ’

1217 2131 1348 2188 CAP.
1378 2131 1547 2188 XXV.
1576 2132 1744 2189 Nemo
1765 2144 2134 2207 perlecltonem
2154 2135 2389 2205 attingit.

222 2223 293 2275 Ὠ
312 2223 409 2276 τοῦ
440 2224 635 2277 καινοῦ
663 2222 979 2295 θαύματοςι
1014 2225 1336 2298 ἐγράφησαν
1380 2228 1433 2280 αἱ
1484 2228 1746 2298 ἁμαρτίαι

1926 2229 1971 2285 Ο
2009 2247 2119 2283 rem
2148 2243 2490 2283 communem
2534 2225 2875 2280 mirabilem!
2908 2225 3120 2295 Scripta
3150 2236 3277 2281 sunt
3309 2240 3440 2282 san-

145 2314 263 2367 τῶν
290 2316 490 2383 ἁγίων,
523 2316 662 2386 ἴναή
688 2314 918 2387 ἀλήθεια
947 2316 1196 2389 γνωσθῇ·
1227 2318 1308 2372 ὅτι
1335 2319 1398 2372 ὲκ
1428 2318 1526 2373 τῶν
1553 2319 1669 2391 ὁμοὲ

1916 2336 2065 2377 orum
2099 2327 2348 2390 peccata,
2380 2327 2438 2371 ut
2467 2316 2674 2373 sciatur
2699 2316 2938 2384 veritas;
2971 2317 3113 2387 quod
3151 2331 3219 2372 ex
3245 2317 3440 2373 simili-

146 2407 379 2476 φύντες,
406 2408 503 2460 καὶ
529 2408 736 2479 ὁμοίως
766 2407 987 2479 φύντες,
1014 2409 1183 2481 ἀρετῇ
1217 2410 1278 2464 τὸ
1309 2410 1494 2482 μεῖζον
1520 2411 1670 2484 εἶλήφ

1917 2430 1953 2469 I8
1988 2414 2096 2468 uati
2137 2420 2191 2468 et
2228 2410 2477 2467 similiter
2512 2409 2651 2475 orti,
2697 2410 2875 2466 studio
2926 2409 3143 2466 virtutis
3175 2408 3441 2466 excellue-

149 2515 263 2561 σιν,
294 2498 358 2551 ού
393 2499 556 2568 φύσει
582 2500 927 2571 νικήσαντες,
965 2500 1081 2554 ἀλλ’
1114 2501 1283 2574 ἁρετῇ
1325 2502 1673 2575 διαπρέψαντε

2036 2505 2124 2577 qui
2162 2521 2267 2560 non
2312 2513 2504 2558 natura
2540 2503 2810 2567 vicerunt,
2858 2502 2953 2558 sed
2985 2503 3186 2557 virtute
3228 2502 3443 2559 clarue-
3542 2528 3560 2544 -

147 2591 214 2643 Ei
281 2590 342 2644 δὲ
378 2592 532 2663 παρὰ
563 2591 642 2663 τῷ
682 2591 876 2665 Πέτρῳ
918 2593 1012 2646 καὶ
1052 2596 1166 2657 τοῖς
1196 2593 1378 2657 ἄλλοις
1404 2594 1671 2649 ἀποστόλο

1920 2608 1998 2652 nt.
2031 2596 2184 2664 Quod
2226 2594 2270 2650 si
2316 2594 2459 2664 apud
2493 2593 2717 2648 Petrum
2746 2602 2801 2648 et
2857 2593 2993 2649 alios
3035 2592 3308 2664 apostolos
3333 2609 3438 2649 non

144 2683 252 2753 ούχ
288 2687 321 2753 ή
364 2682 548 2752 φύσις,
600 2682 716 2737 ἀλλ’
750 2685 783 2756 ή
828 2685 1149 2757 προαίρεσις
1187 2685 1247 2739 τὸ
1286 2684 1562 2757 ὁριστικὸν
1602 2686 1668 2759 εχ,

1916 2700 2085 2755 itura,
2133 2687 2226 2743 sed
2249 2686 2421 2742 libera
2452 2685 2705 2740 voluntas
2738 2686 2992 2741 virtutem
3038 2685 3260 2751 deﬁnit,
3298 2687 3440 2756 apud

146 2774 310 2847 πιρὰ
351 2775 496 2828 τεσιν
543 2774 778 2848 εὕρομεν
813 2778 1203 2849 ἀναμάρτητον
1236 2778 1335 2849 τήν
1382 2777 1577 2849 φύσιν,
1615 2781 1670 2834 ὅτ

1917 2798 2116 2838 tosnam
2159 2788 2409 2834 naturam
2448 2778 2657 2848 peccati
2702 2786 2980 2846 expertem
3036 2776 3284 2832 invenire
3314 2790 3441 2847 pos-

146 2866 309 2938 παρὰ
362 2870 481 2925 τοῖς
522 2868 845 2934 ἀποστόλοις
886 2872 985 2941 ούχ
1027 2869 1304 2942 εὖρομεν;
1357 2870 1469 2924 Ποῦ
1518 2872 1664 2943 ἱχνεύ

1919 2886 2061 2938 mus,
2095 2869 2138 2924 si
2164 2869 2302 2938 apud
2326 2867 2600 2937 apostolos
2630 2880 2735 2921 non
2768 2864 3081 2935 potuimus?
3131 2863 3235 2920 Ubi
3288 2865 3442 2919 inda-

145 2958 537 3030 δυνησόμεθας
575 2962 772 3033 Μάτην
812 2962 881 3016 τὰ
936 2963 1012 3033 μὴ
1058 2962 1188 3017 ὄντα
1243 2954 1669 3036 περιεργαζόμει

1927 2979 1985 3019 re
2026 2960 2365 3032 poterimus?
2408 2959 2634 3014 Frustra
2695 2967 2751 3014 et
2815 2973 2952 3013 vane
2992 2973 3112 3029 qua:
3164 2972 3269 3013 non
3317 2966 3443 3012 sunt

160 3049 299 3104 Ἰδοὺ
328 3050 423 3103 τὸν
458 3052 664 3123 Πέτρον
700 3053 921 3124 ὲρωτῶ’
955 3053 1065 3107 ἰδοὺ
1110 3053 1202 3108 τὸν
1239 3055 1442 3126 Θωμᾶν
1473 3055 1684 3122 ὲξετάζι

1915 3056 2075 3109 triose
2102 3050 2451 3121 inquirimus.
2481 3049 2560 3105 En
2592 3051 2811 3105 Petrum
2845 3050 3156 3120 interrogo;
3199 3063 3265 3103 en
3290 3048 3439 3102 Tho-

146 3144 211 3196 ού
252 3142 326 3197 τὰ
364 3144 573 3200 παλαιὰ
608 3145 784 3211 λαλῶ,
813 3136 1237 3218 ούιμνημονεύω
1276 3148 1369 3202 τοῦ
1392 3148 1558 3202 Δαὸίδ
1581 3166 1594 3179 ·
1633 3166 1668 3203 κ

1917 3162 2000 3201 am
2024 3146 2277 3210 excutio;
2310 3159 2416 3198 non
2453 3143 2645 3212 loquor
2668 3152 2851 3198 vetera
2882 3159 2898 3209 ;
2939 3157 3045 3196 non
3072 3131 3440 3196 commemoro

148 3252 306 3304 τοιγε
353 3236 719 3307 μνημονεύειν
746 3237 1008 3307 ὤφειλον
1059 3239 1145 3292 ἵνα
1184 3240 1280 3309 ἀφ’
1315 3233 1390 3293 ὧν
1430 3239 1672 3308 ἁγνοοῦντ

1918 3240 2048 3302 ivid,
2082 3236 2295 3292 tametsi
2325 3235 2571 3301 debeam,
2601 3246 2660 3288 ut
2688 3249 2718 3289 a
2742 3236 2940 3304 quibus
2966 3242 3154 3304 optant
3186 3234 3442 3303 ignoran-

145 3324 408 3397 εῦχονται
427 3327 528 3390 τὰς
542 3330 880 3401 κατηγορίας
902 3328 1140 3383 λάϐωσιν
1161 3347 1174 3360 ·
1199 3331 1287 3384 ἵνα
1306 3331 1398 3400 ἀφ’
1427 3324 1504 3384 ὧν
1532 3331 1669 3400 φιλο]

1918 3342 1958 3390 s,
1991 3325 2114 3379 inde
2142 3323 2523 3378 accusationes
2551 3321 2766 3389 ierant;
2799 3331 2857 3376 ut
2888 3322 2953 3382 de
2981 3322 3182 3391 quibus
3211 3322 3442 3377 libenter

143 3414 335 3485 γοῦσι,
371 3417 465 3470 τὸν
501 3418 722 3489 ἔλεγχον
751 3420 974 3491 σχῶσιν.
993 3421 1210 3494 Ἐπειδὴ
1227 3422 1336 3492 γὰρ
1352 3421 1420 3475 τὰ
1438 3423 1667 3492 Εύαγγέ]

1915 3425 2180 3483 sserunt,
2204 3417 2272 3471 ab
2305 3415 2412 3470 illis
2443 3415 2863 3485 redarguantnr.
2895 3415 3031 3481 Quia
3078 3414 3222 3469 enim
3257 3413 3439 3468 Evan-

148 3509 532 3583 μεμελέτηται
569 3513 776 3577 αὐτοῖς,
816 3514 880 3566 ὲκ
905 3512 1012 3566 τῶν
1030 3508 1380 3582 Εὐάγγελίων
1400 3515 1669 3587 προηνέχθ

1917 3512 2010 3566 εΙῑὶε
2028 3511 2372 3572 studuerunt,
2390 3523 2457 3562 ex
2480 3506 2789 3575 Evangeliis
2807 3506 3133 3575 protulimus
3155 3503 3295 3558 unde
3310 3518 3441 3557 con-

140 3602 397 3672 ιλεγχος.
431 3602 533 3656 Διὰ
557 3603 719 3656 τοῦτο
743 3604 854 3675 γὰρ
885 3603 981 3657 καὶ
995 3604 1196 3676 ἄνομον
1221 3605 1549 3660 λαλοῦσιτὺν
1565 3607 1664 3678 νόμ

1915 3614 2162 3660 ncantur.
2197 3603 2407 3659 Idcirco
2431 3604 2577 3659 enim
2618 3602 2792 3673 legem
2819 3601 2936 3657 sine
2978 3601 3097 3671 lege
3127 3600 3438 3669 loquuntur,

146 3694 225 3767 μὴ
249 3695 698 3765 φιλολογοῦντες·
734 3697 823 3752 διὰ
856 3696 1015 3751 τοῦτο
1039 3696 1164 3750 οὔτε
1186 3700 1496 3773 ἐπιστήμην
1526 3700 1620 3753 τοῦ
1647 3701 1670 3753 Ι

1917 3700 1938 3770 ή
1975 3697 2429 3767 φιλολογοῦντες;
2466 3696 2668 3751 idcirco
2696 3694 2980 3749 scientiam
3027 3692 3441 3762 Evangeliorum

142 3789 412 3858 αγγελίου
441 3790 645 3862 ἔχουσι,
664 3790 764 3863 τὴν
777 3789 885 3844 τῶν
902 3790 1252 3860 Εὐαγγελίων
1271 3793 1445 3865 ἀρχὴν
1477 3793 1551 3865 μὴ
1575 3811 1666 3866 παι

1916 3808 1968 3846 ›η
2004 3800 2209 3858 tenent,
2252 3790 2341 3859 qui
2386 3790 2600 3844 initium
2638 3787 3051 3858 Evangeliorum
3094 3801 3199 3841 non
3253 3798 3440 3840 susce-

142 3880 410 3947 λαϐόντες
433 3899 447 3913 ο
487 3883 661 3953 Ἀρχὴ
684 3883 791 3937 τοῦ
830 3883 1204 3954 Euan-sliat)
1220 3884 1427 3953 Ἰησοῦ
1449 3888 1666 3954 Χριστο

1919 3892 2058 3938 :runt
2092 3901 2105 3937 :
2140 3881 2361 3936 Initium
2398 3880 2667 3952 Evangelii
2689 3880 2817 3935 Jesu
2849 3878 3090 3944 Christi;
3125 3878 3266 3936 sicut
3305 3878 3443 3931 scri-

144 3970 341 4036 καθὼς
376 3973 691 4044 γέγραπται
732 3974 791 4028 ὲν
814 3974 1018 4045 Ἰεσαϊα
1061 3971 1139 4043 τῷ
1173 3976 1445 4047 προφήτῃ·
1483 3976 1605 4043 Τὴν
1648 3976 1665 4046 (

1919 3991 2014 4029 ,um
2040 3983 2126 4030 est
2165 3975 2216 4028 in
2254 3972 2387 4029 Isaia
2415 3976 2676 4043 propheta
2709 3988 2723 4025 :
2764 3970 2833 4025 Hi
2863 3973 3180 4040 principium
3207 3968 3443 4040 discipli-

140 4063 352 4133 ἀρχὴν
383 4062 505 4119 τῶν
531 4065 898 4135 μαθημάτων
922 4063 1322 4133 ἐκϐεϐλήκασι
1356 4065 1430 4137 τῇ
1453 4066 1613 4137 ἀρχῇ
1644 4086 1664 4121 τ

1920 4084 2055 4122 trum
2110 4068 2510 4132 repudiaverunt
2561 4065 2704 4137 [acto
2749 4065 3008 4137 principio
3048 4062 3292 4129 telarum,
3327 4078 3444 4134 qua:

144 4155 260 4227 τῆς
313 4159 614 4228 πονηρίας
636 4158 843 4214 ἱστῶν.
1644 4186 1648 4191 ’

1644 4186 1648 4191 λ
1758 4168 1819 4201 HJ
1870 4161 1926 4214 in
1961 4159 2166 4214 malitia
2191 4162 2255 4214 ab
2282 4160 2411 4229 ipsis
2431 4167 2698 4215 texuntur.

1244 4251 1376 4307 CAP.
1400 4249 1591 4305 XXVI.
1622 4249 1697 4305 De
1728 4262 2029 4305 sanctorum
2059 4250 2395 4304 excellentia.

227 4353 292 4405 ὀ
318 4347 423 4419 τὴν
450 4344 773 4417 εύεργεσίαν
796 4342 963 4397 αὐτοῦ
987 4343 1359 4417 ἀποκρύπτων
1390 4346 1448 4397 ὲν
1483 4345 1549 4414 τῇ
1579 4341 1747 4414 ψυχῇ,

1925 4339 2026 4406 Qui
2064 4339 2387 4394 beneﬁcium
2436 4350 2596 4415 suum
2642 4335 2696 4390 in
2730 4335 2913 4390 anima
2960 4336 3231 4403 recondit,
3270 4336 3357 4391 hic
3396 4336 3442 4392 si

141 4442 306 4507 οὗτος
343 4439 442 4495 ὲὰν
485 4436 714 4509 εἰσϐάλῃ
759 4436 855 4490 καὶ
906 4436 1132 4510 γένηται
1180 4436 1362 4502 ἔνδον,
1414 4434 1665 4505 πανηγύρ

1916 4430 2190 4501 grediatur
2223 4440 2279 4484 et
2310 4429 2456 4483 intus
2481 4429 2572 4494 sit,
2613 4427 2779 4481 divini
2813 4435 3111 4481 conventus
3145 4428 3279 4481 liunt
3300 4428 3351 4481 in
3377 4442 3438 4481 ea

143 4541 293 4594 θεῖαι
326 4534 426 4589 καὶ
448 4532 800 4603 ἱεροπρεπεῖς
825 4529 1239 4594 ἀποτελοῦνται,
1258 4527 1429 4599 χωροὶ
1454 4517 1667 4598 λαληθῆ·

1946 4521 2293 4578 celebritates
2312 4536 2433 4591 qua:
2459 4530 2676 4577 sanctos
2703 4521 2917 4587 decent,
2944 4528 2999 4574 et
3033 4518 3186 4573 chori
3209 4519 3299 4588 qui
3325 4534 3442 4574 ser-

146 4631 225 4702 μὴ
249 4628 572 4696 δυνάμενοι,
592 4620 830 4692 Θνμηδία
852 4624 1028 4693 σιωπῇ
1051 4637 1244 4692 τετιμη
1255 4619 1389 4691 μένη
1414 4635 1429 4649 ο
1457 4616 1619 4680 εὐθὺς
1643 4633 1670 4685 γ

1918 4628 2023 4669 one
2053 4611 2286 4682 exprimi
2316 4626 2422 4666 non
2457 4620 2708 4682 possunt,
2732 4620 2888 4681 grato
2923 4609 3104 4663 animo
3129 4617 3184 4662 et
3223 4608 3441 4664 silentio

142 4699 371 4776 ἁνέλκει
418 4714 518 4789 τὴν
565 4713 842 4778 διάνοιαν,
883 4714 980 4767 καὶ
1019 4714 1211 4783 πτεροῖ
1254 4711 1355 4783 τὴν
1395 4708 1573 4781 ψυχὴν
1600 4750 1615 4775 ,
1660 4726 1666 4761 :

1916 4711 2188 4758 moratur.
2222 4702 2417 4758 Statim
2456 4702 2601 4757 enim
2642 4701 2746 4756 iste
2788 4707 3024 4754 mentem
3065 4699 3247 4767 erigit,
3279 4709 3440 4767 atque

146 4812 459 4885 μετάρσιον
494 4806 667 4878 αὐτὴν
715 4804 853 4877 πρὸς
898 4803 969 4858 τὰ
997 4803 1287 4874 κρείττονα
1331 4798 1670 4865 κατασκευάς

1914 4797 2093 4850 nimam
2137 4794 2309 4850 reddit
2350 4791 2645 4863 aligeram,
2680 4800 2736 4847 et
2778 4789 3066 4845 sublimem
3102 4789 3167 4842 ad
3214 4787 3438 4843 meliora

154 4880 406 4978 Ἆμέλει,
430 4900 526 4955 ἐὰν
550 4917 635 4960 τις
661 4900 870 4953 ἐκεῖνον
900 4897 1006 4970 ἴδῃ,
1034 4896 1221 4951 ούκέτι
1254 4895 1390 4969 πρὸς
1420 4894 1611 4949 ἑαυτὸν
1631 4892 1678 4963 β)

1914 4888 2037 4944 licit.
2073 4887 2218 4944 Sane
2242 4885 2481 4957 quidem,
2514 4885 2558 4940 si
2589 4884 2714 4954 quis
2745 4882 2894 4938 illum
2925 4881 3152 4946 videret,
3194 4896 3298 4936 non
3324 4880 3438 4951 jam

139 4974 278 5067 ψει,
330 4993 472 5048 ἁλλὰ
521 4990 600 5063 τῷ
647 4990 981 5063 θεωρηθέντι
1026 4990 1214 5044 κάλλει
1268 4989 1663 5059 καταπλήττετς

1914 5006 1916 5034 ε
1970 4983 2145 5053 ipsum
2196 4980 2485 5051 aspiceret,
2513 4977 2607 5032 sed
2632 4974 3086 5047 pulchritudinem
3118 4989 3279 5045 quam
3304 4988 3438 5028 con-

141 5066 330 5143 πάντα
356 5082 571 5154 ἀκαλλῆ
595 5084 833 5154 ἡγεῖται.
870 5079 971 5135 Διά
1016 5081 1115 5153 τὴν
1165 5080 1375 5134 ἐκείνου
1417 5077 1657 5149 εύπρέπε

1912 5075 2227 5145 mplaretur,
2255 5073 2699 5141 obstupesceret;
2726 5078 2920 5125 ctctera
2952 5068 3133 5122 omnia
3160 5067 3302 5123 fmda
3329 5066 3433 5121 du-

142 5181 270 5253 βοᾷο
290 5176 638 5243 Ματαιότης
655 5173 1074 5244 ματαιότητος.
1092 5171 1165 5227 τὰ
1190 5172 1386 5226 πάντα
1395 5172 1666 5240 ματαιότι

1922 5178 2020 5222 ret.
2052 5167 2277 5237 Propter
2310 5164 2452 5219 illius
2481 5165 2731 5218 decorem
2765 5160 2999 5216 clamat:
3036 5158 3260 5214 Vanitas
3286 5159 3441 5212 vani-

141 5252 244 5343 βοᾷ
266 5289 283 5303 ο
322 5267 533 5325 Πάντα
572 5267 832 5338 ἡγοῦμαι
859 5268 1164 5329 σκύϐαλα,
1205 5266 1307 5320 ἵνα
1338 5267 1600 5333 Χριστὸν
1625 5281 1665 5317 xl

1921 5272 2030 5315 tum
2056 5270 2102 5313 et
2131 5259 2309 5312 omnia
2341 5258 2544 5310 vanitas
2567 5256 2634 5323 ";
2673 5253 2864 5309 Omnia
2895 5252 3137 5307 existimo
3167 5260 3444 5317 stercora,

139 5364 339 5433 δήσω.
390 5363 517 5417 Ἐὰν
544 5361 590 5415 δ’
624 5362 733 5433 ἄρα
762 5354 920 5425 οὗτος
952 5359 1149 5434 κρούῃ,
1179 5359 1273 5412 καὶ
1297 5356 1537 5431 βραδύνῃ
1563 5357 1597 5428 ἡ
1640 5356 1663 5408 δ

1909 5367 1917 5408 ι
1954 5352 2223 5409 Christum
2254 5350 2584 5420 lucrifaciam
2623 5348 2693 5402 ”.
2726 5348 2783 5403 Si
2820 5360 2950 5402 vero
2995 5345 3082 5400 hic
3119 5345 3333 5415 pulset,
3377 5354 3433 5400 et

140 5475 266 5517 νοια
314 5455 413 5510 καὶ
447 5454 602 5525 ὕπνῳ
636 5456 933 5527 χρήσηται,
972 5453 1067 5508 καὶ
1099 5451 1194 5506 τοῦ
1220 5450 1449 5523 βράδους
1478 5449 1628 5503 αἰτία
1655 5465 1664 5478 ·

1914 5461 2009 5501 ens
2027 5453 2318 5501 cunctetur
2339 5458 2403 5498 ac
2431 5456 2622 5497 somno
2651 5456 2711 5498 se
2740 5440 2925 5507 dedat,
2960 5441 3136 5509 sitque
3178 5438 3293 5507 ipse
3325 5447 3438 5492 tar-

142 5567 336 5622 νηται,
362 5547 786 5620 ἁφίησιφωνὴν,
827 5545 1113 5613 Ἀνοιξόν
1131 5563 1257 5616 ⁴μοι,
1299 5540 1535 5613 ἀδελφή
1576 5558 1666 5612 μοτ

1914 5539 2038 5597 tatis
2084 5553 2285 5603 causa,
2338 5535 2538 5592 emittit
2572 5549 2760 5592 vocem
2807 5550 2824 5590 :
2863 5532 3032 5605 Aperi
3079 5532 3232 5598 mihi,
3282 5544 3438 5586 soror

217 5683 269 5717 ³³
308 5680 490 5737 Eccle.
518 5694 560 5747 ι,
590 5680 646 5734 9.
722 5680 770 5714 ⁸⁸
811 5678 1050 5753 Philipp.
1092 5696 1177 5747 tu,
1215 5678 1269 5735 8.

158 5914 159 5923 χ
222 5828 366 5904 (i7)
398 5829 519 5900 Τὴν
557 5829 696 5900 ἁρχ.
742 5830 916 5887 Locus
950 5840 1234 5909 contextus
1282 5831 1490 5886 videtur
1528 5825 1599 5883 es
1624 5825 1682 5881 is:

557 5829 696 5900 ἀρχ.
742 5830 916 5887 Locus
950 5840 1234 5909 contextus
1282 5831 1490 5886 videtur
1528 5825 1599 5883 es
1624 5825 1727 5881 lsa.
1766 5840 1876 5895 us,
1916 5824 1972 5892 ι,
1997 5823 2049 5880 6.
