3860 6320
155 340 263 398 9'25

1184 345 1240 402 S.
1282 347 1690 407 SERAPIONIS
1730 351 1949 410 EI’IST.
1991 356 2083 408 Al)
2121 352 2432 411 MONACH.

3343 347 3448 404 928

158 454 301 527 μετὰ
337 454 396 508 δὲ
435 453 498 508 τὸ
529 457 719 528 μνῆμα
752 456 1009 528 ἐπιϐῆναι
1053 456 1133 528 τῷ
1171 457 1456 531 τεθνηκότι
1479 462 1560 515 .οὐ
1601 462 1755 516 δύνα-

1864 463 1930 518 ad
1971 465 2279 534 sepulcrum
2326 465 2578 532 morbus;
2613 460 2840 518 ulterius
2882 458 3028 516 enim
3076 471 3276 514 vexare
3327 474 3442 515 mo-

154 564 267 602 ταιο
294 549 332 618 ἡ
367 547 414 601 δ’
449 549 696 619 ἁμαρτία
723 551 838 612 τοῖς
868 548 968 619 μὲν
995 547 1160 614 ζῶσιν
1200 551 1508 620 ὲμφωλεύει
1538 553 1632 608 καὶ
1661 555 1755 622 ὲγ-

153 637 417 708 κρύπτει,
450 638 509 690 ὲν
545 637 600 690 δὲ
634 639 748 700 τοῖς
788 637 1074 709 τεθνηκόσι
1111 637 1272 690 πλέον
1301 637 1616 705 ἐξάπτεται,
1663 641 1758 694 καὶ

153 731 254 801 τὴν
281 730 489 800 ἑαυτῆς
515 729 691 799 φλόγα
724 728 1082 790 ἐνδείκνυται,
1115 729 1210 782 καὶ
1241 727 1333 782 τὸν
1361 730 1760 800 ἁμαρτήσαντα

153 823 508 891 τιμωρεῖται.
577 820 768 874 Ταῦτά
835 838 918 874 σοι
983 821 1348 892 γεγράφηκα,
1414 821 1759 875 ποθεινότατε

155 912 383 980 ἁδελφὲ,
451 913 540 965 ἵνα
595 912 672 984 μὴ
730 913 870 968 πάνυ
924 912 1161 984 ἀθυμῇς,
1216 915 1274 966 ἐν
1327 913 1550 984 Χριστῷ
1602 931 1762 967 σεαυ-

155 1002 249 1056 τὸν
273 1004 576 1076 διατηρῶνο
604 1004 698 1058 τοῦ
728 1003 844 1075 βίου
876 1004 986 1075 (19)
1009 1005 1107 1068 τὰς
1136 1003 1427 1075 συγχύσεις
1450 1005 1634 1075 φέρειν
1658 1005 1758 1069 δεῖ,

158 1096 255 1148 καὶ
286 1098 421 1160 τοὺς
450 1097 715 1168 θορύϐους
741 1096 1034 1166 βαστάζειν
1075 1098 1361 1168 προσήκει,
1396 1097 1491 1150 κατ⁹
1523 1099 1661 1168 πρὸς
1699 1097 1761 1150 τὸ

156 1187 314 1252 τέλος
356 1188 606 1260 βλέπειν,
639 1189 734 1242 καὶ
765 1188 989 1254 εἰδέναι,
1019 1191 1101 1243 ὅτι
1122 1191 1150 1243 ό
1171 1189 1302 1253 Θεὸς
1333 1190 1631 1251 ἐπιστατεῖ,
1667 1191 1762 1243 καὶ

155 1279 343 1348 ὀλίγον
368 1281 614 1345 ἐπανεὶς,
652 1279 813 1334 πάλιν
839 1280 1181 1352 ὴγεμονεύεισ
1218 1281 1313 1334 καὶ
1343 1280 1522 1350 ὀλίγον
1554 1298 1764 1352 συγχω-

161 1371 295 1443 ρῶν,
355 1373 525 1427 πάλιν
588 1375 934 1446 προΐσταται,
989 1375 1084 1428 κει)⁸
1143 1373 1398 1428 οὐδέποτε
1437 1376 1471 1446 ἡ
1534 1375 1763 1447 Ἐκκλη-

158 1462 252 1515 σία
311 1463 810 1535 καταλιμπάνεταιο
869 1464 991 1517 οὐδὲ
1043 1464 1152 1535 γὰρ
1214 1463 1380 1516 πύλαι
1440 1464 1568 1535 ᾅδου
1634 1481 1764 1518 κατ-

161 1554 483 1624 ισχύσουσιν
537 1555 728 1624 αὐτῆς.
778 1555 894 1626 Τῆς
941 1557 1040 1627 σῆς
1081 1551 1175 1609 οὖν
1211 1555 1416 1626 ἀρετῆς
1461 1555 1560 1627 τὴν
1587 1555 1764 1610 διάθε-

159 1663 247 1701 σιν
298 1647 517 1702 δείκνυε
569 1648 650 1720 τῷ
700 1650 1060 1723 παντεπόπτῃ
1118 1649 1257 1721 Θεῷ,
1313 1651 1398 1704 ἵνα
1445 1649 1646 1722 δυνηθῇ
1706 1653 1764 1705 ὲν

158 1738 332 1791 πᾶσιν
365 1738 697 1808 εὐδοκιμεῖν·
730 1741 890 1810 ἡμεῖς
937 1739 994 1792 δὲ
1029 1739 1255 1794 καλέσαι
1303 1758 1362 1794 σε
1405 1739 1522 1810 (20)
1565 1741 1665 1794 οὐκ
1696 1739 1763 1795 ἂν

1862 555 2090 613 rientem
2137 559 2342 627 nequit.
2381 557 2670 611 Peccatum
2716 555 2956 608 viventes
2995 551 3251 606 insidiose
3286 553 3449 607 veluti

1862 660 1927 700 ac
1974 645 2207 702 latenter
2255 655 2525 718 occupat;
2571 653 2943 700 verumtamen
2990 642 3043 696 in
3095 643 3450 698 morientibus

1863 737 2036 807 magis
2071 740 2410 806 accenditur,
2441 748 2495 793 et
2527 754 2682 792 suam
2718 736 2990 790 ﬂammant
3021 733 3244 797 exserit,
3270 748 3450 787 reum-

1866 843 1972 896 que
2009 831 2182 898 punit.
2231 830 2356 885 Haec
2393 830 2512 893 tibi,
2541 828 2860 884 charissime
2899 827 3085 889 frater,
3128 824 3342 893 scripsi,
3383 837 3450 876 ne.

1863 919 2084 972 mmrori
2127 922 2472 986 succumbas,
2528 923 2621 975 sed
2683 928 2844 974 temet
2885 919 2936 974 in
2973 915 3194 972 Christo
3251 913 3450 970 confir-

1863 1025 1998 1064 mes.
2037 1009 2174 1065 Vitae
2206 1012 2364 1079 hujus
2404 1013 2841 1082 perturbationes
2869 1020 3031 1078 atque
3065 1005 3319 1062 tumultus
3341 1005 3449 1059 for—

1865 1101 1992 1155 titer
2038 1103 2148 1173 pati
2188 1113 2421 1174 Oportet,
2465 1105 2624 1161 linem
2673 1103 2787 1172 ejus
2831 1111 3100 1173 spectare,
3145 1107 3200 1154 et
3244 1099 3312 1154 de
3351 1097 3446 1152 Dei

1863 1193 2200 1264 pravidentia
2247 1195 2508 1266 cogitare,
2544 1195 2634 1266 qui
2675 1194 2888 1249 etiamsi
2919 1206 3210 1263 parumper
3236 1191 3448 1246 videtur

1865 1286 2163 1352 remittere,
2203 1295 2440 1341 attamen
2487 1285 2914 1356 gubernaculum
2948 1299 3069 1339 mox
3105 1281 3352 1345 resumit,
3391 1291 3448 1337 et

1865 1385 1986 1445 post
2008 1375 2224 1430 brevem
2252 1378 2419 1434 veluti
2453 1377 2960 1438 dissimulationem,
2986 1391 3173 1430 rursus
3196 1374 3449 1429 defensor

1864 1470 2040 1534 adest,
2076 1483 2249 1538 neque
2282 1485 2524 1540 unquam
2554 1470 2797 1540 Ecclesia
2835 1471 2904 1524 ab
2935 1483 3002 1524 eo
3031 1466 3334 1530 deseritur;
3368 1472 3450 1519 et-

1865 1559 2009 1614 enim
2059 1571 2232 1630 portae
2277 1563 2434 1618 inferi
2476 1536 2738 1619 adversus
2773 1577 2892 1619 eam
2926 1577 3029 1617 non
3063 1558 3445 1630 praevalebunt.

1866 1652 1996 1706 Tua:
2023 1651 2184 1723 igitur
2214 1654 2431 1713 virtutis
2461 1658 2697 1729 vigorem
2725 1653 3045 1712 omnituenti
3079 1651 3188 1706 Deo
3226 1652 3449 1706 demon-

1867 1755 1998 1817 stra,
2026 1763 2084 1808 ut
2106 1755 2344 1824 undique
2371 1751 2618 1821 egregius
2641 1764 2762 1806 esse
2795 1746 3046 1802 videaris.
3069 1743 3178 1800 Nos
3203 1754 3380 1798 tamen
3400 1751 3451 1797 te

158 1829 550 1901 ὲπασχόμεθα,
623 1830 711 1884 ἵνα
780 1831 856 1904 μὴ
922 1831 1164 1904 δόξωμεν
1224 1833 1326 1905 τῆς
1384 1834 1593 1897 πόλεως
1653 1833 1755 1904 ἀφ-

1868 1816 2200 1900 httcvocare
2230 1816 2372 1902 haud
2403 1816 2546 1915 passi
2588 1857 2798 1906 sumus,
2830 1854 2897 1895 ne
2920 1853 2984 1894 ex
3011 1839 3146 1894 urbe
3173 1834 3453 1893 abstrahe~

162 1923 349 1993 ιστᾷν.

116 2046 125 2054 -
229 2015 349 2084 (l9)
391 2014 526 2069 Coel.
558 2013 745 2069 αὑτοῦ.
778 2013 883 2070 Sed
908 2029 1130 2086 prorsus
1159 2015 1238 2072 vel
1271 2015 1387 2087 βίου
1411 2015 1756 2073 scribendum

155 2093 281 2139 erat
321 2087 404 2140 vel
427 2087 634 2156 κόσμου
649 2129 661 2140 .

1869 1949 1927 1988 re
1950 1937 2279 1994 videremur.

1936 2027 2051 2099 (20)
2091 2028 2224 2084 Cod.
2259 2027 2571 2082 καλέσεσαι.

342 2375 855 2456 MONITUM
901 2377 1008 2457 ΙΝ
1059 2377 1652 2457 EPISTOLAM
1698 2380 1831 2456 AD
1874 2379 2436 2459 MONACHOS
2477 2373 3263 2458 ALEXANDBINOS

1267 2559 1418 2632 (MM,
1461 2559 1712 2631 Spicileg.
1758 2558 1936 2625 Rom.,
1977 2558 2066 2628 IV,
2107 2575 2162 2632 p.
2205 2560 2342 2630 xu.)

242 2849 568 2921 Serapionis
610 2849 848 2922 episcopi
883 2851 1126 2924 Egyptii
1162 2852 1418 2908 inetlitam
1454 2855 1738 2925 epistolam
1775 2863 1905 2910 ante
1939 2856 2037 2910 hos
2071 2870 2241 2910 annos
2273 2854 2520 2925 impressi
2549 2855 2601 2909 in
2629 2867 2748 2908 meo
2779 2850 3131 2909 Classicorum
3170 2853 3454 2932 Ant!!on

170 2943 455 2998 volumine
488 2943 697 3012 quinto,
725 2960 885 2999 unam
909 2961 972 3000 ex
1001 2945 1066 3000 iis
1090 2945 1337 3002 videlicet
1365 2962 1500 3018 quas
1532 2959 1756 3005 sanctus
1789 2950 2144 3021 Hieronymus
2169 2949 2243 3004 De
2268 2951 2366 3005 vir.
2395 2949 2475 3004 ill.
2508 2964 2628 3017 cap.
2660 2949 2750 3013 99,
2787 2947 2968 3004 abillo
2995 2946 3223 3017 scriptas
3247 2953 3454 3000 narrat.

171 3035 328 3091 Nunc
353 3049 487 3092 ecce
522 3035 749 3091 alteram
784 3037 952 3093 multo
983 3037 1328 3108 prolixiorem
1357 3040 1598 3111 ejusdem
1630 3043 1934 3112 epistolam,
1972 3043 2095 3098 libri
2129 3043 2321 3108 instar,
2348 3041 2414 3095 ad
2453 3040 2748 3096 monachus
2783 3037 3179 3094 Alexandrinos
3199 3036 3456 3107 scriptam

173 3130 346 3184 codex
374 3127 499 3182 Vat.
524 3125 630 3182 4‘59
662 3126 876 3193 obtulit,
907 3128 1120 3200 plenam
1150 3145 1376 3186 summa:
1399 3131 1636 3200 pietatis,
1672 3147 1794 3187 cum
1829 3133 2023 3203 insigni
2056 3133 2210 3187 laude
2242 3147 2306 3186 ac
2335 3131 2699 3201 descriptione
2731 3133 3042 3186 monasticae
3072 3127 3452 3200 professionis,

170 3232 228 3278 et.
259 3238 387 3278 cum
420 3230 734 3278 sanctorum
760 3221 851 3292 qui
883 3223 1029 3279 circa
1064 3225 1282 3279 Antonii
1311 3225 1698 3294 Athanasiiqne
1733 3234 1972 3295 tempora
2001 3225 2231 3280 ﬂoruere
2263 3225 2502 3278 virorum
2532 3223 3066 3278 commemoratione.
3108 3220 3367 3291 Equidem
3404 3222 3450 3275 si

173 3327 285 3371 tam
317 3317 520 3372 bonum
562 3323 778 3384 tamque
819 3316 950 3371 utile
991 3317 1252 3388 scriptum
1303 3318 1441 3388 apud
1490 3333 1574 3372 me
1613 3318 1971 3382 continerem,
2015 3318 2154 3372 male
2182 3317 2246 3370 de
2272 3315 2475 3372 Graecis
2507 3315 2702 3370 litteris
2732 3325 2784 3369 et
2824 3314 2891 3368 de
2925 3315 3126 3384 pietate
3147 3312 3454 3367 Christiana

167 3424 437 3477 mererer,
484 3425 584 3466 nec
617 3411 906 3478 quisquam
956 3410 1203 3476 miretur,
1261 3410 1403 3480 quod
1454 3410 1505 3464 in
1553 3410 1708 3464 titulo
1737 3409 2018 3480 episcopus
2066 3419 2272 3463 tantum
2329 3409 2536 3463 dicatur
2580 3407 2668 3462 hic
2717 3405 3002 3476 Serapion,
3050 3405 3254 3461 omisso
3306 3403 3456 3458 urbis

167 3503 450 3560 Thniueos
481 3505 779 3572 vocabulo;
815 3505 918 3559 hoc
957 3503 1101 3558 enim
1134 3504 1187 3558 in
1223 3503 1495 3558 nonnullis
1524 3518 1735 3572 quoque
1764 3504 2046 3559 codicibus
2074 3503 2256 3574 operis
2284 3500 2599 3572 Serapionis
2628 3511 2808 3556 contra
2836 3499 3163 3554 Manichwos
3193 3497 3453 3554 usuveni-

165 3611 252 3662 re,
286 3595 402 3664 jam
438 3611 538 3650 nos
562 3598 773 3652 monuit
802 3598 855 3652 in
895 3597 1169 3652 adnotatis
1195 3597 1263 3652 ad
1297 3597 1685 3667 Hieronymum
1719 3595 2022 3650 Fabricius.
2046 3595 2256 3665 Reapse
2282 3593 2718 3664 antiquissimum
2754 3610 2874 3649 esse
2904 3594 3046 3649 hunc
3084 3591 3323 3663 epistola;
3353 3606 3453 3645 au-

164 3701 380 3747 ctorem
404 3690 781 3761 Serapionem,
813 3708 918 3748 non
952 3694 1184 3763 aliquem
1218 3708 1282 3748 ex
1321 3693 1660 3763 ltomonymis
1688 3691 1845 3761 paulo
1878 3691 2293 3756 recentioribus,
2327 3699 2541 3745 constat
2579 3706 2643 3746 ex
2677 3700 2948 3762 postremo
2979 3690 3238 3760 capitulo,
3283 3689 3369 3744 ubi
3413 3689 3456 3742 is

165 3785 470 3858 alloquitur
493 3788 739 3844 viventes
774 3789 1092 3854 monachos,
1125 3803 1261 3859 quos
1293 3790 1422 3844 dicit
1458 3803 1579 3841 cum
1603 3787 1837 3852 Amune,
1878 3786 2086 3842 Joanne
2111 3786 2455 3855 Macarioque
2485 3795 2748 3852 versatos,
2775 3787 2863 3854 qui
2904 3787 3096 3856 partim
3133 3795 3256 3838 ante
3283 3783 3452 3850 ipsum

166 3879 427 3950 Magnum
459 3879 755 3935 Antonium
789 3881 897 3936 vita
929 3890 1308 3938 excesserunt.
1336 3879 1599 3951 Serapion
1637 3880 1805 3934 abbas
1836 3879 2076 3948 loquitur
2105 3879 2243 3949 apud
2267 3877 2590 3934 Cassianum
2625 3877 2909 3932 collatione
2935 3895 2992 3943 ιι,
3027 3885 3146 3947 cap.
3180 3876 3270 3938 il,
3295 3883 3343 3928 et
3378 3882 3450 3925 to-

165 3985 223 4031 ta
251 3974 382 4032 coll.
411 3990 466 4028 ν.
497 3973 723 4030 Videtur
743 3984 924 4030 autem
953 3975 1117 4040 idem,
1147 3975 1240 4046 qui
1263 3975 1548 4030 Arsenoita
1575 3973 1838 4046 Serapion
1862 3973 2173 4047 presbyter,
2199 3984 2255 4030 et
2277 3971 2729 4028 monasteriorum
2753 3972 3041 4026 multorum
3072 3984 3288 4041 parens,
3320 3963 3454 4036 apud

165 4067 476 4124 Palladium
502 4065 646 4122 Hist.
674 4067 838 4122 Laus.
871 4082 992 4137 cap.
1024 4066 1114 4122 76.
3431 4075 3435 4078 ’

2752 4183 3441 4205 -----σ---ι-⁴

2417 4195 2744 4208 _—-————

1167 4331 1307 4386 Tor
1344 4327 1896 4385 MAKAPIQTATOY
1934 4327 2058 4380 KAl
2099 4288 2484 4380 οΣιοτᾹτυγ

675 4497 1811 4619 ΣΕΡΑΠΙΩΝΟΣ
1896 4491 2966 4610 ΕΠΙΣΚΟΠΟΥ

959 4719 1529 4815 ΕΠΙΣΤΟΛΗ
1570 4721 1862 4810 ΠΡΟΣ
1901 4702 2679 4805 ΜΟΝΛΖΟΝΤΑΣ.

1312 5036 1702 5094 BEATISSlMl
1746 5035 1836 5092 ET
1873 5033 2312 5092 SANCTISSIMI

816 5215 1911 5336 SEBAPIONIS
2020 5210 2849 5326 EPISCOPI

1125 5453 1629 5536 EPISTULA
1711 5452 1843 5530 AD
1921 5447 2509 5528 MONACHOS.

245 5747 329 5801 A'.
377 5746 702 5817 Ἀγαπητοὶ,
738 5745 948 5799 ἐπαινῶ
985 5740 1144 5815 by.st
1175 5744 1268 5797 τὸν
1312 5742 1495 5806 πόθον,
1528 5742 1621 5797 καὶ
1663 5760 1755 5814 μα-

1948 5737 1989 5792 1.
2033 5734 2238 5801 Laudo,
2292 5732 2618 5796 charissimi,
2655 5741 2888 5786 vestram
2935 5723 3294 5787 derationem,
3339 5717 3457 5774 feli-

168 5837 390 5912 ιιαρίζω
431 5837 525 5891 τὸν
565 5835 700 5910 βίον,
753 5830 798 5893 ὧ
845 5837 1103 5910 μακάριοι
1143 5836 1261 5909 Θεῷ
1295 5835 1635 5908 μονάζοντες,
1683 5837 1755 5890 ὅτι

1873 5849 2098 5906 cemque
2133 5827 2436 5900 deprmdico
2480 5836 2712 5882 vestram
2763 5824 2952 5887 vitam,
3002 5835 3034 5876 o
3067 5817 3207 5874 beati
3254 5814 3308 5872 in
3347 5811 3457 5869 Deo
