3860 6322
450 334 558 389 927

1560 335 1836 393 PATl‘tES
1875 336 2173 393 IEGYPTII
2219 337 2487 394 SIECULI
2528 337 2612 392 IV.

3620 335 3724 390 9‘28

453 428 726 494 tuonachi,
761 430 888 501 quia
917 431 1186 486 communi
1217 445 1340 486 cum
1376 432 1586 486 cmteris
1609 433 1915 488 hominibus
1937 449 2031 486 na-

2146 434 2322 506 κοινὴν
2351 434 2567 504 ἔχοντες
2600 432 2697 503 τὴν
2735 431 2896 501 φύσιν
2929 432 3096 486 πᾶσιν
3139 429 3471 503 ἀνθρώποις.
3509 428 3575 481 οὑ
3612 445 3724 482 κοι-

452 534 571 574 tura
603 521 832 590 praediti,
866 537 971 577 non
1001 522 1139 577 idem
1171 523 1498 592 propositum
1529 522 1756 588 habetis,
1785 523 1892 578 imo
1924 538 2038 576 ma-

453 629 615 686 gnum
672 615 800 684 quid
845 624 1173 684 spectantes,
1205 616 1272 669 ad
1310 616 1561 672 cmleslcs
1592 616 1734 685 ipsas
1769 616 2037 672 stationes

445 709 650 765 mentis
704 707 864 762 veluti
915 707 1028 762 alas
1087 708 1386 772 iutenditis,
1440 716 1498 760 ιιι
1542 708 1780 763 indidem
1839 707 2035 764 divina

451 800 750 870 discipline
782 800 1068 854 utilitatem
1104 800 1436 868 haurientes,
1478 801 1700 870 paribus
1744 816 1866 856 cum
1903 801 2034 855 bea-

453 893 523 947 tis
552 893 758 962 angelis
790 893 1032 948 moribus
1076 893 1217 957 sitis,
1259 908 1485 961 quorum
1532 907 1626 948 vos
1673 892 1841 962 gloria
1883 893 2030 947 exci-

452 984 583 1052 piet,
619 993 674 1039 et
700 984 926 1039 felicitas
954 993 1250 1054 exspectat.
1288 985 1496 1040 Etenim
1525 1002 1645 1040 cum
1674 987 1922 1041 homines
1962 986 2037 1040 si-

455 1076 524 1130 tis
573 1088 737 1146 atque
777 1091 840 1130 ex
888 1076 1195 1130 hominibus
1230 1076 1357 1141 orti,
1402 1077 1650 1132 humanis
1695 1093 2032 1148 nequaquam

452 1166 869 1236 cogitationibus
905 1166 1266 1232 abducimini;
1305 1178 1477 1236 neque
1520 1168 1778 1236 quidquid
1823 1168 2033 1221 mortali

451 1259 577 1313 vitae
614 1259 826 1314 videtur
861 1258 1116 1329 aptabile,
1162 1268 1400 1314 vestrum
1431 1275 1558 1329 erga
1600 1261 1767 1315 Deum
1797 1260 2033 1315 studium

453 1348 774 1404 imminuere
832 1350 1000 1405 valuit
1043 1364 1057 1402 :
1097 1351 1294 1422 quippe
1361 1353 1613 1407 omnibus
1686 1353 1802 1406 vale
1868 1353 2031 1422 dicto,

452 1455 619 1493 unum
668 1441 926 1509 spectatis
975 1455 1221 1509 scopum,
1265 1451 1324 1497 ut
1352 1442 1460 1498 Deo
1499 1444 1704 1498 scilicet
1753 1445 2030 1513 placeatis.

451 1528 637 1600 Itaque
692 1531 819 1586 boni
879 1533 1085 1587 consilii
1137 1534 1301 1588 vestri
1350 1544 1631 1604 susceptus
1678 1535 1832 1590 labor
1891 1536 2032 1606 apud

452 1637 643 1679 omnes
690 1622 1064 1695 famigeratur.
1103 1623 1354 1681 Profecto
1397 1642 1496 1682 nec
1525 1642 1686 1696 opum
1718 1629 1893 1698 copia,
1935 1644 2033 1684 nec

452 1711 755 1767 oblatorum
803 1729 1086 1770 munerum
1137 1716 1520 1784 prOmissiones
1560 1719 1832 1788 egregiam
1892 1721 2032 1774 hanc

2139 525 2236 596 νὴν
2275 525 2552 596 πρόθεσιν,
2602 523 2738 578 ἀλλὰ
2781 523 2891 596 γὰρ
2929 523 3024 576 καὶ
3066 521 3208 593 μέγα
3245 540 3300 575 τι
3331 522 3725 593 φρονήσαντες,

2139 617 2278 690 πρὸς
2319 615 2490 680 αὑτὰς
2533 616 2817 688 οὐρανίους
2854 616 3022 686 μονὰς
3045 615 3136 669 τὸν
3161 613 3286 668 νοῦν
3319 613 3530 668 ἑαυτῶν
3569 615 3726 666 ἐπτε-

2141 709 2374 783 ρὼσατε,
2422 711 2508 763 ἵνα
2555 709 2662 762 τῶν
2710 710 2889 762 ἐκεῖσε
2935 708 3094 762 θείων
3127 708 3514 779 παιδευμάτων
3558 707 3725 760 πολυ-

2137 803 2625 872 πραγμονήσαντες
2665 799 2763 870 τὴν
2807 799 3093 867 ὠφέλειαν,
3137 799 3431 870 ὁμότροποι
3475 797 3586 851 τῶν
3623 815 3726 867 μα-

2137 895 2346 967 καρίων
2381 893 2628 962 ἀγγέλων
2666 892 2947 963 εὑρεθῆτε,
2982 887 3056 946 ὧν
3083 895 3116 964 ἡ
3147 891 3275 956 δόξα
3322 891 3468 962 ὑμᾶς
3499 889 3722 960 ἐκδέχε-

2134 1002 2224 1040 ται
2259 987 2352 1039 κα“ι
2379 984 2717 1054 μακαριότης
2765 985 3070 1054 περιμένει’
3108 983 3383 1054 ἄνθρωποι
3426 983 3539 1053 γὰρ
3568 981 3722 1044 ὄντες

2137 1078 2231 1131 καὶ
2274 1077 2332 1144 ἐξ
2363 1077 2664 1150 ἀνθρώπων
2712 1075 3082 1148 προελθόντες,
3113 1077 3173 1128 οὑ
3214 1079 3325 1140 τοῖς
3354 1075 3724 1146 ἀνθρωπίνοις

2137 1169 2613 1240 συγκατηνέχθητε
2635 1169 2933 1238 λογισμοῖς,
2957 1169 3076 1222 οὑδὲ
3101 1168 3169 1222 τὰ
3191 1167 3453 1222 δοκοῦντα
3477 1167 3574 1221 τοῦ
3607 1167 3723 1238 βίου

2137 1262 2366 1315 ποθεινὰ
2391 1261 2715 1334 πράγματα,
2743 1259 2835 1313 τοῦ
2860 1261 2938 1324 εἰς
2961 1259 3094 1312 Θεὸν
3116 1259 3269 1330 ὑμῶν
3288 1259 3454 1313 πόθου
3482 1257 3723 1312 ἐλαττῶ-

2137 1373 2227 1409 σαι
2255 1356 2346 1408 τὸν
2382 1355 2534 1409 τόνον
2560 1343 2894 1425 δεδύνηνται·
2927 1354 3060 1407 πᾶσι
3091 1352 3146 1406 δὲ
3184 1352 3330 1416 ama
3368 1352 3557 1416 ἁπλῶς
3584 1353 3720 1406 dum.

2135 1448 2451 1517 ταξάμενοι,
2492 1447 2587 1500 ἕνα
2629 1446 2832 1500 σκοπὸν
2883 1444 3034 1515 ἔχετε
3096 1444 3156 1498 τδ
3189 1445 3385 1516 ἀρέσαι
3430 1444 3572 1514 Θεῷ.
3611 1444 3723 1498 Καὶ

2133 1543 2233 1613 τῆς
2267 1542 2541 1612 ὑμετέρας
2570 1540 2972 1611 εὑδοκιμήσεως
2995 1541 3023 1593 6
3053 1537 3202 1606 ἀγὼν
3235 1540 3371 1592 πᾶσι
3403 1537 3722 1609 λελάληταιο

2133 1636 2193 1689 οὑ
2222 1653 2327 1706 χρη
2338 1634 2524 1705 μάτων
2552 1633 2696 1703 ὑμᾶς
2725 1631 3029 1703 περιουσία,
3056 1629 3177 1683 οὐδὲ
3210 1629 3593 1702 προκειμένων
3618 1627 3720 1681 δὼ-

2136 1746 2246 1802 ρων
2274 1727 2600 1796 ἐπαγγελίαι
2646 1726 2737 1779 τὸν
2781 1724 2984 1794 ἀγαθὸν
3011 1725 3139 1795 ὑμῖν
3170 1721 3359 1776 τοῦτον
3393 1720 3562 1774 πόθον
3592 1738 3725 1790 προ-

453 1803 611 1859 vobis
663 1805 1003 1861 devotionem
1049 1808 1427 1873 conciliarunt,
1477 1810 1569 1864 sed
1632 1813 1715 1879 pia
1775 1812 1928 1877 tides,
1977 1821 2032 1866 et

2146 1821 2416 1891 ιξένησαν,
2451 1818 2588 1872 ἀλλὰ
2616 1818 2800 1882 πίστις
2825 1815 3054 1888 εὑσεϐὴς
3081 1815 3176 1869 καὶ
3207 1813 3417 1868 διάνοια
3444 1813 3722 1884 ἐρωμένη,

456 1911 611 1952 mens
645 1911 829 1954 amore
857 1914 1139 1966 succensa,
1174 1917 1278 1956 non
1315 1902 1433 1957 sine
1462 1901 1554 1957 Dei
1579 1903 1885 1959 Servatoris
1913 1920 2035 1975 gra-

454 1989 530 2044 tia
576 1999 631 2045 et
676 1990 895 2062 placito.
949 1992 1210 2063 Optabilis
1252 1995 1408 2063 hujus
1445 1995 1728 2064 sanctique
1776 1996 2034 2066 propositi

455 2091 648 2136 auctor
691 2083 842 2138 vobis
883 2092 987 2148 est,
1028 2085 1132 2139 dux
1170 2093 1223 2140 et
1260 2085 1529 2154 perfector
1573 2085 1730 2141 Jesus
1767 2086 2033 2152 Christus,

454 2172 744 2240 quietiam
789 2174 940 2230 vobis
972 2177 1254 2233 monachis
1303 2177 1615 2246 patientiam
1667 2179 2038 2248 optimumque

455 2264 617 2319 finem
655 2267 956 2336 praestabit,
997 2270 1197 2339 quique
1225 2285 1285 2326 se
1327 2271 1578 2326 omnibus
1611 2271 1775 2328 salvis
1799 2286 1921 2328 €358
1944 2286 2038 2327 vo-

454 2356 688 2412 lentibus
728 2371 972 2429 paratam
1019 2362 1268 2416 semitam
1303 2363 1538 2431 praebet;
1575 2378 1736 2433 quam
1775 2378 1896 2418 cum
1943 2377 2038 2418 vos

452 2451 522 2503 ab
565 2451 718 2506 initio
770 2456 1046 2507 terendam
1098 2455 1470 2524 susceperitis,
1515 2456 1768 2510 comitem
1827 2456 2038 2512 habetis

454 2541 734 2598 Dominum
764 2543 1108 2600 Servatorem
1135 2547 1226 2616 qui
1255 2547 1332 2601 ait
1364 2563 1378 2601 :
1404 2545 1530 2602 Non
1556 2558 1605 2603 te
1631 2549 1925 2615 dimittant,
1951 2565 2038 2603 ne-

451 2653 549 2705 que
583 2648 631 2691 te
661 2639 919 2694 deserant.

525 2729 586 2783 ll.
631 2729 816 2799 Itaque
845 2731 1102 2800 pra'sidio
1135 2731 1252 2802 ejus
1281 2731 1435 2788 fretis
1460 2731 1661 2788 nullum
1689 2733 1840 2789 vobis
1869 2733 2039 2802 impo-

455 2821 753 2877 dimentum
785 2825 1076 2893 praecidere
1105 2826 1279 2894 potuit
1307 2825 1528 2880 cmleste
1553 2827 1908 2895 propositum,
1931 2841 2037 2881 non

454 2913 763 2968 divitiarum
801 2916 1090 2985 cupiditas,
1133 2932 1236 2971 non
1289 2927 1572 2986 parentum
1617 2919 1894 2984 memoria,
1935 2935 2038 2972 non

456 3007 880 3076 pr0pinqnorum
933 3009 1296 3074 hmreditates,
1337 3023 1442 3064 non
1478 3009 1707 3064 fratrum
1759 3024 2042 3078 germanu-

457 3110 575 3150 rum
611 3097 908 3163 convictus,
939 3113 1045 3153 non
1082 3109 1432 3169 cognatorum
1479 3099 1726 3168 affectus,
1755 3117 1858 3155 non
1913 3102 2042 3155 deli-

455 3189 569 3253 cite,
599 3203 701 3243 non
734 3189 946 3256 balnea,
973 3207 1078 3246 non
1120 3193 1566 3261 compotationes,
1601 3209 1705 3248 non
1745 3195 2037 3249 amicorum
2067 3176 2108 3232 ο

453 3282 883 3348 occursationes,
941 3299 1045 3338 non
1089 3285 1346 3339 mundani
1383 3286 1660 3352 honores;
1708 3302 1895 3341 verum
1934 3287 2047 3342 haec

453 3372 634 3425 omnia
681 3382 1105 3440 contemnentes,
1153 3376 1285 3446 ipsis
1340 3376 1553 3432 aetibus
1613 3377 1863 3432 clamatis
1902 3378 2044 3446 quod

453 3464 741 3532 Apostolus
765 3464 894 3519 dixit
922 3481 934 3516 :
963 3464 1153 3520 Omnia
1178 3469 1410 3522 arbitror
1429 3478 1678 3534 stercora,
1701 3479 1753 3521 ut
1781 3468 2045 3523 Christum

455 3558 786 3627 lucrifaciam
819 3559 886 3613 “.
918 3557 1123 3615 Idcirco
1157 3570 1212 3615 et
1243 3564 1514 3616 desertum
1547 3563 1801 3624 incolitis,
1829 3571 1884 3615 ct
1912 3561 2050 3630 jeju-

458 3651 600 3712 ntis,
666 3652 830 3704 castis
891 3652 1407 3718 exercitationibus,
1469 3654 1726 3724 purisque
1796 3654 2048 3724 precibus

460 3742 628 3797 Deum
673 3744 922 3813 placatis.
955 3744 1141 3800 Nullus
1167 3747 1387 3800 omnino
1413 3745 1522 3814 jam
1561 3763 1589 3801 a
1618 3747 1768 3801 vobis
1810 3761 1900 3800 rex
1943 3758 2049 3800 ter-

470 3849 630 3888 renus
663 3836 904 3898 timetur,
940 3838 1022 3891 vel
1055 3837 1328 3907 princeps,
1361 3836 1441 3890 vel
1466 3837 1652 3904 judcx,
1691 3845 1783 3889 aut
1829 3851 2046 3905 praeses,

461 3928 543 3980 vel
572 3927 822 3994 quaelibet
843 3929 945 3982 alia
974 3939 1243 3998 potestas:
1264 3928 1423 3982 Iusto
1451 3931 1593 3984 enim
1635 3945 1735 3982 non
1767 3939 1839 3982 est
1879 3929 2049 3996 posita

461 4019 567 4081 lex,
597 4022 685 4072 sed
719 4022 929 4090 injustis
961 4033 1007 4074 et
1044 4022 1456 4088 calcitrantibus,
1490 4023 1797 4092 irreligiosis
1840 4031 1888 4074 et
1928 4037 2047 4089 pec-

461 4114 749 4177 catoribus,
791 4116 1095 4182 parricidis,
1130 4115 1424 4179 homicidis,
1469 4114 1896 4184 fornicatoribus,
1938 4130 2052 4166 ma—

460 4206 726 4260 sculorum
753 4209 1190 4274 concubitoribus,
1209 4209 1454 4277 perjuris,
1485 4219 1532 4262 et
1562 4212 1606 4262 si
1628 4211 1754 4278 quid
1787 4209 1932 4260 aliud
1959 4225 2048 4261 sa-

461 4311 542 4350 na:
563 4297 816 4352 doctrina:
842 4299 1233 4365 aduersatur";
1263 4301 1464 4354 etenim
1494 4300 1896 4369 principes-non
1926 4308 2052 4353 stmt

459 4391 654 4444 terrori
697 4389 855 4455 bene,
885 4390 979 4445 sed
1012 4390 1255 4461 improbe
1286 4391 1588 4462 agentibus.
1625 4389 1940 4460 Rursusque
1973 4389 2049 4443 ait

462 4482 785 4552 Scriptura:
831 4481 918 4537 Vis
959 4493 1264 4554 potestatem
1307 4484 1519 4536 minime
1548 4482 1878 4550 formidare?
1912 4491 2048 4536 recte

458 4593 575 4644 age,
598 4576 908 4646 laudemque
929 4576 992 4630 ab
1015 4592 1076 4630 ea
1111 4575 1398 4644 reportabis
1421 4574 1496 4628 ³¹ι
1535 4587 1632 4628 vos
1659 4573 1822 4643 igitur
1851 4573 2046 4627 merito

458 4668 618 4723 laude
646 4669 815 4739 digni,
846 4669 920 4723 uti
956 4668 1266 4724 econtrario
1315 4682 1473 4724 secus
1507 4667 1793 4737 agentibus
1827 4665 2048 4722 acerba-

459 4776 582 4817 rum
613 4775 894 4830 pmnarum
927 4763 1087 4816 mina:
1111 4758 1481 4816 intenduntur.

531 4851 616 4907 Ill.
654 4851 798 4908 Deus
836 4868 932 4908 vos
969 4852 1070 4907 sibi
1105 4853 1267 4923 elegit
1296 4853 1587 4919 pretiosum
1629 4850 1901 4919 populum,
1955 4866 2048 4904 ze-

363 4963 368 4968 ’
460 4946 690 5001 latorem
741 4947 1002 5001 bonorum
1043 4959 1266 5016 operum
1297 4944 1361 4998 “.
1417 4942 1516 4998 Vos
1563 4946 1686 4996 estis
1723 4944 1815 4996 tua:
1843 4943 2045 5007 mundi,

426 5900 454 5910 ν.

460 5039 538 5094 ait
571 5037 829 5093 Servatur
858 5039 924 5092 ³⁸.
949 5037 1108 5092 Certe
1139 5051 1368 5106 quorum
1397 5035 1538 5090 idem
1569 5043 1651 5090 est
1683 5033 1852 5100 zelus,
1885 5034 2048 5088 idem-

461 5144 570 5198 que
615 5143 772 5199 Opus,
805 5144 992 5183 eorum
1027 5127 1188 5183 etiam
1221 5126 1336 5181 laus
1375 5126 1561 5181 eadem
1603 5136 1705 5193 est,
1747 5127 2047 5193 eademque

462 5236 693 5276 merces.
736 5221 883 5275 Beati
910 5221 1071 5288 igitur
1101 5219 1256 5284 estis,
1282 5219 1391 5274 imo
1427 5218 1748 5282 beatissimi,
1786 5232 1820 5272 ο
1861 5216 2040 5272 dilecti

465 5311 579 5366 Deo
603 5311 874 5366 monachi.
914 5311 1047 5379 Quis
1075 5320 1306 5367 vestram
1342 5311 1500 5381 digne
1527 5307 1828 5364 laudaverit
1851 5305 2049 5362 vitam?

467 5402 659 5456 Vestra
691 5404 834 5457 enim
857 5405 1050 5458 diurna
1086 5413 1458 5472 nocturnaque
1482 5418 1645 5472 opera
1672 5409 1802 5458 sunt
1831 5401 2043 5472 psalmi,

465 5493 680 5564 hymni,
727 5495 938 5549 cantica
993 5495 1281 5565 spiritalia,
1328 5505 1384 5550 et
1418 5495 1594 5566 digna:
1637 5495 1747 5550 Deo
1786 5495 2047 5550 actiones.

468 5586 718 5644 Charitas
741 5587 908 5653 enim,
937 5602 1023 5645 res
1051 5587 1310 5658 angelica,
1339 5587 1616 5644 vobiscum
1634 5596 1918 5652 versatur;
1948 5601 2050 5659 pax

540 5788 591 5825 “
629 5791 861 5866 Philipp.
911 5811 992 5860 Ill,
1045 5794 1100 5849 8.
1177 5795 1222 5829 ³³
1261 5793 1278 5846 1
1316 5793 1456 5850 Tim.
1487 5810 1526 5862 ι,
1564 5793 1618 5860 9,
1648 5792 1734 5848 l0.
1809 5794 1854 5826 ³⁸
1893 5793 2041 5850 Rom.

2155 5804 2212 5855 Il.
2239 5787 2293 5844 3.
2380 5786 2424 5819 “
2468 5785 2576 5840 Tit.
2621 5801 2682 5852 tt,
2712 5785 2795 5840 ιι.

2135 1914 2270 1967 Θεοῦ
2311 1913 2565 1983 Σωτῆρος
2598 1909 3014 1982 μεσιτεύσαντος
3051 1907 3147 1962 καὶ
3185 1907 3598 1978 εὑδοκήσαντος·
3627 1903 3724 1972 τῆς

2134 2003 2500 2066 ἀποδεκταίας
2525 2001 2730 2072 ταύτης
2753 2001 2848 2054 κα)⁸
2873 1997 3082 2068 ἀγαθῆς
3111 1995 3482 2068 προαιρέσεως
3510 1996 3540 2048 ὁ
3570 2009 3728 2063 χδρηο

2134 2099 2230 2168 γὸς
2253 2096 2543 2165 γενόμενος
2577 2094 2670 2147 καὶ
2701 2092 2942 2163 ἀρχηγὸς
2971 2090 3064 2144 καὶ
3083 2087 3400 2158 τελειωτὴς,
3432 2086 3582 2139 ἐστιν
3624 2086 3728 2154 Ἰη-

2136 2188 2266 2251 σοῦς
2292 2189 2320 2240 6
2349 2185 2604 2258 Χριστὸς,
2627 2188 2655 2239 6
2680 2185 2774 2239 καὶ
2797 2185 2926 2255 ὑμῖν
2949 2185 3064 2246 τοῖς
3092 2181 3414 2252 μονάζουσιν
3444 2177 3726 2267 ὑπομονὴν

2135 2281 2231 2332 καὶ
2264 2276 2498 2348 χρηστὸν
2521 2275 2673 2338 τέλος
2697 2274 2894 2338 διδοὺς,
2926 2273 3019 2326 καὶ
3046 2272 3180 2324 πᾶσι
3205 2271 3316 2333 τοῖς
3345 2265 3592 2320 ἐθέλουσι
3625 2265 3727 2318 σὼ-

2136 2369 2326 2436 ξεσθαι
2362 2369 2555 2439 ἑτοίμη
2595 2367 2712 2430 ὁδὸς
2756 2365 3163 2437 εὑρισκόμενος·
3205 2363 3395 2433 ἥντινα
3437 2359 3593 2429 παρὰ
3630 2361 3729 2429 τὴν

2135 2461 2308 2534 ἀρχὴν
2358 2459 2805 2533 προθυμηθέντες
2847 2457 3084 2520 ὁδεῦσαι,
3142 2453 3518 2524 συνοδοιπόρον
3577 2451 3728 2520 ἔχετε

2135 2555 2224 2608 τὸν
2245 2554 2473 2625 Σωτῆρα
2496 2552 2699 2624 Κύριον
2731 2551 2976 2619 λέγοντα,
3001 2549 3082 2602 οὐ
3105 2547 3189 2617 μή
3213 2551 3286 2600 σε
3312 2543 3438 2600 ἀνῶ
3469 2544 3615 2598 οὐδὲ
3640 2541 3727 2612 μή

2136 2663 2211 2699 σε
2239 2645 2672 2716 ἐγκαταλείπω.

2208 2738 2283 2791 B'.
2316 2736 2417 2790 Διὰ
2448 2736 2558 2807 γὰρ
2595 2735 2776 2799 αὑτὸν,
2814 2731 3074 2804 ἐμπόδιον
3123 2729 3274 2783 οὐδὲν
3322 2729 3424 2800 τὴν
3476 2727 3728 2798 οὐράνιον

2138 2828 2292 2899 ὑμῶν
2325 2828 2556 2898 ἐκκόψαι
2587 2826 2844 2898 πρόθεσιν
2862 2823 3168 2893 δεδύνηται,
3202 2821 3264 2875 οὑ
3296 2821 3601 2892 χρημάτων
3631 2819 3728 2871 πό-

2139 2920 2250 2985 θος,
2281 2921 2341 2974 οὑ
2373 2921 2560 2991 μνήμη
2581 2919 2802 2987 γονέων,
2827 2916 2948 2969 οὑδὲ
2966 2915 3102 2988 πρὸς
3125 2913 3315 2983 γένους
3348 2910 3727 2982 κληρονομίαι,

2139 3013 2262 3066 οὑδὲ
2303 3011 2548 3080 ἀδελφῶν
2584 3007 2880 3071 συνουσίαι,
2932 3006 2994 3060 οὑ
3038 3004 3316 3074 συγγενῶν
3344 3003 3642 3066 διαθέσεις,
3671 3001 3729 3053 οὑ

2140 3106 2363 3178 τρυφαὶ,
2405 3105 2498 3158 καὶ
2531 3102 2750 3174 λουτρὰ,
2782 3102 2877 3155 καὶ
2906 3100 3082 3165 πότοι,
3120 3099 3182 3151 οὑ
3220 3097 3393 3166 φίλων
3421 3094 3728 3163 συντυχίαι,

2144 3199 2205 3252 ού
2245 3195 2509 3268 κοσμικαὶ
2549 3194 2714 3259 δόξαι,
2761 3192 2897 3246 ἀλλὰ
2927 3191 3107 3244 πάντα
3146 3189 3244 3260 μὲν
3284 3187 3734 3258 ὑπερφρονήσανσ

2145 3305 2256 3352 τες,
2291 3289 2475 3350 αὑτοῖς
2504 3286 2686 3353 ἔργοις
2716 3283 2875 3354 βοᾶτε
2918 3278 3260 3350 ἀποστολικῷ
3292 3277 3625 3349 κεχρημένοι
3651 3276 3734 3330 λό-

2147 3396 2248 3449 γῳ·
2285 3380 2490 3432 Πάντα
2516 3376 2772 3448 ἡγοῦμαι
2795 3375 3095 3434 σκύϐαλα,
3118 3373 3217 3425 ἵνα
3242 3370 3502 3438 Χριστὸν
3520 3368 3730 3437 κερδή-

2147 3486 2272 3524 σωο
2343 3468 2426 3522 διὸ
2483 3468 2578 3528 καὶ
2638 3465 2736 3538 τὴν
2793 3465 3000 3535 ἔρημον
3057 3459 3376 3525 αὑλίζεσθε,
3435 3459 3729 3529 νηστείαις,

2149 3563 2413 3632 ἁγνείαις,
2456 3561 2777 3630 ἁσκήσεσιν,
2823 3558 3010 3627 εὐχαῖς
3032 3554 3298 3626 καθαραῖς
3331 3553 3423 3606 τὸν
3453 3551 3590 3605 Θεὸν
3630 3551 3732 3604 ἱλα-

2151 3651 2423 3721 σκόμενοιο
2462 3649 2619 3703 ούθὲν
2642 3649 2771 3719 ὑμῖν
2796 3647 2918 3700 οὑδὲ
2953 3644 3170 3698 πώποτε
3202 3643 3454 3714 βασιλεὺς
3496 3642 3731 3709 ἐπίγειος

2151 3741 2402 3813 φοϐερὸς,
2437 3739 2536 3794 ὀὺκ
2565 3741 2748 3812 ἄρχων
2779 3739 2874 3793 καὶ
2901 3737 3162 3806 δικαστὴς
3185 3737 3278 3790 καὶ
3300 3734 3629 3806 ἡγούμενος,
3653 3733 3729 3785 0'3-

2148 3834 2206 3888 δέ
2231 3853 2313 3898 τις
2356 3834 2518 3906 ἑτέρα
2543 3832 2779 3897 ἐξουσία·
2812 3832 3024 3904 Δικαίῳ
3051 3829 3160 3901 γὰρ
3193 3829 3376 3897 νόμος
3413 3827 3489 3881 οὐ
3528 3826 3725 3887 κεῖται.

2149 3927 2394 3996 ἀνόμοις
2423 3925 2489 3979 δὲ
2519 3925 2617 3978 καὶ
2649 3923 3112 3988 ἀνυποτάκτοις,
3143 3919 3391 3974 ἀσεϐέσι
3420 3917 3523 3972 καὶ
3559 3918 3729 3987 ἀμορ-

2151 4016 2378 4082 τωλοῖς,
2426 4014 2802 4084 πατρολῴαις
2852 4013 2950 4067 καὶ
3003 4009 3395 4083 μητρολῴαις,
3445 4007 3729 4077 ἀνδροφό-

2149 4127 2279 4176 νοις
2300 4149 2314 4173 ,
2352 4110 2593 4178 πόρνοις
2641 4107 2739 4161 καὶ
2768 4105 3241 4175 ἀρσενοκοίταις,
3270 4102 3597 4170 ἐπιόρκοις,
3641 4100 3725 4154 καὶ

2149 4202 2205 4255 εἶ
2244 4218 2298 4254 τι
2335 4200 2541 4268 ἕτερον
2582 4197 2656 4267 τῇ
2692 4198 3048 4268 ὑγιαινούσῃ
3089 4194 3454 4260 διδασκαλίᾳ
3483 4193 3728 4248 ἀντικει-

2150 4309 2264 4348 ται·
2301 4295 2350 4346 ot
2378 4294 2488 4362 γὰρ
2522 4293 2781 4364 ἄρχοντες
2806 4292 2907 4344 οὑκ
2939 4290 3046 4342 εἰσὶ
3085 4289 3246 4358 φόϐος
3272 4287 3379 4340 τῶν
3406 4286 3627 4354 ἀγαθῶν
3650 4286 3729 4357 Ep-

2151 4401 2284 4454 γων,
2316 4383 2452 4437 ἀλλὰ
2479 4383 2586 4436 τῶν
2613 4381 2818 4437 κακῶν·
2853 4381 2949 4434 καὶ
2986 4380 3166 4434 πάλιν·
3199 4382 3404 4444 θέλεις
3429 4379 3501 4430 δὲ
3525 4378 3606 4448 μὴ
3634 4395 3726 4447 εκ-

2155 4476 2382 4532 6εῖσθαι
2416 4475 2530 4542 τὴν
2553 4474 2874 4538 ἐξουσίαν;
2904 4474 2969 4526 τὸ
3003 4473 3228 4542 ἀγαθὸν
3253 4471 3436 4533 ποίει,
3468 4470 3567 4523 καὶ
3588 4470 3723 4533 ἕξεις

2151 4569 2404 4622 ἔπαινον
2435 4568 2504 4632 ἐξ
2533 4564 2748 4635 αὐτῆς·
2775 4566 2903 4636 ὑμῖν
2936 4561 3030 4617 οὖν
3068 4565 3117 4617 οἱ
3148 4562 3360 4618 ἔπαινοι
3396 4562 3639 4627 δικαίως,
3666 4561 3723 4620 ὡς

2151 4663 2245 4716 καὶ
2269 4661 2377 4716 τῶν
2402 4659 2831 4730 ἐναντιουμένων
2860 4661 2894 4731 ἠ
2934 4658 3044 4712 τῶν
3073 4656 3483 4728 ἀπειλουμένων
3507 4653 3728 4726 τιμωρία

2151 4755 2347 4826 πικρά.

2223 4849 2296 4902 Γ’.
2337 4847 2470 4911 Θεὸς
2512 4847 2658 4918 ὑμᾶς
2699 4846 2979 4913 ἐξελέξατο
3020 4842 3198 4913 ἑαυτῷ
3227 4841 3354 4896 λαὸν
3409 4839 3721 4914 περιούσιον,

2153 4939 2401 5012 ζηλωτὴν
2447 4940 2629 4994 καλῶν
2669 4939 2868 5012 ἔργων’
2925 4937 3114 5008 Ὑμεῖς
3155 4937 3296 4990 ἐστε
3336 4932 3466 5004 φῶς
3503 4933 3604 4988 τοῦ
3635 4931 3716 4984 ειδ-

2153 5047 2336 5102 σμου,
2362 5033 2390 5085 ό
2415 5031 2607 5103 Σωτὴρ
2632 5030 2879 5102 εἴρηκεν
2909 5031 3004 5084 καὶ
3028 5021 3104 5083 ὧν
3131 5028 3160 5081 6
3194 5026 3355 5098 ζῆλος
3390 5028 3418 5079 6
3445 5025 3619 5087 αὐτὸς,
3641 5023 3709 5076 καὶ

2153 5125 2215 5178 τὸ
2253 5123 2414 5196 ἔργον
2456 5123 2516 5178 τὸ
2555 5124 2709 5189 αὑτό,
2745 5124 2838 5177 καὶ
2877 5125 2905 5177 6
2945 5121 3167 5184 ἔπαινος
3196 5121 3224 5173 6
3253 5119 3438 5181 αὑτὸς,
3468 5118 3560 5170 καὶ
3589 5119 3614 5170 6
3643 5133 3707 5184 pt-

2156 5217 2282 5282 σθὸς
2307 5219 2336 5271 6
2361 5217 2542 5281 αὐτός’
2573 5215 2834 5288 μακάριοι
2859 5213 3037 5268 τοίνυν
3061 5212 3184 5266 ὲστὲ
3212 5211 3304 5263 καὶ
3325 5208 3707 5281 τρισμακάριοι,

2155 5305 2201 5365 ὧ
2246 5311 2569 5381 τιμιώτατοι
2617 5308 2737 5380 Θεῷ
2775 5305 3123 5380 μονάζοντες
3174 5303 3257 5366 τίς
3315 5301 3474 5371 ὑμῶν
3513 5295 3709 5361 ἐπαξίως

2157 5405 2462 5458 ἐπαινέσειε
2492 5403 2590 5474 τὴν
2616 5401 2925 5472 διαγωγήν;
2957 5398 3093 5470 ἔργα
3117 5396 3226 5468 γὰρ
3252 5396 3382 5466 ὑμῖν
3415 5395 3616 5465 ἡμέρας
3639 5389 3706 5440 13"

2158 5496 2350 5561 νυκτὸς
2378 5497 2584 5568 ψαλμοὶ
2625 5497 2720 5550 καὶ
2753 5494 2913 5566 ὕμνοι
2954 5493 3048 5546 καὶ
3075 5491 3208 5561 ᾠδαὶ
3245 5485 3603 5558 πνευματικαὶ
3636 5481 3703 5534 ul

2159 5590 2392 5663 πράξεις
2416 5589 2537 5662 Θεῷ
2570 5589 2895 5662 πρέπουσαν
2928 5585 3120 5657 ἀγάπη
3149 5584 3260 5654 γὰρ
3297 5583 3428 5654 ὑμῖν
3467 5575 3706 5634 πολιτεύε-

2891 5784 2935 5816 ⁸⁸
2976 5781 3167 5838 Matth.
3198 5797 3251 5845 ν,
3283 5780 3370 5834 Η.
