3860 6342
142 280 246 338 95.9

1140 275 1198 334 S.
1240 276 1646 334 SERAPIONIS
1715 275 1933 336 EPIST.
1973 278 2066 336 AD
2104 277 2409 337 MONACH.

3316 279 3420 338 930

145 413 255 460 ται,
286 392 351 448 τὺ
374 393 488 447 τῶν
523 390 772 462 ἀγγέλων
795 390 1017 465 χρῆμα⁶
1054 392 1246 466 εἰρήνη
1282 395 1410 466 παρ’
1435 394 1562 465 ὑμῖν
1587 394 1737 465 ἑστή-

1847 394 1998 451 tlrtna
2025 370 2166 467 apud
2199 410 2316 464 vos,
2352 408 2474 465 quae
2505 403 2588 450 est
2617 393 2878 451 caelorum
2912 403 3130 457 custos;
3163 391 3320 450 alieni
3353 398 3418 449 ab

146 506 352 563 ρικται,
391 486 504 540 τῶν
537 484 783 559 οὑρανῶν
814 484 1117 557 περίϐολος·
1145 486 1518 559 ἀφιλάργυρος
1547 487 1676 557 ὑμῖν
1705 486 1736 539 6

145 582 368 655 τρόπος,
406 580 498 634 ἀεὶ
532 581 600 651 τῇ
627 578 788 650 χρείᾳ
815 576 1154 649 φιλούμενοι,
1179 580 1238 633 ὲν
1270 580 1548 650 νηστείαις
1579 573 1736 632 εὔτο-

143 690 240 739 νίι,
276 675 337 727 ὲν
384 672 573 742 εὐχαῖς
625 669 996 743 εὐτονώτεροι,
1031 672 1090 725 ὲν
1136 670 1464 742 ἀγρυπνίαις
1508 671 1638 741 ὑμῖν
1674 669 1737 724 τδ

142 766 265 820 καθ’
293 764 515 836 ἡμέραν
535 766 603 834 τῇ
631 758 1001 835 ἐγρηγορήσει
1022 762 1320 831 διανύεταιν
1347 761 1651 832 Λαμψάτω
1668 762 1737 816 τὸ

144 857 271 929 φῶς
294 855 489 927 ὑμῶν,
521 850 676 909 εἶπεν
700 854 923 927 Κύριος·
953 844 1047 908 κάὶ
1071 854 1100 908 ὃ
1129 854 1337 927 εἴρηκε,
1364 855 1632 924 φαίνεται·
1663 853 1736 926 μὴ

144 949 432 1021 ἀγαπητὸν
465 949 691 1020 κόσμον,
721 946 854 1018 μηδὲ
886 947 954 1002 τὰ
981 949 1040 1001 ὲν
1064 947 1142 1018 τῷ
1167 947 1357 1018 κόσμῳ
1381 947 1554 1019 τούτῳ
1579 948 1737 1018 ὑμεῖς

143 1042 515 1112 τετηρήκατε·
557 1038 818 1110 μακάριοι
850 1036 1029 1090 τοίνυν
1067 1037 1225 1108 ὑμεῖς
1260 1037 1339 1108 τῷ
1367 1037 1506 1109 Θεῷ,
1555 1037 1736 1108 μακὰ-

149 1148 261 1204 ριος
290 1130 351 1183 δὲ
382 1130 480 1184 καὶ
509 1130 539 1183 6
570 1130 773 1201 κόσμος
799 1128 867 1185 δι’
892 1129 1053 1201 ὑμᾶς·
1089 1130 1145 1182 αἱ
1183 1129 1409 1201 ὲρημίαι
1449 1129 1739 1200 σεμνύνον-

142 1240 231 1276 ται
266 1223 340 1277 δι’
376 1223 544 1294 ὑμᾶς,
575 1223 668 1275 καὶ
703 1223 738 1291 ἡ
775 1221 1066 1293 οἰκουμένη
1112 1218 1344 1286 σώζεται
1377 1223 1497 1284 ταῖς
1537 1222 1737 1291 ὑμετέο

147 1330 269 1387 ραις
320 1317 680 1385 προσευχαῖςσ
723 1313 878 1376 ὑετὸς
921 1314 988 1383 τῇ
1037 1314 1106 1383 γῇ
1156 1312 1576 1382 καταπέμπει-αι
1615 1314 1738 1376 ταῖς

144 1408 459 1483 ὑμετέραις
478 1406 729 1470 ἱκεσίαις,
764 1407 797 1476 ἡ
826 1407 897 1476 γῆ
925 1405 1235 1477 χλοηφορεῖ,
1264 1405 1358 1459 καὶ
1377 1404 1569 1477 δένδρα
1602 1421 1740 1476 καρ-

144 1503 268 1565 ποῖς
304 1498 608 1571 βριθόμενα
639 1496 849 1570 ἀϐλασῆ
879 1497 969 1552 τὸν
1001 1496 1214 1569 καρπὸν
1253 1496 1597 1552 ἀποδίδωσιν⁹
1633 1513 1734 1550 πο-

146 1591 326 1661 ταμδς
352 1587 558 1662 (2W9)
603 1586 661 1640 δὲ
695 1586 927 1658 ἑτιησίως
958 1585 1449 1657 αὑξανὸμενος.καὶ
1475 1586 1607 1657 ὃλην
1642 1587 1746 1659 τὴν

146 1683 433 1754 Δῐγυπτοι
453 1678 716 1750 ἀρδεὺων,
740 1677 959 1751 λίμναις
977 1695 1037 1732 τε
1059 1677 1235 1750 φιλιού
1245 1696 1407 1751 μενος
1438 1678 1533 1733 καὶ
1555 1678 1747 1733 θαλάτ-

141 1788 266 1837 ταις
297 1772 438 1826 πολὺ
465 1771 670 1843 πλῆθος
708 1770 1041 1842 μεταδιδοὺς,
1072 1771 1180 1825 τῶν
1208 1771 1487 1843 ὑμετέρων
1518 1772 1737 1826 ίκεσιῶν

140 1863 409 1935 γνωρίζει
452 1863 555 1934 τὴν
586 1862 836 1934 δύναμιν.
873 1861 935 1915 El
963 1863 1071 1935 γὰρ
1111 1863 1299 1927 Ἱίλίας
1337 1864 1623 1936 ἄνθρωπος
1670 1862 1738 1938 ἦν

140 1956 508 2029 ὁμοιοπαθὴς,
541 1956 619 2020 ὡς
657 1956 984 2026 γέγραπται,
1023 1954 1117 2008 καὶ
1148 1959 1424 2027 προσευχῇ
1464 1958 1554 2010 τὸν
1586 1958 1740 2011 ὑετὸν

145 2048 515 2112 συνέστειλεν,
556 2050 650 2102 καὶ
686 2048 850 2103 πάλιν
880 2049 1270 2121 προσήνεγκεν,
1314 2050 1407 2103 καὶ
1451 2051 1480 2103 6
1514 2050 1741 2121 οὐρανὸς

139 2140 394 2215 ἔϐρεξεν,
431 2140 526 2194 καὶ
566 2140 599 2210 ἡ
625 2139 694 2210 γῆ
724 2139 1024 2211 ἐϐλάστησε
1055 2136 1149 2192 τὸν
1177 2138 1387 2209 καρπὸν
1417 2140 1607 2211 αὑτῆς,
1646 2139 1741 2192 πό⁴

141 2250 225 2304 σῳ
257 2231 465 2303 μᾶλλον
497 2233 552 2285 αἱ
576 2230 842 2303 ὑμέτεραι
869 2229 1159 2302 πρεσϐεῖαι
1185 2228 1255 2283 τὰ
1277 2232 1397 2284 κατ’
1427 2230 1590 2303 εὐχὴν
1609 2232 1741 2302 ἡμῖν

139 2324 356 2379 ἀνοίσει
388 2323 635 2394 χρήσιμα
654 2339 670 2386 ;

213 2420 291 2471 Δ’.
327 2413 595 2484 Μακαρία
638 2411 819 2465 τοίνυν
872 2412 907 2483 ἡ
955 2411 1347 2485 Ἀλεξανδρέων
1394 2411 1549 2476 πόλις
1597 2412 1741 2483 ὑμᾶς

142 2508 353 2580 ἔχουσα
407 2504 776 2577 πρεσϐευτάς*
817 2503 917 2557 οὑκ
951 2502 1017 2558 ἂν
1055 2506 1111 2559 αί
1140 2504 1388 2576 Σοδόμων
1432 2504 1618 2568 πόλεις
1655 2520 1743 2556 τε-

143 2599 451 2672 φρωτιεῐσαι
492 2595 809 2660 κατέπεσον,
845 2596 895 2648 εί
931 2595 1064 2648 δέκα
1103 2594 1298 2648 δίκαιοι
1330 2596 1510 2648 ἐκεῖσε
1547 2594 1743 2666 διέτρι-

141 2691 261 2747 σὶν·
298 2690 410 2744 οὐδ’
445 2684 512 2743 αὖ
542 2687 704 2741 πάλιν
752 2686 939 2758 ἕτεραι
980 2687 1164 2750 πόλεις
1209 2686 1613 2758 διεστράφησαν
1650 2686 1742 2740 εὑ-

147 2782 443 2856 μοιροῦσαι
482 2782 582 2852 τῆς
615 2780 767 2851 ὑμῶν
800 2779 1105 2849 ἁγιότητος·
1137 2779 1185 2832 oi
1234 2779 1375 2849 φίλοι
1424 2778 1520 2832 τοῦ
1560 2779 1744 2833 θεοσε-

143 2874 280 2940 ϐοῦς
315 2873 439 2928 ἰὼὸ
474 2871 700 2944 χαλεποὶ
730 2871 883 2935 ὄντες
909 2870 1193 2942 ἐσώθησαν
1225 2870 1292 2925 δι’
1326 2871 1506 2934 αὑτὸν,
1543 2871 1620 2935 ὡς
1647 2870 1741 2940 γέ-

140 2980 429 3038 γραπται⁸
475 2964 608 3018 ’1ὼό
654 2961 724 3016 δὲ
766 2964 799 3016 ό
851 2959 1145 3030 θεράπων·
1174 2977 1278 3031 μοι
1318 2959 1558 3025 εὔξεται
1610 2958 1744 3028 περὶ

140 3057 338 3133 ὑμῶν,
372 3056 464 3112 ὅτι
488 3057 543 3109 εί
566 3054 652 3124 μὴ
680 3053 1006 3124 πρόσωπον
1034 3051 1224 3107 αὐτοῦ
1250 3050 1545 3121 λήψομαι,
1577 3054 1630 3106 εί
1653 3051 1742 3120 μὴ

1839 486 2064 541 avaritia
2094 500 2274 542 mores
2299 486 2487 551 vestri,
2513 485 2604 556 qui
2636 486 2798 541 rebus
2829 485 3152 543 necessariis
3178 488 3418 542 contenti

1835 577 1987 644 estis,
2019 575 2308 645 injejuniis
2342 583 2673 642 constantes,
2699 575 2752 630 in
2783 576 3035 646 precibus
3069 577 3243 633 adhuc
3289 593 3422 633 con-

1836 669 2152 735 stantiores,
2190 667 2242 722 in
2274 667 2473 740 vigiliis
2499 666 2803 739 experrecti
2845 667 3214 737 quotidianam
3254 668 3419 723 vitam

1838 759 2116 830 peragitis.
2169 758 2366 814 Lueeat
2398 760 2493 814 tua:
2543 770 2729 826 vestra,
2774 760 2912 816 dixit
2956 759 3214 816 Dominus
3249 760 3327 828 “;
3365 769 3423 815 et

1837 852 1979 921 quod
2027 852 2185 919 dixit,
2235 853 2379 923 apud
2422 866 2521 908 vos
2551 861 2746 922 paret;
2790 866 2965 921 neque
2996 852 3152 907 vobis
3190 853 3421 907 mundus

1838 953 1931 998 aut
1976 944 2198 999 omnino
2252 960 2372 1015 qua:
2421 953 2550 1000 sunt
2591 946 2643 1000 in
2686 944 2885 999 mundo
2924 958 3069 999 curse
3096 954 3241 999 sunt.
3270 944 3417 999 Beati

1839 1036 2002 1107 igitur
2031 1051 2129 1091 vos
2164 1050 2347 1091 coram
2383 1037 2513 1103 Deo,
2559 1036 2755 1092 beatus
2786 1037 2912 1091 item
2945 1036 3173 1090 mundus
3200 1046 3424 1106 prapter

1840 1142 1955 1182 vos.
2022 1125 2247 1183 Deserta
2305 1127 2419 1184 loca
2472 1129 2635 1184 vestri
2683 1144 2844 1185 causa
2888 1128 3223 1183 venerationi
3269 1136 3417 1194 sunt,

1837 1219 2142 1288 vestrisque
2194 1208 2446 1291 precibus
2502 1231 2767 1276 terrarum
2810 1221 2955 1276 orbis
3005 1228 3185 1276 manet
3215 1220 3421 1277 incolu-

1839 1312 1962 1366 mis.
1999 1309 2167 1367 Vobis
2217 1312 2501 1367 orantibus
2550 1312 2731 1382 pluvia
2767 1312 2819 1366 iu
2856 1322 3055 1367 terram
3097 1313 3418 1377 demittitur,

1839 1403 1996 1458 tellus
2030 1403 2214 1458 herbis
2254 1403 2496 1469 virescit,
2531 1403 2753 1460 arbores
2789 1405 2961 1475 pomis
3001 1414 3209 1460 onusta:
3249 1403 3420 1459 invio-

1838 1494 2004 1549 latum
2052 1493 2286 1550 fructum
2341 1496 2706 1565 suppeditant,
2761 1495 2958 1552 ﬂumen
3000 1497 3288 1565 quotannis
3323 1511 3422 1549 au-

1838 1586 2018 1655 Ctum,
2052 1589 2360 1644 universam
2393 1587 2683 1660 Egyptum
2724 1588 2977 1660 irrigans,
3011 1589 3214 1660 stagnis
3247 1603 3307 1644 se
3333 1604 3428 1643 so-

1839 1679 2028 1744 cians,
2111 1678 2460 1750 maribusque
2527 1695 2787 1749 aquarum
2868 1680 3075 1749 copiam
3141 1679 3418 1747 tribuens,

1772 1781 2141 1862 Bvestrarum
2204 1774 2652 1843 supplicationum
2712 1773 2818 1827 vim
2869 1773 3129 1828 declarat.
3163 1771 3221 1827 Si
3273 1774 3418 1827 enim

1844 1866 2007 1929 Elias,
2045 1864 2148 1929 vir,
2184 1866 2259 1920 uti
2301 1867 2562 1936 scriptum
2596 1876 2701 1934 est,
2733 1880 2885 1935 aeque
2928 1880 2991 1919 ac
3029 1864 3119 1919 alii
3169 1865 3418 1919 homines

1841 1955 2178 2024 passiouibus
2216 1968 2538 2020 commotus,
2575 1971 2734 2027 prece
2793 1956 3139 2011 nihilominus
3185 1944 3418 2025 pluviam

1842 2047 2093 2110 inhibuit,
2142 2062 2439 2117 rursusque
2479 2062 2637 2117 prece
2676 2047 2745 2102 ab
2771 2062 2838 2102 eo
2864 2048 3063 2113 oblata,
3099 2049 3238 2101 caelo
3264 2047 3418 2118 pluit,

1839 2150 1891 2196 et
1921 2156 2075 2193 suum
2119 2139 2275 2194 tellus
2302 2139 2535 2193 fructum
2574 2138 2983 2211 germinavit",
3020 2149 3221 2207 quanto
3252 2140 3422 2209 magis

1840 2243 2019 2289 vestra
2078 2232 2395 2288 intercessio
2435 2232 2700 2303 postulata
2751 2231 2906 2288 nobis
2964 2231 3116 2286 utilia
3159 2231 3421 2302 impetra-

1842 2323 1950 2378 bit?
3159 2369 3163 2373 .

1912 2413 2001 2469 iV.
2039 2413 2185 2468 Felix
2227 2421 2392 2483 lglllﬂ'
2428 2426 2560 2469 urns
2602 2412 2927 2469 Alexandria
2978 2428 3100 2484 quae
3134 2428 3232 2470 vos
3260 2413 3424 2469 habet

1844 2507 2272 2561 intercessores!
2308 2505 2469 2561 Certe
2505 2504 2905 2561 Sodomitarum
2940 2506 3189 2562 civitates
3220 2522 3424 2576 nequa-

1843 2613 2006 2668 quam
2040 2599 2092 2651 in
2123 2599 2336 2652 cineres
2363 2597 2597 2652 redacta:
2625 2596 2871 2663 fuissent,
2904 2596 2949 2651 si
2978 2596 3163 2652 decem
3194 2596 3266 2652 ibi
3290 2598 3421 2670 justi

1846 2689 2326 2757 inhabitasscnt";
2366 2705 2540 2759 neque
2577 2691 2704 2745 item
2743 2689 2862 2745 aliae
2894 2689 3054 2745 urbes
3082 2705 3287 2746 eversa:
3332 2705 3423 2746 cs-

1843 2792 1983 2845 sent,
2014 2783 2056 2837 si
2088 2791 2319 2837 vestram
2355 2782 2493 2852 apud
2522 2798 2582 2838 sc
2620 2791 2926 2838 manentem
2955 2782 3300 2838 sanctitatem
3328 2783 3426 2837 ba-

1844 2875 2109 2930 buissent.
2161 2874 2416 2945 Religiosi
2464 2873 2566 2929 Job
2607 2876 2789 2939 amici,
2831 2891 3138 2945 quanquam
3183 2876 3426 2932 distortis

1844 2968 2111 3034 moribus,
2147 2966 2266 3037 ejus
2291 2976 2469 3021 tamen
2499 2968 2696 3036 gratia,
2723 2976 2782 3021 ut
2811 2967 2885 3021 ait
2917 2967 3218 3037 Scriptura,
3243 2983 3429 3023 serva-

1846 3060 1883 3115 ti
1910 3060 2128 3115 l'uerunt
2155 3079 2168 3115 :
2197 3058 2320 3125 Job,
2368 3060 2562 3129 inquit,
2597 3078 2774 3114 servus
2814 3076 2958 3115 meus
2989 3076 3084 3130 pro
3134 3059 3274 3115 vobis
3303 3077 3428 3115 ora-

140 3152 259 3224 τὰρ
283 3149 364 3204 δι’
389 3146 598 3212 αὐτὸν,
625 3145 914 3202 ἀπώλεσα
946 3144 1023 3199 ἂν
1066 3143 1299 3210 πάντας
1338 3142 1514 3213 ὑμᾶς’
1556 3144 1737 3215 ἥμαρ-

1847 3151 1938 3216 bit,
1989 3151 2139 3219 cuius
2178 3168 2270 3221 ego
2311 3152 2501 3220 [aciem
2551 3154 2846 3217 rererebor;
2878 3154 2979 3207 nisi
3009 3152 3146 3207 enini
3191 3169 3283 3217 per
3310 3166 3427 3206 eum

139 3259 238 3296 τεν
271 3240 440 3296 πάλιν
472 3239 604 3292 ποτὲ
624 3239 653 3290 6
683 3236 791 3292 τῶν
825 3235 1092 3291 Ἰουδαίων
1123 3235 1268 3300 λαὸς,
1301 3237 1390 3290 ὅτε
1426 3238 1455 3289 6
1477 3235 1572 3289 τοῦ
1605 3234 1742 3289 Θεοῦ

143 3334 408 3407 θεράπων
441 3332 532 3386 τὸν
551 3331 715 3402 νόμον
745 3313 983 3396 ἐδέξατο·
1011 3328 1353 3399 ὀλιγωρήσας
1383 3326 1478 3380 τοῦ
1508 3325 1613 3398 πρέ
1625 3342 1744 3379 nov-

139 3442 240 3490 τος
281 3427 314 3479 6
346 3424 433 3478 ἀεὶ
468 3422 726 3485 ἀσύνετος
760 3421 853 3474 καλ⁹
887 3418 1210 3482 ἀπαίδευτος
1243 3416 1373 3481 λαὸς
1411 3415 1744 3488 παρηνόχλει

139 3518 226 3591 τῷ
269 3515 489 3589 Ἀαρὼν
528 3515 723 3584 λέγων·
758 3513 1029 3581 Ποίησον
1047 3511 1194 3582 ἡμῖν
1213 3510 1409 3577 θεοὺς,
1445 3510 1503 3565 οι
1522 3525 1741 3578 προπο-

133 3611 474 3680 ρεύσονται
510 3605 698 3677 ἡμῶν·
742 3603 1106 3677 παραϐάντων
1145 3602 1202 3656 δὲ
1255 3602 1456 3666 αὐτῶν,
1495 3600 1743 3674 ὠργίσθη

144 3701 360 3776 Κύριος
400 3700 588 3763 αὐτοῖς
612 3698 707 3753 καί
752 3712 938 3769 φησιν·
973 3694 1223 3765 Μωῦσῆ,
1266 3693 1515 3763 Mummi,
1556 3693 1746 3749 σπεῦ-

143 3809 289 3857 σον,
326 3790 635 3859 κατάϐηθι,
665 3791 699 3844 ό
729 3784 1022 3859 γὰρίλαός
1056 3786 1387 3857 ὴνόμησενο
1425 3788 1454 3840 6
1485 3785 1542 3839 δὲ
1574 3803 1743 3840 κατα-

143 3887 251 3950 σὰς
283 3886 383 3939 καὶ
411 3883 748 3954 θεασάμενος
775 3881 875 3953 τὴν
908 3879 1276 3951 παρανομίαν,
1309 3877 1642 3950 ἀπεκρίνατο
1667 3876 1745 3949 τῷ

143 3979 270 4053 Θεῷ
302 3980 501 4049 λέγων·
548 3980 617 4031 ει
658 3976 776 4047 μὲν
819 3972 981 4043 ἀφῇς
1028 3971 1234 4039 αὐτοῖς
1274 3972 1391 4041 τὴν
1429 3972 1743 4041 ἁμαρτίαν,

144 4076 324 4145 ἀφεςο
347 4075 399 4127 εί
427 4070 497 4125 δὲ
520 4069 606 4140 μή
648 4086 733 4140 γε,
761 4066 914 4140 κάμὲ
939 4064 1267 4138 ἐξάλειψον
1289 4066 1357 4119 ἐκ
1387 4063 1497 4133 τῆς
1521 4065 1744 4130 βίϐλου

143 4164 226 4237 ἧς
266 4166 565 4235 ἐῖφαψας.
605 4163 670 4214 Ὢ
706 4160 844 4232 πόση
871 4162 985 4222 τοῖς
1016 4159 1191 4227 ἁγίοις
1219 4157 1485 4220 διάθεσιςί
1505 4156 1551 4211 ὢ
1579 4157 1746 4212 πόσον

146 4260 206 4312 αἱ
240 4256 513 4328 ὑμέτεραι
537 4252 694 4324 εὐχαὶ
716 4251 786 4305 τὰ
815 4250 935 4304 κατ’
966 4248 1132 4321 εὐχὴν
1164 4251 1295 4322 ἡμῖν
1319 4250 1522 4304 ἀνοίσει
1555 4250 1747 4321 χρήσι-

151 4366 255 4422 μα,
300 4345 401 4401 τοῦ
464 4345 603 4399 Θεοῦ
667 4341 979 4398 ὲπισπῶσαι
1017 4342 1119 4413 τὴν
1160 4341 1481 4412 εὐμένειανὶ
1519 4338 1564 4393 ὣ
1603 4340 1741 4411 πόση

1844 3244 2089 3307 stetisset,
2121 3243 2300 3312 utique
2331 3260 2416 3297 vos
2445 3259 2621 3296 omnes
2661 3258 2868 3312 pessum
2908 3243 3165 3297 dedissent
3189 3243 3254 3297 ⁸⁹.
3285 3242 3425 3299 Olim
3456 3306 3457 3309 η

1844 3343 2102 3404 praeterea
2155 3332 2412 3388 Iudaicus
2458 3333 2685 3402 populus
2720 3334 2981 3402 peccavit,
3029 3347 3135 3405 quo
3188 3342 3429 3401 tempore

1848 3426 1937 3483 Dei
1973 3440 2163 3482 servus
2187 3424 2360 3495 legem
2397 3424 2498 3479 sibi
2540 3425 2791 3478 traditam
2823 3423 3153 3494 actipiebat;
3196 3439 3428 3494 namth

1804 3571 1813 3580 .
1844 3519 2002 3576 omcii
2037 3519 2117 3574 sui
2146 3519 2345 3574 oblitus
2368 3518 2457 3574 ille
2489 3529 2703 3588 semper
2732 3517 2992 3586 insipiens
3025 3516 3271 3586 maleque
3312 3532 3428 3570 ιουο

1846 3620 1997 3666 ratus
2022 3611 2271 3681 populus,
2302 3611 2643 3680 importunus
2667 3610 2868 3665 Aaroni
2901 3618 3020 3664 erat
3049 3610 3233 3664 dicens
3265 3625 3279 3663 :
3312 3606 3429 3662 Fac

1845 3702 1991 3756 nobis
2019 3701 2162 3765 deos,
2212 3719 2340 3774 quos
2375 3703 2469 3756 oin:
2513 3702 2668 3756 duces
2719 3717 3000 3770 sequamur
3024 3702 3092 3756 δυ.
3134 3700 3277 3769 Ergo
3322 3699 3429 3755 illis

1845 3791 2196 3862 peccantibus
2246 3794 2416 3865 iratus
2468 3791 2728 3846 Dominus
2784 3794 2860 3845 ait
2904 3810 2916 3845 :
2966 3790 3170 3862 Moyse,
3222 3789 3431 3862 Moyse,

1846 3884 2035 3952 festina
2065 3882 2395 3948 descendere,
2421 3869 2642 3951 papulus
2676 3885 2810 3936 enim
2838 3883 3219 3951 praeerit-atus
3246 3889 3323 3936 est
3358 3881 3427 3935 δι.

1847 3974 1938 4029 llle
1978 3990 2107 4030 vero
2143 3976 2501 4042 descendens,
2544 3976 2658 4030 visa
2705 3990 2766 4030 ea
2795 3976 3165 4046 perversitate,
3196 3975 3304 4029 Deo
3346 3988 3435 4029 re-

1846 4069 2061 4139 spondit
2088 4068 2275 4124 dicens
2309 4083 2323 4121 :
2358 4067 2418 4124 Si
2447 4068 2654 4139 quidem
2678 4068 2776 4122 hoc
2805 4067 2911 4122 illis
2936 4076 3205 4137 peccatum
3234 4067 3309 4122 vis
3346 4065 3433 4119 di-

1848 4164 2069 4226 mittere,
2095 4162 2274 4233 utique
2298 4154 2503 4217 dimitte
2527 4152 2619 4225 {si
2650 4162 2842 4228 minus,
2878 4176 2957 4215 me
2988 4175 3190 4231 quoque
3216 4159 3279 4213 de
3298 4158 3434 4212 libro

1847 4270 1997 4323 quem
2052 4255 2313 4322 scripsisti
2361 4254 2529 4308 deleto
2552 4253 2618 4306 δ’.
2661 4252 2706 4308 Ο
2741 4262 2941 4321 quanta
2986 4261 3068 4306 est
3118 4259 3431 4306 sanctorum

1848 4347 2184 4415 benignitas!
2214 4355 2473 4417 quantam
2503 4345 2660 4400 nobis
2685 4353 2878 4399 vestrae
2912 4358 3102 4414 preces
3133 4342 3429 4397 utilitatem

147 4441 510 4497 ἀποκείσεται
574 4437 702 4509 ὑμῖν
752 4439 787 4506 ἡ
854 4434 1161 4497 ἀνάπαυσις
1227 4431 1347 4503 Θεῷ
1408 4430 1737 4501 συναφθῆναι

1850 4435 2243 4504 impetrabunt,
2286 4435 2378 4491 Dei
2426 4433 2799 4489 benevolentia
2844 4433 3166 4488 conciliata!
3218 4432 3428 4500 Quanta

150 4530 584 4596 σπουδάζουσινὶ
691 4500 873 4582 πόσων
899 4525 1118 4595 ἀγαθῶν
1145 4500 1615 4596 ἐμπλησθήσεσθε,
1640 4500 1737 4576 πα-

1851 4544 1945 4582 vos
1971 4526 2023 4581 in
2053 4527 2291 4580 futurum
2321 4537 2505 4585 manet
2535 4526 2770 4595 requies,
2790 4526 2880 4594 qui
2906 4524 3013 4580 Deo
3043 4524 3293 4596 conjungi
3327 4539 3432 4580 sat-

147 4627 310 4700 τέρα,
333 4625 430 4679 καὶ
458 4620 696 4695 μητέρα,
727 4620 820 4673 καὶ
846 4617 1109 4688 ἀδελφοὺς
1139 4613 1596 4679 καταλείψαντεςί

223 4806 303 4861 E'.
333 4804 429 4876 Τῷ
464 4801 716 4874 Ἀϐραὰμ
749 4799 918 4854 πάλαι
943 4798 973 4851 6
994 4797 1127 4862 Θεὸς
1148 4796 1353 4867 ἐλεγεψ
1389 4795 1643 4862 Ἔξελθε
1676 4795 1745 4850 ἐκ

150 4900 264 4971 τῆς
301 4897 421 4969 τῆς
477 4909 595 4950 σου
646 4892 744 4948 καὶ
794 4892 864 4945 ἐκ
910 4888 1022 4959 τῆς
1057 4888 1415 4960 συγγενείας
1453 4905 1592 4952 σου,
1648 4887 1749 4942 και

150 4993 335 5060 δεῦρο
360 4991 453 5056 είς
485 4986 604 5057 γῆν
623 4982 705 5053 ἢν
725 4984 804 5038 ἄν
827 4998 927 5038 σοι
958 4980 1154 5047 δείξω·
1186 4980 1280 5034 καὶ
1316 4982 1345 5034 6
1373 4980 1470 5052 μὲν
1499 4978 1753 5052 Ἀϐραὰμ

152 5079 480 5143 ὑπακούσας
521 5074 766 5147 ἐξῆλθενο
805 5072 918 5145 ὁρῶ
973 5072 1031 5126 δὲ
1087 5070 1183 5125 καὶ
1225 5071 1371 5143 ὑμᾶς
1397 5070 1754 5143 ἁρπάσαντας

152 5176 245 5231 τὸν
267 5172 368 5227 τοῦ
394 5169 531 5225 Θεοῦ
548 5169 728 5238 λόγον,
761 5168 851 5221 ἵνα
883 5165 961 5238 τῷ
976 5164 1231 5238 Ἀϐραὰμ
1256 5162 1745 5235 ὲξακολουθήσητε,

154 5268 250 5322 καὶ
268 5266 375 5336 τῆς
406 5262 663 5332 εὐλογίας
698 5256 1238 5330 ωναπολαυθήσητε·
1281 5255 1532 5326 Ἀγαθὸν
1551 5255 1746 5325 ἀνδρὶ,

155 5360 237 5414 ὅτ’
266 5358 349 5414 ἂν
382 5355 499 5426 ἄρῃ
528 5351 707 5425 ζυγὸν
731 5351 1102 5419 ἐκνεότητος
1129 5346 1337 5413 αὑτοῦ,
1366 5346 1649 5403 καθιεῖται
1680 5347 1750 5402 δὲ

153 5450 504 5520 καταμόνας
541 5445 641 5502 καί
663 5442 1054 5514 σιωπήσεταιο
1087 5441 1245 5496 τοῦτο
1278 5441 1312 5514 ἡ
1342 5439 1583 5512 ὑμετέρα
1618 5440 1750 5496 ἀνα-

1852 4621 2040 4690 agitis!
2068 4619 2209 4687 Quot
2234 4618 2389 4675 bonis
2420 4618 2779 4688 replebimini,
2808 4619 2897 4691 qui
2933 4629 3162 4690 patrem,
3201 4627 3430 4674 matrem

1850 4712 2157 4784 fratresque
2180 4711 2529 4767 deseruistis!

1921 4801 1979 4858 ι’.
2015 4803 2323 4858 Abrahamo
2346 4803 2472 4857 olim
2506 4803 2645 4858 Deus
2675 4804 2749 4858 ait
2782 4821 2797 4857 :
2826 4802 2928 4857 Exi
2956 4803 3021 4857 de
3059 4806 3207 4857 terra“
3230 4812 3321 4857 tua
3356 4818 3421 4857 ac

1848 4892 1913 4947 de
1946 4893 2258 4965 cognatione
2289 4903 2403 4957 tua,
2425 4904 2471 4947 et
2503 4895 2615 4949 ιυριιὶ
2640 4894 2695 4948 in
2727 4895 2984 4964 regionem
3007 4909 3164 4960 quant
3212 4893 3429 4948 danau-

1798 5002 1813 5009 '
1848 4998 2080 5040 stravere
2128 4986 2224 5039 tibi
2263 4986 2329 5040 ”.
2374 4986 2438 5041 Et
2482 4987 2754 5041 Abraham
2799 4986 3013 5057 quidem
3048 4984 3431 5059 obtemperans

1851 5078 2005 5132 exiit.
2041 5075 2147 5132 Vos
2177 5080 2383 5150 pariter
2412 5080 2573 5149 video,
2602 5080 2692 5133 Dei
2725 5078 2840 5133 voci
2873 5077 3015 5132 ultro
3039 5075 3348 5144 obsecutos,
3373 5083 3433 5135 ut

1855 5170 2148 5225 Abrahanti
2184 5171 2458 5227 imitantes
2488 5171 2820 5242 exemplum,
2868 5171 2987 5242 ejus
3017 5185 3171 5241 teque
3210 5170 3432 5226 benedi-

1856 5264 2126 5319 ctionibus
2153 5262 2427 5319 l'ruamini.
2460 5263 2667 5319 Bonum
2698 5274 2771 5320 est
2802 5264 3024 5330 homini,
3055 5280 3173 5318 cum
3190 5273 3431 5331 portave-

1857 5356 1923 5409 rit
1950 5355 2141 5427 jugnnt
2166 5356 2231 5411 ab
2265 5357 2616 5413 adolescentia
2657 5373 2787 5423 sua;
2817 5357 3011 5413 sedebit
3041 5358 3178 5412 enim
3210 5365 3261 5412 et
3286 5365 3431 5413 tace-

1857 5443 1929 5499 bit
1958 5445 2023 5504 “.
2052 5444 2262 5503 Dictum
2305 5449 2408 5503 hoc
2435 5457 2614 5507 vestra
2652 5447 2706 5503 in
2741 5461 2982 5517 eremnm
3007 5448 3241 5506 secessio
3262 5446 3433 5503 inter-

230 5592 279 5625 ι·
319 5584 512 5644 Matth.
540 5602 596 5650 ν,
634 5585 725 5641 ιι.
801 5585 845 5654 ³1
882 5583 995 5640 Jac.
1026 5599 1078 5648 v,
1112 5583 1198 5654 ιτ,
1230 5580 1355 5654 ts,
1393 5580 1438 5611 ιη
1478 5578 1612 5635 Gen.
1653 5596 1737 5654 ψ

1847 5582 1920 5636 εξ.
2000 5583 2046 5615 ³⁸
2084 5582 2185 5639 Job
2220 5600 2352 5654 xw,
2381 5583 2436 5640 8.
2513 5584 2558 5617 ⁸⁸)
2591 5584 2761 5641 Exod.
2793 5600 2967 5653 sun,
2997 5584 3049 5639 1.
3126 5582 3172 5617 ⁵⁸
3213 5580 3346 5638 ibid.
3373 5578 3430 5633 'l.

153 5660 199 5694 υ
243 5663 379 5718 ibid.
414 5658 509 5720 5i,
536 5658 628 5712 δέ.
703 5654 751 5687 ⁸³
800 5652 937 5710 Gen.
974 5670 1069 5721 xu,
1109 5653 1153 5709 l.
1232 5652 1276 5685 “
1316 5652 1519 5708 'l‘bt'en.
1552 5666 1633 5721 ιιι,
1658 5651 1748 5718 27,
1784 5651 1877 5707 28.

206 5769 430 5844 (ει-99)
466 5766 624 5823 Nilus
654 5763 925 5822 videlicet.
