3860 6320
429 221 545 279 951-
1529 217 1799 274 PATHES
1835 219 2137 275 JEGYPTII
2177 220 2452 276 SASCULI
2497 221 2584 278 IV.
3618 219 3738 274 9'5).

428 346 691 408 pretatur.
737 333 852 391 Non
890 349 984 390 vos
1015 334 1323 389 divitiarum
1363 348 1488 389 esca
1519 335 1714 402 illexit,
1747 353 1851 391 non
1896 354 1945 391 m

2210 357 2358 410 οησις
2417 338 2732 411 ἐρμηνεύει·
2772 336 3006 402 πλοῦτος
3039 337 3187 409 ὑμᾶς
3248 337 3352 392 οὐκ
3399 335 3734 403 ἐδελέασεν,

432 431 623 484 liernm
670 427 1018 498 pulchritudo
1078 426 1314 494 decepit,
1365 427 1460 480 sed
1511 426 1664 494 quasi
1714 428 1956 496 incorpor

2212 431 2236 484 ἐ
2269 431 2438 503 κάλλη
2468 431 2746 500 γυναικῶν
2791 431 3133 503 ἐξηπατήθη,
3175 431 3288 486 ἀλλ’
3322 429 3516 503 ῶσπερ
3572 432 3736 485 ἀσώ-

431 523 771 576 adversartas
807 518 1110 586 voluptates
1135 516 1325 570 divino
1355 515 1554 570 timore
1581 516 1955 571 cunculcavisti

2211 543 2277 577 τοι
2303 524 2452 589 ὄντες
2479 525 2558 596 τῷ
2588 525 2717 597 θείῳ
2743 525 2894 598 φόϐῳ
2937 525 3037 590 τὰς
3065 524 3313 588 ἐναντίας
3345 525 3552 596 ἡδονάς
3586 527 3735 577 ἐπα-

431 627 543 666 non
569 609 862 666 iuba-sistis
897 609 1056 676 hujus
1084 608 1270 662 mundi
1306 608 1473 670 curis.
1498 607 1606 662 imo
1647 608 1838 663 harum
1869 624 1955 663 vat

2211 633 2338 669 πατε·
2367 617 2426 669 ού
2464 616 2852 688 προσηλώθητε
2890 619 3012 680 ταῖς
3036 615 3130 670 τοῦ
3159 616 3366 687 κόσμου
3403 616 3735 687 φροντίσιν,

435 711 599 760 tatem
623 701 853 756 vitastis.
893 700 1109 755 Dulcior
1147 700 1302 755 vobis
1338 701 1391 754 in
1423 714 1608 754 eremo
1649 700 1876 771 simplex
1915 716 1959 770 p:

2217 707 2230 727 ’
2253 708 2564 777 ὑπεφύχετε
2585 709 2789 762 τούτων
2811 709 2871 763 τὸ
2895 709 3144 781 μάταιον·
3177 709 3306 780 ἡδὺς
3338 710 3468 780 ύμῖν
3495 713 3558 763 ἐν
3593 710 3739 780 ἐρη-

432 797 520 850 nis
543 809 664 848 cum
695 791 808 849 sale
862 803 918 848 et
969 809 1122 862 aquae
1158 801 1310 862 potu,
1348 807 1510 860 quam
1561 795 1780 846 urbana:
1812 793 1956 847 delici

2214 800 2586 871 μλιτὸς.ἄρτος
2619 801 2712 854 καὶ
2747 801 2883 865 ἃλας
2905 803 2999 854 καὶ
3050 801 3278 871 πότιμον
3309 801 3477 872 ὕδωρ,
3505 801 3542 871 ἢ
3583 802 3648 854 αἱ
3673 804 3738 854 ἐν

432 898 488 942 et
515 887 761 942 convivia
791 902 915 941 cum
944 899 1205 939 rerumne.
1259 883 1451 939 Melius
1479 898 1597 939 esse
1645 883 1875 939 frustum
1909 884 1956 938 ci

2213 909 2269 946 ,ει
2303 894 2505 964 τρυφαὶ
2544 895 2639 948 καὶ
2669 895 2964 966 εύφρασίαι
3016 895 3156 964 μετά
3187 894 3407 966 μόχθου·
3439 897 3737 965 Κρεῖσσον

432 994 557 1034 cum
573 980 936 1035 delectatione
973 979 1024 1033 in
1059 992 1213 1048 pace,
1255 992 1418 1046 quam
1454 980 1672 1031 domum
1709 975 1893 1030 multis
1923 976 1952 1029 b

2213 1004 2246 1050 δ,
2286 987 2439 1055 φησὶ,
2489 985 2680 1057 ψωμδς
2730 986 2847 1057 μεθ’
2885 987 3078 1058 ἡδονῆς
3124 989 3182 1041 ἐν
3227 989 3438 1059 εἰρήνῃ,
3483 987 3516 1058 ἢ
3569 982 3737 1050 οἶκος

434 1073 522 1126 nis
560 1071 866 1141 iniquisque
907 1070 1140 1124 victimis
1176 1068 1588 1130 redundantem,
1613 1067 1655 1120 si
1687 1066 1864 1120 adsint
1889 1079 1952 1120 co

2207 1077 2328 1129 ιλῶν
2373 1077 2596 1146 ἀγαθῶν
2648 1078 2743 1130 καὶ
2778 1078 2979 1131 ἀδίκων
3015 1078 3274 1157 θυμάτων
3325 1079 3465 1150 μετά
3504 1078 3731 1149 μάχης,

448 1164 736 1227 tentiones,
757 1163 1010 1230 antiquus
1036 1161 1450 1217 Proverbiornm
1475 1168 1661 1216 auctor
1676 1159 1964 1214 censebat‘

2212 1169 2377 1225 πάλαι
2401 1172 2429 1223 ὁ
2454 1169 2865 1240 Παροιμιαστὴς
2883 1169 3258 1241 συμϐουλεύει·
3285 1170 3567 1241 ἐλεύθεροί
3594 1173 3732 1222 ἐστε

437 1255 546 1312 Vos
579 1257 630 1310 in
655 1271 863 1310 summa
895 1256 1143 1310 libertate
1167 1255 1483 1317 versamini,
1515 1268 1547 1307 ο
1569 1251 1874 1307 charissimi
1909 1249 1961 1303 De

2209 1259 2262 1312 τὰ
2289 1259 2488 1326 πάντα,
2513 1254 2557 1313 ὦ
2603 1260 3008 1329 θεοφιλέστατοι
3034 1261 3152 1333 Θεῷ
3194 1261 3540 1332 μονάζοντες·
3581 1261 3733 1332 γυνὴ

438 1349 710 1419 monachi.
747 1345 899 1402 Uxor
922 1348 1076 1402 vobis
1111 1363 1216 1401 non
1247 1356 1328 1400 est
1360 1345 1583 1400 molesta
1618 1352 1838 1413 prepter
1866 1358 1962 1396 mut

2206 1354 2264 1416 Ξς
2314 1354 2415 1406 ούκ
2462 1353 2670 1424 ἐνοχλεῖ
2703 1355 2832 1425 περὶ
2885 1353 3200 1422 γυναικείου
3246 1352 3505 1416 σκεύους·
3539 1354 3662 1405 υἱοὶ
3695 1353 3730 1422 ἦ

438 1441 564 1495 dum
617 1440 971 1507 muliebrem;
1010 1441 1100 1494 lilii
1149 1439 1376 1508 ﬁliaeque
1411 1450 1750 1507 nequaquam
1795 1449 1891 1489 vos
1930 1449 1959 1486 ν

2209 1445 2418 1516 νατέρες
2453 1446 2597 1516 ὑμᾶς
2627 1445 2688 1498 ού
2719 1445 3103 1516 συμπνίγουσι,
3136 1444 3426 1516 διαφόρους
3463 1445 3733 1515 αἰτήσεις

438 1544 592 1597 xant,
629 1534 794 1588 variis
839 1531 1295 1604 postulationibus
1343 1529 1737 1594 obtundentes;
1771 1544 1877 1582 non
1900 1543 1958 1581 se

2207 1540 2249 1590 iv
2307 1536 2729 1608 προσφέροντες·
2769 1536 2832 1590 ού
2892 1536 3147 1608 θεράπων
3206 1534 3565 1605 ἀποσυλήσας
3630 1535 3731 1588 τὸν

437 1640 536 1679 vus
567 1625 745 1680 ablato
796 1639 904 1679 tere
933 1623 1174 1694 aufugit;
1208 1638 1312 1676 non
1351 1637 1512 1691 opum
1549 1620 1851 1675 sollicitudo
1871 1633 1961 1674 son

2204 1627 2350 1680 οῦτον
2381 1625 2591 1695 φεύγει·
2616 1627 2678 1679 ού
2705 1627 3002 1697 χρημάτων
3036 1625 3273 1696 μέριμνα
3302 1623 3525 1677 κλέπτει
3560 1625 3728 1693 ὑμῶν

438 1733 567 1772 num
598 1718 779 1784 eripit.
837 1716 1051 1772 Homini
1089 1717 1307 1785 quidem
1329 1715 1531 1768 divitiis
1561 1711 1905 1777 redundanti,
1935 1711 1962 1764 il

2205 1739 2206 1743 η
2237 1715 2432 1769 ὕπνον.
2468 1715 2563 1786 Τῷ
2594 1714 2703 1786 γὰρ
2728 1712 3097 1785 ἐμπλησθέντι
3133 1712 3226 1766 τοῦ
3253 1712 3581 1783 πλουτῆσαι,
3617 1727 3729 1780 φη-

438 1808 556 1878 quit
589 1809 963 1873 Ecclesiastes,
999 1809 1179 1879 quieto
1211 1807 1447 1862 dormire
1479 1821 1584 1861 non
1615 1805 1740 1860 licet
1767 1804 1838 1857 ⁵⁵.

2193 1825 2204 1859 ν
2248 1809 2277 1859 ὁ
2311 1805 2767 1878 Ἐκκλησιαστὴς,
2799 1805 2902 1858 οὐκ
2937 1803 3082 1858 ἐστιν
3123 1805 3152 1857 δ
3181 1804 3356 1873 ἀφίων
3398 1802 3569 1856 αὐτὸν
3615 1801 3717 1854 τοῦ

2121 1897 2389 1952 ὑπνῶσαι.

512 1986 600 2042 Vl.
634 1986 751 2041 Ista:
804 2001 966 2056 porro
1014 1993 1139 2038 sunt
1189 1981 1472 2036 mundana:
1517 1982 1642 2035 vitae
1688 1979 2017 2048 dulcedines,

2201 1992 2283 2058 ς’.
2331 1989 2516 2044 Ταῦτα
2564 1987 2656 2042 τοῦ
2694 1988 2809 2060 βίου
2835 1987 2904 2042 τὰ
2937 1987 3088 2059 ἡδέα,
3127 1985 3302 2040 ταῦτα
3331 1985 3426 2038 τοῦ
3480 1984 3600 2054 βίου
3653 1982 3725 2036 τὰ

440 2079 555 2134 haec
587 2079 702 2146 ejus
728 2077 984 2148 optabilia
1020 2078 1188 2143 bona;
1231 2092 1353 2130 cum
1383 2075 1580 2144 aliquis
1616 2074 1668 2128 in
1696 2075 1828 2128 urhe
1845 2074 1964 2128 nubi

2202 2081 2587 2154 ρισπούδαστα·
2610 2082 2688 2134 ὅτ’
2713 2079 2778 2134 ἂν
2803 2081 2960 2152 γήμῃ
2988 2096 3071 2143 τις
3101 2080 3158 2132 ὲν
3185 2077 3358 2141 πόλει,
3387 2077 3531 2148 ἀρχὴ
3560 2093 3726 2146 περι-

443 2171 644 2239 negotii
675 2170 887 2223 initium
918 2177 1002 2222 est
1051 2169 1128 2222 rei
1175 2167 1457 2221 familiaris
1487 2167 1850 2235 dispendium.
1893 2165 1967 2220 Gr

2201 2175 2389 2237 isewg.
2420 2173 2793 2243 ἀναλωμάτων
2827 2166 3006 2243 χρεία·
3037 2169 3233 2240 ἔγκυος
3264 2171 3297 2240 ἡ
3322 2169 3462 2239 γυνή
3483 2186 3498 2234 ;
3523 2169 3725 2238 γεγέν-

441 2261 561 2325 vida
607 2269 690 2314 est
723 2258 889 2313 uxor?
939 2257 1184 2329 peperit?
1231 2266 1388 2312 natus
1417 2255 1588 2324 puer?
1633 2255 1798 2326 Urget
1845 2254 1963 2307 viru

2200 2285 2318 2333 nev;
2355 2267 2630 2338 ἀπετέχθη
2657 2267 2719 2320 τὸ
2775 2264 3004 2338 βρέφος;
3043 2265 3262 2335 φροντὶς
3287 2263 3366 2333 τῷ
3410 2263 3572 2334 ἀνδρὶ
3603 2262 3724 2325 πῶς

443 2368 592 2418 cura,
641 2350 908 2421 quomodo
949 2351 1132 2406 uxoris
1181 2350 1380 2420 placito
1425 2355 1700 2402 occurrat.
1744 2344 1963 2400 Femina

2203 2375 2223 2420 ;
2248 2357 2508 2426 γυναικὸς
2536 2356 2742 2409 τελέσει
2767 2355 2837 2409 τὰ
2873 2354 3205 2424 καταθύμια·
3243 2353 3375 2425 θῆλυ
3401 2353 3662 2416 τέτοκεν;
3693 2353 3727 2406 ὁ

441 2445 686 2515 peperit?
724 2446 938 2516 angitur
969 2445 1070 2510 vir,
1103 2444 1170 2498 de
1202 2431 1329 2497 dote
1359 2442 1630 2512 cogitans.
1669 2439 1937 2494 Masculus

2200 2449 2263 2518 iqp
2293 2446 2572 2518 ἀηδίζεται
2612 2447 2744 2518 περὶ
2793 2445 3038 2517 προικῶν
3065 2444 3502 2516 περισπώμενος·
3545 2443 3724 2515 ἄρσεν

441 2542 617 2596 lucem
649 2539 860 2594 editus?
881 2537 1036 2593 Brevi
1061 2547 1302 2606 tempore
1322 2537 1490 2606 patris
1515 2533 1691 2587 vultus
1716 2532 1961 2587 hilaresci

2194 2537 2347 2606 έχθης
2405 2536 2630 2607 φαιδρὸν
2681 2535 2846 2588 αὐτοῦ
2902 2535 3040 2605 πρὸς
3081 2534 3261 2604 ὀλίγον
3299 2535 3360 2587 τὸ
3399 2533 3718 2609 πρόσωπον·

443 2647 567 2686 nam
614 2630 772 2701 paulo
801 2639 922 2699 post
950 2628 1260 2682 inﬁrmatur
1300 2642 1468 2697 puer;
1501 2624 1851 2680 calamitosus
1876 2633 1967 2692 patr

2202 2630 2243 2679 τ’
2283 2629 2342 2680 ού
2390 2627 2524 2681 πολὺ
2559 2627 2620 2678 τὸ
2665 2625 2877 2679 παιδίον
2919 2626 3060 2696 νόσῳ
3108 2625 3429 2697 συνεσχέθη·
3459 2624 3726 2698 συμφορά

442 2721 686 2778 medicos
718 2720 969 2775 invocare
992 2733 1098 2773 non
1123 2718 1338 2779 desinit,
1373 2715 1539 2770 multa
1569 2717 1662 2770 dat
1695 2715 1966 2783 daturusqi

2197 2743 2202 2769 l
2231 2720 2408 2791 ἀνδρὶ,
2447 2719 2509 2772 ού
2542 2718 2890 2790 διαλιμπάνει
2943 2719 3160 2789 ἰατροὺς
3192 2719 3681 2790 προσκαλούμενος
3703 2737 3721 2753 ο

440 2821 546 2878 est,
579 2809 625 2866 si
668 2810 812 2864 ﬁlius
853 2807 1212 2864 convalescet.
1244 2805 1465 2860 Interim
1510 2813 1738 2859 moestus
1784 2817 1964 2858 occur:

2200 2809 2299 2862 λλά
2349 2809 2587 2872 δίδωσιν,
2623 2811 2672 2862 εί
2727 2809 2790 2862 τὸ
2819 2807 3030 2862 παιδίον
3087 2809 3413 2880 σωθήσεται·
3465 2810 3724 2881 κατηφὴς

443 2902 634 2956 amicis
671 2900 890 2955 dicens:
946 2895 1132 2963 Orate,
1185 2898 1313 2965 quia
1345 2910 1479 2966 puer
1525 2903 1790 2964 aegrotat;
1835 2895 1927 2962 qui

2199 2900 2331 2955 ›οῐὼν
2352 2903 2467 2964 τοῖς
2498 2900 2674 2970 φίλοις
2710 2899 3086 2970 συντυγχάνει,
3115 2898 3379 2966 Εύξασθε,
3412 2900 3613 2968 λέγων,
3638 2902 3723 2954 ὅτι

443 2992 584 3048 forte
632 2990 903 3045 funestum
936 2989 1068 3058 quid
1113 2988 1369 3058 patietur,
1413 2985 1704 3056 suspendio
1734 3001 1819 3040 me
1852 2985 1963 3054 peri

2212 2991 2421 3045 παιδίον
2445 2992 2608 3044 νοσεῖ·
2640 2990 2736 3044 ἐάν
2763 3007 2816 3044 τι
2841 2989 3012 3061 πάθῃ,
3047 2990 3249 3062 ἀγχόνῃ
3285 2991 3523 3060 ἐμαυτὸν
3550 2991 3723 3044 ἀπολ-

445 3096 669 3139 necesse
711 3090 814 3137 est.
845 3080 1020 3135 Amici
1054 3077 1360 3135 condolent.
1402 3079 1544 3133 Deus
1580 3085 1758 3131 tamen
1783 3077 1969 3147 benign

2199 3103 2257 3138 ω.
2288 3084 2350 3136 Οἱ
2381 3082 2523 3152 φίλοι
2557 3082 2894 3153 συνέχονται·
2934 3058 3055 3136 aee
3083 3058 3439 3153 Θεὸς-ὀἰκείᾳ
3461 3082 3723 3155 εὐμενείᾳ

447 3183 559 3229 tate
590 3189 688 3230 sua
719 3173 887 3226 vitam
921 3171 1175 3243 largitur.
1206 3167 1514 3232 Couvaluit,
1562 3167 1830 3223 evolvitur
1848 3182 1915 3222 ex
1942 3167 1971 3221 it

2199 3178 2274 3248 »ὴν
2305 3175 2556 3248 παρέχει·
2591 3177 2810 3244 ὑγίανεν
2848 3174 2909 3228 τὸ
2943 3175 3176 3240 παιδίον,
3213 3175 3440 3246 προέϐη,
3477 3175 3723 3245 ἐμηκύν-

445 3264 636 3332 lautia,
661 3265 887 3330 crescit,
926 3262 986 3316 lit
1011 3261 1274 3328 adultior;
1312 3260 1554 3328 magistri
1590 3259 1721 3313 varii
1753 3273 1968 3314 assumu

2195 3302 2222 3339 γ,
2251 3269 2467 3338 ἐγένετο
2511 3269 2658 3331 παῖς·
2692 3266 3005 3320 διδάσκαλοι
3029 3265 3218 3319 τοῦτον
3243 3266 3486 3338 διάφοροι
3535 3284 3719 3335 παρα-

445 3369 555 3424 tur,
607 3366 663 3412 et
717 3365 812 3426 pro
869 3354 1046 3411 artatis
1101 3368 1389 3424 progressu
1443 3351 1691 3407 ετιιάὶιυι·
1731 3349 2027 3406 εθουηάυιιι
2129 3359 2519 3431 λαμϐάνουσιν,
2552 3357 2783 3411 καὶὅσον
2813 3357 3097 3429 προϐαίνει
3125 3355 3436 3411 παιδεύεται
3462 3357 3607 3410 κατά
3627 3359 3722 3411 τὸν

446 3449 631 3503 mundi
680 3447 1155 3503 consuetudinem.
1214 3442 1512 3500 Juvenilem
1562 3452 1774 3497 aetatem
1824 3439 1970 3512 attigi

2189 3453 2353 3523 lcpov'
2394 3451 2514 3515 νέος
2543 3451 2730 3504 λοιπὸν
2777 3449 3013 3519 ἐγένετο,
3062 3449 3319 3521 ἁρμόδιος
3353 3449 3491 3521 πρὸς
3529 3451 3713 3522 γάμου

444 3539 763 3609 eopulandis
807 3537 1008 3608 nuptiis
1053 3536 1320 3589 idoneam.
1355 3532 1518 3588 Pater
1546 3531 1666 3601 ejus
1701 3545 1890 3586 rursus
1923 3542 1960 3584 ἠ

2192 3541 2436 3596 πνουσίαν·
2489 3544 2517 3594 ὁ
2546 3540 2730 3612 πατὴρ
2761 3538 2926 3594 αὑτοῦ
2961 3539 3125 3593 πάλιν
3172 3541 3298 3612 περὶ
3330 3540 3525 3610 γάμων
3549 3543 3716 3611 ἀσχο-

447 3630 706 3701 ptialibus
757 3629 903 3684 curis
949 3636 1276 3694 occupatur;
1331 3634 1517 3694 parata
1548 3624 1752 3687 omnia,
1808 3633 1971 3694 parati

2193 3635 2324 3686 ῖται·
2355 3631 2550 3703 ἕτοιμα
2579 3631 2782 3694 πάντα,
2811 3632 2839 3683 ὁ
2869 3628 3111 3700 θάλαμος
3163 3629 3398 3701 ἕτοιμος,
3432 3631 3526 3684 καὶ
3559 3633 3589 3684 ὁ
3622 3632 3717 3687 θά-

447 3721 743 3788 thalamus,
780 3730 838 3774 et
887 3734 1016 3774 ecce
1074 3732 1220 3772 mors
1263 3717 1478 3786 iunpina
1512 3716 1769 3787 juvenem
1807 3715 1971 3785 abripi

2192 3742 2290 3788 ,τος
2323 3724 2477 3794 ἄφνω
2505 3725 2597 3778 τὸν
2622 3723 2742 3777 νέον
2771 3724 3119 3795 ἀφήρπασεν·
3165 3725 3716 3796 συμφοράλαίφνίδιος

449 3814 678 3870 Subitus
710 3827 839 3884 ergo
868 3811 1077 3884 parenti
1122 3810 1275 3865 dolor
1305 3819 1359 3864 et
1386 3808 1764 3864 intolerabilis.
1795 3804 1973 3862 Eﬁertt

2191 3817 2400 3888 ᾧπατρὶ
2433 3817 2768 3889 ἀνηκέστως·
2796 3818 2824 3869 ὁ
2853 3817 2971 3880 νέος
3022 3816 3394 3889 ἐκκομίζεται,
3423 3794 3715 3890 στεναγμοὶ

445 3908 684 3978 juvenis,
708 3907 838 3962 hinc
862 3905 1038 3960 luctus
1058 3912 1112 3959 et
1145 3902 1410 3971 eiulatus;
1441 3910 1596 3971 pater
1618 3901 1686 3954 ad
1723 3898 1969 3969 sepulcru

2189 3911 2315 3963 ηιπὺν
2343 3910 2438 3963 καὶ
2489 3909 2808 3981 ὀλοφυρμοὶ,
2840 3908 2970 3980 περὶ
3013 3908 3074 3961 τὸ
3117 3910 3306 3980 μνῆμα
3346 3910 3713 3983 ἀπερχόμενος

448 4000 800 4070 progrediens
825 3999 1082 4069 gemitum
1120 4006 1342 4067 pectore
1383 3994 1622 4058 mittens,
1657 3993 1908 4047 manibus
1933 4005 1972 4044 c:

2189 4000 2378 4071 μωγὰς
2404 4001 2662 4070 πέμπων,
2690 4001 2788 4054 καὶ
2810 4002 2930 4063 ταῖς
2967 3996 3151 4072 χερσὶν
3174 4001 3362 4071 ψοφῶν
3403 4000 3501 4072 τὴν
3554 4020 3713 4071 κεφα-

451 4100 546 4162 put
595 4091 844 4154 scabens,
874 4089 1080 4152 vultum
1131 4086 1391 4142 vellicans
1417 4093 1474 4139 et
1509 4084 1838 4154 percutiens,
1877 4078 1975 4135 llet

2186 4108 2250 4162 ιν,
2271 4092 2592 4162 δονούμενος
2626 4093 2722 4145 καὶ
2748 4091 2970 4146 τύπτων
2994 4093 3056 4147 τὸ
3090 4094 3400 4165 πρόσωπον,
3435 4095 3614 4165 Οίμοι,
3636 4097 3710 4148 οῖ-

448 4181 966 4240 heulcoutiuenter
995 4179 1216 4234 clamat.
1258 4177 1436 4246 Atque
1476 4177 1578 4230 hoc
1621 4174 1762 4235 luctu
1794 4173 1969 4243 gravit

2185 4201 2246 4250 at,
2286 4185 2525 4256 συνεχῶς
2560 4184 2847 4253 ἐπιλέγων·
2884 4186 2981 4240 καί¹
3024 4187 3167 4257 μάλα
3207 4187 3533 4258 δακνόμενος
3575 4189 3709 4260 ὑπὲρ

448 4273 704 4339 amictus,
737 4270 1097 4341 periculosum
1125 4268 1180 4323 in
1209 4267 1460 4323 morbum
1490 4279 1632 4335 sa-pe
1661 4263 1871 4330 incidit,
1902 4277 1965 4333 pa

2182 4277 2232 4347 ῆς
2267 4278 2576 4348 συμφορᾶς,
2615 4277 2876 4343 πολλάκις
2923 4278 3158 4349 δυσιάτῳ
3190 4279 3507 4350 περιπίπτει
3549 4282 3706 4353 νόσῳ,

447 4367 708 4437 latimque
756 4372 1124 4433 consumptus,
1177 4368 1408 4416 mortem
1469 4357 1724 4427 deinceps
1779 4355 1883 4410 sibi
1942 4355 1971 4409 it

2183 4367 2229 4418 ll.
2254 4368 2397 4421 κατά
2438 4369 2612 4439 βραχὺ
2645 4368 3028 4440 δαπανώμενος
3059 4371 3284 4425 θάνατον
3309 4371 3492 4425 λοιπὸν
3521 4375 3707 4428 ἐπικα-

448 4470 625 4517 ιὀοαι.

2062 4456 2086 4459 ⁷
2132 4456 2326 4513 λεῖται.

523 4548 631 4602 Vll.
665 4546 888 4610 Discite,
913 4561 945 4599 ο
986 4543 1094 4600 Deo
1122 4540 1467 4599 dilectissimi
1499 4539 1773 4603 monachi,
1805 4537 2027 4608 quantis

2203 4551 2276 4603 Z'.
2310 4549 2553 4614 Μάθετε,
2583 4545 2629 4605 ὦ
2656 4553 2973 4624 τιμιώτατοι
3005 4553 3125 4625 Θεῷ
3165 4556 3509 4626 μονάζοντες,
3535 4563 3706 4615 πόσων

447 4656 544 4696 vos
569 4642 714 4696 curis
728 4638 978 4694 Christus
999 4635 1308 4706 expedivit!
1339 4633 1532 4689 discite
1553 4643 1782 4702 quantas
1817 4632 1971 4686 vitast

2182 4641 2280 4709 μᾶς
2310 4641 2683 4712 περιστάσεων
2715 4645 2949 4716 Χριστὸς
2973 4646 3363 4718 ἠλευθέρωσεν·
3399 4649 3596 4719 μάθετε
3619 4652 3706 4704 πό-

446 4731 822 4788 calamitates!
859 4728 1050 4784 discite
1073 4727 1217 4797 quod
1247 4725 1370 4779 vitae
1403 4739 1573 4794 genus
1603 4723 1832 4794 ingressi
1855 4725 1970 4780 esti:

2179 4749 2235 4795 ις
2270 4734 2559 4805 συμφορὰς
2611 4737 2958 4809 ἐκερδάνατε·
3008 4740 3184 4808 γνῶτε
3222 4733 3333 4794 οἷον
3387 4741 3703 4813 μετέρχεσθε

449 4821 585 4877 Nam
623 4829 803 4875 vestra
838 4817 1177 4874 conversatio
1225 4814 1468 4884 angelica
1520 4823 1626 4871 est.
1667 4812 1837 4869 Sicuti
1877 4817 1973 4870 eni.

2177 4824 2266 4878 ἴον·
2314 4825 2589 4893 ἰσάγγελοι
2618 4829 2742 4881 ἐστε
2771 4832 2837 4900 τῇ
2889 4829 3154 4903 πολιτείᾳ·
3198 4831 3386 4904 ὥσπερ
3426 4812 3536 4905 γὰρ
3570 4837 3701 4906 ἐντῇ

448 4928 573 4968 cum
627 4911 822 4966 mortui
875 4909 1291 4972 resurrexeriut,
1343 4907 1397 4960 hi
1439 4921 1600 4974 neque
1637 4905 1827 4959 nubent
1859 4924 1972 4977 ncqt

2179 4917 2421 4970 mutauit
2437 4917 2544 4970 τῶν
2558 4919 2765 4991 νεκρῶν
2784 4921 2921 4975 οὔτε
2937 4924 3378 4992 γαμοῦσινοϋτε
3403 4927 3703 4994 γαμίσκον-

452 5005 732 5068 nubentur,
781 5002 869 5056 sed
901 5003 1036 5055 sicut
1090 4998 1265 5068 angeli
1304 4999 1360 5051 in
1412 4997 1540 5052 c0310
1576 4997 1713 5064 justi
1744 4998 1974 5067 degent‘

2175 5024 2244 5071 αι,
2259 5009 2397 5062 ἀλλ’
2415 5011 2496 5077 ὡς
2517 5011 2762 5081 ἄγγελοί
2775 5017 2936 5068 εἰσιν
2955 5016 3024 5069 ἐν
3040 5015 3276 5084 adpare?)
3289 5019 3342 5070 οἱ
3365 5017 3601 5072 δίκαιοι·
3618 5021 3699 5072 τὸν

449 5093 530 5148 sic
558 5102 611 5147 et
651 5093 792 5147 banc
838 5093 1117 5146 convictus
1153 5089 1418 5143 rationem
1461 5089 1654 5152 secuti,
1693 5085 1905 5142 fervore
1935 5103 1973 5141 vi

2175 5100 2291 5153 ύτὸν
2313 5101 2514 5171 τρόπον
2536 5103 2630 5156 καί⁵
2661 5103 2818 5174 ὑμεῖς
2833 5105 2974 5160 οὕτω
2994 5124 3057 5159 συ
3066 5108 3464 5178 μ6ιοτεύοντες,
3485 5111 3699 5180 προελά-

451 5196 564 5240 stro
591 5201 701 5240 rem
734 5185 972 5240 futuram
1001 5182 1441 5254 praeoccupastis.
1476 5179 1607 5247 Quis
1641 5196 1768 5248 ergo
1797 5195 1888 5235 vos
1916 5198 1975 5237 ne

2172 5209 2254 5244 ετε
2280 5191 2357 5271 τῷ
2389 5194 2538 5266 πόθῳ
2585 5195 2647 5249 τὸ
2684 5196 2962 5268 ἐσόμενον·
3005 5198 3089 5262 τίς
3117 5200 3295 5254 τοίνυν
3329 5200 3432 5254 οὐκ
3457 5179 3538 5254 ἂν
3566 5202 3696 5272 ὑμὰ

453 5278 636 5330 beatos
688 5275 1031 5345 depraadieet,
1058 5274 1148 5344 qui
1175 5272 1344 5327 vitam
1385 5272 1520 5327 adeo
1567 5271 1977 5326 sollicitudinibt

2174 5269 2489 5355 ακαρίσειεν
2533 5289 2945 5359 ἀπερίσπαστον
2973 5289 3262 5361 ἑλομένους
3304 5290 3452 5361 βίον;
3482 5293 3565 5356 τίς
3603 5269 3696 5346 οὐκ

454 5383 678 5421 vacuam
702 5367 976 5437 elegistis?
1001 5368 1133 5433 Quis
1165 5375 1400 5421 vestram
1424 5358 1479 5419 in
1503 5364 1705 5418 eretnis
1741 5379 1845 5418 nou
1879 5379 1978 5418 amt

2167 5393 2194 5426 v
2228 5375 2537 5440 ἀποδέξοιτο
2556 5358 2710 5448 ὑμῶν
2738 5380 2837 5451 τὴν
2863 5381 2920 5434 ἐν
2953 5358 3181 5452 ἐρήμοις
3227 5358 3471 5450 δίαιτανς
3496 5383 3578 5447 τίς
3605 5386 3691 5437 οὐν

455 5457 658 5512 vitam?
679 5457 808 5525 Quis
833 5457 1272 5528 tranquillitatem
1297 5458 1436 5512 hanc
1453 5465 1686 5510 vestram
1709 5470 1814 5509 non
1843 5455 1979 5510 (Περι

2167 5482 2193 5516 ν
2233 5466 2388 5537 ὑμῶν
2422 5468 2674 5542 ποθήσειε
2702 5469 2800 5541 τὴν
2831 5471 3091 5543 ἡσυχίαν;
3142 5471 3499 5547 βουλευτήρια
3531 5474 3584 5528 ἐν
3609 5474 3691 5538 πή-

519 5665 568 5701 “
608 5665 766 5726 Prov.
796 5685 884 5729 xv.
918 5673 1002 5728 l7.
1081 5675 1126 5708 δ’
1176 5673 1358 5733 Eccle;
1395 5689 1450 5738 v,
1493 5674 1581 5731 ll.
1657 5675 1701 5706 δ’
1736 5673 1930 5731 Matth.
1962 5689 2097 5741 uti,
2134 5675 2224 5731 20.
