3860 6338
135 239 260 296 935

1163 249 1223 305 S.
1265 249 1671 312 SERAPIONIS
1710 254 1929 311 EPIST.
1984 257 2075 313 AD
2114 258 2417 318 MONACH.

3327 274 3424 331 9'."

135 356 301 409 λεσιν
331 361 745 430 συγκροτεῖται,
773 361 869 415 καὶ
898 362 1155 437 ζητήσεις
1176 369 1306 441 περὶ
1354 370 1649 437 πολιτείας·
1672 374 1717 426 τί

1857 376 2008 446 piat?
2033 377 2270 435 Consilia
2316 381 2372 435 in
2421 380 2729 437 civitatibus
2762 386 3053 454 agitantur,
3083 394 3135 442 ct
3166 388 3232 445 de
3271 393 3428 449 rebus

132 449 446 519 ὀρχηστῶν
474 452 575 506 καὶ
599 451 914 524 μιμολόγων
940 456 1036 511 καὶ
1065 458 1315 530 αὐλητῶν
1349 463 1619 534 ἐμπλήσει
1653 480 1752 532 γα-

135 543 386 613 στέραςς
413 543 502 608 τίς
525 545 786 619 ἀθέσμοις
814 549 1074 622 θεωρίαις
1107 553 1201 606 καὶ
1236 555 1493 625 ματαίαις
1523 555 1749 610 κενώσει

134 633 239 685 τὸν
256 633 529 702 πλοῦτονς
554 638 651 691 καὶ
672 639 773 710 τῆς
795 639 1002 696 τούτων
1020 642 1251 714 ἐρεύνης
1276 645 1433 716 ὑμεῖς
1455 646 1612 709 ἐκτός
1626 647 1748 699 ἐστε

132 721 237 776 διὰ
264 726 360 777 τὸν
390 726 623 798 Κύριον·
658 728 946 801 δημοσίαις
992 730 1413 807 λειτουργίαιςῆ
1446 735 1749 801 πολιτικαῖς

134 810 247 879 οὐχ
294 811 625 878 ύπόκεισθε,
679 816 803 870 οὐδὲ
854 818 979 891 χεὶρ
1027 822 1323 893 φορολόγου
1369 823 1541 895 θύραν
1602 827 1747 891 τινὸς

135 899 309 969 ὑμῶν
354 904 550 975 κρούει
584 906 671 959 ἵνα
696 907 848 973 τέλος
869 910 1273 984 καταδράσητε·
1297 914 1473 980 οὐδεῖς
1508 916 1654 987 ὑμᾶς
1687 918 1746 970 ἐν

134 996 483 1068 πραιτωρίῳ
507 996 677 1064 ἐλκει,
716 994 805 1053 οἷα
837 1002 1147 1073 συμϐαίνει,
1172 1006 1287 1059 ἀλλ’
1311 1006 1432 1061 οὐδὲ
1458 1008 1744 1081 δεσμωτή-

133 1100 261 1155 ριον
287 1087 554 1158 οἰκήσετε
596 1092 1114 1165 συκοφαντούμενοι,
1157 1096 1273 1150 ἀλλ’
1300 1098 1422 1152 οὐδὲ
1453 1099 1665 1164 κλοιοὺς
1693 1101 1743 1153 οἱ

133 1176 308 1242 πόδες
336 1179 500 1250 ὑμῶν
543 1181 808 1252 δέξονται,
857 1189 1352 1260 συκοφαντούμενοι
1395 1194 1607 1264 μεγάλα
1655 1195 1744 1250 ἵνα

129 1269 386 1340 δημόσια
453 1274 718 1346 χρήματα
775 1279 1148 1349 καταδάλητε*
1183 1284 1304 1338 οὐδὲ
1353 1284 1638 1351 καλωδίοις
1685 1288 1741 1344 αἱ

128 1364 325 1433 χεῖρες
356 1364 520 1435 ὑμῶν
546 1366 862 1440 δεθήσονται
900 1371 969 1425 δι’
1019 1373 1212 1445 ἑτέραν
1241 1375 1364 1431 τινὰ
1396 1378 1737 1450 περίστασιν·

131 1451 501 1530 στρατιωτῶν
530 1452 876 1528 διασεισμοὺς
902 1460 1002 1515 ούκ
1025 1460 1222 1529 οἴδατε,
1250 1465 1364 1519 ἀλλ’
1396 1467 1517 1521 οὐδὲ
1536 1468 1740 1535 ταξεω-

129 1537 246 1630 τῶν
278 1540 631 1614 ἀπάνθρωπα
662 1547 940 1620 κωμῴδια·
958 1551 1059 1605 οὐκ
1074 1555 1366 1625 ἐμπορίαις
1386 1558 1733 1630 μετέρχεσθε,

130 1628 226 1682 ἴνα
256 1635 388 1697 ταῖς
446 1635 756 1707 ἐπιορκίαις
788 1640 1021 1721 πλοῦτον
1050 1644 1336 1718 συνάξητε,
1383 1628 1734 1721 ἐπιστάμενοι

1853 465 2075 522 urbanis
2129 470 2582 539 disceptationes;
2616 474 2737 541 quis
2777 475 3025 543 saltator,
3068 489 3161 533 aut
3209 481 3423 549 mimus,

1851 558 1945 602 aut
2001 551 2248 607 aultedus
2284 564 2501 610 ventres
2559 556 2836 626 implebit?
2870 560 2990 628 quis
3042 556 3295 633 turpibus
3338 582 3401 622 va

1850 639 2003 694 nisve
2034 642 2361 709 spectaculis
2405 658 2536 713 opes
2584 645 2866 702 absumet?
2910 646 3006 705 His
3051 668 3264 724 quoque
3297 672 3414 712 conv

1848 728 2229 784 sultationibus
2272 746 2368 786 vos
2427 742 2648 801 propter
2709 734 2995 791 Dominum
3048 741 3208 797 alieni
3271 747 3423 814 estis,

1846 819 2044 888 quippe
2092 821 2319 890 publicis
2368 834 2461 877 aut
2502 828 2720 882 urbanis
2762 830 3081 887 ministeriis
3121 834 3423 905 immunes;

1848 925 2022 980 neque
2047 928 2235 967 manus
2263 916 2532 969 exactoris
2552 916 2693 972 fores
2717 928 2926 977 vestras
2957 922 3150 992 pulsat,
3176 936 3231 983 ut
3256 914 3421 986 vecti.-

1846 1002 1934 1073 gal
1961 1003 2213 1071 solvatis;
2266 1022 2426 1061 nemo
2473 1025 2564 1064 vos
2614 1010 2666 1063 in
2703 1017 3035 1086 praetorium,
3066 1029 3126 1074 ut
3173 1022 3254 1087 lit,
3310 1040 3397 1092 per

1847 1096 2033 1163 tra‘bit,
2068 1110 2242 1165 neque
2269 1112 2518 1155 carceres
2545 1105 2833 1165 calumniis
2871 1110 3229 1168 circumventi
3265 1116 3418 1172 incum

1843 1185 1975 1254 litis,
2006 1201 2179 1257 neque
2229 1189 2406 1246 ferrea
2436 1197 2694 1264 compede
2722 1203 3045 1268 gravamini,
3075 1206 3262 1275 grandi
3311 1210 3418 1265 cri-

1842 1280 2007 1345 ntine,
2039 1290 2164 1348 puta
2199 1280 2265 1337 de
2298 1288 2624 1353 repetundis,
2656 1291 2884 1359 pulsati;
2913 1308 3084 1365 neque
3111 1298 3263 1355 vobis
3303 1316 3416 1355 ma-

1842 1382 1944 1444 nus
1974 1368 2268 1436 quamlibet
2294 1371 2452 1427 aliam
2483 1375 2552 1429 ob
2579 1392 2795 1434 causam
2827 1383 3162 1442 vinciuntur:
3188 1389 3416 1447 militum

1838 1460 2223 1515 concussiones
2274 1478 2379 1518 non
2413 1466 2679 1531 patimini,
2711 1483 2886 1538 neque
2926 1477 3291 1543 apparitorum
3327 1480 3415 1533 in-

1838 1552 2105 1609 humanas
2131 1556 2524 1626 exagitationes
2553 1576 2567 1613 :
2602 1574 2961 1620 mercaturam
2992 1583 3095 1623 non
3126 1573 3411 1638 exercetis,

1837 1650 1897 1695 ut
1939 1644 2189 1713 perjuriis
2240 1662 2377 1717 opes,
2418 1650 2735 1720 cumuletis;
2770 1656 2906 1710 satis
2936 1659 3090 1727 gnari
3149 1664 3413 1730 potiorem

128 1724 400 1792 κρεῖσσον
427 1724 608 1796 ὀλίγον
638 1728 716 1800 τῷ
737 1729 925 1804 δικαίῳ
959 1734 1100 1808 ὑπὲρ
1139 1737 1367 1795 πλοῦτον
1397 1743 1717 1815 ἀμαρτωλῶι

1835 1748 1954 1788 esse
1979 1750 2091 1791 rem
2129 1746 2342 1793 tenuem
2386 1741 2543 1810 justi,
2590 1759 2751 1813 quam
2805 1748 3022 1805 divitias
3067 1765 3411 1820 peccatorum

128 1813 330 1867 πολύν·
364 1815 729 1885 καθεύδοντας
762 1823 910 1895 ὑμᾶς
941 1826 1226 1900 δανειστὴς
1239 1832 1341 1886 οὐκ
1373 1813 1728 1904 ἐξυπνίσειεν,

124 1908 498 1978 γραμμάτιον
551 1913 850 1987 ἐπιφέρων,
905 1917 1028 1971 οὐδὲ
1081 1919 1359 1988 λιόέλλους
1409 1927 1535 1981 καθ’
1577 1929 1730 2000 ὑμῶν

126 1997 360 2089 γράψας
412 2001 636 2074 ἄρχοντι
692 2008 1056 2081 παρέστησεν·
1119 2014 1240 2068 ούδέ
1295 2016 1501 2089 πλῆθος
1556 1997 1730 2075 τόκων

125 2088 373 2145 ἀπαιτού
386 2110 537 2163 μενοι
557 2097 877 2162 ἐστενάξατε
890 2114 905 2129 ’
928 2100 1044 2154 ἀλλ’
1064 2103 1183 2158 οὐδὲ
1207 2104 1473 2162 θάλατταν
1487 2109 1730 2166 δεδοίκα-

124 2196 213 2245 τε,
250 2182 331 2255 μὴ
362 2184 562 2256 ἀθρόον
606 2188 922 2260 χειμάσασα
968 2192 1222 2250 ἀπολέσει
1271 2197 1362 2252 τὸν
1395 2200 1612 2273 φόρτον,
1635 2205 1730 2259 καὶ

126 2274 309 2347 πένης
338 2279 687 2352 παραχρῆμα
709 2283 739 2336 ό
767 2282 1019 2351 πλούσιος
1047 2286 1264 2361 εὑρεθῇ.

199 2451 293 2507 ιιι.
339 2454 530 2509 Ταῦτα
565 2457 663 2512 τοῦ
698 2458 815 2529 βίου
846 2461 916 2516 τὰ
949 2446 1379 2537 ἐπιτηδεύματα,
1412 2464 1590 2524 ταῦτα
1632 2470 1724 2524 τοῦ

125 2544 253 2613 βίου
281 2546 353 2600 τὰ
375 2547 697 2621 πράγματα,
727 2553 900 2609 ταῦτα
928 2557 979 2609 οί
1003 2556 1167 2630 γάμῳ
1201 2559 1564 2630 συναφθέντες

125 2640 416 2711 μένουσινυ
440 2644 601 2714 ὑμεῖς
625 2645 682 2700 δὲ
695 2646 753 2700 ἐν
767 2649 961 2721 ἐρήμῳ
985 2652 1089 2704 ἀπε
1098 2653 1380 2723 ρίσπαστοι
1408 2640 1721 2723 διατελεῖτε,

126 2732 300 2802 μόνου
347 2732 607 2806 λαμπροῦ
640 2734 757 2806 βίου
800 2738 1242 2811 ἐπιμελούμενον
1274 2741 1320 2795 ὣ
1362 2743 1538 2816 πόσης
1559 2745 1725 2816 τιμῆς

123 2822 412 2895 ὑπεροχὴν
465 2824 581 2896 ἔχει
628 2826 689 2880 τὸ
716 2826 894 2901 ργιον
925 2829 1020 2883 καὶ
1053 2830 1198 2902 ίερὸν
1228 2831 1383 2903 ὑμῶν
1430 2834 1651 2906 σχῆμαι
1679 2834 1724 2888 ῶ

124 2915 307 2987 πόσης
344 2915 575 2982 εὐωδίας
621 2921 1001 2993 πνευματικῆς
1040 2923 1224 2976 πνέειί
1278 2923 1325 2978 ὣ
1349 2925 1580 2997 πηλίκον
1628 2926 1721 2981 τοῦ

123 3007 558 3078 ἐπαγγέλματος
605 3010 975 3081 ἐψηφίσασθεὶ
1027 3013 1184 3083 λόγος
1211 3016 1385 3080 οὐδεὶς
1414 3018 1720 3090 ἀνυμνῆσαι

121 3100 388 3155 δύναταιί
418 3099 466 3155 ὣ
496 3102 826 3177 ἐπάγγελμα
847 3105 1078 3177 ούρανοῦ
1102 3108 1439 3180 ἁπτόμενονί
1471 3109 1517 3164 ὣ
1544 3111 1720 3181 ἐπάγ-

121 3194 311 3265 γελμα
366 3194 487 3267 Θεῷ
535 3198 972 3269 συναπτόμενονι
1019 3198 1064 3252 ὣ
1097 3199 1424 3273 ἐπάγγελμα
1469 3203 1722 3273 ἀγγέλοις

121 3286 621 3360 ἐξεικονιζόμενονί
663 3289 708 3342 ὣ
737 3290 1062 3363 ἐπάγγελμα
1110 3292 1173 3345 τὸ
1212 3294 1331 3347 κατ’
1366 3296 1550 3349 εἰκόνα
1582 3294 1719 3349 Θεοῦ

122 3378 337 3443 σῶζονί
368 3378 414 3433 ὣ
444 3380 769 3450 ἐπάγγελμα
799 3380 920 3453 Θεῷ
936 3383 1375 3454 παρεστηκόςιῶ
1396 3385 1720 3459 ἐπάγγελμα

120 3469 243 3542 Θεῷ
292 3468 659 3542 τιμιώτατονί
716 3473 762 3527 ὣ
809 3475 1135 3547 ἐπάγγελμα
1184 3476 1252 3530 δι’
1300 3472 1363 3533 οὗ
1422 3478 1653 3545 σώζεται
1690 3482 1719 3535 ὁ

108 3563 368 3634 -κόσμοςί
419 3564 598 3635 ’Υμᾶς
619 3581 703 3629 τις
737 3566 1080 3637 μακαρίζων,
1126 3569 1353 3634 δικαίως
1385 3569 1452 3625 ἂν
1494 3570 1718 3641 λέξειεν,

120 3657 423 3728 Μακάριοι
474 3661 529 3713 ol
578 3658 804 3730 ἄμωμοι
848 3661 920 3715 ἐν
949 3659 1087 3727 ὀδῷ,
1138 3664 1195 3716 οἱ
1231 3665 1618 3734 πορευόμενοι
1650 3665 1722 3720 ἐν

117 3751 286 3819 νόμῳ
305 3751 552 3820 Κυρίουο
581 3750 772 3805 τοῦτον
795 3752 905 3824 γὰρ
930 3752 1023 3808 τὸν
1040 3753 1206 3826 νόμον
1233 3754 1564 3825 μελετῶντες
1583 3759 1617 3829 ἠ
1625 3757 1721 3829 μέ-

121 3861 225 3917 ρας
247 3845 349 3899 καὶ
379 3845 597 3910 νυκτὸς,
619 3846 700 3913 ὡς
717 3846 786 3901 τὸ
814 3846 1009 3913 ξύλον
1032 3846 1100 3917 τὸ
1129 3849 1586 3919 πεφυτευμένον
1610 3865 1722 3904 πα-

115 3936 194 4004 ρὰ
220 3935 338 4002 τὰς
374 3933 689 4003 διεξόδους
717 3935 837 3991 τῶν
865 3934 1125 4000 ὑδάτων,
1145 3935 1178 3991 ὃ
1206 3936 1316 3992 τὸν
1347 3938 1585 4007 καρπὸν
1613 3940 1722 3994 αὐ-

119 4025 227 4080 τοῦ
252 4024 441 4080 δώσει
466 4025 539 4079 έν
568 4023 753 4095 καιρῷ
779 4025 990 4087 αὑτοῦ,
1006 4026 1131 4081 -καί
1153 4026 1219 4081 τὸ
1262 4028 1505 4097 φύλλον
1533 4027 1717 4084 αὐτοῦ

118 4121 232 4172 οὐκ
258 4117 736 4188 ἀποῤῥυήσεται,
773 4119 876 4174 καὶ
905 4117 1102 4174 πάντα
1137 4119 1256 4175 ὅσα
1281 4118 1361 4175 ἂν
1398 4121 1562 4177 ποιεῖ
1581 4138 1720 4177 κατ-

117 4209 585 4278 ευοόωθήσεταν
627 4210 772 4266 οὕτω
816 4212 996 4268 τοίνυν
1042 4213 1525 4287 καρποφοροῦντες
1574 4215 1718 4288 λόγῳ

119 4303 215 4357 καὶ
245 4302 401 4376 ἔργῳ
429 4302 1046 4377 παρρησιαστικώτερον
1084 4305 1312 4361 δύνασθε
1362 4305 1541 4377 λέγειν
1572 4306 1712 4380 Θεῷ-

1835 1827 2048 1883 multas.
2085 1828 2426 1888 Dormientes
2465 1850 2559 1891 vos
2595 1838 2869 1895 fenerator
2916 1858 3021 1896 non
3060 1827 3259 1899 excitat
3285 1846 3416 1903 alla-

1835 1919 1902 1971 tis
1922 1920 2267 1989 syngraphis,
2299 1938 2474 1990 neque
2506 1925 2701 1982 oblatis
2745 1932 2962 1998 praetori
3007 1930 3204 1989 libellis
3233 1938 3284 1990 in
3324 1936 3413 2007 iu-

1833 2007 2030 2062 dicium
2059 2024 2154 2065 vos
2201 2013 2459 2082 appellat,
2510 2031 2612 2072 nec
2653 2034 2848 2075 usuras
2882 2023 3127 2094 ingentes
3157 2030 3412 2097 postulati

1831 2098 2224 2170 ingemiscitis;
2283 2107 2377 2160 sed
2428 2122 2601 2178 neque
2649 2126 2798 2166 mare
2842 2113 3167 2183 formidatis,
3210 2136 3277 2175 ne
3321 2137 3410 2178 re-

1830 2202 1992 2261 pcute
2057 2203 2376 2266 tempestate
2436 2213 2763 2258 commotum
2813 2221 3048 2262 mercem
3099 2211 3408 2281 absorbent,

1829 2292 1883 2338 et
1940 2301 2146 2358 pauper
2196 2290 2378 2347 subito
2421 2292 2857 2364 deprehendatur
2913 2299 3006 2368 qui
3041 2299 3245 2359 divitiis
3293 2305 3411 2374 pol-

1828 2373 1971 2431 lebat
1987 2418 2002 2433 .

1902 2465 2034 2523 VIII.
2066 2468 2158 2527 Ha:
2194 2483 2320 2527 sunt
2363 2474 2647 2533 mundana:
2672 2489 2797 2535 vna:
2831 2481 3240 2552 sollicitudines,
3293 2487 3409 2542 haec

1835 2561 2151 2630 quotidiana
2199 2567 2433 2636 negotia,
2471 2568 2587 2624 haec
2623 2569 2699 2624 illi
2730 2572 3003 2629 sustinent
3028 2577 3118 2645 qui
3158 2576 3409 2647 coningio

1830 2653 2162 2711 vinciuntur.
2187 2655 2298 2714 Vos
2326 2668 2504 2716 autem
2532 2663 2586 2717 in
2619 2678 2805 2720 eremo
2835 2666 2994 2722 nullis
3034 2667 3181 2724 curis
3206 2668 3407 2723 distra—
3439 2728 3449 2738 ,

1825 2746 1899 2800 cti
1933 2746 2245 2814 versamini,
2305 2752 2371 2806 de
2423 2752 2547 2808 vita:
2583 2761 2791 2811 tantum
2826 2758 3059 2827 puritate
3093 2758 3329 2815 solliciti.
3357 2760 3406 2818 0

1823 2853 1985 2908 quam
2020 2841 2169 2896 omni
2198 2845 2374 2913 pretio
2397 2845 2568 2916 major
2597 2858 2682 2903 est
2711 2857 2890 2904 vester
2907 2851 2994 2906 hic
3026 2863 3407 2910 sacrosanctus

1825 2930 2073 2988 habitus!
2118 2944 2377 3003 quantam
2438 2939 2646 2994 redolet
2685 2932 3002 2997 suavitatem
3056 2943 3399 3016 spiritalem!

1825 3023 1995 3091 Quale
2051 3036 2425 3098 quantumque
2478 3032 2804 3100 promissum
2860 3033 3204 3100 exhibuistis,
3257 3035 3404 3091 nulla

1824 3116 1998 3170 oratio
2026 3117 2160 3171 satis
2186 3117 2466 3173 celebrare
2487 3118 2650 3175 valet.
2679 3120 2726 3176 Ο
2749 3123 3074 3192 promissum
3098 3126 3246 3181 omni
3272 3141 3403 3182 cura

1822 3205 2083 3262 liberum!
2115 3224 2147 3263 ο
2179 3211 2505 3276 promissum
2555 3212 2751 3267 coelum
2779 3214 2952 3283 ipsum
2981 3217 3271 3287 attingens,
3298 3221 3406 3274 Deo

1820 3299 2204 3368 promissoretn
2238 3300 2514 3371 copulans,
2554 3311 2611 3358 et
2663 3304 2974 3372 angelorum
3025 3308 3253 3362 similem
3292 3309 3407 3365 eiii-

1821 3387 2002 3443 ciens!
2031 3386 2076 3444 Ο
2104 3388 2452 3457 promissum,
2488 3392 2630 3459 quod
2658 3392 2712 3447 in
2745 3392 2960 3450 homine
2984 3394 3079 3452 Dei
3114 3398 3401 3467 imaginem

1824 3495 2130 3546 conservat,
2165 3483 2551 3555 hominemque
2582 3485 2649 3539 ad
2685 3487 2852 3541 Deum
2898 3490 3153 3546 adducit!
3204 3490 3250 3547 0
3276 3507 3403 3561 pro-

1824 3572 2047 3628 missum
2078 3588 2260 3629 coram
2321 3574 2431 3632 Deo
2485 3579 2962 3647 pretiosissimum!
2998 3582 3042 3639 0
3073 3585 3398 3652 promissum

1822 3664 2053 3733 denique
2096 3666 2253 3736 cujus
2301 3669 2469 3737 gratia
2521 3670 2752 3725 nmndus
2810 3675 3087 3729 servatur!
3147 3674 3400 3745 Quisquis

1821 3767 2056 3810 vestram
2081 3757 2467 3814 beatitudinem
2500 3761 2834 3829 praedicabit,
2869 3774 3016 3820 recte
3043 3764 3217 3822 dicet:
3245 3766 3400 3823 Beati

1818 3848 2143 3904 immaculati
2193 3850 2249 3905 in
2280 3850 2384 3917 via,
2425 3855 2513 3923 qui
2545 3852 2815 3908 ambulant
2846 3856 2900 3909 in
2930 3855 3039 3925 lege
3090 3858 3303 3914 Domini
3329 3859 3397 3917 “.

1821 3939 1899 3996 De
1926 3940 2030 3996 hac
2068 3942 2212 3996 enim
2253 3942 2370 4012 lege
2412 3945 2501 3998 diu
2537 3957 2807 4016 noctuque
2848 3948 3192 4016 meditantes.
3231 3952 3401 4007 instar

1816 4033 2025 4089 arboris
2049 4034 2203 4091 eritis
2246 4034 2474 4104 plantati
2512 4053 2658 4092 secus
2689 4039 2941 4096 decursus
2970 4057 3253 4113 aquarum.
3281 4062 3400 4115 qute

1818 4125 2050 4195 fructum
2090 4129 2362 4197 proprium
2388 4129 2536 4183 dabit
2566 4139 2792 4201 tempore
2819 4151 2935 4200 sua,
2970 4145 3017 4189 et
3064 4136 3253 4206 folium
3282 4138 3400 4207 ejus

1820 4234 1922 4273 non
1951 4218 2173 4285 decidet,
2201 4229 2252 4274 et
2290 4220 2547 4291 quidquid
2576 4222 2777 4291 fecerit,
2818 4225 3041 4295 feliciter
3065 4232 3305 4282 succedet
3329 4228 3396 4283 ".

1821 4306 1912 4365 Sic
1930 4324 2058 4382 ergo
2090 4310 2271 4367 verbis
2309 4320 2364 4367 et
2397 4327 2566 4382 opere
2606 4314 3013 4383 fructiﬁcantes,
3039 4320 3400 4376 conﬁdentius

118 4396 448 4467 Καταϐήτω
498 4396 825 4467 ἀδελφιδός
844 4416 965 4469 μου
1011 4401 1099 4466 είς
1129 4398 1332 4470 κῆπον
1358 4402 1569 4467 αὐτοῦ,
1612 4402 1712 4456 καὶ

1831 4401 2001 4459 licere
2048 4403 2157 4457 Deo
2200 4403 2471 4471 potestis:
2526 4397 2821 4459 Descendat
2875 4409 3129 4476 patruelis
3158 4425 3301 4463 meus
3341 4411 3398 4464 in

117 4490 357 4561 φατέτω
404 4490 643 4559 καρπὸν
693 4491 1041 4563 ἀκροδρύων
1084 4493 1292 4548 αὐτοῦ’
1323 4493 1556 4558 ἕκαστος
1603 4494 1713 4567 γὰρ

119 4583 302 4656 ὑμῶν,
347 4576 396 4638 ὦ
438 4581 787 4655 ἀξιοπόθητοι
832 4582 952 4656 Θεῷ
1001 4586 1348 4656 μονάζοντες,
1379 4584 1560 4656 κῆπος
1589 4587 1713 4640 ἐστε

119 4674 363 4749 Χριστοῦ
398 4672 756 4731 παντοδαπῶν
804 4677 1037 4752 δένδρων
1097 4678 1215 4752 εἴδη
1263 4680 1556 4752 περιέχων,
1592 4683 1713 4746 ταῖς

120 4771 214 4826 τοῦ
248 4771 422 4843 νόμου
450 4769 722 4840 φυλακαῖς
752 4771 848 4825 καὶ
874 4772 1116 4836 ἐντολαῖς
1136 4772 1573 4845 γεωργούμενος·
1611 4773 1712 4827 οὐκ

119 4865 246 4918 ἐστὲ
264 4862 475 4935 δρυμὸς
503 4861 680 4930 ξύλων
721 4864 809 4918 ἵνα
845 4864 1015 4937 ἄγρια
1058 4864 1225 4937 θηρία
1255 4867 1313 4919 ἐν
1345 4866 1476 4937 ὑμῖν
1503 4865 1711 4938 ἐνοικήο

120 4974 208 5028 σῃ.
233 4956 346 5010 τῶν
382 4956 642 5011 ἐναντίων
673 4956 957 5027 δυνάμεων
986 4955 1047 5009 τὸ
1090 4955 1386 5027 αἱμοϐόρον
1435 4956 1708 5028 σύστημα*

119 5046 254 5102 ἀλλὰ
281 5045 394 5118 γὰρ
425 5046 602 5118 κῆπος
643 5046 1028 5118 κεκλεισμένος
1060 5045 1231 5112 λίθοις
1268 5047 1475 5120 τιμίοις
1497 5047 1598 5120 τὴν
1646 5049 1712 5101 ἐκ

118 5139 210 5194 τοῦ
249 5140 420 5211 νόμου
452 5137 699 5210 φυλακὴν
728 5140 825 5194 καὶ
851 5126 1174 5210 ἀσφάλειαν·
1208 5140 1291 5193 διὸ
1322 5140 1424 5195 οὐκ
1460 5142 1710 5211 ἐγένεσθε

122 5232 462 5305 ζωγρήματα
505 5230 600 5284 τοῦ
632 5230 905 5298 διαϐόλου,
945 5233 1062 5287 ἀλλ’
1087 5234 1492 5307 ἐσαγηνεύθητε
1517 5239 1583 5308 τῇ
1612 5253 1711 5291 σα⁹

122 5327 262 5399 γήνῖὶ
288 5322 385 5378 τοῦ
421 5322 659 5396 Χριστοῦ
691 5325 758 5378 ὲκ
792 5325 896 5396 τῆς
924 5326 1177 5400 ἁλμυρᾶς
1205 5327 1299 5382 τοῦ
1333 5327 1540 5400 κόσμου
1572 5330 1699 5385 ἀκα-

120 5416 436 5480 ταστασίας.

185 5512 242 5565 Θ¹
319 5512 381 5566 Ὅ
418 5511 586 5586 γάμῳ
615 5507 886 5568 κοινωιῶν
914 5513 1044 5584 περὶ
1072 5512 1243 5569 πολλὰ
1279 5512 1569 5587 μερίζεται
1604 5515 1705 5589 τὴν

187 5717 233 5753 ⁸⁸
260 5717 406 5778 Psal.
435 5734 628 5785 cst'tu,
657 5719 708 5778 l.
784 5719 829 5752 ”
865 5717 1011 5775 Psal.
1038 5733 1079 5786 I,
1104 5717 1160 5787 2,
1192 5719 1247 5775 5.
1323 5719 1370 5752 "
1406 5718 1564 5776 Cant.
1592 5736 1645 5790 γ,
1680 5721 1733 5779 Ι.

1817 4495 2027 4547 [tortum
2055 4508 2232 4557 suum,
2255 4493 2635 4564 manducetque
2657 4495 2884 4566 fructum
2903 4498 3242 4569 juglandium
3269 4517 3399 4557 sua-

1817 4601 1934 4639 rum
1967 4584 2034 4639 “.
2071 4585 2319 4641 Vestrum
2344 4586 2490 4641 enim
2528 4589 2922 4660 unusquisque,
2955 4605 2990 4647 ο
3026 4592 3220 4649 merito
3242 4593 3394 4650 cltari

1815 4675 1927 4732 Deo
1970 4677 2244 4741 monachi,
2298 4677 2488 4734 hortus
2518 4676 2719 4733 Christi
2768 4681 2902 4735 estis
2940 4696 3101 4736 omne
3138 4683 3395 4737 arborum
3472 4694 3483 4701 '

1816 4782 1990 4840 genus
2042 4768 2348 4838 continens,
2407 4770 2543 4842 legis
2602 4782 3102 4846 praeceptorumque
3152 4776 3395 4831 custodia

1816 4861 2082 4919 excultus.
2114 4861 2231 4919 Non
2267 4864 2402 4921 estis
2428 4866 2681 4922 arborum
2713 4868 2883 4923 saltus
2915 4868 2968 4922 in
3004 4883 3108 4937 quo
3141 4868 3267 4924 fera:
3305 4873 3400 4928 sil-

1815 4964 2027 5011 vestres
2050 4955 2371 5035 inltabitent,
2388 4957 2819 5013 adversariarum
2842 4960 3045 5014 scilicet
3070 4969 3398 5028 potestatum

1815 5059 1989 5105 coetus
2042 5048 2533 5121 sanguinolentus;
2596 5052 2691 5107 sed
2756 5051 2945 5107 hortus
3001 5051 3397 5121 circumseptus

1814 5147 1947 5203 estis
1981 5148 2235 5218 pretiosis
2268 5149 2557 5219 lapidibus,
2587 5149 2720 5221 legis
2750 5149 3004 5205 nimirum
3057 5150 3303 5207 custodia
3350 5164 3398 5207 et

1816 5238 2088 5308 praesidio.
2137 5238 2500 5305 Quamobrem
2547 5244 2726 5311 praeda
2783 5242 2979 5297 diaboli
3032 5258 3137 5298 non
3190 5242 3397 5306 fuistis.

1817 5331 1910 5386 sed
1948 5333 2000 5386 in
2034 5331 2236 5390 Christi
2271 5322 2525 5406 sagenam
2548 5348 2618 5390 ex
2647 5349 2830 5390 amara
2856 5334 3043 5392 mundi
3078 5344 3399 5409 tempestate

1815 5423 2107 5481 incidistis.

1883 5517 1973 5573 ΙΧ.
2018 5518 2120 5586 Qui
2184 5520 2348 5575 vitam
2429 5521 2765 5594 coniugalem
2838 5533 3098 5589 sectatur,
3155 5533 3393 5579 mentem
