3860 6320
443 265 550 324 935
1478 274 1482 278 ‘
1543 262 1812 319 PATRES
1844 258 2147 316 EGYPTII
2184 260 2458 319 SIECULI
2494 262 2582 322 IV.
3640 277 3760 332 97,6

448 397 603 439 suam
631 383 698 436 ad
730 380 974 434 diversas
1001 394 1158 434 curas
1188 362 1445 449 partitur,
1476 388 1531 432 ut
1561 380 1637 432 ait
1664 377 1864 433 Paulus
1889 397 1901 433 :
1932 375 2035 445 Qui

2144 377 2395 445 διάνοιαν,
2437 378 2512 444 ὡς
2546 380 2692 451 λέγει
2747 380 2987 446 Παῦλος·
3032 384 3086 438 '0
3119 382 3189 439 δέ
3235 384 3433 457 γήμας
3468 393 3753 463 μεριμνᾷ

441 488 658 529 uxorem
695 473 869 539 duxit,
902 473 1091 542 cogitat
1131 487 1191 525 ea
1220 487 1338 542 qua
1376 480 1498 525 sunt
1531 472 1737 536 mundi,
1771 471 2035 544 quomodo

2144 469 2205 524 τὰ
2242 470 2348 525 τοῦ
2388 472 2647 541 κόσμου,
2688 471 2815 539 πῶς
2836 471 3043 543 ἁρέσει
3082 471 3152 543 τῇ
3187 480 3449 546 γυναικὶ,
3480 483 3591 536 καὶ
3624 492 3751 552 ’με-

443 564 651 634 femimz
697 580 809 619 sure
856 563 1085 634 placeat,
1116 572 1166 618 et
1201 564 1398 618 divisus
1451 573 1527 617 est
1552 565 1620 618 ".
1671 562 1781 620 Vos
1813 579 1960 629 vero,
2000 578 2034 617 ο

2144 561 2428 630 ιιέρισται·
2465 563 2620 617 αὐτοὶ
2658 563 2714 616 δὲ
2739 605 2754 629 ,
2797 558 2844 618 ὦ
2891 565 3183 637 θαυμάσιοι
3227 567 3347 641 Θεῷ
3387 572 3752 644 γλιχόμενοι,

444 655 794 711 admirabiles
832 656 1045 724 Deoque
1096 655 1380 723 amabiles,
1419 657 1487 709 ab
1521 672 1588 711 eo
1629 672 1903 727 nunquam
1946 656 2031 712 di-

2144 653 2432 725 ixtbpta'mt
2477 654 2645 711 αὐτοῦ
2689 655 3004 721 διατελεῖτε,
3043 659 3133 712 ἀεὶ
3176 658 3425 729 λέγοντες
3472 664 3536 717 τὸ
3588 667 3755 735 παρὰ

445 748 604 813 vulsi,
638 762 851 819 semper
894 749 947 803 id
990 748 1171 804 dicitis
1206 748 1348 818 quod
1392 750 1557 805 David
1599 750 1806 806 fervido
1838 754 2035 807 mentis

2144 744 2227 799 τοῦ
2275 744 2440 799 Δαϐὶδ
2497 745 2647 819 πόθῳ
2700 746 3018 820 εἰρημένον·
3069 749 3397 822 Ἐκολλήθη
3450 756 3492 823 ἠ
3556 757 3753 826 ψυχή

444 839 640 895 all'eclu
687 841 869 895 aiebat
909 858 924 896 :
972 840 1209 895 Adltwsit
1264 841 1447 896 anima
1485 858 1601 896 mea
1649 854 1767 913 post
1816 852 1902 909 te,
1955 859 2035 899 me

2144 854 2247 901 μου
2304 838 2496 891 ὀπίσω
2546 854 2684 904 σου,
2748 838 2897 909 ἐμοῦ
2945 840 3014 894 δὲ
3068 841 3428 900 ἀντελάϐετο
3470 846 3509 914 ἠ
3561 847 3756 912 δεξιὰ

445 946 562 984 vero
614 931 837 998 suscepit
885 931 1099 986 dextera
1132 942 1225 986 tua
1249 931 1321 986 ".
1375 930 1492 988 Non
1539 934 1683 988 euitu
1732 948 1912 1002 agros,
1945 942 2035 988 aut

2144 947 2283 985 σου·
2313 931 2372 984 οὐ
2408 932 2518 1004 γὰρ
2557 932 2732 986 ὀπίσω
2776 934 2962 1007 ἀγρῶν
2990 935 3023 1007 ἦ
3058 937 3244 991 οἰκιῶν
3275 938 3309 1010 ἢ
3339 939 3538 1011 ἐτέρας
3590 940 3755 1002 τινος

447 1026 669 1088 dumos,
714 1030 809 1077 aut
856 1023 1077 1092 quasvis
1117 1022 1254 1078 alias
1297 1023 1590 1079 facultates
1635 1024 1817 1080 studio
1857 1034 2035 1080 vestro

2144 1022 2319 1087 οὐσίας
2370 1022 2726 1094 έπορεύθητε,
2776 1025 2862 1079 ἵνα
2906 1026 3080 1082 ταῦτα
3142 1028 3548 1095 καταλαϐόντες
3602 1034 3752 1104 κτή-

450 1115 718 1184 prosecuti
756 1115 908 1179 estis,
960 1124 1018 1169 ut
1063 1115 1272 1185 adeptis
1312 1114 1664 1180 frueremini;
1714 1117 1809 1171 sed
1861 1130 2035 1184 neque

2144 1113 2298 1183 σησθε
2322 1130 2336 1144 ·
2374 1115 2485 1168 ἀλλ’
2510 1115 2630 1169 οὐδὲ
2668 1116 2844 1172 ὀπίσω
2889 1118 3084 1188 ἀλόγου
3124 1120 3419 1192 ἐπιθυμίας
3469 1124 3503 1195 ἦ
3560 1142 3749 1178 κατα-

452 1208 697 1276 turpibus
732 1207 1095 1277 cupidinibus,
1125 1222 1301 1278 neque
1335 1206 1664 1270 maledictis,
1700 1221 1872 1276 neque
1904 1220 2034 1259 ava-

450 1297 607 1359 ritite,
655 1280 965 1367 nequeralii
1005 1297 1181 1351 cuivis
1233 1295 1409 1350 fraudi
1466 1296 1799 1362 iudulsistis;
1842 1296 1938 1350 setl
1982 1296 2032 1350 id

448 1389 592 1456 quod
635 1388 896 1457 scriptum
942 1393 1024 1442 est
1078 1386 1310 1457 egistis:
1359 1385 1485 1440 Post
1539 1386 1817 1440 Dominum
1868 1386 2033 1440 Deum

360 1484 369 1487 ’
450 1488 601 1532 tuum
634 1476 950 1544 ambulabis,
981 1488 1026 1531 et
1063 1476 1141 1530 illi
1197 1477 1488 1531 adhwrebis
1515 1477 1594 1544 ‘3;
1646 1493 1819 1549 eaque
1871 1479 2032 1534 verba

452 1573 505 1627 itt
558 1587 668 1627 rem
710 1570 1015 1626 contulistis
1043 1568 1265 1633 :‘Vade,
1317 1571 1477 1626 vende
1513 1587 1630 1640 qua:
1677 1571 1935 1641 possides,
1984 1582 2031 1627 et

448 1661 523 1717 da
577 1663 915 1730 pauperibus,
946 1669 995 1717 et
1051 1661 1265 1716 habebis
1322 1663 1628 1717 thesaurum
1665 1663 1718 1716 in
1763 1662 1910 1726 caelo,
1946 1678 2027 1716 ve-

453 1755 608 1823 rtique
635 1729 690 1808 et
715 1770 925 1825 sequere
973 1770 1053 1809 me
1076 1754 1143 1810 “.
1184 1754 1248 1809 Et
1300 1754 1461 1824 hujus
1506 1755 1723 1824 quidem
1761 1753 1906 1808 effeti
1953 1753 2032 1806 vis
2068 1729 2108 1783 Β

454 1845 508 1899 in
544 1847 698 1901 vobis
752 1856 1015 1916 apparet,
1067 1846 1225 1914 cujus
1280 1854 1499 1901 tenaces
1558 1848 1760 1901 mutulo
1809 1846 2033 1916 ejusque

453 1935 607 1989 curis
644 1933 762 1988 vale
797 1935 1041 2001 dixistis;
1083 1934 1191 1991 Deo
1228 1951 1554 2006 magnOpere
1599 1937 1794 1991 conﬁsi
1829 1938 1920 2008 qui
1953 1939 2032 1992 di-

453 2027 533 2081 xit
560 2044 573 2080 :
606 2025 840 2092 Qumrite
865 2028 1091 2097 primum
1129 2043 1343 2101 regnum
1375 2027 1469 2081 Dei
1502 2036 1552 2082 et
1591 2027 1861 2098 justitiam
1892 2030 2030 2100 ejus,

452 2128 499 2173 et
528 2115 639 2173 haec
679 2120 855 2173 omnia
897 2118 1218 2189 adﬁcientur
1241 2120 1383 2176 vobis
1407 2120 1476 2174 ".

527 2314 596 2374 X.
631 2315 993 2385 Quamobrem
1018 2317 1267 2375 laudibus
1294 2321 1687 2392 praeconiisque
1708 2321 1852 2390 digni
1876 2321 2031 2390 esus,

454 2412 546 2480 qui
597 2413 676 2465 sic
731 2411 951 2467 Christo
996 2413 1184 2467 rudem
1255 2414 1431 2469 adhuc
1482 2416 1726 2469 auditum
1793 2424 2032 2469 vestrum

453 2501 784 2570 subiecistis,
828 2517 897 2559 ne
960 2516 1083 2556 eum
1125 2503 1308 2559 stultis
1358 2505 1498 2576 vulgi
1550 2505 2034 2561 obtrectationibus

453 2594 747 2651 obnoxium
788 2596 1080 2651 haberetis.
1108 2595 1288 2667 Atque
1339 2606 1397 2652 ut
1432 2598 1617 2653 oculos
1658 2613 1879 2669 quoque
1942 2613 2036 2653 ve-

430 2690 598 2741 'stros
633 2697 842 2743 rectum
890 2702 1142 2754 cernere,
1190 2688 1520 2759 minimeque
1575 2689 1765 2745 aliena:
1823 2688 1900 2744 rei
1950 2689 2035 2743 in-

455 2776 640 2833 videre
686 2778 975 2846 doceretis,
1021 2780 1088 2833 ad
1124 2780 1291 2834 Deum
1324 2780 1473 2849 ipsos
1514 2782 1750 2838 curastis
1779 2782 2032 2852 dirigere,

455 2884 577 2923 cum
631 2871 1038 2942 hymnograpbo
1084 2872 1253 2927 David
1306 2873 1547 2943 dicentes
1585 2891 1599 2928 :
1642 2874 1724 2928 Ad
1778 2884 1828 2929 te
1872 2874 2035 2930 levari

455 2959 635 3013 oculos
665 2960 824 3027 meos,
859 2962 951 3031 qui
981 2961 1192 3015 habitas
1226 2961 1279 3015 in
1307 2963 1433 3016 caelo
1453 2978 1472 3027 ;
1506 2978 1621 3016 ecce
1652 2970 1708 3015 ut
1745 2961 1885 3017 oculi
1927 2979 2039 3016 ser-

2131 1203 2321 1268 λαλιᾶς
2369 1206 2401 1277 ἢ
2451 1207 2875 1283 φιλαργυρίαςῆ
2912 1212 3105 1282 ἑτέρας
3143 1213 3288 1277 τινὸς
3326 1214 3576 1287 ἀπάτης,
3620 1217 3749 1270 ἀλλ’

2131 1296 2209 1360 ὡς
2242 1286 2613 1370 γέγραπται·
2673 1300 2886 1355 Ὀπίσω
2941 1305 3162 1372 Κυρίου
3230 1304 3335 1359 τοῦ
3394 1286 3547 1360 Θεοῦ
3619 1322 3750 1362 σου

2132 1390 2428 1460 πορεύσῃ,
2456 1391 2555 1445 καὶ
2590 1391 2742 1461 πρὸς
2763 1393 2953 1447 αὐτὸν
2982 1396 3505 1466 προσκολληθὴσῃ
3524 1415 3539 1427 ·
3575 1399 3751 1453 τοῦτο

2133 1480 2364 1554 ἀληθεία
2405 1483 2563 1554 ὑμεῖς
2596 1485 2963 1555 πεποιήκατε·
3001 1487 3240 1557 Ὕπαγε,
3284 1487 3587 1555 πώλησόν
3616 1508 3747 1545 σου

2131 1574 2205 1628 τὰ
2235 1574 2612 1645 ὑπάρχοντα,
2664 1577 2763 1631 καὶ
2820 1578 2925 1645 δὸς
2968 1580 3254 1648 πτωχοῖς.
3291 1581 3391 1635 καί
3425 1583 3597 1649 ἕξεις
3634 1586 3745 1652 6n-

2135 1664 2367 1732 σαυρὸν
2400 1664 2471 1717 ἐν
2522 1664 2775 1735 οὐρανῷ,
2828 1667 2928 1721 καὶ
2977 1668 3153 1736 δεῦρο
3215 1670 3541 1726 ἀκολούθει
3588 1690 3704 1742 μοι
3724 1691 3739 1703 ·

2138 1758 2233 1811 καὶ
2275 1756 2367 1812 τοῦ
2403 1761 2704 1832 ρήματοςή
2738 1761 2967 1832 δύναμις
3018 1763 3077 1816 ὲν
3112 1764 3239 1835 ὑμῖν
3286 1766 3564 1834 φαίνεται,
3606 1767 3639 1822 δ
3675 1771 3741 1824 οὗ

2140 1847 2589 1921 παραδραμόντες
2627 1851 2840 1919 παγίως
2884 1851 3228 1917 ἀπετάξασθε
3265 1856 3344 1926 τῷ
3386 1857 3584 1930 κόσμῳ
3640 1860 3745 1913 καὶ

2138 1943 2259 2004 ταῖς
2310 1941 2403 1994 τοῦ
2470 1942 2676 2013 κόσμου
2724 1944 3024 2013 φροντίσιν,
3071 1945 3192 1999 λίαν
3234 1945 3622 2021 θαρρήσαντες
3659 1949 3743 2021 τῷ

2138 2031 2347 2103 εἰπόντι
2377 2031 2495 2104 Θεῷ
2515 2049 2528 2063 ·
2564 2032 2803 2100 Ζητεῖτε
2841 2032 3075 2101 πρῶτον
3103 2036 3218 2103 τὴν
3243 2037 3586 2101 ,βασιλείαν
3620 2038 3739 2093 τοῦ

2141 2125 2289 2179 Θεοῦ
2348 2123 2449 2178 καὶ
2497 2123 2612 2193 τὴν
2659 2125 3056 2195 δικαιοσύνην
3103 2129 3325 2195 αὐτοῦ,
3378 2129 3481 2184 καὶ
3541 2131 3742 2186 ταῦτα

2139 2215 2335 2269 πάντα
2366 2215 2841 2285 προστεθήσεται
2881 2218 3039 2288 ὑμῖν.

2210 2312 2266 2364 I'.
2308 2311 2398 2364 Διὸ
2441 2311 2678 2383 ἐπαίνων
2713 2313 2808 2366 καὶ
2854 2314 3221 2385 μακαρισμῶν
3257 2315 3381 2369 ἐστε
3424 2305 3602 2382 ἄξιοι,
3638 2317 3739 2372 οὔ·

2138 2420 2245 2467 τως
2293 2401 2513 2473 Χριστῷ
2555 2402 2654 2474 τήν
2715 2403 3039 2458 ἀπαίδευτον
3087 2405 3257 2478 ἀκοὴν
3317 2407 3731 2475 ὑποτάξαντες,

2139 2494 2227 2548 ῐνα
2265 2494 2338 2566 μὴ
2376 2497 2634 2566 ματαίαις
2665 2495 2832 2567 αὐτὴν
2864 2499 3213 2563 καταλαλιαῖς
3239 2499 3731 2572 καταδουλώσητε·

2141 2590 2227 2642 ἵνα
2255 2589 2313 2643 δὲ
2359 2592 2452 2644 καὶ
2496 2593 2623 2655 τοὺς
2673 2591 2971 2662 βλέποντας
3023 2592 3176 2664 ὑμῶν
3223 2591 3534 2665 ὀφθαλμοὺς
3587 2593 3735 2667 ὀρθὰ

2141 2681 2467 2754 παιδεύσήτε
2501 2683 2575 2754 μὴ
2605 2684 2734 2755 ὲρᾷν
2769 2682 3065 2756 ἀλλοτρίων
3091 2686 3407 2756 κτημάτων,
3429 2687 3566 2758 πρὸς
3586 2686 3731 2742 Θεὸν

2140 2774 2338 2839 αὐτοὺς
2388 2776 2687 2829 ἀνατείνειν
2730 2776 3096 2849 ὲμελετήσατε
3145 2777 3281 2848 μετά
3320 2777 3413 2831 τοῦ
3445 2778 3732 2849 ὑμνογρά-

2142 2886 2242 2939 φου
2271 2868 2434 2922 Δασὶδ
2459 2868 2708 2938 λέγοντες
2730 2885 2745 2900 ·
2772 2867 2927 2939 Πρὸς
2951 2869 3027 2923 σὲ
3051 2865 3167 2939 ἦρα
3199 2869 3341 2937 τοὺς
3374 2872 3729 2943 ὀφθαλμούς

2135 2978 2276 3032 μου,
2307 2962 2415 3015 τὸν
2467 2961 2867 3016 κατοικοῦντα
2903 2962 2975 3016 ἐν
3018 2961 3099 3028 τῷ
3154 2960 3413 3031 οὐρανῷ·
3468 2957 3603 3019 ἰδοὺ
3637 2974 3727 3031 ὡς

455 3068 637 3106 eorum
682 3051 752 3105 ad
794 3069 980 3107 mamts
1011 3046 1347 3107 dominorum
1394 3070 1630 3119 suorum,
1672 3062 1729 3108 ut
1767 3054 1908 3108 oculi
1940 3073 2031 3110 au-

2144 3052 2436 3123 ὀφθαλμοὶ
2474 3052 2711 3108 δούλων
2740 3055 2829 3120 είς
2867 3052 3067 3123 χεῖρας
3106 3052 3225 3107 τῶν
3256 3055 3477 3124 κυρίων
3497 3055 3723 3123 αὐτῶν,

456 3139 595 3195 tilla:
645 3141 713 3194 ad
752 3158 941 3196 manus
993 3142 1222 3197 dominre
1270 3159 1404 3209 suat,
1450 3144 1524 3198 sic
1574 3144 1714 3199 oculi
1757 3147 1927 3200 nostri
1966 3150 2036 3201 ad

454 3231 740 3289 Dominum
763 3232 931 3287 Deum
966 3222 1224 3300 nostrum,
1249 3236 1414 3289 donec
1444 3238 1608 3289 nostri
1636 3237 1946 3292 misereatur
1964 3238 2034 3295 ".

459 3326 726 3382 Levantes
779 3335 997 3382 sanctas
1070 3342 1263 3384 manus
1316 3328 1686 3385 indesinenter
1737 3345 1926 3388 rursus
1970 3333 2038 3388 ad

456 3418 626 3474 Deum
657 3420 847 3477 soletis
876 3421 1123 3492 aspicere
1166 3436 1287 3476 cum
1320 3424 1470 3493 puris
1521 3424 1796 3493 precibus,
1831 3440 1899 3480 ne
1934 3424 2038 3481 ille

459 3512 795 3583 rapinarum,
840 3512 1109 3569 furtorum
1148 3514 1481 3569 bellorutuve
1524 3530 1631 3570 rea:
1677 3517 1843 3583 llant;
1876 3518 2039 3588 pedes

456 3615 637 3660 autem
671 3615 879 3662 vestros
917 3616 1010 3660 aut
1053 3606 1105 3661 iu
1140 3604 1234 3660 Dei
1272 3605 1532 3671 domum,
1579 3616 1675 3662 aut
1710 3608 1777 3663 ad
1815 3622 2038 3666 sancto.

458 3712 577 3749 rum
627 3694 850 3750 Patrum
894 3694 1059 3751 cellas
1103 3704 1251 3751 recto
1303 3710 1465 3751 cursu
1509 3696 1807 3766 procedere
1852 3698 2040 3755 docui-

456 3787 582 3853 stis,
619 3803 688 3841 ue
718 3787 861 3843 forte
901 3789 968 3843 ad
1001 3787 1264 3842 malitiam
1309 3799 1594 3843 currentes
1623 3787 1680 3844 in
1716 3787 1902 3847 foveas
1946 3792 2040 3852 de-

458 3879 664 3936 cidant.
697 3879 833 3935 Nam
865 3880 1009 3952 quod
1041 3881 1237 3935 attinet
1270 3879 1338 3934 ad
1370 3879 1632 3936 odoratus
1668 3883 1833 3939 vestri
1872 3884 2038 3940 iiber-

462 3981 654 4036 tatem,
684 3973 764 4026 sic
798 3972 907 4041 Deo
940 3973 1120 4027 dicere
1146 3972 1334 4028 soletis
1363 3990 1376 4026 :
1412 3971 1482 4026 In
1524 3971 1739 4028 odorem
1787 3979 2038 4047 unguenti

458 4065 538 4119 tui
569 4063 910 4117 currimus".
944 4063 1216 4118 Didicistis
1237 4063 1400 4117 etiam
1429 4071 1644 4133 gustum
1672 4064 1869 4120 vilibus
1897 4066 2038 4121 escis

457 4165 515 4210 et
542 4169 695 4224 aqua
733 4151 879 4223 potui
914 4153 1274 4219 assuefacere,
1305 4150 1510 4207 scilicet
1542 4166 1613 4207 ne
1640 4152 1845 4208 ventris
1876 4168 2036 4208 causa

459 4244 759 4305 induamini
806 4244 1101 4316 hypocrisi,
1144 4255 1198 4300 et
1244 4244 1372 4315 quia
1413 4243 1583 4299 Adam
1629 4244 1766 4315 gulae
1805 4244 2042 4301 maxime

457 4355 622 4397 causa
667 4338 930 4412 peccavit.
979 4335 1186 4393 Practer
1221 4337 1338 4394 haec
1371 4336 1554 4393 omnia
1604 4335 1861 4392 humilem
1904 4351 2041 4407 quo-

2139 3147 2219 3213 ὡς
2266 3145 2561 3217 ὀφθαλμοί
2618 3144 2944 3213 παιδίσκης
2981 3147 3070 3212 είς
3110 3146 3308 3215 χεῷας
3355 3144 3462 3213 τῆς
3510 3148 3726 3217 κυρίας

2137 3236 2363 3307 αὐτῆς,
2406 3238 2588 3304 οὕτως
2644 3239 2699 3292 οὶ
2739 3237 3034 3306 ὀφθαλμοί
3079 3234 3251 3307 ἡμῶν
3296 3238 3447 3306 πρὸς
3499 3238 3724 3306 Κύριον

2137 3330 2247 3385 τὸν
2277 3329 2426 3389 Θεὸν
2466 3327 2655 3400 ἡμῶν,
2686 3328 2797 3396 ἕως
2843 3323 2915 3385 οὗ
2956 3328 3297 3398 οίκτειρήσῃ
3337 3326 3527 3399 ἡμᾶς·
3561 3330 3721 3385 ἐπαί-

2142 3437 2325 3484 οοντες
2356 3420 2510 3484 ὁσίας
2536 3420 2725 3491 χεῖρας
2755 3417 3197 3482 άκαταπαύστως
3229 3417 3391 3472 πάλιν
3424 3420 3563 3491 πρὸς
3584 3418 3721 3473 θεὸν

2138 3509 2368 3564 εἰώθατε
2395 3508 2722 3570 ὲνατενίζειν
2752 3508 2843 3563 διὰ
2876 3508 3131 3581 καθαρῶν
3156 3509 3613 3585 προσευχῶν,θῖνα
3644 3510 3719 3581 μὴ

2140 3602 2406 3674 ἁρπαγῶν
2437 3604 2531 3658 καὶ
2557 3601 2772 3657 κλοπῶν
2804 3600 2898 3656 καὶ
2931 3600 3183 3672 πολέμων
3224 3600 3386 3655 αἴτιοι
3420 3600 3714 3670 γένωνται·

2137 3695 2266 3759 τοὺς
2306 3695 2362 3749 δὲ
2409 3694 2576 3758 πόδας
2621 3692 2836 3764 ὑμῶνῆ
2883 3695 2964 3756 είς
3007 3688 3156 3747 οἷκον
3192 3692 3329 3747 Θεοῦ
3374 3693 3408 3764 ἢ
3444 3695 3524 3757 είς
3553 3692 3719 3764 μονὰς

2141 3786 2312 3856 ἁγίων
2361 3785 2622 3858 Πατέρων
2654 3784 2898 3857 τροχίαις
2946 3783 3134 3857 ὀρθαῖς
3188 3781 3425 3855 βαδίζειν
3469 3783 3716 3847 εἰώθατε,

2142 3878 2228 3943 ἴνα
2256 3878 2333 3950 μὴ
2362 3878 2441 3942 είς
2475 3878 2675 3932 κακίαν
2706 3875 3003 3947 δραμόντες
3035 3875 3250 3950 βόθροις
3285 3875 3715 3931 ὑποπεσοῦνται·

2141 3968 2408 4041 περὶγὰρ
2451 3968 2549 4040 τῆς
2599 3967 2894 4040 ἐλευθέρας
2926 3968 3081 4040 ὑμῶν
3127 3968 3452 4040 ὀσφρήσεως
3492 3967 3715 4037 σύνηθες

2142 4060 2270 4131 ὑμῖν
2305 4059 2483 4129 λέγειν
2511 4057 2663 4130 Θεῷ·
2694 4062 2799 4127 Εἰς
2834 4058 3038 4128 ὀσμὴν
3073 4058 3269 4129 μύρου
3301 4073 3421 4113 σου
3462 4057 3713 4127 δραμού-

2135 4153 2319 4220 μεθα·
2377 4148 2733 4222 μεμαθήκατε
2787 4150 2897 4222 γὰρ
2947 4149 3043 4203 καὶ
3096 4146 3195 4220 τὴν
3237 4146 3427 4216 γεῦσιν
3477 4147 3714 4201 εὐτελέσι

2140 4242 2367 4314 τροφαῖς
2395 4240 2489 4293 καὶ
2535 4238 2716 4293 ποτῶν
2761 4238 2919 4293 ὕδατι
2960 4237 3192 4303 ἐθίζειν·
3231 4238 3319 4291 ἵνα
3363 4236 3471 4309 γὰρ
3502 4237 3579 4309 μὴ
3623 4254 3715 4306 γα-

2144 4329 2305 4399 στρὸς
2338 4326 2499 4400 χάριν
2532 4320 2896 4401 ὑὲτοκρίνησθε
2929 4328 3216 4400 πρόσωπα,
3248 4329 3340 4382 καὶ
3368 4329 3451 4381 ὃτι
3485 4328 3713 4399 μάλιστα

457 4448 567 4506 que
598 4420 957 4503 asperamque
1001 4440 1209 4488 vestem
1254 4430 1511 4500 gestatis,
1556 4428 1754 4485 sinceri
1787 4428 2035 4484 videlicet

2144 4416 2218 4488 τῷ
2251 4416 2422 4488 Ἀδὰμ
2456 4420 2493 4489 ὴ
2537 4416 2847 4491 παράϐασις
2886 4418 2974 4472 δια
3010 4417 3250 4487 γεύσεως
3281 4417 3534 4487 γέγονεν·
3583 4418 3713 4490 πρὸς

458 4523 748 4591 devotique
781 4521 949 4576 moris
990 4519 1300 4592 imaginem.
1343 4518 1562 4575 Gratior
1600 4519 1754 4575 vobis
1795 4518 1942 4574 lodix
1979 4528 2036 4575 et.

458 4627 643 4674 storea
676 4617 794 4674 sine
825 4617 977 4686 lapsu
1015 4616 1069 4671 in
1121 4614 1368 4686 culpam,
1410 4628 1571 4684 quam
1619 4612 1811 4669 molles
1848 4611 2034 4670 lectuli

458 4725 584 4775 cum
616 4718 863 4782 peccato.
912 4707 1213 4765 Jucundior
1255 4709 1408 4763 vobis
1452 4706 1899 4763 commemoratio
1948 4720 2036 4762 re-

459 4802 816 4861 surrectionis
876 4809 932 4856 et
996 4798 1320 4854 l‘ormidandi
1378 4796 1600 4868 iudicii,
1666 4811 1828 4867 quam
1891 4796 2035 4852 tibiae

458 4894 790 4963 citharaeque
834 4900 890 4948 et
941 4905 1095 4945 vanae
1149 4890 1451 4945 cautiones.
1516 4886 1817 4958 Optabilior
1880 4887 2034 4943 vobis

458 5000 608 5042 mors
643 4985 820 5050 beata.
844 4996 1008 5054 quam
1034 4980 1144 5037 vita
1178 4981 1232 5036 in
1262 4970 1514 5049 turpibus
1542 4977 1752 5035 deliciis
1780 4977 1872 5034 diu
1907 4992 2038 5050 pro-

459 5085 654 5133 tracta.

529 5330 623 5390 XI.
644 5334 800 5390 Beati
832 5333 998 5405 igitur
1030 5347 1146 5398 vos,
1181 5346 1390 5389 summe
1412 5332 1714 5390 honorandi
1747 5336 2029 5391 monacliil

457 5425 563 5485 hoc
584 5426 729 5481 enim
766 5440 910 5496 saepe
955 5425 1106 5481 vobis
1137 5426 1241 5481 dici
1282 5426 1500 5496 dignum
1545 5436 1650 5482 est.
1694 5425 1842 5483 Beati
1875 5429 2030 5495 estis,

2140 4510 2197 4563 δὲ
2242 4509 2449 4575 τούτοις
2491 4509 2696 4575 ἅπασιν
2726 4512 2818 4564 καὶ
2852 4510 3032 4582 ἄμφια
3069 4511 3335 4584 κέκτησθε
3367 4511 3592 4566 ταπεινὰ
3622 4512 3711 4566 καὶ

2142 4603 2378 4675 τραχέα,
2429 4603 2531 4676 τῆς
2580 4604 2838 4678 ἀληθείας
2872 4604 2988 4675 ἅμα
3040 4605 3133 4659 καὶ
3188 4606 3471 4676 ἀσκήσεως
3514 4604 3707 4661 ὲπιδειυ

2142 4696 2369 4762 κνύντες
2397 4696 2488 4753 τὸν
2531 4697 2762 4769 τρόπον·
2806 4696 2936 4769 ἡδὺς
2977 4696 3106 4768 ὑμῖν
3142 4695 3332 4769 ψίαθος
3376 4696 3471 4750 καὶ
3522 4697 3708 4769 σεμνὸό

2144 4789 2487 4862 περιϐόλαιον
2520 4790 2643 4861 δίχα
2675 4789 3141 4864 παραπτώματος,
3171 4790 3205 4863 ἢ
3237 4789 3516 4862 στρωμναὶ
3546 4790 3709 4862 μαλα-

2143 4882 2238 4935 καὶ¹
2284 4879 2422 4951 μετὰ
2462 4881 2773 4954 ἁμαρτίας·
2821 4880 2917 4953 ἡδὺ
2967 4881 3097 4954 ὑμῖν
3135 4881 3195 4935 τὸ
3241 4882 3541 4954 ἀκροᾶσθαι
3588 4887 3709 4958 περὶ

2143 4973 2490 5038 ἀναστάσεως
2518 4974 2613 5028 καὶ
2644 4974 2879 5046 φοϐερᾶς
2918 4972 3174 5045 κρίσεως,
3211 4973 3244 5044 ἦ
3278 4972 3507 5027 ἀκοῦσαι
3540 4975 3708 5030 αὐλῶν

2141 5065 2237 5118 καὶ
2279 5064 2510 5138 κιθάρας
2559 5066 2654 5119 καὶ
2706 5064 2967 5136 ᾀσμάτων
3013 5064 3288 5136 ματαίων·
3322 5066 3535 5136 αἱρετὸς
3588 5068 3707 5138 ὑμῖν

2145 5154 2375 5221 θάνατος
2427 5156 2690 5229 εὐκλεὴς,
2736 5156 2771 5229 ἦ
2823 5156 2920 5229 ζῇν
2971 5156 3258 5230 τρυφερῶς
3310 5158 3477 5213 πολὺν
3532 5161 3707 5233 χρόνον

2144 5246 2416 5317 ἁσέμνως.

2214 5341 2316 5394 iA’.
2357 5342 2632 5413 Μακάριοι
2660 5341 2840 5397 τοίνυν
2871 5343 3014 5408 ἐστὲ,
3040 5341 3360 5415 τιμιώτατοι
3380 5361 3393 5375 ·
3426 5345 3583 5400 τοῦτο
3608 5345 3706 5421 γὰρ

2143 5433 2378 5505 συνεχῶς
2411 5437 2539 5506 ὑμῖν
2563 5435 2743 5505 λέγειν
2772 5435 2924 5505 ἄξιον
2942 5452 2959 5468 ·
2993 5436 3254 5510 μακάριοί
3282 5438 3409 5492 ἔστε
3438 5441 3505 5511 τῇ
3532 5440 3702 5510 opacu-

569 5635 613 5669 ⁸¹
655 5633 821 5714 [Ωον.
855 5650 950 5714 vti,
1143 5636 1190 5667 "
1217 5634 1376 5714 _Psal.
1412 5651 1546 5706 Lm,
1582 5640 1636 5696 9.
1712 5642 1759 5675 ⁸³
1803 5641 1958 5698 Deut.
1986 5657 2035 5708 ι.

2144 5656 2167 5695 ι.
2228 5616 2288 5674 ﬁ
2330 5636 2520 5694 utiuti.
2564 5637 2774 5707 stx,‘2|.
2852 5637 2899 5670 ι·
2941 5636 3134 5693 Mattn.
3163 5651 3256 5706 νι,
3299 5637 3388 5694 33.
3465 5638 3535 5714 f‘
3570 5635 3696 5694 rm.

456 5720 642 5773 cun,
675 5706 726 5773 ι,
755 5705 811 5761 2.
884 5705 929 5740 σν
969 5708 1123 5763 Gaul.
1152 5721 1191 5776 ι,
1217 5707 1271 5763 5.
