  <div class='ocr_page' id='page_1' title='image "/cluster/home/n/w/nwhite01/storage/ocr_20150623/40/hvd.32044019207786/499.png"; bbox 0 0 3860 6318; ppageno 0'>
   <div class='ocr_carea' id='block_1_1' title="bbox 384 303 488 363">
    <p class='ocr_par' dir='ltr' id='par_1_1' title="bbox 384 303 488 363">
     <span class='ocr_line' id='line_1_1' title="bbox 384 303 488 363; baseline -0.038 0"><span class='ocrx_word' id='word_1_1' title='bbox 384 303 488 363; x_wconf 67' lang='grc' dir='ltr'>θῦθ</span> 
     </span>
    </p>
   </div>
   <div class='ocr_carea' id='block_1_2' title="bbox 1480 280 2529 344">
    <p class='ocr_par' dir='ltr' id='par_1_2' title="bbox 1480 280 2529 344">
     <span class='ocr_line' id='line_1_2' title="bbox 1480 280 2529 344; baseline -0.005 -1"><span class='ocrx_word' id='word_1_2' title='bbox 1480 286 1752 344; x_wconf 73' lang='lat' dir='ltr'><strong>PATHES</strong></span> <span class='ocrx_word' id='word_1_3' title='bbox 1789 282 2091 343; x_wconf 64' lang='lat' dir='ltr'><strong>EGYPTII</strong></span> <span class='ocrx_word' id='word_1_4' title='bbox 2134 285 2402 341; x_wconf 70' lang='lat' dir='ltr'><strong>SAECULI</strong></span> <span class='ocrx_word' id='word_1_5' title='bbox 2446 280 2529 339; x_wconf 75' lang='lat' dir='ltr'><strong>IV.</strong></span> 
     </span>
    </p>
   </div>
   <div class='ocr_carea' id='block_1_3' title="bbox 3537 275 3655 336">
    <p class='ocr_par' dir='ltr' id='par_1_3' title="bbox 3537 275 3655 336">
     <span class='ocr_line' id='line_1_3' title="bbox 3537 275 3655 336; baseline -0.017 0"><span class='ocrx_word' id='word_1_6' title='bbox 3537 275 3655 336; x_wconf 75' lang='lat' dir='ltr'><strong>94c-</strong></span> 
     </span>
    </p>
   </div>
   <div class='ocr_carea' id='block_1_4' title="bbox 380 390 1980 473">
    <p class='ocr_par' dir='ltr' id='par_1_4' title="bbox 380 400 1953 473">
     <span class='ocr_line' id='line_1_4' title="bbox 380 400 1953 473; baseline -0.011 -3"><span class='ocrx_word' id='word_1_7' title='bbox 380 412 641 471; x_wconf 84' lang='lat' dir='ltr'><strong>timabit:</strong></span> <span class='ocrx_word' id='word_1_8' title='bbox 676 409 913 465; x_wconf 80' lang='lat' dir='ltr'><strong>Tollatur</strong></span> <span class='ocrx_word' id='word_1_9' title='bbox 936 407 1001 462; x_wconf 84' lang='lat' dir='ltr'><strong>de</strong></span> <span class='ocrx_word' id='word_1_10' title='bbox 1036 404 1205 460; x_wconf 79' lang='lat' dir='ltr'><strong>medio</strong></span> <span class='ocrx_word' id='word_1_11' title='bbox 1242 404 1453 472; x_wconf 77' lang='lat' dir='ltr'><strong>impius,</strong></span> <span class='ocrx_word' id='word_1_12' title='bbox 1485 420 1545 456; x_wconf 80' lang='lat' dir='ltr'><strong>ne</strong></span> <span class='ocrx_word' id='word_1_13' title='bbox 1588 401 1811 473; x_wconf 77' lang='lat' dir='ltr'><strong>gloriam</strong></span> <span class='ocrx_word' id='word_1_14' title='bbox 1847 400 1953 454; x_wconf 80' lang='lat' dir='ltr'><strong>Do-</strong></span> 
     </span>
    </p>
   </div>
   <div class='ocr_carea' id='block_1_5' title="bbox 2092 390 3661 473">
    <p class='ocr_par' dir='ltr' id='par_1_5' title="bbox 2094 390 3661 468">
     <span class='ocr_line' id='line_1_5' title="bbox 2094 390 3661 468; baseline -0.007 -15"><span class='ocrx_word' id='word_1_15' title='bbox 2094 401 2151 453; x_wconf 83' lang='grc' dir='ltr'><strong>αὶ</strong></span> <span class='ocrx_word' id='word_1_16' title='bbox 2201 402 2313 462; x_wconf 82' lang='grc' dir='ltr'>τοῖς</span> <span class='ocrx_word' id='word_1_17' title='bbox 2367 400 2542 468; x_wconf 85' lang='grc' dir='ltr'>τούτῳ</span> <span class='ocrx_word' id='word_1_18' title='bbox 2592 393 2987 465; x_wconf 82' lang='grc' dir='ltr'><strong>ἀκολουθήσασι</strong></span> <span class='ocrx_word' id='word_1_19' title='bbox 3038 392 3180 459; x_wconf 77' lang='grc' dir='ltr'>λέξει</span> <span class='ocrx_word' id='word_1_20' title='bbox 3234 391 3297 444; x_wconf 91' lang='grc' dir='ltr'><strong>τὸ</strong></span> <span class='ocrx_word' id='word_1_21' title='bbox 3361 390 3661 461; x_wconf 75' lang='grc' dir='ltr'><strong>φρικῶδες</strong></span> 
     </span>
    </p>
   </div>
   <div class='ocr_carea' id='block_1_6' title="bbox 386 491 1952 559">
    <p class='ocr_par' dir='ltr' id='par_1_6' title="bbox 386 491 1952 559">
     <span class='ocr_line' id='line_1_6' title="bbox 386 491 1952 559; baseline -0.01 0"><span class='ocrx_word' id='word_1_22' title='bbox 386 506 517 559; x_wconf 80' lang='lat' dir='ltr'><strong>mini</strong></span> <span class='ocrx_word' id='word_1_23' title='bbox 558 502 727 556; x_wconf 79' lang='lat' dir='ltr'><strong>videat</strong></span> <span class='ocrx_word' id='word_1_24' title='bbox 752 500 817 553; x_wconf 80' lang='grc'><strong>⁸³.</strong></span> <span class='ocrx_word' id='word_1_25' title='bbox 870 496 999 551; x_wconf 88' lang='lat' dir='ltr'><strong>Illuc</strong></span> <span class='ocrx_word' id='word_1_26' title='bbox 1030 509 1127 550; x_wconf 84' lang='lat' dir='ltr'><strong>vos</strong></span> <span class='ocrx_word' id='word_1_27' title='bbox 1174 493 1391 548; x_wconf 89' lang='lat' dir='ltr'><strong>abibitis</strong></span> <span class='ocrx_word' id='word_1_28' title='bbox 1432 508 1552 546; x_wconf 88' lang='lat' dir='ltr'><strong>cum</strong></span> <span class='ocrx_word' id='word_1_29' title='bbox 1597 491 1778 544; x_wconf 64' lang='lat' dir='ltr'><strong>lectitia</strong></span> <span class='ocrx_word' id='word_1_30' title='bbox 1816 505 1952 559; x_wconf 76' lang='lat' dir='ltr'><strong>gau-</strong></span> 
     </span>
    </p>
   </div>
   <div class='ocr_carea' id='block_1_7' title="bbox 389 583 1956 665">
    <p class='ocr_par' dir='ltr' id='par_1_7' title="bbox 389 583 1956 665">
     <span class='ocr_line' id='line_1_7' title="bbox 389 583 1956 665; baseline -0.01 -13"><span class='ocrx_word' id='word_1_31' title='bbox 389 598 605 665; x_wconf 87' lang='lat' dir='ltr'><strong>dioque,</strong></span> <span class='ocrx_word' id='word_1_32' title='bbox 652 593 793 646; x_wconf 90' lang='lat' dir='ltr'><strong>unde</strong></span> <span class='ocrx_word' id='word_1_33' title='bbox 842 588 1093 643; x_wconf 77' lang='lat' dir='ltr'><strong>exsulant</strong></span> <span class='ocrx_word' id='word_1_34' title='bbox 1129 585 1283 640; x_wconf 91' lang='lat' dir='ltr'><strong>dolor</strong></span> <span class='ocrx_word' id='word_1_35' title='bbox 1323 594 1488 654; x_wconf 88' lang='lat' dir='ltr'><strong>atque</strong></span> <span class='ocrx_word' id='word_1_36' title='bbox 1523 583 1735 638; x_wconf 89' lang='lat' dir='ltr'><strong>tristitia</strong></span> <span class='ocrx_word' id='word_1_37' title='bbox 1780 592 1834 636; x_wconf 90' lang='lat' dir='ltr'><strong>et</strong></span> <span class='ocrx_word' id='word_1_38' title='bbox 1866 596 1956 645; x_wconf 73' lang='lat' dir='ltr'><strong>ge-</strong></span> 
     </span>
    </p>
   </div>
   <div class='ocr_carea' id='block_1_8' title="bbox 392 671 1957 747">
    <p class='ocr_par' dir='ltr' id='par_1_8' title="bbox 392 671 1957 747">
     <span class='ocr_line' id='line_1_8' title="bbox 392 671 1957 747; baseline -0.008 -9"><span class='ocrx_word' id='word_1_39' title='bbox 392 686 590 746; x_wconf 89' lang='lat' dir='ltr'><strong>mitus,</strong></span> <span class='ocrx_word' id='word_1_40' title='bbox 636 682 777 736; x_wconf 91' lang='lat' dir='ltr'><strong>unde</strong></span> <span class='ocrx_word' id='word_1_41' title='bbox 808 681 983 733; x_wconf 84' lang='lat' dir='ltr'><strong>honor</strong></span> <span class='ocrx_word' id='word_1_42' title='bbox 1012 686 1069 732; x_wconf 90' lang='lat' dir='ltr'><strong>et</strong></span> <span class='ocrx_word' id='word_1_43' title='bbox 1100 676 1271 747; x_wconf 81' lang='lat' dir='ltr'><strong>gloria</strong></span> <span class='ocrx_word' id='word_1_44' title='bbox 1315 688 1369 729; x_wconf 86' lang='lat' dir='ltr'><strong>et</strong></span> <span class='ocrx_word' id='word_1_45' title='bbox 1421 674 1628 741; x_wconf 90' lang='lat' dir='ltr'><strong>reliqua</strong></span> <span class='ocrx_word' id='word_1_46' title='bbox 1684 671 1776 726; x_wconf 86' lang='lat' dir='ltr'><strong>Dei</strong></span> <span class='ocrx_word' id='word_1_47' title='bbox 1822 672 1957 725; x_wconf 89' lang='lat' dir='ltr'><strong>dona</strong></span> 
     </span>
    </p>
   </div>
   <div class='ocr_carea' id='block_1_9' title="bbox 391 777 922 844">
    <p class='ocr_par' dir='ltr' id='par_1_9' title="bbox 391 777 922 844">
     <span class='ocr_line' id='line_1_9' title="bbox 391 777 922 844; baseline -0.013 -13"><span class='ocrx_word' id='word_1_48' title='bbox 391 777 593 832; x_wconf 80' lang='lat' dir='ltr'><strong>auferri</strong></span> <span class='ocrx_word' id='word_1_49' title='bbox 626 781 922 844; x_wconf 88' lang='lat' dir='ltr'><strong>nequeunt.</strong></span> 
     </span>
    </p>
   </div>
   <div class='ocr_carea' id='block_1_10' title="bbox 461 942 1960 1015">
    <p class='ocr_par' dir='ltr' id='par_1_10' title="bbox 461 942 1960 1015">
     <span class='ocr_line' id='line_1_10' title="bbox 461 942 1960 1015; baseline -0.015 -5"><span class='ocrx_word' id='word_1_50' title='bbox 461 955 598 1011; x_wconf 74' lang='lat' dir='ltr'>XIII.</span> <span class='ocrx_word' id='word_1_51' title='bbox 630 953 915 1007; x_wconf 87' lang='lat' dir='ltr'><strong>Enimvero</strong></span> <span class='ocrx_word' id='word_1_52' title='bbox 976 958 1150 1004; x_wconf 81' lang='lat' dir='ltr'><strong>ve5tra</strong></span> <span class='ocrx_word' id='word_1_53' title='bbox 1206 946 1373 1015; x_wconf 87' lang='lat' dir='ltr'><strong>pietas</strong></span> <span class='ocrx_word' id='word_1_54' title='bbox 1400 944 1452 999; x_wconf 89' lang='lat' dir='ltr'><strong>in</strong></span> <span class='ocrx_word' id='word_1_55' title='bbox 1505 942 1759 996; x_wconf 89' lang='lat' dir='ltr'><strong>universo</strong></span> <span class='ocrx_word' id='word_1_56' title='bbox 1787 948 1960 993; x_wconf 83' lang='lat' dir='ltr'><strong>terra-</strong></span> 
     </span>
    </p>
   </div>
   <div class='ocr_carea' id='block_1_11' title="bbox 390 1030 1952 1107">
    <p class='ocr_par' dir='ltr' id='par_1_11' title="bbox 390 1030 1952 1107">
     <span class='ocr_line' id='line_1_11' title="bbox 390 1030 1952 1107; baseline -0.014 -4"><span class='ocrx_word' id='word_1_57' title='bbox 390 1064 509 1103; x_wconf 89' lang='lat' dir='ltr'><strong>rum</strong></span> <span class='ocrx_word' id='word_1_58' title='bbox 544 1047 672 1102; x_wconf 94' lang='lat' dir='ltr'><strong>orbe</strong></span> <span class='ocrx_word' id='word_1_59' title='bbox 694 1043 1017 1100; x_wconf 82' lang='lat' dir='ltr'><strong>celebratur.</strong></span> <span class='ocrx_word' id='word_1_60' title='bbox 1071 1039 1323 1107; x_wconf 69' lang='lat' dir='ltr'><strong>Quaenam</strong></span> <span class='ocrx_word' id='word_1_61' title='bbox 1372 1035 1589 1098; x_wconf 78' lang='lat' dir='ltr'><strong>civitas,</strong></span> <span class='ocrx_word' id='word_1_62' title='bbox 1636 1032 1816 1086; x_wconf 89' lang='lat' dir='ltr'><strong>audita</strong></span> <span class='ocrx_word' id='word_1_63' title='bbox 1841 1030 1952 1084; x_wconf 84' lang='lat' dir='ltr'><strong>reli-</strong></span> 
     </span>
    </p>
   </div>
   <div class='ocr_carea' id='block_1_12' title="bbox 2057 481 3663 561">
    <p class='ocr_par' dir='ltr' id='par_1_12' title="bbox 2057 481 3663 561">
     <span class='ocr_line' id='line_1_12' title="bbox 2057 481 3663 561; baseline -0.005 -19"><span class='ocrx_word' id='word_1_64' title='bbox 2057 491 2231 542; x_wconf 82' lang='grc' dir='ltr'>ἐκεῖνο</span> <span class='ocrx_word' id='word_1_65' title='bbox 2273 489 2455 561; x_wconf 77' lang='grc' dir='ltr'><strong>ῥῆμα·</strong></span> <span class='ocrx_word' id='word_1_66' title='bbox 2498 484 2745 555; x_wconf 76' lang='grc' dir='ltr'>Ἇρθήτω</span> <span class='ocrx_word' id='word_1_67' title='bbox 2786 488 2819 537; x_wconf 86' lang='grc' dir='ltr'><strong>ό</strong></span> <span class='ocrx_word' id='word_1_68' title='bbox 2856 482 3076 551; x_wconf 77' lang='grc' dir='ltr'>ἀσεϐὴς</span> <span class='ocrx_word' id='word_1_69' title='bbox 3118 484 3218 535; x_wconf 75' lang='grc' dir='ltr'><strong>ἵνα</strong></span> <span class='ocrx_word' id='word_1_70' title='bbox 3252 481 3335 550; x_wconf 77' lang='grc' dir='ltr'>μὴ</span> <span class='ocrx_word' id='word_1_71' title='bbox 3378 481 3482 550; x_wconf 62' lang='lat' dir='ltr'><strong>Ion</strong></span> <span class='ocrx_word' id='word_1_72' title='bbox 3530 482 3663 550; x_wconf 64' lang='grc' dir='ltr'>τὴν·</span> 
     </span>
    </p>
   </div>
   <div class='ocr_carea' id='block_1_13' title="bbox 2058 575 3663 648">
    <p class='ocr_par' dir='ltr' id='par_1_13' title="bbox 2058 575 3663 648">
     <span class='ocr_line' id='line_1_13' title="bbox 2058 575 3663 648; baseline -0.004 -15"><span class='ocrx_word' id='word_1_73' title='bbox 2058 581 2248 645; x_wconf 80' lang='grc' dir='ltr'>δόξαν</span> <span class='ocrx_word' id='word_1_74' title='bbox 2281 581 2529 648; x_wconf 83' lang='grc' dir='ltr'><strong>Κυρίου·</strong></span> <span class='ocrx_word' id='word_1_75' title='bbox 2559 580 2676 632; x_wconf 78' lang='grc' dir='ltr'>ἐκεῖ</span> <span class='ocrx_word' id='word_1_76' title='bbox 2700 578 2857 648; x_wconf 84' lang='grc' dir='ltr'>ὑμεῖς</span> <span class='ocrx_word' id='word_1_77' title='bbox 2900 575 3265 630; x_wconf 74' lang='grc' dir='ltr'><strong>ἀπελεύσεσθε</strong></span> <span class='ocrx_word' id='word_1_78' title='bbox 3295 576 3416 646; x_wconf 82' lang='grc' dir='ltr'>μετ’</span> <span class='ocrx_word' id='word_1_79' title='bbox 3441 576 3663 647; x_wconf 74' lang='grc' dir='ltr'>εὐφρο-</span> 
     </span>
    </p>
   </div>
   <div class='ocr_carea' id='block_1_14' title="bbox 2073 663 3665 740">
    <p class='ocr_par' dir='ltr' id='par_1_14' title="bbox 2073 663 3665 740">
     <span class='ocr_line' id='line_1_14' title="bbox 2073 663 3665 740; baseline -0.004 -19"><span class='ocrx_word' id='word_1_80' title='bbox 2073 668 2239 740; x_wconf 86' lang='grc' dir='ltr'>σύνης</span> <span class='ocrx_word' id='word_1_81' title='bbox 2266 668 2359 721; x_wconf 78' lang='grc' dir='ltr'>καὶ</span> <span class='ocrx_word' id='word_1_82' title='bbox 2406 668 2580 739; x_wconf 83' lang='grc' dir='ltr'>χαρᾶς</span> <span class='ocrx_word' id='word_1_83' title='bbox 2614 665 2741 719; x_wconf 74' lang='grc' dir='ltr'>ἔνθα</span> <span class='ocrx_word' id='word_1_84' title='bbox 2782 665 2990 736; x_wconf 80' lang='grc' dir='ltr'>ἀπέδρα</span> <span class='ocrx_word' id='word_1_85' title='bbox 3028 664 3188 734; x_wconf 80' lang='grc' dir='ltr'><strong>ὀδύνη</strong></span> <span class='ocrx_word' id='word_1_86' title='bbox 3221 665 3315 718; x_wconf 75' lang='grc' dir='ltr'>καὶ</span> <span class='ocrx_word' id='word_1_87' title='bbox 3355 663 3506 735; x_wconf 82' lang='grc' dir='ltr'>λύπη</span> <span class='ocrx_word' id='word_1_88' title='bbox 3556 666 3665 717; x_wconf 74' lang='grc' dir='ltr'>καὶ</span> 
     </span>
    </p>
   </div>
   <div class='ocr_carea' id='block_1_15' title="bbox 2062 755 3665 829">
    <p class='ocr_par' dir='ltr' id='par_1_15' title="bbox 2062 755 3665 829">
     <span class='ocr_line' id='line_1_15' title="bbox 2062 755 3665 829; baseline -0.002 -19"><span class='ocrx_word' id='word_1_89' title='bbox 2062 758 2380 829; x_wconf 84' lang='grc' dir='ltr'>στεναγμὸς,</span> <span class='ocrx_word' id='word_1_90' title='bbox 2408 757 2535 812; x_wconf 76' lang='grc' dir='ltr'>ἔνθα</span> <span class='ocrx_word' id='word_1_91' title='bbox 2579 756 2712 827; x_wconf 84' lang='grc' dir='ltr'>τιμὴ</span> <span class='ocrx_word' id='word_1_92' title='bbox 2754 757 2852 810; x_wconf 79' lang='grc' dir='ltr'><strong>καὶ</strong></span> <span class='ocrx_word' id='word_1_93' title='bbox 2902 756 3032 822; x_wconf 83' lang='grc' dir='ltr'>δόξα</span> <span class='ocrx_word' id='word_1_94' title='bbox 3066 756 3162 809; x_wconf 73' lang='grc' dir='ltr'>καὶ</span> <span class='ocrx_word' id='word_1_95' title='bbox 3189 755 3514 826; x_wconf 76' lang='grc' dir='ltr'><strong>χαρίσματα</strong></span> <span class='ocrx_word' id='word_1_96' title='bbox 3561 756 3665 807; x_wconf 78' lang='grc' dir='ltr'>άν-</span> 
     </span>
    </p>
   </div>
   <div class='ocr_carea' id='block_1_16' title="bbox 2061 848 2348 920">
    <p class='ocr_par' dir='ltr' id='par_1_16' title="bbox 2061 848 2348 920">
     <span class='ocr_line' id='line_1_16' title="bbox 2061 848 2348 920; baseline 0 -18"><span class='ocrx_word' id='word_1_97' title='bbox 2061 848 2348 920; x_wconf 84' lang='grc' dir='ltr'>αφαίρετα.</span> 
     </span>
    </p>
   </div>
   <div class='ocr_carea' id='block_1_17' title="bbox 2133 938 3667 1010">
    <p class='ocr_par' dir='ltr' id='par_1_17' title="bbox 2133 938 3667 1010">
     <span class='ocr_line' id='line_1_17' title="bbox 2133 938 3667 1010; baseline 0 -18"><span class='ocrx_word' id='word_1_98' title='bbox 2133 941 2226 993; x_wconf 83' lang='lat' dir='ltr'><strong>II&quot;.</strong></span> <span class='ocrx_word' id='word_1_99' title='bbox 2264 940 2337 991; x_wconf 88' lang='grc' dir='ltr'><strong>Τὸ</strong></span> <span class='ocrx_word' id='word_1_100' title='bbox 2396 939 2506 1009; x_wconf 83' lang='grc' dir='ltr'>γὰρ</span> <span class='ocrx_word' id='word_1_101' title='bbox 2537 939 2776 1003; x_wconf 80' lang='grc' dir='ltr'>ἐπιεικὲς</span> <span class='ocrx_word' id='word_1_102' title='bbox 2828 938 2981 1010; x_wconf 80' lang='grc' dir='ltr'>ὑμῶν</span> <span class='ocrx_word' id='word_1_103' title='bbox 3018 938 3299 1009; x_wconf 73' lang='grc' dir='ltr'><strong>πανταχοῦ</strong></span> <span class='ocrx_word' id='word_1_104' title='bbox 3331 939 3434 1008; x_wconf 79' lang='grc' dir='ltr'>τῆς</span> <span class='ocrx_word' id='word_1_105' title='bbox 3462 940 3667 992; x_wconf 64' lang='grc' dir='ltr'>οἰκον-ι</span> 
     </span>
    </p>
   </div>
   <div class='ocr_carea' id='block_1_18' title="bbox 2068 1029 3667 1102">
    <p class='ocr_par' dir='ltr' id='par_1_18' title="bbox 2068 1029 3667 1102">
     <span class='ocr_line' id='line_1_18' title="bbox 2068 1029 3667 1102; baseline -0.001 -19"><span class='ocrx_word' id='word_1_106' title='bbox 2068 1030 2235 1101; x_wconf 80' lang='grc' dir='ltr'><strong>μένης</strong></span> <span class='ocrx_word' id='word_1_107' title='bbox 2268 1030 2397 1100; x_wconf 82' lang='grc' dir='ltr'>ὅλης</span> <span class='ocrx_word' id='word_1_108' title='bbox 2428 1029 2739 1101; x_wconf 88' lang='grc' dir='ltr'>διανέμεται</span> <span class='ocrx_word' id='word_1_109' title='bbox 2763 1045 2776 1059; x_wconf 88' lang='grc'><strong>·</strong></span> <span class='ocrx_word' id='word_1_110' title='bbox 2836 1030 2967 1084; x_wconf 84' lang='grc' dir='ltr'>ποία</span> <span class='ocrx_word' id='word_1_111' title='bbox 2990 1031 3141 1094; x_wconf 81' lang='grc' dir='ltr'><strong>πόλις</strong></span> <span class='ocrx_word' id='word_1_112' title='bbox 3174 1030 3461 1084; x_wconf 83' lang='grc' dir='ltr'>ἀκούσασα</span> <span class='ocrx_word' id='word_1_113' title='bbox 3490 1030 3667 1102; x_wconf 78' lang='grc' dir='ltr'>ὑμῶν</span> 
     </span>
    </p>
   </div>
   <div class='ocr_carea' id='block_1_19' title="bbox 380 1120 1980 1213">
    <p class='ocr_par' dir='ltr' id='par_1_19' title="bbox 380 1125 1965 1213">
     <span class='ocr_line' id='line_1_19' title="bbox 380 1125 1965 1213; baseline -0.015 -17"><span class='ocrx_word' id='word_1_114' title='bbox 380 1141 553 1213; x_wconf 61' lang='grc' dir='ltr'>εςῑοεθε</span> <span class='ocrx_word' id='word_1_115' title='bbox 579 1144 774 1193; x_wconf 65' lang='grc' dir='ltr'>νοείτω</span> <span class='ocrx_word' id='word_1_116' title='bbox 801 1143 856 1190; x_wconf 89' lang='lat' dir='ltr'><strong>et</strong></span> <span class='ocrx_word' id='word_1_117' title='bbox 890 1130 1197 1203; x_wconf 78' lang='lat' dir='ltr'><strong>apostolicae</strong></span> <span class='ocrx_word' id='word_1_118' title='bbox 1232 1128 1353 1181; x_wconf 66' lang='lat' dir='ltr'><strong>vitae</strong></span> <span class='ocrx_word' id='word_1_119' title='bbox 1384 1125 1550 1187; x_wconf 75' lang='lat' dir='ltr'><strong>fama,</strong></span> <span class='ocrx_word' id='word_1_120' title='bbox 1582 1137 1679 1177; x_wconf 88' lang='lat' dir='ltr'><strong>vos</strong></span> <span class='ocrx_word' id='word_1_121' title='bbox 1720 1130 1965 1190; x_wconf 77' lang='lat' dir='ltr'><strong>spectare</strong></span> 
     </span>
    </p>
   </div>
   <div class='ocr_carea' id='block_1_20' title="bbox 2092 1120 3667 1213">
    <p class='ocr_par' dir='ltr' id='par_1_20' title="bbox 2096 1120 3667 1192">
     <span class='ocr_line' id='line_1_20' title="bbox 2096 1120 3667 1192; baseline 0.001 -19"><span class='ocrx_word' id='word_1_122' title='bbox 2096 1120 2151 1173; x_wconf 88' lang='grc' dir='ltr'><strong>ὸν</strong></span> <span class='ocrx_word' id='word_1_123' title='bbox 2178 1121 2432 1192; x_wconf 82' lang='grc' dir='ltr'>ἐνάρετον</span> <span class='ocrx_word' id='word_1_124' title='bbox 2470 1122 2563 1174; x_wconf 76' lang='grc' dir='ltr'><strong>καὶ</strong></span> <span class='ocrx_word' id='word_1_125' title='bbox 2582 1120 2936 1175; x_wconf 86' lang='grc' dir='ltr'>ἀποστολικὸν</span> <span class='ocrx_word' id='word_1_126' title='bbox 2960 1121 3094 1192; x_wconf 88' lang='grc' dir='ltr'>βίον,</span> <span class='ocrx_word' id='word_1_127' title='bbox 3129 1121 3229 1174; x_wconf 81' lang='grc' dir='ltr'><strong>οὐκ</strong></span> <span class='ocrx_word' id='word_1_128' title='bbox 3252 1120 3472 1192; x_wconf 79' lang='grc' dir='ltr'><strong>εὔχεται</strong></span> <span class='ocrx_word' id='word_1_129' title='bbox 3502 1124 3667 1192; x_wconf 79' lang='grc' dir='ltr'>ὑμᾶς</span> 
     </span>
    </p>
   </div>
   <div class='ocr_carea' id='block_1_21' title="bbox 395 1213 1966 1298">
    <p class='ocr_par' dir='ltr' id='par_1_21' title="bbox 395 1213 1966 1298">
     <span class='ocr_line' id='line_1_21' title="bbox 395 1213 1966 1298; baseline -0.013 -13"><span class='ocrx_word' id='word_1_130' title='bbox 395 1246 502 1286; x_wconf 90' lang='lat' dir='ltr'><strong>non</strong></span> <span class='ocrx_word' id='word_1_131' title='bbox 538 1227 723 1298; x_wconf 81' lang='lat' dir='ltr'><strong>cupit?</strong></span> <span class='ocrx_word' id='word_1_132' title='bbox 757 1225 890 1292; x_wconf 83' lang='lat' dir='ltr'><strong>Quis</strong></span> <span class='ocrx_word' id='word_1_133' title='bbox 925 1238 1018 1280; x_wconf 80' lang='lat' dir='ltr'><strong>rex</strong></span> <span class='ocrx_word' id='word_1_134' title='bbox 1063 1222 1174 1277; x_wconf 89' lang='lat' dir='ltr'><strong>sive</strong></span> <span class='ocrx_word' id='word_1_135' title='bbox 1202 1217 1473 1290; x_wconf 70' lang='lat' dir='ltr'><strong>prmterito</strong></span> <span class='ocrx_word' id='word_1_136' title='bbox 1506 1216 1621 1270; x_wconf 83' lang='lat' dir='ltr'><strong>sive</strong></span> <span class='ocrx_word' id='word_1_137' title='bbox 1638 1213 1798 1269; x_wconf 87' lang='lat' dir='ltr'><strong>etiam</strong></span> <span class='ocrx_word' id='word_1_138' title='bbox 1828 1227 1966 1281; x_wconf 60' lang='lat' dir='ltr'><strong>prae-</strong></span> 
     </span>
    </p>
   </div>
   <div class='ocr_carea' id='block_1_22' title="bbox 393 1302 1965 1385">
    <p class='ocr_par' dir='ltr' id='par_1_22' title="bbox 393 1302 1965 1385">
     <span class='ocr_line' id='line_1_22' title="bbox 393 1302 1965 1385; baseline -0.015 -10"><span class='ocrx_word' id='word_1_139' title='bbox 393 1319 534 1375; x_wconf 90' lang='lat' dir='ltr'><strong>senti</strong></span> <span class='ocrx_word' id='word_1_140' title='bbox 574 1327 818 1385; x_wconf 85' lang='lat' dir='ltr'><strong>tempore</strong></span> <span class='ocrx_word' id='word_1_141' title='bbox 866 1322 1078 1381; x_wconf 89' lang='lat' dir='ltr'><strong>sceptra</strong></span> <span class='ocrx_word' id='word_1_142' title='bbox 1133 1320 1339 1371; x_wconf 88' lang='lat' dir='ltr'><strong>tenens,</strong></span> <span class='ocrx_word' id='word_1_143' title='bbox 1400 1304 1565 1359; x_wconf 82' lang='lat' dir='ltr'><strong>fando</strong></span> <span class='ocrx_word' id='word_1_144' title='bbox 1598 1302 1825 1357; x_wconf 90' lang='lat' dir='ltr'><strong>audiens</strong></span> <span class='ocrx_word' id='word_1_145' title='bbox 1874 1314 1965 1353; x_wconf 90' lang='lat' dir='ltr'><strong>ve-</strong></span> 
     </span>
    </p>
   </div>
   <div class='ocr_carea' id='block_1_23' title="bbox 394 1400 1959 1477">
    <p class='ocr_par' dir='ltr' id='par_1_23' title="bbox 394 1400 1959 1477">
     <span class='ocr_line' id='line_1_23' title="bbox 394 1400 1959 1477; baseline -0.013 -11"><span class='ocrx_word' id='word_1_146' title='bbox 394 1422 538 1467; x_wconf 83' lang='lat' dir='ltr'><strong>stros</strong></span> <span class='ocrx_word' id='word_1_147' title='bbox 568 1410 677 1463; x_wconf 89' lang='lat' dir='ltr'><strong>Deo</strong></span> <span class='ocrx_word' id='word_1_148' title='bbox 714 1406 908 1477; x_wconf 74' lang='lat' dir='ltr'><strong>dignos</strong></span> <span class='ocrx_word' id='word_1_149' title='bbox 941 1413 996 1459; x_wconf 92' lang='lat' dir='ltr'><strong>et</strong></span> <span class='ocrx_word' id='word_1_150' title='bbox 1024 1403 1223 1456; x_wconf 91' lang='lat' dir='ltr'><strong>virtute</strong></span> <span class='ocrx_word' id='word_1_151' title='bbox 1253 1400 1594 1468; x_wconf 89' lang='lat' dir='ltr'><strong>plenissimos</strong></span> <span class='ocrx_word' id='word_1_152' title='bbox 1619 1408 1819 1457; x_wconf 90' lang='lat' dir='ltr'><strong>mores,</strong></span> <span class='ocrx_word' id='word_1_153' title='bbox 1855 1406 1959 1477; x_wconf 83' lang='lat' dir='ltr'><strong>non</strong></span> 
     </span>
    </p>
   </div>
   <div class='ocr_carea' id='block_1_24' title="bbox 393 1466 1970 1565">
    <p class='ocr_par' dir='ltr' id='par_1_24' title="bbox 393 1466 1970 1565">
     <span class='ocr_line' id='line_1_24' title="bbox 393 1466 1970 1565; baseline -0.014 -15"><span class='ocrx_word' id='word_1_154' title='bbox 393 1495 598 1565; x_wconf 88' lang='lat' dir='ltr'><strong>optavit</strong></span> <span class='ocrx_word' id='word_1_155' title='bbox 628 1507 724 1546; x_wconf 91' lang='lat' dir='ltr'><strong>vos</strong></span> <span class='ocrx_word' id='word_1_156' title='bbox 747 1466 1050 1552; x_wconf 67' lang='lat' dir='ltr'><strong>consulere,</strong></span> <span class='ocrx_word' id='word_1_157' title='bbox 1084 1497 1138 1539; x_wconf 92' lang='lat' dir='ltr'><strong>et</strong></span> <span class='ocrx_word' id='word_1_158' title='bbox 1168 1466 1378 1540; x_wconf 85' lang='lat' dir='ltr'><strong>summo</strong></span> <span class='ocrx_word' id='word_1_159' title='bbox 1428 1479 1620 1535; x_wconf 79' lang='lat' dir='ltr'><strong>aﬂ&#39;ectu</strong></span> <span class='ocrx_word' id='word_1_160' title='bbox 1655 1466 1970 1547; x_wconf 72' lang='lat' dir='ltr'><strong>complecti?</strong></span> 
     </span>
    </p>
   </div>
   <div class='ocr_carea' id='block_1_25' title="bbox 396 1564 1969 1638">
    <p class='ocr_par' dir='ltr' id='par_1_25' title="bbox 396 1564 1969 1638">
     <span class='ocr_line' id='line_1_25' title="bbox 396 1564 1969 1638; baseline -0.013 0"><span class='ocrx_word' id='word_1_161' title='bbox 396 1564 475 1638; x_wconf 69' lang='lat' dir='ltr'><strong>Ex</strong></span> <span class='ocrx_word' id='word_1_162' title='bbox 495 1580 643 1636; x_wconf 90' lang='lat' dir='ltr'><strong>vobis</strong></span> <span class='ocrx_word' id='word_1_163' title='bbox 665 1578 871 1634; x_wconf 86' lang='lat' dir='ltr'><strong>exstitit</strong></span> <span class='ocrx_word' id='word_1_164' title='bbox 893 1576 1059 1630; x_wconf 80' lang='lat' dir='ltr'><strong>abbas</strong></span> <span class='ocrx_word' id='word_1_165' title='bbox 1083 1571 1362 1634; x_wconf 83' lang='lat' dir='ltr'><strong>Antonius,</strong></span> <span class='ocrx_word' id='word_1_166' title='bbox 1387 1582 1657 1624; x_wconf 89' lang='lat' dir='ltr'><strong>summum</strong></span> <span class='ocrx_word' id='word_1_167' title='bbox 1676 1564 1969 1635; x_wconf 70' lang='lat' dir='ltr'><strong>disciplima</strong></span> 
     </span>
    </p>
   </div>
   <div class='ocr_carea' id='block_1_26' title="bbox 395 1654 1970 1741">
    <p class='ocr_par' dir='ltr' id='par_1_26' title="bbox 395 1654 1970 1741">
     <span class='ocr_line' id='line_1_26' title="bbox 395 1654 1970 1741; baseline -0.014 -16"><span class='ocrx_word' id='word_1_168' title='bbox 395 1672 600 1741; x_wconf 86' lang='lat' dir='ltr'><strong>apicem</strong></span> <span class='ocrx_word' id='word_1_169' title='bbox 653 1673 998 1727; x_wconf 85' lang='lat' dir='ltr'><strong>consecutus,</strong></span> <span class='ocrx_word' id='word_1_170' title='bbox 1032 1662 1184 1731; x_wconf 82' lang='lat' dir='ltr'><strong>cujus</strong></span> <span class='ocrx_word' id='word_1_171' title='bbox 1211 1658 1374 1714; x_wconf 88' lang='lat' dir='ltr'><strong>etiam</strong></span> <span class='ocrx_word' id='word_1_172' title='bbox 1420 1657 1529 1710; x_wconf 87' lang='lat' dir='ltr'><strong>vita</strong></span> <span class='ocrx_word' id='word_1_173' title='bbox 1586 1654 1786 1722; x_wconf 86' lang='lat' dir='ltr'><strong>scripto</strong></span> <span class='ocrx_word' id='word_1_174' title='bbox 1820 1666 1970 1706; x_wconf 90' lang='lat' dir='ltr'><strong>com-</strong></span> 
     </span>
    </p>
   </div>
   <div class='ocr_carea' id='block_1_27' title="bbox 2067 1209 3668 1285">
    <p class='ocr_par' dir='ltr' id='par_1_27' title="bbox 2067 1209 3668 1285">
     <span class='ocr_line' id='line_1_27' title="bbox 2067 1209 3668 1285; baseline 0.004 -22"><span class='ocrx_word' id='word_1_175' title='bbox 2067 1209 2403 1276; x_wconf 76' lang='grc' dir='ltr'>θεάσασθαι;</span> <span class='ocrx_word' id='word_1_176' title='bbox 2464 1215 2616 1275; x_wconf 81' lang='grc' dir='ltr'>ποῖος</span> <span class='ocrx_word' id='word_1_177' title='bbox 2673 1212 2924 1283; x_wconf 79' lang='grc' dir='ltr'>βασιλεὺς</span> <span class='ocrx_word' id='word_1_178' title='bbox 2965 1213 3072 1267; x_wconf 86' lang='grc' dir='ltr'><strong>τῶν</strong></span> <span class='ocrx_word' id='word_1_179' title='bbox 3101 1213 3444 1282; x_wconf 72' lang='grc' dir='ltr'><strong>φθασάντων,</strong></span> <span class='ocrx_word' id='word_1_180' title='bbox 3483 1216 3521 1285; x_wconf 77' lang='grc' dir='ltr'><strong>ἢ</strong></span> <span class='ocrx_word' id='word_1_181' title='bbox 3560 1216 3668 1269; x_wconf 70' lang='grc' dir='ltr'>καὶ</span> 
     </span>
    </p>
   </div>
   <div class='ocr_carea' id='block_1_28' title="bbox 2065 1303 3669 1377">
    <p class='ocr_par' dir='ltr' id='par_1_28' title="bbox 2065 1303 3669 1377">
     <span class='ocr_line' id='line_1_28' title="bbox 2065 1303 3669 1377; baseline 0.002 -21"><span class='ocrx_word' id='word_1_182' title='bbox 2065 1303 2174 1356; x_wconf 89' lang='grc' dir='ltr'><strong>τῶν</strong></span> <span class='ocrx_word' id='word_1_183' title='bbox 2229 1304 2350 1355; x_wconf 74' lang='grc' dir='ltr'>νυνὶ</span> <span class='ocrx_word' id='word_1_184' title='bbox 2405 1303 2634 1373; x_wconf 86' lang='grc' dir='ltr'><strong>χρόνων,</strong></span> <span class='ocrx_word' id='word_1_185' title='bbox 2688 1304 2900 1358; x_wconf 86' lang='grc' dir='ltr'>ἀκούων</span> <span class='ocrx_word' id='word_1_186' title='bbox 2936 1306 3089 1375; x_wconf 83' lang='grc' dir='ltr'>ὑμῶν</span> <span class='ocrx_word' id='word_1_187' title='bbox 3118 1305 3207 1357; x_wconf 91' lang='grc' dir='ltr'><strong>τὸν</strong></span> <span class='ocrx_word' id='word_1_188' title='bbox 3235 1306 3521 1377; x_wconf 81' lang='grc' dir='ltr'>θεοπρεπῆ</span> <span class='ocrx_word' id='word_1_189' title='bbox 3562 1309 3669 1359; x_wconf 77' lang='grc' dir='ltr'><strong>καὶ</strong></span> 
     </span>
    </p>
   </div>
   <div class='ocr_carea' id='block_1_29' title="bbox 2067 1393 3670 1468">
    <p class='ocr_par' dir='ltr' id='par_1_29' title="bbox 2067 1393 3670 1468">
     <span class='ocr_line' id='line_1_29' title="bbox 2067 1393 3670 1468; baseline 0.003 -21"><span class='ocrx_word' id='word_1_190' title='bbox 2067 1394 2320 1465; x_wconf 77' lang='grc' dir='ltr'><strong>ἐνάρετον</strong></span> <span class='ocrx_word' id='word_1_191' title='bbox 2355 1393 2489 1462; x_wconf 87' lang='grc' dir='ltr'>βίον,</span> <span class='ocrx_word' id='word_1_192' title='bbox 2522 1394 2622 1447; x_wconf 83' lang='grc' dir='ltr'><strong>οὐκ</strong></span> <span class='ocrx_word' id='word_1_193' title='bbox 2656 1394 2857 1466; x_wconf 75' lang='grc' dir='ltr'>ηὔξατο</span> <span class='ocrx_word' id='word_1_194' title='bbox 2889 1396 3032 1465; x_wconf 81' lang='grc' dir='ltr'>ὑμᾶς</span> <span class='ocrx_word' id='word_1_195' title='bbox 3062 1397 3360 1467; x_wconf 83' lang='grc' dir='ltr'>ίστορῆσαι,</span> <span class='ocrx_word' id='word_1_196' title='bbox 3388 1398 3486 1451; x_wconf 71' lang='grc' dir='ltr'><strong>καὶ</strong></span> <span class='ocrx_word' id='word_1_197' title='bbox 3512 1399 3670 1468; x_wconf 83' lang='grc' dir='ltr'>μετὰ</span> 
     </span>
    </p>
   </div>
   <div class='ocr_carea' id='block_1_30' title="bbox 2069 1483 3668 1558">
    <p class='ocr_par' dir='ltr' id='par_1_30' title="bbox 2069 1483 3668 1558">
     <span class='ocr_line' id='line_1_30' title="bbox 2069 1483 3668 1558; baseline 0.003 -22"><span class='ocrx_word' id='word_1_198' title='bbox 2069 1483 2265 1537; x_wconf 82' lang='grc' dir='ltr'>πολλοῦ</span> <span class='ocrx_word' id='word_1_199' title='bbox 2300 1483 2466 1537; x_wconf 90' lang='grc' dir='ltr'>πόθου</span> <span class='ocrx_word' id='word_1_200' title='bbox 2525 1484 2991 1555; x_wconf 75' lang='grc' dir='ltr'>περιπτύξασθαις</span> <span class='ocrx_word' id='word_1_201' title='bbox 3039 1487 3127 1553; x_wconf 78' lang='grc' dir='ltr'>Ἐξ</span> <span class='ocrx_word' id='word_1_202' title='bbox 3160 1488 3314 1558; x_wconf 81' lang='grc' dir='ltr'>ὑμῶν</span> <span class='ocrx_word' id='word_1_203' title='bbox 3347 1488 3494 1542; x_wconf 71' lang='grc' dir='ltr'><strong>ἀδεᾶ.</strong></span> <span class='ocrx_word' id='word_1_204' title='bbox 3532 1490 3668 1541; x_wconf 74' lang='grc' dir='ltr'>Ἀνι-</span> 
     </span>
    </p>
   </div>
   <div class='ocr_carea' id='block_1_31' title="bbox 2068 1570 3668 1648">
    <p class='ocr_par' dir='ltr' id='par_1_31' title="bbox 2068 1570 3668 1648">
     <span class='ocr_line' id='line_1_31' title="bbox 2068 1570 3668 1648; baseline 0.003 -20"><span class='ocrx_word' id='word_1_205' title='bbox 2068 1575 2258 1639; x_wconf 83' lang='grc' dir='ltr'>τώνιος</span> <span class='ocrx_word' id='word_1_206' title='bbox 2309 1576 2376 1628; x_wconf 89' lang='grc' dir='ltr'><strong>δι’</strong></span> <span class='ocrx_word' id='word_1_207' title='bbox 2409 1575 2706 1647; x_wconf 83' lang='grc' dir='ltr'><strong>ἀκρότατον</strong></span> <span class='ocrx_word' id='word_1_208' title='bbox 2738 1575 2850 1645; x_wconf 84' lang='grc' dir='ltr'>βίον</span> <span class='ocrx_word' id='word_1_209' title='bbox 2878 1578 3189 1648; x_wconf 85' lang='grc' dir='ltr'>γενόμενος,</span> <span class='ocrx_word' id='word_1_210' title='bbox 3220 1570 3282 1631; x_wconf 71' lang='grc' dir='ltr'>οὗ</span> <span class='ocrx_word' id='word_1_211' title='bbox 3336 1580 3432 1631; x_wconf 69' lang='grc' dir='ltr'>καὶ</span> <span class='ocrx_word' id='word_1_212' title='bbox 3478 1581 3507 1631; x_wconf 87' lang='grc' dir='ltr'><strong>ό</strong></span> <span class='ocrx_word' id='word_1_213' title='bbox 3540 1579 3668 1648; x_wconf 82' lang='grc' dir='ltr'>βίος</span> 
     </span>
    </p>
   </div>
   <div class='ocr_carea' id='block_1_32' title="bbox 2071 1666 3670 1741">
    <p class='ocr_par' dir='ltr' id='par_1_32' title="bbox 2071 1666 3670 1741">
     <span class='ocr_line' id='line_1_32' title="bbox 2071 1666 3670 1741; baseline 0.004 -22"><span class='ocrx_word' id='word_1_214' title='bbox 2071 1666 2380 1739; x_wconf 81' lang='grc' dir='ltr'>ἐγγραπτος</span> <span class='ocrx_word' id='word_1_215' title='bbox 2437 1667 2566 1739; x_wconf 72' lang='grc' dir='ltr'>παρ’</span> <span class='ocrx_word' id='word_1_216' title='bbox 2598 1667 2723 1737; x_wconf 84' lang='grc' dir='ltr'>ύμῖν</span> <span class='ocrx_word' id='word_1_217' title='bbox 2760 1668 3079 1734; x_wconf 76' lang='grc' dir='ltr'><strong>διασώζεται</strong></span> <span class='ocrx_word' id='word_1_218' title='bbox 3099 1668 3292 1741; x_wconf 74' lang='grc'><strong>(1-16)”</strong></span> <span class='ocrx_word' id='word_1_219' title='bbox 3315 1669 3396 1723; x_wconf 77' lang='grc' dir='ltr'><strong>ἔτι</strong></span> <span class='ocrx_word' id='word_1_220' title='bbox 3416 1688 3481 1724; x_wconf 85' lang='grc' dir='ltr'><strong>τε</strong></span> <span class='ocrx_word' id='word_1_221' title='bbox 3508 1672 3613 1725; x_wconf 79' lang='grc' dir='ltr'>καὶ</span> <span class='ocrx_word' id='word_1_222' title='bbox 3634 1675 3670 1725; x_wconf 85' lang='grc' dir='ltr'>ὁ</span> 
     </span>
    </p>
   </div>
   <div class='ocr_carea' id='block_1_33' title="bbox 396 1740 1980 1831">
    <p class='ocr_par' dir='ltr' id='par_1_33' title="bbox 396 1740 1969 1827">
     <span class='ocr_line' id='line_1_33' title="bbox 396 1740 1969 1827; baseline -0.013 -11"><span class='ocrx_word' id='word_1_223' title='bbox 396 1740 644 1817; x_wconf 85' lang='lat' dir='ltr'><strong>mendata</strong></span> <span class='ocrx_word' id='word_1_224' title='bbox 692 1756 832 1827; x_wconf 89' lang='lat' dir='ltr'><strong>apud</strong></span> <span class='ocrx_word' id='word_1_225' title='bbox 868 1770 964 1807; x_wconf 82' lang='lat' dir='ltr'><strong>vos</strong></span> <span class='ocrx_word' id='word_1_226' title='bbox 998 1761 1260 1807; x_wconf 79' lang='lat' dir='ltr'><strong>servatur.</strong></span> <span class='ocrx_word' id='word_1_227' title='bbox 1295 1746 1426 1802; x_wconf 85' lang='lat' dir='ltr'><strong>Item</strong></span> <span class='ocrx_word' id='word_1_228' title='bbox 1473 1761 1539 1801; x_wconf 78' lang='lat' dir='ltr'><strong>ex</strong></span> <span class='ocrx_word' id='word_1_229' title='bbox 1585 1745 1740 1799; x_wconf 89' lang='lat' dir='ltr'><strong>vobis</strong></span> <span class='ocrx_word' id='word_1_230' title='bbox 1801 1744 1969 1797; x_wconf 80' lang='lat' dir='ltr'><strong>abbas</strong></span> 
     </span>
    </p>
   </div>
   <div class='ocr_carea' id='block_1_34' title="bbox 2092 1740 3670 1831">
    <p class='ocr_par' dir='ltr' id='par_1_34' title="bbox 2092 1740 3670 1831">
     <span class='ocr_line' id='line_1_34' title="bbox 2092 1740 3670 1831; baseline 0.004 -20"><span class='ocrx_word' id='word_1_231' title='bbox 2092 1758 2215 1812; x_wconf 80' lang='grc' dir='ltr'><strong>ἰι66ἆ</strong></span> <span class='ocrx_word' id='word_1_232' title='bbox 2252 1759 2474 1829; x_wconf 82' lang='grc' dir='ltr'>Ἀμοῦν,</span> <span class='ocrx_word' id='word_1_233' title='bbox 2527 1760 2621 1813; x_wconf 59' lang='grc' dir='ltr'><strong>καὶ¹</strong></span> <span class='ocrx_word' id='word_1_234' title='bbox 2651 1759 2795 1813; x_wconf 79' lang='grc' dir='ltr'><strong>άόϐᾶ</strong></span> <span class='ocrx_word' id='word_1_235' title='bbox 2833 1762 3102 1831; x_wconf 83' lang='grc' dir='ltr'><strong>Ἰωάννης,</strong></span> <span class='ocrx_word' id='word_1_236' title='bbox 3146 1740 3420 1815; x_wconf 14' lang='grc' dir='ltr'>καὶνάὅὸἇ</span> <span class='ocrx_word' id='word_1_237' title='bbox 3458 1764 3670 1817; x_wconf 66' lang='lat' dir='ltr'><strong>Marti-</strong></span> 
     </span>
    </p>
   </div>
   <div class='ocr_carea' id='block_1_35' title="bbox 395 1834 1967 1916">
    <p class='ocr_par' dir='ltr' id='par_1_35' title="bbox 395 1834 1967 1916">
     <span class='ocr_line' id='line_1_35' title="bbox 395 1834 1967 1916; baseline -0.012 -9"><span class='ocrx_word' id='word_1_238' title='bbox 395 1855 597 1916; x_wconf 76' lang='lat' dir='ltr'><strong>Antun,</strong></span> <span class='ocrx_word' id='word_1_239' title='bbox 626 1859 681 1903; x_wconf 90' lang='lat' dir='ltr'><strong>et</strong></span> <span class='ocrx_word' id='word_1_240' title='bbox 719 1848 885 1903; x_wconf 83' lang='lat' dir='ltr'><strong>abbas</strong></span> <span class='ocrx_word' id='word_1_241' title='bbox 942 1844 1192 1908; x_wconf 73' lang='lat' dir='ltr'><strong>Ioannes,</strong></span> <span class='ocrx_word' id='word_1_242' title='bbox 1234 1852 1288 1898; x_wconf 89' lang='lat' dir='ltr'><strong>et</strong></span> <span class='ocrx_word' id='word_1_243' title='bbox 1346 1840 1511 1894; x_wconf 85' lang='lat' dir='ltr'><strong>abbas</strong></span> <span class='ocrx_word' id='word_1_244' title='bbox 1539 1836 1825 1900; x_wconf 77' lang='lat' dir='ltr'><strong>Macarius,</strong></span> <span class='ocrx_word' id='word_1_245' title='bbox 1878 1834 1967 1903; x_wconf 89' lang='lat' dir='ltr'><strong>qui</strong></span> 
     </span>
    </p>
   </div>
   <div class='ocr_carea' id='block_1_36' title="bbox 397 1925 1971 1997">
    <p class='ocr_par' dir='ltr' id='par_1_36' title="bbox 397 1925 1971 1997">
     <span class='ocr_line' id='line_1_36' title="bbox 397 1925 1971 1997; baseline -0.013 0"><span class='ocrx_word' id='word_1_246' title='bbox 397 1943 595 1997; x_wconf 73' lang='lat' dir='ltr'><strong>eximia</strong></span> <span class='ocrx_word' id='word_1_247' title='bbox 635 1940 831 1993; x_wconf 84' lang='lat' dir='ltr'><strong>virtute</strong></span> <span class='ocrx_word' id='word_1_248' title='bbox 869 1934 1160 1997; x_wconf 74' lang='lat' dir='ltr'><strong>fulserunt,</strong></span> <span class='ocrx_word' id='word_1_249' title='bbox 1198 1939 1251 1984; x_wconf 89' lang='lat' dir='ltr'><strong>et</strong></span> <span class='ocrx_word' id='word_1_250' title='bbox 1278 1925 1531 1983; x_wconf 88' lang='lat' dir='ltr'><strong>miracula</strong></span> <span class='ocrx_word' id='word_1_251' title='bbox 1571 1927 1757 1991; x_wconf 90' lang='lat' dir='ltr'><strong>etiam,</strong></span> <span class='ocrx_word' id='word_1_252' title='bbox 1811 1934 1971 1992; x_wconf 87' lang='lat' dir='ltr'><strong>atque</strong></span> 
     </span>
    </p>
   </div>
   <div class='ocr_carea' id='block_1_37' title="bbox 398 2014 1973 2089">
    <p class='ocr_par' dir='ltr' id='par_1_37' title="bbox 398 2014 1973 2089">
     <span class='ocr_line' id='line_1_37' title="bbox 398 2014 1973 2089; baseline -0.013 -1"><span class='ocrx_word' id='word_1_253' title='bbox 398 2034 502 2089; x_wconf 81' lang='lat' dir='ltr'><strong>alia</strong></span> <span class='ocrx_word' id='word_1_254' title='bbox 536 2027 907 2087; x_wconf 63' lang='lat' dir='ltr'><strong>sanctimonia</strong></span> <span class='ocrx_word' id='word_1_255' title='bbox 955 2039 1064 2079; x_wconf 69' lang='lat' dir='ltr'><strong>suae</strong></span> <span class='ocrx_word' id='word_1_256' title='bbox 1116 2025 1437 2077; x_wconf 88' lang='lat' dir='ltr'><strong>documenta</strong></span> <span class='ocrx_word' id='word_1_257' title='bbox 1476 2018 1785 2072; x_wconf 83' lang='lat' dir='ltr'><strong>hominibus</strong></span> <span class='ocrx_word' id='word_1_258' title='bbox 1821 2014 1973 2069; x_wconf 77' lang='lat' dir='ltr'><strong>exhi-</strong></span> 
     </span>
    </p>
   </div>
   <div class='ocr_carea' id='block_1_38' title="bbox 394 2109 1975 2188">
    <p class='ocr_par' dir='ltr' id='par_1_38' title="bbox 394 2109 1975 2188">
     <span class='ocr_line' id='line_1_38' title="bbox 394 2109 1975 2188; baseline -0.015 -7"><span class='ocrx_word' id='word_1_259' title='bbox 394 2127 661 2188; x_wconf 84' lang='lat' dir='ltr'><strong>buerunt;</strong></span> <span class='ocrx_word' id='word_1_260' title='bbox 708 2129 763 2175; x_wconf 93' lang='lat' dir='ltr'><strong>et</strong></span> <span class='ocrx_word' id='word_1_261' title='bbox 804 2119 1073 2173; x_wconf 65' lang='lat' dir='ltr'><strong>daemones</strong></span> <span class='ocrx_word' id='word_1_262' title='bbox 1114 2115 1220 2169; x_wconf 87' lang='lat' dir='ltr'><strong>Deo</strong></span> <span class='ocrx_word' id='word_1_263' title='bbox 1268 2111 1487 2165; x_wconf 82' lang='lat' dir='ltr'><strong>volente</strong></span> <span class='ocrx_word' id='word_1_264' title='bbox 1535 2109 1975 2179; x_wconf 82' lang='lat' dir='ltr'><strong>ejicientes,ma-</strong></span> 
     </span>
    </p>
   </div>
   <div class='ocr_carea' id='block_1_39' title="bbox 398 2200 1974 2287">
    <p class='ocr_par' dir='ltr' id='par_1_39' title="bbox 398 2200 1974 2287">
     <span class='ocr_line' id='line_1_39' title="bbox 398 2200 1974 2287; baseline -0.012 -18"><span class='ocrx_word' id='word_1_265' title='bbox 398 2226 642 2287; x_wconf 75' lang='lat' dir='ltr'><strong>gnosque</strong></span> <span class='ocrx_word' id='word_1_266' title='bbox 673 2209 995 2264; x_wconf 85' lang='lat' dir='ltr'><strong>morborum</strong></span> <span class='ocrx_word' id='word_1_267' title='bbox 1024 2204 1235 2261; x_wconf 86' lang='lat' dir='ltr'><strong>dolores</strong></span> <span class='ocrx_word' id='word_1_268' title='bbox 1270 2202 1554 2271; x_wconf 87' lang='lat' dir='ltr'><strong>variasque</strong></span> <span class='ocrx_word' id='word_1_269' title='bbox 1580 2200 1856 2270; x_wconf 84' lang='lat' dir='ltr'><strong>passiones</strong></span> <span class='ocrx_word' id='word_1_270' title='bbox 1887 2212 1974 2252; x_wconf 87' lang='lat' dir='ltr'><strong>sa-</strong></span> 
     </span>
    </p>
   </div>
   <div class='ocr_carea' id='block_1_40' title="bbox 399 2290 1973 2369">
    <p class='ocr_par' dir='ltr' id='par_1_40' title="bbox 399 2290 1973 2369">
     <span class='ocr_line' id='line_1_40' title="bbox 399 2290 1973 2369; baseline -0.013 -9"><span class='ocrx_word' id='word_1_271' title='bbox 399 2312 616 2369; x_wconf 81' lang='lat' dir='ltr'><strong>nautes,</strong></span> <span class='ocrx_word' id='word_1_272' title='bbox 656 2299 881 2354; x_wconf 74' lang='lat' dir='ltr'><strong>medicae</strong></span> <span class='ocrx_word' id='word_1_273' title='bbox 912 2296 1044 2350; x_wconf 89' lang='lat' dir='ltr'><strong>artis</strong></span> <span class='ocrx_word' id='word_1_274' title='bbox 1094 2292 1323 2350; x_wconf 82' lang='lat' dir='ltr'><strong>debilem</strong></span> <span class='ocrx_word' id='word_1_275' title='bbox 1350 2306 1470 2346; x_wconf 89' lang='lat' dir='ltr'><strong>esse</strong></span> <span class='ocrx_word' id='word_1_276' title='bbox 1504 2290 1756 2344; x_wconf 83' lang='lat' dir='ltr'><strong>virtutem</strong></span> <span class='ocrx_word' id='word_1_277' title='bbox 1786 2298 1973 2344; x_wconf 88' lang='lat' dir='ltr'><strong>osten-</strong></span> 
     </span>
    </p>
   </div>
   <div class='ocr_carea' id='block_1_41' title="bbox 398 2375 1978 2454">
    <p class='ocr_par' dir='ltr' id='par_1_41' title="bbox 398 2375 1978 2454">
     <span class='ocr_line' id='line_1_41' title="bbox 398 2375 1978 2454; baseline -0.013 -5"><span class='ocrx_word' id='word_1_278' title='bbox 398 2396 614 2451; x_wconf 89' lang='lat' dir='ltr'><strong>derunt.</strong></span> <span class='ocrx_word' id='word_1_279' title='bbox 671 2389 860 2445; x_wconf 77' lang='lat' dir='ltr'><strong>Medici</strong></span> <span class='ocrx_word' id='word_1_280' title='bbox 907 2386 1051 2442; x_wconf 90' lang='lat' dir='ltr'><strong>enim</strong></span> <span class='ocrx_word' id='word_1_281' title='bbox 1090 2399 1226 2454; x_wconf 89' lang='lat' dir='ltr'><strong>quos</strong></span> <span class='ocrx_word' id='word_1_282' title='bbox 1254 2382 1471 2436; x_wconf 87' lang='lat' dir='ltr'><strong>morbos</strong></span> <span class='ocrx_word' id='word_1_283' title='bbox 1498 2393 1832 2448; x_wconf 83' lang='lat' dir='ltr'><strong>nequaquam</strong></span> <span class='ocrx_word' id='word_1_284' title='bbox 1866 2375 1978 2445; x_wconf 90' lang='lat' dir='ltr'><strong>pel-</strong></span> 
     </span>
    </p>
   </div>
   <div class='ocr_carea' id='block_1_42' title="bbox 401 2465 1977 2553">
    <p class='ocr_par' dir='ltr' id='par_1_42' title="bbox 401 2465 1977 2553">
     <span class='ocr_line' id='line_1_42' title="bbox 401 2465 1977 2553; baseline -0.013 -15"><span class='ocrx_word' id='word_1_285' title='bbox 401 2486 512 2540; x_wconf 87' lang='lat' dir='ltr'><strong>lere</strong></span> <span class='ocrx_word' id='word_1_286' title='bbox 535 2488 802 2553; x_wconf 86' lang='lat' dir='ltr'><strong>poterant,</strong></span> <span class='ocrx_word' id='word_1_287' title='bbox 861 2492 955 2533; x_wconf 88' lang='lat' dir='ltr'><strong>eos</strong></span> <span class='ocrx_word' id='word_1_288' title='bbox 988 2478 1179 2531; x_wconf 88' lang='lat' dir='ltr'><strong>borum</strong></span> <span class='ocrx_word' id='word_1_289' title='bbox 1217 2480 1530 2528; x_wconf 90' lang='lat' dir='ltr'><strong>sanctorum</strong></span> <span class='ocrx_word' id='word_1_290' title='bbox 1558 2467 1809 2538; x_wconf 85' lang='lat' dir='ltr'><strong>precibus</strong></span> <span class='ocrx_word' id='word_1_291' title='bbox 1847 2465 1977 2520; x_wconf 84' lang='lat' dir='ltr'><strong>vali-</strong></span> 
     </span>
    </p>
   </div>
   <div class='ocr_carea' id='block_1_43' title="bbox 402 2557 1978 2646">
    <p class='ocr_par' dir='ltr' id='par_1_43' title="bbox 402 2557 1978 2646">
     <span class='ocr_line' id='line_1_43' title="bbox 402 2557 1978 2646; baseline -0.012 -15"><span class='ocrx_word' id='word_1_292' title='bbox 402 2579 588 2646; x_wconf 57' lang='lat' dir='ltr'><strong>daque</strong></span> <span class='ocrx_word' id='word_1_293' title='bbox 632 2574 754 2628; x_wconf 77' lang='lat' dir='ltr'><strong>fidei</strong></span> <span class='ocrx_word' id='word_1_294' title='bbox 796 2567 1189 2641; x_wconf 88' lang='lat' dir='ltr'><strong>pervincendos</strong></span> <span class='ocrx_word' id='word_1_295' title='bbox 1228 2561 1618 2627; x_wconf 84' lang='lat' dir='ltr'><strong>concedebant,</strong></span> <span class='ocrx_word' id='word_1_296' title='bbox 1661 2558 1857 2628; x_wconf 89' lang='lat' dir='ltr'><strong>quippe</strong></span> <span class='ocrx_word' id='word_1_297' title='bbox 1888 2557 1978 2626; x_wconf 89' lang='lat' dir='ltr'><strong>qui</strong></span> 
     </span>
    </p>
   </div>
   <div class='ocr_carea' id='block_1_44' title="bbox 402 2656 1977 2725">
    <p class='ocr_par' dir='ltr' id='par_1_44' title="bbox 402 2656 1977 2725">
     <span class='ocr_line' id='line_1_44' title="bbox 402 2656 1977 2725; baseline -0.011 -5"><span class='ocrx_word' id='word_1_298' title='bbox 402 2668 536 2722; x_wconf 88' lang='lat' dir='ltr'><strong>artis</strong></span> <span class='ocrx_word' id='word_1_299' title='bbox 572 2681 683 2720; x_wconf 65' lang='lat' dir='ltr'><strong>suae</strong></span> <span class='ocrx_word' id='word_1_300' title='bbox 720 2663 921 2717; x_wconf 90' lang='lat' dir='ltr'><strong>limites</strong></span> <span class='ocrx_word' id='word_1_301' title='bbox 954 2656 1337 2725; x_wconf 90' lang='lat' dir='ltr'><strong>modulumque</strong></span> <span class='ocrx_word' id='word_1_302' title='bbox 1370 2659 1670 2708; x_wconf 83' lang='lat' dir='ltr'><strong>noverant:</strong></span> <span class='ocrx_word' id='word_1_303' title='bbox 1708 2666 1826 2721; x_wconf 80' lang='lat' dir='ltr'><strong>quae</strong></span> <span class='ocrx_word' id='word_1_304' title='bbox 1855 2665 1977 2704; x_wconf 91' lang='lat' dir='ltr'><strong>cum</strong></span> 
     </span>
    </p>
   </div>
   <div class='ocr_carea' id='block_1_45' title="bbox 404 2739 1981 2828">
    <p class='ocr_par' dir='ltr' id='par_1_45' title="bbox 404 2739 1981 2828">
     <span class='ocr_line' id='line_1_45' title="bbox 404 2739 1981 2828; baseline -0.014 -15"><span class='ocrx_word' id='word_1_305' title='bbox 404 2773 560 2828; x_wconf 80' lang='lat' dir='ltr'><strong>reges</strong></span> <span class='ocrx_word' id='word_1_306' title='bbox 604 2754 872 2819; x_wconf 86' lang='lat' dir='ltr'><strong>audirent,</strong></span> <span class='ocrx_word' id='word_1_307' title='bbox 919 2747 1167 2805; x_wconf 88' lang='lat' dir='ltr'><strong>admirati</strong></span> <span class='ocrx_word' id='word_1_308' title='bbox 1209 2759 1536 2815; x_wconf 75' lang='lat' dir='ltr'><strong>magnopere</strong></span> <span class='ocrx_word' id='word_1_309' title='bbox 1588 2742 1756 2797; x_wconf 91' lang='lat' dir='ltr'><strong>Deum</strong></span> <span class='ocrx_word' id='word_1_310' title='bbox 1788 2739 1981 2793; x_wconf 80' lang='lat' dir='ltr'><strong>lauda-</strong></span> 
     </span>
    </p>
   </div>
   <div class='ocr_carea' id='block_1_46' title="bbox 407 2852 556 2903">
    <p class='ocr_par' dir='ltr' id='par_1_46' title="bbox 407 2852 556 2903">
     <span class='ocr_line' id='line_1_46' title="bbox 407 2852 556 2903; baseline -0.02 0"><span class='ocrx_word' id='word_1_311' title='bbox 407 2852 556 2903; x_wconf 83' lang='lat' dir='ltr'><strong>bant.</strong></span> 
     </span>
    </p>
   </div>
   <div class='ocr_carea' id='block_1_47' title="bbox 475 2923 1980 2997">
    <p class='ocr_par' dir='ltr' id='par_1_47' title="bbox 475 2923 1980 2997">
     <span class='ocr_line' id='line_1_47' title="bbox 475 2923 1980 2997; baseline -0.014 -3"><span class='ocrx_word' id='word_1_312' title='bbox 475 2937 618 2993; x_wconf 77' lang='lat' dir='ltr'><strong>XIV.</strong></span> <span class='ocrx_word' id='word_1_313' title='bbox 648 2938 774 2991; x_wconf 72' lang='lat' dir='ltr'><strong>Ilazc</strong></span> <span class='ocrx_word' id='word_1_314' title='bbox 805 2946 901 2988; x_wconf 79' lang='lat' dir='ltr'><strong>vos</strong></span> <span class='ocrx_word' id='word_1_315' title='bbox 932 2945 1017 2986; x_wconf 89' lang='lat' dir='ltr'><strong>me</strong></span> <span class='ocrx_word' id='word_1_316' title='bbox 1042 2928 1157 2997; x_wconf 92' lang='lat' dir='ltr'><strong>ipso</strong></span> <span class='ocrx_word' id='word_1_317' title='bbox 1193 2924 1495 2981; x_wconf 86' lang='lat' dir='ltr'><strong>accuratius</strong></span> <span class='ocrx_word' id='word_1_318' title='bbox 1521 2923 1700 2979; x_wconf 88' lang='lat' dir='ltr'><strong>scitis:</strong></span> <span class='ocrx_word' id='word_1_319' title='bbox 1725 2937 1819 2977; x_wconf 88' lang='lat' dir='ltr'><strong>vos</strong></span> <span class='ocrx_word' id='word_1_320' title='bbox 1839 2935 1980 2975; x_wconf 79' lang='lat' dir='ltr'><strong>enim</strong></span> 
     </span>
    </p>
   </div>
   <div class='ocr_carea' id='block_1_48' title="bbox 408 3013 1981 3099">
    <p class='ocr_par' dir='ltr' id='par_1_48' title="bbox 408 3013 1981 3099">
     <span class='ocr_line' id='line_1_48' title="bbox 408 3013 1981 3099; baseline -0.008 -18"><span class='ocrx_word' id='word_1_321' title='bbox 408 3042 529 3084; x_wconf 72' lang='lat' dir='ltr'><strong>cum</strong></span> <span class='ocrx_word' id='word_1_322' title='bbox 565 3024 836 3099; x_wconf 52' lang='lat' dir='ltr'><strong>praedictis</strong></span> <span class='ocrx_word' id='word_1_323' title='bbox 859 3020 1059 3078; x_wconf 85' lang='lat' dir='ltr'><strong>versati</strong></span> <span class='ocrx_word' id='word_1_324' title='bbox 1087 3019 1259 3087; x_wconf 89' lang='lat' dir='ltr'><strong>estis,</strong></span> <span class='ocrx_word' id='word_1_325' title='bbox 1310 3030 1517 3071; x_wconf 89' lang='lat' dir='ltr'><strong>necnon</strong></span> <span class='ocrx_word' id='word_1_326' title='bbox 1562 3024 1743 3084; x_wconf 88' lang='lat' dir='ltr'><strong>patres</strong></span> <span class='ocrx_word' id='word_1_327' title='bbox 1791 3013 1981 3069; x_wconf 84' lang='lat' dir='ltr'><strong>vestri.</strong></span> 
     </span>
    </p>
   </div>
   <div class='ocr_carea' id='block_1_49' title="bbox 2078 1850 3667 1926">
    <p class='ocr_par' dir='ltr' id='par_1_49' title="bbox 2078 1850 3667 1926">
     <span class='ocr_line' id='line_1_49' title="bbox 2078 1850 3667 1926; baseline 0.003 -24"><span class='ocrx_word' id='word_1_328' title='bbox 2078 1866 2190 1923; x_wconf 89' lang='grc' dir='ltr'>ριος</span> <span class='ocrx_word' id='word_1_329' title='bbox 2218 1850 2352 1921; x_wconf 85' lang='lat' dir='ltr'><strong>(l7),</strong></span> <span class='ocrx_word' id='word_1_330' title='bbox 2385 1851 2434 1903; x_wconf 83' lang='grc' dir='ltr'>οἳ</span> <span class='ocrx_word' id='word_1_331' title='bbox 2464 1850 2585 1904; x_wconf 77' lang='grc' dir='ltr'>καθ’</span> <span class='ocrx_word' id='word_1_332' title='bbox 2612 1850 2917 1923; x_wconf 76' lang='grc' dir='ltr'>ὑπερϐολὴν</span> <span class='ocrx_word' id='word_1_333' title='bbox 2958 1852 3224 1926; x_wconf 82' lang='grc' dir='ltr'>ἐναρέτως</span> <span class='ocrx_word' id='word_1_334' title='bbox 3250 1852 3584 1923; x_wconf 68' lang='grc' dir='ltr'>διέλαμψαν,</span> <span class='ocrx_word' id='word_1_335' title='bbox 3610 1854 3667 1907; x_wconf 77' lang='grc' dir='ltr'>οἰ</span> 
     </span>
    </p>
   </div>
   <div class='ocr_carea' id='block_1_50' title="bbox 2076 1939 3669 2012">
    <p class='ocr_par' dir='ltr' id='par_1_50' title="bbox 2076 1939 3669 2012">
     <span class='ocr_line' id='line_1_50' title="bbox 2076 1939 3669 2012; baseline 0.003 -21"><span class='ocrx_word' id='word_1_336' title='bbox 2076 1939 2171 1992; x_wconf 72' lang='grc' dir='ltr'><strong>καὶ</strong></span> <span class='ocrx_word' id='word_1_337' title='bbox 2200 1941 2400 2009; x_wconf 85' lang='grc' dir='ltr'>σημεῖα</span> <span class='ocrx_word' id='word_1_338' title='bbox 2431 1939 2522 1992; x_wconf 83' lang='grc' dir='ltr'>καί</span> <span class='ocrx_word' id='word_1_339' title='bbox 2563 1939 2754 2009; x_wconf 84' lang='grc' dir='ltr'>ἐτέρας</span> <span class='ocrx_word' id='word_1_340' title='bbox 2773 1939 3031 2010; x_wconf 87' lang='grc' dir='ltr'>δυνάμεις</span> <span class='ocrx_word' id='word_1_341' title='bbox 3068 1943 3178 2005; x_wconf 83' lang='grc' dir='ltr'>τοῖς</span> <span class='ocrx_word' id='word_1_342' title='bbox 3202 1940 3514 2012; x_wconf 85' lang='grc' dir='ltr'>ἀνθρώποις</span> <span class='ocrx_word' id='word_1_343' title='bbox 3562 1943 3669 1995; x_wconf 79' lang='grc' dir='ltr'>ἐπ-</span> 
     </span>
    </p>
   </div>
   <div class='ocr_carea' id='block_1_51' title="bbox 2077 2026 3669 2101">
    <p class='ocr_par' dir='ltr' id='par_1_51' title="bbox 2077 2026 3669 2101">
     <span class='ocr_line' id='line_1_51' title="bbox 2077 2026 3669 2101; baseline 0.003 -21"><span class='ocrx_word' id='word_1_344' title='bbox 2077 2026 2367 2093; x_wconf 79' lang='grc' dir='ltr'>εδείξαντο,</span> <span class='ocrx_word' id='word_1_345' title='bbox 2389 2027 2528 2081; x_wconf 86' lang='grc' dir='ltr'><strong>κατά</strong></span> <span class='ocrx_word' id='word_1_346' title='bbox 2555 2027 2803 2099; x_wconf 86' lang='grc' dir='ltr'>βούλησιν</span> <span class='ocrx_word' id='word_1_347' title='bbox 2832 2028 2964 2083; x_wconf 82' lang='grc' dir='ltr'>Θεοῦ</span> <span class='ocrx_word' id='word_1_348' title='bbox 2991 2030 3240 2101; x_wconf 88' lang='grc' dir='ltr'>δαιμόνια</span> <span class='ocrx_word' id='word_1_349' title='bbox 3261 2030 3669 2100; x_wconf 75' lang='grc' dir='ltr'><strong>ἀπελάσαντες,</strong></span> 
     </span>
    </p>
   </div>
   <div class='ocr_carea' id='block_1_52' title="bbox 2077 2118 3670 2193">
    <p class='ocr_par' dir='ltr' id='par_1_52' title="bbox 2077 2118 3670 2193">
     <span class='ocr_line' id='line_1_52' title="bbox 2077 2118 3670 2193; baseline 0.003 -22"><span class='ocrx_word' id='word_1_350' title='bbox 2077 2119 2172 2171; x_wconf 81' lang='grc' dir='ltr'><strong>καὶ</strong></span> <span class='ocrx_word' id='word_1_351' title='bbox 2226 2118 2468 2189; x_wconf 83' lang='grc' dir='ltr'>μεγάλας</span> <span class='ocrx_word' id='word_1_352' title='bbox 2494 2120 2817 2190; x_wconf 86' lang='grc' dir='ltr'>νοσημάτων</span> <span class='ocrx_word' id='word_1_353' title='bbox 2863 2120 3158 2190; x_wconf 79' lang='grc' dir='ltr'><strong>ἀλγηδόνας</strong></span> <span class='ocrx_word' id='word_1_354' title='bbox 3206 2122 3510 2193; x_wconf 82' lang='grc' dir='ltr'>ίασάμενοι,</span> <span class='ocrx_word' id='word_1_355' title='bbox 3565 2124 3670 2176; x_wconf 72' lang='grc' dir='ltr'>καὶ</span> 
     </span>
    </p>
   </div>
   <div class='ocr_carea' id='block_1_53' title="bbox 2077 2208 3665 2285">
    <p class='ocr_par' dir='ltr' id='par_1_53' title="bbox 2077 2208 3665 2285">
     <span class='ocr_line' id='line_1_53' title="bbox 2077 2208 3665 2285; baseline 0.004 -25"><span class='ocrx_word' id='word_1_356' title='bbox 2077 2208 2242 2268; x_wconf 77' lang='grc' dir='ltr'>ἕτερά</span> <span class='ocrx_word' id='word_1_357' title='bbox 2264 2226 2387 2262; x_wconf 90' lang='grc' dir='ltr'>τινα</span> <span class='ocrx_word' id='word_1_358' title='bbox 2417 2209 2583 2280; x_wconf 86' lang='grc' dir='ltr'>πάθη,</span> <span class='ocrx_word' id='word_1_359' title='bbox 2606 2209 2714 2264; x_wconf 88' lang='grc' dir='ltr'><strong>τῶν</strong></span> <span class='ocrx_word' id='word_1_360' title='bbox 2751 2210 2949 2283; x_wconf 83' lang='grc' dir='ltr'>ίατρῶν</span> <span class='ocrx_word' id='word_1_361' title='bbox 2974 2210 3180 2276; x_wconf 72' lang='grc' dir='ltr'>ἔδειξαν</span> <span class='ocrx_word' id='word_1_362' title='bbox 3203 2212 3303 2285; x_wconf 78' lang='grc' dir='ltr'>τὴν</span> <span class='ocrx_word' id='word_1_363' title='bbox 3332 2213 3626 2267; x_wconf 87' lang='grc' dir='ltr'>ἀσθένειαν</span> <span class='ocrx_word' id='word_1_364' title='bbox 3645 2229 3665 2244; x_wconf 75' lang='grc' dir='ltr'><strong>ο</strong></span> 
     </span>
    </p>
   </div>
   <div class='ocr_carea' id='block_1_54' title="bbox 2078 2296 3669 2373">
    <p class='ocr_par' dir='ltr' id='par_1_54' title="bbox 2078 2296 3669 2373">
     <span class='ocr_line' id='line_1_54' title="bbox 2078 2296 3669 2373; baseline 0.005 -24"><span class='ocrx_word' id='word_1_365' title='bbox 2078 2296 2249 2370; x_wconf 77' lang='grc' dir='ltr'>ἆγὰρ</span> <span class='ocrx_word' id='word_1_366' title='bbox 2307 2298 2408 2351; x_wconf 82' lang='grc' dir='ltr'><strong>οὐκ</strong></span> <span class='ocrx_word' id='word_1_367' title='bbox 2451 2298 2711 2368; x_wconf 77' lang='grc' dir='ltr'>ἠδύναντο</span> <span class='ocrx_word' id='word_1_368' title='bbox 2772 2299 2920 2372; x_wconf 87' lang='grc' dir='ltr'>πάθη</span> <span class='ocrx_word' id='word_1_369' title='bbox 2971 2299 3021 2353; x_wconf 83' lang='lat' dir='ltr'><strong>oi</strong></span> <span class='ocrx_word' id='word_1_370' title='bbox 3079 2303 3250 2373; x_wconf 73' lang='grc' dir='ltr'>ἰατροὶ</span> <span class='ocrx_word' id='word_1_371' title='bbox 3296 2302 3669 2373; x_wconf 69' lang='grc' dir='ltr'>θεραπεύσαι,</span> 
     </span>
    </p>
   </div>
   <div class='ocr_carea' id='block_1_55' title="bbox 2081 2387 3671 2465">
    <p class='ocr_par' dir='ltr' id='par_1_55' title="bbox 2081 2387 3671 2465">
     <span class='ocr_line' id='line_1_55' title="bbox 2081 2387 3671 2465; baseline 0.005 -25"><span class='ocrx_word' id='word_1_372' title='bbox 2081 2388 2253 2441; x_wconf 85' lang='grc' dir='ltr'>ταῦτα</span> <span class='ocrx_word' id='word_1_373' title='bbox 2276 2390 2395 2451; x_wconf 86' lang='grc' dir='ltr'>ταῖς</span> <span class='ocrx_word' id='word_1_374' title='bbox 2444 2387 2649 2442; x_wconf 89' lang='grc' dir='ltr'>τούτων</span> <span class='ocrx_word' id='word_1_375' title='bbox 2702 2389 2885 2457; x_wconf 77' lang='grc' dir='ltr'>ἁγίαις</span> <span class='ocrx_word' id='word_1_376' title='bbox 2915 2390 3099 2461; x_wconf 81' lang='grc' dir='ltr'>εὐχαῖς</span> <span class='ocrx_word' id='word_1_377' title='bbox 3132 2393 3227 2444; x_wconf 74' lang='grc' dir='ltr'><strong>καὶ</strong></span> <span class='ocrx_word' id='word_1_378' title='bbox 3249 2393 3447 2465; x_wconf 73' lang='grc' dir='ltr'>ἰσχυρᾷ</span> <span class='ocrx_word' id='word_1_379' title='bbox 3474 2394 3671 2448; x_wconf 75' lang='grc' dir='ltr'>πίστει</span> 
     </span>
    </p>
   </div>
   <div class='ocr_carea' id='block_1_56' title="bbox 2083 2474 3670 2551">
    <p class='ocr_par' dir='ltr' id='par_1_56' title="bbox 2083 2474 3670 2551">
     <span class='ocr_line' id='line_1_56' title="bbox 2083 2474 3670 2551; baseline 0.004 -23"><span class='ocrx_word' id='word_1_380' title='bbox 2083 2475 2456 2547; x_wconf 73' lang='grc' dir='ltr'>παρεχώρουν,</span> <span class='ocrx_word' id='word_1_381' title='bbox 2490 2474 2584 2528; x_wconf 79' lang='grc' dir='ltr'>τοῦ</span> <span class='ocrx_word' id='word_1_382' title='bbox 2632 2476 2813 2528; x_wconf 72' lang='grc' dir='ltr'>ἰᾶσθαι</span> <span class='ocrx_word' id='word_1_383' title='bbox 2833 2476 2921 2529; x_wconf 84' lang='grc' dir='ltr'><strong>τὸν</strong></span> <span class='ocrx_word' id='word_1_384' title='bbox 2950 2480 3143 2532; x_wconf 80' lang='grc' dir='ltr'>οἰκεῖον</span> <span class='ocrx_word' id='word_1_385' title='bbox 3172 2480 3369 2551; x_wconf 86' lang='grc' dir='ltr'>τρόπον</span> <span class='ocrx_word' id='word_1_386' title='bbox 3399 2481 3670 2550; x_wconf 71' lang='grc' dir='ltr'>ἐπιγινώ-</span> 
     </span>
    </p>
   </div>
   <div class='ocr_carea' id='block_1_57' title="bbox 2086 2565 3668 2640">
    <p class='ocr_par' dir='ltr' id='par_1_57' title="bbox 2086 2565 3668 2640">
     <span class='ocr_line' id='line_1_57' title="bbox 2086 2565 3668 2640; baseline 0.006 -21"><span class='ocrx_word' id='word_1_387' title='bbox 2086 2583 2305 2630; x_wconf 87' lang='grc' dir='ltr'>σκοντες</span> <span class='ocrx_word' id='word_1_388' title='bbox 2328 2568 2455 2637; x_wconf 62' lang='grc' dir='ltr'>τοὺς</span> <span class='ocrx_word' id='word_1_389' title='bbox 2494 2567 2682 2637; x_wconf 85' lang='grc' dir='ltr'>ὄρους·</span> <span class='ocrx_word' id='word_1_390' title='bbox 2730 2565 2904 2621; x_wconf 78' lang='grc' dir='ltr'>ταῦτα</span> <span class='ocrx_word' id='word_1_391' title='bbox 2936 2568 3173 2637; x_wconf 82' lang='grc' dir='ltr'>βασιλεῖς</span> <span class='ocrx_word' id='word_1_392' title='bbox 3206 2571 3512 2640; x_wconf 84' lang='grc' dir='ltr'>ἀκούοντες,</span> <span class='ocrx_word' id='word_1_393' title='bbox 3538 2573 3668 2628; x_wconf 61' lang='lat' dir='ltr'><strong>lico</strong></span> 
     </span>
    </p>
   </div>
   <div class='ocr_carea' id='block_1_58' title="bbox 2084 2652 2949 2729">
    <p class='ocr_par' dir='ltr' id='par_1_58' title="bbox 2084 2652 2949 2729">
     <span class='ocr_line' id='line_1_58' title="bbox 2084 2652 2949 2729; baseline 0.005 -20"><span class='ocrx_word' id='word_1_394' title='bbox 2084 2656 2452 2728; x_wconf 76' lang='grc' dir='ltr'>ἐθαυμάζοντο</span> <span class='ocrx_word' id='word_1_395' title='bbox 2479 2657 2610 2712; x_wconf 86' lang='grc' dir='ltr'>Θεὸν</span> <span class='ocrx_word' id='word_1_396' title='bbox 2634 2652 2949 2729; x_wconf 60' lang='grc' dir='ltr'>ὑμνοῦντες.</span> 
     </span>
    </p>
   </div>
   <div class='ocr_carea' id='block_1_59' title="bbox 2160 2920 3665 3000">
    <p class='ocr_par' dir='ltr' id='par_1_59' title="bbox 2160 2920 3665 3000">
     <span class='ocr_line' id='line_1_59' title="bbox 2160 2920 3665 3000; baseline 0.006 -27"><span class='ocrx_word' id='word_1_397' title='bbox 2160 2920 2254 2973; x_wconf 86' lang='grc' dir='ltr'><strong>1Δ’.</strong></span> <span class='ocrx_word' id='word_1_398' title='bbox 2298 2921 2483 2975; x_wconf 78' lang='grc' dir='ltr'>Ταῦτα</span> <span class='ocrx_word' id='word_1_399' title='bbox 2514 2922 2714 2992; x_wconf 79' lang='grc' dir='ltr'>μᾶλλον</span> <span class='ocrx_word' id='word_1_400' title='bbox 2746 2923 2859 2977; x_wconf 74' lang='grc' dir='ltr'>ἴστε</span> <span class='ocrx_word' id='word_1_401' title='bbox 2889 2921 3043 2995; x_wconf 83' lang='grc' dir='ltr'>ἡμῶν</span> <span class='ocrx_word' id='word_1_402' title='bbox 3071 2924 3310 2997; x_wconf 77' lang='grc' dir='ltr'>ἀκριϐῶς</span> <span class='ocrx_word' id='word_1_403' title='bbox 3330 2944 3342 2955; x_wconf 92' lang='grc'><strong>·</strong></span> <span class='ocrx_word' id='word_1_404' title='bbox 3372 2925 3525 2997; x_wconf 81' lang='grc' dir='ltr'>ὑμεῖς</span> <span class='ocrx_word' id='word_1_405' title='bbox 3552 2927 3665 3000; x_wconf 81' lang='grc' dir='ltr'>γὰρ</span> 
     </span>
    </p>
   </div>
   <div class='ocr_carea' id='block_1_60' title="bbox 2089 3012 3663 3090">
    <p class='ocr_par' dir='ltr' id='par_1_60' title="bbox 2089 3012 3663 3090">
     <span class='ocr_line' id='line_1_60' title="bbox 2089 3012 3663 3090; baseline 0.005 -26"><span class='ocrx_word' id='word_1_406' title='bbox 2089 3012 2269 3076; x_wconf 85' lang='grc' dir='ltr'>αὐτοῖς</span> <span class='ocrx_word' id='word_1_407' title='bbox 2294 3014 2387 3066; x_wconf 78' lang='grc' dir='ltr'>καὶ</span> <span class='ocrx_word' id='word_1_408' title='bbox 2421 3012 2833 3086; x_wconf 75' lang='grc' dir='ltr'>συνδιατρίψατε</span> <span class='ocrx_word' id='word_1_409' title='bbox 2863 3016 2973 3087; x_wconf 82' lang='lat' dir='ltr'><strong>(l8)</strong></span> <span class='ocrx_word' id='word_1_410' title='bbox 3008 3016 3102 3070; x_wconf 70' lang='grc' dir='ltr'><strong>καὶ</strong></span> <span class='ocrx_word' id='word_1_411' title='bbox 3127 3019 3177 3070; x_wconf 89' lang='grc' dir='ltr'><strong>οί</strong></span> <span class='ocrx_word' id='word_1_412' title='bbox 3221 3020 3451 3090; x_wconf 86' lang='grc' dir='ltr'>πατέρες</span> <span class='ocrx_word' id='word_1_413' title='bbox 3474 3021 3663 3090; x_wconf 81' lang='grc' dir='ltr'>ὐμῶν-</span> 
     </span>
    </p>
   </div>
   <div class='ocr_carea' id='block_1_61' title="bbox 407 3092 1980 3191">
    <p class='ocr_par' dir='ltr' id='par_1_61' title="bbox 407 3092 1980 3191">
     <span class='ocr_line' id='line_1_61' title="bbox 407 3092 1980 3191; baseline -0.014 -11"><span class='ocrx_word' id='word_1_414' title='bbox 407 3124 541 3191; x_wconf 80' lang='lat' dir='ltr'><strong>Quis</strong></span> <span class='ocrx_word' id='word_1_415' title='bbox 566 3092 717 3190; x_wconf 42' lang='lat' dir='ltr'><strong>&#39;ergo</strong></span> <span class='ocrx_word' id='word_1_416' title='bbox 761 3116 951 3173; x_wconf 87' lang='lat' dir='ltr'><strong>Iaudes</strong></span> <span class='ocrx_word' id='word_1_417' title='bbox 1000 3120 1209 3167; x_wconf 87' lang='lat' dir='ltr'><strong>vestras</strong></span> <span class='ocrx_word' id='word_1_418' title='bbox 1241 3110 1402 3178; x_wconf 83' lang='lat' dir='ltr'><strong>digne</strong></span> <span class='ocrx_word' id='word_1_419' title='bbox 1468 3119 1726 3160; x_wconf 88' lang='lat' dir='ltr'><strong>enarrare</strong></span> <span class='ocrx_word' id='word_1_420' title='bbox 1765 3104 1980 3158; x_wconf 71' lang='lat' dir='ltr'><strong>valeat?</strong></span> 
     </span>
    </p>
   </div>
   <div class='ocr_carea' id='block_1_62' title="bbox 2092 3092 3668 3191">
    <p class='ocr_par' dir='ltr' id='par_1_62' title="bbox 2092 3101 3668 3180">
     <span class='ocr_line' id='line_1_62' title="bbox 2092 3101 3668 3180; baseline 0.008 -27"><span class='ocrx_word' id='word_1_421' title='bbox 2092 3101 2168 3165; x_wconf 87' lang='grc' dir='ltr'><strong>τίς</strong></span> <span class='ocrx_word' id='word_1_422' title='bbox 2191 3102 2363 3156; x_wconf 80' lang='grc' dir='ltr'>τοίνυν</span> <span class='ocrx_word' id='word_1_423' title='bbox 2389 3102 2626 3171; x_wconf 78' lang='grc' dir='ltr'>ἐπαξίως</span> <span class='ocrx_word' id='word_1_424' title='bbox 2652 3105 2903 3177; x_wconf 84' lang='grc' dir='ltr'>ἐγκώμια</span> <span class='ocrx_word' id='word_1_425' title='bbox 2933 3104 3219 3179; x_wconf 80' lang='grc' dir='ltr'>δυνήσεται</span> <span class='ocrx_word' id='word_1_426' title='bbox 3239 3110 3471 3180; x_wconf 73' lang='grc' dir='ltr'>φράσαις</span> <span class='ocrx_word' id='word_1_427' title='bbox 3492 3110 3575 3174; x_wconf 89' lang='grc' dir='ltr'><strong>τίς</strong></span> <span class='ocrx_word' id='word_1_428' title='bbox 3606 3111 3668 3165; x_wconf 66' lang='grc' dir='ltr'><strong>δὲ</strong></span> 
     </span>
    </p>
   </div>
   <div class='ocr_carea' id='block_1_63' title="bbox 409 3190 1983 3278">
    <p class='ocr_par' dir='ltr' id='par_1_63' title="bbox 409 3190 1983 3278">
     <span class='ocr_line' id='line_1_63' title="bbox 409 3190 1983 3278; baseline -0.014 -12"><span class='ocrx_word' id='word_1_429' title='bbox 409 3190 544 3278; x_wconf 79' lang='lat' dir='ltr'><strong>Quis</strong></span> <span class='ocrx_word' id='word_1_430' title='bbox 579 3217 817 3263; x_wconf 84' lang='lat' dir='ltr'><strong>vestrum</strong></span> <span class='ocrx_word' id='word_1_431' title='bbox 867 3220 972 3258; x_wconf 92' lang='lat' dir='ltr'><strong>non</strong></span> <span class='ocrx_word' id='word_1_432' title='bbox 1004 3198 1319 3270; x_wconf 88' lang='lat' dir='ltr'><strong>comprobet</strong></span> <span class='ocrx_word' id='word_1_433' title='bbox 1345 3194 1632 3261; x_wconf 89' lang='lat' dir='ltr'><strong>Iaudetque</strong></span> <span class='ocrx_word' id='word_1_434' title='bbox 1658 3206 1784 3261; x_wconf 73' lang='lat' dir='ltr'><strong>erga</strong></span> <span class='ocrx_word' id='word_1_435' title='bbox 1818 3190 1983 3245; x_wconf 90' lang='lat' dir='ltr'><strong>Deum</strong></span> 
     </span>
    </p>
   </div>
   <div class='ocr_carea' id='block_1_64' title="bbox 409 3284 1987 3370">
    <p class='ocr_par' dir='ltr' id='par_1_64' title="bbox 409 3284 1987 3370">
     <span class='ocr_line' id='line_1_64' title="bbox 409 3284 1987 3370; baseline -0.015 -10"><span class='ocrx_word' id='word_1_436' title='bbox 409 3317 674 3367; x_wconf 88' lang='lat' dir='ltr'><strong>amorem,</strong></span> <span class='ocrx_word' id='word_1_437' title='bbox 706 3300 985 3370; x_wconf 88' lang='lat' dir='ltr'><strong>pietatem,</strong></span> <span class='ocrx_word' id='word_1_438' title='bbox 1010 3293 1373 3354; x_wconf 90' lang='lat' dir='ltr'><strong>devotionem,</strong></span> <span class='ocrx_word' id='word_1_439' title='bbox 1410 3286 1844 3357; x_wconf 86' lang='lat' dir='ltr'><strong>temperantiam,</strong></span> <span class='ocrx_word' id='word_1_440' title='bbox 1876 3284 1987 3338; x_wconf 85' lang='lat' dir='ltr'><strong>I&#39;ur-</strong></span> 
     </span>
    </p>
   </div>
   <div class='ocr_carea' id='block_1_65' title="bbox 411 3378 1984 3459">
    <p class='ocr_par' dir='ltr' id='par_1_65' title="bbox 411 3378 1984 3459">
     <span class='ocr_line' id='line_1_65' title="bbox 411 3378 1984 3459; baseline -0.013 -10"><span class='ocrx_word' id='word_1_441' title='bbox 411 3393 714 3456; x_wconf 89' lang='lat' dir='ltr'><strong>titudinem,</strong></span> <span class='ocrx_word' id='word_1_442' title='bbox 740 3389 1025 3459; x_wconf 82' lang='lat' dir='ltr'><strong>justitiam,</strong></span> <span class='ocrx_word' id='word_1_443' title='bbox 1052 3384 1387 3455; x_wconf 89' lang='lat' dir='ltr'><strong>patientiam,</strong></span> <span class='ocrx_word' id='word_1_444' title='bbox 1417 3378 1759 3448; x_wconf 84' lang='lat' dir='ltr'><strong>sapientiam,</strong></span> <span class='ocrx_word' id='word_1_445' title='bbox 1782 3387 1837 3431; x_wconf 93' lang='lat' dir='ltr'><strong>et</strong></span> <span class='ocrx_word' id='word_1_446' title='bbox 1862 3391 1984 3429; x_wconf 92' lang='lat' dir='ltr'><strong>cum</strong></span> 
     </span>
    </p>
   </div>
   <div class='ocr_carea' id='block_1_66' title="bbox 405 3468 1990 3554">
    <p class='ocr_par' dir='ltr' id='par_1_66' title="bbox 405 3468 1990 3554">
     <span class='ocr_line' id='line_1_66' title="bbox 405 3468 1990 3554; baseline -0.013 -17"><span class='ocrx_word' id='word_1_447' title='bbox 405 3477 692 3554; x_wconf 82' lang='lat' dir='ltr'><strong>prudentia</strong></span> <span class='ocrx_word' id='word_1_448' title='bbox 738 3473 1173 3547; x_wconf 75' lang='lat' dir='ltr'><strong>simplicitatem?</strong></span> <span class='ocrx_word' id='word_1_449' title='bbox 1213 3471 1351 3538; x_wconf 87' lang='lat' dir='ltr'><strong>Quid</strong></span> <span class='ocrx_word' id='word_1_450' title='bbox 1396 3470 1572 3523; x_wconf 90' lang='lat' dir='ltr'><strong>dicam</strong></span> <span class='ocrx_word' id='word_1_451' title='bbox 1596 3468 1660 3522; x_wconf 89' lang='lat' dir='ltr'><strong>de</strong></span> <span class='ocrx_word' id='word_1_452' title='bbox 1684 3473 1990 3521; x_wconf 87' lang='lat' dir='ltr'><strong>mansuetu-</strong></span> 
     </span>
    </p>
   </div>
   <div class='ocr_carea' id='block_1_67' title="bbox 411 3555 1988 3637">
    <p class='ocr_par' dir='ltr' id='par_1_67' title="bbox 411 3555 1988 3637">
     <span class='ocr_line' id='line_1_67' title="bbox 411 3555 1988 3637; baseline -0.012 -8"><span class='ocrx_word' id='word_1_453' title='bbox 411 3574 557 3637; x_wconf 85' lang='lat' dir='ltr'><strong>dine,</strong></span> <span class='ocrx_word' id='word_1_454' title='bbox 606 3568 847 3633; x_wconf 85' lang='lat' dir='ltr'><strong>silentio,</strong></span> <span class='ocrx_word' id='word_1_455' title='bbox 888 3566 1114 3621; x_wconf 88' lang='lat' dir='ltr'><strong>mitibus</strong></span> <span class='ocrx_word' id='word_1_456' title='bbox 1166 3562 1410 3617; x_wconf 89' lang='lat' dir='ltr'><strong>moribus</strong></span> <span class='ocrx_word' id='word_1_457' title='bbox 1447 3569 1501 3613; x_wconf 90' lang='lat' dir='ltr'><strong>et</strong></span> <span class='ocrx_word' id='word_1_458' title='bbox 1523 3557 1809 3627; x_wconf 81' lang='lat' dir='ltr'><strong>paciﬁcis?</strong></span> <span class='ocrx_word' id='word_1_459' title='bbox 1851 3555 1988 3622; x_wconf 87' lang='lat' dir='ltr'><strong>Quid</strong></span> 
     </span>
    </p>
   </div>
   <div class='ocr_carea' id='block_1_68' title="bbox 408 3648 1991 3727">
    <p class='ocr_par' dir='ltr' id='par_1_68' title="bbox 408 3648 1991 3727">
     <span class='ocr_line' id='line_1_68' title="bbox 408 3648 1991 3727; baseline -0.013 -6"><span class='ocrx_word' id='word_1_460' title='bbox 408 3666 480 3721; x_wconf 89' lang='lat' dir='ltr'><strong>de</strong></span> <span class='ocrx_word' id='word_1_461' title='bbox 508 3662 848 3726; x_wconf 79' lang='lat' dir='ltr'><strong>sinceritate,</strong></span> <span class='ocrx_word' id='word_1_462' title='bbox 885 3656 1257 3727; x_wconf 87' lang='lat' dir='ltr'><strong>simplicitate,</strong></span> <span class='ocrx_word' id='word_1_463' title='bbox 1299 3650 1703 3722; x_wconf 86' lang='lat' dir='ltr'><strong>tranquillitate,</strong></span> <span class='ocrx_word' id='word_1_464' title='bbox 1752 3648 1991 3718; x_wconf 68' lang='lat' dir='ltr'><strong>pecuniae</strong></span> 
     </span>
    </p>
   </div>
   <div class='ocr_carea' id='block_1_69' title="bbox 411 3736 1988 3824">
    <p class='ocr_par' dir='ltr' id='par_1_69' title="bbox 411 3736 1988 3824">
     <span class='ocr_line' id='line_1_69' title="bbox 411 3736 1988 3824; baseline -0.012 -11"><span class='ocrx_word' id='word_1_465' title='bbox 411 3762 746 3824; x_wconf 89' lang='lat' dir='ltr'><strong>contemptu,</strong></span> <span class='ocrx_word' id='word_1_466' title='bbox 792 3747 1186 3809; x_wconf 86' lang='lat' dir='ltr'><strong>misericordia,</strong></span> <span class='ocrx_word' id='word_1_467' title='bbox 1233 3742 1611 3812; x_wconf 85' lang='lat' dir='ltr'><strong>eleemosynis,</strong></span> <span class='ocrx_word' id='word_1_468' title='bbox 1648 3736 1988 3805; x_wconf 84' lang='lat' dir='ltr'><strong>liberalitate,</strong></span> 
     </span>
    </p>
   </div>
   <div class='ocr_carea' id='block_1_70' title="bbox 412 3830 1985 3911">
    <p class='ocr_par' dir='ltr' id='par_1_70' title="bbox 412 3830 1985 3911">
     <span class='ocr_line' id='line_1_70' title="bbox 412 3830 1985 3911; baseline -0.012 -10"><span class='ocrx_word' id='word_1_469' title='bbox 412 3854 598 3901; x_wconf 89' lang='lat' dir='ltr'><strong>mutua</strong></span> <span class='ocrx_word' id='word_1_470' title='bbox 639 3840 1033 3911; x_wconf 87' lang='lat' dir='ltr'><strong>compassione,</strong></span> <span class='ocrx_word' id='word_1_471' title='bbox 1063 3837 1302 3891; x_wconf 83' lang='lat' dir='ltr'><strong>fraterno</strong></span> <span class='ocrx_word' id='word_1_472' title='bbox 1345 3847 1547 3896; x_wconf 87' lang='lat' dir='ltr'><strong>amore,</strong></span> <span class='ocrx_word' id='word_1_473' title='bbox 1583 3844 1709 3901; x_wconf 78' lang='lat' dir='ltr'><strong>erga</strong></span> <span class='ocrx_word' id='word_1_474' title='bbox 1743 3830 1985 3899; x_wconf 88' lang='lat' dir='ltr'><strong>hospites</strong></span> 
     </span>
    </p>
   </div>
   <div class='ocr_carea' id='block_1_71' title="bbox 414 3920 1993 4003">
    <p class='ocr_par' dir='ltr' id='par_1_71' title="bbox 414 3920 1993 4003">
     <span class='ocr_line' id='line_1_71' title="bbox 414 3920 1993 4003; baseline -0.009 -16"><span class='ocrx_word' id='word_1_475' title='bbox 414 3950 479 3989; x_wconf 84' lang='lat' dir='ltr'><strong>ac</strong></span> <span class='ocrx_word' id='word_1_476' title='bbox 505 3943 768 4003; x_wconf 87' lang='lat' dir='ltr'><strong>pauperes</strong></span> <span class='ocrx_word' id='word_1_477' title='bbox 790 3927 1141 3998; x_wconf 79' lang='lat' dir='ltr'><strong>benignitate,</strong></span> <span class='ocrx_word' id='word_1_478' title='bbox 1166 3922 1499 3984; x_wconf 80' lang='lat' dir='ltr'><strong>aﬂ&#39;abilitate,</strong></span> <span class='ocrx_word' id='word_1_479' title='bbox 1524 3920 1837 3983; x_wconf 86' lang='lat' dir='ltr'><strong>veracitate,</strong></span> <span class='ocrx_word' id='word_1_480' title='bbox 1862 3934 1993 3974; x_wconf 86' lang='lat' dir='ltr'><strong>con—</strong></span> 
     </span>
    </p>
   </div>
   <div class='ocr_carea' id='block_1_72' title="bbox 414 4010 1991 4080">
    <p class='ocr_par' dir='ltr' id='par_1_72' title="bbox 414 4010 1991 4080">
     <span class='ocr_line' id='line_1_72' title="bbox 414 4010 1991 4080; baseline -0.011 0"><span class='ocrx_word' id='word_1_481' title='bbox 414 4023 605 4080; x_wconf 91' lang='lat' dir='ltr'><strong>cordia</strong></span> <span class='ocrx_word' id='word_1_482' title='bbox 638 4020 936 4078; x_wconf 83' lang='lat' dir='ltr'><strong>secundum</strong></span> <span class='ocrx_word' id='word_1_483' title='bbox 966 4019 1154 4077; x_wconf 90' lang='lat' dir='ltr'><strong>Deum,</strong></span> <span class='ocrx_word' id='word_1_484' title='bbox 1206 4026 1455 4069; x_wconf 91' lang='lat' dir='ltr'><strong>sermone</strong></span> <span class='ocrx_word' id='word_1_485' title='bbox 1486 4010 1744 4066; x_wconf 83' lang='lat' dir='ltr'><strong>mellilluo</strong></span> <span class='ocrx_word' id='word_1_486' title='bbox 1778 4026 1839 4064; x_wconf 84' lang='lat' dir='ltr'><strong>ac</strong></span> <span class='ocrx_word' id='word_1_487' title='bbox 1862 4010 1991 4075; x_wconf 91' lang='lat' dir='ltr'><strong>leni,</strong></span> 
     </span>
    </p>
   </div>
   <div class='ocr_carea' id='block_1_73' title="bbox 377 4102 1995 4197">
    <p class='ocr_par' dir='ltr' id='par_1_73' title="bbox 377 4102 1995 4197">
     <span class='ocr_line' id='line_1_73' title="bbox 377 4102 1995 4197; baseline -0.011 -26"><span class='ocrx_word' id='word_1_488' title='bbox 377 4113 719 4197; x_wconf 48' lang='lat' dir='ltr'><strong>,composito</strong></span> <span class='ocrx_word' id='word_1_489' title='bbox 757 4110 995 4170; x_wconf 86' lang='lat' dir='ltr'><strong>incessu,</strong></span> <span class='ocrx_word' id='word_1_490' title='bbox 1027 4106 1332 4165; x_wconf 83' lang='lat' dir='ltr'><strong>solitudine,</strong></span> <span class='ocrx_word' id='word_1_491' title='bbox 1369 4102 1569 4171; x_wconf 89' lang='lat' dir='ltr'><strong>optima</strong></span> <span class='ocrx_word' id='word_1_492' title='bbox 1617 4102 1781 4166; x_wconf 80' lang='lat' dir='ltr'><strong>fama,</strong></span> <span class='ocrx_word' id='word_1_493' title='bbox 1810 4102 1995 4154; x_wconf 89' lang='lat' dir='ltr'><strong>ortho-</strong></span> 
     </span>
    </p>
   </div>
   <div class='ocr_carea' id='block_1_74' title="bbox 418 4191 1995 4269">
    <p class='ocr_par' dir='ltr' id='par_1_74' title="bbox 418 4191 1995 4269">
     <span class='ocr_line' id='line_1_74' title="bbox 418 4191 1995 4269; baseline -0.01 -7"><span class='ocrx_word' id='word_1_494' title='bbox 418 4210 557 4265; x_wconf 80' lang='lat' dir='ltr'><strong>doxa</strong></span> <span class='ocrx_word' id='word_1_495' title='bbox 587 4215 784 4269; x_wconf 88' lang='lat' dir='ltr'><strong>mente,</strong></span> <span class='ocrx_word' id='word_1_496' title='bbox 817 4210 872 4256; x_wconf 91' lang='lat' dir='ltr'><strong>et</strong></span> <span class='ocrx_word' id='word_1_497' title='bbox 900 4199 1003 4254; x_wconf 80' lang='lat' dir='ltr'><strong>ﬁde</strong></span> <span class='ocrx_word' id='word_1_498' title='bbox 1028 4199 1082 4253; x_wconf 91' lang='lat' dir='ltr'><strong>in</strong></span> <span class='ocrx_word' id='word_1_499' title='bbox 1109 4198 1273 4252; x_wconf 88' lang='lat' dir='ltr'><strong>Deum</strong></span> <span class='ocrx_word' id='word_1_500' title='bbox 1295 4196 1319 4249; x_wconf 67' lang='grc' dir='ltr'>ἲ</span> <span class='ocrx_word' id='word_1_501' title='bbox 1340 4196 1555 4260; x_wconf 84' lang='lat' dir='ltr'><strong>Quanta</strong></span> <span class='ocrx_word' id='word_1_502' title='bbox 1591 4206 1688 4247; x_wconf 90' lang='lat' dir='ltr'><strong>vos</strong></span> <span class='ocrx_word' id='word_1_503' title='bbox 1712 4193 1764 4245; x_wconf 91' lang='lat' dir='ltr'><strong>in</strong></span> <span class='ocrx_word' id='word_1_504' title='bbox 1798 4191 1995 4247; x_wconf 87' lang='lat' dir='ltr'><strong>virtute</strong></span> 
     </span>
    </p>
   </div>
   <div class='ocr_carea' id='block_1_75' title="bbox 420 4283 1995 4366">
    <p class='ocr_par' dir='ltr' id='par_1_75' title="bbox 420 4283 1995 4366">
     <span class='ocr_line' id='line_1_75' title="bbox 420 4283 1995 4366; baseline -0.01 -13"><span class='ocrx_word' id='word_1_505' title='bbox 420 4296 740 4353; x_wconf 83' lang='lat' dir='ltr'><strong>versamini!</strong></span> <span class='ocrx_word' id='word_1_506' title='bbox 784 4302 915 4363; x_wconf 82' lang='lat' dir='ltr'><strong>quot</strong></span> <span class='ocrx_word' id='word_1_507' title='bbox 965 4307 1059 4346; x_wconf 90' lang='lat' dir='ltr'><strong>vos</strong></span> <span class='ocrx_word' id='word_1_508' title='bbox 1087 4290 1314 4344; x_wconf 85' lang='lat' dir='ltr'><strong>virtutes</strong></span> <span class='ocrx_word' id='word_1_509' title='bbox 1363 4287 1779 4366; x_wconf 79' lang='lat' dir='ltr'><strong>circumornant,</strong></span> <span class='ocrx_word' id='word_1_510' title='bbox 1813 4300 1846 4337; x_wconf 92' lang='grc' dir='ltr'><strong>ο</strong></span> <span class='ocrx_word' id='word_1_511' title='bbox 1886 4283 1995 4338; x_wconf 87' lang='lat' dir='ltr'><strong>Deo</strong></span> 
     </span>
    </p>
   </div>
   <div class='ocr_carea' id='block_1_76' title="bbox 416 4375 1993 4455">
    <p class='ocr_par' dir='ltr' id='par_1_76' title="bbox 416 4375 1993 4455">
     <span class='ocr_line' id='line_1_76' title="bbox 416 4375 1993 4455; baseline -0.01 -11"><span class='ocrx_word' id='word_1_512' title='bbox 416 4387 721 4445; x_wconf 87' lang='lat' dir='ltr'><strong>cbarissimi</strong></span> <span class='ocrx_word' id='word_1_513' title='bbox 749 4388 762 4440; x_wconf 90' lang='lat' dir='ltr'><strong>I</strong></span> <span class='ocrx_word' id='word_1_514' title='bbox 791 4394 926 4455; x_wconf 91' lang='lat' dir='ltr'><strong>quot</strong></span> <span class='ocrx_word' id='word_1_515' title='bbox 962 4382 1218 4437; x_wconf 90' lang='lat' dir='ltr'><strong>virtutum</strong></span> <span class='ocrx_word' id='word_1_516' title='bbox 1242 4392 1441 4433; x_wconf 91' lang='lat' dir='ltr'><strong>corona</strong></span> <span class='ocrx_word' id='word_1_517' title='bbox 1463 4375 1763 4446; x_wconf 76' lang='lat' dir='ltr'><strong>cingimini!</strong></span> <span class='ocrx_word' id='word_1_518' title='bbox 1793 4376 1993 4444; x_wconf 78' lang='lat' dir='ltr'><strong>quanta</strong></span> 
     </span>
    </p>
   </div>
   <div class='ocr_carea' id='block_1_77' title="bbox 419 4464 1995 4548">
    <p class='ocr_par' dir='ltr' id='par_1_77' title="bbox 419 4464 1995 4548">
     <span class='ocr_line' id='line_1_77' title="bbox 419 4464 1995 4548; baseline -0.011 -13"><span class='ocrx_word' id='word_1_519' title='bbox 419 4488 509 4534; x_wconf 87' lang='lat' dir='ltr'><strong>est</strong></span> <span class='ocrx_word' id='word_1_520' title='bbox 538 4478 679 4548; x_wconf 87' lang='lat' dir='ltr'><strong>apud</strong></span> <span class='ocrx_word' id='word_1_521' title='bbox 705 4491 801 4532; x_wconf 90' lang='lat' dir='ltr'><strong>vos</strong></span> <span class='ocrx_word' id='word_1_522' title='bbox 819 4478 1082 4531; x_wconf 90' lang='lat' dir='ltr'><strong>bonorum</strong></span> <span class='ocrx_word' id='word_1_523' title='bbox 1120 4484 1339 4541; x_wconf 91' lang='lat' dir='ltr'><strong>operum</strong></span> <span class='ocrx_word' id='word_1_524' title='bbox 1367 4467 1666 4524; x_wconf 88' lang='lat' dir='ltr'><strong>constantia</strong></span> <span class='ocrx_word' id='word_1_525' title='bbox 1691 4466 1705 4519; x_wconf 84' lang='grc' dir='ltr'>ι</span> <span class='ocrx_word' id='word_1_526' title='bbox 1728 4464 1839 4520; x_wconf 79' lang='lat' dir='ltr'><strong>Pax</strong></span> <span class='ocrx_word' id='word_1_527' title='bbox 1868 4466 1995 4521; x_wconf 88' lang='lat' dir='ltr'><strong>emi-</strong></span> 
     </span>
    </p>
   </div>
   <div class='ocr_carea' id='block_1_78' title="bbox 420 4556 2001 4636">
    <p class='ocr_par' dir='ltr' id='par_1_78' title="bbox 420 4556 2001 4636">
     <span class='ocr_line' id='line_1_78' title="bbox 420 4556 2001 4636; baseline -0.01 -11"><span class='ocrx_word' id='word_1_528' title='bbox 420 4578 513 4625; x_wconf 86' lang='lat' dir='ltr'><strong>net</strong></span> <span class='ocrx_word' id='word_1_529' title='bbox 546 4569 691 4624; x_wconf 86' lang='lat' dir='ltr'><strong>inter</strong></span> <span class='ocrx_word' id='word_1_530' title='bbox 729 4581 826 4622; x_wconf 82' lang='lat' dir='ltr'><strong>vos</strong></span> <span class='ocrx_word' id='word_1_531' title='bbox 865 4573 1088 4636; x_wconf 89' lang='lat' dir='ltr'><strong>propter</strong></span> <span class='ocrx_word' id='word_1_532' title='bbox 1128 4562 1384 4616; x_wconf 88' lang='lat' dir='ltr'><strong>vitiorum</strong></span> <span class='ocrx_word' id='word_1_533' title='bbox 1440 4557 1848 4615; x_wconf 87' lang='lat' dir='ltr'><strong>abstinentiam.</strong></span> <span class='ocrx_word' id='word_1_534' title='bbox 1891 4556 2001 4611; x_wconf 80' lang='lat' dir='ltr'><strong>llu-</strong></span> 
     </span>
    </p>
   </div>
   <div class='ocr_carea' id='block_1_79' title="bbox 423 4647 1999 4723">
    <p class='ocr_par' dir='ltr' id='par_1_79' title="bbox 423 4647 1999 4723">
     <span class='ocr_line' id='line_1_79' title="bbox 423 4647 1999 4723; baseline -0.008 -10"><span class='ocrx_word' id='word_1_535' title='bbox 423 4659 627 4713; x_wconf 89' lang='lat' dir='ltr'><strong>miIitas</strong></span> <span class='ocrx_word' id='word_1_536' title='bbox 672 4657 811 4712; x_wconf 91' lang='lat' dir='ltr'><strong>inter</strong></span> <span class='ocrx_word' id='word_1_537' title='bbox 864 4669 963 4709; x_wconf 88' lang='lat' dir='ltr'><strong>vos</strong></span> <span class='ocrx_word' id='word_1_538' title='bbox 999 4650 1292 4723; x_wconf 64' lang='lat' dir='ltr'><strong>pracellit,</strong></span> <span class='ocrx_word' id='word_1_539' title='bbox 1331 4649 1423 4720; x_wconf 89' lang='lat' dir='ltr'><strong>qui</strong></span> <span class='ocrx_word' id='word_1_540' title='bbox 1461 4658 1544 4703; x_wconf 90' lang='lat' dir='ltr'><strong>est</strong></span> <span class='ocrx_word' id='word_1_541' title='bbox 1575 4649 1746 4703; x_wconf 90' lang='lat' dir='ltr'><strong>bonus</strong></span> <span class='ocrx_word' id='word_1_542' title='bbox 1790 4647 1999 4702; x_wconf 90' lang='lat' dir='ltr'><strong>Domini</strong></span> 
     </span>
    </p>
   </div>
   <div class='ocr_carea' id='block_1_80' title="bbox 422 4737 1997 4820">
    <p class='ocr_par' dir='ltr' id='par_1_80' title="bbox 422 4737 1997 4820">
     <span class='ocr_line' id='line_1_80' title="bbox 422 4737 1997 4820; baseline -0.008 -17"><span class='ocrx_word' id='word_1_543' title='bbox 422 4760 604 4820; x_wconf 81' lang='lat' dir='ltr'><strong>typus,</strong></span> <span class='ocrx_word' id='word_1_544' title='bbox 646 4762 676 4801; x_wconf 92' lang='lat' dir='ltr'><strong>a</strong></span> <span class='ocrx_word' id='word_1_545' title='bbox 716 4761 821 4816; x_wconf 92' lang='lat' dir='ltr'><strong>quo</strong></span> <span class='ocrx_word' id='word_1_546' title='bbox 871 4744 1130 4799; x_wconf 88' lang='lat' dir='ltr'><strong>recedens</strong></span> <span class='ocrx_word' id='word_1_547' title='bbox 1183 4741 1310 4795; x_wconf 91' lang='lat' dir='ltr'><strong>olim</strong></span> <span class='ocrx_word' id='word_1_548' title='bbox 1357 4738 1605 4794; x_wconf 90' lang='lat' dir='ltr'><strong>diabolus</strong></span> <span class='ocrx_word' id='word_1_549' title='bbox 1636 4737 1779 4808; x_wconf 75' lang='lat' dir='ltr'><strong>iuste</strong></span> <span class='ocrx_word' id='word_1_550' title='bbox 1814 4737 1997 4809; x_wconf 84' lang='lat' dir='ltr'><strong>proﬂi-</strong></span> 
     </span>
    </p>
   </div>
   <div class='ocr_carea' id='block_1_81' title="bbox 424 4846 712 4908">
    <p class='ocr_par' dir='ltr' id='par_1_81' title="bbox 424 4846 712 4908">
     <span class='ocr_line' id='line_1_81' title="bbox 424 4846 712 4908; baseline 0 -18"><span class='ocrx_word' id='word_1_551' title='bbox 424 4847 580 4908; x_wconf 79' lang='lat' dir='ltr'><strong>gatus</strong></span> <span class='ocrx_word' id='word_1_552' title='bbox 609 4846 712 4892; x_wconf 89' lang='lat' dir='ltr'><strong>est.</strong></span> 
     </span>
    </p>
   </div>
   <div class='ocr_carea' id='block_1_82' title="bbox 386 4996 1995 5071">
    <p class='ocr_par' dir='ltr' id='par_1_82' title="bbox 386 4996 1995 5071">
     <span class='ocr_line' id='line_1_82' title="bbox 386 4996 1995 5071; baseline -0.011 -1"><span class='ocrx_word' id='word_1_553' title='bbox 386 4996 395 5005; x_wconf 8' lang='grc' dir='ltr'><strong>η’</strong></span> <span class='ocrx_word' id='word_1_554' title='bbox 493 5012 609 5069; x_wconf 76' lang='lat' dir='ltr'><strong>XV.</strong></span> <span class='ocrx_word' id='word_1_555' title='bbox 634 5012 757 5067; x_wconf 65' lang='lat' dir='ltr'><strong>Haec</strong></span> <span class='ocrx_word' id='word_1_556' title='bbox 808 5027 837 5065; x_wconf 85' lang='lat' dir='ltr'><strong>a</strong></span> <span class='ocrx_word' id='word_1_557' title='bbox 888 5025 974 5064; x_wconf 92' lang='lat' dir='ltr'><strong>me</strong></span> <span class='ocrx_word' id='word_1_558' title='bbox 1008 5005 1163 5062; x_wconf 86' lang='lat' dir='ltr'><strong>vobis</strong></span> <span class='ocrx_word' id='word_1_559' title='bbox 1203 5003 1367 5059; x_wconf 90' lang='lat' dir='ltr'><strong>scribi</strong></span> <span class='ocrx_word' id='word_1_560' title='bbox 1396 5002 1610 5071; x_wconf 89' lang='lat' dir='ltr'><strong>dicique</strong></span> <span class='ocrx_word' id='word_1_561' title='bbox 1641 5013 1859 5055; x_wconf 83' lang='lat' dir='ltr'><strong>necesse</strong></span> <span class='ocrx_word' id='word_1_562' title='bbox 1894 4999 1995 5053; x_wconf 84' lang='lat' dir='ltr'><strong>fuit</strong></span> 
     </span>
    </p>
   </div>
   <div class='ocr_carea' id='block_1_83' title="bbox 425 5090 1999 5175">
    <p class='ocr_par' dir='ltr' id='par_1_83' title="bbox 425 5090 1999 5175">
     <span class='ocr_line' id='line_1_83' title="bbox 425 5090 1999 5175; baseline -0.011 -14"><span class='ocrx_word' id='word_1_563' title='bbox 425 5114 481 5162; x_wconf 93' lang='lat' dir='ltr'><strong>et</strong></span> <span class='ocrx_word' id='word_1_564' title='bbox 502 5104 745 5175; x_wconf 89' lang='lat' dir='ltr'><strong>apprime</strong></span> <span class='ocrx_word' id='word_1_565' title='bbox 774 5101 1136 5164; x_wconf 89' lang='lat' dir='ltr'><strong>conveniens;</strong></span> <span class='ocrx_word' id='word_1_566' title='bbox 1169 5097 1427 5164; x_wconf 85' lang='lat' dir='ltr'><strong>scriptum</strong></span> <span class='ocrx_word' id='word_1_567' title='bbox 1459 5102 1543 5147; x_wconf 84' lang='lat' dir='ltr'><strong>est</strong></span> <span class='ocrx_word' id='word_1_568' title='bbox 1572 5091 1715 5144; x_wconf 90' lang='lat' dir='ltr'><strong>enim</strong></span> <span class='ocrx_word' id='word_1_569' title='bbox 1741 5109 1755 5145; x_wconf 93' lang='lat'><strong>:</strong></span> <span class='ocrx_word' id='word_1_570' title='bbox 1795 5090 1999 5146; x_wconf 71' lang='lat' dir='ltr'><strong>Memo—</strong></span> 
     </span>
    </p>
   </div>
   <div class='ocr_carea' id='block_1_84' title="bbox 426 5181 1994 5264">
    <p class='ocr_par' dir='ltr' id='par_1_84' title="bbox 426 5181 1994 5264">
     <span class='ocr_line' id='line_1_84' title="bbox 426 5181 1994 5264; baseline -0.01 -14"><span class='ocrx_word' id='word_1_571' title='bbox 426 5198 509 5249; x_wconf 84' lang='lat' dir='ltr'><strong>ria</strong></span> <span class='ocrx_word' id='word_1_572' title='bbox 550 5195 816 5264; x_wconf 72' lang='lat' dir='ltr'><strong>justorum</strong></span> <span class='ocrx_word' id='word_1_573' title='bbox 847 5206 964 5245; x_wconf 75' lang='lat' dir='ltr'><strong>cum</strong></span> <span class='ocrx_word' id='word_1_574' title='bbox 986 5189 1142 5242; x_wconf 80' lang='lat' dir='ltr'><strong>laude</strong></span> <span class='ocrx_word' id='word_1_575' title='bbox 1164 5186 1265 5253; x_wconf 78' lang='lat'><strong>“‘;</strong></span> <span class='ocrx_word' id='word_1_576' title='bbox 1297 5194 1352 5240; x_wconf 87' lang='lat' dir='ltr'><strong>et</strong></span> <span class='ocrx_word' id='word_1_577' title='bbox 1379 5188 1520 5254; x_wconf 91' lang='lat' dir='ltr'><strong>quod</strong></span> <span class='ocrx_word' id='word_1_578' title='bbox 1544 5181 1708 5253; x_wconf 90' lang='lat' dir='ltr'><strong>justis</strong></span> <span class='ocrx_word' id='word_1_579' title='bbox 1740 5181 1994 5250; x_wconf 90' lang='lat' dir='ltr'><strong>laudatis,</strong></span> 
     </span>
    </p>
   </div>
   <div class='ocr_carea' id='block_1_85' title="bbox 496 5320 1470 5391">
    <p class='ocr_par' dir='ltr' id='par_1_85' title="bbox 496 5320 1470 5391">
     <span class='ocr_line' id='line_1_85' title="bbox 496 5320 1470 5391; baseline -0.008 -8"><span class='ocrx_word' id='word_1_580' title='bbox 496 5328 542 5360; x_wconf 82' lang='lat'>“</span> <span class='ocrx_word' id='word_1_581' title='bbox 567 5328 667 5383; x_wconf 89' lang='lat' dir='ltr'><strong>lsa.</strong></span> <span class='ocrx_word' id='word_1_582' title='bbox 698 5342 846 5391; x_wconf 78' lang='lat' dir='ltr'><strong>xxvi,</strong></span> <span class='ocrx_word' id='word_1_583' title='bbox 872 5326 957 5381; x_wconf 75' lang='grc'><strong>10.</strong></span> <span class='ocrx_word' id='word_1_584' title='bbox 1030 5323 1107 5356; x_wconf 78' lang='grc'><strong>⁸⁸⁸</strong></span> <span class='ocrx_word' id='word_1_585' title='bbox 1139 5321 1297 5378; x_wconf 85' lang='lat' dir='ltr'><strong>Prov.</strong></span> <span class='ocrx_word' id='word_1_586' title='bbox 1327 5337 1384 5388; x_wconf 72' lang='grc' dir='ltr'>κ,</span> <span class='ocrx_word' id='word_1_587' title='bbox 1415 5320 1470 5375; x_wconf 87' lang='lat'><strong>7.</strong></span> 
     </span>
    </p>
   </div>
   <div class='ocr_carea' id='block_1_86' title="bbox 499 5447 1991 5530">
    <p class='ocr_par' dir='ltr' id='par_1_86' title="bbox 499 5447 1991 5530">
     <span class='ocr_line' id='line_1_86' title="bbox 499 5447 1991 5530; baseline -0.003 -21"><span class='ocrx_word' id='word_1_588' title='bbox 499 5455 655 5530; x_wconf 75' lang='lat'><strong>(1-16)</strong></span> <span class='ocrx_word' id='word_1_589' title='bbox 675 5452 1103 5530; x_wconf 8' lang='lat' dir='ltr'><strong>lputelligiturilla</strong></span> <span class='ocrx_word' id='word_1_590' title='bbox 1127 5453 1195 5507; x_wconf 88' lang='lat' dir='ltr'><strong>ab</strong></span> <span class='ocrx_word' id='word_1_591' title='bbox 1229 5449 1537 5530; x_wconf 34' lang='lat' dir='ltr'><strong>ratbanasio</strong></span> <span class='ocrx_word' id='word_1_592' title='bbox 1564 5447 1761 5530; x_wconf 73' lang='lat' dir='ltr'><strong>scripta</strong></span> <span class='ocrx_word' id='word_1_593' title='bbox 1804 5447 1991 5518; x_wconf 79' lang='lat' dir='ltr'><strong>Magni</strong></span> 
     </span>
    </p>
   </div>
   <div class='ocr_carea' id='block_1_87' title="bbox 430 5519 1993 5592">
    <p class='ocr_par' dir='ltr' id='par_1_87' title="bbox 430 5519 1993 5592">
     <span class='ocr_line' id='line_1_87' title="bbox 430 5519 1993 5592; baseline -0.009 -4"><span class='ocrx_word' id='word_1_594' title='bbox 430 5519 648 5589; x_wconf 69' lang='lat' dir='ltr'><strong>Antonii</strong></span> <span class='ocrx_word' id='word_1_595' title='bbox 675 5528 810 5579; x_wconf 82' lang='lat' dir='ltr'><strong>Vita.</strong></span> <span class='ocrx_word' id='word_1_596' title='bbox 851 5519 973 5577; x_wconf 81' lang='lat' dir='ltr'><strong>Fuit</strong></span> <span class='ocrx_word' id='word_1_597' title='bbox 1008 5533 1183 5578; x_wconf 90' lang='lat' dir='ltr'><strong>autem</strong></span> <span class='ocrx_word' id='word_1_598' title='bbox 1228 5519 1536 5592; x_wconf 89' lang='lat' dir='ltr'><strong>Serapionis</strong></span> <span class='ocrx_word' id='word_1_599' title='bbox 1593 5520 1759 5573; x_wconf 89' lang='lat' dir='ltr'><strong>nostri</strong></span> <span class='ocrx_word' id='word_1_600' title='bbox 1794 5532 1993 5574; x_wconf 65' lang='lat' dir='ltr'><strong>comta-</strong></span> 
     </span>
    </p>
   </div>
   <div class='ocr_carea' id='block_1_88' title="bbox 432 5594 941 5657">
    <p class='ocr_par' dir='ltr' id='par_1_88' title="bbox 432 5594 941 5657">
     <span class='ocr_line' id='line_1_88' title="bbox 432 5594 941 5657; baseline -0.022 0"><span class='ocrx_word' id='word_1_601' title='bbox 432 5614 566 5657; x_wconf 84' lang='lat' dir='ltr'><strong>neus</strong></span> <span class='ocrx_word' id='word_1_602' title='bbox 600 5594 941 5650; x_wconf 79' lang='lat' dir='ltr'><strong>Athanasius.</strong></span> 
     </span>
    </p>
   </div>
   <div class='ocr_carea' id='block_1_89' title="bbox 504 5657 1995 5751">
    <p class='ocr_par' dir='ltr' id='par_1_89' title="bbox 504 5657 1995 5751">
     <span class='ocr_line' id='line_1_89' title="bbox 504 5657 1995 5751; baseline -0.005 -29"><span class='ocrx_word' id='word_1_603' title='bbox 504 5667 615 5741; x_wconf 76' lang='grc' dir='ltr'><strong>(Π)</strong></span> <span class='ocrx_word' id='word_1_604' title='bbox 643 5665 717 5720; x_wconf 85' lang='lat' dir='ltr'><strong>De</strong></span> <span class='ocrx_word' id='word_1_605' title='bbox 743 5662 949 5751; x_wconf 78' lang='lat' dir='ltr'><strong>Amune</strong></span> <span class='ocrx_word' id='word_1_606' title='bbox 986 5661 1254 5719; x_wconf 77' lang='lat' dir='ltr'><strong>Palladius</strong></span> <span class='ocrx_word' id='word_1_607' title='bbox 1311 5674 1431 5731; x_wconf 89' lang='lat' dir='ltr'><strong>cap.</strong></span> <span class='ocrx_word' id='word_1_608' title='bbox 1471 5658 1559 5727; x_wconf 70' lang='lat'><strong>10,</strong></span> <span class='ocrx_word' id='word_1_609' title='bbox 1611 5666 1669 5713; x_wconf 83' lang='lat' dir='ltr'><strong>et</strong></span> <span class='ocrx_word' id='word_1_610' title='bbox 1709 5660 1775 5716; x_wconf 87' lang='lat' dir='ltr'><strong>de</strong></span> <span class='ocrx_word' id='word_1_611' title='bbox 1800 5657 1995 5715; x_wconf 86' lang='lat' dir='ltr'><strong>abbate</strong></span> 
     </span>
    </p>
   </div>
   <div class='ocr_carea' id='block_1_90' title="bbox 2086 3194 3668 3272">
    <p class='ocr_par' dir='ltr' id='par_1_90' title="bbox 2086 3194 3668 3272">
     <span class='ocr_line' id='line_1_90' title="bbox 2086 3194 3668 3272; baseline 0.006 -26"><span class='ocrx_word' id='word_1_612' title='bbox 2086 3194 2187 3247; x_wconf 81' lang='grc' dir='ltr'><strong>οὐκ</strong></span> <span class='ocrx_word' id='word_1_613' title='bbox 2213 3194 2529 3259; x_wconf 79' lang='grc' dir='ltr'>ἀποδέξεται</span> <span class='ocrx_word' id='word_1_614' title='bbox 2567 3195 2600 3265; x_wconf 79' lang='grc' dir='ltr'>ἢ</span> <span class='ocrx_word' id='word_1_615' title='bbox 2629 3198 2963 3251; x_wconf 84' lang='grc' dir='ltr'>ἐπαινέσειεν</span> <span class='ocrx_word' id='word_1_616' title='bbox 3002 3199 3062 3251; x_wconf 87' lang='grc' dir='ltr'><strong>τὸ</strong></span> <span class='ocrx_word' id='word_1_617' title='bbox 3106 3199 3369 3269; x_wconf 80' lang='grc' dir='ltr'>φιλόθεον,</span> <span class='ocrx_word' id='word_1_618' title='bbox 3403 3201 3500 3272; x_wconf 75' lang='grc' dir='ltr'>τὴν</span> <span class='ocrx_word' id='word_1_619' title='bbox 3528 3202 3668 3256; x_wconf 74' lang='grc' dir='ltr'>ὕπο-</span> 
     </span>
    </p>
   </div>
   <div class='ocr_carea' id='block_1_91' title="bbox 2091 3283 3666 3363">
    <p class='ocr_par' dir='ltr' id='par_1_91' title="bbox 2091 3283 3666 3363">
     <span class='ocr_line' id='line_1_91' title="bbox 2091 3283 3666 3363; baseline 0.01 -30"><span class='ocrx_word' id='word_1_620' title='bbox 2091 3283 2278 3355; x_wconf 85' lang='grc' dir='ltr'>μονὴν,</span> <span class='ocrx_word' id='word_1_621' title='bbox 2316 3284 2414 3354; x_wconf 82' lang='grc' dir='ltr'><strong>τὴν</strong></span> <span class='ocrx_word' id='word_1_622' title='bbox 2453 3284 2687 3349; x_wconf 91' lang='grc' dir='ltr'>σύνεσιν,</span> <span class='ocrx_word' id='word_1_623' title='bbox 2708 3286 2768 3339; x_wconf 90' lang='grc' dir='ltr'><strong>τὸ</strong></span> <span class='ocrx_word' id='word_1_624' title='bbox 2802 3287 3059 3359; x_wconf 84' lang='grc' dir='ltr'>ἀκέραιον</span> <span class='ocrx_word' id='word_1_625' title='bbox 3079 3290 3213 3360; x_wconf 80' lang='grc' dir='ltr'><strong>όμοῦ</strong></span> <span class='ocrx_word' id='word_1_626' title='bbox 3246 3291 3338 3345; x_wconf 78' lang='grc' dir='ltr'>καὶ</span> <span class='ocrx_word' id='word_1_627' title='bbox 3367 3293 3666 3363; x_wconf 82' lang='grc' dir='ltr'>φρόνιμον;</span> 
     </span>
    </p>
   </div>
   <div class='ocr_carea' id='block_1_92' title="bbox 2087 3374 3665 3454">
    <p class='ocr_par' dir='ltr' id='par_1_92' title="bbox 2087 3374 3665 3454">
     <span class='ocr_line' id='line_1_92' title="bbox 2087 3374 3665 3454; baseline 0.006 -26"><span class='ocrx_word' id='word_1_628' title='bbox 2087 3374 2222 3429; x_wconf 79' lang='grc' dir='ltr'>ἀλλὰ</span> <span class='ocrx_word' id='word_1_629' title='bbox 2280 3375 2342 3428; x_wconf 87' lang='grc' dir='ltr'><strong>τὸ</strong></span> <span class='ocrx_word' id='word_1_630' title='bbox 2383 3378 2557 3448; x_wconf 81' lang='grc' dir='ltr'>πρᾶον</span> <span class='ocrx_word' id='word_1_631' title='bbox 2614 3379 2709 3431; x_wconf 72' lang='grc' dir='ltr'>καὶ</span> <span class='ocrx_word' id='word_1_632' title='bbox 2739 3378 2982 3451; x_wconf 80' lang='grc' dir='ltr'>ἡσύχιον,</span> <span class='ocrx_word' id='word_1_633' title='bbox 3010 3380 3145 3435; x_wconf 81' lang='grc' dir='ltr'>ἀλλὰ</span> <span class='ocrx_word' id='word_1_634' title='bbox 3195 3381 3255 3435; x_wconf 88' lang='grc' dir='ltr'><strong>τὸ</strong></span> <span class='ocrx_word' id='word_1_635' title='bbox 3284 3384 3486 3454; x_wconf 75' lang='grc' dir='ltr'>ἥμερον</span> <span class='ocrx_word' id='word_1_636' title='bbox 3510 3380 3665 3454; x_wconf 76' lang='grc' dir='ltr'>ἦθος,</span> 
     </span>
    </p>
   </div>
   <div class='ocr_carea' id='block_1_93' title="bbox 2088 3465 3664 3539">
    <p class='ocr_par' dir='ltr' id='par_1_93' title="bbox 2088 3465 3664 3539">
     <span class='ocr_line' id='line_1_93' title="bbox 2088 3465 3664 3539; baseline 0.006 -21"><span class='ocrx_word' id='word_1_637' title='bbox 2088 3465 2223 3519; x_wconf 85' lang='grc' dir='ltr'>ἀλλὰ</span> <span class='ocrx_word' id='word_1_638' title='bbox 2272 3465 2334 3519; x_wconf 89' lang='grc' dir='ltr'><strong>τὸ</strong></span> <span class='ocrx_word' id='word_1_639' title='bbox 2384 3467 2676 3538; x_wconf 71' lang='grc' dir='ltr'>εἰρηνικὸν,</span> <span class='ocrx_word' id='word_1_640' title='bbox 2728 3469 2863 3524; x_wconf 82' lang='grc' dir='ltr'>ἀλλὰ</span> <span class='ocrx_word' id='word_1_641' title='bbox 2889 3471 2950 3523; x_wconf 87' lang='grc' dir='ltr'><strong>τὸ</strong></span> <span class='ocrx_word' id='word_1_642' title='bbox 2976 3470 3248 3526; x_wconf 82' lang='grc' dir='ltr'>ἄπλαστον</span> <span class='ocrx_word' id='word_1_643' title='bbox 3298 3474 3391 3527; x_wconf 78' lang='grc' dir='ltr'>καὶ</span> <span class='ocrx_word' id='word_1_644' title='bbox 3439 3473 3664 3539; x_wconf 79' lang='grc' dir='ltr'>ἁπλοῦν,</span> 
     </span>
    </p>
   </div>
   <div class='ocr_carea' id='block_1_94' title="bbox 2090 3554 3665 3632">
    <p class='ocr_par' dir='ltr' id='par_1_94' title="bbox 2090 3554 3665 3632">
     <span class='ocr_line' id='line_1_94' title="bbox 2090 3554 3665 3632; baseline 0.005 -24"><span class='ocrx_word' id='word_1_645' title='bbox 2090 3554 2226 3609; x_wconf 88' lang='grc' dir='ltr'><strong>ἀλλά</strong></span> <span class='ocrx_word' id='word_1_646' title='bbox 2252 3554 2313 3608; x_wconf 89' lang='grc' dir='ltr'><strong>τὸ</strong></span> <span class='ocrx_word' id='word_1_647' title='bbox 2344 3556 2572 3620; x_wconf 83' lang='grc' dir='ltr'>ἀπαθὲς,</span> <span class='ocrx_word' id='word_1_648' title='bbox 2604 3557 2740 3610; x_wconf 85' lang='grc' dir='ltr'>ἀλλὰ</span> <span class='ocrx_word' id='word_1_649' title='bbox 2765 3559 2824 3612; x_wconf 86' lang='grc' dir='ltr'><strong>τὸ</strong></span> <span class='ocrx_word' id='word_1_650' title='bbox 2875 3558 3277 3632; x_wconf 84' lang='grc' dir='ltr'>ἀφυλάργυρον,</span> <span class='ocrx_word' id='word_1_651' title='bbox 3309 3561 3442 3615; x_wconf 84' lang='grc' dir='ltr'><strong>ἀλλὰ</strong></span> <span class='ocrx_word' id='word_1_652' title='bbox 3490 3563 3550 3616; x_wconf 82' lang='grc' dir='ltr'><strong>τὸ</strong></span> <span class='ocrx_word' id='word_1_653' title='bbox 3576 3564 3665 3616; x_wconf 77' lang='grc' dir='ltr'>εύ-</span> 
     </span>
    </p>
   </div>
   <div class='ocr_carea' id='block_1_95' title="bbox 2094 3646 3667 3724">
    <p class='ocr_par' dir='ltr' id='par_1_95' title="bbox 2094 3646 3667 3724">
     <span class='ocr_line' id='line_1_95' title="bbox 2094 3646 3667 3724; baseline 0.005 -25"><span class='ocrx_word' id='word_1_654' title='bbox 2094 3646 2380 3718; x_wconf 88' lang='grc' dir='ltr'>σπλαχνον,</span> <span class='ocrx_word' id='word_1_655' title='bbox 2436 3647 2571 3701; x_wconf 84' lang='grc' dir='ltr'><strong>ἀλλά</strong></span> <span class='ocrx_word' id='word_1_656' title='bbox 2625 3649 2687 3701; x_wconf 89' lang='grc' dir='ltr'><strong>τὸ</strong></span> <span class='ocrx_word' id='word_1_657' title='bbox 2717 3648 3088 3721; x_wconf 83' lang='grc' dir='ltr'>ἐλεημονικὸν,</span> <span class='ocrx_word' id='word_1_658' title='bbox 3122 3652 3256 3705; x_wconf 88' lang='grc' dir='ltr'><strong>ἀλλά</strong></span> <span class='ocrx_word' id='word_1_659' title='bbox 3294 3652 3353 3705; x_wconf 88' lang='grc' dir='ltr'><strong>τὸ</strong></span> <span class='ocrx_word' id='word_1_660' title='bbox 3378 3654 3667 3724; x_wconf 83' lang='grc' dir='ltr'>εύμετάδο-</span> 
     </span>
    </p>
   </div>
   <div class='ocr_carea' id='block_1_96' title="bbox 2090 3736 3666 3813">
    <p class='ocr_par' dir='ltr' id='par_1_96' title="bbox 2090 3736 3666 3813">
     <span class='ocr_line' id='line_1_96' title="bbox 2090 3736 3666 3813; baseline 0.006 -25"><span class='ocrx_word' id='word_1_661' title='bbox 2090 3753 2201 3801; x_wconf 89' lang='grc' dir='ltr'>τον,</span> <span class='ocrx_word' id='word_1_662' title='bbox 2223 3737 2358 3791; x_wconf 85' lang='grc' dir='ltr'><strong>ἀλλά</strong></span> <span class='ocrx_word' id='word_1_663' title='bbox 2383 3736 2444 3789; x_wconf 91' lang='grc' dir='ltr'><strong>τὸ</strong></span> <span class='ocrx_word' id='word_1_664' title='bbox 2473 3738 2777 3809; x_wconf 83' lang='grc' dir='ltr'>συμπαθὲς,</span> <span class='ocrx_word' id='word_1_665' title='bbox 2809 3740 2945 3794; x_wconf 85' lang='grc' dir='ltr'>ἀλλὰ</span> <span class='ocrx_word' id='word_1_666' title='bbox 2970 3740 3030 3794; x_wconf 88' lang='grc' dir='ltr'><strong>τὸ</strong></span> <span class='ocrx_word' id='word_1_667' title='bbox 3052 3742 3375 3813; x_wconf 75' lang='grc' dir='ltr'>φιλάδελφον</span> <span class='ocrx_word' id='word_1_668' title='bbox 3408 3744 3501 3796; x_wconf 77' lang='grc' dir='ltr'>καὶ</span> <span class='ocrx_word' id='word_1_669' title='bbox 3524 3746 3666 3813; x_wconf 84' lang='grc' dir='ltr'>φιλό-</span> 
     </span>
    </p>
   </div>
   <div class='ocr_carea' id='block_1_97' title="bbox 2094 3827 3662 3907">
    <p class='ocr_par' dir='ltr' id='par_1_97' title="bbox 2094 3827 3662 3907">
     <span class='ocr_line' id='line_1_97' title="bbox 2094 3827 3662 3907; baseline 0.006 -27"><span class='ocrx_word' id='word_1_670' title='bbox 2094 3827 2262 3892; x_wconf 82' lang='grc' dir='ltr'>ξενον,</span> <span class='ocrx_word' id='word_1_671' title='bbox 2301 3829 2437 3883; x_wconf 82' lang='grc' dir='ltr'>ἀλλὰ</span> <span class='ocrx_word' id='word_1_672' title='bbox 2466 3830 2527 3883; x_wconf 87' lang='grc' dir='ltr'><strong>τὸ</strong></span> <span class='ocrx_word' id='word_1_673' title='bbox 2574 3830 2933 3904; x_wconf 84' lang='grc' dir='ltr'>φιλόπτωχον,</span> <span class='ocrx_word' id='word_1_674' title='bbox 2964 3834 3100 3888; x_wconf 84' lang='grc' dir='ltr'>ἀλλὰ</span> <span class='ocrx_word' id='word_1_675' title='bbox 3121 3835 3181 3888; x_wconf 89' lang='grc' dir='ltr'><strong>τὸ</strong></span> <span class='ocrx_word' id='word_1_676' title='bbox 3213 3835 3489 3907; x_wconf 82' lang='grc' dir='ltr'>ὁμιλητὸν,</span> <span class='ocrx_word' id='word_1_677' title='bbox 3530 3836 3662 3890; x_wconf 79' lang='grc' dir='ltr'><strong>ἀλλά</strong></span> 
     </span>
    </p>
   </div>
   <div class='ocr_carea' id='block_1_98' title="bbox 2090 3918 3665 3995">
    <p class='ocr_par' dir='ltr' id='par_1_98' title="bbox 2090 3918 3665 3995">
     <span class='ocr_line' id='line_1_98' title="bbox 2090 3918 3665 3995; baseline 0.005 -23"><span class='ocrx_word' id='word_1_678' title='bbox 2090 3920 2151 3972; x_wconf 88' lang='grc' dir='ltr'><strong>τὸ</strong></span> <span class='ocrx_word' id='word_1_679' title='bbox 2178 3918 2488 3989; x_wconf 84' lang='grc' dir='ltr'>φιλάληθες,</span> <span class='ocrx_word' id='word_1_680' title='bbox 2555 3920 2692 3975; x_wconf 87' lang='grc' dir='ltr'><strong>ἀλλά</strong></span> <span class='ocrx_word' id='word_1_681' title='bbox 2722 3923 2823 3993; x_wconf 83' lang='grc' dir='ltr'><strong>τὴν</strong></span> <span class='ocrx_word' id='word_1_682' title='bbox 2845 3926 2923 3988; x_wconf 88' lang='grc' dir='ltr'><strong>είς</strong></span> <span class='ocrx_word' id='word_1_683' title='bbox 2947 3924 3078 3978; x_wconf 89' lang='grc' dir='ltr'>Θεὸν</span> <span class='ocrx_word' id='word_1_684' title='bbox 3131 3926 3401 3995; x_wconf 75' lang='grc' dir='ltr'>ὁμόνοιαν,</span> <span class='ocrx_word' id='word_1_685' title='bbox 3433 3926 3562 3980; x_wconf 87' lang='grc' dir='ltr'><strong>ἀλλά</strong></span> <span class='ocrx_word' id='word_1_686' title='bbox 3604 3929 3665 3981; x_wconf 80' lang='grc' dir='ltr'><strong>τὸ</strong></span> 
     </span>
    </p>
   </div>
   <div class='ocr_carea' id='block_1_99' title="bbox 2096 4010 3663 4086">
    <p class='ocr_par' dir='ltr' id='par_1_99' title="bbox 2096 4010 3663 4086">
     <span class='ocr_line' id='line_1_99' title="bbox 2096 4010 3663 4086; baseline 0.006 -24"><span class='ocrx_word' id='word_1_687' title='bbox 2096 4010 2417 4081; x_wconf 86' lang='grc' dir='ltr'>μελισταγὲς</span> <span class='ocrx_word' id='word_1_688' title='bbox 2438 4012 2467 4064; x_wconf 88' lang='grc' dir='ltr'><strong>ύ</strong></span> <span class='ocrx_word' id='word_1_689' title='bbox 2477 4010 2591 4083; x_wconf 87' lang='grc' dir='ltr'><strong>μῶν</strong></span> <span class='ocrx_word' id='word_1_690' title='bbox 2623 4013 2793 4084; x_wconf 77' lang='grc' dir='ltr'>ῥῆμα,</span> <span class='ocrx_word' id='word_1_691' title='bbox 2823 4014 2958 4068; x_wconf 83' lang='grc' dir='ltr'>ἀλλὰ</span> <span class='ocrx_word' id='word_1_692' title='bbox 2984 4014 3075 4069; x_wconf 89' lang='grc' dir='ltr'><strong>τὸν</strong></span> <span class='ocrx_word' id='word_1_693' title='bbox 3094 4016 3311 4086; x_wconf 82' lang='grc' dir='ltr'>ἡσύχιον</span> <span class='ocrx_word' id='word_1_694' title='bbox 3333 4017 3505 4086; x_wconf 86' lang='grc' dir='ltr'>λόγον,</span> <span class='ocrx_word' id='word_1_695' title='bbox 3530 4018 3663 4073; x_wconf 81' lang='grc' dir='ltr'><strong>ἀλλά</strong></span> 
     </span>
    </p>
   </div>
   <div class='ocr_carea' id='block_1_100' title="bbox 2092 4101 3663 4179">
    <p class='ocr_par' dir='ltr' id='par_1_100' title="bbox 2092 4101 3663 4179">
     <span class='ocr_line' id='line_1_100' title="bbox 2092 4101 3663 4179; baseline 0.006 -24"><span class='ocrx_word' id='word_1_696' title='bbox 2092 4102 2153 4155; x_wconf 90' lang='grc' dir='ltr'><strong>τὸ</strong></span> <span class='ocrx_word' id='word_1_697' title='bbox 2190 4101 2453 4157; x_wconf 73' lang='grc' dir='ltr'>εὔτακτον</span> <span class='ocrx_word' id='word_1_698' title='bbox 2500 4103 2755 4175; x_wconf 86' lang='grc' dir='ltr'>βάδισμα,</span> <span class='ocrx_word' id='word_1_699' title='bbox 2793 4104 2927 4159; x_wconf 86' lang='grc' dir='ltr'>ἀλλά</span> <span class='ocrx_word' id='word_1_700' title='bbox 2975 4106 3074 4177; x_wconf 80' lang='grc' dir='ltr'>τὴν</span> <span class='ocrx_word' id='word_1_701' title='bbox 3116 4107 3475 4179; x_wconf 82' lang='grc' dir='ltr'>ἀναχώρησιν,</span> <span class='ocrx_word' id='word_1_702' title='bbox 3530 4110 3663 4164; x_wconf 71' lang='grc' dir='ltr'>ἀλλὰ</span> 
     </span>
    </p>
   </div>
   <div class='ocr_carea' id='block_1_101' title="bbox 2094 4193 3663 4271">
    <p class='ocr_par' dir='ltr' id='par_1_101' title="bbox 2094 4193 3663 4271">
     <span class='ocr_line' id='line_1_101' title="bbox 2094 4193 3663 4271; baseline 0.006 -26"><span class='ocrx_word' id='word_1_703' title='bbox 2094 4193 2155 4246; x_wconf 89' lang='grc' dir='ltr'><strong>τὸ</strong></span> <span class='ocrx_word' id='word_1_704' title='bbox 2182 4195 2419 4265; x_wconf 89' lang='grc' dir='ltr'>χρηστὸν</span> <span class='ocrx_word' id='word_1_705' title='bbox 2467 4194 2658 4266; x_wconf 81' lang='grc' dir='ltr'>δνομα,</span> <span class='ocrx_word' id='word_1_706' title='bbox 2693 4196 2828 4249; x_wconf 87' lang='grc' dir='ltr'>ἀλλὰ</span> <span class='ocrx_word' id='word_1_707' title='bbox 2856 4197 2915 4249; x_wconf 85' lang='grc' dir='ltr'><strong>τὸ</strong></span> <span class='ocrx_word' id='word_1_708' title='bbox 2969 4197 3259 4269; x_wconf 80' lang='grc' dir='ltr'>όρθόδοξον,</span> <span class='ocrx_word' id='word_1_709' title='bbox 3296 4200 3430 4254; x_wconf 80' lang='grc' dir='ltr'>ἀλλὰ</span> <span class='ocrx_word' id='word_1_710' title='bbox 3460 4200 3551 4271; x_wconf 78' lang='grc' dir='ltr'>τὴν</span> <span class='ocrx_word' id='word_1_711' title='bbox 3586 4203 3663 4265; x_wconf 82' lang='grc' dir='ltr'><strong>είς</strong></span> 
     </span>
    </p>
   </div>
   <div class='ocr_carea' id='block_1_102' title="bbox 2094 4284 3663 4361">
    <p class='ocr_par' dir='ltr' id='par_1_102' title="bbox 2094 4284 3663 4361">
     <span class='ocr_line' id='line_1_102' title="bbox 2094 4284 3663 4361; baseline 0.006 -25"><span class='ocrx_word' id='word_1_712' title='bbox 2094 4284 2227 4337; x_wconf 84' lang='grc' dir='ltr'>Θεὸν</span> <span class='ocrx_word' id='word_1_713' title='bbox 2266 4286 2482 4352; x_wconf 88' lang='grc' dir='ltr'>πίστιν;</span> <span class='ocrx_word' id='word_1_714' title='bbox 2543 4287 2606 4339; x_wconf 83' lang='grc' dir='ltr'><strong>Ὢ</strong></span> <span class='ocrx_word' id='word_1_715' title='bbox 2640 4288 2781 4360; x_wconf 86' lang='grc' dir='ltr'>πόσῃ</span> <span class='ocrx_word' id='word_1_716' title='bbox 2826 4288 2993 4359; x_wconf 80' lang='grc' dir='ltr'>ἀρετῇ</span> <span class='ocrx_word' id='word_1_717' title='bbox 3053 4290 3578 4361; x_wconf 71' lang='grc' dir='ltr'>συναναστρέφεσθει</span> <span class='ocrx_word' id='word_1_718' title='bbox 3619 4292 3663 4345; x_wconf 83' lang='grc' dir='ltr'><strong>ὣ</strong></span> 
     </span>
    </p>
   </div>
   <div class='ocr_carea' id='block_1_103' title="bbox 2098 4374 3659 4451">
    <p class='ocr_par' dir='ltr' id='par_1_103' title="bbox 2098 4374 3659 4451">
     <span class='ocr_line' id='line_1_103' title="bbox 2098 4374 3659 4451; baseline 0.005 -24"><span class='ocrx_word' id='word_1_719' title='bbox 2098 4374 2262 4428; x_wconf 88' lang='grc' dir='ltr'>πόσαι</span> <span class='ocrx_word' id='word_1_720' title='bbox 2289 4377 2481 4447; x_wconf 74' lang='grc' dir='ltr'>ἀρεταὶ</span> <span class='ocrx_word' id='word_1_721' title='bbox 2512 4377 2656 4447; x_wconf 80' lang='grc' dir='ltr'>ὑμᾶς</span> <span class='ocrx_word' id='word_1_722' title='bbox 2702 4378 3109 4449; x_wconf 84' lang='grc' dir='ltr'>περιστέφουσι,</span> <span class='ocrx_word' id='word_1_723' title='bbox 3142 4378 3260 4449; x_wconf 85' lang='grc' dir='ltr'><strong>Θεῷ</strong></span> <span class='ocrx_word' id='word_1_724' title='bbox 3316 4380 3659 4451; x_wconf 73' lang='grc' dir='ltr'>τιμιώτατιιιί</span> 
     </span>
    </p>
   </div>
   <div class='ocr_carea' id='block_1_104' title="bbox 2099 4466 3663 4542">
    <p class='ocr_par' dir='ltr' id='par_1_104' title="bbox 2099 4466 3663 4542">
     <span class='ocr_line' id='line_1_104' title="bbox 2099 4466 3663 4542; baseline 0.002 -22"><span class='ocrx_word' id='word_1_725' title='bbox 2099 4466 2145 4520; x_wconf 80' lang='grc' dir='ltr'>ὦ</span> <span class='ocrx_word' id='word_1_726' title='bbox 2176 4468 2242 4521; x_wconf 84' lang='grc' dir='ltr'><strong>ἐκ</strong></span> <span class='ocrx_word' id='word_1_727' title='bbox 2285 4467 2468 4521; x_wconf 88' lang='grc' dir='ltr'>πόσων</span> <span class='ocrx_word' id='word_1_728' title='bbox 2521 4468 2730 4540; x_wconf 83' lang='grc' dir='ltr'>ἀρετῶν</span> <span class='ocrx_word' id='word_1_729' title='bbox 2777 4469 3013 4539; x_wconf 88' lang='grc' dir='ltr'>διάδημα</span> <span class='ocrx_word' id='word_1_730' title='bbox 3048 4469 3395 4540; x_wconf 72' lang='grc' dir='ltr'>περίκεισθεε</span> <span class='ocrx_word' id='word_1_731' title='bbox 3449 4470 3493 4522; x_wconf 82' lang='grc' dir='ltr'><strong>ὣ</strong></span> <span class='ocrx_word' id='word_1_732' title='bbox 3527 4472 3663 4542; x_wconf 86' lang='grc' dir='ltr'>πόση</span> 
     </span>
    </p>
   </div>
   <div class='ocr_carea' id='block_1_105' title="bbox 2099 4557 3659 4633">
    <p class='ocr_par' dir='ltr' id='par_1_105' title="bbox 2099 4557 3659 4633">
     <span class='ocr_line' id='line_1_105' title="bbox 2099 4557 3659 4633; baseline 0.001 -22"><span class='ocrx_word' id='word_1_733' title='bbox 2099 4558 2231 4629; x_wconf 84' lang='grc' dir='ltr'>παρ’</span> <span class='ocrx_word' id='word_1_734' title='bbox 2280 4557 2409 4628; x_wconf 82' lang='grc' dir='ltr'>ὑμῖν</span> <span class='ocrx_word' id='word_1_735' title='bbox 2455 4557 2705 4629; x_wconf 87' lang='grc' dir='ltr'>χρηστῶν</span> <span class='ocrx_word' id='word_1_736' title='bbox 2750 4557 2927 4629; x_wconf 83' lang='grc' dir='ltr'>ἔργων</span> <span class='ocrx_word' id='word_1_737' title='bbox 2954 4558 3276 4613; x_wconf 74' lang='grc' dir='ltr'>εύστάθειαί</span> <span class='ocrx_word' id='word_1_738' title='bbox 3311 4560 3510 4631; x_wconf 78' lang='grc' dir='ltr'>Εἰρήνη</span> <span class='ocrx_word' id='word_1_739' title='bbox 3537 4562 3659 4633; x_wconf 74' lang='grc' dir='ltr'>παρ’</span> 
     </span>
    </p>
   </div>
   <div class='ocr_carea' id='block_1_106' title="bbox 2100 4648 3663 4724">
    <p class='ocr_par' dir='ltr' id='par_1_106' title="bbox 2100 4648 3663 4724">
     <span class='ocr_line' id='line_1_106' title="bbox 2100 4648 3663 4724; baseline 0.003 -24"><span class='ocrx_word' id='word_1_740' title='bbox 2100 4650 2229 4719; x_wconf 82' lang='grc' dir='ltr'>ὑμῖν</span> <span class='ocrx_word' id='word_1_741' title='bbox 2267 4648 2585 4719; x_wconf 83' lang='grc' dir='ltr'>ἡγεμονεύει</span> <span class='ocrx_word' id='word_1_742' title='bbox 2616 4649 2726 4703; x_wconf 88' lang='grc' dir='ltr'><strong>τῶν</strong></span> <span class='ocrx_word' id='word_1_743' title='bbox 2752 4650 2936 4703; x_wconf 86' lang='grc' dir='ltr'>κακῶν</span> <span class='ocrx_word' id='word_1_744' title='bbox 2969 4650 3146 4722; x_wconf 83' lang='grc' dir='ltr'>ἀποχῇ</span> <span class='ocrx_word' id='word_1_745' title='bbox 3169 4666 3184 4681; x_wconf 74' lang='grc' dir='ltr'><strong><em>ο</em></strong></span> <span class='ocrx_word' id='word_1_746' title='bbox 3210 4652 3663 4724; x_wconf 81' lang='grc' dir='ltr'>ταπεινοφροσύνη</span> 
     </span>
    </p>
   </div>
   <div class='ocr_carea' id='block_1_107' title="bbox 2099 4740 3659 4815">
    <p class='ocr_par' dir='ltr' id='par_1_107' title="bbox 2099 4740 3659 4815">
     <span class='ocr_line' id='line_1_107' title="bbox 2099 4740 3659 4815; baseline 0.004 -24"><span class='ocrx_word' id='word_1_747' title='bbox 2099 4740 2228 4809; x_wconf 83' lang='grc' dir='ltr'>παρ’</span> <span class='ocrx_word' id='word_1_748' title='bbox 2271 4740 2399 4810; x_wconf 84' lang='grc' dir='ltr'>ὑμῖν</span> <span class='ocrx_word' id='word_1_749' title='bbox 2447 4740 2791 4811; x_wconf 77' lang='grc' dir='ltr'>ἡγεμονεύει,</span> <span class='ocrx_word' id='word_1_750' title='bbox 2823 4742 2851 4794; x_wconf 92' lang='grc' dir='ltr'><strong>ό</strong></span> <span class='ocrx_word' id='word_1_751' title='bbox 2875 4740 2966 4795; x_wconf 80' lang='grc' dir='ltr'>τοῦ</span> <span class='ocrx_word' id='word_1_752' title='bbox 2993 4742 3197 4815; x_wconf 78' lang='grc' dir='ltr'>Κυρίου</span> <span class='ocrx_word' id='word_1_753' title='bbox 3224 4744 3455 4815; x_wconf 84' lang='grc' dir='ltr'>χρηστὸς</span> <span class='ocrx_word' id='word_1_754' title='bbox 3481 4743 3659 4813; x_wconf 79' lang='grc' dir='ltr'>τύπος,</span> 
     </span>
    </p>
   </div>
   <div class='ocr_carea' id='block_1_108' title="bbox 2099 4824 3662 4904">
    <p class='ocr_par' dir='ltr' id='par_1_108' title="bbox 2099 4824 3662 4904">
     <span class='ocr_line' id='line_1_108' title="bbox 2099 4824 3662 4904; baseline 0.003 -22"><span class='ocrx_word' id='word_1_755' title='bbox 2099 4824 2161 4883; x_wconf 72' lang='grc' dir='ltr'>οὗ</span> <span class='ocrx_word' id='word_1_756' title='bbox 2192 4830 2501 4899; x_wconf 86' lang='grc' dir='ltr'>ἀστοχήσας</span> <span class='ocrx_word' id='word_1_757' title='bbox 2552 4832 2702 4902; x_wconf 80' lang='grc' dir='ltr'>παρὰ</span> <span class='ocrx_word' id='word_1_758' title='bbox 2747 4831 2847 4901; x_wconf 82' lang='grc' dir='ltr'>τὴν</span> <span class='ocrx_word' id='word_1_759' title='bbox 2888 4831 3060 4904; x_wconf 82' lang='grc' dir='ltr'>ἀρχὴν</span> <span class='ocrx_word' id='word_1_760' title='bbox 3102 4833 3131 4885; x_wconf 87' lang='grc' dir='ltr'><strong>ό</strong></span> <span class='ocrx_word' id='word_1_761' title='bbox 3176 4833 3420 4897; x_wconf 76' lang='grc' dir='ltr'>διάϐολος</span> <span class='ocrx_word' id='word_1_762' title='bbox 3453 4834 3662 4899; x_wconf 67' lang='grc' dir='ltr'>δικαίως</span> 
     </span>
    </p>
   </div>
   <div class='ocr_carea' id='block_1_109' title="bbox 2099 4921 2520 4994">
    <p class='ocr_par' dir='ltr' id='par_1_109' title="bbox 2099 4921 2520 4994">
     <span class='ocr_line' id='line_1_109' title="bbox 2099 4921 2520 4994; baseline 0.014 -22"><span class='ocrx_word' id='word_1_763' title='bbox 2099 4921 2520 4994; x_wconf 80' lang='grc' dir='ltr'>καταδέὅληται.</span> 
     </span>
    </p>
   </div>
   <div class='ocr_carea' id='block_1_110' title="bbox 2173 5011 3662 5084">
    <p class='ocr_par' dir='ltr' id='par_1_110' title="bbox 2173 5011 3662 5084">
     <span class='ocr_line' id='line_1_110' title="bbox 2173 5011 3662 5084; baseline 0.005 -22"><span class='ocrx_word' id='word_1_764' title='bbox 2173 5011 2273 5063; x_wconf 87' lang='lat' dir='ltr'><strong>lE&#39;.</strong></span> <span class='ocrx_word' id='word_1_765' title='bbox 2302 5011 2485 5066; x_wconf 82' lang='grc' dir='ltr'>Ταῦτα</span> <span class='ocrx_word' id='word_1_766' title='bbox 2529 5013 2586 5066; x_wconf 91' lang='grc' dir='ltr'><strong>δέ</strong></span> <span class='ocrx_word' id='word_1_767' title='bbox 2613 5012 2742 5083; x_wconf 78' lang='grc' dir='ltr'>ύμῖν</span> <span class='ocrx_word' id='word_1_768' title='bbox 2766 5012 2997 5084; x_wconf 87' lang='grc' dir='ltr'>γράφειν</span> <span class='ocrx_word' id='word_1_769' title='bbox 3041 5012 3136 5067; x_wconf 71' lang='grc' dir='ltr'><strong>καὶ</strong></span> <span class='ocrx_word' id='word_1_770' title='bbox 3167 5012 3348 5081; x_wconf 86' lang='grc' dir='ltr'>λέγειν</span> <span class='ocrx_word' id='word_1_771' title='bbox 3380 5015 3662 5082; x_wconf 80' lang='grc' dir='ltr'>ἀναγκαῖον</span> 
     </span>
    </p>
   </div>
   <div class='ocr_carea' id='block_1_111' title="bbox 2103 5104 3635 5177">
    <p class='ocr_par' dir='ltr' id='par_1_111' title="bbox 2103 5104 3635 5177">
     <span class='ocr_line' id='line_1_111' title="bbox 2103 5104 3635 5177; baseline 0.003 -22"><span class='ocrx_word' id='word_1_772' title='bbox 2103 5104 2198 5157; x_wconf 75' lang='grc' dir='ltr'>καὶ</span> <span class='ocrx_word' id='word_1_773' title='bbox 2221 5105 2670 5175; x_wconf 80' lang='grc' dir='ltr'>πρεπωδέστατον</span> <span class='ocrx_word' id='word_1_774' title='bbox 2690 5122 2703 5137; x_wconf 72' lang='grc' dir='ltr'><strong><em>ο</em></strong></span> <span class='ocrx_word' id='word_1_775' title='bbox 2739 5106 2923 5177; x_wconf 83' lang='grc' dir='ltr'>ἐπειδὴ</span> <span class='ocrx_word' id='word_1_776' title='bbox 2961 5105 3268 5177; x_wconf 86' lang='grc' dir='ltr'>γέγραπται</span> <span class='ocrx_word' id='word_1_777' title='bbox 3287 5123 3303 5136; x_wconf 74' lang='grc' dir='ltr'><strong>ο</strong></span> <span class='ocrx_word' id='word_1_778' title='bbox 3348 5106 3557 5176; x_wconf 73' lang='grc' dir='ltr'>Μνήμη</span> <span class='ocrx_word' id='word_1_779' title='bbox 3580 5106 3635 5161; x_wconf 66' lang='grc' dir='ltr'>δι</span> 
     </span>
    </p>
   </div>
   <div class='ocr_carea' id='block_1_112' title="bbox 2102 5195 3659 5269">
    <p class='ocr_par' dir='ltr' id='par_1_112' title="bbox 2102 5195 3659 5269">
     <span class='ocr_line' id='line_1_112' title="bbox 2102 5195 3659 5269; baseline 0.003 -22"><span class='ocrx_word' id='word_1_780' title='bbox 2102 5195 2287 5248; x_wconf 81' lang='grc' dir='ltr'>καίων</span> <span class='ocrx_word' id='word_1_781' title='bbox 2308 5197 2439 5265; x_wconf 79' lang='grc' dir='ltr'>μετ’</span> <span class='ocrx_word' id='word_1_782' title='bbox 2467 5197 2773 5268; x_wconf 73' lang='grc' dir='ltr'>ἐγκωμίων</span> <span class='ocrx_word' id='word_1_783' title='bbox 2796 5214 2810 5228; x_wconf 84' lang='lat'><strong><em>°</em></strong></span> <span class='ocrx_word' id='word_1_784' title='bbox 2847 5199 2941 5251; x_wconf 80' lang='grc' dir='ltr'>καὶ</span> <span class='ocrx_word' id='word_1_785' title='bbox 2968 5198 3049 5251; x_wconf 87' lang='grc' dir='ltr'>ὅτι</span> <span class='ocrx_word' id='word_1_786' title='bbox 3071 5196 3567 5269; x_wconf 81' lang='grc' dir='ltr'>ἐγκωμιαζομένων</span> <span class='ocrx_word' id='word_1_787' title='bbox 3584 5198 3659 5253; x_wconf 75' lang='grc' dir='ltr'><strong>δι-</strong></span> 
     </span>
    </p>
   </div>
   <div class='ocr_carea' id='block_1_113' title="bbox 2095 5451 3661 5534">
    <p class='ocr_par' dir='ltr' id='par_1_113' title="bbox 2095 5451 3661 5534">
     <span class='ocr_line' id='line_1_113' title="bbox 2095 5451 3661 5534; baseline 0.01 -28"><span class='ocrx_word' id='word_1_788' title='bbox 2095 5451 2320 5534; x_wconf 61' lang='lat' dir='ltr'><strong>.Ioanne,</strong></span> <span class='ocrx_word' id='word_1_789' title='bbox 2355 5468 2472 5524; x_wconf 90' lang='lat' dir='ltr'><strong>cap.</strong></span> <span class='ocrx_word' id='word_1_790' title='bbox 2501 5454 2592 5534; x_wconf 56' lang='lat' dir='ltr'><strong>ll.</strong></span> <span class='ocrx_word' id='word_1_791' title='bbox 2636 5455 2927 5534; x_wconf 77' lang='lat' dir='ltr'><strong>Macarium</strong></span> <span class='ocrx_word' id='word_1_792' title='bbox 2984 5458 3227 5531; x_wconf 74' lang='lat' dir='ltr'><strong>intelligo</strong></span> <span class='ocrx_word' id='word_1_793' title='bbox 3249 5462 3596 5531; x_wconf 85' lang='lat' dir='ltr'><strong>antiquiorem</strong></span> <span class='ocrx_word' id='word_1_794' title='bbox 3630 5481 3661 5521; x_wconf 75' lang='grc' dir='ltr'><strong>ε</strong></span> 
     </span>
    </p>
   </div>
   <div class='ocr_carea' id='block_1_114' title="bbox 2101 5524 2851 5584">
    <p class='ocr_par' dir='ltr' id='par_1_114' title="bbox 2101 5524 2851 5584">
     <span class='ocr_line' id='line_1_114' title="bbox 2101 5524 2851 5584; baseline 0.007 -7"><span class='ocrx_word' id='word_1_795' title='bbox 2101 5524 2270 5578; x_wconf 89' lang='lat' dir='ltr'><strong>tribus</strong></span> <span class='ocrx_word' id='word_1_796' title='bbox 2300 5525 2400 5578; x_wconf 91' lang='lat' dir='ltr'><strong>boc</strong></span> <span class='ocrx_word' id='word_1_797' title='bbox 2424 5528 2639 5580; x_wconf 91' lang='lat' dir='ltr'><strong>nomine</strong></span> <span class='ocrx_word' id='word_1_798' title='bbox 2670 5526 2851 5584; x_wconf 88' lang='lat' dir='ltr'><strong>claris.</strong></span> 
     </span>
    </p>
   </div>
   <div class='ocr_carea' id='block_1_115' title="bbox 2138 5590 3654 5674">
    <p class='ocr_par' dir='ltr' id='par_1_115' title="bbox 2138 5590 3654 5674">
     <span class='ocr_line' id='line_1_115' title="bbox 2138 5590 3654 5674; baseline 0.01 -28"><span class='ocrx_word' id='word_1_799' title='bbox 2138 5592 2287 5674; x_wconf 19' lang='lat' dir='ltr'><strong>_(I8)A</strong></span> <span class='ocrx_word' id='word_1_800' title='bbox 2309 5593 2568 5662; x_wconf 86' lang='lat' dir='ltr'><strong>Loquitur</strong></span> <span class='ocrx_word' id='word_1_801' title='bbox 2592 5611 2720 5665; x_wconf 78' lang='lat' dir='ltr'><strong>ergo</strong></span> <span class='ocrx_word' id='word_1_802' title='bbox 2752 5596 3015 5674; x_wconf 81' lang='lat' dir='ltr'><strong>Serapion</strong></span> <span class='ocrx_word' id='word_1_803' title='bbox 3043 5600 3111 5656; x_wconf 90' lang='lat' dir='ltr'><strong>de</strong></span> <span class='ocrx_word' id='word_1_804' title='bbox 3146 5590 3254 5658; x_wconf 75' lang='lat' dir='ltr'><strong>illis</strong></span> <span class='ocrx_word' id='word_1_805' title='bbox 3276 5602 3487 5659; x_wconf 77' lang='lat' dir='ltr'><strong>sanctis</strong></span> <span class='ocrx_word' id='word_1_806' title='bbox 3505 5605 3654 5661; x_wconf 79' lang='lat' dir='ltr'><strong>Auto-</strong></span> 
     </span>
    </p>
   </div>
   <div class='ocr_carea' id='block_1_116' title="bbox 2097 5668 2991 5735">
    <p class='ocr_par' dir='ltr' id='par_1_116' title="bbox 2097 5668 2991 5735">
     <span class='ocr_line' id='line_1_116' title="bbox 2097 5668 2991 5735; baseline 0.007 -20"><span class='ocrx_word' id='word_1_807' title='bbox 2097 5668 2208 5728; x_wconf 91' lang='lat' dir='ltr'><strong>nio,</strong></span> <span class='ocrx_word' id='word_1_808' title='bbox 2239 5672 2369 5728; x_wconf 82' lang='lat' dir='ltr'><strong>etc.,</strong></span> <span class='ocrx_word' id='word_1_809' title='bbox 2396 5674 2653 5735; x_wconf 88' lang='lat' dir='ltr'><strong>tanquam</strong></span> <span class='ocrx_word' id='word_1_810' title='bbox 2682 5668 2991 5723; x_wconf 68' lang='lat' dir='ltr'><strong>comtaneis.</strong></span> 
     </span>
    </p>
   </div>
  </div>
