3860 6364
172 310 266 368 ςιι

957 315 1019 371 S.
1061 315 1456 373 PACIIOMIUS
1491 311 1971 372 TABE‘NNENSIS
2007 311 2250 368 ABBAS.
2274 342 2344 352 —-
2367 311 2664 369 NOTITIA.

3343 314 3452 373 913

171 431 342 488 καίων
400 435 872 509 εὐφρανθήσονται
922 437 1042 492 λαοί
1071 454 1085 468 ⁸
1143 441 1230 493 ὅτε
1280 440 1463 494 τοίνυν
1499 457 1585 504 τις
1621 437 1778 511 ὑμῶν

1884 438 2204 493 laetabuntur
2229 437 2488 509 populi“.
2525 435 2746 504 Quoties
2773 448 2901 506 ergo
2927 433 3050 505 quis
3077 434 3238 490 vestri
3263 439 3452 492 memi-

175 526 540 598 μνημονεύει,
602 529 826 594 πάντως
880 535 977 584 καὶ
1005 531 1300 602 ἐγκωμίων
1323 533 1657 602 ἐφάπτεταιο
1691 531 1775 585 διδ

170 619 564 689 ἀνδρειότατοι,
593 621 785 692 σαφῶς
815 620 1272 693 ἐπιγινώσκοντες
1293 623 1448 696 ὑμῶν
1472 624 1534 678 τὸ
1558 623 1783 694 ἀξίωμα

172 710 264 762 καὶ
317 711 422 781 τὴν
457 712 676 767 ἑαυτῶν
707 712 890 779 δόξαν,
944 713 1230 769 τελειῶσαι
1258 714 1414 786 ὑμῶν
1450 715 1544 769 τὸν
1586 713 1776 786 μισθὸν

171 802 519 871 ἐνισχύσατε,
553 806 819 877 νήφοντες
871 807 966 861 ἐπὶ
996 808 1180 863 πλεῖον
1227 810 1294 880 τῇ
1331 806 1442 862 τῶν
1477 805 1776 879 μελλόντων

171 894 378 948 ἑλπίδι·
435 898 624 953 καὶτὸ
655 899 751 954 τοῦ
785 901 952 955 Δαόὶδ
987 902 1207 974 ᾄδοντες
1232 918 1249 932 “
1307 901 1630 971 Ἀνΰριζοω
1677 895 1777 954 κάι

171 991 588 1062 κραταιούσθ,ω
642 993 685 1062 ἡ
716 993 931 1063 καρδία
954 1009 1098 1060 σου,
1149 995 1251 1049 καὶ
1299 995 1632 1064 ὑπόμεινον
1670 993 1779 1048 τὸν

171 1081 423 1148 Κύριονο
470 1083 607 1156 μηδὲ
659 1084 884 1140 πώποτε
914 1086 1019 1141 κᾶν
1046 1086 1227 1142 ἔννοιά
1275 1103 1362 1152 τις
1395 1085 1686 1159 ὲμφωλεύῃ
1716 1085 1779 1140 τδ

172 1169 425 1238 σῦνολον,
449 1176 588 1247 μηδὲ
617 1176 712 1232 τοῦ
735 1178 990 1234 τοσούτου
1016 1180 1212 1253 χρόνον
1247 1181 1479 1254 βραχεῖά
1495 1199 1582 1246 τις
1607 1180 1775 1253 ῥᾳθυ-

172 1264 272 1335 μία
312 1265 428 1320 τῶν
457 1267 682 1337 ἀγαθῶν
745 1270 901 1341 ὑμῶν
935 1272 1036 1344 τῆς
1064 1273 1244 1344 ψυχῆς
1276 1273 1518 1337 ἐναντίος
1575 1274 1780 1345 ἄνεμος

169 1357 416 1423 πνεύσας
447 1359 635 1414 σϐέσει
665 1361 735 1417 τὰ
778 1362 1065 1434 λάμποντα
1094 1364 1250 1434 φῶτα
1273 1364 1350 1428 ὡς
1375 1367 1664 1436 φωστῆρες
1719 1365 1779 1419 ἐν

167 1451 363 1524 κόσμῳ
394 1453 736 1524 φαινόμενοι,
777 1456 864 1510 ἵνα
897 1456 996 1510 σὺν
1033 1460 1148 1522 τοῖς
1183 1457 1504 1522 ἀποστόλοις
1541 1457 1780 1529 ἀκούση-

170 1542 264 1597 σῦε
285 1563 300 1576 ο
339 1545 534 1616 Ὑμεῖς
580 1545 724 1602 ἐστε
751 1546 879 1617 φῶς
907 1549 1014 1603 τοῦ
1065 1551 1300 1620 κόσμου
1322 1565 1338 1579 ·
1377 1549 1472 1603 τοῦ
1520 1548 1581 1603 δὲ
1620 1550 1780 1603 Ἀπη-

170 1636 365 1690 στόλου
419 1637 674 1707 λέγοντος
690 1656 704 1670 ο
766 1639 1100 1709 Ὑπομονῆς
1145 1640 1256 1710 γὰρ
1316 1639 1488 1709 ἔχετε
1538 1640 1777 1710 χρείαν,

165 1727 271 1779 ινα
322 1727 392 1780 τὸ
421 1726 660 1798 θέλημα
714 1727 824 1783 τοῦ
861 1727 1014 1783 Θεοῦ
1051 1728 1422 1796 ποιήσαντες
1461 1729 1778 1798 κοσμήσῃ-

1876 532 1975 598 nit,
2013 532 2175 588 toties
2205 531 2254 587 ei
2307 530 2524 586 laudum
2577 538 2880 585 vestrarum
2913 527 2968 582 in
3019 539 3254 585 mentem
3286 531 3452 585 venit.

1877 622 2099 693 Itaque,
2160 637 2194 679 ο
2258 621 2564 686 fortissimi,
2615 628 2853 676 vestram
2906 619 3222 690 dignitatem
3287 623 3456 692 probe

1877 716 2114 773 scientes
2139 726 2485 788 vestramque
2511 715 2732 781 famam,
2755 715 3012 787 deinceps
3037 725 3274 772 vestram
3307 735 3454 774 mer-

1877 808 2062 864 cedem
2084 810 2364 865 cumulare
2409 809 2996 875 nitimini,futurorum
3047 809 3310 866 bonorum
3359 826 3458 880 spe

1879 901 2113 958 alacrius
2132 902 2439 973 vigilantes,
2469 903 2711 974 illudque
2740 903 2908 958 David
2936 910 3224 960 cantantes
3260 921 3276 958 :
3317 901 3457 957 For-

1878 992 2002 1046 (iter
2025 1008 2142 1062 age,
2189 1003 2239 1047 et
2288 994 2562 1048 roboretur
2595 1009 2689 1048 eor
2736 1003 2905 1061 tuum,
2940 1005 2989 1051 et
3037 997 3239 1052 sustine
3276 996 3462 1053 Domi-

1879 1100 2004 1138 num
2030 1084 2126 1150 “’;
2153 1098 2223 1140 ne
2256 1084 2398 1142 forte
2440 1079 2726 1158 aliquando
2754 1087 2838 1144 vel
2885 1088 3045 1145 unica
3066 1089 3321 1160 cogitatio
3340 1089 3460 1146 the-

1879 1192 2098 1230 saurum
2126 1180 2446 1233 universum
2477 1181 2812 1248 pessumdet;
2861 1195 3035 1251 neque
3067 1189 3190 1252 post
3246 1189 3458 1238 tantum

1882 1268 2141 1339 temporis
2183 1278 2412 1324 tractum
2451 1271 2631 1326 brevis
2661 1270 2842 1342 aliqua
2887 1273 3212 1345 negligentia
3264 1283 3462 1330 vestras

1879 1364 2075 1419 animae
2097 1365 2259 1430 bona,
2299 1379 2395 1420 ceu
2429 1363 2568 1422 ﬂans
2593 1379 2662 1421 ex
2696 1365 2921 1423 adverso
2945 1376 3138 1423 ventus
3181 1369 3459 1424 ardentem

1880 1458 2052 1515 facem
2086 1458 2416 1531 exstinguat,
2461 1458 2554 1529 qui
2603 1473 2796 1530 reapse
2839 1458 3005 1515 veluti
3064 1459 3344 1516 luminaria
3403 1462 3458 1517 in

1881 1554 2012 1610 orbe
2040 1552 2271 1620 lucetis;
2303 1561 2362 1608 ut
2419 1567 2543 1608 cum
2582 1552 2854 1622 apostolis
2880 1552 3116 1608 audiatis
3155 1571 3171 1609 :
3208 1553 3314 1609 Vos
3336 1555 3461 1610 estis

1879 1648 1975 1699 tua:
2003 1645 2188 1700 mundi
2220 1645 2288 1698 ⁸³.
2319 1643 2426 1699 Sed
2453 1653 2508 1699 et
2542 1641 2831 1713 Apostolus
2860 1643 2937 1697 ait
2973 1658 2989 1697 :
3020 1639 3289 1698 Patientia
3328 1658 3461 1712 opus

1881 1747 1954 1790 est
1983 1736 2148 1801 vobis,
2197 1744 2255 1789 ut
2293 1732 2392 1790 Dei
2419 1731 2737 1788 voluntatem
2784 1730 3119 1800 complentes,
3150 1731 3460 1800 promissio-

164 1819 426 1892 608(19)
453 1820 570 1888 τὴν
609 1821 1012 1893 ἐπαγγελίαν·
1067 1821 1144 1894 μὴ
1197 1821 1524 1893 ἀποκάμητε
1546 1815 1661 1885 οὖν,
1700 1839 1780 1875 τι-

1884 1843 1996 1881 nem
2025 1826 2300 1896 reportetis
2326 1824 2394 1878 “.
2430 1822 2510 1879 Ne
2540 1823 2703 1895 igitur
2744 1821 3052 1888 lassemeni,
3087 1835 3122 1878 ο
3146 1822 3462 1878 desideran-

169 1911 466 1982 μιὼτατοι,
519 1911 658 1967 ἀλλὰ
686 1915 752 1984 τῇ
781 1912 926 1986 ἀρχῇ
958 1913 1020 1966 τὸ
1048 1912 1204 1977 τέλος
1237 1911 1534 1984 συνάψατε,
1569 1912 1666 1966 καὶ
1703 1910 1783 1982 τῷ

165 2003 316 2058 τέλει
349 2004 452 2076 τὴν
479 2005 657 2078 ἀρχὴν
682 2005 993 2076 συνάψατε⁸
1035 2005 1102 2060 '0
1145 2007 1258 2077 γὰρ
1317 2006 1654 2076 ὑπομείνας
1693 2006 1782 2071 εὶς

168 2096 376 2164 τέλος,
403 2093 588 2165 οὗτος
613 2098 956 2166 σωθήσεται
977 2115 994 2131 ·
1021 2098 1234 2169 γένοιτο
1260 2098 1319 2152 δὲ
1351 2098 1500 2170 ὑμᾶς
1520 2097 1618 2153 καὶ
1631 2098 1781 2170 ἡμᾶς

173 2186 461 2257 μακαρίου
491 2189 589 2243 καὶ
613 2187 763 2243 ὁσίου
803 2188 996 2254 τέλους
1026 2190 1210 2261 τυχεῖν
1245 2186 1675 2260 ἐντρεφομένους
1695 2184 1782 2240 δό-

168 2296 354 2349 γμασι
391 2280 598 2346 θείοις,
658 2281 765 2336 ὑπὸ
796 2281 933 2336 Θεοῦ
963 2282 1258 2355 ἀρχόμενοι
1304 2282 1400 2336 καὶ
1447 2279 1580 2353 παρ’
1610 2276 1779 2334 αὐτοῦ

171 2374 605 2444 ποιμαινόμενοι
626 2391 641 2405 ⁸
693 2375 792 2430 καὶ
832 2375 902 2430 τὰ
957 2376 1187 2431 εὐκταῖα
1239 2375 1423 2430 ἐκεῖνα
1455 2374 1677 2446 ῥήματα
1705 2370 1784 2442 τῷ

185 2465 510 2537 ’Δποστόλῳ
567 2467 1024 2539 κατορθώσαντας
1076 2466 1216 2540 μετὰ
1264 2465 1581 2539 Μρῤησίας
1605 2463 1780 2532 λέξαι,

178 2558 297 2612 Τὸν
326 2558 539 2630 ἀγῶνα
563 2559 672 2615 τὸν
697 2560 892 2616 καλὸν
923 2560 1278 2632 ἠγώνισμαι,
1303 2559 1412 2613 τὸν
1436 2558 1662 2628 δρόμον
1691 2572 1785 2610 τε-

171 2648 420 2716 τέλεκα,
445 2650 565 2721 τὴν
595 2653 809 2708 πίστιν
853 2654 1154 2723 τετήρηκα
1174 2670 1190 2684 ·
1227 2651 1448 2708 λοιπὸν
1473 2647 1786 2706 ἀπόκειται

167 2759 275 2810 μοι
309 2745 346 2797 ὁ
387 2741 501 2812 τῆς
543 2742 942 2815 δικαιοσύνης
987 2746 1316 2816 στέφανος,
1365 2743 1439 2798 ὃν
1481 2741 1784 2799 ἀποδώσει

166 2851 276 2904 μοι
297 2837 525 2904 Κύριος
544 2837 616 2892 ἐν
635 2837 840 2908 ἐκείνῃ
865 2837 940 2909 τῇ
969 2837 1185 2910 ἡμέρᾳ,
1215 2840 1250 2893 ὁ
1277 2837 1514 2903 δίκαιος
1537 2833 1748 2904 κριτής
1763 2849 1780 2864 ⁸

1877 1918 2099 1982 tissimi,
2147 1917 2244 1974 sed
2279 1915 2442 1970 linem
2475 1915 2634 1971 initio
2670 1913 2901 1984 iungite,
2947 1923 3004 1969 et
3055 1913 3148 1969 fini
3201 1914 3460 1970 initium:

1881 2009 1988 2076 Qui
2035 2007 2174 2062 enim
2224 2005 2530 2061 sustinuerit
2566 2021 2728 2076 usque
2779 2006 2849 2058 ad
2897 2005 3089 2072 ﬁnem,
3140 2003 3226 2060 Itic
3285 2005 3463 2060 salvus

1878 2103 1977 2159 erit
1999 2102 2066 2157 "'.
2087 2099 2306 2158 Utinam
2331 2111 2459 2153 vero
2480 2097 2632 2154 vobis
2656 2095 2919 2166 nobisque
2943 2097 3222 2170 contingat
3245 2097 3462 2152 beatum

1879 2195 2236 2258 sanctumque
2283 2185 2571 2242 terminum
2639 2185 2934 2257 consequi,
2979 2187 3165 2242 divino
3211 2185 3465 2258 dogmate

1879 2280 2154 2345 enutritis,
2190 2279 2302 2334 Deo
2339 2276 2478 2334 duce
2512 2287 2570 2335 et
2597 2277 2848 2349 pastore!
2875 2286 2933 2332 ut
2961 2277 3050 2333 illa
3080 2277 3462 2334 desiderabilia

1879 2371 2119 2443 Apostoli
2152 2370 2317 2427 verba
2349 2379 2714 2440 exsequentes
2748 2369 2990 2426 dicamus
3046 2388 3060 2424 :
3089 2368 3298 2426 Bonum
3345 2387 3464 2427 eer-

1879 2472 2055 2517 tamen
2087 2461 2303 2528 c‘ertavi,
2353 2476 2564 2515 cursum
2601 2459 2984 2526 consummaui,
3013 2460 3171 2530 ﬁdem
3222 2461 3463 2524 servavi;

1880 2555 2118 2622 deinceps
2140 2553 2362 2623 reposita
2401 2561 2478 2608 est
2501 2551 2632 2606 mihi
2664 2541 2893 2622 justitite
2919 2567 3136 2613 corona.
3162 2567 3319 2621 quam
3343 2551 3465 2607 red-

1888 2646 1972 2700 det
1995 2645 2124 2698 mihi
2147 2642 2410 2698 Dominus
2433 2643 2491 2696 in
2512 2641 2607 2696 illa
2630 2642 2718 2698 die
2741 2641 2922 2711 justus
2934 2640 3103 2712 judex
3129 2641 3207 2695 °':
3239 2643 3324 2698 cui
3351 2640 3466 2714 glo-

1888 2739 1968 2792 ria
1988 2745 2043 2793 et
2075 2736 2335 2807 potentia,
2388 2733 2536 2790 Patri
2575 2733 2827 2791 videlicet
2850 2748 2975 2790 cum
3004 2733 3140 2790 Filio
3168 2743 3467 2804 sanctoque

1845 2845 1849 2848 ’
1891 2827 2097 2900 Spiritu
2118 2869 2136 2896 ,
2165 2843 2264 2898 per
2287 2826 2487 2886 secula
2508 2826 2851 2884 seculorum.
2881 2827 3074 2882 Amen.

168 2924 219 2998 ᾧ
251 2933 286 3002 ἡ
331 2931 466 2999 δόξα
497 2935 595 2987 καὶ
649 2934 712 2988 τὸ
766 2933 988 3006 κράτος,
1016 2933 1096 3006 τῷ
1128 2931 1306 3004 Πατρὶ¹
1331 2931 1426 2987 καὶ
1453 2929 1534 3002 τῷ
1574 2929 1691 3002 Υἱῷ
1735 2927 1830 2983 καὶ
1865 2925 1946 2998 τῷ
1973 2924 2114 2995 ἁγίῳ
2168 2923 2472 2995 Πνεύματι,
2519 2923 2600 2987 εις
2650 2923 2778 2986 τοὺς
2821 2922 3023 2987 αἱιῖινας
3064 2922 3172 2978 τῶν
3230 2923 3462 2978 αἰώνων.

186 3021 390 3092 Ἀμήν.

252 3133 312 3205 ’ξ
327 3133 493 3205 Prw.
529 3151 679 3202 χιιι,
712 3139 770 3191 2.
847 3137 915 3170 “‘
939 3135 1081 3193 Psal.
1119 3149 1271 3205 xxvr,
1295 3134 1390 3190 ιι.
1467 3133 1514 3167 ⁸⁸
1543 3131 1732 3189 Matth.
1763 3149 1788 3187 v

1885 3133 1938 3186 ι.
2011 3127 2059 3162 ⁸⁸
2080 3125 2247 3185 Hebr.
2283 3143 2341 3196 ι,
2374 3127 2463 3183 '56.
2542 3128 2587 3160 "
2611 3126 2804 3182 Matth.
2837 3141 2986 3188 xxtv,
3020 3125 3106 3179 l3.
3169 3125 3214 3156 “
3245 3123 3284 3178 ll
3313 3122 3462 3184 Tim.

177 3219 260 3269 Iv,
292 3203 351 3270 7,
385 3204 443 3258 8.

249 3319 374 3386 (l9)
407 3315 492 3371 An
518 3314 865 3388 κομίσησθεῖ

189 3423 3455 3480 W

1453 3601 1622 3649 ANNO
1653 3599 1874 3646 DOMINI
1906 3599 2210 3642 CCCXLVIU
2225 3630 2235 3642 .

1155 3914 1313 4068 S.
1410 3910 2512 4070 PACHOMIUS

921 4200 2086 4319 TABENNENSIS
2187 4202 2704 4316 ABBAS

1595 4576 2065 4657 NOTITIA.

836 4754 1160 4826 (Caunum,
1204 4753 1448 4810 Veterum
1479 4751 1706 4810 Patrum
1732 4753 2016 4818 Biblioth.,
2051 4762 2182 4808 tom.
2209 4751 2299 4814 IV.
2327 4752 2566 4823 Proleg..
2593 4769 2646 4824 p.
2680 4757 2851 4826 xxtx.)

196 5051 241 5107 1.
289 5046 569 5102 Parhomii
588 5055 734 5099 ortus
757 5053 806 5098 et
830 5044 952 5118 vitae
973 5042 1270 5118 institutum
1286 5081 1312 5118 ,_
1335 5051 1614 5118 antequam
1639 5045 1790 5098 Chri-
1816 5051 1859 5110 ο
1889 5046 2231 5104 Constantini
2262 5045 2438 5118 Magni
2469 5045 2693 5114 eiusque
2719 5042 2952 5099 filiorum
2990 5041 3325 5114 temporibus
3352 5056 3474 5097 ma.

272 5133 358 5174 sto
389 5133 578 5172 nomen
610 5119 784 5171 daret.
819 5112 1200 5170 Anachoresim
1230 5112 1458 5181 primum
1483 5113 1750 5180 professus
1771 5157 1786 5181 ,

269 5189 612 5261 postmodum
662 5184 1104 5263 1_'abenne‘nst:u_m-
1142 5180 1518 5263 monachorum
1567 5180 1786 5263 auctor,

272 5253 380 5330 'quo
409 5269 641 5378 tempore
663 5255 869 5325 ﬂoruit.
902 5253 1132 5309 Celebris
1161 5253 1277 5321 ejus
1301 5253 1576 5306 memoria.
1605 5256 1790 5310 Annus

275 5337 528 5386 emortua
553 5343 623 5380 ts.

275 5419 613 5477 Pachomius
641 5416 784 5485 apud
811 5413 1145 5471 Thebaidem
1174 5414 1449 5471 inferioris
1473 5409 1695 5484 Egypti
1729 5429 1796 5468 ex

200 5511 530 5587 parentibus
568 5510 808 5567 ethnicis
844 5518 1036 5572 ortus,
1077 5507 1283 5563 militia:
1321 5507 1556 5576 primum
1597 5521 1797 5561 nomen

210 5609 398 5674 dedit;
429 5603 776 5676 postmodum
806 5615 934 5658 vero
962 5601 1030 5657 ad
1059 5601 1264 5658 Christi
1292 5601 1451 5658 fidem
1473 5613 1794 5667 conversus,

277 5766 363 5842 (a)
405 5765 616 5824 Pallad.
642 5763 790 5823 Hist.
817 5764 980 5821 Laus.
1011 5778 1135 5835 cap.
1169 5762 1259 5820 38.

1900 5139 2046 5194 xime
2069 5137 2284 5193 claruit.
2315 5134 2764 5192 Anachoreticam
2788 5133 2933 5189 enim
2963 5132 3128 5188 vitam
3155 5133 3472 5202 amplexus,

1901 5229 2158 5298 deinceps
2188 5227 2446 5284 divinitus
2477 5225 2818 5292 admonitus,
2864 5223 3304 5282 Tabennensium
3351 5241 3472 5283 mo-

1901 5321 2199 5375 nachorum
2228 5327 2424 5376 auctor
2457 5325 2516 5372 et
2541 5315 2822 5372 institutor
2840 5315 3118 5372 exstitisse
3139 5314 3475 5386 perhibetur,

1902 5422 1962 5467 ut
1993 5421 2115 5482 post
2144 5409 2442 5466 Palladium
2467 5409 2546 5481 (a)
2570 5408 2763 5463 scribit
2794 5407 3129 5465 Sozomenus
3159 5407 3238 5480 (ὁ)
3257 5447 3275 5474 ,
3307 5422 3477 5462 evan-

1903 5503 2088 5574 gelicae
2113 5499 2462 5572 perfectionis
2489 5497 2764 5569 professor
2790 5501 3024 5557 eximius
3043 5541 3060 5567 ,
3093 5500 3312 5572 optimis
3341 5514 3476 5571 prm-

1907 5595 2078 5665 ceptis
2127 5590 2504 5662 institutisque
2539 5589 2833 5662 discipulos
2884 5607 3016 5650 suos
3063 5592 3298 5650 erudivit
3331 5609 3346 5646 :
3380 5588 3476 5648 Vir

1978 5754 2051 5825 (b)
2090 5753 2307 5812 Sozom.
2345 5751 2482 5808 Hist.
2513 5753 2641 5810 eccl.
2672 5752 2766 5809 lib.
2800 5767 2891 5824 ιιι,
2919 5752 3130 5823 cap“.
