3860 6312
396 292 509 350 9ιῦ

1526 276 1801 337 PATRES
1839 275 2134 334 EGYPTII
2178 275 2449 333 SECULI
2492 279 2581 335 IV.

3565 289 3673 349 5“

404 424 592 468 caetera
640 409 1088 471 humanissimus,
1143 403 1352 470 Deoque
1391 400 1674 455 admodum
1734 399 1926 453 cltarus
1962 413 1979 458 ;
2011 407 2053 460 Α
2082 398 2293 465 pristini
2327 400 2531 453 decoris
2572 400 2792 453 amittit.
2829 399 2980 456 Unde
3025 411 3077 458 et
3121 421 3213 475 ego
3257 421 3482 460 atterens
3513 424 3670 477 super

407 507 536 558 adeo
589 514 642 556 ut
689 502 868 572 futura
913 502 1297 567 prwnosceret,
1346 500 1395 546 et
1452 506 1569 544 cum
1628 488 1825 558 angelis
1873 487 1982 553 [ree

405 610 621 667 quenter
650 593 1031 663 colloqueretur
1060 587 1176 659 (a):
1226 585 1389 656 ’Δνὴρ
1420 583 1490 636 τὰ
1526 581 1759 653 μάλιστα
1795 578 1983 651 φιλάν-

404 689 643 763 θρωπος,
684 686 778 740 καὶ
817 681 1069 753 θεοφιλὴς
1113 681 1192 743 εἰς
1244 679 1383 747 ἄγαν
1406 716 1421 742 ,
1468 675 1543 739 ὡς
1581 672 1883 747 προειδέναι
1915 670 1985 724 τὰ

406 781 638 849 ἐσόμενα
658 817 675 843 ,
703 776 799 831 καὶ
837 774 1002 839 θείοις
1033 772 1286 844 ἀγγέλοις
1312 767 1514 841 ὁμιλῶν
1540 766 1817 829 πολλάκις.
1849 763 1985 818 lliuc

408 870 687 926 Pachumii
738 883 935 925 nomen
993 881 1117 922 cum
1170 862 1311 935 apud
1361 868 1604 916 vetustos
1654 857 1980 925 scriptores,

410 976 524 1020 tum
563 963 616 1019 in
653 961 809 1016 lastis
840 956 1267 1020 ecclesiasticis,
1310 954 1424 1008 sive
1453 950 1657 1007 (im-cis
1687 947 1802 1004 sive
1843 945 1988 1000 Lati-

408 1055 522 1120 nis,
555 1053 783 1109 summis
810 1050 1057 1106 laudibus
1088 1047 1422 1103 celebratum
1452 1042 1726 1099 invenias.
1759 1039 1987 1109 Magnus

407 1148 625 1219 quidem
658 1146 1019 1207 Athanasius,
1053 1147 1191 1196 teste
1223 1137 1551 1207 Hieronymo
1586 1134 1699 1204 (b),
1731 1131 1883 1202 quasi
1917 1130 1985 1183 ad

398 1238 734 1294 :tutissimum
764 1232 1147 1290 communionis
1177 1240 1384 1300 portum
1414 1226 1632 1281 Romam
1659 1223 1987 1294 confugiens,

416 1328 597 1387 Vitam
642 1328 779 1384 beati
814 1325 1036 1381 Antonii
1067 1324 1237 1377 adhuc
1286 1330 1408 1374 tunc
1446 1318 1658 1372 uiuentis
1682 1357 1696 1381 ,
1728 1323 1985 1369 monaste-

410 1425 717 1491 riorumgue
752 1420 809 1474 in
846 1416 1105 1471 Thebaide
1142 1411 1415 1468 Pucltomii
1451 1408 1830 1478 Disciplinam,
1875 1406 1985 1475 pri-

408 1531 531 1571 mus
565 1515 621 1569 in
654 1512 854 1570 Urbem
892 1509 1117 1565 invexit.
1152 1505 1483 1575 Factumque
1513 1501 1769 1572 proinde,
1806 1500 1881 1553 ait
1907 1499 1988 1551 vir

411 1607 600 1660 doctus
644 1602 755 1673 (c),
800 1609 865 1655 ut
912 1598 1153 1655 Romana
1204 1604 1313 1649 tum
1360 1593 1593 1663 primum
1640 1587 1882 1645 Ecclesia
1932 1588 1986 1642 in

411 1694 698 1752 nuntiastici
752 1690 984 1747 instituti
1041 1702 1282 1743 antorem
1341 1684 1505 1739 fuerit
1551 1695 1801 1738 accensa.
1853 1678 1989 1735 llinc

412 1785 743 1843 monasteria
777 1783 943 1839 multa
989 1796 1083 1851 per
1122 1778 1330 1833 Italiam
1375 1776 1647 1838 excitata,
1679 1782 1735 1829 et
1774 1772 1988 1827 institu-
2018 1768 2061 1824 Β

409 1891 526 1934 tum
560 1875 867 1948 huiusmodi
905 1872 1101 1929 exinde
1138 1885 1232 1941 per
1260 1862 1606 1925 Occidentem
1652 1863 1891 1919 manavit
1933 1862 1985 1916 in

413 1970 531 2024 dies
565 1966 746 2022 latius.
780 1963 1104 2036 Supremum
1139 1961 1280 2015 diem
1315 1958 1453 2014 obiit
1484 1955 1860 2012 sanctissimus
1894 1955 1990 2007 ab-

409 2059 509 2112 bas
548 2072 693 2112 anno
737 2054 847 2111 348
889 2054 1014 2125 (ά);
1083 2052 1307 2124 ejusque
1350 2060 1502 2115 gesta
1551 2046 1865 2103 admiranda
1897 2046 1990 2100 de-

412 2147 629 2215 scripsit
657 2143 873 2214 quidam
906 2142 1203 2197 monachus
1230 2137 1601 2194 Tabennensis
1647 2147 1809 2192 attate
1852 2150 1984 2203 sup-

413 2251 477 2304 pa
489 2252 529 2298 r,
563 2250 684 2306 quae
710 2236 852 2305 apud
880 2233 1262 2306 Bolla‘ndianos
1288 2232 1473 2288 videas
1501 2229 1592 2303 (e).

411 2328 483 2383 ll.
528 2325 620 2381 Vir
652 2327 963 2397 apostolica;
985 2327 1221 2397 gratiae,
1242 2322 1502 2397 Regulam
1535 2320 1849 2397 {Egyptiace
1875 2337 1990 2387 per-

484 2390 718 2466 scripsit.
754 2398 890 2451 Eam
922 2390 1101 2466 Greece
1135 2390 1394 2449 redditam
1434 2390 1851 2466 Latinislitteris
1880 2400 1992 2442 tra-

483 2462 615 2521 didit
655 2466 1031 2536 Hieronymus.
1065 2464 1180 2529 Quo
1209 2481 1346 2519 anno
1376 2462 1662 2518 versionem
1688 2477 1838 2514 suam
1867 2476 1992 2514 con-

482 2538 661 2605 fecerit
695 2550 906 2590 sanctus
937 2538 1140 2592 doctor.
1468 2549 1475 2553 '

486 2629 807 2687 Pachomius
830 2671 845 2698 ,
884 2630 1056 2700 inquit
1087 2629 1398 2685 Gennadius
1437 2626 1501 2698 (f)
1527 2664 1542 2689 ,
1574 2625 1653 2679 oir
1676 2632 1783 2679 tam
1812 2640 1865 2678 ιιι
1893 2622 1993 2677 do-

408 2725 576 2778 cendo
612 2738 770 2792 quam
814 2724 869 2777 in
923 2723 1077 2793 signa
1128 2722 1404 2791 faciendo,
1446 2719 1745 2793 apostolica:
1779 2719 1988 2788 gratior,

413 2816 622 2884 scripsit
651 2814 912 2887 Regulam
935 2816 1141 2884 utrique
1169 2814 1345 2883 generi
1371 2813 1745 2867 monachorum
1773 2824 1949 2878 aptant
1970 2849 1986 2874 ,

413 2923 575 2979 quam
600 2907 784 2977 angelo
816 2908 1041 2961 dictante
1065 2915 1380 2974 perceperat.
1407 2904 1558 2970 Quod
1582 2904 1799 2972 quidem
1828 2900 1995 2956 multo

418 3012 547 3057 ante
584 3001 920 3057 tradiderant
952 2999 1351 3068 lleraclideslg)
1373 3040 1387 3065 ,
1439 2998 1709 3053 Palladius
1744 2995 1855 3066 (Ii),
1890 2995 1991 3049 So-

418 3107 679 3149 zomeuus
710 3092 808 3162 (ἰ),
844 3100 902 3145 et
955 3092 1109 3161 longe
1168 3101 1289 3160 post
1336 3090 1671 3159 Nicephorus
1712 3085 1991 3157 (j).llanc
2019 3123 2061 3181 ο

416 3194 598 3243 autem
631 3184 800 3239 sancti
830 3182 1103 3237 Pachomii
1139 3181 1386 3253 Regulam
1412 3181 1730 3252 rEgyptiaco
1757 3180 1989 3250 primum

356 3286 357 3289 ‘
413 3287 669 3330 sermone
700 3274 1063 3341 conscriptam
1089 3310 1105 3336 ,
1136 3271 1327 3327 deinde
1359 3270 1549 3327 Graece
1583 3270 1889 3335 redditam,
1936 3269 1990 3320 in

414 3366 632 3423 Latium
663 3363 938 3420 transtulit
977 3372 1198 3419 sanctus
1237 3360 1598 3433 Hieronymus
1621 3398 1645 3424 γ
1670 3369 1864 3428 rogatu
1899 3359 1993 3412 lto-

414 3457 581 3513 tninis
623 3456 719 3511 Dei
750 3455 954 3510 Silvani
984 3452 1327 3525 presbyteri;
1370 3454 1463 3522 qui
1498 3459 1782 3521 propterea
1814 3449 1991 3504 Leon-

416 3552 549 3604 tium
597 3548 974 3620 presbyterum
1030 3556 1083 3601 et
1114 3556 1341 3601 caeteros
1391 3559 1513 3598 cum
1567 3558 1633 3599 eo
1682 3542 1881 3598 fratres
1924 3540 1992 3595 ad

414 3652 664 3698 sanctum
712 3640 1001 3695 Doctorem
1053 3640 1107 3692 in
1160 3638 1497 3695 Palaestinam
1540 3636 1845 3698 direxerat,
1886 3647 1993 3703 quo

416 3732 591 3789 Graeci
618 3729 942 3801 exemplaris
969 3728 1470 3798 interpretationem
1498 3741 1682 3783 coram
1711 3733 1990 3796 peterent,

412 3825 754 3897 ﬂagitarent,
785 3831 1061 3894 urgerent.
1114 3820 1292 3875 Tantis
1339 3821 1521 3890 itaque
1566 3820 1687 3874 viris
1729 3819 1993 3885 imperan-

417 3914 557 3968 tibus
580 3952 595 3979 ,
639 3929 702 3967 ne
739 3912 912 3965 dicam
958 3910 1286 3983 rogantibus,
1317 3923 1520 3964 morem
1558 3906 1725 3978 gessit
1773 3912 1995 3961 sanctus

416 4004 599 4063 Pater.
630 4014 689 4058 ut
718 4004 946 4072 ipsemet
974 4004 1028 4056 in
1059 3999 1381 4055 Prml‘atione
1416 4000 1483 4053 ad
1505 3997 1809 4052 versionem
1839 4008 1990 4050 suam

414 4093 644 4151 scribit:
679 4092 767 4147 ubi
795 4092 958 4147 etiam
988 4100 1203 4160 tempus
1232 4090 1434 4145 indicat
1458 4103 1566 4159 quo
1597 4101 1815 4142 manum
1841 4086 1992 4154 Operi

415 4187 677 4244 admovit.
721 4184 988 4241 Currebat
1034 4184 1243 4241 scilicet
1282 4199 1457 4238 atinus
1493 4180 1620 4246 404,
1659 4196 1765 4249 quo
1805 4189 1990 4234 sancta

414 4275 583 4332 Paula
628 4288 944 4346 supremum
976 4275 1117 4331 diem
1151 4274 1351 4331 abiisse
1380 4271 1728 4342 comperilur,
1774 4286 1847 4324 vn
1880 4269 1990 4322 Ka-

414 4368 598 4424 lendas
631 4363 988 4433 Februarias,
1028 4366 1184 4421 tertia
1220 4363 1439 4421 Sabbati
1470 4373 1583 4432 post
1621 4361 1748 4416 solis
1783 4360 1993 4414 accubi-

2086 486 2403 542 dormitione
2434 497 2633 543 sancto:
2656 498 2703 542 et
2737 491 3044 545 venerabilis
3073 491 3295 557 Paulle.
3323 525 3396 534 —-
3416 512 3520 566 quo
3547 498 3677 550 mut.

2088 587 2260 633 torum
2293 579 2458 634 incisa
2490 580 2636 636 illius
2667 591 2836 636 morte
2872 584 3151 653 refrigeria
3186 589 3517 656 suspirarem
3538 629 3553 653 ,
3586 606 3676 643 ac-

2088 671 2196 739 cepi
2229 671 2388 725 libras
2413 711 2429 737 ,
2454 680 2562 726 etc.
2588 670 2653 726 Et
2686 687 2814 727 mox
2845 696 2858 727 ι
2892 673 3079 743 Itaque
3102 678 3227 746 quia
3249 679 3340 731 ditt
3367 687 3634 733 tacueram
3654 723 3671 745 ,

2087 773 2133 816 et
2165 764 2399 818 dolorem
2430 780 2602 820 meum
2628 764 2842 820 silentio
2863 767 3233 821 decoraceram
3252 811 3266 833 ,
3290 797 3364 808 -—
3390 772 3563 823 accito
3586 789 3677 825 no—

2088 855 2260 921 tario,
2307 866 2359 910 ut
2404 866 2553 912 erant
2600 858 2663 912 de
2692 857 3014 928 zEgyptiaca
3048 860 3105 913 in
3152 861 3399 915 Granum
3442 862 3674 932 linguam

2088 966 2234 1005 uersa
2256 991 2270 1013 ,
2306 959 2485 1006 nostro
2508 968 2748 1006 sermone
2773 952 2998 1019 dictari,
3028 963 3084 1007 ut
3107 982 3175 995 —
3197 952 3364 1022 bona,
3398 966 3455 1008 ut
3485 958 3630 1010 aiunt
3655 997 3673 1019 ,

2087 1045 2328 1113 auspicio
2373 1044 2588 1114 longum
2639 1045 2905 1099 silentium
2960 1062 3250 1115 rumperent
3274 1087 3288 1111 ,
3328 1049 3553 1101 reddens
3592 1064 3675 1102 me

2088 1139 2325 1209 pristinis
2359 1138 2588 1203 studiis,
2620 1145 2667 1191 et
2701 1148 2899 1190 sancta:
2939 1137 3147 1206 femina:
3187 1136 3514 1207 refrigerans
3555 1139 3676 1191 ani-

2089 1248 2262 1295 mum,
2293 1246 2411 1300 qute
2444 1230 2885 1283 monasteriorum
2920 1245 3123 1298 semper
3154 1244 3337 1282 amore
3365 1229 3639 1299 ﬂagravit.

2089 1344 2173 1400 Ill.
2231 1344 2408 1399 Versio
2444 1341 2676 1424 Regulae.
2706 1341 3378 1424 Hieronymovindicatur,
3414 1343 3675 1412 simulque

2457 1414 2628 1482 operis
2659 1414 2932 1483 integritas
2959 1414 3221 1467 astruitur

2160 1529 2285 1583 Haec
2319 1536 2494 1582 autem
2532 1524 2953 1597 liieronymiana
3002 1535 3288 1595 propterea
3331 1527 3385 1580 in
3435 1528 3670 1580 medium

2089 1623 2447 1685 adduximus,
2480 1628 2541 1674 ut
2568 1617 2856 1675 Guilielmo
2883 1618 3061 1673 Cavea
3093 1619 3156 1690 (ι)
3197 1619 3427 1688 aliisque
3458 1619 3670 1673 obviam

2091 1713 2313 1778 iremus,
2343 1710 2434 1781 qui
2462 1710 2587 1765 dum
2618 1709 3009 1778 Hieronymum
3039 1709 3421 1765 Pachomiana’
3454 1708 3673 1780 Regula?

2091 1806 2445 1874 interpretem
2495 1815 2790 1872 agnoscere
2840 1802 3115 1865 abnuunt,
3163 1802 3403 1870 ejusdem
3460 1816 3674 1872 quoque

2092 1895 2303 1966 Regula:
2340 1895 2713 1950 sinceritatem
2745 1894 2796 1946 in
2828 1893 3119 1947 discrimen
3151 1908 3348 1950 vocare
3379 1896 3670 1950 videntur:

2090 1984 2355 2039 Nimirum
2379 2023 2394 2049 ,
2427 1984 2703 2052 inquiunt,
2737 1985 2781 2037 si
2831 1983 2971 2037 hanc
3004 1981 3256 2052 Regulam
3304 1988 3672 2041 transtulisset

2093 2074 2481 2147 Hieronymus,
2517 2074 2869 2128 Pachumium
2897 2074 3176 2128 enimvero
3203 2076 3347 2130 inter
3372 2077 3674 2148 scriptores

2092 2166 2495 2222 ecclesiasticos
2534 2165 2843 2229 retulisset,
2888 2165 2966 2218 vel
3003 2165 3191 2221 saltem
3236 2167 3381 2222 inter
3425 2181 3671 2225 suasmet

2095 2259 2375 2315 versiones
2411 2262 2551 2312 hanc
2580 2256 2769 2311 itidem
2816 2258 3175 2312 recensuisset
3219 2270 3445 2314 sanctus
3495 2262 3672 2316 Pater.

2093 2351 2160 2404 At
2184 2351 2273 2421 qui
2306 2364 2385 2404 ate
2416 2359 2645 2419 arguunt
2665 2347 2858 2402 eruditi
2884 2346 3016 2413 viri,
3043 2364 3149 2403 non
3180 2351 3531 2404 adverterunt
3558 2351 3658 2405 Ca-

2095 2444 2327 2514 talogum
2348 2456 2504 2496 suum
2535 2440 2837 2497 confecisse
2870 2440 3257 2512 Hieronymum
3288 2458 3431 2497 anno
3459 2444 3671 2497 demum

2092 2531 2219 2597 392,
2253 2530 2343 2599 qui
2378 2537 2662 2599 propterea
2695 2543 2870 2599 neque
2906 2530 3050 2586 inter
3077 2546 3207 2587 suos
3237 2529 3390 2585 Viros
3420 2533 3650 2587 illustres

2096 2622 2479 2686 l’achomium,
2516 2634 2690 2689 neque
2731 2636 2861 2678 suas
2891 2623 3033 2678 inter
3064 2623 3339 2679 versiones
3372 2624 3672 2680 beatissimi

2095 2715 2236 2770 illius
2279 2712 2493 2767 abbatis
2541 2712 2759 2782 Regulae
2790 2713 3192 2769 translationem
3219 2715 3425 2771 referre
3461 2718 3668 2787 potuit,

2094 2806 2246 2873 cujus
2290 2804 2496 2859 scilicet
2522 2803 2771 2858 Graecum
2804 2804 3083 2875 exemplar
3124 2805 3407 2861 duodecim
3450 2816 3655 2862 tantum

2094 2910 2215 2968 post
2257 2897 2428 2952 armos
2462 2895 2657 2951 Latine
2684 2899 3001 2952 vertendum
3036 2898 3261 2968 recepit.

2166 2990 2246 3043 Ad
2296 2990 2411 3044 haec
2451 2986 2867 3053 Tillemontius,
2901 2989 3029 3044 licet
3064 2990 3319 3044 admittat
3358 2992 3537 3047 sancti
3566 2990 3660 3045 Pa-

2095 3081 2294 3136 cltotnii
2330 3079 2586 3151 Regulam
2612 3081 3027 3149 interpretatum
3048 3078 3215 3135 fuisse
3244 3080 3631 3153 Hieronymum
3655 3097 3671 3145 ;

2096 3168 2301 3223 Honita
2335 3178 2513 3222 tamen
2543 3184 2664 3237 quae
2691 3167 2905 3239 Regula:
2929 3168 3310 3224 Pachomianae
3343 3171 3667 3232 subdantur,

2097 3261 2166 3316 ab
2209 3260 2399 3316 eodem
2429 3259 2758 3329 Hieronymo
2806 3259 3002 3316 Latine
3048 3258 3221 3316 fuisse
3271 3261 3517 3327 reddita,
3568 3261 3669 3316 sibi

2103 3353 2441 3423 persuadere
2462 3352 2605 3407 haud
2638 3361 2818 3421 potest
2837 3352 2961 3423 (ut),
2992 3364 3275 3423 propterea
3301 3353 3513 3409 scilicet
3534 3355 3672 3425 quod

2099 3443 2248 3498 locus
2299 3444 2352 3497 in
2407 3442 2512 3498 illis
2545 3453 2797 3497 occurrat
2849 3443 2936 3498 liis
2993 3445 3165 3499 verbis
3211 3460 3506 3512 expressus
3545 3450 3669 3518 (n):

2097 3535 2355 3590 Odiamus
2387 3551 2509 3604 ergo
2542 3535 2824 3603 mundum,
2864 3548 2912 3590 et
2945 3537 3121 3591 omnia
3161 3554 3275 3607 quia
3310 3538 3365 3591 in
3406 3554 3466 3592 eo
3511 3550 3631 3592 sunt
3653 3555 3673 3603 ;

2097 3626 2338 3680 odiamus
2374 3628 2536 3679 etiam
2568 3642 2772 3680 omnem
2804 3627 3033 3697 requiem
3074 3630 3417 3697 corporalem.
3471 3630 3673 3697 Quibus

2094 3716 2381 3772 recitatis:
2421 3714 2558 3770 Num
2581 3757 2597 3781 ,
2642 3716 2851 3787 inquit,
2890 3719 3026 3774 adeo
3056 3734 3243 3789 parum
3289 3718 3482 3775 Latine
3514 3720 3661 3776 locu-
3690 3765 3699 3770 _

2096 3818 2207 3863 tum
2241 3807 2407 3864 fuisse
2455 3807 2838 3879 Hieronymum
2870 3809 3286 3865 existimemus?
3314 3812 3507 3866 Annon
3546 3814 3653 3883 ipse

2096 3903 2270 3972 potius
2313 3900 2619 3968 scripsisset
2658 3901 2970 3956 oderimus?
3014 3901 3212 3956 Verum
3258 3912 3457 3971 praeter
3503 3920 3660 3973 quam

2094 3994 2237 4061 quod
2286 3990 2491 4045 Monita
2528 3991 2615 4045 illa
2662 3992 2715 4045 in
2766 3991 3085 4049 Collectione
3127 3994 3446 4065 Regnlarum
3500 3997 3668 4051 sancti

2092 4082 2367 4137 Benedicti
2393 4083 2711 4138 Anianensis
2734 4126 2748 4151 ,
2782 4086 2875 4155 qui
2900 4101 3039 4142 unus
3070 4086 3550 4159 Hieronymianam
3577 4090 3667 4143 Ρι-

2094 4176 2504 4231 chomianorum
2544 4191 2769 4245 operum
2815 4179 3319 4248 interpretationem
3358 4182 3521 4237 nobis
3560 4197 3665 4237 ser-

2095 4268 2513 4335 vavit,medium
2544 4267 2716 4323 locum
2742 4278 2925 4324 tenent
2956 4270 3097 4325 inter
3117 4270 3393 4327 Pachumii
3421 4271 3666 4343 Regulam

2092 4369 2148 4413 et
2180 4357 2296 4426 ejus
2333 4356 2602 4425 Epistolas
2631 4397 2645 4422 ,
2687 4373 2916 4427 quarunt
2964 4360 3233 4431 interpres
3276 4361 3533 4418 indubius
3585 4365 3667 4416 lni-

412 4475 556 4527 tum,
596 4457 841 4521 Honorio
884 4460 1120 4530 Augusto
1161 4474 1211 4511 ιιι
1240 4468 1286 4510 et
1333 4456 1629 4509 Aristeneto
1652 4470 1813 4517 coss.,
1849 4451 1988 4506 utin
2021 4468 2070 4528 ι)
2097 4451 2252 4506 betur
2293 4449 2435 4503 idem
2486 4448 2881 4521 Hieronymus;
2928 4451 3157 4520 ipsemet
3206 4462 3430 4509 sanctus
3472 4453 3665 4509 Docto,

411 4556 535 4627 ejus
566 4554 851 4626 Epitaphio
882 4553 1047 4608 tradit
1069 4552 1207 4606 idem
1242 4550 1606 4619 Hieronymus
1642 4546 1734 4619 (lt).
1772 4547 1861 4601 Sic
1890 4548 1991 4618 igi-

412 4660 502 4704 tur
532 4648 732 4703 Doctor
774 4647 1044 4702 maximus
1079 4645 1131 4697 in
1171 4645 1328 4697 modo
1368 4641 1587 4694 laudata
1623 4639 1984 4694 Przel‘atione:

412 4738 664 4805 Quamvis
689 4747 873 4791 acutus
898 4734 1109 4805 gladius
1132 4742 1181 4786 et
1211 4732 1463 4801 levigatus
1482 4768 1496 4792 ,
1525 4734 1570 4783 si
1592 4730 1685 4782 diu
1714 4729 1769 4782 in
1798 4730 1985 4797 uagina

409 4831 656 4886 conditus
702 4828 893 4896 fuerit,
948 4823 1203 4881 sordescit
1264 4821 1503 4891 rubigine
1555 4829 1604 4875 et
1659 4818 1983 4888 splendorem

506 5100 560 5166 a)
600 5097 817 5152 SOZulll.
854 5095 993 5148 llist.
1021 5094 1149 5148 eccl.
1183 5094 1276 5147 lib.
1309 5108 1395 5157 ιιι,
1427 5109 1479 5148 c.
1512 5094 1602 5147 M.

482 5098 558 5237 ib)
597 5166 818 5237 Hieron.
851 5164 1159 5234 cpist.127,
1188 5163 1257 5216 al.
1297 5167 1384 5230 16,
1423 5165 1491 5217 ad
1509 5162 1749 5233 Princip.
1779 5165 1906 5234 rirgi

507 5162 558 5237 b)
597 5166 818 5237 Hieron.
851 5164 1159 5234 cpist.127,
1188 5163 1257 5216 al.
1297 5167 1384 5230 16,
1423 5165 1491 5217 ad
1509 5162 1749 5233 Princip.
1779 5165 1987 5234 rirgin.,

415 5237 444 5308 ⁵
473 5235 907 5391 ῗὶῖζῦἳιξιῗίΐιιυο.
956 5301 1062 5357 Vit.
1094 5302 1152 5357 S.
1200 5303 1383 5357 4tltan.
1423 5304 1486 5358 ad
1513 5316 1641 5357 ann.
1674 5303 1801 5389 541,
1830 5302 1856 5373 §
1882 5302 1949 5358 40
1976 5344 1989 5369 ,

410 5374 813 5517 νθῗᾷίᾚῧιιωυ.
838 5441 999 5499 Mem.
1032 5453 1162 5498 tom.
1190 5443 1274 5497 VII
1293 5485 1308 5510 ,
1337 5459 1456 5515 pag.
1487 5443 1610 5507 691,
1642 5454 1753 5499 not.
1784 5442 1875 5508 35,
1900 5459 1982 5497 sut

409 5514 750 5577 SfPacome.
1340 5514 1347 5515 “

406 5587 554 5715 28ςί)
595 5585 833 5641 Bolland.
869 5588 983 5639 Act.
1022 5585 1127 5642 SS.
1159 5584 1300 5640 Junii
1353 5596 1480 5641 tom.
1526 5584 1625 5651 Ill,
1661 5600 1817 5655 pagg.
1857 5583 1985 5649 25,‘

590 5726 832 5785 Gennad.
872 5728 945 5783 De
974 5730 1067 5784 vir.
1109 5726 1274 5781 illast.
1306 5742 1428 5795 cap.
1462 5726 1514 5779 7.

2094 4543 2269 4614 palam
2297 4544 2587 4613 proﬁtetur
2612 4542 2686 4613 (ο)
2717 4543 3107 4611 simplicitatem
3142 4544 3386 4616 ngyptii
3416 4549 3663 4602 sermonis

2094 4651 2153 4691 se
2182 4635 2352 4691 luisse
2378 4635 2680 4702 imitatum,
2710 4652 2773 4690 ne
2804 4638 2943 4692 viros
2976 4638 3290 4706 apostolicos
3312 4649 3358 4693 et
3391 4648 3529 4693 totos
3552 4655 3665 4709 gra-

2089 4731 2177 4781 tia!
2207 4726 2539 4796 spiritualis,
2593 4743 2763 4782 sermo
2815 4728 3106 4784 rhetoricus
3152 4730 3474 4784 immutaret.
3533 4728 3661 4797 Quid

2088 4821 2230 4889 quod
2258 4819 2550 4889 ipsummet
2600 4818 2887 4875 Doctorem
2935 4821 3227 4876 maximum
3262 4822 3316 4877 in
3354 4831 3660 4878 sanctarum

2165 5094 2240 5167 (9)
2282 5092 2495 5167 Helisei.
2537 5094 2737 5167 (ξανθά,
2765 5111 2884 5166 cap.
2923 5096 3003 5151 l9.

2166 5165 2242 5237 (lt)
2281 5163 2491 5237 Pallad.
2531 5164 2672 5237 ﬂist.
2704 5163 2867 5220 Laui.
2903 5181 3023 5237 cap.
3058 5164 3149 5220 58.

2167 5235 2232 5305 (i)
2274 5234 2489 5290 Sozom.
2523 5235 2665 5291 Ilist.
2696 5238 2825 5291 eccl.
2856 5234 3041 5292 lib.'tu
3066 5276 3082 5299 ,
3118 5250 3236 5305 cap.
3275 5235 3362 5289 14.

2168 5308 2236 5375 (j)
2277 5305 2504 5375 Niceph.
2543 5305 2683 5362 Hist.
2721 5310 2847 5362 eccl.
2880 5308 2972 5362 lib.
3015 5324 3065 5362 ιχ
3093 5347 3107 5373 ,
3145 5304 3264 5375 cap.
3303 5304 3384 5359 l4.

2171 5374 2244 5449 (It)
2284 5374 2507 5449 Vllier’on.
2546 5380 2707 5445 epist.
2748 5378 2875 5441 108,
2908 5379 2976 5431 al.
3008 5378 3100 5445 27,
3132 5377 3161 5449 §
3192 5377 3294 5449 34,
3329 5391 3451 5447 pag.
3481 5376 3599 5431 719.

2170 5446 2232 5515 (ι)
2272 5446 2403 5519 City.
2443 5446 2782 5519 Ilist_._litter.
2818 5460 2951 5519 tum.
2982 5449 3036 5513 Ι,
3069 5446 3278 5519 μ’ἳοϐ.

2167 5512 2262 5590 (in)
2303 5513 2515 5590 :l‘illent.
2543 5517 2704 5573 Mem.
2745 5531 2877 5575 tom.
2915 5512 3032 5585 νη,
3069 5512 3211 5590 ⁷9³8.
3244 5517 3385 5582 685,
3439 5526 3547 5571 not.
3601 5512 3657 5573 I5

2093 5603 2185 5639 sur
2204 5584 2263 5641 S.
2289 5585 2537 5643 Pacome.
3020 5584 3023 5585 ⁷
3091 5584 3104 5590 ⁷
3128 5600 3131 5603 ·

2166 5659 2245 5725 (n)
2274 5655 2541 5727 faelium.
2580 5656 2714 5727 Opp.
2752 5658 2890 5712 inira
2928 5662 3030 5714 col.
3067 5661 3195 5715 957.

2159 5728 2232 5799 (ο)
2270 5726 2490 5782 Hieron.
2525 5728 2578 5782 in
2614 5726 2839 5797 omni.
2872 5730 2939 5783 ad
2971 5728 3224 5783 Paclwn‘s.
3256 5728 3363 5785 sub
3392 5732 3486 5784 lin.
