3860 6394
188 352 294 407 945

904 349 960 406 S.
1000 350 1329 407 PACIIOMII
1370 351 1850 432 TABENNENSIS
1881 355 2171 415 ABBATIS
2202 359 2610 430 PRJECEPTA,
2647 362 2798 420 ETC.

3341 368 3455 425 946

189 467 603 537 Scripturarum
629 465 1073 533 interpretatione
1100 467 1288 522 eodem
1315 467 1480 524 ferme
1506 468 1757 538 loquendi
1783 470 1836 550 ,Α
1863 471 2041 526 betum
2076 474 2322 542 speciale,
2351 475 2514 545 signts
2537 475 2848 544 quibusdam
2877 483 2924 528 et
2950 474 3197 545 symbolis
3218 477 3446 533 abscon-

189 575 385 630 genere
427 557 641 615 Latinis
667 557 889 614 auribus
925 560 1102 615 minus
1163 559 1389 628 probato
1437 557 1764 630 quandoque

188 667 342 708 usum
377 652 549 709 luisse
583 652 878 708 novimus?
904 651 974 708 Ut
999 662 1180 708 autem
1210 663 1402 709 ctetera
1429 653 1763 719 omittamus,

187 762 252 802 ex
275 747 444 802 unius
459 744 614 802 verbi
635 747 809 800 odisse
830 760 930 800 usu
952 745 1204 800 nonnulla
1226 745 1564 815 proferamus
1581 758 1768 800 exem-

187 840 290 910 pla.
317 839 706 909 Comperimus
737 837 916 906 itaque
945 835 1331 907 Hieronymum
1369 836 1424 890 in
1463 837 1637 892 sacris
1683 835 1767 893 Bi-

188 932 310 987 bliis
335 931 617 986 vertendis
647 938 738 983 aut
771 927 1126 984 recensendis
1161 928 1238 999 (α)
1289 943 1579 998 usurpasse
1607 943 1770 984 voces

186 1022 415 1078 odientis
484 1020 656 1076 Exod.
694 1035 860 1085 χχιιι,
892 1019 967 1086 5;
999 1020 1254 1080 odientes.
1287 1018 1330 1073 ll
1358 1018 1490 1090 Reg.
1529 1035 1652 1086 xix,
1689 1020 1722 1075 6
1751 1038 1766 1086 ;

186 1117 424 1183 odibttnt.
452 1113 613 1168 Prov.
643 1130 662 1169 1
682 1155 700 1180 ,
734 1113 842 1178 ἥς
879 1113 1040 1178 odiet,
1072 1112 1204 1166 Luc.
1236 1127 1347 1179 xw,
1380 1113 1415 1167 3
1441 1129 1456 1167 :
1493 1127 1612 1182 quae
1640 1126 1771 1167 sane

187 1207 548 1264 Latinissimte
574 1205 716 1260 haud
745 1213 906 1269 sunt,
939 1213 1000 1258 ut
1050 1205 1218 1260 verbo
1251 1214 1373 1259 utar
1400 1203 1775 1276 Hieronymia-

187 1315 256 1355 no
285 1300 389 1370 (b).
426 1295 692 1352 Nimirum
721 1294 954 1351 subinde
981 1295 1266 1364 profitetur
1290 1303 1512 1362 sanctus
1554 1296 1772 1362 Doctor,

185 1409 244 1449 se
275 1408 386 1448 non
415 1390 596 1446 omnia
624 1389 890 1445 sermonis
923 1388 1050 1442 vitia
1079 1387 1400 1454 declinasse,
1430 1390 1679 1459 quamvis
1707 1405 1772 1444 ea

186 1483 357 1552 probe
395 1480 655 1536 novisset.
705 1475 831 1532 Non
879 1478 1053 1544 enim,
1101 1478 1276 1546 inquit
1308 1478 1379 1551 (ο)
1405 1520 1420 1543 ,
1445 1495 1589 1535 cura:
1619 1482 1770 1535 nobis

184 1582 259 1627 est
289 1572 463 1626 vitare
496 1585 794 1624 sermonum
823 1570 948 1622 vitia
967 1608 984 1634 ,
1017 1571 1105 1623 sed
1140 1565 1430 1638 Scriptum
1455 1580 1650 1624 sancta:
1685 1569 1775 1624 ob-

105 1689 114 1700 ~
184 1665 499 1718 scuritatem
523 1661 911 1731 quibuscumque
939 1661 1102 1716 verbis
1120 1661 1389 1716 disserere.
1420 1661 1486 1717 Et
1509 1662 1638 1717 alibi
1661 1662 1774 1735 (d);

1867 561 2005 616 ditas
2049 579 2230 618 sensus
2277 563 2578 620 involvens:
2621 580 2753 634 quas
2804 580 2896 620 nos
2941 564 3208 634 Epistolas
3237 567 3358 636 ita,
3392 579 3447 623 ut

1867 654 2009 722 apud
2041 653 2323 737 .Egyptios
2351 651 2664 726 ereosque
2689 654 2951 725 leguntur,
2982 657 3036 711 in
3074 667 3307 712 nostram
3347 660 3451 713 lin-

1869 761 2025 818 guam
2054 751 2321 814 vertimus,
2351 749 2552 814 eadem,
2576 759 2634 803 ut
2662 749 2964 819 reperimus,
2988 749 3239 804 elementa
3262 766 3453 819 ponen-

1804 893 1808 896 η
1870 850 1965 894 tes.
1995 839 2089 896 His
2113 841 2324 910 gemina
2362 841 2529 897 refert
2563 840 2897 896 Sozomenus
2931 839 3048 911 (h):
3107 839 3333 908 Dicunt,
3361 842 3445 896 in-

1871 929 2024 998 quit,
2065 930 2304 985 divinum
2347 930 2592 1001 angelum
2634 929 2924 986 Pachomio
2963 942 3298 1002 apparentem
3343 949 3452 987 mo-

1873 1023 2054 1076 nuisse
2083 1030 2138 1075 ut
2191 1022 2428 1088 iuniores
2464 1024 2747 1078 monachos
2789 1022 3057 1093 colligeret
3094 1033 3143 1078 et
3181 1040 3288 1078 una
3331 1040 3448 1079 cunt

1876 1111 1984 1168 illis
2016 1123 2315 1168 versaretur
2333 1129 2352 1166 :
2368 1144 2439 1156 —
2456 1124 2708 1184 prwterea
2728 1156 2743 1180 ,
2771 1123 2828 1168 ut
2853 1116 3094 1170 universa
3119 1117 3448 1188 congregatio

1874 1203 1929 1257 in
1960 1204 2141 1274 viginti
2173 1215 2401 1274 quatuor
2427 1205 2617 1260 classes
2640 1206 2978 1271 divideretur,
3011 1222 3184 1277 ea’que
3204 1223 3268 1261 ea;
3291 1205 3444 1262 Grae-

1875 1305 2061 1347 corum
2091 1292 2290 1348 litteris
2327 1303 2730 1363 cognomentum
2780 1296 3119 1364 acciperent:
3165 1310 3452 1365 cognomen

1877 1399 1996 1438 vero
2026 1384 2127 1450 ipsi
2162 1393 2434 1452 optaretur
2458 1400 2553 1453 pro
2583 1385 2687 1438 vita
2718 1400 2782 1439 ac
2821 1385 3054 1440 moribus
3095 1385 3446 1462 singulorum.

1883 1473 2040 1530 Verbi
2065 1477 2237 1546 gratia
2270 1477 2620 1544 simpliciores
2657 1476 2768 1530 iota
2801 1476 3229 1547 appellarentur;
3258 1479 3454 1533 versuti

1879 1564 1912 1631 ζ
1935 1566 2013 1622 vel
2046 1567 2108 1634 ξ,
2142 1577 2188 1622 et
2237 1569 2316 1622 sic
2361 1568 2426 1623 de
2458 1569 2579 1623 aliis
2604 1606 2623 1634 ,
2657 1578 2813 1636 prout
2859 1569 3159 1623 institutum
3200 1569 3454 1641 cujusque

1880 1658 2064 1713 classis
2103 1659 2276 1729 figura
2317 1659 2546 1731 alicujus
2596 1660 2787 1715 litterte
2827 1669 2946 1725 apte
2986 1660 3274 1724 exprimere
3305 1661 3425 1715 licet

186 1754 342 1820 Seio,
380 1755 488 1818 ait,
517 1756 628 1808 [nec
659 1754 877 1808 molesta
902 1769 1013 1808 esse
1040 1751 1262 1808 lectori:
1297 1753 1387 1808 sed
1406 1784 1478 1800 -η
1499 1753 1626 1808 mihi
1654 1755 1774 1824 suf-

1882 1742 2008 1803 υἷον
2027 1790 2042 1815 ,
2083 1749 2486 1822 ἁπλουστέρους
2524 1750 2623 1820 μὲν
2667 1749 2802 1804 ἰῶτα
2844 1749 3254 1814 ἀποκαλοῦντας
3275 1793 3291 1817 ,
3338 1767 3457 1804 σκο-

184 1848 296 1916 ﬁcit
325 1818 410 1902 sic
438 1846 618 1916 loqui,
649 1855 704 1899 ut
749 1844 1050 1914 intelligar;
1081 1854 1135 1898 ut
1164 1846 1231 1899 de
1268 1844 1561 1916 Srripturis
1585 1818 1758 1917 dispu-

1882 1841 2023 1905 λιοὺς
2045 1841 2100 1895 δὲ
2126 1841 2159 1908 ς
2199 1843 2232 1912 ἢ
2267 1842 2317 1908 ξ,
2357 1818 2470 1897 ’καὶ
2499 1818 2691 1906 ἄλλους
2728 1841 2939 1907 ἄλλως,
2963 1839 3145 1904 καθὼς
3175 1840 3455 1912 ἐκλαμϐά-

185 1947 338 2000 tatts,
373 1934 770 2010 Scripturarutn
795 1934 972 1990 imiter
1011 1934 1432 2003 simplicitatem.
1461 1936 1640 2007 Atque
1674 1937 1772 1992 ite-

187 2043 307 2082 rum
337 2027 396 2080 in
429 2025 676 2082 eamdem
708 2027 1031 2083 sententiain
1060 2024 1176 2081 haec
1223 2027 1384 2082 habet
1425 2027 1514 2099 (e)
1546 2044 1560 2081 :
1596 2027 1664 2084 111
1688 2045 1773 2085 ec-

185 2116 504 2171 clesiasticis
536 2116 686 2179 rebus
715 2133 818 2171 non
856 2122 1141 2188 quwrenda
1180 2120 1371 2187 verba,
1415 2123 1508 2176 sed
1547 2137 1770 2189 sensus;

185 2209 240 2262 i-J
274 2220 358 2264 est
381 2250 398 2274 ,
439 2211 668 2278 panibus
708 2219 784 2279 est
829 2211 933 2264 vita
969 2212 1315 2282 sustentanda
1338 2254 1355 2280 ,
1401 2229 1506 2268 non
1543 2215 1770 2286 siliquis.

188 2300 383 2370 Itaque
405 2300 522 2355 sive
547 2309 761 2371 spectes
786 2301 1052 2358 versionis
1079 2306 1324 2375 exempla
1352 2304 1772 2379 lIieronytuiana

189 2395 356 2475 modo
402 2392 601 2458 allata,
655 2393 772 2449 sive
817 2394 918 2449 hac
958 2395 1074 2465 ipsa
1103 2397 1169 2451 de
1200 2411 1256 2451 re
1289 2397 1490 2468 placita
1532 2400 1772 2471 ejusdem

195 2488 378 2542 sancti
429 2487 721 2555 Doctoris;
759 2488 1014 2558 utrinque
1059 2490 1296 2546 arbitror
1339 2494 1593 2563 equidem
1643 2495 1774 2552 satis

187 2596 314 2637 esse
337 2591 679 2650 compertum
702 2620 719 2647 ,
746 2596 922 2652 neque
945 2583 1354 2652 improbandutu
1377 2587 1602 2642 verbum
1630 2589 1777 2644 odia-

184 2690 304 2728 σιω
333 2674 388 2727 in
414 2673 640 2729 Monitis
657 2672 1060 2742 Pachomianis,
1085 2691 1264 2747 neque
1283 2688 1565 2749 propterea
1586 2694 1773 2737 eorum

187 2766 375 2821 versio
410 2764 742 2838 HierOuynto
765 2767 1154 2839 abjudicanda.
1194 2769 1300 2827 Sed
1333 2772 1402 2828 ad
1434 2774 1774 2843 propositum

187 2859 506 2914 redeamus.

187 2950 279 3008 ιν.
321 2951 405 3006 De
438 2950 722 3032 Pachontii
761 2952 1018 3033 Epistolis
1058 2956 1275 3033 ejusque
1313 2957 1616 3027 Alphabeto
1662 2976 1780 3033 my-

474 3026 611 3076 stico
633 3063 649 3089 ,
686 3039 751 3078 ea:
779 3026 1052 3086 Gennadio
1080 3037 1127 3080 et
1154 3026 1464 3085 Sosomeno.
1537 3041 1546 3048 ’

262 3108 503 3180 Scripsit
530 3121 792 3180 praeterea
823 3112 1170 3181 Pachomius,
1192 3133 1258 3173 ex
1279 3117 1562 3176 Gennadio
1584 3121 1676 3192 (ί),
1707 3124 1776 3177 ad

188 3203 425 3272 collegas
465 3206 827 3273 prwpositurw
868 3223 979 3261 sua:
1026 3207 1325 3277 Epistolas,
1369 3212 1424 3264 in
1452 3213 1639 3282 quibus
1682 3214 1774 3268 Al-

189 3295 486 3364 phabetum
522 3297 755 3366 mysticis
785 3307 974 3352 tectum
1003 3303 1347 3357 sacramentis
1365 3343 1381 3368 ,
1409 3304 1550 3358 velut
1580 3307 1770 3360 huma-

189 3402 274 3440 nm
332 3387 734 3441 consuetudinis
784 3393 1036 3444 excedens
1085 3392 1521 3463 intelligentiam,
1562 3395 1770 3451 clausit.

189 3478 297 3532 Sed
323 3476 611 3534 Gennadio
638 3478 756 3536 haec
777 3481 1034 3544 scribenti
1057 3484 1344 3552 praeiverat
1364 3485 1479 3555 ipse
1504 3487 1775 3558 interpres

163 3563 166 3566 ’
191 3566 583 3638 Hieronymus,
615 3570 693 3625 sic
721 3569 975 3640 inquiens
1001 3573 1074 3643 (g)
1101 3591 1116 3627 :
1143 3574 1304 3628 Aiunt
1326 3585 1500 3631 autem
1533 3577 1740 3635 Theban
1757 3621 1774 3646 ,

188 3660 335 3730 quod
367 3659 657 3715 Pacltomio
675 3692 747 3702 —
769 3663 984 3732 angelus
1015 3665 1213 3736 lingua:
1244 3668 1475 3736 mystica:
1502 3671 1776 3725 scientiam

191 3751 400 3804 dederit
427 3791 442 3814 ,
477 3761 530 3805 ut
559 3755 844 3808 scriberent
877 3755 976 3810 sibi
1006 3765 1054 3810 et
1091 3757 1431 3831 loquerentur
1459 3775 1551 3828 per
1575 3761 1779 3833 Alpha-

391 3885 615 3970 Ij‘ieron.
683 3889 1073 3970 Divin.__Bib_l._
1111 3911 1266 3970 pagg,
1318 3898 1562 3970 διε-587
1634 3903 1738 3959 940

200 3956 373 4042 ςδιὲ,
394 3959 542 4042 ιρρρ.
577 3962 799 4042 1υ1ηκ1λ,
833 3956 1304 4042 ειρίιηβϐίιξέᾗε.
1330 3956 1491 4042 I693.

274 4028 353 4118 (ib)
377 4028 483 4118 Id.
511 4032 917 4118 epist._§8,"al.
963 4036 1031 4090 15
1052 4075 1066 4098 ,
1100 4037 1168 4090 ad
1197 4036 1443 4106 Paulin.,
1479 4041 1507 4113 §
1539 4043 1602 4110 9,
1650 4056 1769 4114 pag.

197 4097 343 4163 324,
377 4106 510 4152 tom.
544 4097 599 4162 I.
632 4102 764 4159 edit.
797 4101 995 4159 Veron.

273 4169 469 4248 (ἦρί.
517 4171 609 4248 lib.
664 4188 770 4248 sit,
819 4173 1020 4230 Comm.
1065 4179 1120 4232 in
1171 4177 1366 4237 Ezeclt.
1401 4197 1500 4248 ιι,
1549 4191 1675 4238 lout.
1713 4181 1776 4248 V,

199 4253 322 4310 pag.
355 4240 485 4305 472,
517 4242 647 4297 edit.
676 4241 876 4299 Veron.

1872 1950 1984 1988 νειν
2014 1934 2284 2005 εὐστόχως
2320 1935 2438 1988 ἐστὶ
2479 1933 2619 2006 πρὸς
2662 1933 2723 1986 τὸ
2773 1933 2958 2005 σχῆμα
2995 1930 3090 1986 τοῦ
3131 1932 3457 2004 γράμματος

1872 2024 1971 2095 τὴν
2003 2025 2325 2096 προαίρεσιν
2355 2024 2450 2078 τοῦ
2477 2025 2775 2095 τάγματος.
2806 2022 2944 2079 Iiinc
2972 2021 3202 2079 fortasse
3234 2023 3320 2078 lux
3355 2019 3456 2078 ali-

1874 2132 1977 2187 qua
2006 2116 2263 2187 Epistolis
2282 2116 2660 2173 Pachomianis
2685 2116 2930 2171 accedet.

1878 2229 1940 2284 V.
1984 2229 2050 2285 In
2093 2230 2406 2286 adornanda
2447 2228 2934 2283 Pachomianorunt
2987 2230 3299 2298 scriptorum
3342 2227 3452 2282 ea'i-

2290 2302 2429 2355 tione
2455 2299 2691 2354 studium
2719 2300 3030 2354 adhibitum.

1944 2390 2114 2446 Porro
2161 2389 2450 2447 editionem
2512 2399 2757 2446 nostram
2805 2389 3083 2460 exegimus
3113 2387 3178 2442 ad
3223 2380 3453 2457 prunam

1877 2481 2283 2537 Ilolstenianam
2315 2479 2527 2536 Codicis
2553 2479 2876 2552 Regularum
2901 2476 2960 2535 S.
2996 2476 3267 2534 Benedicti
3299 2477 3457 2531 Ania-
3511 2487 3515 2491 ‘

1877 2573 2051 2627 nensis
2083 2572 2288 2626 abbatis
2308 2613 2324 2640 ,
2358 2585 2479 2642 qua:
2509 2572 2696 2628 Romae
2725 2571 2927 2640 prodiit
2956 2585 3102 2626 anno
3135 2566 3293 2624 1661.
3331 2566 3455 2622 Haec

1875 2666 2019 2720 enim
2054 2663 2224 2720 multo
2251 2672 2334 2719 est
2363 2653 2700 2719 emendatior
2736 2661 3030 2718 Parisiensi
3054 2703 3068 2724 ,
3117 2674 3261 2715 anno
3320 2657 3458 2713 1663

1877 2757 2127 2828 evulgata
2149 2799 2164 2822 ,
2199 2765 2260 2812 ut
2288 2772 2352 2813 ex
2385 2756 2587 2812 nostris
2613 2754 2870 2825 subjectis
2898 2749 3458 2809 auimadversiouihus

1878 2857 2111 2904 constat.
2156 2847 2460 2904 Doctissimi
2498 2846 2726 2902 editoris
2773 2853 2930 2900 notas
2973 2857 3094 2915 quae
3135 2842 3201 2896 sd
3248 2839 3454 2895 calcem

1880 2947 2138 3003 exstant,
2194 2952 2401 3008 easque
2453 2935 2754 3007 praesertim
2801 2947 2939 3005 quas
2992 2941 3116 3002 post
3166 2929 3456 3012 editionem

1880 3045 2032 3087 suam
2063 3045 2131 3085 ex
2164 3031 2374 3085 duobus
2404 3017 2686 3084 codicibus
2731 3040 2861 3082 mss.
2895 3023 3160 3079 Vaticano
3189 3031 3242 3077 et
3269 3019 3460 3076 Cassi—

1884 3121 2034 3178 nensi
2068 3118 2404 3191 exprompsit
2438 3117 2779 3181 Holstenius,
2811 3115 2925 3170 suis
2975 3113 3281 3185 quibusque
3328 3110 3459 3166 locis

1882 3212 2204 3284 aptavimus.
2263 3209 2448 3279 Neque
2493 3206 2743 3262 Vallarsii
2782 3205 3164 3260 adnotatioues
3234 3212 3463 3273 praster-

1884 3308 2071 3372 iimus,
2093 3319 2230 3375 quas
2262 3303 2326 3358 V.
2353 3295 2418 3358 ϐ.
2451 3304 2516 3356 ad
2539 3298 2898 3355 Pachontiana
2936 3296 3236 3351 litterarum
3271 3309 3462 3348 monu-

1883 3405 2065 3455 menta
2110 3398 2164 3451 in
2209 3393 2444 3451 secundo
2472 3391 3012 3461 l-lieronytuianorum
3043 3401 3266 3459 operum
3301 3385 3458 3441 volu-

1881 3491 2028 3547 mine
2047 3487 2312 3559 apposuit.
2340 3485 2608 3554 Praecepta
2644 3483 2861 3537 demum
2892 3478 3188 3548 adiecimus
3211 3478 3455 3549 ejusdem

1885 3581 2054 3637 sancti
2078 3577 2383 3642 Pachumii,
2414 3590 2478 3632 ex
2511 3587 2612 3630 ms.
2641 3573 2829 3630 codice
2855 3570 3170 3627 Florentino
3193 3585 3222 3624 a
3251 3569 3463 3624 Bollan-

1885 3672 2063 3729 dianis
2089 3672 2143 3725 in
2177 3671 2352 3724 lucem
2383 3669 2582 3723 emissa
2629 3664 2734 3737 (i);
2768 3663 2964 3735 quibus
3017 3669 3282 3734 praeterea
3328 3675 3456 3718 eru-

1886 3762 2138 3820 ditissimi
2169 3760 2479 3826 interpretis
2507 3756 2916 3815 observationes
2942 3754 3298 3811 subdidimus.

1952 3902 2027 3974 (d)
2050 3900 2271 3974 Hieron.
2295 3902 2454 3974 epist.
2476 3901 2563 3974 3|;
2582 3898 2650 3974 al_.
2667 3898 2758 3974 ῥῷ,
2779 3893 3151 3974 ad_Qantas.,§_
3163 3893 3258 3974 μ,
3273 3891 3457 3962 p.166.

1952 3965 2046 4044 (ς’)
2070 3972 2161 4044 Ald.
2190 3965 2440 4044 episllﬁl
2465 3969 2752 4044 ,ομ-145,
2790 3967 2818 4040 §
2847 3967 2938 4031 4'2,
2962 3981 3090 4044 pag.
3122 3965 3212 4020 86.

1952 3983 2046 4044 (e)
2086 3983 2161 4028 tu.
2190 3983 2350 4043 epist.
2380 3983 2440 4025 2|
2465 4010 2481 4036 ,
2511 3983 2580 4024 at.
2623 3983 2752 4034 ne,
2790 3983 2818 4040 θ
2847 3983 2938 4031 42,
2962 3983 3090 4090 pag.
3122 3983 3212 4020 δυ.

1952 4043 2017 4114 (Ῑ)
2056 4041 2926 4114 genusid.,Deyvirsillustrscap.
2999 4075 3015 4090 .
3109 4104 3122 4114 ι
3169 4105 3195 4114 Α
3361 4100 3368 4107 ,

1974 4104 2028 4184 ᾖ)
2068 4112 2288 4184 ῌίοιδοη.
2319 4113 2382 4184 it_t_
2402 4110 2632 4184 Prcefat.
2665 4110 2738 4184 ad
2765 4104 3016 4162 Pacltom.
3043 4104 3260 4184 sublin.

1974 4120 2028 4184 g)
2068 4120 2288 4168 Hieron.
2319 4120 2372 4166 iu
2408 4120 2630 4180 Ρηειαι.
2665 4120 2732 4163 αα
2765 4120 3016 4162 Pacttom.
3043 4120 3142 4161 SllD
3166 4120 3187 4160 t:

1954 4120 2036 4255 fit)
2078 4182 2304 4255 Sozam.
2338 4182 2479 4255 Hist.
2526 4180 2654 4236 eccl.
2677 4180 2780 4255 lib.
2815 4194 2874 4233 111
2898 4216 2915 4243 ,
2944 4177 3187 4255 cape“;

1956 4243 2030 4322 (η’
2056 4254 2175 4311 Act.
2226 4252 2323 4308 ss.
2360 4253 2486 4307 usu
2517 4261 2647 4308 lout.
2677 4247 2779 4314 ιιι,
2814 4262 2969 4319 pagg.
3004 4243 3119 4313 62',
3154 4243 3278 4300 346.

229 4397 3438 4431 Ww-

1188 4531 1543 4669 VITA
1605 4534 1726 4647 S.
1796 4534 2058 4649 PAC
2082 4533 2495 4646 HOMII

1431 4693 1722 4751 ABBATIS
1761 4691 2265 4750 TABENNENSIS.

1079 4782 1211 4839 Vide
1237 4780 1559 4855 Patrologite
1593 4783 1794 4840 Latina:
1850 4797 1982 4841 tom.
2013 4779 2250 4848 LXXIII,
2274 4781 2377 4837 col.
2407 4779 2535 4836 227.

1055 4939 1619 5136 REGULA
1711 5019 1830 5132 s.

1918 5017 2178 5132 PAC
2199 5018 2616 5132 HOMII

1334 5175 1392 5230 S.
1434 5173 1841 5232 HIERONYMO
1881 5169 2346 5230 INTERPRETE.

776 5265 962 5322 Exstat
989 5266 1134 5322 inter
1168 5265 1341 5335 Opera
1370 5264 1430 5321 S.
1464 5265 1802 5338 Hieronymi,
1832 5263 2155 5335 Patrologite
2197 5262 2311 5318 Lat.
2347 5273 2476 5318 tom.
2505 5259 2696 5327 XXIII,
2723 5259 2825 5316 col.
2856 5259 2945 5314 62.

1583 5497 2128 5588 EJUSDEM

390 5635 398 5640 ⁷
455 5638 775 5712 Praecepta
805 5639 866 5695 et
890 5632 1203 5703 Instituta,
1227 5633 1546 5713 Prtecepta
1577 5636 1638 5770 tit
1658 5623 1925 5769 jgdbigigﬁ
1947 5628 2269 5768 ξξξξξθρω
2296 5622 2555 5700 etleges
2574 5669 2590 5697 ,
2621 5621 2885 5697 Monita,
2916 5618 3212 5702 Epistolas

1551 5726 1586 5770 e
1643 5727 1678 5768 v
1723 5727 1752 5770 r
1929 5725 1995 5770 γ’
2136 5764 2148 5770 -

1551 5725 1614 5772 et
1643 5725 1832 5770 verba
1860 5725 2148 5786 mysuca,

903 5811 1029 5867 Vide
1063 5821 1199 5868 toruo
1231 5812 1409 5883 citato,
1445 5812 1546 5869 col.
1575 5808 1782 5881 77-88,.
1823 5825 1887 5866 ex
1910 5808 2332 5878 interpretatione
2363 5805 2422 5862 S.
2473 5803 2801 5875 llieronqmi.
