3860 6316
410 249 508 306 951

1503 249 1778 307 PATRES
1815 251 2121 338 IEGXPTII
2161 252 2437 309 SECULI
2475 253 2557 307 IV.

3578 247 3675 302 352

479 363 714 419 XXVIII.
752 364 920 421 Nemo
946 363 1050 420 sibi
1081 363 1375 435 quidquam
1412 374 1564 434 putet
1608 365 1951 436 permissum.

2165 368 2300 422 KII'.
2331 369 2538 440 Μηδεὶς
2569 366 2744 438 ἐαυτῷ
2765 365 2922 420 ἐάσαι
2953 364 3140 436 μηδέν,

475 441 674 515 XXIX.
707 455 873 511 Nemo
917 470 1028 511 rem
1060 454 1222 508 ullam
1250 455 1526 525 possideat
1559 467 1758 526 praeter
1777 475 1838 514 ea
1869 473 1990 528 qua:

408 549 611 605 viritim
647 547 726 620 (7)
755 548 951 602 dantur
980 557 1035 601 et
1065 556 1261 618 praeter
1295 547 1715 617 vestimentum;
1747 559 1804 604 ut
1838 561 1987 613 sunt,

410 644 532 695 Iuina
566 640 885 694 lebitonaria
926 649 981 693 et
1010 639 1276 692 semitrita
1309 639 1497 704 florea,
1531 640 1705 710 pellis,
1741 642 1986 708 melotcs,

407 730 671 792 sandalia,
697 730 802 784 duo
828 729 1042 795 euculli,
1069 745 1203 784 zona
1235 740 1288 785 et
1311 732 1533 787 baculus

480 909 649 963 XXX.
682 908 851 964 Nemo
877 910 995 966 sine
1018 909 1197 967 Patris
1231 912 1483 969 facultate
1512 929 1782 985 quoquam
1810 916 1988 972 abeat.

482 1000 673 1057 XXXI.
705 1001 872 1056 Nemo
907 1013 1059 1058 extra
1110 1007 1463 1060 constitutam
1493 1009 1597 1063 sibi
1625 1008 1816 1066 cellam
1865 1010 1992 1068 dor-

407 1097 561 1150 miat.

477 1186 697 1242 XXXII.
735 1186 911 1244 Nemo
937 1197 1098 1245 exeat
1129 1193 1462 1268 monasterio
1493 1193 1697 1263 absque
1728 1193 1900 1247 Patris
1923 1194 1989 1247 li-

409 1283 607 1336 centia.

480 1370 718 1428 XXXIII.
744 1372 911 1430 Nemo
941 1375 991 1430 in
1026 1389 1092 1430 eo
1127 1376 1178 1431 in
1215 1391 1320 1446 quo
1357 1375 1554 1432 dormit
1581 1373 1720 1442 loco,
1754 1375 1990 1428 vicinum

408 1464 730 1534 alloquetur.

477 1558 722 1616 XXXIV.
764 1559 933 1617 Nemo
982 1561 1124 1618 lecto
1166 1574 1265 1618 suo
1313 1559 1604 1632 quidquam
1661 1561 1990 1625 substernet,

409 1652 510 1708 nisi
537 1651 680 1707 forte
703 1661 962 1708 stoream.

2168 460 2297 516 KB'.
2339 461 2542 533 Μηδεὶς
2591 459 2770 530 ἑαυτῷ
2818 459 3088 530 κτήσηται
3146 457 3312 528 μηδὲν
3363 456 3534 527 χωρὶς
3575 443 3675 508 τῶν

2095 549 2390 622 δεδομένων
2422 550 2570 622 παρὰ
2591 551 2690 621 τῆς
2730 549 2991 620 κεφαλῆς,
3023 547 3295 619 παρεκτὸς
3327 547 3422 600 τοῦ
3455 546 3673 617 ἐνδύμα-

2092 659 2219 707 τος’
2258 643 2400 716 ἅπερ
2431 644 2571 696 εἰσὶν
2620 641 2713 695 δύο
2764 641 3128 714 λευῖτωνάρια
3172 640 3268 693 καὶ
3318 639 3672 711 ἡμιτριϐακδν

2096 735 2347 808 στρῶμα,
2373 736 2569 808 δέρμα,
2603 735 2848 808 μηλωτὴ.
2893 733 3150 789 σανδάλια
3169 775 3184 801 ,
3214 732 3539 787 κουκούλλια
3566 732 3669 793 δύο,

2094 826 2237 899 ζώνη
2269 830 2362 882 καὶ
2396 829 2610 899 ῥάϐδος.
3027 817 3038 823 ’

2165 921 2246 974 Δ’.
2277 921 2482 990 Μηδεὶς
2507 920 2718 992 ἀπέλθῃ
2754 921 2974 974 πώποτε
3014 920 3183 993 χωρὶς
3210 918 3306 972 τοῦ
3340 918 3573 990 Πατρός.

2167 1013 2291 1065 AA'.
2325 1013 2530 1084 Μηδεὶς
2569 1012 2809 1085 κοιμηθῇ
2848 1013 3007 1076 ἐκτὸς
3054 1010 3148 1065 τοῦ
3198 1010 3559 1080 καθισματίου
3582 1009 3690 1062 a~3-'

2095 1121 2210 1156 του.

2164 1194 2288 1248 AB‘.
2326 1195 2532 1267 Μηδεὶς
2560 1195 2750 1268 ἐξέλθῃ
2780 1196 2884 1262 ἔξω
2910 1196 3010 1267 τῆς
3043 1194 3211 1266 μονῆς
3239 1195 3409 1266 χωρὶς
3440 1192 3532 1246 τοῦ
3567 1193 3668 1246 II:-

2094 1289 2242 1353 τρός.

2163 1307 2242 1342 οι.

2129 1307 2286 1432 PAX".
2324 1379 2532 1450 Μηδεὶς
2572 1377 2780 1451 λαλήσῃ
2810 1378 2947 1450 πρὸς
2975 1377 3064 1431 τὸν
3088 1376 3318 1449 πλησίον
3347 1377 3406 1427 ἐν
3431 1373 3508 1445 τῷ
3534 1375 3669 1444 τόπῳ

2095 1473 2152 1525 ἐν
2189 1465 2233 1540 ᾧ
2267 1469 2523 1544 καθεύδῃ.

2165 1565 2286 1618 ΛΝ.
2319 1563 2526 1634 Μηδεὶς
2550 1560 2972 1634 ὑποστρώσηται
3000 1562 3078 1623 είς
3098 1560 3159 1613 τὸ
3177 1560 3537 1630 καθισματιον
3572 1575 3666 1629 μη-

2094 1653 2202 1715 δὲν,
2235 1655 2282 1706 εἰ
2316 1655 2390 1726 μὴ
2415 1653 2653 1725 ψιάθιον.

481 1742 697 1800 XXXV.
722 1744 917 1813 Nemo,
935 1744 1036 1800 nisi
1068 1760 1192 1800 cum
1219 1755 1464 1815 aegrotat,
1499 1754 1667 1798 totum
1691 1759 1849 1799 suum
1867 1757 1979 1796 cor-

2163 1747 2287 1800 AE'.
2324 1746 2527 1820 Μηδεὶς
2554 1746 2673 1798 ὅλον
2697 1743 2758 1798 τὸ
2781 1744 2941 1817 σῶμα
2976 1743 3262 1814 ἀλείψηται
3285 1740 3458 1813 χωρὶς
3500 1739 3664 1800 νόσου,

411 1853 513 1908 pus
538 1847 825 1908 perunget,
864 1852 1038 1908 neque
1070 1837 1272 1892 Iavabit
1299 1845 1392 1891 aut
1427 1835 1698 1908 absterget
1724 1850 1782 1892 se
1802 1834 1885 1907 (8)
1912 1835 1995 1890 in—

410 1930 687 1986 decenter.

477 2019 722 2078 XXXVI.
771 2019 942 2078 Nemo
986 2023 1039 2078 in
1093 2023 1328 2084 tenebris
1382 2037 1502 2078 cum
1562 2019 1729 2076 fratre
1776 2019 1995 2078 habebit

408 2131 710 2173 sermones.

479 2207 741 2264 XXXVII.
802 2207 972 2265 Nemo
1022 2207 1248 2263 alterius
1300 2221 1522 2262 manum
1569 2213 1661 2258 aut
1693 2203 1834 2258 aliud
1863 2202 1991 2276 quid

406 2301 794 2371 appreliendet.

477 2387 766 2447 XXXVIII.
799 2389 928 2448 Sive
954 2391 1244 2458 consistas,
1269 2391 1383 2447 sive
1412 2388 1676 2456 ambules,
1709 2387 1875 2443 cubiti
1894 2387 1994 2441 sal-

409 2491 516 2537 tem
549 2482 707 2536 unius
746 2482 980 2553 spatium
1014 2481 1265 2550 intersit;
1288 2481 1452 2550 quod,
1486 2494 1610 2536 cum
1641 2478 1888 2541 sedebis,
1920 2477 1992 2530 si-

408 2573 606 2630 militer
633 2573 738 2629 erit
762 2573 1184 2628 observandum.

480 2662 721 2718 XXXIX.
763 2661 934 2719 Nemo
975 2663 1093 2718 sine
1129 2662 1306 2718 Patris
1355 2661 1568 2717 licentia
1608 2671 1770 2732 caput
1813 2662 1988 2716 radat.

477 2846 589 2903 XL.
617 2845 826 2914 Nemo,
859 2847 960 2903 nisi
997 2849 1064 2902 ad
1106 2847 1207 2903 hoc
1252 2848 1604 2910 constitutus,
1651 2852 1812 2915 caput
1857 2843 1990 2898 alte-

405 2933 522 2988 rius
552 2937 729 2988 radat.

477 3023 613 3079 XLI.
637 3023 828 3088 Nemo,
861 3041 966 3081 non
998 3026 1260 3097 requisito
1288 3025 1469 3091 Patre,
1509 3040 1539 3080 e
1572 3025 1734 3082 rebus
1763 3026 1987 3081 alterius

405 3117 696 3188 quidquam
728 3117 998 3173 admittat.

477 3207 636 3265 XLII.
671 3208 1082 3270 Nemoasinum
1115 3211 1316 3266 nudum
1349 3227 1470 3266 cum
1510 3209 1622 3265 alio
1649 3210 1952 3265 inscendat.

476 3300 659 3358 XLIII.
685 3301 855 3359 Nemo
873 3304 991 3358 sine
1015 3302 1313 3374 superioris
1336 3305 1493 3358 venia
1525 3303 1576 3358 in
1602 3303 1853 3376 opiﬁcum
1874 3301 1991 3356 oIIi-

407 3396 558 3452 cinas
599 3397 958 3468 ingrediatur.

473 3568 655 3626 XLIV.
688 3567 855 3626 Nemo
881 3571 969 3626 vel
999 3586 1028 3625 a
1079 3571 1300 3642 proprio
1328 3569 1497 3626 fratre
1523 3569 1814 3640 quidquam
1847 3571 1990 3627 acci-

401 3659 516 3731 piat
543 3661 595 3716 in
622 3661 954 3732 depositum.

475 3753 636 3809 XLV.
669 3753 837 3810 Nemo
863 3755 915 3808 In
944 3753 1152 3809 officina
1179 3753 1408 3809 fratrum
1433 3769 1625 3824 panem
1654 3754 1982 3824 pinsentium

402 3847 686 3916 loquetur;
722 3846 818 3901 sed
857 3846 1007 3902 taciti
1038 3845 1446 3901 meditabuntur
1483 3861 1655 3916 usque
1694 3847 1819 3901 dum
1868 3862 1988 3901 ces-

402 3938 601 3994 sabunt
632 3938 698 3993 ab
723 3952 887 4008 opere
914 3955 929 3992 :
958 3937 1001 3992 si
1027 3952 1132 4007 qua
1164 3953 1222 3993 re
1255 3937 1574 4014 indigeant,
1603 3953 1706 3993 non
1733 3952 1983 3994 sermone

401 4032 494 4088 sed
517 4030 670 4101 puIsu
699 4030 752 4084 id
778 4029 1098 4100 signiﬁcent.

471 4121 657 4179 XLVI.
697 4121 754 4178 Si
798 4122 920 4193 quis
960 4122 1191 4178 fratrum
1230 4137 1262 4178 e
1301 4122 1408 4178 vita
1439 4123 1790 4192 migraverit,
1826 4139 1985 4180 nemo

399 4225 686 4271 excusetur
713 4215 783 4271 ab
812 4215 928 4286 ejus
951 4215 1141 4272 funere
1170 4215 1227 4271 in
1253 4226 1492 4273 montem
1519 4217 1853 4282 deducendo.

469 4307 681 4364 XLVII.
714 4307 886 4364 Nemo
937 4308 1078 4364 inter
1122 4311 1354 4366 eundum
1398 4311 1669 4380 praecedat
1726 4312 1982 4384 liegnme-

399 4415 549 4454 1111111.

473 4487 702 4544 XLVIII.
723 4488 890 4545 Nemo
915 4489 1310 4561 perticiatopus
1331 4491 1548 4564 aliquod
1571 4493 1774 4562 absque
1797 4491 1978 4556 Patre,

397 4591 450 4638 et
487 4581 585 4650 ipsi
628 4581 822 4636 cedant
857 4597 1047 4638 omnes
1072 4583 1170 4656 (9).

469 4671 653 4728 XLIX.
682 4671 854 4729 Nemo
896 4673 951 4729 in
1001 4675 1270 4746 virginum
1321 4677 1658 4733 monasterio
1704 4677 1885 4743 abeat,
1921 4685 1978 4732 ut

397 4764 707 4833 quampiam
736 4763 950 4819 illarum
990 4767 1150 4833 visat,
1182 4768 1284 4822 nisi
1318 4769 1409 4838 qui
1438 4770 1504 4824 ad
1541 4771 1591 4825 id
1623 4772 1809 4826 statuti
1851 4781 1978 4826 sunt

397 4853 663 4921 seniores,
689 4854 780 4925 qui
805 4857 1111 4913 necessaria
1143 4872 1355 4928 quoque
1383 4859 1512 4930 ipsis
1539 4862 1972 4918 subministrant.

465 4945 528 5001 L.
562 4944 688 5002 Haec
730 4961 892 5017 porro
929 4947 1024 5020 qui
1047 4949 1366 5020 neglexerit,
1401 4951 1605 5022 absque
1643 4953 1792 5008 omni
1836 4969 1970 5010 con-

396 5033 719 5090 tradictione
741 5036 1118 5104 pcenitentiam
1153 5039 1430 5108 suscipiat,
1465 5051 1520 5096 ut
1555 5051 1761 5099 aeterno
1783 5044 1835 5098 in
1857 5057 1972 5100 cm-

395 5118 461 5179 Iis
483 5139 648 5196 regno
672 5126 952 5196 potiantur
980 5127 1030 5181 in
1053 5127 1292 5182 Christo.
1316 5131 1508 5186 Amen.

467 5277 799 5359 (7)”I’iritint
846 5280 1198 5359 interpretor,
1256 5282 1629 5359 quodGracce
1666 5287 1816 5359 παρὰ
1873 5287 1973 5359 τῆς

393 5347 663 5420 κιφαλῇς,
707 5351 860 5419 quasi
906 5352 959 5404 in
983 5347 1138 5420 caput
1166 5347 1600 5417 seu'ca‘pitatim.

503 5363 663 5473 αλὲς,
707 5364 860 5419 quas:
906 5367 959 5404 ιη
983 5363 1138 5420 caput
1166 5367 1262 5408 seu
1310 5363 1600 5417 capitatim.

463 5363 546 5488 ῗε)
607 5433 771 5496 αρε,
805 5421 990 5486 κακῶς
1011 5463 1026 5487 ,
1067 5423 1222 5478 male.
1254 5421 1328 5478 Ita
1351 5423 1554 5492 Regula
1577 5425 1837 5496 prolixior
1861 5429 1970 5486 99.:

393 5485 564 5564 Nemo
599 5487 858 5564 (avehitur
890 5485 1028 5562 aqua
1078 5497 1216 5548 nudo
1261 5485 1494 5556 corpore.
1548 5485 1686 5564 Quin
1742 5509 1797 5553 et
1847 5485 1972 5554 cum

393 5558 676 5638 abluenda:
708 5570 870 5638 erant
893 5558 1093 5638 vestes,
1119 5576 1303 5638 monet
1329 5565 1531 5638 Regula
1559 5558 1664 5624 ῧθι
1697 5567 1864 5624 Nemo
1892 5572 1973 5625 la-

515 5630 754 5686 retractis
810 5631 864 5686 in
911 5632 1075 5689 altum
1125 5636 1345 5692 restibus
1391 5630 1670 5707 p7usquam
1717 5649 1972 5696 statutum

2095 1839 2218 1895 οὔτε
2248 1840 2509 1912 λούσηται
2535 1839 2568 1910 ἢ
2604 1839 2939 1912 ἁπονίψηται
2968 1837 3174 1902 κακῶς.

2164 2020 2300 2088 ΔΕΓ.
2332 2019 2537 2094 Μηδεὶς
2571 2019 2793 2092 λαλήσει
2835 2018 2970 2092 πρὸς
3011 2018 3102 2072 τὸν
3134 2015 3362 2090 πλησίον
3409 2013 3569 2068 αὑτοῦ
3613 2015 3665 2066 ἐν

2096 2112 2335 2184 σκοτεία.
3147 2173 3152 2178 ,

2163 2206 2284 2258 ΛΖ’.
2330 2204 2533 2277 Μηδεὶς
2574 2201 2793 2274 δέξηται
2826 2203 2924 2278 τῆς
2952 2202 3134 2274 χειρὸς
3163 2201 3257 2256 τοῦ
3293 2200 3486 2272 ἑτέρον
3519 2198 3661 2269 ἦᾶλ-

2092 2295 2183 2351 λου
2214 2296 2387 2360 εἴδους
2415 2296 2605 2352 αὑτοῦ.

2163 2388 2291 2442 AH'.
2322 2387 2446 2440 Εἴτε
2475 2388 2714 2456 στήκων,
2746 2385 2854 2438 εἴτε
2891 2383 3189 2455 ὁδοιπορῶν
3223 2384 3425 2454 μεταξῦ
3463 2382 3665 2453 διάστη-

2095 2498 2170 2553 μα
2193 2481 2440 2552 ποιήσεις
2479 2478 2554 2542 ὡς
2581 2478 2762 2550 πῆχυν
2797 2477 2911 2530 ἒναο
2945 2476 3207 2538 ὡσαύτως
3234 2476 3327 2529 καὶ
3370 2475 3663 2546 καθήμενος

2093 2573 2338 2628 ποιείτω.

2161 2663 2287 2718 ΛΘ’.
2311 2663 2518 2738 Μηδεὶς
2547 2663 2646 2736 τὴν
2681 2661 2922 2732 κεφαλὴν
2955 2659 3207 2734 κείρηται
3245 2660 3413 2732 χωρὶς
3447 2658 3538 2712 τοῦ
3568 2657 3664 2711 Πα-

2092 2757 2240 2829 τρός.
3749 2745 3754 2748 ’

2162 2850 2250 2906 Μ’.
2279 2848 2484 2926 Μηδεὶς
2521 2847 2724 2921 μηδένα
2755 2845 2916 2918 κείρῃ
2947 2845 3116 2918 χωρὶς
3144 2844 3242 2917 τῆς
3269 2842 3628 2915 προστάξεως.

2167 3027 2302 3081 ΜΑ’.
2329 3025 2536 3098 Μηδεὶς
2555 3023 2696 3097 λάϐῃ
2724 3041 2777 3077 τι
2803 3018 2941 3086 εἶδος
2969 3020 3120 3095 παρᾶ
3146 3037 3289 3084 τινος
3322 3017 3554 3088 ἀδελφοῦ
3569 3037 3664 3088 χω-

2013 3089 2059 3158 c
2097 3116 2182 3188 ρὶς
2221 3116 2320 3187 τῆς
2345 3089 2572 3188 γνῶμης
2600 3089 2696 3167 τού
2725 3113 2957 3187 Πατρός.

2163 3210 2296 3264 ΜΒ’.
2332 3209 2538 3279 Μηδεὶς
2577 3205 2816 3278 καθεσθῇ
2850 3207 2929 3269 εἰς
2946 3204 3066 3258 ὄνον
3090 3201 3295 3273 γυμνὸν
3319 3199 3457 3272 μετά
3492 3199 3658 3254 ἄλλον.

2160 3302 2289 3366 ΜΡ,
2323 3300 2528 3371 Μηδεὶς
2556 3298 2765 3371 ἀπέλθῃ
2793 3299 2874 3360 είς
2901 3297 2969 3350 τὰ
2996 3296 3333 3368 ἐργαστήρια
3361 3292 3468 3346 τῶν
3498 3301 3662 3363 χειρό-

2089 3396 2294 3467 τέχνων
2321 3393 2490 3465 χωρὶς
2514 3392 2612 3464 τῆς
2642 3390 2906 3461 κεφαλῆς.

2154 3575 2284 3628 MA'.
2316 3571 2522 3644 Μηδεὶς
2562 3569 2700 3642 λάϐῃ
2730 3567 2865 3634 εἶδος
2893 3567 2968 3633 ὡς
2993 3569 3050 3622 ἐν
3083 3565 3378 3639 παραθηκῃ
3405 3556 3661 3636 μεχρὶτώ

2093 3665 2224 3720 ἰδίου
2268 3662 2521 3732 ἀδελφοῦ.

2154 3757 2291 3810 ME'.
2309 3755 2515 3827 Μηδεὶς
2542 3754 2751 3827 λαλήσῃ
2780 3754 2836 3806 ὲν
2858 3752 2933 3824 τῷ
2963 3750 3275 3823 ἀρτοκοπίῳ
3298 3749 3409 3803 τῶν
3428 3749 3662 3820 ἀδελφῶν

2087 3849 2194 3903 τῶν
2222 3848 2678 3921 ἀρτοποιούντων,
2711 3845 2850 3899 ἀλλά
2882 3845 3253 3916 μελετήσωσιν
3297 3843 3406 3908 ἓως
3439 3843 3506 3897 ἂν
3532 3845 3657 3897 ἀποο

2089 3939 2344 4010 σχῶνται·
2383 3940 2477 3993 ὲάν
2517 3938 2575 3996 δὲ
2625 3937 2902 4011 χρῄζωσίν
2933 3953 3096 4001 τινος,
3133 3937 3196 3991 οὐ
3237 3935 3312 4008 μὴ
3343 3935 3661 4006 λαλήσοιςιγ,

2087 4035 2224 4089 ἀλλά
2247 4033 2572 4104 κρούσωσιν.

2157 4124 2307 4193 Μετ’.
2341 4104 2548 4196 Μηδεὶς
2573 4122 2860 4194 ἀποληφθῇ
2893 4122 3002 4176 τῶν
3046 4120 3312 4191 ἀδελφῶν,
3345 4121 3441 4175 ἐὰν
3471 4138 3658 4192 κειμη-

2085 4219 2152 4290 θῇ
2176 4217 2420 4286 ἀδελφὸς,
2450 4215 2770 4286 προπέμψαι
2799 4218 2879 4279 είς
2903 4216 2963 4268 τὸ
2987 4215 3132 4286 ὅρος.

2151 4308 2284 4361 ΜΖ’.
2335 4306 2540 4376 Μηδεὶς
2578 4305 2912 4377 πορεύσηται
2953 4304 3264 4377 ἔμπροσθεν
3303 4304 3397 4358 τοῦ
3429 4305 3658 4376 ἡγουμέ-

2089 4415 2202 4452 νου.

2158 4489 2298 4543 MH'.
2339 4487 2546 4560 Μηδεὶς
2574 4488 2956 4561 πληροποιησῃ
2993 4489 3169 4562 παρὲξ
3197 4491 3292 4544 τοῦ
3322 4491 3555 4563 Πατρὸς,
3575 4493 3658 4545 καὶ

2085 4582 2194 4634 πᾶν
2224 4581 2535 4653 πρόσφατον
2563 4581 2736 4651 παρὲξ
2767 4581 2957 4636 αὑτοῦ.

2153 4672 2287 4728 ΜΘἎ
2318 4673 2524 4745 Μηδεὶς
2549 4673 2757 4745 ἀπέλθῃ
2785 4677 2866 4738 είς
2901 4674 3002 4744 τὴν
3034 4673 3202 4745 μονὴν
3240 4673 3347 4728 τῶν
3378 4674 3658 4747 ἀει-παρθέ-

2081 4782 2209 4826 νων,
2239 4766 2319 4828 εἰς
2345 4765 2404 4817 τὸ
2431 4765 2829 4834 ὲπισκέψασθαί
2861 4783 3012 4830 τινας
3033 4765 3233 4830 αὐτῶν,
3255 4767 3304 4819 εί
3339 4766 3414 4838 μὴ
3445 4767 3593 4838 μόνοι
3613 4769 3656 4820 οξ

2083 4858 2512 4930 προσταχθέντες
2529 4858 2852 4931 πρεσϐῦται,
2879 4860 2929 4911 οἱ
2950 4859 3042 4913 καὶ
3055 4859 3430 4926 διακονοῦντες
3453 4861 3655 4926 αὐταῖς.

2153 4951 2236 5006 N'.
2268 4951 2486 5005 Τούτων
2529 4952 2557 5006 ὁ
2607 4951 2828 5023 ἀμελῶν
2876 4951 3163 5022 ἐπιτιμίαν
3201 4951 3471 5023 λαμϐάνει
3528 4953 3657 5024 ὑπὲρ

2081 5043 2263 5098 αὐτῶν
2295 5043 2463 5115 χωρὶς
2493 5044 2675 5116 πάσης
2705 5043 3036 5112 ἀντιλογίας,
3069 5043 3157 5098 ἵνα
3179 5042 3280 5115 κλη
3292 5045 3654 5116 ρονομησωσιν

2075 5134 2173 5209 τὴν
2195 5134 2409 5189 αἰώνιον
2437 5135 2708 5207 βασιλείαν
2736 5139 2793 5190 ὲν
2831 5135 3070 5209 Χριστῷ.
3102 5136 3298 5208 Ἀμήν.

2143 5289 2220 5413 ἱθ)
2239 5288 2444 5349 Grzece.
2481 5290 2686 5361 Μηδεὶς
2709 5291 2815 5362 πλη
2820 5291 3091 5413 ροποιήσῃ
3110 5292 3286 5364 παρὲξ
3306 5292 3401 5347 τοῦ
3429 5293 3652 5366 Πατρὺς,

2143 5406 2144 5409 η
2194 5362 2303 5413 πᾶν
2333 5361 2645 5413 πρόσφατον
2673 5363 2815 5413 παοὲ
2880 5363 3070 5413 αὐτου.
3101 5361 3255 5413 Quod
3288 5375 3346 5413 ut
3373 5375 3519 5413 recte
3558 5367 3652 5413 La:

2143 5309 2220 5413 pi)
2239 5309 2444 5349 urzece.
2481 5309 2686 5361 Μηοεις
2709 5309 2815 5362 πλη
2855 5309 3091 5364 οποιησῃ
3110 5309 3286 5364 παρες
3306 5310 3401 5347 τον
3431 5309 3652 5366 ιιατρος,

2072 5378 2144 5435 κα
2194 5362 2308 5435 πᾶν
2332 5361 2645 5435 πρόσφατον
2673 5309 2854 5435 παρὲξ
2880 5363 3070 5416 αὑτοῦ.
3101 5361 3255 5429 Quod
3288 5375 3352 5435 ut
3373 5375 3519 5418 recte
3558 5367 3653 5418 Lm

2075 5433 2185 5507 tine
2219 5429 2613 5507 reddiderimus
2636 5429 2913 5507 ,_yereor;
2957 5449 3081 5487 nam
3117 5436 3262 5489 sicut
3299 5433 3652 5507 πληροφορέω

2070 5500 2493 5575 variam__liabet
2541 5502 2999 5575 significationem
3039 5521 3053 5557 :
3107 5507 3183 5559 ita
3235 5513 3290 5560 et
3339 5500 3650 5575 ἀεί’πληρο-

2071 5571 2263 5636 ποιέω,
2295 5569 2421 5627 licet
2446 5569 2764 5645 melioribus
2795 5574 3157 5644 scriptoribus
3186 5575 3392 5645 ignoto.
3420 5569 3652 5645 cogiiare

2072 5656 2396 5716 possumus,
2445 5643 2648 5699 habere
2679 5644 2768 5699 hic.
2805 5645 3083 5715 propriam
3125 5643 3364 5716 alinuam
3415 5659 3473 5702 ct
3492 5643 3650 5702 nobis

2075 5712 2301 5768 necdum
2338 5723 2668 5784 compertam
2702 5712 2998 5771 notionem.
