3860 6330
1446 637 1614 682 ANNO
1655 637 1881 683 DOMINI
1922 640 2152 683 CCCLVI.

221 959 389 1134 s.
472 957 1572 1146 ANTONIUS
1635 953 2543 1223 MAGNUS
2590 963 3349 1148 ABBAS.

1459 1465 2113 1583 NOTlTlA'.

817 1686 1140 1765 (Cunnum,
1182 1690 1424 1748 Veterum
1459 1693 1687 1749 Patrum
1721 1694 2002 1762 Bibliotlt.,
2027 1705 2065 1751 t.
2099 1695 2186 1762 IV,
2221 1697 2457 1772 Proicg.,
2483 1717 2534 1770 p.
2570 1697 2764 1770 um.)

290 1972 330 2030 1.
372 1973 593 2030 Antonii
641 1973 818 2046 Magni
847 1985 994 2046 gesta
1029 1981 1256 2041 strictim
1298 1987 1592 2055 praposita.

215 2066 516 2127 Antonium
561 2080 760 2136 genere
804 2068 1124 2141 [Egyptium
1150 2113 1167 2140 ,
1214 2089 1575 2146 cognomento
1622 2080 1739 2136 Ma-

145 2173 329 2228 gnum,
372 2159 607 2228 vitaeque
662 2165 974 2224 monastica:
1033 2165 1438 2234 institutorem,
1485 2171 1738 2231 ﬂoruisse

147 2250 246 2305 sub
293 2250 657 2308 Constantino
705 2263 762 2309 et
805 2255 928 2311 ﬁliis
974 2257 1091 2327 ejus
1138 2263 1510 2330 regnantibus,
1575 2268 1739 2322 tradit

145 2340 599 2414 SJlieronymus
651 2345 750 2418 (α).
795 2345 910 2403 Sub
959 2349 1216 2422 Dionysio
1263 2365 1442 2409 autem
1490 2357 1736 2413 antistite

146 2433 510 2490 Alexandrino
543 2438 716 2506 ipsum
749 2440 800 2494 in
822 2453 1063 2498 eremum
1103 2446 1393 2501 secessisse
1420 2458 1581 2518 atque
1613 2451 1736 2507 inde

145 2525 542 2582 anachoretica:
566 2527 690 2582 vitae
714 2530 922 2585 initium
947 2531 1184 2600 dedisse,
1213 2538 1462 2593 scribunt
1491 2538 1732 2596 Elmaci-

145 2631 262 2682 aus,
327 2615 625 2676 llakrisius
669 2629 728 2676 et
777 2621 914 2678 alii:
967 2637 1277 2696 quanquam
1332 2630 1432 2683 sub
1484 2628 1734 2703 Philippo

145 2708 488 2777 imperatore
544 2711 688 2768 illius
735 2726 1006 2770 secessum
1055 2716 1285 2774 collocet
1321 2719 1726 2793 Abultaragius,

142 2811 196 2855 at
239 2803 506 2864 observat
557 2804 626 2860 cl.
681 2803 1056 2864 Renaudotius
1101 2809 1200 2881 (b).
1254 2810 1497 2879 Quorum
1549 2827 1728 2872 tamen

142 2895 471 2966 scriptorum
523 2897 720 2968 placita
777 2917 845 2955 ex
899 2901 968 2957 iis
1005 2903 1351 2960 reformando
1409 2920 1728 2977 noscuntur,

141 3003 257 3058 qua:
297 2989 367 3045 de
394 2990 632 3047 Antonio
673 3001 863 3049 nostro
905 2995 1068 3051 tradit
1106 2995 1164 3051 S.
1198 2998 1552 3059 Athanasius.
1586 3004 1730 3062 Pras-

141 3080 281 3139 tlsra
309 3079 456 3136 enim
488 3081 607 3151 ejus
649 3095 800 3153 gesta
855 3084 1052 3157 insigni
1094 3087 1370 3146 volumine
1409 3106 1727 3162 prosecutus

139 3181 217 3228 (st
260 3187 496 3244 Inagnus
525 3173 616 3229 ille
649 3173 1030 3232 Alexandrina:
1072 3179 1223 3236 urbis
1243 3182 1551 3254 episcopus,
1601 3197 1729 3242 tem-

138 3264 289 3331 roris
321 3264 515 3322 ordine
543 3265 732 3328 sedulo
772 3269 970 3338 ubique
1011 3283 1248 3340 servato,
1292 3285 1351 3328 ut
1394 3276 1600 3346 primus
1628 3279 1725 3334 ad-

1764 1993 1961 2062 Aquis
2002 1991 2126 2061 jure
2187 1992 2497 2062 putaverit,
2565 1993 2876 2064 siquidem,
2927 2003 2986 2049 ut
3043 1997 3118 2050 ait
3167 1994 3419 2066 Angusti‘

1842 2099 1943 2138 nus
1971 2084 2069 2154 (g),
2109 2086 2363 2139 bonorum
2391 2086 2719 2154 ingeniorum
2748 2089 2971 2157 insignis
3002 2100 3076 2143 est
3110 2089 3338 2147 indoles.
3365 2093 3419 2143 in

1838 2176 2008 2230 uerbis
2037 2192 2219 2232 verum
2266 2193 2469 2244 amare,
2521 2194 2624 2232 non
2677 2179 2852 2233 verba.
2912 2181 3120 2246 Quibus
3173 2193 3416 2236 vetermn

1837 2269 2126 2324 sententiis
2152 2279 2207 2324 et
2241 2269 2369 2325 illud
2400 2271 2501 2326 hac
2527 2272 2594 2326 de
2619 2287 2678 2327 re
2709 2272 2973 2339 praeclare
3003 2273 3205 2328 dictum
3237 2287 3267 2328 a
3304 2289 3415 2327 ma-

1836 2373 1942 2428 gno
1972 2360 2227 2417 Ecclesia
2257 2362 2533 2418 annalium
2581 2373 2806 2433 parente
2853 2365 3055 2420 addere
3103 2365 3242 2420 haud
3285 2365 3414 2419 alie-

1835 2468 1965 2507 num
2002 2468 2031 2506 a
2072 2454 2354 2523 proposito
2397 2463 2585 2511 nostro
2621 2456 2858 2512 fortasse
2891 2456 3053 2512 fuerit
3092 2455 3168 2526 (li)
3199 2475 3214 2514 :
3268 2455 3414 2513 Sicut

1835 2545 2105 2614 effossum,
2130 2547 2229 2613 ait,
2253 2549 2480 2615 informe
2505 2565 2694 2603 aurum
2722 2560 2770 2604 et
2795 2549 2924 2602 rude
2949 2565 3007 2602 eo
3051 2551 3263 2604 charius
3305 2566 3413 2604 esse

1833 2638 1984 2703 solet,
2039 2639 2178 2709 quod
2231 2640 2364 2694 nihil
2413 2641 2655 2696 uideatur
2703 2642 2923 2696 alterius
2979 2642 3174 2696 metalli
3225 2643 3412 2697 habere

1834 2732 2164 2786 commistum
2189 2748 2208 2787 :
2237 2733 2312 2786 ita
2345 2734 2480 2787 tanti
2504 2733 2820 2803 confessoris
2859 2736 3064 2803 egregia
3107 2750 3412 2788 monumeno

1833 2831 1916 2888 ta,
1955 2839 2052 2877 sua
2093 2824 2262 2892 ipsius
2295 2835 2550 2880 uetustate
2578 2835 2736 2896 atque
2765 2826 3098 2893 simplicitate
3139 2827 3411 2897 micantia,

1831 2915 2017 2984 quibus
2043 2931 2122 2969 res
2160 2917 2335 2984 potius
2376 2933 2533 2986 quam
2579 2918 2732 2970 verba
2765 2917 2820 2970 in
2854 2917 3016 2984 pretia
3055 2933 3167 2972 esse
3205 2916 3410 2979 solent,

1829 3007 2067 3084 gratiora
2093 3007 2249 3074 plane
2279 3017 2431 3061 erunt
2458 3016 2616 3076 atque
2635 3008 2966 3078 jucuntliora
3004 3007 3186 3077 quovis
3217 3008 3410 3071 scripto

1831 3099 2130 3154 recentioris
2156 3101 2409 3165 auctoris,
2453 3100 2846 3171 quibuscunque
2880 3102 3190 3171 eloquentia:
3225 3102 3406 3169 phale-

1831 3192 1905 3246 ris
1945 3203 2248 3246 exornato:
2286 3192 2541 3262 quidquid
2587 3192 2722 3245 enim
2771 3192 3051 3245 obducitur
3084 3193 3206 3261 fuco
3257 3203 3407 3263 atquc

1827 3285 2120 3353 pigmentis,
2183 3295 2477 3352 suspectum
2539 3281 2808 3350 redditur,
2847 3284 3214 3354 pulchriorque
3249 3289 3398 3340 enite-

140 3358 302 3411 vertit
357 3356 702 3419 doctissimus
750 3357 1184 3422 Montiauconius
1241 3366 1312 3436 (c)
1351 3383 1366 3432 ;
1415 3371 1722 3428 sanctitatis
1755 3350 1796 3405 Β
1825 3350 1921 3430 scit
1947 3377 2061 3446 ipsa
2090 3377 2175 3431 sui
2206 3350 2436 3446 puritate
2481 3376 2791 3442 simplicitas
2819 3350 2856 3441 ;’
2879 3393 2996 3447 qua:
3032 3350 3172 3445 quod
3202 3380 3405 3432 mentiri

140 3462 264 3504 vero
303 3464 410 3504 non
439 3451 639 3517 mitius,
701 3467 860 3522 quam
895 3453 1222 3513 Christianae
1249 3460 1370 3516 ﬁdei
1401 3475 1472 3516 ac
1498 3463 1721 3530 religio-

138 3542 222 3597 nis
273 3542 720 3601 Studiosissimus
776 3547 859 3600 vir
919 3547 1140 3615 beatus,
1211 3567 1528 3622 supremum
1577 3558 1721 3614 diem

137 3634 269 3688 obiit
302 3635 524 3692 ineunte
548 3635 750 3692 Christi
781 3652 925 3695 anno
949 3639 1076 3706 556,
1111 3645 1288 3700 astatis
1310 3645 1435 3702 105.

139 3725 196 3779 ιι.
239 3724 297 3780 Ν
304 3727 419 3780 ulla
460 3728 758 3802 litterarum
795 3733 1011 3788 scientia
1043 3734 1295 3802 imbutus,
1331 3737 1536 3794 diuinas
1574 3740 1720 3796 Scri-

196 3809 386 3864 pturas
417 3799 609 3866 Optime
630 3800 878 3856 calluisse
907 3806 1227 3873 comperitur
1248 3799 1430 3863 beatus
1465 3811 1645 3867 abbas.

204 3884 397 3958 Neque
423 3889 634 3957 scriptis
673 3891 802 3955 suis,
839 3907 1000 3963 neque
1033 3895 1213 3964 gentili
1241 3899 1526 3968 sapientia,
1557 3919 1718 3972 neqtte

137 3991 245 4033 arte
275 3995 590 4050 quacunque
636 3982 884 4036 inclaruit
909 3984 1198 4055 Antonius,
1232 3998 1290 4044 ut
1317 3992 1506 4048 scribit
1539 3995 1716 4049 Atha~

136 4070 321 4124 uasius
357 4071 456 4142 (ά).
513 4069 710 4128 Verum
749 4077 1001 4145 quamvis
1051 4079 1198 4133 nulla
1247 4084 1469 4139 scientia
1513 4086 1716 4144 littera-

136 4177 247 4213 rum
283 4160 451 4214 fuerit
505 4160 780 4229 imbutus,
837 4163 1140 4234 Scripturas
1197 4177 1374 4225 tamen
1429 4171 1635 4231 divinas
1665 4183 1713 4228 et

135 4254 439 4308 memoriter
463 4253 728 4307 audiendo
761 4257 1008 4322 tenuisse,
1037 4268 1084 4312 et
1122 4259 1403 4330 prudenter
1436 4265 1712 4338 cogitando

133 4345 458 4424 intellexisse
483 4345 824 4412 praedicatur,
865 4357 1083 4404 auctore
1108 4350 1409 4421 Augustino
1430 4353 1523 4424 (ρ).
1561 4354 1714 4420 Quod

132 4435 348 4504 quidem
388 4421 520 4488 satis
578 4433 879 4491 luculenter
921 4447 1207 4502 testantur,
1256 4455 1375 4510 quae
1418 4421 1709 4497 etiamnum

133 4530 392 4591 superant
425 4522 540 4574 sive
569 4521 636 4575 ab
686 4536 751 4577 eo
799 4523 993 4579 littoris
1034 4529 1304 4589 inundata,
1352 4529 1463 4585 sive
1496 4531 1564 4584 ab
1592 4532 1711 4586 aliis

132 4625 192 4663 ex
237 4625 336 4666 ore
397 4609 512 4679 ejus
555 4622 778 4681 excepta
837 4612 1156 4670 Christiana:
1197 4619 1456 4674 doctrina:
1514 4636 1707 4678 monu-

1825 3465 2041 3532 nesciat,
2071 3481 2222 3520 omne
2260 3465 2498 3536 quamvis
2544 3465 2614 3518 ad
2650 3475 2895 3518 ornatum
2939 3467 3282 3534 compositum
3332 3483 3402 3520 ve-

1822 3555 2107 3610 lamentum
2141 3555 2408 3610 abhorret.

1823 3647 1907 3702 Ill.
1976 3648 2232 3714 Qntenam
2285 3647 2550 3713 scripserit
2607 3645 2666 3703 S.
2729 3648 2911 3713 Pater,
2978 3651 3276 3713 exponitur.
3337 3647 3402 3705 Et

2057 3722 2224 3786 primo
2261 3723 2326 3772 de
2369 3718 2516 3772 illius
2554 3719 2912 3776 Sermonibus
2958 3723 3155 3789 agitur.

1888 3805 2008 3862 Jatn
2039 3821 2187 3871 vero,
2220 3817 2278 3862 ut
2307 3809 2440 3863 tanti
2486 3808 2662 3864 Patris
2701 3811 2901 3880 scripta
2940 3825 3060 3880 quae
3098 3810 3274 3867 adhuc
3314 3827 3401 3866 su-

1819 3904 2064 3968 persunt.
2115 3897 2430 3954 summatim
2488 3912 2916 3964 recenseamus,
2973 3901 3206 3970 primum
3255 3903 3397 3958 sisti-

1819 4001 1941 4042 mus
1965 3986 2081 4054 ejus
2134 3987 2454 4054 Sermones;
2493 4006 2632 4060 quos
2658 3991 2800 4048 inter
2835 3993 3082 4064 principe
3111 4010 3242 4050 sane
3283 3996 3400 4052 loco

1817 4079 2010 4148 dignus
2037 4078 2452 4147 existimandus,
2481 4098 2642 4153 quem
2684 4085 2840 4142 nobis
2887 4088 3129 4142 servas-it
3173 4103 3399 4161 magnus

1814 4169 2150 4226 Athanasius
2176 4172 2262 4242 ti).
2307 4168 2362 4226 In
2391 4187 2457 4228 eo
2487 4173 2758 4245 siquidem
2786 4191 2912 4232 suos
2943 4187 3159 4233 ascetas
3179 4189 3397 4234 sanctus

1814 4261 1979 4320 abbas
2016 4265 2084 4318 ad
2128 4265 2376 4319 militiam
2417 4267 2755 4334 spiritualem
2803 4271 3156 4336 int'ormans',
3192 4272 3398 4326 eisdem

1814 4353 2016 4406 monita
2044 4351 2200 4420 plane
2246 4353 2584 4410 aimirabilia
2627 4357 2903 4427 suggerit;
2947 4359 3144 4428 quibus
3179 4359 3395 4427 imbuti,

1813 4448 1881 4498 att
1933 4443 2327 4499 colluctana'um
2375 4446 2628 4502 adversus
2674 4449 2934 4518 principes
2988 4460 3038 4506 et
3091 4460 3395 4518 potestates,

1813 4536 2058 4590 adversus
2100 4539 2280 4594 mundi
2311 4549 2534 4596 rectores
2565 4542 2894 4598 tenebrarum
2946 4546 3159 4611 harum,
3210 4557 3393 4601 contra

1813 4628 2109 4697 spiritualia
2178 4632 2423 4701 nequitiis
2453 4633 2507 4687 in
2565 4636 2858 4692 caelestibus
2923 4640 2973 4704 ⁸,
3037 4645 3392 4709 promptiores

131 4713 342 4769 menta;
399 4703 454 4755 in
496 4703 706 4772 quibus,
756 4718 956 4760 uicum
1005 4708 1336 4782 tlieronymo
1389 4713 1580 4783 loquar
1618 4716 1710 4788 (f),
1740 4697 1783 4752 ο
1818 4719 2215 4792 validioresque
2253 4697 2650 4783 redderentur.
2723 4728 3011 4799 Nimirum,
3037 4697 3176 4787 unus
3225 4735 3388 4788 Anto-

129 4795 378 4865 loquendi
401 4794 790 4862 simplicitatem
815 4799 1085 4853 excusabit
1107 4804 1471 4858 sanctimonia:
1503 4809 1707 4875 magni-

129 4889 274 4940 tudo.
307 4883 496 4954 Neque
514 4885 658 4941 enim
683 4890 1184 4957 reprehendendam
1212 4893 1265 4948 in
1295 4897 1520 4952 vetustis
1541 4901 1712 4968 potis—

130 4979 326 5031 simum
403 4976 663 5034 Ecclesiae
738 4979 990 5038 Patribns
1050 4988 1317 5043 sermonis
1386 4987 1708 5058 imperitiam

198 5179 211 5207 ¹
252 5178 460 5254 Ephes.
489 5194 539 5238 vr
564 5219 581 5248 ,
622 5181 710 5236 12.

196 5379 274 5457 (τι)
315 5378 538 5457 μίθτοητ
576 5382 655 5457 [ξς
685 5385 783 5438 uir.
817 5387 1010 5442 illustr.
1051 5404 1169 5457 cup.
1207 5387 1294 5443 88.

194 5451 270 5530 (ὑ.)
309 5451 562 5530 ξξθιιθειιξ.
599 5453 741 5530 li_i_st.
765 5460 1050 5530 patriarclt.
1085 5451 1234 5530 (item.
1285 5477 1406 5530 pag.
1441 5463 1529 5517 58.

195 5519 498 5606 (τὴ-ἕξωιῇ
529 5523 582 5576 in
630 5519 818 5580 Monit.
845 5528 913 5580 ad
937 5529 1130 5585 Anton.
1175 5519 1562 5587 Vin-Athan”.
1596 5533 1623 5606 §
1651 5535 1703 5604 8,

130 5592 532 5745 ωξᾶίᾷιιῖωηλ
557 5664 632 5745 in_
659 5665 765 5720 Vit.
801 5666 1050 5745 gnton.§
1080 5671 1169 5731 95.
1204 5689 1325 5745 pag.
1364 5673 1490 5729 895.

197 5733 270 5802 (ε)
313 5736 457 5802 Aug.
492 5734 565 5788 De
601 5739 767 5790 ttoctr.
799 5737 994 5793 Christ.
1024 5733 1088 5794 in
1115 5733 1317 5816 pro'log.
1359 5761 1412 5800 n.
1449 5747 1497 5803 4.

1817 4811 1936 4867 nius
2001 4829 2110 4883 pra:
2185 4816 2438 4884 caeteris,
2489 4835 2650 4876 omne
2709 4838 2879 4892 genius
2931 4825 3392 4881 conﬂictationum

1815 4919 2098 4962 aerearum
2124 4919 2402 4978 expertus,
2441 4915 2580 4982 potis
2600 4925 2720 4970 erat
2755 4915 3156 4990 investigabites
3190 4921 3385 4976 diaboli

1817 5001 2087 5057 versutias
2120 5001 2390 5076 detegere,
2420 5006 2617 5076 quibus
2658 5010 2817 5066 modo
2839 5011 3002 5077 clam,
3027 5014 3184 5069 modo
3212 5015 3386 5085 pulum

1893 5396 1962 5488 ςρ
2003 5397 2417 5488 intonueris
2439 5402 2530 5488 βλ
2562 5404 2634 5488 91-
2669 5405 3264 5488 101.94Pammacn-t
3294 5417 3374 5472 te.

1813 5469 1964 5592 nugs)
1994 5471 2146 5594 ἕως.
2208 5469 2502 5528 υίάοειτ.
2561 5469 2909 5534 cmm'nn.
2979 5497 3052 5547 ιν,
3110 5469 3374 5555 cap.'ii}

2001 5609 2200 5689 paron.
2233 5612 2300 5689 ad
2331 5628 2458 5689 ann.
2485 5614 2610 5689 556,
2639 5617 2664 5689 §
2696 5617 2784 5675 9t.

1882 5678 2186 5804 gizsétéban.
2241 5686 2294 5740 in
2345 5682 2446 5740 Vit.
2492 5678 2690 5742 Ant—on.
2741 5707 2767 5745 a
2806 5708 2953 5748 num.
2990 5695 3177 5761 l6-45,
3222 5710 3370 5766 pagg-

1807 5747 2072 5808 8084829.
