3860 6316
466 302 576 356 955

1585 296 1862 351 PATHES
1900 294 2200 352 AEGYPTH
2243 294 2511 353 Sx’ECL'Ll
2550 291 2638 348 Ν.

3636 296 3737 353 956

468 425 559 477 ille
594 420 815 478 humani
850 419 1064 492 generis
1090 418 1265 474 hostis
1306 416 1635 487 improvidos
1664 416 1877 471 animos
1921 417 2054 470 irre-
2083 424 2130 479 Α
2159 415 2554 486 Cbamperius:
2588 428 2749 484 quam
2792 412 3131 480 postmodum
3182 410 3554 465 excudendam
3583 427 3733 467 cura-

470 518 571 570 tire
595 524 846 571 conatur.

542 608 801 677 Sequitur
850 620 1035 660 sermo
1092 603 1170 656 De
1225 603 1454 657 vanitate
1527 601 1709 655 mundi
1756 610 1807 655 et
1872 618 2051 657 resur-

472 700 698 753 rectione
736 705 1085 761 mortuorum,
1117 709 1279 763 quem
1316 710 1383 747 ex
1410 693 1635 759 antiquo
1679 692 1798 746 Aldi
1832 691 2050 746 Manutii
2098 726 2101 729 ι

472 791 663 845 Latino
699 789 885 844 codice
912 803 1016 841 ms.
1046 786 1215 841 edidit
1255 784 1539 854 Moguntina
1574 798 1719 837 anno
1756 781 1914 836 1604.
1948 782 2054 837 Ge-

473 883 663 938 rardus
694 881 915 937 Vossius
940 879 1276 949 Tungrensis
1316 878 1634 949 praepositus
1670 876 1813 930 inter
1844 873 2054 929 Miscet-

470 976 624 1029 lanea
645 983 947 1027 sanctorum
972 971 1213 1035 Patrum,
1237 967 1506 1039 Operibus
1531 968 1590 1023 S.
1608 965 1854 1037 Gregorii
1875 965 2054 1020 'l‘bau-

473 1067 706 1134 matnrgi
739 1065 1009 1135 subjecta.

546 1156 641 1211 llis
668 1172 832 1225 porro
879 1156 1087 1210 duobus
1125 1153 1260 1208 alios
1308 1151 1641 1206 attexuimns
1679 1164 1959 1205 sermones
1983 1165 2054 1204 xx

475 1246 550 1300 De
591 1246 872 1300 virtutibus
906 1253 957 1299 et
993 1244 1155 1307 vitiis,
1182 1244 1374 1297 breves
1404 1242 1522 1296 illos
1558 1242 1798 1307 quidem,
1824 1243 1915 1295 sed
1945 1256 2056 1296 cln-

472 1336 593 1391 lesti
623 1336 869 1391 doctrina
904 1334 1172 1401 refertos;
1218 1348 1357 1404 quos
1398 1333 1468 1389 ad
1515 1333 1657 1389 ﬁlios
1695 1350 1824 1389 suos
1870 1349 2055 1388 mona-

472 1428 607 1483 chos
645 1438 868 1483 sanctus
896 1425 1060 1483 Pater
1093 1426 1350 1481 habuisse
1384 1427 1635 1482 traditur.
1684 1423 1793 1482 Eos
1834 1441 1963 1482 vero
1988 1442 2055 1481 ex

476 1534 578 1573 ms.
623 1519 815 1574 codice
854 1517 1091 1572 Arabico
1124 1515 1318 1571 Latine
1357 1518 1745 1586 interpretatus
1771 1527 1854 1571 est
1883 1516 2054 1569 Abra-

476 1612 668 1666 bumus
704 1609 1066 1666 Ecchellensis
1108 1609 1402 1675 Maronita,
1456 1624 1688 1680 cumque
1735 1610 1860 1664 aliis
1907 1606 2059 1663 Chri-

475 1703 666 1758 stianae
696 1703 913 1773 pietatis
944 1702 1309 1756 monumentis
1339 1716 1464 1756 mox
1490 1702 1880 1757 enumerandis
1903 1700 2057 1755 Pari-

476 1794 574 1849 siis
598 1792 865 1863 evulgavit
898 1805 1042 1846 anno
1078 1790 1236 1845 1646.
1265 1790 1399 1845 lllud
1428 1798 1609 1844 autem
1638 1789 1776 1843 scite
1804 1789 2058 1843 admOuet

479 1887 531 1939 in
560 1883 885 1940 Prmlalione
920 1884 986 1939 ad
1010 1885 1265 1940 lectorem
1296 1883 1542 1938 eruditus
1576 1882 1865 1952 interpres,
1897 1882 2060 1937 nullis

477 1979 695 2046 quidem
718 1979 1021 2032 rationibus
1049 1976 1319 2045 nullisque
1351 1975 1518 2030 certis
1555 1974 1883 2031 testimoniis
1911 1990 2060 2031 com-

478 2070 693 2139 probari
729 2085 909 2138 posse,
956 2069 1070 2123 haec
1099 2052 1314 2136 aliaque
1340 2065 1605 2134 ejusmodi
1635 2065 1936 2136 spiritualia
1961 2066 2059 2120 do-

478 2170 730 2216 cumenta
767 2159 936 2215 fuisse
993 2176 1023 2214 a
1072 2159 1419 2215 sanctissimo
1462 2159 1657 2213 abbate
1707 2158 1903 2213 litteris
1956 2167 2061 2211 tra-

478 2254 585 2308 dita
621 2294 637 2321 ,
702 2253 807 2309 nisi
868 2269 974 2307 una
1060 2254 1302 2308 omnium
1371 2251 1609 2308 Orientis
1675 2252 2057 2307 monachorum

480 2345 773 2402 traditione
795 2354 961 2416 atque
1001 2345 1294 2400 universali
1336 2360 1606 2402 consensu
1632 2361 1648 2399 :
1673 2360 1902 2415 quormu
1930 2359 2061 2398 sane

478 2440 723 2495 omnium
759 2454 1058 2494 concursus
1099 2438 1166 2492 ad
1213 2439 1630 2508 contingendam
1676 2436 1875 2506 aliquid
1911 2450 2062 2492 com-

478 2547 645 2587 mune
707 2529 1058 2600 impossibilis
1105 2543 1227 2584 esse
1283 2529 1544 2584 videtur:
1590 2528 1892 2598 praesertim
1936 2542 2059 2582 cum

477 2621 772 2679 orientales
831 2621 905 2677 illi
963 2621 1214 2676 monachi
1265 2621 1539 2674 variarum
1594 2619 1703 2674 sint
1751 2628 2059 2681 sectarum,

480 2715 751 2785 variaeque
795 2713 1022 2785 proinde
1071 2713 1441 2783 persuasionis
1487 2712 1665 2783 quoad
1706 2710 2058 2780 religionem;

481 2808 557 2873 uti
593 2815 721 2863 sunt
753 2805 1039 2870 Melcliitae,
1076 2804 1355 2869 Jacobitae,
1399 2802 1728 2868 Nestoriani,
1774 2800 2059 2872 Copbtitae,

481 2899 785 2969 Ethiopes,
821 2897 1098 2952 Maronitae
1136 2896 1357 2965 aliique.

483 3004 589 3091 Ν..
616 3006 825 3091 Septem
874 3007 1415 3091 Epistolzenprimunt
1447 3005 1771 3091 {Egyplialce
1817 3006 2060 3091 sc'ripttr,

2156 511 2233 564 vit
2289 508 2528 564 Colonia:
2554 521 2697 562 anno
2752 504 2891 560 1556
2960 504 3251 575 Dionysius
3306 503 3735 571 Cartbnsianus,

2154 598 2266 652 suis
2310 597 2363 651 in
2395 596 2564 650 libros
2592 592 2998 664 Areopagiticos
3030 595 3440 649 commentariis
3471 593 3736 663 adiectam

2157 690 2250 744 fol.
2289 689 2395 745 569
2429 705 2555 759 sqq.
2589 687 2796 743 Exinde
2827 701 2958 741 vero
2991 686 3159 742 semel
3204 688 3513 757 iterumque
3545 689 3739 757 prodiit

2154 782 2380 838 Basilete
2422 797 2549 835 ann.
2591 779 2752 842 1550,
2800 777 2940 833 1555
2984 787 3039 832 et
3077 777 3236 842 l569,
3272 793 3397 833 cum
3449 778 3503 832 in
3546 777 3739 832 Micro—

2153 874 2467 944 presbylico,
2502 883 2611 926 tum
2645 872 2699 926 in
2727 870 3250 940 Orthodoxographis
3278 869 3499 925 Heroldi
3527 880 3583 925 et
3604 870 3738 941 Gry-

2160 966 2259 1021 mei
2292 984 2307 1033 ;
2346 980 2558 1021 necnon
2618 965 2672 1019 in
2719 962 3063 1017 Bibliothecis
3099 959 3320 1016 Patrum
3347 960 3525 1017 Paris.
3550 960 3734 1016 Colon.

2155 1068 2210 1112 ct
2256 1056 2597 1127 Lugdunensi
2637 1076 2652 1111 :
2690 1056 2742 1111 in
2798 1056 2997 1125 quibus
3032 1066 3212 1111 tamen
3258 1069 3452 1110 omnes
3484 1053 3739 1123 Epistulae

2156 1148 2505 1213 Antonianae,
2536 1148 2582 1203 si
2619 1148 2845 1218 primam
2880 1147 3141 1217 excipias,
3183 1160 3466 1216 perperam
3509 1144 3582 1198 ad
3636 1146 3739 1199 Ar-

2155 1240 2377 1294 sinoitas
2408 1238 2588 1293 missae
2636 1236 2919 1304 feruntur;
2955 1252 3079 1293 cum
3119 1236 3450 1307 Hieronymo
3481 1246 3641 1301 teste,
3681 1246 3741 1289 ut

2158 1333 2318 1387 modo
2382 1330 2779 1392 intelleximus,
2848 1344 3010 1383 unam
3058 1329 3454 1392 tantummodo,
3511 1342 3741 1393 eamque

2156 1424 2499 1493 pra’cipuam,
2533 1421 2824 1477 Arsinoitis
2854 1420 3023 1476 fuisse
3059 1421 3369 1491 inscriptam
3398 1430 3743 1489 compertum

2157 1516 2229 1569 sit
2260 1535 2273 1571 :
2299 1523 2494 1584 estque
2532 1512 2796 1580 secunda,
2819 1528 2939 1583 quae
2960 1512 3077 1568 sola
3110 1512 3162 1566 in
3195 1512 3599 1582 antiquioribus
3631 1513 3740 1565 edi-

2160 1605 2247 1669 tis,
2296 1604 2451 1660 nobis
2480 1603 2761 1674 inspectis,
2808 1605 2878 1658 ad
2921 1604 3220 1658 Arsinoitas
3270 1604 3438 1658 missa
3493 1602 3741 1671 perbibe-

2161 1706 2268 1749 tur.
2305 1693 2455 1763 Quod
2486 1696 2703 1766 quidem
2740 1702 2985 1749 erratum
3037 1695 3089 1749 in
3136 1693 3359 1747 Patrum
3400 1692 3741 1747 Bibliothecis

2089 1768 2488 1852 Boccurrens,
2546 1787 2754 1857 primus
2823 1786 3045 1856 agnovit
3104 1783 3529 1853 emendavitque
3590 1783 3741 1837 Biru-

2161 1879 2271 1934 rius
2299 1878 2396 1950 (g),
2428 1878 2517 1948 qui
2553 1889 2609 1934 et
2653 1878 2705 1931 in
2732 1892 2833 1933 suo
2868 1876 3081 1932 erudito
3119 1875 3193 1930 De
3231 1876 3388 1930 veteri
3424 1876 3740 1928 monacham

2157 1986 2323 2039 opere
2358 1980 2467 2026 tres
2522 1970 2732 2040 priores
2788 1968 3132 2023 Antonianas
3168 1966 3414 2022 exhibuit
3459 1965 3739 2036 epistolas,

2159 2063 2427 2132 simulque
2461 2062 2673 2116 illarum
2706 2075 2739 2115 e
2765 2062 2988 2132 regione
3030 2059 3427 2129 expositionem
3464 2059 3740 2128 apposuit.

2160 2154 2345 2225 Neque
2396 2155 2558 2211 aliter
2626 2157 2845 2210 demum
2917 2154 3073 2211 nobis
3130 2152 3394 2224 agendum
3468 2152 3742 2207 existima-

2161 2262 2356 2299 VIIIIIIS.

2161 2336 2228 2392 V.
2288 2336 2496 2391 Harum
2547 2334 2912 2405 Epistolarum
2963 2334 3294 2404 prwstantia.
3350 2332 3473 2399 Quo
3520 2342 3743 2402 tempore

2833 2425 3065 2493 scripta'.

2232 2517 2339 2573 Sed
2368 2517 2496 2573 illud
2534 2518 2714 2587 potius
2740 2519 2949 2574 relerre
2978 2516 3203 2588 juverit,
3238 2515 3381 2587 quod
3419 2515 3582 2571 nobis
3612 2517 3742 2571 edis-

2163 2612 2295 2667 serit
2317 2611 2385 2667 de
2411 2612 2495 2667 bis
2527 2611 2781 2682 Epistolis
2809 2612 3019 2680 primus
3044 2625 3233 2664 earum
3266 2610 3447 2665 editor
3476 2610 3739 2679 Cbampe.

2164 2705 2277 2761 rius
2311 2705 2364 2760 in
2406 2705 2629 2776 epistola
2659 2703 2878 2760 Hectori
2918 2703 3067 2758 Dallo
3104 2703 3247 2758 sedis
3280 2702 3595 2772 apostolicae
3623 2716 3743 2772 pro-

2166 2796 2437 2853 toootario
2477 2797 2759 2866 inscripta,
2799 2810 3018 2865 suaque
3077 2794 3303 2849 editioni
3350 2794 3599 2865 praeﬁxa.
3655 2794 3742 2849 Sic

2166 2887 2332 2958 igitur
2369 2887 2504 2942 ille:
2550 2886 2743 2956 Accepi
2786 2887 3023 2951 tandem,
3067 2884 3263 2955 inquit,
3297 2901 3431 2954 quas
3470 2886 3567 2938 diu
3606 2886 3739 2939 desi-

2163 2980 2344 3034 deravi
2376 2997 2409 3033 a
2454 2992 2503 3034 te
2550 2979 2776 3045 litteras,
2823 2993 3038 3049 cumque
3081 2978 3160 3032 his
3202 2978 3361 3032 simul
3413 2979 3523 3031 divi
3568 2976 3740 3032 Patris

554 3069 838 3159 deinde-ea:
862 3069 1337 3170 versioue‘Gra-cq)
1359 3069 1552 3160 Latine
1566 3069 1825 3170 redditae.
1856 3069 2060 3131 Earum
2086 3112 2131 3170 ϐ
2166 3072 2381 3127 Antonii
2414 3069 2690 3142 Epistolas
2734 3081 2947 3140 septem,
2974 3086 3105 3140 quas
3132 3086 3283 3125 sacer
3324 3072 3632 3125 Theodorus
3667 3084 3740 3123 ta-

556 3149 849 3203 auctoritas
884 3149 1241 3217 comprobata.
1292 3146 1577 3203 Recensin
1614 3148 1886 3203 editiones.

556 3240 849 3296 Sermones
886 3239 1165 3310 excipiunt
1201 3238 1490 3309 Epistolw;
1545 3255 1773 3310 quarum
1830 3251 2018 3311 septem
2043 3283 2059 3309 ,

485 3332 815 3403 Hieronymo
855 3342 993 3389 teSte
1023 3333 1099 3403 (a)
1123 3374 1140 3399 ,
1179 3333 1452 3404 apostolici
1471 3349 1652 3387 sensus
1672 3335 2026 3404 sermonisque
2046 3376 2060 3401 ,

485 3426 627 3480 misit
673 3424 941 3481 Antonius
988 3423 1307 3496 Egyptian
1348 3424 1417 3478 ad
1467 3425 1680 3479 diversa
1723 3426 2061 3491 monasteria,

484 3517 539 3570 in
575 3515 812 3571 Grtecam
841 3517 1079 3587 linguam
1116 3517 1371 3585 deinceps
1401 3517 1725 3584 translatas;
1766 3529 2067 3587 earumque

484 3610 753 3679 prtecipua
785 3619 860 3664 est
905 3610 975 3663 ad
1008 3608 1334 3663 Arsiuoitas.
1366 3606 1698 3678 Hieronymo
1729 3609 1938 3664 accedit
1965 3625 2065 3664 au-

483 3710 607 3754 ctor
629 3698 852 3755 Graecus
882 3699 1124 3754 incertus
1165 3695 1239 3752 De
1278 3697 1435 3766 gestis
1471 3707 1518 3751 et
1559 3698 1727 3752 verbis
1763 3696 2063 3765 Seniorum,

486 3792 642 3860 cujus
671 3805 807 3861 opus
836 3796 1085 3846 recenset
1127 3788 1354 3844 Pbotius
1380 3788 1487 3861 (b):
1541 3797 1825 3860 exstatque
1873 3789 2067 3847 Latine

490 3882 731 3937 redditus
764 3882 858 3953 (c),
907 3883 1203 3950 interprete
1246 3882 1463 3953 Pelagio
1497 3881 1556 3937 S.
1613 3883 1677 3936 Β.
1710 3882 1772 3938 Ε.
1818 3884 2064 3951 diacono,-

488 3974 557 4027 de
577 3988 686 4042 quo
702 3973 872 4041 deque
889 3973 1006 4042 ejus
1023 3972 1274 4027 versione
1293 3974 1455 4028 verba
1480 3972 1610 4028 facit
1629 3974 1943 4045 Sigebertus
1962 3976 2062 4045 (tl).

374 4084 387 4091 ι
489 4063 584 4120 Sic
623 4064 807 4133 itaque
834 4079 1133 4136 anonymus
1174 4064 1265 4120 ille
1308 4065 1545 4133 scriptor
1575 4064 1685 4135 (e):
1719 4065 1864 4120 Dixit
1907 4067 2066 4122 abbas

492 4155 751 4209 Antonius
774 4173 792 4210 :
828 4153 1063 4211 /Estimo
1092 4157 1232 4226 quod
1282 4154 1470 4209 habeat
1507 4172 1696 4224 corpus
1738 4167 1937 4211 motum
1977 4177 2071 4213 ua-

490 4246 715 4303 turalem
737 4264 1068 4317 conspersum
1099 4249 1153 4303 in
1192 4265 1268 4313 se,
1303 4259 1406 4303 etc.
1439 4248 1537 4314 Qui
1563 4248 1776 4318 quidem
1809 4249 1956 4305 locus
1982 4250 2067 4304 in-

492 4352 642 4411 teger
678 4341 916 4396 occurrit
944 4341 997 4396 in
1032 4340 1272 4412 Epistula
1311 4339 1690 4408 lA‘ntoniana,
1742 4339 1770 4412 §
1804 4341 1859 4405 4,
1898 4351 1957 4396 ut
2000 4344 2065 4397 ad

2164 3167 2267 3220 tius
2290 3164 2592 3218 monasticw
2610 3162 2951 3235 archipra'sul
2969 3163 3481 3227 communicaverat;
3509 3181 3739 3233 —quas-

2164 3275 2262 3330 que
2289 3275 2395 3313 una
2421 3268 2469 3312 et
2505 3256 2822 3327 Egyptian
2856 3258 3098 3325 scriptas,
3132 3266 3182 3310 et
3218 3253 3397 3311 (ἕν-ατε
3433 3258 3740 3325 interpreta-

2166 3363 2275 3420 tas,
2304 3367 2467 3422 nuper
2495 3368 2614 3407 vero
2659 3368 2691 3404 a
2729 3349 2943 3405 Valerio
2995 3348 3212 3405 Sarasio
3268 3349 3458 3406 Latine
3498 3355 3737 3419 scriptas,

2164 3443 2235 3497 ad
2264 3458 2346 3497 me
2380 3442 2594 3496 misisti.
2628 3440 2870 3507 Quarum
2898 3442 3277 3509 grauitatemne
3316 3458 3386 3496 an
3431 3443 3737 3497 suavitatem

2165 3536 2284 3600 plus
2314 3534 2574 3599 admirer,
2623 3534 2815 3589 nescio.
2870 3531 3116 3602 Namque
3164 3534 3433 3602 aptissime
3474 3534 3739 3588 exorditur

2174 3626 2461 3692 Antonius,
2513 3627 2687 3681 lucide
2724 3626 3096 3696 prophetarum
3133 3637 3312 3680 narrat
3354 3628 3630 3691 historias,
3664 3628 3739 3680 in-

2166 3721 2300 3775 vehit
2342 3721 2556 3787 acriter,
2600 3720 2744 3774 varie
2788 3730 2979 3785 ornat,
3026 3720 3311 3789 artiﬁciose
3336 3720 3735 3788 complectitur:

2167 3824 2277 3866 tam
2308 3820 2448 3882 apte,
2480 3821 2589 3867 tam
2620 3825 2823 3879 ornate,
2872 3822 2979 3866 tant
3024 3813 3249 3882 copiose,
3291 3823 3399 3865 tam
3445 3814 3661 3882 pulchre
3687 3814 3736 3865 in

2170 3904 2425 3974 Epistolis
2458 3907 2627 3960 oravit
2682 3907 2962 3961 Antonius.
2996 3904 3136 3971 Quid
3159 3904 3258 3959 hac
3298 3905 3600 3960 Antoniana
3628 3923 3737 3959 ora-

2167 3997 2306 4050 tione
2336 3996 2617 4066 perfectius
2643 3997 2667 4049 ?
2706 3996 2832 4065 quid
2863 3997 3198 4049 absolutius?
3220 3996 3334 4059 quis
3372 3996 3603 4051 modus?
3631 3997 3736 4064 quis

2168 4080 2339 4141 ordo?
2378 4083 2688 4155 Nunquam,
2739 4087 2811 4138 mi
2856 4084 3074 4149 Hector,
3109 4101 3253 4154 teque
3285 4084 3575 4139 delectatus
3608 4102 3733 4142 sum.

2171 4175 2441 4230 Hactenus
2476 4175 2583 4231 ille.

2239 4265 2349 4322 Has
2378 4279 2557 4322 autem
2602 4266 2871 4338 Epistolas
2915 4267 3200 4339 scripsisse
3247 4268 3585 4338 comperitur
3617 4268 3732 4322 bea-

2172 4360 2411 4417 tissimus
2441 4363 2629 4429 abbas,
2664 4378 2786 4418 cum
2811 4371 3077 4433 provectre
3107 4363 3394 4416 admodum
3432 4373 3582 4419 esset
3621 4373 3735 4417 mla-

487 4448 610 4489 eum
645 4432 823 4490 locum
858 4434 1183 4491 monuimus.
1241 4434 1435 4504 Ecquis
1488 4449 1651 4505 porro
1687 4434 1813 4505 jure
1854 4434 2060 4491 dubitet

2168 4451 2255 4515 tis,
2308 4459 2365 4506 ut
2404 4452 2634 4521 ipsemet
2675 4432 2958 4523 prolitetur
3015 4454 3100 4509 his
3137 4454 3315 4508 verbis
3341 4452 3464 4524 (h):
3522 4454 3668 4508 Unde
3692 4459 3735 4507 et

488 4524 560 4581 de
612 4524 805 4581 barum
860 4524 1223 4591 Epistolarum
1268 4525 1609 4593 sinceritate,
1664 4534 1741 4580 tot
1795 4528 2064 4595 tantisque

490 4620 719 4677 testibus
761 4620 1101 4677 confirmata.
1144 4620 1237 4675 Sic
1271 4619 1443 4676 ferme
1473 4618 1720 4675 Bivarius
1759 4618 1862 4689 (Ῑ),
1895 4635 1924 4673 a
1957 4634 2064 4689 quo

492 4729 601 4769 uno
632 4713 749 4769 haec
778 4711 1108 4781 accepimus,
1139 4710 1509 4778 Tillemontio,
1543 4709 1799 4765 Fabricio
1832 4709 2064 4779 aliisque

493 4804 624 4859 viris
651 4804 879 4859 eruditis
916 4803 1075 4874 plane
1107 4803 1463 4874 incomperta.

563 4897 673 4954 Has
706 4909 885 4954 autem
916 4910 1123 4968 septem
1158 4897 1426 4961 Epistolas
1460 4911 1604 4953 nunc
1628 4907 1837 4952 tantum
1874 4896 2066 4951 Latine

494 4989 774 5053 habemus,
794 5007 827 5049 e
845 4990 1035 5047 Grmco
1058 4991 1293 5046 redditas
1313 5005 1343 5043 a
1367 4988 1581 5044 Valerio
1602 4988 1851 5056 Sarasio;
1879 4992 1963 5045 cui
1985 4999 2066 5044 ta-

495 5097 618 5136 men
657 5081 709 5135 in
741 5097 836 5135 sua
867 5082 1000 5136 satis
1027 5080 1258 5148 implexa
1292 5080 1739 5147 interpretatione
1763 5095 1848 5135 res
1878 5096 2067 5150 parum

493 5172 722 5228 feliciter
781 5172 969 5227 cessit.
1036 5172 1301 5225 Caeterum
1357 5169 1660 5224 versionem
1718 5168 2062 5227 Sarasianam

493 5266 700 5334 primus
727 5263 996 5333 evulgavit
1026 5263 1246 5319 Parisiis
1288 5278 1429 5317 anno
1465 5261 1604 5317 1515
1636 5261 2064 5332 Sympborianus

564 5385 641 5461 (a)
678 5385 898 5461 ljieron.
933 5387 1130 5461 Detur.
1169 5387 1365 5445 illustr.
1398 5405 1518 5461 cap.
1554 5389 1642 5445 88.

596 5460 645 5522 b)
684 5456 912 5512 Pbotius
953 5458 1089 5510 Bibl.
1133 5461 1248 5513 cod.
1286 5461 1404 5517 198.

570 5459 638 5599 lc)
678 5526 795 5599 Lib.
822 5543 860 5599 7v
900 5527 974 5599 De
1020 5526 1147 5582 i’itis
1186 5528 1404 5585 Patrum

570 5526 638 5599 (τ)
678 5526 795 5609 Lib.
834 5543 860 5578 v
900 5527 974 5581 De
1020 5526 1147 5610 Vitis
1186 5528 1429 5585 Patrum.

566 5600 644 5682 id}
688 5597 871 5682 Sigeb.
903 5598 983 5682 lle
1013 5612 1194 5682 script.
1224 5601 1349 5682 eccl.
1383 5616 1501 5682 c_ap_.
1541 5602 1659 5682 Ilii.

563 5669 854 5796 (ἕέϐΑηηη.
898 5669 1182 5725 (ἐν.1ἑὺειι.
1226 5688 1252 5725 v
1324 5672 1350 5742 §
1394 5672 1442 5738 l,
1476 5673 1526 5726 in
1565 5671 1673 5728 Vit.
1708 5670 1822 5727 PP.
1868 5674 1961 5728 lib.
2018 5691 2065 5739 ι’,

490 5758 547 5812 p.
681 5778 695 5793 .

2166 4556 2258 4610 ego
2307 4558 2509 4612 quoque
2535 4543 2849 4597 deterrimus
2882 4545 2971 4613 qui
3014 4546 3147 4598 hanc
3175 4544 3429 4612 descripsi
3451 4547 3730 4613 epistolam,

2167 4632 2562 4702 expergefactus
2595 4652 2628 4688 a
2667 4636 2984 4690 dormitione
3033 4636 3236 4704 mortis,
3285 4636 3579 4706 plurimum
3615 4636 3733 4691 illud

2168 4722 2417 4788 temporis
2467 4724 2605 4793 quod
2676 4724 2807 4778 mihi
2866 4725 2968 4793 {uit
3038 4740 3191 4793 super
3261 4734 3501 4786 terram.
3547 4728 3731 4797 factum

2170 4809 2413 4864 existimo
2444 4813 2641 4867 luctum
2683 4826 2730 4868 et
2760 4816 2964 4885 ﬂetum,
3006 4826 3112 4872 etc.
3147 4815 3298 4884 Quod
3328 4819 3525 4875 iterum
3554 4820 3731 4875 conﬁr-

2169 4914 2304 4971 mat,
2341 4908 2465 4958 dum
2505 4905 2693 4959 Arium
2729 4920 2759 4960 e
2807 4907 3043 4963 tenebris
3075 4910 3275 4965 mundo
3311 4911 3623 4977 emersisse,
3664 4909 3730 4960 vi-

2166 5010 2365 5066 rusque
2408 5011 2567 5053 suum
2618 4997 2896 5053 ellundere
2935 5000 3047 5067 jam
3094 5001 3323 5070 coepisse
3380 5010 3629 5067 testatur,
3662 5000 3727 5053 sic

2167 5088 2420 5160 inquiens
2453 5089 2518 5161 (i)
2545 5106 2558 5144 :
2608 5088 2685 5143 De
2711 5087 2843 5143 Ario
2888 5106 3007 5144 vero
3039 5092 3129 5162 qui
3174 5092 3227 5144 in
3269 5090 3596 5146 Alexandria
3625 5107 3726 5145 sur-

2173 5181 2327 5246 rexit,
2383 5187 2433 5233 et
2474 5180 2701 5249 loquitur
2747 5178 2923 5233 aliena
2969 5183 3123 5234 verba
3160 5181 3225 5234 de
3281 5178 3582 5251 Unigenito.
3634 5188 3721 5233 etc.

2173 5271 2315 5338 Quin
2343 5271 2507 5325 etiam
2544 5272 2864 5341 rogantibus
2890 5270 3159 5342 episcopis
3196 5281 3249 5326 et
3281 5271 3541 5327 fratribus
3566 5269 3722 5328 omni-

2243 5396 2309 5464 (Ῑ)
2350 5395 2526 5453 Bivar.
2559 5392 2638 5449 De
2682 5403 2784 5448 vet.
2825 5393 3063 5446 monach.
3107 5391 3203 5448 lib.
3235 5406 3292 5445 In
3316 5430 3331 5456 ,
3380 5407 3499 5463 cap.
3534 5392 3587 5453 2,
3617 5390 3645 5463 ς
3677 5390 3717 5454 5,

2173 5484 2223 5535 ν’
2245 5466 2437 5607 Egilia.
2469 5534 2599 5590 ibid.
2639 5549 2763 5607 pag.
2792 5532 3041 5607 sorsqq.

2245 5602 2321 5744 Eli)
2361 5607 2561 5661 Anton.
2604 5602 2767 5672 epist.
2798 5604 2853 5667 3,
2889 5602 2919 5675 §
2954 5602 3004 5658 5.

2269 5678 2305 5744 ἱ)
2348 5678 2422 5732 ld.
2452 5676 2609 5744 epist.
2635 5675 2691 5739 8,
2723 5675 2824 5729 sub
2853 5674 2946 5728 lin.

2269 5675 2308 5747 ἱ)
2348 5678 2422 5732 ld.
2452 5676 2609 5751 epist.
2635 5675 2691 5739 8,
2723 5675 2824 5729 sub
2853 5675 2946 5728 lin.
