3860 6318
168 312 274 365 957

1288 320 1344 375 S.
1392 322 1674 379 ANTONII
1714 326 1783 383 Μ,
1824 328 2115 387 ABBATIS
2158 332 2337 388 \‘lTA.

3335 335 3440 395 933

169 428 268 483 bus
296 426 683 485 Alexandriam
733 432 887 501 petiit
926 442 982 487 ttt
1025 434 1258 491 Arianos
1293 438 1619 507 confutaret,
1667 445 1757 512 qui
1790 448 1833 502 Α
1865 451 2038 501 monis
2082 448 2323 518 episcopi
2358 444 2600 515 Epistula
2626 446 2694 500 ad
2749 445 3089 516 Theophilum
3123 448 3443 503 Alexandri-

169 534 351 575 secum
389 520 603 576 sentire
636 523 934 578 Antonium
966 526 1394 596 mentiebantur,
1430 541 1539 584 uta
1569 542 1760 587 sancto

168 610 471 667 Athanasio
508 614 790 668 erudimur
826 614 927 686 (a).

173 702 439 777 VLAAiiar
485 705 841 777 subjiciuntur
890 706 1157 777 Epistolas
1211 706 1309 764 XX
1342 752 1355 773 ,
1410 727 1475 766 ex
1531 713 1758 767 Arabico

234 775 304 853 ab
337 776 649 831 Abrahamo
679 775 1012 853 Ecehelleusi
1034 778 1320 853 Latinitate
1351 784 1564 853 donata:
1584 798 1604 837 :
1630 799 1759 853 quas

236 846 402 917 inter,
447 855 641 914 septem
693 847 898 913 priores
947 851 1351 913 comprehensae.
1412 852 1553 917 Quid
1593 846 1658 907 de
1695 856 1761 908 iis

236 916 473 995 sentiant
524 917 740 973 eruditi.
797 918 927 984 Qua:
979 918 1183 990 reliqua
1231 932 1385 989 sunt,
1434 916 1618 992 paucis
1666 942 1757 978 ex-

236 997 434 1048 posita.

241 1079 593 1148 Subjecimus
620 1086 878 1149 praeterea
918 1080 1189 1150 Epistolas
1217 1099 1309 1151 xx,
1342 1099 1479 1155 quas
1512 1100 1579 1143 es
1623 1088 1760 1140 Ara-

170 1168 294 1225 bico
380 1168 660 1226 transtulit
723 1171 1000 1243 ediditque
1085 1174 1312 1231 Parisiis
1410 1191 1557 1231 anno
1624 1177 1755 1232 1641

170 1261 332 1315 modo
381 1259 635 1316 laudatus
670 1261 1012 1318 Abrahamus
1055 1262 1421 1322 Ecchelleusis
1472 1267 1758 1324 Maronita.

171 1350 377 1405 llarum
411 1359 619 1420 septem
653 1350 865 1421 priores
889 1354 1093 1409 eaedem
1128 1364 1254 1410 sunt
1285 1369 1409 1412 cum
1445 1358 1533 1425 iis,
1572 1361 1762 1416 ordine

170 1447 353 1492 tamen
388 1437 625 1505 inverso,
665 1439 732 1494 de
757 1440 955 1510 quibus
1004 1441 1165 1498 modo
1211 1458 1520 1501 sermonem
1568 1448 1762 1503 habui-

171 1545 311 1584 mus.
374 1529 576 1586 Verum
636 1530 758 1587 illas
806 1547 1023 1602 quoque
1087 1534 1232 1591 haud
1272 1539 1762 1606 pratermittendas

171 1620 639 1685 existimavimus,
681 1636 749 1678 eo
802 1624 854 1679 itt
900 1625 1090 1695 primis
1131 1628 1351 1685 nomine
1397 1632 1539 1699 quod
1588 1631 1763 1687 Arabs

171 1711 454 1781 interpres
490 1729 599 1783 pra:
622 1714 836 1781 Graeco,
864 1716 947 1770 vel
986 1718 1031 1772 si
1081 1719 1276 1787 mavis,
1319 1723 1462 1790 quod
1499 1724 1763 1790 posterior

1864 554 2009 602 num,
2039 537 2117 591 De
2170 539 2563 592 conversatione
2622 546 2669 590 et
2713 537 2820 589 vita
2893 535 2997 592 SS.
3066 537 3339 594 Pacloomii
3392 550 3440 593 ct

1865 624 2145 693 Theodori,
2182 642 2341 696 quam
2374 641 2439 681 ex
2476 642 2577 681 ms.
2610 627 2796 682 codice
2836 626 3150 681 Florentino
3185 628 3237 681 in
3268 629 3441 682 lucent

1861 715 2043 770 ctnisit
2083 715 2432 771 doctissimus
2480 716 2883 786 Papcbrochius
2934 716 3029 788 (c).
3085 718 3158 771 Ea
3202 704 3330 772 vero
3363 720 3443 773 in—

1863 805 2119 860 scribitur
2146 806 2433 862 Theodoro
2456 808 2598 862 beati
2642 807 2831 863 Orsisii
2864 812 3187 874 successori,
3215 810 3443 878 scripta-

1862 911 1967 966 que
1991 897 2303 966 perhibetur
2339 913 2483 954 anno
2533 897 2641 955 553
2672 910 2765 954 aut
2797 901 2902 955 554
2937 900 3039 970 (ά),
3078 916 3199 955 cum
3232 901 3444 956 scilicet

1864 1003 2064 1044 annum
2088 989 2230 1044 ultra
2257 990 2613 1046 centesimum
2637 1004 2822 1061 ageret
2848 992 3228 1047 sanctissimus
3252 992 3439 1048 abbas.

1936 1080 2162 1151 Reliqua
2201 1096 2365 1152 porro
2417 1098 2539 1151 qua:
2590 1082 3012 1153 subsequuntur,
3045 1097 3113 1137 ex
3141 1081 3441 1139 Parisiensi

1861 1174 2099 1232 editione
2136 1190 2262 1229 ann.
2318 1174 2458 1231 {646
2502 1175 2701 1231 laudati
2738 1176 3028 1231 Abrahami
3086 1175 3444 1231 Ecchellensis

1862 1265 2213 1332 exhibemus;
2246 1267 2337 1336 qui
2383 1282 2446 1323 ea
2476 1268 2660 1322 omnia
2708 1267 2980 1322 transtulit
3015 1281 3083 1322 ex
3124 1283 3226 1322 ms.
3257 1268 3444 1323 codice

1862 1358 2095 1413 Arabico
2134 1359 2347 1431 collegii
2399 1359 2787 1415 Maronitarum
2827 1356 2892 1415 de
2928 1357 3097 1425 Urbe,
3135 1360 3276 1414 unde
3314 1359 3447 1428 Epi-

1861 1449 2023 1504 stolas
2070 1466 2287 1521 quoque
2331 1452 2638 1522 descripsit.
2690 1450 2984 1506 OmiSimus
3030 1462 3205 1506 tamen
3237 1450 3294 1506 S.
3337 1450 3448 1504 An-

1864 1544 2000 1597 tonii
2044 1541 2239 1611 Vitam,
2274 1560 2435 1613 quam
2489 1544 2630 1598 idem
2669 1543 2844 1599 editor
2869 1553 2924 1598 et
2956 1544 3225 1614 interpres
3252 1541 3444 1597 decer-

1862 1636 1970 1707 psit
2001 1650 2068 1692 ex
2107 1637 2295 1693 codice
2324 1636 2589 1707 inscripto
2616 1677 2633 1701 ,
2684 1634 2861 1691 Clavis
2900 1636 3080 1702 ianuae
3103 1636 3343 1704 paradisi
3383 1637 3447 1688 de

1863 1727 2020 1796 gestis
2050 1727 2424 1782 monac/torum
2454 1742 2475 1781 :
2508 1726 2708 1797 quippe
2745 1741 2867 1797 qua:
2910 1726 3155 1796 pluribus
3178 1740 3452 1780 commen-

172 1806 450 1875 interpres
491 1804 859 1863 Ecchellensis
909 1823 1019 1878 prae
1055 1808 1237 1880 priore
1298 1811 1542 1877 Sarasio,
1588 1815 1760 1869 sancti
1795 1795 1836 1851 θ
1867 1795 1936 1871 tis
1987 1817 2191 1873 referta
2239 1833 2359 1874 esse
2402 1795 2659 1873 noscatur
2701 1795 2794 1889 (ei.
2846 1795 3057 1872 Habent
3090 1832 3241 1881 sane,
3269 1816 3449 1884 judice

172 1894 354 1952 Patris
397 1898 697 1954 sententias
745 1899 1076 1957 luculentius
1120 1904 1462 1973 expressisse
1496 1905 1759 1961 videatur.

174 1986 255 2043 Ad
294 1988 631 2059 reliquarum
672 2001 857 2047 autem
898 1994 1159 2050 tredecim
1210 1997 1353 2066 quod
1414 1997 1606 2053 attinet
1644 2013 1765 2067 pre-

174 2081 334 2148 tium,
366 2097 463 2138 eas
490 2082 550 2137 B.
586 2083 807 2140 Antonii
833 2087 1047 2156 ingenio
1075 2087 1366 2158 divinaque
1395 2088 1515 2159 ejus
1544 2090 1755 2160 sapien-

1863 1910 2196 1966 Renaudotio
2237 1910 2341 1979 (ί),
2377 1910 2581 1964 Arabes
2610 1909 2905 1964 Christiani
2947 1908 3005 1964 S.
3050 1908 3272 1963 Antonii
3324 1908 3449 1962 vitm

1861 2003 2118 2057 historias
2159 2002 2452 2073 plurimas;
2506 2015 2629 2070 qua:
2682 2012 2885 2066 tamen,
2936 2009 2996 2055 ut
3035 2001 3221 2054 omnia
3276 1999 3449 2054 ferme

1860 2096 2064 2163 scripta
2093 2094 2380 2164 ejusmodi,
2415 2092 2612 2148 fabulis
2646 2092 3099 2163 inquinatissima:
3154 2101 3304 2157 sunt,
3348 2106 3449 2146 nec

172 2172 268 2240 tia,
312 2174 553 2231 hominis
587 2191 715 2232 vere
746 2176 1113 2242 θεοδιδάκτου.
1146 2181 1519 2252 dignissimas,
1552 2198 1616 2238 ac
1644 2183 1761 2252 ejus

1877 2190 2024 2244 illius
2053 2188 2236 2259 pretii.

172 2265 330 2321 vivos
383 2266 726 2324 characteres
791 2285 913 2326 esse
970 2279 1158 2327 censet
1233 2273 1607 2329 Combelisius.
1645 2276 1762 2345 (ὁ).

172 2356 366 2412 Tradit
388 2372 550 2428 porro
568 2357 933 2417 Ecchellensis
965 2361 1015 2415 in
1036 2360 1361 2417 Prmfatione
1387 2364 1454 2418 ad
1483 2362 1763 2432 lectorem,

172 2449 469 2505 Arabicam
529 2452 860 2517 versionem,
907 2462 967 2507 ut
1009 2452 1317 2523 aliquorum
1362 2454 1610 2510 codicum
1662 2456 1767 2512 l’ert

180 2540 388 2605 titulus,
426 2540 589 2596 fuisse
617 2541 934 2597 adornatam
965 2558 994 2598 a
1025 2544 1261 2613 quodam
1289 2545 1559 2601 monacho
1598 2545 1767 2617 Egy-

180 2633 312 2701 ptio,
346 2634 561 2688 nomine
584 2633 913 2703 Abrahamo,
958 2635 1198 2706 ejusdem
1236 2636 1537 2692 beatissimi
1583 2638 1763 2694 Patris

180 2725 491 2781 institutum
520 2727 830 2796 proﬁtente,
866 2728 1011 2785 circa
1050 2728 1255 2784 Christi
1298 2743 1502 2786 annum
1527 2730 1655 2786 800.

246 2816 347 2873 His
378 2819 610 2888 denique
654 2835 723 2875 xx
770 2821 1024 2891 Epistolis
1059 2820 1219 2874 aliam
1259 2821 1508 2878 addimus
1538 2838 1607 2878 ex
1629 2824 1763 2879 Amo

246 2949 330 3026 (ᾳ)
371 2949 721 3026 Atlta_n._i’it.
756 2952 815 3007 S.
850 2953 1040 3008 Anton.
1079 2953 1231 3026 §_69,
1259 2968 1381 3023 pag.
1424 2954 1550 3012 847.

249 3020 613 3094 (ὁ).βοιιιι›εἶ.
650 3023 880 3081 Recens.
913 3034 1057 3079 auct.
1081 3020 1526 3082 'Bibl.'co'ncion.
1558 3036 1688 3083 tom.
1720 3027 1761 3094 l,

179 3092 596 3287 ::i(‘ti)5£3pebr.
654 3162 770 3217 Act.
819 3165 917 3223 SS.
968 3165 1089 3221 Maii
1147 3176 1276 3221 toni.
1329 3167 1428 3234 Di,
1487 3184 1610 3241 pag.
1658 3169 1760 3234 70,

260 3252 292 3285 ΙΙ
321 3272 335 3287 ο
445 3270 459 3287 ο

1929 2278 2199 2335 (ἔπιθι-ωε]
2254 2277 2474 2333 Antonii
2518 2276 2694 2348 Magni
2725 2275 2960 2331 ascetica
3003 2291 3165 2346 opera
3220 2276 3447 2331 laudan-

1865 2379 1958 2427 tur
2035 2384 2256 2442 quoque
2307 2385 2337 2424 a
2400 2369 2608 2424 Thoma
2683 2369 2936 2439 episcopo
3004 2368 3305 2439 Margensi,
3355 2368 3447 2437 qui

1865 2464 2091 2536 Syriaco
2129 2477 2381 2518 sermone
2439 2460 2734 2516 Historiam
2792 2462 3142 2515 monasticam
3191 2461 3443 2529 scripsit,

1865 2554 2172 2626 claruitque
2230 2556 2332 2610 sub
2384 2552 2699 2608 Abrahamo
2747 2560 2801 2606 et
2850 2550 3158 2607 Theodosio
3215 2553 3449 2622 patriar-

1863 2646 1982 2702 chis
2010 2646 2208 2702 saeculo
2240 2661 2295 2700 ιχ
2345 2646 2594 2710 ineunte,
2658 2652 2717 2699 ut
2760 2653 2948 2700 auctor
2968 2652 3052 2700 est
3082 2644 3146 2698 V.
3183 2645 3244 2700 Ο.
3282 2644 3450 2699 Asse-

1838 2752 2059 2813 .mamls
2092 2736 2193 2810 (ρ).

1944 2958 2024 3030 (d)
2065 2957 2276 3014 'l‘illem.
2309 2957 2643 3030 Mématom.
2677 2958 2784 3023 Vlt,
2819 2972 2941 3027 pag.
2994 2967 3113 3011 .20.

1964 3028 2013 3097 ε)
2054 3030 2154 3094 Id.,
2184 3029 2221 3083 l.
2246 3044 2298 3084 c.
2328 3045 2447 3100 pag.
2479 3028 2600 3084 156.

1966 3095 2010 3168 Ῑ)
2050 3100 2291 3155 Renaud.
2329 3095 2466 3152 Hist.
2498 3099 2784 3167 patriarch.
2831 3108 2982 3152 Atex.
3016 3113 3136 3164 pag.
3178 3095 3267 3150 58.

1965 3177 2017 3238 g)
2058 3172 2268 3226 Assem.
2298 3168 2437 3223 Bibl.
2463 3168 2672 3224 Orient.
2713 3179 2844 3223 tom.
2882 3168 2980 3236 Ill,
3019 3177 3156 3236 part.
3192 3181 3244 3229 t,
3290 3180 3455 3234 pagg.

1870 3240 2000 3307 465,
2029 3240 2157 3294 501.

1941 3032 1961 3232 ἕ

188 3390 3432 3417 Μ

1072 3568 1192 3680 S.
1279 3566 1886 3683 ANTONII
1975 3566 2577 3681 ABBATIS

1666 3800 1912 3880 VITA
1948 3859 1970 3895 ,

703 3982 806 4043 Uti
842 3979 1105 4043 habetur
1140 3982 1207 4041 in
1243 3977 1709 4059 Martyrologio
1744 3979 2043 4059 Egyptio
2069 3980 2182 4042 sub
2214 3981 2314 4043 die
2344 3998 2474 4043 xm
2492 3981 2718 4043 mensis
2753 3979 2938 4043 Tuba.

264 4312 379 4367 Hac
424 4309 512 4366 die
560 4309 825 4379 requievit
868 4318 1110 4377 sanctus,
1137 4309 1338 4378 justus,
1377 4311 1529 4366 stella
1566 4310 1766 4367 deserti
1797 4313 1840 4371 C
1875 4307 1988 4362 haec
2041 4305 2224 4360 omnia
2280 4301 2568 4371 superabat
2626 4314 2730 4368 ope
2786 4275 2998 4353 Domini
3047 4297 3277 4363 Christi,
3343 4309 3464 4363 quae

193 4414 250 4460 et
290 4404 533 4460 omnium
573 4404 959 4459 monachorum
994 4403 1176 4473 Pater,
1210 4420 1437 4477 magnus
1482 4405 1775 4463 Antonius.

196 4495 324 4553 Erat
360 4508 581 4552 sanctus
614 4496 702 4552 hic
728 4511 796 4550 ex
832 4496 1020 4553 incolis
1053 4497 1282 4561 Caman,
1308 4513 1429 4568 quae
1460 4498 1560 4553 sita
1594 4506 1678 4552 est
1710 4499 1776 4553 ad

196 4598 403 4657 partem
440 4588 731 4644 australem
765 4586 1043 4657 Memphis,
1083 4588 1408 4644 Christianis
1457 4591 1772 4659 progenitus

196 4679 531 4749 parentibus.
570 4678 619 4734 Is
661 4680 846 4747 viginti
896 4679 1177 4748 completis
1207 4680 1383 4744 anuis,
1418 4695 1574 4735 sacro
1605 4680 1784 4750 bapti-

195 4783 374 4827 smate
401 4771 616 4827 ablutus
646 4782 749 4827 est.
777 4770 905 4829 Post
948 4772 1154 4827 obitum
1185 4784 1466 4844 parentum
1514 4788 1734 4827 suorum
1759 4816 1774 4839 ,

196 4864 430 4919 inﬁrmis
472 4872 527 4919 et
559 4865 884 4934 pauperibus
924 4880 1113 4920 omnes
1159 4881 1284 4922 suas
1316 4866 1559 4936 erogavit
1602 4865 1778 4920 facul-

196 4965 368 5021 tates;
408 4961 466 5010 et
510 4955 724 5011 unicam
773 4971 935 5025 quam
991 4956 1223 5011 habebat
1275 4972 1555 5024 sororem,
1608 4957 1781 5012 sacris

195 5046 502 5117 virginibus
534 5047 773 5102 tradidit.
816 5046 1144 5117 Religiosum
1186 5049 1385 5103 cultum
1427 5058 1485 5103 et
1527 5049 1774 5106 solitudi-

200 5150 322 5190 nem
362 5137 604 5207 apprime
628 5138 872 5203 amabat;
923 5138 1157 5193 nondum
1190 5140 1333 5194 enim
1370 5149 1500 5196 tunc
1538 5142 1780 5210 promul—

199 5238 384 5299 gatttm
419 5238 540 5281 erat
583 5230 936 5285 monacltatus
972 5244 1200 5296 nomen;
1244 5232 1336 5286 sed
1380 5232 1472 5299 qui
1500 5245 1560 5285 se
1597 5231 1651 5285 in
1690 5248 1780 5287 so-

199 5319 486 5375 litudinem
532 5320 783 5386 conferre
814 5323 1085 5388 volebant,
1130 5337 1232 5376 non
1269 5324 1425 5394 longe
1459 5309 1810 5380 accedebant

202 5430 231 5466 a
288 5414 504 5482 patria,
553 5421 613 5467 ut
662 5412 913 5483 religioso
969 5413 1135 5469 cultui
1189 5430 1407 5484 operam
1479 5427 1779 5479 navarent,

202 5506 661 5574 quemadmodum
712 5508 966 5576 praestitit
1010 5508 1165 5561 initio
1214 5524 1440 5575 magnus
1496 5510 1780 5565 Antonius.

205 5599 279 5653 lbi
333 5600 711 5668 oppugnabant
765 5614 887 5654 eum
946 5600 1138 5656 diaboli
1178 5612 1416 5671 torpore,
1469 5602 1651 5667 mdia,
1704 5603 1785 5671 pi-

205 5690 366 5762 gritia
394 5700 450 5745 et
481 5695 736 5761 Operibus
786 5695 1025 5762 peccati;
1072 5696 1503 5765 inducebantque
1536 5696 1609 5750 illi
1648 5696 1784 5766 tigu-

205 5798 327 5851 ram
360 5782 601 5841 mulieris
636 5784 795 5840 veluti
827 5801 949 5842 cum
979 5803 1042 5844 eo
1072 5789 1499 5853 concutnbentis.
1532 5787 1624 5846 llle
1655 5804 1783 5851 vero

1879 4412 2099 4468 semper
2133 4404 2334 4468 praesto
2371 4394 2444 4448 illi
2501 4400 2638 4447 erat.
2675 4391 2801 4445 Post
2842 4392 2956 4442 hac
3002 4387 3267 4454 quoddam
3311 4387 3465 4453 petiit

1882 4496 2323 4553 monumentum,
2362 4484 2736 4550 babitavitque
2785 4479 2879 4544 ibi,
2928 4478 3294 4547 maximopere
3340 4478 3466 4533 reli-

1878 4579 2054 4649 gionis
2091 4577 2327 4633 cultibus
2362 4589 2485 4630 sese
2527 4572 2746 4628 dedetis.
2777 4568 2906 4623 Loci
2950 4566 3180 4623 occlusit
3218 4567 3464 4637 januam,

1881 4672 2038 4728 amici
2090 4684 2220 4727 vero
2266 4683 2389 4725 eum
2442 4666 2579 4722 cibis
2640 4664 2966 4718 invisebant.
3020 4658 3173 4725 Quod
3219 4660 3466 4713 videntes

1881 4763 2081 4820 diaboli
2114 4761 2319 4817 invidia
2348 4764 2693 4822 exarserunt,
2724 4765 2780 4810 et
2813 4754 3175 4823 irrumpentes
3204 4752 3256 4806 in
3290 4752 3464 4820 ipsum

1882 4856 2069 4912 multis
2096 4853 2517 4922 crudelibusque
2553 4856 2881 4920 acceperunt
2915 4845 3157 4918 ﬂagellis,
3187 4853 3241 4901 et
3282 4846 3467 4913 jacen-

1886 4961 1992 5006 tem
2041 4949 2187 5004 humi
2224 4948 2580 5017 reliquerunt.
2630 4942 2919 4999 Venientes
2965 4952 3147 4994 autem
3196 4936 3382 5004 amici,
3411 4943 3468 4991 et

1882 5057 1947 5099 eo
1976 5044 2028 5098 in
2058 5051 2203 5099 statu
2236 5041 2387 5096 illum
2431 5036 2766 5107 reperientes
2808 5034 2861 5089 in
2902 5031 3189 5089 ecclesiam
3221 5039 3468 5097 asporte-

1882 5146 2097 5203 verunt,
2145 5137 2235 5191 ubi
2280 5134 2515 5190 sanitate
2546 5146 2670 5187 eum
2706 5129 2924 5185 donavit
2972 5128 3136 5182 Deus.
3167 5123 3271 5192 Qui
3310 5125 3356 5179 ir.
3410 5139 3469 5177 oe

1884 5247 2135 5288 reversus
2168 5229 2421 5302 praecepit
2464 5227 2560 5291 eis,
2611 5234 2669 5279 ut
2713 5226 2764 5279 in
2802 5224 3037 5294 priorem
3089 5221 3265 5277 locum
3299 5220 3470 5276 rete:-

1885 5338 2055 5384 retur.
2113 5325 2228 5382 Hoc
2285 5324 2784 5381 animadvertentes
2851 5320 3090 5383 diaboli,
3134 5317 3302 5374 variis
3365 5317 3469 5373 sub

1885 5422 2051 5477 larvis
2081 5432 2138 5476 et
2184 5404 2656 5491 pbantasmatibus
2701 5415 2775 5471 illi
2816 5430 2937 5471 sese
2979 5412 3324 5477 obtulerunt,
3364 5411 3468 5467 sub

1885 5514 2075 5568 turmis
2121 5511 2328 5568 scilicet
2359 5509 2619 5574 ferarum,
2663 5517 2722 5564 ut
2760 5508 3027 5578 luporum,
3062 5506 3302 5571 leonum,
3345 5503 3469 5557 (ΙΙ-ειν

1887 5622 2123 5668 conum,
2175 5614 2519 5675 serpentum,
2560 5602 2907 5673 scorpionum
2949 5615 3014 5655 ac
3062 5595 3364 5671 ejusmodi;
3416 5602 3471 5647 et

1892 5696 2097 5766 singula
2134 5695 2362 5751 istorum
2398 5694 2503 5746 vim
2550 5694 2820 5747 faciebant
2865 5692 2931 5745 ad
2981 5690 3129 5745 illum
3166 5684 3471 5755 deperdenv-

1894 5792 2039 5846 dum.
2068 5787 2184 5861 Ipse
2218 5803 2343 5849 vero
2374 5787 2652 5844 deridebat
2693 5801 2756 5840 ac
2816 5782 3072 5840 illudebat
3100 5792 3194 5834 eos
3236 5775 3426 5831 dicens
3448 5789 3469 5829 :
