3860 6316
459 260 564 324 931)

1571 268 1839 327 PATBES
1871 269 2170 327 REGYPTlI
2211 272 2482 333 SECULI
2521 277 2610 334 IV.

3627 291 3736 348 900

455 379 515 435 ,ςι
552 391 859 450 potestatem
912 392 1076 436 mtam
1109 384 1365 440 haberetis
1412 389 1467 440 in
1502 405 1601 454 me,
1641 407 1775 445 unus
1814 403 2036 447 vestrum
2066 395 2114 454 Α
2145 397 2463 472 ιοιιιιιεηῳιὶ
2500 397 2650 453 nihili
2681 413 2775 454 eas
2806 399 2994 464 duxit,
3017 402 3112 457 sed
3155 403 3418 461 fratribus
3438 407 3556 462 ait:
3597 409 3740 468 Ecce

461 479 590 534 italis
642 490 797 536 esset.
830 480 983 535 Tunc
1028 492 1204 536 autem
1250 481 1424 539 instar
1458 485 1589 540 fumi
1630 487 2034 558 dissipabantur

455 587 639 624 coram
666 587 758 638 eo;
786 585 837 626 et
866 573 1000 628 liber
1022 589 1052 627 a
1085 574 1426 640 passionibus
1452 587 1612 645 atque
1643 580 2033 636 tentationibns

455 662 788 718 ciliciebatur
817 681 830 718 :
862 674 916 719 et
951 665 1100 720 dedit
1141 668 1190 721 ei
1236 668 1380 722 Deus
1427 669 1812 726 auctoritatem
1848 671 2035 727 victri-

453 769 573 828 cem
620 755 880 812 adversus
920 757 1188 815 diabolos.
1226 758 1426 814 Panem
1466 761 1549 818 bis
1583 762 1634 817 in
1681 778 1824 819 anno
1864 763 2034 820 conﬂ-

454 847 633 904 ciehat
664 859 717 904 et
753 850 1015 917 torrebat,
1045 862 1103 907 ut
1142 853 1332 908 melius
1377 865 1818 912 conservaretur.
1851 855 2033 912 Nerui-

453 951 576 990 ;'.em
619 941 685 993 ad
733 955 792 994 se
841 941 1047 1010 ingredi
1080 945 1444 1012 permittebat,
1485 948 1580 1002 sed
1631 946 1764 1003 foris
1792 959 2032 1006 astantes

451 1030 616 1084 verba
647 1033 988 1102 excipiebant
1021 1034 1140 1104 ejus
1161 1036 1251 1105 qui
1275 1052 1340 1092 eo
1365 1039 1748 1096 adventabant.

526 1119 726 1194 Viginti
774 1140 1040 1182 annorum
1070 1130 1246 1199 spatio
1279 1131 1519 1186 sedulam
1559 1133 1691 1187 inibi
1723 1135 1872 1190 dedit
1909 1149 2032 1205 ope-

453 1228 569 1270 ram
615 1215 884 1286 religiosis
934 1219 1172 1277 cultibus
1201 1231 1255 1278 et
1292 1224 1571 1278 institutis.
1606 1225 1740 1280 Tum
1779 1229 2033 1297 princ-epit

452 1305 550 1374 ipsi
592 1306 867 1376 Dominus,
900 1320 957 1365 ιιι
989 1311 1264 1381 proﬁcuus
1294 1323 1439 1370 esset
1471 1317 1656 1387 generi
1693 1317 1950 1386 humano,
1979 1330 2032 1376 et

454 1389 704 1452 timorein
741 1397 834 1453 Dei
877 1415 942 1455 ac
984 1415 1169 1455 verum
1215 1402 1331 1471 ejus
1363 1403 1565 1461 cultum
1611 1408 1864 1463 edoceret
1909 1424 2027 1466 eos.

451 1486 630 1552 Quare
658 1488 710 1542 in
733 1487 956 1545 Phainm
981 1490 1257 1561 profectus
1277 1504 1464 1561 est;et
1482 1497 1571 1566 qui
1597 1500 1724 1555 inibi
1745 1512 1900 1556 erant
1921 1503 2030 1558 frao

453 1591 583 1646 tres,
611 1582 954 1641 conﬁrmavit
979 1603 993 1639 :
1016 1595 1069 1640 et
1101 1601 1349 1642 reversus
1369 1598 1452 1645 est
1474 1590 1541 1645 ad
1574 1605 1728 1646 suum
1761 1606 2032 1653 monaste-

455 1671 614 1726 rium.
663 1671 929 1743 Tempore
977 1679 1370 1743 persecutionis
1420 1691 1743 1753 martyrum,
1783 1691 2027 1759 martyrii

2143 489 2391 544 habemus
2421 489 2624 546 litteras
2660 489 2818 562 Regis
2864 509 3064 564 regum,
3090 513 3208 565 qua:
3243 515 3337 552 nos
3363 502 3605 570 quotidie
3629 507 3732 557 ad-

2140 594 2382 647 monent;
2405 592 2453 636 et
2494 600 2588 636 nos
2629 585 2779 638 nihili
2823 585 2947 639 illas
2981 587 3208 651 facimus
3237 601 3320 645 εει
3358 593 3495 662 regis
3532 599 3737 651 terreni.

2138 673 2428 743 gaudemus
2471 674 2700 731 litteris?
2733 676 2796 731 Et
2837 679 2927 732 vix
2977 679 3194 748 quidem
3241 697 3566 752 responsqu
3597 689 3728 743 dare

2139 766 2308 822 voluit
2339 767 2668 824 instantibus
2704 771 2983 837 fratribus,
3014 782 3072 827 et
3099 773 3446 830 dicentibus:
3484 775 3592 833 llic
3626 784 3727 832 im-

2137 869 2351 928 perator
2387 870 2461 914 est
2495 860 2689 928 iustus,
2738 855 2947 917 amator
2996 862 3267 921 Ecclesiw.
3313 865 3412 923 llis
3453 871 3723 930 adductus

2139 951 2227 1004 vix
2259 951 2501 1022 scripsit,
2533 962 2588 1007 et
2619 954 2826 1010 solatus
2854 964 2937 1010 est
2977 971 3126 1024 eum,
3154 973 3218 1012 ac
3253 957 3555 1016 benedixit.
3586 963 3721 1018 Cum

2136 1044 2426 1115 aliquando
2469 1046 2628 1101 taedio
2658 1046 2882 1104 affectus
2923 1059 3100 1114 esset,
3145 1049 3352 1106 audivit
3386 1067 3582 1108 vocem
3617 1057 3726 1111 sibi

2136 1137 2445 1193 dicentem:
2487 1136 2751 1208 Egredere
2784 1139 2951 1210 foras,
2989 1149 3044 1195 ut
3080 1141 3292 1209 videas;
3318 1154 3374 1200 et
3413 1159 3542 1200 cum
3577 1159 3724 1204 esset

2133 1241 2409 1298 egressus,
2457 1228 2589 1285 vidit
2631 1229 2882 1302 angelum
2919 1230 3054 1286 stola
3098 1232 3365 1299 indutum,
3409 1245 3467 1292 et
3500 1237 3722 1308 cingulo

2135 1321 2444 1376 accinctum
2475 1321 2828 1388 decussatim,
2861 1324 2952 1392 qui
2990 1324 3220 1380 formam
3254 1326 3532 1384 referebat
3571 1331 3720 1400 pallii

2135 1411 2460 1478 monastici,
2505 1421 2560 1468 et
2593 1413 2759 1484 capiti
2798 1414 2915 1484 ejus
2967 1415 3248 1483 cucullus,
3298 1429 3357 1473 ut
3401 1419 3563 1488 galea
3603 1432 3722 1476 erat

2133 1502 2449 1573 impositus;
2483 1513 2542 1560 et
2593 1505 2674 1560 sic
2721 1506 2920 1566 sedens
2969 1505 3098 1562 folia
3138 1509 3468 1566 contexebat
3506 1511 3719 1580 palma-

2135 1610 2293 1660 rum;
2330 1605 2440 1650 tum
2464 1595 2812 1665 surgebatad
2839 1598 3129 1666 orandum,
3157 1599 3466 1670 iterumque
3492 1603 3716 1658 sedebat

2131 1697 2187 1742 et
2225 1687 2568 1743 contexebat.
2599 1687 2664 1742 Et
2695 1689 2842 1746 venit
2877 1692 2945 1744 ad
2996 1690 3145 1746 illum
3199 1706 3302 1747 vox
3356 1695 3595 1751 dicens:
3628 1694 3714 1750 Ito

450 1770 817 1837 consequendi
851 1787 1107 1826 coronam
1161 1775 1396 1829 maximo
1432 1775 1698 1832 desiderio
1742 1777 2026 1848 ﬂagrabat.
2061 1761 2102 1816 Β
2133 1780 2239 1850 fac,
2266 1780 2492 1847 Antoni,
2538 1795 2582 1834 et
2629 1781 2881 1848 quiesces.
2933 1781 3143 1839 Exinde
3188 1793 3368 1840 autem
3420 1790 3716 1855 assumpsit

451 1857 693 1930 Eamque
716 1861 785 1917 ob
815 1877 1034 1919 causam
1066 1868 1397 1924 monasterio
1428 1869 1616 1925 relicto
1643 1873 2028 1932 Alexandriam

450 1954 751 2019 contendit,
778 1965 834 2010 et
874 1955 944 2010 ibi
977 1957 1153 2026 palam
1183 1957 1459 2016 Christum
1491 1972 1571 2018 est
1601 1964 1902 2031 confessus,
1932 1969 2028 2024 sed

451 2055 613 2097 nemo
653 2045 823 2100 tenuit
873 2045 1045 2102 illum.
1091 2047 1325 2106 Carcere
1367 2051 1611 2110 inclusos
1664 2071 1766 2125 pro
1810 2059 2030 2116 nomine

449 2134 650 2190 tlhristi
693 2136 946 2195 solandos
981 2141 1185 2196 adibat.
1230 2143 1363 2198 Cum
1410 2156 1590 2203 autem
1633 2150 1843 2206 videret
1892 2167 2029 2221 prte-

449 2228 644 2297 l‘ectus,
689 2246 850 2302 quam
888 2249 1078 2304 parum
1127 2235 1231 2292 sibi
1266 2237 1482 2295 timeret
1512 2241 1818 2310 Antonius,
1859 2245 2030 2302 edixit

448 2329 508 2374 nt
543 2321 722 2379 nullus
767 2327 1065 2385 monachus
1111 2329 1164 2384 in
1212 2331 1485 2400 pttblicum
1521 2334 1741 2402 prodire
1781 2337 2024 2396 auderet.

448 2410 518 2464 At
548 2412 636 2467 ille
674 2429 795 2471 sese
829 2417 1005 2486 palam
1047 2419 1097 2474 ci
1133 2419 1416 2487 offerebat,
1443 2434 1497 2478 et
1535 2423 1932 2495 alloquebatur,
1968 2439 2028 2486 ut

450 2502 590 2558 torte
637 2505 714 2560 ira
757 2511 1031 2576 percitus,
1080 2513 1365 2567 tormentis
1404 2513 1553 2568 illum
1599 2516 1926 2587 subjiceret,
1972 2530 2028 2576 et

441 2595 530 2665 _sic
559 2599 804 2667 martyrii
839 2615 1264 2670 consequeretur
1294 2603 1564 2672 lauream;
1609 2610 1704 2664 sed
1737 2626 1836 2667 nec
1862 2613 2028 2670 verbo

445 2687 663 2755 quidem
694 2690 867 2745 virum
903 2692 992 2747 Dei
1032 2693 1254 2750 olfendit
1283 2708 1376 2752 aut
1410 2699 1576 2765 lzusit,
1619 2705 1747 2772 quia
1796 2707 1848 2761 in
1886 2707 2027 2769 mul-

448 2789 624 2834 torum
667 2782 952 2838 utilitatem
989 2786 1162 2855 ipsum
1199 2790 1336 2844 Deus
1377 2797 1737 2849 conservabat
1781 2817 1793 2851 :
1829 2813 2025 2866 quam-

445 2867 635 2924 obrem
663 2871 843 2926 divina
882 2875 1286 2945 dispensatione
1317 2895 1471 2934 suum
1515 2887 1729 2952 repetiit
1757 2901 2023 2945 monaste-

447 2960 610 3016 rium.
642 2962 1042 3032 lndumentum,
1088 2983 1154 3023 ex
1195 2970 1317 3038 pilis
1349 2973 1528 3028 tunica
1567 2961 1704 3032 erat.
1738 2976 1872 3034 Toto
1903 2983 2024 3040 vita:

2132 1875 2234 1930 sibi
2295 1876 2540 1932 habitum
2594 1876 2744 1932 illum
2779 1879 2872 1947 qui
2922 1889 3008 1936 est
3065 1880 3282 1937 habitus
3337 1883 3707 1951 monasticus,

2131 1979 2460 2036 operamque
2506 1966 2635 2020 item
2671 1965 2824 2022 dedit
2869 1967 3172 2037 palmarum
3222 1971 3584 2026 contexendi:
3631 1972 3710 2026 fo-

2131 2057 2239 2122 liis,
2265 2074 2364 2114 nec
2405 2057 2637 2129 amplius
2673 2058 2889 2114 taedium
2929 2073 3216 2130 perpessus
3243 2070 3350 2116 est.

2205 2150 2281 2206 De
2308 2150 2566 2206 Ecclesiae
2597 2151 2904 2207 vastatione
2928 2165 3024 2220 per
3055 2151 3346 2208 luereticos
3377 2154 3714 2209 vaticinatus

2131 2250 2233 2308 est,
2272 2241 2515 2312 itemque
2559 2242 2625 2298 de
2654 2240 2770 2308 ejus
2802 2244 3141 2298 restitutione
3183 2243 3233 2298 in
3267 2244 3565 2314 pristimnn
3598 2258 3708 2302 sta-

2133 2343 2270 2390 tum.
2299 2334 2640 2390 Vaticinatus
2685 2350 2901 2404 quoque
2933 2345 3018 2392 est
3061 2336 3129 2392 de
3179 2338 3488 2403 monachis,
3521 2354 3709 2395 eorum

2130 2427 2474 2482 multitudine
2517 2434 2573 2482 et
2611 2437 2902 2496 augmento
2928 2467 2944 2490 ,
2991 2437 3046 2484 et
3079 2430 3352 2498 quomodo
3406 2432 3574 2488 urbes
3625 2435 3710 2488 iu-

2130 2518 2428 2575 babitaturi
2453 2527 2632 2580 erant,
2665 2518 2867 2575 relictis
2893 2520 3147 2576 desertis.
3172 2519 3517 2580 Vaticinatus
3543 2525 3711 2580 etiam

2127 2622 2211 2672 est
2241 2613 2309 2669 de
2341 2614 2812 2670 consummatione
2847 2615 3052 2670 sazcnti.
3083 2614 3199 2684 Ipse
3245 2614 3585 2673 Macharium
3615 2619 3708 2673 ha-

2131 2709 2246 2766 bitu
2285 2708 2462 2764 induit
2511 2708 2838 2775 monastico,
2867 2720 2920 2764 et
2944 2711 3281 2776 couSulatus,
3311 2725 3434 2781 qua:
3462 2712 3513 2768 ei
3546 2728 3709 2768 even.

2130 2812 2251 2858 tura
2290 2811 2448 2858 erant
2487 2802 2740 2874 pmdixit
2773 2803 2896 2873 ipsi.
2943 2801 3228 2859 Profectus
3279 2806 3444 2860 etiam
3491 2808 3561 2861 ad
3597 2823 3711 2861 ma-

2129 2913 2291 2966 gnum
2340 2896 2556 2952 Patrem
2597 2895 2658 2952 Β.
2702 2895 2962 2962 Paulum,
2998 2906 3052 2951 et
3091 2912 3276 2952 curam
3329 2899 3503 2969 gessit
3557 2914 3712 2969 sepe-

2129 2989 2290 3045 liendi
2321 2987 2439 3057 ejus
2481 3002 2700 3058 corpus,
2733 2989 2877 3058 quod
2913 2988 3198 3044 Athanasii
3244 2991 3472 3045 involvit
3523 2991 3703 3062 pallio.

444 3051 623 3162 spatio
659 3069 758 3109 nec
789 3071 927 3128 aqua
965 3059 1180 3128 quidem
1228 3077 1428 3132 corpus
1467 3066 1613 3122 lavit.
1657 3069 1903 3129 Molestia
1936 3078 2024 3131 ai—
2055 3105 2098 3162 ρ
2134 3083 2301 3135 Suum
2338 3051 2638 3137 discessum
2808 3082 3053 3152 requiem
3107 3084 3311 3137 instare
3358 3083 3704 3140 animadver-

447 3142 621 3199 fectus
653 3158 874 3216 propter
902 3149 1268 3221 frequentiam
1301 3157 1514 3215 illorum
1546 3164 1636 3231 qui
1674 3181 1741 3220 eo
1777 3171 2018 3225 conﬂue—

443 3235 576 3290 bant
603 3240 670 3292 ad
709 3241 1023 3312 excipienda
1067 3247 1186 3318 ejus
1215 3250 1571 3320 documenta,
1614 3272 1887 3316 annuente
1921 3263 2024 3319 Do-

444 3328 592 3384 mino
617 3329 668 3385 in
701 3333 973 3390 desertum
1003 3339 1229 3396 interius
1255 3359 1316 3398 se
1349 3348 1596 3403 contulit.
1630 3349 1707 3404 Eo
1739 3353 2018 3421 profectus

443 3431 525 3476 est
561 3437 680 3478 cum
715 3427 952 3482 Arabum
995 3435 1350 3500 quorumdam
1395 3441 1652 3496 comitatu
1703 3445 1865 3499 trium
1910 3447 2021 3503 die-

443 3527 562 3565 rum
598 3515 790 3571 itinere
827 3535 920 3586 per
969 3521 1278 3590 desertum,
1331 3529 1506 3585 donec
1547 3531 1756 3589 invenit
1792 3551 2020 3606 .aqnam,

441 3617 490 3658 et
525 3606 594 3660 ibi
625 3611 898 3677 constitit;
941 3615 1146 3672 Arabes
1181 3633 1314 3674 vero
1353 3620 1651 3678 ali'erebant
1693 3627 1765 3680 illi
1801 3645 2018 3698 panem.

443 3694 729 3766 Perplures
772 3715 928 3758 erant
970 3720 1036 3760 eo
1076 3707 1129 3761 in
1167 3711 1384 3768 deserto
1428 3715 1640 3774 feroces
1684 3694 1833 3790 ferae,
1880 3740 2017 3794 quas

441 3788 560 3855 ejus
605 3794 855 3859 precibus
899 3796 1023 3852 inde
1069 3801 1271 3869 expulit
1321 3804 1494 3872 Deus,
1539 3825 1637 3867 nec
1687 3788 1918 3885 amplius
1969 3819 2020 3873 iu

442 3882 572 3938 illud
630 3884 902 3942 desertum
967 3902 1094 3948 sunt
1159 3911 1405 3954 reversa.
1462 3882 1860 3964 Revertebaiur
1920 3911 2020 3966 ali-

442 3976 658 4043 quando
682 3978 748 4032 ad
781 3983 1020 4040 exterius
1049 3991 1455 4057 monasterium;
1501 4006 1555 4052 et
1590 3999 1788 4057 fratres
1821 4005 1912 4074 qui
1947 4005 2018 4060 ibi

444 4068 811 4139 morabantur,
845 4075 1104 4131 invisebat
1132 4091 1186 4134 et
1213 4085 1622 4155 consolabatur;
1657 4101 1766 4147 tum
1797 4068 2052 4154 interius.

444 4162 722 4229 repetebat
769 4170 1174 4225 niuriasterium.
1222 4174 1738 4250 Constantinopolim
1778 4185 1845 4240 ad
1877 4188 2022 4243 Con-

443 4253 740 4310 stantinum
794 4255 1045 4329 Magnum
1111 4264 1489 4334 imperatorem
1538 4273 1654 4341 ejus
1716 4276 1891 4332 delata
1941 4289 2022 4336 est

443 4344 611 4411 fama,
636 4348 726 4417 qui
759 4351 977 4420 scripsit
1007 4355 1251 4412 Antonio
1266 4360 1548 4429 epistolam
1573 4383 1676 4436 qua
1706 4368 1851 4426 illum
1878 4387 2024 4428 com-

2130 3183 2252 3227 tens
2276 3172 2570 3235 Antoninus,
2615 3181 2676 3225 ut
2708 3187 2908 3241 corpus
2938 3187 3094 3227 suum
3127 3174 3548 3240 absconderent,
3586 3175 3708 3228 ﬁliis

2126 3266 2239 3320 suis
2269 3267 2546 3335 prmeepit.
2582 3263 2859 3319 Mandavit
2887 3264 3076 3327 etiam,
3106 3264 3353 3319 baculum
3395 3281 3558 3321 suum
3585 3267 3695 3321 dari

2127 3357 2424 3424 Machario,
2470 3370 2674 3412 vestem
2730 3357 3011 3428 pelliceam
3065 3358 3399 3421 Athanasio.
3441 3368 3500 3413 et
3549 3360 3705 3414 Sera-

2127 3451 2270 3520 pioni
2335 3449 2614 3519 pelliceam
2674 3449 2950 3505 melotam.
3006 3449 3163 3504 llmni
3218 3451 3400 3520 itaque
3446 3458 3702 3505 extensus

2125 3544 2377 3614 spiritqu
2426 3543 2666 3609 tradidit,
2713 3552 2768 3598 et
2800 3543 3116 3613 angelorum
3163 3557 3226 3597 ac
3266 3552 3582 3597 sanctorum
3612 3543 3704 3596 ob-

2128 3640 2271 3693 viam
2317 3638 2443 3703 ivit,
2488 3653 2647 3707 quem
2698 3639 2763 3691 ad
2799 3637 2975 3692 locum
3028 3637 3232 3707 requiei
3268 3645 3699 3706 asportaverunt.

2127 3730 2340 3800 Corpus
2366 3747 2495 3785 vero
2542 3731 2685 3785 illius
2721 3729 2971 3799 discipuli
3000 3728 3420 3795 abscondet-unt,
3456 3739 3520 3783 ut
3554 3745 3702 3784 man-

2128 3822 2353 3877 daverat
2403 3821 2554 3892 ipsis,
2588 3823 2714 3890 quia
2746 3823 3135 3877 exsecrabatur
3175 3837 3289 3885 eos,
3336 3822 3428 3890 qui
3475 3838 3700 3892 corpora

2125 3921 2438 3968 sanctorum
2470 3923 2523 3967 et
2556 3922 2851 3985 martyrum
2881 3927 2946 3967 eo
2993 3913 3336 3981 exponebant
3384 3913 3602 3982 publice
3631 3914 3693 3967 ad

2127 4017 2318 4057 aurum
2367 4001 2696 4073 cogendum,
2736 4015 2802 4056 ac
2838 4012 3060 4072 propter
3108 4001 3280 4056 solum
3333 4001 3570 4066 lucrum,
3599 4016 3698 4056 non

2127 4103 2307 4148 autem
2341 4094 2766 4149 venerationem.
2801 4092 2944 4148 Vixit
2989 4093 3054 4147 ad
3106 4090 3401 4163 perfectam
3448 4103 3698 4147 senectu-

2128 4197 2258 4253 tem,
2292 4202 2390 4242 nec
2431 4187 2773 4241 imnmtatum
2807 4195 2890 4242 est
2935 4201 3133 4256 corpus
3161 4185 3302 4256 ejus,
3339 4200 3520 4255 neque
3559 4185 3700 4241 deie-

2129 4289 2322 4336 cerunt
2362 4280 2527 4344 vires,
2561 4293 2664 4334 nec
2700 4277 2892 4334 dentes
2927 4278 3266 4332 exciderunt.
3324 4277 3390 4332 Et
3427 4278 3697 4348 profectus

2129 4385 2212 4431 est
2245 4375 2311 4428 ad
2342 4371 2650 4436 Christum,
2697 4385 2856 4442 quem
2907 4371 3118 4426 dilexit.
3167 4370 3296 4440 Ejus
3344 4372 3623 4425 orationes
3650 4377 3697 4424 et

442 4440 750 4508 mandabat,
781 4457 846 4497 ac
877 4454 934 4498 ut
965 4460 1062 4515 pro
1101 4464 1160 4504 se
1204 4463 1389 4508 oraret
1426 4456 1624 4524 Demn,
1669 4462 1829 4519 enixe
1866 4480 2021 4537 roga-
2056 4457 2098 4512 Ι)
2126 4464 2532 4524 benedictiones
2560 4440 2840 4520 nobiscum
2871 4463 3002 4518 sint.
3034 4462 3226 4517 Amen.

441 4532 556 4590 bat.
590 4533 810 4612 Litteris
847 4539 992 4611 regis
1043 4543 1209 4612 gavisi
1241 4554 1370 4601 sunt
1419 4547 1634 4619 fratres,
1667 4564 1721 4610 at
1763 4571 1870 4612 non
1902 4532 2018 4615 Avu-

1107 4796 1214 4857 Ex
1257 4798 1726 4882 Martyrologio
1762 4811 2256 4894 Maronitarum,
2302 4818 2415 4880 sub
2446 4816 2544 4878 die
2573 4833 2712 4878 xvn
2743 4809 3066 4874 Januarii.

514 4923 630 4979 llac
683 4924 771 4980 die
807 4927 1277 4982 commemoratio
1351 4929 1661 4987 celebratur
1719 4937 2015 4998 beatissimi

441 5017 662 5073 Antonii
707 5015 882 5087 Magni
915 5016 1149 5073 abbatis.
1181 5019 1281 5075 llic
1323 5035 1525 5092 genere
1555 5023 1844 5098 Egyptius
1873 5044 2012 5100 erat,

441 5123 603 5177 quem
641 5109 709 5166 ab
758 5110 872 5179 ipsa
921 5110 1154 5165 infantia
1200 5112 1252 5167 in
1298 5112 1609 5171 Christiana
1658 5121 1917 5192 religione
1953 5141 2015 5180 ac

442 5202 549 5256 ﬁde
587 5202 904 5257 erudierunt
936 5215 1212 5272 parentes.
1245 5203 1356 5259 Sub
1395 5205 1728 5266 Diocletiano
1756 5222 1811 5269 et
1842 5213 2012 5270 Maxi-

443 5291 626 5348 miano
670 5291 881 5358 ﬂoruit,
927 5303 981 5349 et
1013 5305 1269 5364 protensa
1315 5307 1400 5354 est
1437 5297 1556 5366 ejus
1585 5311 1718 5358 aetas
1760 5304 1828 5359 ad
1869 5305 2012 5361 Con—

441 5386 745 5440 stantinum
799 5385 1053 5457 Magnum
1109 5387 1578 5459 religiosissimum
1634 5394 2013 5466 imperatorem

440 5493 634 5550 usqtte.
674 5478 906 5551 Operam
953 5482 1102 5538 dedit
1148 5483 1396 5540 instituto
1439 5487 1739 5544 monastico
1779 5502 1845 5542 ac
1883 5487 2009 5543 vita:

440 5575 744 5646 religiosas;
778 5584 1095 5646 tantumque
1133 5579 1402 5647 praecessit
1428 5593 1618 5635 omnes
1651 5580 1808 5650 hujus
1851 5581 2005 5636 insti-

441 5667 562 5732 tuti,
599 5677 657 5722 ut
701 5668 913 5724 cunctis
963 5670 1243 5725 monachis
1293 5682 1546 5741 tanquam
1589 5673 1862 5743 exemplar
1895 5675 2014 5728 imi-

445 5756 664 5814 tandum
713 5770 1124 5830 [:mpouetctur.
1170 5761 1322 5830 Quod
1371 5777 1498 5819 vero
1540 5763 1713 5834 magis
1747 5764 2017 5822 admiran-

2127 4948 2252 5003 dum
2289 4952 2404 5010 est,
2449 4941 2662 4998 tametsi
2713 4954 2818 4995 non
2865 4936 3106 4994 omnium
3138 4933 3345 5005 primus
3394 4935 3685 4990 institutum

2129 5038 2230 5094 hoc
2251 5035 2505 5107 angelica:
2526 5034 2651 5089 vitae
2682 5033 2798 5101 ipse
2825 5036 2972 5085 esset
3000 5041 3320 5099 aggressus;
3348 5025 3417 5081 ab
3445 5025 3685 5080 omnibus

2129 5135 2306 5179 tamen
2334 5134 2390 5177 ut
2422 5123 2629 5192 primus
2657 5122 2762 5176 dux
2792 5129 2847 5174 et
2876 5126 3066 5173 auctor
3092 5130 3306 5185 semper
3337 5115 3552 5170 habitus
3581 5127 3677 5178 est;

2123 5215 2266 5284 quod
2297 5213 2384 5270 ille
2412 5212 2558 5269 solus
2591 5213 2657 5266 ad
2687 5213 2802 5277 ejus
2829 5224 3055 5265 summa:
3099 5205 3446 5277 perfectionis
3480 5208 3677 5261 culmen

2123 5307 2490 5376 pervenisset,
2538 5312 2598 5358 ut
2654 5302 2890 5358 fidelium
2941 5300 3178 5355 omnium
3228 5313 3292 5352 ac
3355 5298 3674 5368 uhtgentinm

2120 5399 2322 5468 scripta
2384 5404 2651 5452 testantur
2699 5402 2754 5448 et
2791 5390 3119 5448 universalis
3163 5387 3408 5444 aﬂ‘ectus.
3459 5389 3585 5455 Ejus
3631 5389 3674 5441 in

2121 5505 2358 5559 presens
2384 5489 2449 5543 ad
2481 5502 2642 5544 aures
2676 5484 2910 5542 fidelium
2947 5497 3204 5540 enarrare
3235 5481 3485 5544 virtutes,
3509 5495 3674 5550 super-

2121 5582 2286 5636 ﬂuunt
2333 5591 2510 5644 esset,
2558 5594 2681 5636 cum
2734 5591 2894 5634 nemo
2940 5591 3126 5631 earum
3179 5575 3248 5628 sit
3295 5573 3535 5643 ignarus.
3583 5570 3673 5625 [loc

2123 5685 2301 5728 tamen
2350 5688 2514 5727 unum
2567 5671 2782 5727 silentio
2846 5684 2950 5724 non
3000 5676 3083 5724 est
3136 5667 3668 5736 praetermittendum,

2120 5766 2262 5836 quod
2309 5766 2516 5822 scilicet
2549 5780 2670 5821 cum
2705 5763 2880 5819 adhuc
2913 5771 3056 5819 esset
3097 5762 3149 5816 in
3184 5773 3410 5830 corpore
3455 5755 3668 5818 tumuli,
