3860 6324
92 283 187 340 96!

1119 288 1179 346 S.
1219 287 1502 346 ANTONII
1541 289 1610 345 Μ.
1655 291 1952 350 ABBATIS
1993 293 2365 352 SERMONES

3289 297 3402 356 96%

92 406 222 455 vidit
253 404 631 461 ascensiones
656 414 712 461 et
739 406 940 478 gradus
962 407 1292 473 animarum,
1323 423 1424 464 nec
1453 427 1562 466 non
1598 409 1710 464 dia-
1737 419 1783 477 Α
1814 425 2030 470 centum
2065 416 2202 470 vixit
2245 431 2440 480 annos,
2469 425 2522 469 et
2562 415 2813 486 migravit
2842 417 2908 472 ad
2945 417 3227 472 Dominum
3263 436 3278 474 :
3307 419 3399 476 cui

92 496 250 548 bidos
292 510 402 552 eas
443 497 836 568 illaqueantes;
864 501 1010 570 quod
1046 516 1153 557 non
1182 513 1266 559 est
1304 519 1579 574 corporea:
1612 519 1706 558 nar

92 596 231 640 tum
291 586 616 659 facultatis,
666 591 763 648 sed
821 591 1176 665 incorporeas.
1227 597 1479 667 Quinque
1541 610 1707 666 supra

1815 510 2003 581 gloria.
2034 515 2224 567 Amen.

1049 826 1299 905 VITA
1378 828 1456 904 S.
1541 823 1977 905 ANTONII
2065 819 2494 901 ABBATIS

1304 966 1636 1024 AUCTORE
1677 966 1738 1023 S.
1779 963 2205 1021 ATHANASIO.

791 1075 920 1133 Vide
950 1079 1088 1134 inter
1128 1078 1300 1150 Opera
1334 1078 1395 1136 S.
1427 1080 1730 1146 Athanasii,
1762 1079 1982 1149 hujusce
2013 1079 2332 1152 Patrologize
2365 1087 2491 1136 tam.
2522 1079 2740 1138 XXVI.

727 1312 852 1430 S.
949 1313 1562 1427 ANTONll
1650 1311 2109 1427 MAGNI
2191 1313 2796 1429 ABBATIS

1173 1505 1564 1585 ORATIO
1607 1506 1742 1584 AD
1784 1507 2374 1587 MONACHOS.

649 1643 834 1699 Exstat
863 1643 920 1700 in
957 1641 1073 1698 Vita
1103 1641 1162 1700 S.
1196 1642 1416 1698 Antonii
1451 1644 1609 1698 modo
1653 1653 1967 1710 memorata,
2002 1641 2030 1717 §
2067 1642 2134 1699 16
2159 1661 2296 1716 sqq.,
2328 1655 2468 1702 tomo
2501 1661 2663 1718 supra
2689 1647 2874 1706 citato.

100 1775 2793 1796 ...ι-...ΨΜ
2816 1778 3398 1804 ἠῄ--η

693 1994 700 2000 ·
781 1947 901 2062 S.
991 1945 1604 2065 ΑΝΤΟΝΙΙ
1683 1949 1703 2060 1

1814 2025 1837 2061 .
1923 1947 2535 2065 ABBATIS
2612 1929 2737 2007 (ίθ)

537 2169 772 2229 SERMO
812 2169 903 2226 DE
939 2167 1295 2227 VANITATE
1332 2168 1553 2228 MUNDI
1589 2169 1682 2226 ΕΤ
1718 2168 1809 2225 DE
1845 2167 2436 2230 RESURRECTIONE
2476 2171 2948 2232 HORTUORUM.

176 2461 221 2516 l.
243 2461 490 2534 Tempus
509 2459 844 2531 operationis
859 2457 1318 2524 est,dilectissimi
1343 2501 1359 2528 ,
1400 2460 1452 2515 in
1483 2475 1594 2531 quo
1638 2461 1706 2516 ad
1742 2467 1787 2528 Β
1814 2476 2156 2518 exercemus.
2184 2460 2415 2519 Divitias
2438 2463 2596 2522 nobis
2624 2458 2832 2531 tribuit,
2860 2474 2919 2522 ut
2940 2473 2994 2522 et
3024 2464 3170 2537 ipsas
3197 2467 3280 2524 liis
3307 2469 3400 2539 qui

105 2564 375 2609 aeternam
411 2554 702 2624 pervenire
733 2553 1005 2624 possimus
1039 2555 1230 2618 vitam,
1259 2562 1314 2608 et
1344 2554 1708 2609 incommuta-

107 2646 276 2702 bilem
319 2647 571 2718 gloriam.
625 2647 762 2702 lluic
808 2646 954 2702 enim
1004 2648 1130 2702 vita:
1158 2648 1404 2703 succedit
1451 2655 1712 2714 mors,et

111 2740 446 2794 mundanam
509 2737 734 2810 gloriam
792 2738 1150 2810 apprehendit
1217 2738 1488 2794 confusio.
1553 2736 1708 2792 Multi

107 2832 316 2902 quippe
345 2833 674 2904 potentium,
706 2842 836 2887 ante
865 2832 1190 2903 praeﬁnitum
1233 2839 1446 2900 tempus
1466 2870 1484 2896 ,
1512 2845 1707 2886 canum

113 2941 265 2981 more
291 2927 344 2980 in
375 2923 649 2981 infernum
671 2923 878 2981 detrusi
901 2934 1062 2988 sunt;
1088 2930 1144 2979 et
1164 2923 1380 2994 iudices
1406 2923 1474 2978 ab
1506 2921 1708 2978 inﬁmis

107 3016 341 3085 iudicati
373 3025 538 3082 sunt,
575 3025 630 3072 et
668 3016 864 3072 divites
905 3023 1168 3086 eguerunt
1213 3015 1267 3071 in
1319 3023 1622 3086 posterum,
1654 3021 1710 3069 et

111 3111 394 3184 sapientes
439 3110 790 3167 nihilominus
831 3111 885 3165 in
933 3109 1222 3166 stultitiam
1267 3107 1508 3166 devoluti
1547 3115 1702 3162 sunt.

113 3202 338 3268 Potens,
364 3203 640 3260 invalidus
660 3201 888 3260 eﬁ'eclus
907 3212 1024 3270 est;
1052 3213 1107 3258 et
1126 3203 1218 3272 qui
1246 3200 1536 3256 incolumis
1563 3207 1704 3264 erat,

113 3292 432 3349 inﬁrmatus
453 3302 560 3348 est.
589 3292 696 3359 Qui
739 3291 1074 3356 exsultabat,
1099 3290 1429 3346 lamentatur
1469 3295 1526 3344 et
1555 3287 1709 3359 plan-

114 3385 225 3453 git;
259 3395 320 3440 et
345 3384 441 3456 qui
472 3385 838 3454 principatum
875 3383 1180 3451 obtinebat,
1205 3397 1271 3440 eo
1301 3382 1550 3452 privatus
1581 3388 1705 3447 est;

114 3475 366 3546 nihilque
392 3474 612 3530 ﬁrmum
643 3483 828 3531 manet
857 3489 924 3531 ac
943 3474 1160 3539 stabile,
1189 3473 1318 3544 quia
1350 3472 1477 3529 boni
1501 3471 1708 3542 aliquid

118 3584 219 3624 non
261 3568 537 3639 reperitur
565 3569 617 3624 in
653 3568 875 3624 mundo.
917 3567 1044 3623 Filii
1070 3567 1286 3639 iniuriis
1330 3577 1386 3623 et
1419 3575 1706 3623 contumeo

115 3664 202 3720 liis
224 3681 359 3722 suos
391 3673 574 3734 patres
599 3662 873 3730 alliciunt;
905 3671 962 3720 et
991 3673 1175 3734 patres
1200 3661 1448 3734 proprios
1478 3661 1708 3730 perhor-

1812 2554 2056 2624 indigent
2089 2554 2497 2625 ministremus;
2534 2565 2591 2612 at
2620 2567 2718 2614 no‘s
2751 2558 2844 2628 qui
2886 2559 3105 2615 divitias
3153 2563 3402 2632 posside-

1811 2661 1956 2710 mus,
1995 2661 2262 2717 pauperes
2310 2662 2341 2703 e
2370 2649 2648 2704 contrario
2675 2651 2992 2721 spoliantus.
3029 2653 3399 2725 Principatum

1811 2741 1967 2796 nobis
1999 2749 2055 2796 et
2101 2750 2426 2811 potestatem
2458 2742 2687 2814 largitus
2716 2755 2824 2812 est,
2857 2755 2914 2801 ut
2945 2763 3040 2817 per
3071 2763 3190 2803 eam
3227 2749 3403 2817 possi-

1811 2847 1948 2889 mus
1980 2833 2100 2889 illos
2129 2834 2222 2906 qui
2268 2833 2582 2890 violentiam
2634 2838 2917 2908 patiuntur
2965 2838 3298 2909 defendere;
3347 2850 3405 2896 at

1811 2937 1911 2980 nos
1939 2935 2130 2981 contra
2162 2939 2270 2982 non
2302 2927 2673 2987 defensionem
2699 2931 2936 2997 miseris,
2963 2933 3059 2989 sed
3085 2933 3402 2990 violentiam

1811 3017 1983 3087 magis
2022 3017 2328 3074 inferimus.
2382 3017 2500 3076 Non
2534 3027 2618 3076 est
2667 3021 2759 3090 qui
2813 3035 2911 3091 per
2955 3021 3099 3076 viam
3153 3018 3404 3079 ambulet

1812 3121 2052 3174 rectam,
2103 3123 2282 3181 neque
2331 3111 2422 3182 qui
2465 3111 2670 3182 iustum
2715 3113 2980 3182 judicium
3013 3124 3266 3171 exerceat
3300 3127 3394 3171 aut

1809 3211 2089 3272 sequatur.
2110 3201 2344 3258 Refrixit
2366 3203 2608 3259 cbaritas
2624 3205 2666 3270 ⁸,
2711 3213 2766 3260 et
2810 3207 2992 3260 odium
3023 3206 3404 3276 multiplicavit

1809 3292 2054 3349 fructum
2086 3307 2269 3348 suum.
2306 3291 2415 3350 Pro
2451 3293 2624 3350 nihilo
2651 3295 2886 3350 habetur
2907 3295 3080 3351 virtus
3108 3296 3274 3350 animi
3300 3337 3316 3361 ,
3347 3307 3403 3351 et

1809 3385 2086 3442 simulatio
2119 3385 2328 3456 passim
2373 3387 2546 3458 magis
2588 3387 2786 3458 placet.
2837 3385 2894 3442 In
2933 3388 3398 3445 abominationem
3455 3408 3463 3413 ·

1807 3477 1959 3532 venit
1993 3476 2296 3542 humilitas,
2324 3486 2382 3534 et
2419 3477 2474 3532 in
2514 3477 2721 3533 honore
2747 3477 2990 3533 maximo
3020 3479 3252 3534 habetur
3286 3480 3400 3533 ela-

1813 3567 1980 3625 tionis
2006 3569 2343 3639 arrogantia.
2373 3568 2586 3626 Abolita
2612 3579 2696 3625 est
2722 3570 2947 3636 veritas,
2979 3578 3033 3626 et
3058 3571 3398 3627 mendacium

1810 3661 1867 3717 in
1891 3662 2054 3718 terris
2088 3662 2392 3733 praevaluit.
2435 3661 2481 3717 0
2522 3662 2749 3718 altitudo
2791 3663 3122 3730 diuitiarum,
3154 3664 3398 3736 benigni-

117 3767 338 3812 rescuut
380 3756 539 3812 ﬁlios.
587 3754 858 3827 Coniuges
901 3769 1032 3811 suos
1086 3755 1233 3810 viros
1297 3753 1614 3824 repudiant;
1654 3760 1710 3808 et
1747 3821 1777 3827 _
1814 3754 1941 3808 tatis
1973 3763 2020 3808 et
2061 3755 2332 3823 patientiae
2361 3753 2462 3809 Dei
2489 3755 2542 3810 '2
2574 3756 2700 3826 quia
2740 3770 2902 3826 super
2930 3755 3020 3811 his
3049 3771 3171 3827 quae
3196 3771 3401 3826 gerun-

116 3848 215 3904 viri
237 3849 356 3904 suis
398 3821 718 3920 coniugibus
755 3821 1148 3905 conscientiam
1181 3847 1302 3919 (11)
1328 3821 1554 3902 minime
1587 3859 1707 3901 ser-
1735 3821 1777 3880 ο
1815 3854 1903 3901 tur
1933 3821 2114 3912 malis,
2146 3845 2534 3918 longanimiter
2559 3821 2760 3913 diﬂ’ert,
2789 3821 2848 3905 et
2882 3821 3225 3921 nequaquam
3266 3851 3403 3907 ulci-

117 3950 264 3997 vant.
298 3940 559 3996 Juniores
589 3955 710 3996 cum
745 3940 1054 3997 senioribus
1097 3939 1334 3996 delirare
1363 3947 1700 4004 noscuntur;

117 4046 168 4090 et
195 4049 361 4092 senes
405 4049 526 4090 cum
551 4033 840 4103 iuvenibus
886 4033 1139 4090 lascivire
1189 4032 1553 4089 delectantur.
1585 4031 1704 4088 Non

117 4138 195 4182 est
223 4128 280 4183 in
310 4125 494 4182 amico
525 4126 676 4194 ﬁdes,
701 4141 801 4181 nec
826 4125 878 4180 in
907 4125 1128 4195 pr0prio
1155 4123 1328 4182 fratre
1351 4124 1701 4182 conﬁdentia.

117 4219 291 4278 llomo
324 4219 552 4290 paciﬁca
601 4234 699 4274 sua
734 4219 974 4290 loquitur
1016 4218 1290 4289 proximo,
1320 4227 1376 4274 et
1417 4219 1473 4274 in
1501 4227 1707 4274 semet-

117 4310 231 4380 ipso
265 4309 409 4366 mala
443 4309 706 4372 adversus
739 4324 863 4365 eum
892 4310 1187 4381 excogitat.
1233 4309 1437 4364 Invidia
1465 4319 1522 4366 et
1549 4309 1704 4364 dolus

115 4402 263 4456 omni
295 4417 423 4458 cum
455 4399 657 4455 malitia
695 4405 1015 4465 exercetur;
1048 4405 1106 4456 et
1143 4398 1439 4457 inﬁdelitas
1486 4397 1702 4455 obtinet

116 4495 396 4548 universa.
447 4488 635 4547 Nullus
667 4489 864 4560 recipit
895 4490 1214 4546 memoriam
1248 4489 1376 4554 Dei,
1407 4504 1506 4545 nec
1549 4489 1704 4560 quis-

117 4601 281 4655 quam
331 4599 392 4642 se
433 4585 698 4640 rationem
741 4582 1083 4640 redditurum
1137 4583 1250 4639 Deo
1295 4593 1415 4653 post
1472 4591 1702 4638 mortem

116 4679 373 4735 astimat.
421 4677 491 4732 Et
537 4685 823 4748 propterea
867 4675 1297 4747 multiplicantur
1345 4677 1521 4742 mala,
1570 4690 1706 4745 quo-

117 4774 264 4827 niam
311 4772 686 4826 contemnitur
731 4769 896 4826 Deus.
935 4768 1274 4826 intellectum
1311 4771 1468 4826 nobis
1515 4769 1708 4824 tribuit

90 4861 279 4928 .Deus,
328 4871 392 4917 ut
432 4862 552 4932 eius
586 4861 803 4933 cognita
847 4861 1160 4925 voluntate,
1195 4863 1340 4932 quod
1388 4863 1591 4918 bonum
1622 4869 1703 4918 est

115 4972 447 5028 cperemur:
503 4971 604 5013 nos
660 4966 844 5014 autem
886 4965 1142 5028 percepta
1188 4955 1504 5027 cognitione
1543 4954 1702 5024 eius,

116 5050 260 5118 quod
293 5049 498 5104 malum
545 5057 632 5105 est
683 5063 994 5119 operamur.
1031 5047 1298 5104 Virtutem
1327 5048 1495 5104 etiam
1546 5048 1704 5104 nobis

117 5141 373 5208 contulit,
403 5155 511 5212 qua
541 5142 812 5210 possimus
852 5141 998 5212 Quod
1029 5155 1243 5211 aequum
1292 5149 1347 5196 et
1377 5149 1586 5196 rectum
1621 5149 1706 5196 est

1813 3940 2007 3997 scitur.
2040 3939 2158 3996 Non
2203 3939 2359 4010 quasi
2397 3954 2463 3998 eo
2496 3941 2642 4012 quod
2690 3951 2923 4013 nequeat
2971 3943 3157 3999 statim
3200 3944 3402 4000 inferre

1812 4031 2135 4097 vindictam,
2168 4045 2323 4086 suam
2347 4031 2775 4104 indignationem
2806 4043 3092 4106 temperat,
3126 4037 3222 4093 sed
3246 4039 3399 4107 quasi

1813 4123 1936 4194 pius
1969 4131 2125 4191 pater
2174 4122 2472 4180 clementer
2507 4125 2665 4182 nobis
2704 4125 3000 4183 condolens
3040 4143 3193 4184 suam
3231 4131 3400 4187 mise-

1814 4216 2105 4271 ricordiam
2134 4217 2451 4287 praetendit,
2479 4226 2541 4272 ut
2572 4217 2658 4274 vel
2687 4232 2814 4274 sero
2842 4221 3150 4289 compuncti
3184 4221 3251 4276 ad
3280 4237 3400 4281 nce-

1815 4306 2101 4362 nitentiam
2133 4316 2544 4373 convertamur,
2577 4319 2632 4363 et
2670 4307 2949 4365 immensa:
2997 4310 3257 4367 bonitatis
3281 4313 3399 4382 eius

1814 4395 2243 4453 misericordiam
2289 4413 2709 4468 consequamur.
2758 4397 2878 4454 Non
2924 4400 3070 4455 enim
3097 4403 3214 4457 vult
3257 4404 3400 4460 Deus

1814 4497 2045 4543 mortem
2078 4491 2400 4558 peccatoris,
2444 4489 2538 4545 sed
2571 4489 2972 4559 paenitentiam.
3021 4492 3152 4559 Quae
3177 4502 3262 4549 est
3295 4509 3396 4549 au-

1815 4588 1923 4636 tem
1955 4590 2140 4636 nostra
2173 4581 2369 4649 virtus,
2403 4581 2549 4652 quod
2582 4581 2780 4638 divinae
2807 4583 2999 4639 virtuti
3033 4585 3396 4642 resistendum

1813 4671 2109 4744 putamus?
2139 4673 2314 4730 Flavit
2352 4675 2406 4730 in
2438 4689 2538 4730 nos
2569 4683 2782 4740 ventus,
2821 4684 2878 4732 et
2904 4677 3130 4734 arefacti
3169 4692 3394 4745 sumus,

1812 4777 1867 4822 et
1902 4775 2198 4837 tempestas
2235 4767 2394 4838 quasi
2425 4767 2762 4840 phryganum
2797 4768 2911 4843 (12)
2947 4784 3012 4827 ac
3056 4781 3394 4828 sarmentum

1813 4872 1906 4914 seu
1941 4858 2193 4930 stipulam
2242 4860 2497 4932 dispersit
2549 4875 2668 4917 nos.
2717 4860 2918 4933 thuid
2960 4878 3090 4932 ergo
3129 4864 3397 4936 gloriatur

1815 4962 1962 5008 terra
2016 4962 2072 5009 et
2123 4953 2308 5010 cinis?
2359 4970 2484 5010 cum
2536 4953 2808 5025 scriptum
2838 4955 2910 5010 sit
2956 4977 2968 5013 :
3010 4955 3136 5012 Vidi
3175 4959 3397 5027 impium

1812 5043 2284 5112 superexaltalum,
2319 5056 2367 5099 et
2398 5043 2656 5100 eleuatum
2691 5044 2825 5098 sicut
2865 5045 3047 5101 cedrus
3079 5041 3308 5112 Libani;
3343 5057 3395 5102 et

1815 5139 2058 5206 transivi,
2091 5150 2142 5194 et
2189 5154 2302 5194 ecce
2335 5155 2441 5193 non
2478 5148 2622 5206 erat,
2652 5147 2698 5191 et
2751 5137 2967 5207 φιαιεὶιή
3007 5155 3125 5193 eum
3149 5177 3164 5203 ,
3191 5147 3242 5194 et
3291 5156 3396 5195 non

117 5234 420 5304 perﬁcere,
464 5242 520 5290 et
568 5250 670 5290 nos
719 5249 819 5306 per
873 5235 1077 5306 ipsam,
1127 5233 1306 5305 potius
1365 5232 1707 5304 iniquitatem
1738 5213 1785 5268 D
1813 5247 1885 5285 est
1927 5230 2168 5286 inventus
2197 5230 2342 5286 locus
2371 5231 2486 5300 ejus
2516 5231 2560 5289 ⁸.

195 5372 216 5402 ⁸
244 5369 441 5429 Matth.
465 5384 615 5436 xstv,
639 5369 726 5424 Β.
788 5369 810 5400 ³
844 5365 1002 5425 Rom.
1033 5382 1112 5435 si,
1146 5366 1238 5422 53.
1276 5365 1298 5398 ⁵
1327 5364 1473 5422 Psal.
1503 5380 1691 5429 xxxvi,
1714 5365 1805 5422 35.

184 5513 298 5586 (10)
347 5510 429 5566 Ex
471 5508 852 5586 antiquo‘illdi
902 5505 1273 5586 Manutniiﬁms:
1316 5503 1514 5586 Latino
1555 5506 1699 5586 bime

117 5574 428 5639 sermonem
488 5574 658 5650 edidit
702 5577 992 5650 Moguntia:
1040 5577 1181 5650 1594
1232 5575 1509 5650 (ζωῇ-ταις
1560 5574 1699 5631 Vos-

120 5658 230 5710 sius
261 5643 942 5722 prmpositus.Ttt_ngrEnsis
977 5646 1420 5722 in_Misc_ell._S_S.
1457 5643 1697 5722 Patrum,

119 5716 348 5798 OppfS.
380 5716 633 5791 'Grcgorii
663 5716 1052 5790 Tifaumaturgi
1087 5717 1370 5789 subiectis,
1405 5731 1526 5788 pag.
1561 5716 1685 5773 128.

1885 5506 1930 5575 (1
1948 5507 1994 5575 1)
2030 5503 2438 5575 Conscientiam.
2473 5505 2679 5561 Fidem.

1882 5574 1931 5652 (1
1939 5574 1994 5646 ἓ)
2030 5574 2374 5648 Phryganum
2396 5618 2426 5652 ,_
2439 5577 2748 5652 dipuravov.
2773 5577 3069 5652 Grcuium,
3099 5576 3393 5649 virgultum

1816 5649 2029 5703 aridum
2054 5657 2105 5704 et
2132 5647 2375 5704 erematu
2400 5647 2581 5703 facile.
