3860 6318
448 257 552 314 963
624 312 633 318 .

1542 251 1818 307 PATRES
1857 249 2157 306 ᾸΞΟΫΡΤΙΙ
2200 249 2471 306 διΕϋυιΛ
2508 220 2597 304 IV.

3626 252 3740 310 96}

521 369 583 422 ll.
622 367 698 423 Ne
737 367 903 438 igitur
943 368 1024 423 sic
1059 368 1411 435 arbitremur,
1463 368 1617 436 quasi
1665 377 1785 436 post
1824 368 2029 422 ohitum
2061 377 2106 432 Α
2137 368 2321 437 pravis
2364 365 2623 436 operibus
2667 363 3111 420 condemnemur.
3164 363 3302 421 Nam
3361 367 3416 420 in
3468 368 3736 437 operibus

450 460 582 514 nihil
606 460 768 514 futuri
806 460 975 515 simus
996 499 1010 523 ,
1038 471 1092 515 et
1119 469 1239 530 post
1269 469 1594 530 praesentem
1627 460 1794 514 vitam
1824 459 2030 515 nullum

450 553 687 607 futurum
728 554 801 608 sit
831 553 1118 621 judicium.
1177 554 1295 608 Erit
1331 554 1476 609 enim
1532 555 1861 611 resurrectio
1908 564 2032 626 post

450 654 676 699 mortem
701 685 717 711 ,
764 654 820 699 et
843 645 1122 715 judicandi
1150 648 1359 703 erimus
1379 663 1408 702 a
1439 647 1571 712 Deo.
1601 649 1692 718 qui
1723 649 2034 707 redditurus

449 746 532 790 est
566 735 857 806 unicuique
892 738 1192 794 secundum
1224 755 1390 810 opera
1415 755 1533 796 sua.
1565 738 1646 796 Ne
1675 755 1808 811 ergo
1838 756 2034 798 erran-

452 840 555 896 tes,
597 839 813 884 nosmet
852 831 999 900 ipsos
1028 831 1387 904 decipiamus,
1416 842 1470 890 et
1503 835 1555 888 in
1586 835 1693 890 hac
1722 837 1831 890 vita
1863 836 2038 892 instar

447 924 902 980 irrationabilium
934 927 1197 996 pecudum
1230 942 1641 984 conversemur.
1676 926 1811 983 Nam
1845 930 1890 984 si
1927 945 2033 985 non

445 1025 530 1071 est
556 1017 922 1083 resurrectio,
960 1034 1135 1089 neque
1187 1034 1355 1075 mors.
1386 1018 1445 1075 Si
1486 1029 1667 1076 autem
1711 1021 2037 1077 resurrectio

445 1108 581 1177 erit,
617 1110 804 1181 utique
850 1120 905 1167 et
942 1110 1229 1180 judicium.
1277 1112 1380 1181 Qui
1432 1113 1577 1169 enim
1614 1114 1807 1169 statuit
1839 1114 2032 1171 mortis

445 1204 789 1269 sententiam,
833 1204 949 1274 ipse
982 1204 1343 1260 comminatus
1368 1216 1450 1263 e'st
1488 1206 1653 1263 etiam
1676 1206 2033 1275 judicium".

446 1294 504 1349 Si
533 1295 586 1349 iu
613 1296 713 1352 hoc
741 1311 907 1351 verax
937 1306 1044 1365 est,
1077 1312 1179 1351 nec
1210 1298 1266 1352 in
1297 1298 1387 1353 illo
1415 1306 1594 1369 potest
1620 1302 1851 1354 mendax
1883 1300 2031 1356 exsi-

445 1399 614 1444 stere.
666 1390 806 1456 Quid
852 1390 999 1445 enim
1050 1390 1265 1445 facilius
1310 1400 1492 1461 potest
1539 1393 1703 1448 homo
1737 1393 2035 1463 perﬁcere;

446 1493 712 1538 vetustam
739 1484 961 1539 domum
993 1485 1277 1540 destruere
1300 1527 1315 1550 ,
1357 1497 1412 1540 et
1442 1500 1509 1541 ex
1549 1486 1682 1557 ipsis
1708 1487 2039 1543 reaediﬁcare

446 1576 773 1647 impendiis;
810 1592 876 1631 an
907 1576 1070 1631 aliam
1102 1589 1169 1631 ex
1198 1576 1408 1649 integro
1455 1594 1652 1635 novam
1681 1592 2033 1648 construere,

446 1668 533 1722 tibi
583 1668 716 1723 nihil
744 1668 942 1738 prioris
972 1668 1137 1726 fuerit
1172 1671 1425 1727 aediﬁcii?
1456 1671 1625 1743 Igitur
1650 1672 1696 1728 si
1741 1682 1941 1729 terram
1970 1689 2035 1727 ex

444 1776 550 1829 qua
581 1760 745 1815 bomo
777 1760 955 1815 factus
983 1769 1098 1828 est,
1126 1764 1333 1819 creavit
1355 1779 1421 1819 ex
1452 1740 1653 1832 nihilo,
1684 1774 1890 1836 quanto
1919 1781 2037 1821 ma-
2072 1740 2115 1796 Β

446 1852 530 1923 gis
579 1852 854 1908 hominem
902 1869 969 1910 ex
1019 1856 1246 1911 materia
1285 1856 1615 1913 subsistente
1658 1866 1929 1923 erectum,
1982 1869 2037 1912 et

447 1960 477 1999 a
533 1955 710 2000 morte
750 1955 1100 2017 corruptum,
1158 1964 1226 2005 ex
1272 1948 1516 2021 ejusdem
1570 1959 1729 2006 terra:
1779 1961 2035 2007 manente

446 2039 747 2093 suhstantia
773 2080 791 2106 ,
835 2040 1049 2097 facilius
1087 2041 1266 2097 denuo
1298 2042 1501 2112 poterit
1532 2041 1878 2099 reformare?
1916 2036 2045 2099 Non-

445 2130 591 2185 enim
622 2144 744 2186 cum
770 2130 959 2189 labore
979 2144 1244 2203 operatur
1268 2135 1433 2191 Deus.
1468 2134 1664 2191 Sermo
1692 2145 1873 2191 autem
1911 2136 2027 2203 Dei,

444 2239 583 2293 opus
616 2234 704 2280 est
733 2224 884 2293 ejus;
918 2234 974 2280 et
1004 2226 1315 2295 consilium,
1350 2243 1535 2285 sermo
1567 2229 1737 2300 ipsius
1761 2239 1865 2284 est.
1906 2230 2031 2287 Uti-

442 2331 550 2386 que
589 2317 729 2373 sicut
762 2318 953 2385 voluit,
1021 2318 1205 2383 Dixit,
1251 2331 1300 2375 et
1343 2321 1486 2391 facta
1527 2331 1650 2377 sunt
1680 2323 1722 2377 ⁸.
1768 2322 2038 2389 Quemad-

446 2408 663 2463 modum
699 2410 965 2481 scriptum
1007 2420 1091 2466 est
1120 2430 1133 2466 :
1176 2409 1278 2479 Qui
1318 2422 1466 2467 vocat
1500 2429 1562 2468 ea
1594 2429 1712 2481 qua:
1750 2430 1853 2468 non
1882 2424 2025 2481 sunt,

444 2508 696 2571 tanquam
736 2518 798 2555 ea
840 2518 959 2572 quia
1001 2504 1200 2558 sunt".
1247 2502 1381 2558 Nam
1421 2504 1563 2559 sicut
1612 2505 1785 2561 virtus
1837 2505 1932 2561 Dei
1979 2514 2036 2561 et

446 2591 689 2659 potentia
733 2590 852 2663 ejus
881 2594 1450 2665 incom‘prehensibilis
1483 2604 1606 2651 est:
1646 2597 1719 2652 ita
1756 2606 1812 2654 et
1836 2612 2033 2668 opera-

447 2683 629 2736 tiones
670 2682 810 2753 ejus.
845 2684 916 2740 Et
962 2686 1104 2743 sicut
1150 2688 1414 2757 sapientia
1446 2690 1566 2759 ejus
1606 2690 1873 2747 immensa
1901 2699 1985 2748 est
2016 2710 2029 2746 :

447 2773 520 2827 ita
552 2782 609 2827 et
656 2774 752 2828 via:
802 2774 919 2845 ejus
966 2777 1349 2848 investigobiles
1376 2780 1425 2836 ⁸..
1465 2778 1545 2836 Ne
1586 2796 1717 2851 ergo
1770 2781 2035 2838 increduli

448 2880 865 2932 remaneamus,
911 2869 1038 2938 quia
1081 2880 1275 2940 potens
1316 2882 1399 2927 est
1447 2876 1591 2930 Deus
1650 2873 1833 2929 facere
1892 2874 2037 2944 quod

450 2956 732 3025 promisit,
773 2965 830 3013 ut
869 2973 939 3014 ne
972 2975 1070 3030 pro
1101 2961 1481 3021 incredulitate
1524 2966 1696 3036 magis
1733 2980 1896 3037 quam
1937 2980 2035 3037 pro

2135 459 2489 529 delinquere,
2532 456 2870 513 inﬁrmitatis
2912 457 3175 513 indicium
3219 468 3335 525 est;
3385 460 3733 515 incredulum

2136 565 2265 606 vero
2286 565 2428 615 esse,
2456 549 2743 605 audaciam
2774 550 3102 607 temeritatis
3125 552 3421 622 signiﬁcat.
3449 552 3551 607 να
3582 554 3732 609 enim

2139 644 2311 698 audax
2364 654 2421 699 et
2466 645 2792 700 temerarius
2829 642 2995 699 ullum
3049 644 3252 699 bonum
3303 661 3441 716 opus
3489 646 3731 717 perﬁcit.

2141 733 2282 804 Ergo
2332 737 2459 791 dum
2504 743 2717 804 tempus
2763 735 3058 803 habemus,
3105 751 3393 806 parcamus
3438 740 3735 794 nobismet-

2142 831 2307 900 ipsis,
2353 840 2408 885 et
2455 829 2809 900 propitiemus
2852 829 3022 886 Deum
3057 845 3156 900 pro
3196 832 3436 901 peccatis
3489 833 3729 894 nostris,

2140 937 2211 977 ne
2251 922 2493 992 quando,
2522 922 2700 992 ligatis
2734 923 2978 977 manibus
3000 931 3049 977 et
3074 925 3296 992 pedibus
3316 963 3333 990 ,
3359 925 3417 978 in
3442 926 3731 979 exteriores

2140 1018 2376 1071 tenebras
2430 1014 2621 1086 projici
2662 1014 2974 1084 jubeamur,
3021 1016 3112 1070 ubi
3153 1025 3228 1071 est
3262 1018 3417 1087 ﬂetus
3443 1029 3491 1072 et
3530 1020 3735 1073 stridor

2139 1107 2373 1162 dentium
2402 1106 2445 1161 ’.
2490 1107 2629 1175 Quid
2672 1116 2854 1163 autem
2905 1107 3063 1164 ﬂetus
3098 1110 3302 1165 indicat
3347 1120 3403 1165 et
3435 1111 3729 1181 planctus,

2140 1202 2243 1259 nisi
2275 1202 2579 1257 crudelium
2606 1212 2661 1259 et
2696 1203 3039 1259 horribilium
3070 1205 3463 1274 suppliciorum
3493 1206 3729 1261 immen-

2139 1288 2370 1345 sitates?
2396 1289 2461 1344 Et
2485 1291 2616 1360 quid
2639 1292 2913 1362 signiﬁcat
2934 1293 3139 1348 stridor
3161 1294 3429 1359 dentium,
3457 1295 3566 1350 nisi
3591 1297 3721 1365 quia

2140 1397 2239 1452 pro
2261 1382 2740 1455 iisdempeccatis,
2764 1385 2936 1455 major
2955 1386 3059 1441 erit
3082 1388 3423 1457 postmodum
3441 1389 3727 1457 pmnitudo

2143 1474 2450 1530 malorum?
2489 1475 2644 1532 Tune
2671 1478 2814 1533 enim
2854 1480 3195 1546 certissime,
3240 1490 3367 1536 tunc
3396 1480 3729 1551 incipiemus

2141 1572 2430 1628 adversum
2464 1573 2828 1643 nosmetipsos
2868 1574 3250 1645 indignantes,
3308 1591 3432 1630 cum
3483 1576 3727 1631 stridore

2142 1664 2381 1720 dentium
2434 1666 2740 1737 pmnitere,
2780 1667 2999 1738 quando
3038 1666 3217 1723 nullus
3263 1668 3517 1724 utilitatis
3553 1667 3728 1732 locus,

2143 1772 2243 1814 uec
2285 1768 2498 1829 tempus
2541 1759 2819 1829 supererit
2865 1759 3220 1829 paenitentiae.
3255 1760 3389 1815 Cum
3429 1775 3567 1833 ergo
3602 1777 3728 1832 pos-

2142 1863 2331 1904 sumus
2365 1849 2421 1905 in
2464 1848 2568 1905 hoc
2612 1850 2763 1906 brevi
2800 1857 3045 1920 tempore
3071 1849 3351 1905 deservire
3382 1849 3533 1914 Deo,
3568 1860 3627 1905 et
3664 1850 3727 1903 li-

2142 1941 2321 1999 berari
2352 1958 2383 1998 a
2412 1944 2677 2015 gehenna
2724 1950 2780 1998 et
2824 1942 3159 1999 cruciatibus
3198 1942 3590 2012 sempiternis,
3630 1957 3729 1998 cur

2141 2036 2486 2108 negligimus,
2518 2045 2574 2092 et
2605 2036 2963 2106 despicientes
2994 2045 3265 2108 precepta
3293 2036 3410 2102 Dei,
3449 2036 3723 2091 servimus

2145 2128 2383 2200 propriis
2409 2128 2802 2200 voluptatibus,
2834 2137 2895 2184 ut
2921 2126 3220 2185 efﬁciamur
3240 2127 3465 2184 obnoxii
3495 2128 3724 2184 irreme-

2142 2220 2326 2276 diabili
2356 2220 2573 2291 pomus?
2603 2221 2746 2275 Deus
2789 2229 2972 2275 autem
3018 2229 3222 2284 noster,
3250 2219 3341 2289 qui
3374 2229 3462 2274 est
3496 2231 3727 2289 magnus

2142 2323 2200 2370 et
2253 2323 2467 2369 amator
2515 2313 2825 2380 hominum,
2868 2312 3011 2368 diues
3059 2313 3115 2367 in
3160 2312 3528 2366 misericordia
3556 2311 3629 2379 ",-
3675 2320 3726 2364 et

2144 2415 2339 2477 potens
2382 2407 2436 2461 in
2467 2406 2724 2475 operibus
2758 2405 2873 2460 suis
2901 2421 2918 2460 :
2951 2406 3068 2476 ipse
3102 2403 3321 2472 adjuvet
3350 2402 3726 2458 inﬁrmitatem

2143 2510 2424 2567 nostram,
2481 2510 2767 2555 conterens
2799 2498 3058 2554 Satanam
3105 2497 3207 2553 sub
3256 2495 3486 2567 pedibus
3534 2482 3727 2551 nostris

2142 2592 2403 2650 velociter
2440 2594 2507 2659 ¹¹,
2542 2601 2597 2648 et
2637 2593 2727 2649 det
2760 2593 3016 2649 virtutem
3052 2589 3247 2658 nobis,
3287 2598 3347 2646 et
3388 2588 3726 2645 intellectum

2141 2686 2349 2742 tribuat
2378 2685 2700 2757 spiritalem,
2729 2693 2788 2741 ut
2813 2686 2868 2740 in
2899 2686 3002 2740 hoc
3022 2683 3168 2755 quod
3192 2690 3443 2754 superest
3462 2691 3724 2753 tempore.

2142 2778 2197 2833 in
2241 2777 2475 2833 veritate
2525 2777 2575 2833 ei
2626 2785 2682 2833 et
2731 2775 2961 2831 ﬁdeliter
2997 2774 3338 2840 servientes,
3384 2772 3725 2827 inveniamus

2143 2870 2373 2940 gratiam
2402 2867 2543 2940 apud
2568 2869 2764 2938 Deum,
2795 2867 2851 2924 in
2881 2868 2970 2923 illa
2998 2867 3231 2923 terribili
3254 2865 3343 2921 die
3364 2864 3558 2933 judicii
3590 2864 3721 2932 ejus.

2142 2963 2339 3019 Amen.

520 3072 746 3150 '_Hebr.
782 3091 858 3142 ιι,
890 3075 985 3150 a7.
1064 3076 1246 3136 “Psal.
1280 3097 1451 3149 xxx",
1488 3082 1543 3138 9.
1590 3080 1610 3112 "
1646 3082 1803 3139 Rom.
1838 3084 2006 3150 tv,l7.
2083 3084 2105 3115 ⁸
2127 3082 2289 3140 Rom.
2320 3100 2396 3148 XI,
2432 3084 2522 3139 35.
2597 3079 2827 3137 “Matth.
2852 3096 2970 3144 sur,
3003 3080 3097 3145 24.
3119 3080 3209 3136 25.
3290 3081 3336 3112 ¹⁶
3352 3079 3556 3150 Ephes.
3583 3095 3643 3145 tt,
3672 3080 3721 3133 Δ.

456 3144 496 3175 ¹¹
543 3144 697 3199 Rom.
732 3161 844 3209 xvi,
883 3145 974 3199 ‘20.

1108 3468 1640 3584 SANCTI
1716 3469 2317 3589 ANTONII
2399 3472 3015 3589 ABBATIS

1789 3689 2043 3749 PATRIS
2080 3687 2361 3758 NOSTRI,

819 3862 1359 3945 SEBMONES
1418 3864 1552 3940 XX
1610 3865 1741 3943 AD
1819 3864 2169 3943 FILIOS
2230 3864 2485 3943 SUOS
2563 3864 3122 3945 MONACHOS
3197 3853 3338 3944 (ίδ).

1038 4147 1225 4189 SECTIO
1264 4149 1448 4193 Ριιιιιλ.

831 4221 904 4277 De
931 4223 1038 4295 ﬁde
1077 4226 1133 4279 in
1169 4225 1378 4283 Christo
1412 4227 1659 4285 Dommo.

524 4315 663 4370 Ante
694 4314 903 4381 omnia,
933 4316 1156 4385 fratres,
1192 4320 1479 4377 credamus
1509 4321 1565 4377 in
1605 4319 1898 4377 Dominum
1940 4337 2041 4391 no—,

453 4418 625 4467 stram
652 4407 839 4466 Jcsum
863 4410 1165 4483 Christum,
1195 4415 1439 4473 colamus
1473 4417 1646 4483 illum,
1669 4431 1881 4489 nosque
1910 4419 2039 4475 sub-

453 4503 734 4557 mittamus
774 4502 896 4573 ipsi,
942 4514 997 4559 et
1040 4504 1158 4575 ejus
1191 4505 1457 4562 faciamus
1493 4507 1829 4565 voluntatem
1885 4511 2035 4566 omni

455 4605 697 4663 tempore
745 4610 809 4650 ac
840 4608 1156 4664 momento;
1192 4612 1291 4655 nec
1328 4599 1381 4654 in
1421 4598 1589 4654 aliunt
1626 4602 1794 4657 Deum
1835 4615 2039 4673 praeter

456 4686 632 4755 ipsum
668 4688 976 4759 credamus,
1003 4692 1261 4761 quoniam
1290 4700 1374 4747 est
1400 4691 1541 4749 Deus
1569 4709 1820 4765 magnus,
1859 4696 2039 4753 Domi-

454 4795 558 4835 nus
590 4780 1007 4837 dominantium.
1051 4781 1447 4840 Benedicamus
1479 4800 1604 4840 eum
1642 4786 1696 4841 iu
1723 4786 1936 4857 justitia
1984 4799 2040 4845 et

453 4872 719 4937 veritate,
754 4880 809 4928 et
858 4873 992 4930 nulli
1020 4884 1398 4931 creaturarum
1457 4878 1820 4935 assimilemus
1862 4880 2037 4947 illum,

458 4977 635 5033 neque
664 4964 731 5020 iis
758 4980 878 5035 quae
906 4975 1033 5022 sunt
1069 4967 1123 5022 in
1152 4966 1309 5023 caelis
1337 4982 1580 5034 sursum,
1610 4985 1785 5042 neque
1810 4973 1863 5027 in
1893 4983 2037 5028 terra

457 5053 746 5122 deorsum,
798 5057 922 5128 quia
963 5059 1146 5114 omnia
1191 5058 1308 5115 haec
1344 5074 1445 5130 per
1492 5060 1670 5131 ipsum
1711 5062 1851 5119 facta
1891 5073 2037 5130 sunt,

455 5154 512 5200 et
534 5146 649 5216 ipse
677 5158 761 5203 est
783 5158 909 5204 ante
937 5150 1141 5219 omnia,
1167 5164 1231 5205 ac
1255 5150 1309 5206 in
1338 5159 1604 5207 aeternum
1628 5168 2037 5223 permansurus,

457 5236 774 5307 nullumque
804 5240 1024 5297 habebit
1063 5243 1247 5297 ﬁnem.
1279 5241 1642 5310 Quamobrem
1675 5244 1726 5299 iu
1772 5261 1893 5300 eum
1922 5262 2043 5302 cre-

457 5324 650 5381 damus
670 5336 726 5381 et
753 5329 997 5387 colamus
1016 5330 1188 5400 illum,
1215 5342 1276 5389 ut
1298 5349 1422 5389 cum
1449 5334 1544 5390 illo
1566 5348 1854 5404 regnemus
1880 5347 2043 5409 atque

460 5416 628 5472 simus
652 5419 705 5475 in
726 5430 989 5476 aeternum
1012 5423 1132 5494 ejus
1166 5424 1411 5484 fruentes
1440 5427 1599 5485 bonis
1618 5469 1634 5497 ,
1658 5428 1785 5500 quia
1814 5439 1899 5486 est
1926 5430 2041 5487 Rex

2067 4149 2111 4206 (ζ
2145 4150 2355 4208 regum,
2388 4146 2441 4193 et
2474 4138 2656 4192 omnia
2692 4152 2854 4210 regna
2887 4141 2955 4195 ab
2988 4156 3051 4197 eo
3081 4151 3229 4197 sunt.
3264 4141 3564 4201 Credamus
3599 4161 3718 4216 ergo

2146 4232 2199 4285 in
2229 4246 2353 4286 eum
2382 4246 2448 4287 ex
2483 4233 2612 4289 totis
2641 4235 2899 4289 cordibus
2944 4236 3162 4298 uosuis.
3200 4246 3255 4291 et
3294 4237 3348 4292 in
3385 4236 3504 4306 ejus
3533 4241 3717 4295 ambu-

2145 4324 2318 4380 lemus
2346 4326 2656 4396 prmeeptis,
2689 4329 2943 4397 quoniam
2968 4327 3099 4397 ﬁdes
3121 4330 3234 4384 sine
3254 4332 3497 4396 aperibus
3520 4343 3717 4387 mortua

2144 4426 2219 4470 est
2251 4416 2330 4468 “z
2367 4425 2428 4471 ut
2471 4416 2639 4472 faciat
2672 4416 2955 4473 nobiscum
2996 4420 3424 4476 misericordiam
3470 4422 3525 4477 in
3563 4439 3718 4491 regno

2145 4522 2263 4571 suo,
2296 4522 2419 4561 cum
2450 4507 2722 4563 exibimus
2750 4523 2816 4563 ex
2844 4510 3277 4581 peregrinatione
3304 4514 3488 4568 mundi
3518 4528 3718 4583 praepao

2140 4601 2266 4661 rati,
2317 4600 2613 4656 dicentes:
2668 4597 2861 4671 Utique
2905 4602 3141 4669 credidi,
3193 4612 3468 4674 propterea
3524 4606 3717 4661 locutus

2139 4708 2253 4745 sum
2280 4692 2347 4747 ".

2690 4801 2880 4843 sacrm
2913 4801 3170 4863 saeuam.

2638 4876 2716 4933 De
2769 4881 2953 4934 timore
2991 4878 3227 4936 Domini.

2216 4969 2333 5034 Eia;
2371 4969 2596 5035 fratres,
2630 4972 2971 5029 ambulemus
3006 4974 3061 5028 in
3094 4975 3293 5031 timore
3323 4975 3563 5044 Domini,
3593 4994 3713 5050 quoo

2143 5060 2288 5116 niam
2321 5063 2697 5133 praescriptum
2729 5074 2816 5119 est
2847 5064 3025 5131 nobis,
3068 5075 3129 5120 ut
3162 5068 3465 5124 serviamus
3500 5085 3620 5125 cum
3654 5071 3710 5125 ti-

2143 5166 2295 5207 more
2324 5163 2380 5207 et
2406 5162 2645 5209 tremore
2674 5152 2740 5220 ¹⁸,
2778 5164 2837 5209 ut
2877 5170 3166 5225 operemur
3197 5158 3427 5213 salutem
3458 5171 3707 5216 nostram.

2141 5243 2592 5315 Quandoquidem
2623 5248 2754 5302 nihil
2774 5251 3121 5319 praestantius
3154 5261 3239 5308 est
3274 5254 3471 5311 timore
3493 5255 3585 5312 Dei
3620 5256 3709 5311 Doo

2146 5337 2278 5391 mini
2302 5338 2477 5394 nostri
2495 5337 2621 5395 Jesu
2649 5340 2872 5397 Christi.
2896 5341 3086 5399 Timor
3109 5343 3323 5401 Domini
3347 5356 3433 5402 est
3452 5348 3642 5419 gloria,
3662 5356 3707 5402 et

2145 5430 2319 5500 gratia
2339 5434 2574 5491 maxima
2594 5450 2607 5489 :
2633 5450 2807 5506 quare
2828 5437 3007 5509 magni
3026 5437 3284 5510 ponderis
3298 5441 3708 5498 etexistimatio-

532 5574 577 5610 “
601 5573 715 5633 Jac.
749 5593 811 5645 ll,
838 5578 930 5649 20,
957 5579 1048 5639 26.
1128 5583 1172 5615 ¹³
1198 5582 1339 5641 Psal.
1370 5600 1494 5656 cxv,
1528 5586 1615 5643 10.
1694 5588 1736 5620 ⁸⁸
1764 5587 1994 5661 Philipp.
2023 5604 2080 5654 ll,
2111 5588 2199 5646 12.

532 5706 648 5781 (15)
691 5709 769 5766 Es
818 5711 1050 5771 Arabico
1106 5714 1296 5775 Latine
1360 5721 1552 5776 redditi
1608 5721 1676 5775 ab
1724 5721 2033 5779 Abrahamo
2055 5719 2409 5782 Eccbellensi.
