3860 6330
88 281 212 345 963

1107 281 1174 342 ‘s.
1214 253 1494 339 ANTONII
1534 279 1606 336 tt.
1647 277 1942 336 ABBATIS
1983 279 2376 338 SERMONES.

3261 277 3370 338 908

99 405 192 459 nis
219 415 311 459 est
329 403 448 470 ille,
473 417 564 474 qm
590 403 742 458 timet
762 396 1349 456 Dominum.Timorem
1372 397 1584 453 llomini
1609 396 1698 464 qui
1729 399 1775 454 Α
1805 404 1913 459 tur,
1965 412 2085 463 quas
2123 397 2404 466 pervagari
2458 397 2663 450 faciunt
2714 393 3083 460 intellectum,
3122 408 3185 448 ac
3231 393 3374 450 mala

96 494 384 564 possedit,
409 507 638 564 magnos
657 498 742 545 est
761 489 984 557 adeptus
1005 487 1292 542 thesauros
1308 486 1465 540 bonis
1485 487 1702 540 teternis

98 584 545 649 refertissimos;
573 592 628 636 et
649 582 762 650 jam
804 587 1088 645 exemptus
1120 586 1204 633 est
1231 577 1299 632 ab
1327 577 1550 632 aeternis
1579 591 1705 646 sup-

98 673 312 743 pliciis,
345 689 472 742 qua:
495 670 875 742 peccatoribus
903 677 1032 724 sunt
1053 677 1263 738 parata.
1283 668 1470 722 Timor
1490 666 1702 721 Domini

99 774 190 818 est
225 765 465 825 electus,
484 757 609 829 plus
640 773 801 828 quam
836 773 1028 812 aurum
1065 768 1122 811 et
1170 768 1454 828 argentum
1494 771 1556 811 ac
1585 770 1707 826 pre-

102 855 406 910 tiosissimi
440 854 674 923 lapides.
701 849 890 904 Nullus
921 850 1140 918 sapiens
1176 850 1248 903 ita
1295 859 1375 904 est
1412 849 1704 915 exaltatus,

105 954 164 995 nt
206 943 306 998 ille
344 942 440 1012 qui
498 943 651 996 timet
699 942 1009 996 Dominum.
1045 941 1234 994 Timor
1267 939 1475 994 Domini
1517 953 1707 994 onmes

101 1034 270 1088 dolos
301 1044 364 1088 et
391 1041 615 1101 peccata
666 1033 733 1086 ab
759 1033 940 1086 anima
981 1031 1246 1085 cradicat.
1290 1029 1390 1097 Qui
1424 1029 1705 1085 hominum

107 1139 220 1176 non
280 1123 465 1186 timet,
498 1123 553 1176 in
593 1122 758 1176 multa
807 1121 1010 1177 incidet
1053 1120 1219 1174 mala.
1270 1119 1456 1175 Timor
1497 1120 1706 1175 Domini

104 1217 402 1271 hominem
435 1211 599 1268 eﬂicit
623 1211 878 1277 liberum,
911 1211 1174 1280 illumque
1200 1226 1228 1264 a
1260 1211 1518 1280 peccatis,
1551 1225 1710 1280 para-

102 1307 182 1360 tis
237 1303 530 1374 suppliciis
584 1311 640 1356 et
683 1317 712 1355 a
749 1302 987 1356 dracone
1023 1316 1252 1370 nequam
1288 1301 1482 1356 salvat.
1521 1299 1711 1355 Timor

111 1395 340 1451 Domini
385 1391 627 1462 quandiu
667 1390 887 1446 exsistit
921 1390 974 1445 in
1009 1389 1248 1453 homine,
1291 1390 1438 1444 illum
1479 1390 1710 1444 custodit

109 1498 166 1543 et
198 1496 420 1553 servat,
447 1498 736 1555 quousque
769 1482 992 1552 abjiciat
1032 1497 1062 1536 a
1103 1497 1162 1537 se
1191 1497 1388 1552 corpus
1413 1482 1519 1538 hoc
1547 1497 1712 1553 grave

111 1588 370 1648 portatu,
405 1585 463 1631 et
509 1576 687 1630 haeres
717 1575 983 1629 etliciatur
1013 1574 1279 1629 bonorum
1321 1589 1445 1629 cum
1483 1573 1708 1638 sanctis,

111 1671 452 1740 quibuscum
481 1666 736 1738 gaudebit
766 1665 964 1736 gaudio
994 1674 1223 1731 interno,
1255 1664 1708 1734 quemadmodum

114 1762 392 1829 seriptum
453 1766 540 1812 est

112 1854 486 1920 concepimus,
523 1849 753 1904 dolorem
798 1860 980 1917 partus
1019 1848 1159 1914 passi
1203 1863 1404 1911 sumus,
1433 1855 1482 1900 et
1513 1846 1714 1916 peperi-

114 1959 240 1997 mus
269 1943 524 2012 spiritum
563 1941 753 1995 salutis
788 1940 854 1994 ”.

701 2045 889 2086 SECTIO
927 2044 1150 2085 TERTIA.

658 2121 737 2176 De
769 2121 1186 2192 longanimitate.

187 2209 388 2266 Sacra:
415 2219 668 2266 asserunt
704 2211 1033 2280 Scripturae,
1080 2210 1174 2264 filii
1218 2211 1324 2266 mei
1356 2212 1716 2278 dilectissimi,

115 2305 273 2374 quod
313 2303 512 2357 melior
537 2303 609 2357 sit
638 2301 980 2370 longanimis,
1009 2317 1175 2371 quam
1207 2301 1363 2358 lortis
1394 2303 1445 2358 in
1477 2319 1573 2358 sua
1609 2305 1718 2358 lor-

121 2396 372 2449 titudine
409 2394 475 2460 ’⁸,
509 2395 782 2463 istumque
818 2393 906 2448 ille
946 2393 1165 2448 excellit
1210 2403 1466 2464 tanquam
1504 2395 1719 2466 fugiens

116 2489 193 2540 ab
227 2488 380 2556 igne.
428 2485 613 2540 Estote
654 2485 836 2554 itaque
871 2484 973 2538 viri
1010 2484 1200 2549 fortes,
1248 2487 1344 2541 sed
1377 2487 1719 2544 ambulantes

122 2578 180 2632 in
229 2577 677 2647 longanimitate,
707 2576 832 2646 quia
881 2576 1021 2631 Deus
1060 2576 1112 2630 in
1160 2576 1453 2648 longanimi
1486 2579 1717 2636 habitat.

125 2667 221 2721 ille
267 2683 404 2720 vero
446 2667 536 2736 qui
582 2675 809 2736 angusto
843 2675 1098 2736 operatur
1124 2680 1378 2736 pectore,
1408 2679 1492 2724 est
1517 2685 1718 2726 secun-

129 2761 258 2813 dum
294 2760 630 2814 voluntatem
657 2758 880 2826 diaboli,
904 2767 959 2813 et
983 2757 1099 2828 ejus
1121 2761 1476 2829 pessimorum
1499 2763 1720 2834 coadju-

131 2863 316 2904 turum
344 2868 358 2905 :
388 2861 599 2914 contra,
624 2849 947 2922 longanimis
967 2859 1050 2906 est
1071 2853 1361 2908 secundum
1391 2854 1720 2910 voluntatem

129 2936 226 2995 Dei
265 2941 424 2996 onmi
464 2949 730 3010 tempore.
779 2939 1110 2995 Adnitamur
1145 2942 1327 3012 igitur,
1365 2943 1458 2998 lilii
1493 2943 1598 2999 mei
1641 2944 1724 2998 di-

131 3031 452 3097 lectissimi,
478 3031 544 3085 ad
575 3032 910 3101 cperandum
939 3033 1236 3087 secundum
1261 3032 1720 3103 longanimitatem

1801 487 2041 541 excitant
2079 488 2399 551 certamina,
2424 487 2633 556 plagas.
2663 485 2884 540 bellicos
2920 500 3189 551 rtnnores,
3224 485 3371 538 invi-

1802 577 1946 632 diam
1971 617 1988 642 ,
2037 579 2220 633 odium
2259 588 2316 634 et
2352 579 2551 634 similia
2591 577 2731 632 mala
2755 617 2771 642 ,
2809 593 2928 647 qua:
2968 592 3163 647 corpus
3210 577 3376 632 etiam

1803 675 2101 732 aggravant
2129 674 2184 720 et
2217 665 2435 720 morbos
2472 667 2710 721 inferunt
2751 667 2850 721 illi.
2891 665 2991 732 Qui
3024 667 3210 722 dolose
3243 680 3378 737 ope-

1806 764 1974 817 ratur,
2017 757 2261 812 tradetur
2288 759 2599 828 suppliciis;
2631 768 2685 813 et
2719 774 2815 813 cor
2844 759 3064 824 diaboli,
3101 773 3165 814 ac
3199 760 3377 830 pessi-

1805 859 2015 899 morum
2048 848 2318 902 sociorum
2350 848 2604 905 laetificat.
2658 851 2750 904 Eia
2782 850 2974 921 igitur,
3014 850 3109 904 lilii
3149 851 3253 906 mei
3289 851 3377 904 di-

1806 933 2118 1003 lectissimi,
2147 949 2463 1008 comparate
2497 941 2654 996 vobis
2682 941 2841 996 modo
2872 942 3267 1006 innocentiam,
3308 957 3381 996 ne

1810 1025 2120 1080 moriamini
2168 1037 2294 1083 ante
2338 1039 2548 1100 tempus
2596 1043 2833 1087 vestrum
2884 1035 2950 1089 ".
2999 1034 3380 1104 Adipiscimini

1806 1116 1962 1172 vobis
2008 1132 2224 1189 quoque
2273 1129 2585 1178 sanctorum
2635 1125 3076 1195 simplicitatem,
3112 1134 3171 1180 ut
3214 1127 3282 1180 ad
3321 1140 3384 1181 se

1808 1209 2068 1266 Dominus
2094 1220 2281 1268 noster
2303 1210 2462 1268 Jesus
2485 1214 2735 1270 Christus
2763 1231 2860 1270 vos
2892 1217 3185 1286 suscipiat,
3231 1216 3382 1272 dica-

1810 1318 2038 1371 musque
2071 1319 2195 1358 cum
2230 1303 2428 1374 gaudio
2459 1320 2476 1360 :
2512 1304 2738 1374 Propter
2770 1309 3120 1362 innocentiam
3151 1318 3388 1364 nostrain

1809 1393 1877 1444 ad
1901 1401 1950 1446 te
1974 1393 2248 1462 suscepisti
2277 1409 2393 1461 nos,
2427 1403 2478 1449 et
2512 1395 2837 1464 confirmasti
2869 1414 3043 1452 coram
3075 1408 3124 1453 te
3145 1401 3208 1454 in
3230 1409 3387 1455 teter-

1811 1499 1934 1538 num
1965 1484 2033 1537 '°.
2061 1484 2258 1539 Amen.

2373 1591 2562 1633 SBCTIO
2599 1594 2820 1642 QUINTA.

2379 1670 2456 1724 De
2492 1673 2808 1728 humilitate.

602 1776 616 1812 :
671 1755 897 1826 Propter
955 1756 1193 1810 timorem
1247 1764 1418 1818 tuum.
1468 1753 1709 1819 Domine.
1743 1753 1786 1811 Β
1887 1758 2123 1826 Fratres,
2153 1761 2410 1830 propheta
2429 1762 2690 1818 dicit:Ad
2709 1779 2858 1834 quem
2883 1763 3176 1832 respiciam,
3203 1763 3304 1818 nisi
3321 1763 3392 1818 ad

1811 1851 2011 1913 mitem,
2042 1850 2292 1905 humilem
2322 1868 2384 1905 ac
2415 1861 2719 1907 trementem
2754 1870 3018 1908 sermones
3066 1870 3230 1920 meos,
3261 1871 3392 1925 quos

1812 1939 1998 2010 loquor
2021 1940 2107 1992 “2'
2138 1938 2396 1995 Dominus
2430 1956 2558 1995 vero
2588 1950 2771 1996 noster
2798 1942 2870 1996 ita
2896 1941 2948 1996 in
2981 1941 3275 2011 Evangelia
3303 1943 3386 1998 di-

1813 2030 1887 2082 cit
1926 2054 1941 2084 .-
1972 2028 2167 2084 Discite
2192 2047 2226 2083 a
2248 2047 2348 2095 me,
2386 2032 2511 2100 quia
2537 2031 2683 2085 mitis
2710 2048 2825 2085 sum
2865 2043 2914 2085 et
2954 2031 3168 2086 humilis
3205 2034 3394 2097 corde;

1813 2127 1861 2171 et
1896 2119 2165 2173 invenietis
2197 2119 2425 2190 requiem
2470 2118 2745 2174 animabus
2783 2122 2965 2174 uestris
2988 2123 3055 2174 ²¹.
3097 2121 3197 2188 Qtti
3231 2121 3395 2190 igitur

1815 2209 1918 2264 sibi
1985 2211 2321 2281 comparavit
2381 2212 2770 2277 humilitatem,
2833 2211 2948 2282 jam
2992 2212 3084 2268 Dei
3140 2211 3392 2267 altissimi

1817 2299 1990 2356 factus
2024 2311 2107 2356 est
2136 2302 2504 2358 habitaculum
2531 2319 2546 2368 ;
2578 2311 2632 2359 et
2657 2302 3019 2370 altitudinem,
3047 2319 3286 2358 amorem
3314 2304 3396 2357 in-

1820 2391 2113 2455 nocentiae,
2173 2406 2362 2462 pacem
2402 2401 2457 2446 et
2492 2393 2811 2448 charitatem
2864 2396 3089 2462 adeptus
3138 2402 3241 2448 est.
3297 2393 3394 2449 Eia

1820 2496 1950 2550 ergo
1981 2482 2344 2537 humilitatem
2375 2484 2526 2539 vobis
2549 2493 2882 2553 comparate,
2909 2493 2964 2539 et
2990 2499 3111 2539 cum
3141 2486 3394 2554 superbia

1821 2574 2004 2628 cordis
2059 2573 2394 2629 diabolorum
2443 2589 2511 2630 ne
2557 2575 2865 2630 ambuletis.
2930 2577 3193 2646 Superbia
3249 2578 3396 2633 enim

1819 2665 2002 2720 cordis
2032 2668 2279 2735 despecta
2307 2675 2389 2722 est
2421 2681 2606 2722 coram
2639 2667 2747 2723 Deo
2768 2677 2824 2722 et
2854 2671 3061 2739 angelis
3089 2669 3208 2740 ejus
3237 2678 3399 2739 atque

1823 2757 2048 2810 sanctis.
2084 2755 2340 2824 Quisquis
2373 2772 2502 2828 ergo
2545 2757 2785 2812 ambulat
2829 2773 2952 2814 cum
2986 2759 3238 2828 superbia
3276 2775 3401 2814 cor-

1824 2846 1927 2911 dis,
1969 2845 2302 2901 diabolorum
2352 2848 2625 2918 particeps
2669 2859 2774 2904 est.
2815 2847 3044 2919 Propter
3090 2849 3398 2918 superbiam

1823 2936 2003 2991 cordis
2040 2937 2287 2992 inclinati
2317 2947 2442 2992 sunt
2473 2938 2628 3003 cceli,
2659 2946 2712 2994 et
2739 2948 3009 2993 commota
3051 2937 3402 2994 fundamenta

1827 3039 2006 3093 terra,
2035 3032 2370 3084 conturbatis
2402 3031 2610 3100 abyssi,
2646 3039 2704 3086 et
2731 3030 3003 3085 deturbati
3032 3030 3206 3102 angeli
3231 3045 3262 3084 a
3289 3029 3404 3101 glo-

137 3120 358 3176 Domini
422 3119 596 3175 nostri
641 3117 768 3176 Jesu
807 3120 1009 3176 Christi
1043 3121 1108 3185 ",
1159 3130 1219 3176 ut
1265 3122 1621 3192 adimpleatur
1661 3125 1712 3178 in
1747 3127 1794 3189 α
1827 3122 1903 3175 ria
1939 3136 2057 3184 sua,
2094 3136 2158 3176 ac
2199 3119 2397 3174 diaboli
2444 3118 2570 3174 facti
2599 3131 2822 3192 propter
2862 3121 3175 3191 superbiam
3216 3121 3403 3178 cordis

137 3215 300 3270 nobis
329 3213 560 3267 verbum
610 3212 736 3267 illud
767 3211 1065 3282 Scriptura:
1094 3230 1107 3266 :
1144 3211 1200 3284 lu
1232 3223 1476 3283 tempore
1516 3214 1720 3284 requiei

137 3307 472 3378 longanimis
504 3305 624 3371 fuit,
651 3314 706 3360 et
733 3306 976 3376 possedit
1001 3314 1403 3360 testamentum.

707 3412 896 3453 SECTIO
934 3413 1172 3460 ρυΑιιτΑ.

470 3490 548 3545 De
576 3489 941 3568 simplicitate,
969 3505 1061 3544 seu
1094 3491 1406 3544 innocentia.

218 3586 440 3641 Asserit
482 3584 676 3638 beatus
718 3583 886 3638 David
936 3582 990 3637 in
1031 3581 1234 3651 Spiritu
1279 3593 1468 3638 sancto
1515 3585 1729 3639 :l’nno—

141 3691 318 3733 centes
365 3686 414 3729 et
459 3677 588 3729 recti
629 3675 962 3729 adiuuerunt
1014 3676 1168 3739 mihi,
1211 3677 1338 3745 quia
1385 3676 1610 3730 sustinui
1656 3686 1725 3744 te,

143 3772 372 3824 Domine
429 3769 567 3822 Deus
625 3768 689 3821 ¹⁸.
746 3767 871 3822 llzec
921 3769 1219 3840 pmphetia,
1274 3769 1494 3836 fratres,
1531 3777 1614 3824 est
1663 3770 1731 3823 de

143 3862 358 3917 sanctis
401 3861 492 3930 qui
533 3859 712 3930 juncti
756 3868 886 3914 sunt
927 3858 1038 3914 Deo
1076 3874 1174 3914 sua
1223 3859 1562 3926 innocentia;
1605 3859 1728 3928 quia

145 3948 470 4016 abjecerunt
503 3962 532 4000 a
585 3962 644 4002 se
677 3947 856 4001 dolum
880 3985 896 4011 ,
937 3963 1094 4017 quem
1149 3950 1442 4018 pessimum
1495 3946 1728 4001 fructum

141 4053 271 4094 esse
305 4046 576 4092 noverunt
613 4053 628 4092 :
679 4046 865 4090 contra
918 4050 1066 4100 vero,
1108 4035 1341 4090 fructum
1381 4035 1730 4102 innocentize,

143 4129 318 4184 vitam
363 4136 642 4182 teternam.
674 4125 956 4181 llominem
993 4127 1332 4182 innocentem
1388 4127 1441 4182 in
1495 4126 1734 4195 perfecto

148 4221 246 4277 Dei
291 4221 490 4279 timore
520 4219 847 4288 comperies.
883 4217 1138 4288 Quisquis
1167 4233 1287 4274 eam
1317 4219 1575 4289 possidet,
1609 4235 1734 4290 per-

150 4314 330 4368 fectus
360 4321 447 4366 est
484 4320 538 4365 et
566 4310 760 4365 similis
797 4310 938 4377 Deo;
967 4320 1020 4364 et
1057 4313 1252 4366 odores
1291 4313 1490 4366 emittit
1519 4312 1736 4368 suavis-

149 4405 324 4458 simos
361 4411 525 4471 atque
561 4409 777 4470 gratos,
808 4411 995 4470 eSIque
1024 4401 1223 4471 gaudio
1266 4411 1320 4455 et
1351 4401 1518 4471 gloria
1557 4401 1732 4472 reple-

152 4508 264 4563 tus,
295 4505 352 4551 et
385 4493 589 4565 requiei
623 4494 852 4565 spiritus
888 4492 981 4547 Dei
1027 4493 1382 4548 domicilium.
1417 4493 1729 4548 innocentia

149 4597 237 4641 est
281 4585 409 4639 thus
447 4583 588 4651 Deo;
620 4582 930 4653 quicunque
959 4582 1106 4636 illam
1154 4583 1495 4652 adipiscitur,
1538 4597 1730 4639 conse-

151 4680 344 4747 quitur
377 4675 604 4746 gloriam
638 4685 694 4729 et
722 4675 985 4730 honorem
1031 4676 1083 4729 in
1122 4675 1224 4730 hoc
1255 4676 1453 4731 saeculo
1485 4685 1648 4746 atque
1676 4675 1731 4730 in

152 4770 368 4833 futuro,
407 4777 462 4821 et
502 4782 696 4824 nomen
728 4767 844 4838 ejus
871 4767 978 4822 erit
1004 4767 1058 4821 iu
1106 4768 1512 4837 generationem
1549 4778 1604 4822 et
1637 4784 1734 4838 ge-

153 4859 525 4916 nerationem.
598 4859 1064 4925 Quemadmodum
1121 4873 1284 4927 quam
1341 4861 1524 4928 plures
1571 4857 1738 4914 silvas

153 4951 434 5006 comburit
465 4950 604 5022 ignis
628 4989 642 5013 ,
671 4950 715 5004 si
754 4950 904 5003 illum
936 4949 1241 5019 neglexeris
1276 4967 1289 5002 :
1329 4950 1402 5004 ita
1437 4950 1591 5005 dolus
1621 4951 1740 5006 ani-

152 5059 301 5098 mam
337 5051 485 5096 tuam
516 5042 810 5112 deperdet,
860 5040 903 5096 si
947 5041 999 5094 in
1039 5039 1204 5095 corde
1247 5039 1392 5094 illum
1430 5041 1737 5108 admiseris,

151 5147 467 5203 corpusque
487 5131 552 5185 ad
575 5133 691 5186 haec
726 5141 875 5186 tuum
920 5130 1315 5199 coinquinabit,
1350 5139 1405 5184 et
1436 5132 1602 5185 multa
1638 5131 1734 5186 tibi

153 5223 352 5280 all'eret
394 5222 533 5276 tnala
570 5231 625 5277 et
661 5221 879 5292 iniquas
914 5221 1285 5291 cogitationes.
1326 5221 1544 5277 Deridet
1576 5223 1735 5277 inno-

153 5323 378 5368 centem
405 5311 645 5377 dolosus,
669 5321 724 5367 et
755 5314 924 5366 bonos
949 5327 1175 5378 omnes;
1207 5322 1261 5368 et
1283 5328 1378 5368 cor
1403 5313 1520 5384 ejus
1551 5313 1736 5371 multis

152 5419 216 5458 ac
244 5402 507 5474 pessimis
532 5401 955 5473 cogitationibus
990 5417 1020 5457 a
1053 5401 1284 5457 diabolis
1313 5402 1476 5458 illatis
1506 5405 1736 5476 corripi-

227 5610 276 5642 ³⁵
321 5606 431 5662 lsa.
473 5623 620 5674 xxvr,
661 5610 750 5664 18.

829 5610 874 5644 ¹⁶
905 5608 1064 5665 Prov.
1100 5623 1213 5673 xvr,
1248 5607 1338 5664 32.
1415 5610 1457 5640 ¹⁷
1485 5609 1527 5664 ll
1551 5608 1669 5665 Pet.
1712 5627 1796 5676 nt,
1833 5611 1922 5668 15.
2001 5611 2046 5644 ⁸⁸
2092 5609 2235 5667 Psal.
2282 5625 2430 5674 xxrv,
2455 5611 2544 5666 2|.

157 5694 252 5744 ιι,
285 5679 374 5734 15.
451 5679 493 5709 ³⁸
543 5681 645 5735 lsa.
679 5694 827 5744 uvt,
857 5678 912 5734 2.
990 5680 1036 5714 ¹¹
1077 5678 1266 5735 Matth.
1308 5695 1382 5745 xl,
1423 5679 1511 5736 29.
1589 5681 1634 5712 ⁸³
1665 5680 1726 5734 M:

1825 5720 1834 5737 .
1875 5698 1954 5754 lx,
1981 5679 2073 5737 65.
2150 5681 2198 5714 ’⁸
2229 5681 2372 5738 Psal.
2401 5698 2550 5751 xstv,
2597 5683 2685 5740 18.

1827 3228 2012 3268 eorum
2041 3229 2057 3266 :
2091 3212 2262 3267 iratus
2294 3221 2378 3266 est
2413 3221 2702 3280 prepterea
2740 3213 3120 3282 Omnipotens,
3151 3223 3206 3268 et
3241 3214 3408 3283 abys—

1827 3320 1946 3358 sum
1991 3319 2206 3359 sursum
2239 3305 2418 3375 ignem
2451 3306 2706 3360 emittere
2750 3305 2898 3373 fecit,
2931 3307 3197 3375 simulque
3247 3297 3402 3360 mare

1830 3398 2048 3465 igneum
2100 3411 2318 3452 sursum
2366 3396 2630 3452 extollere
2673 3396 2889 3453 ﬂuctus.
2941 3397 3172 3468 Propter
3213 3413 3408 3468 super-

1830 3490 1973 3546 biam
2000 3491 2180 3547 cordis
2211 3490 2480 3547 infernum
2505 3491 2759 3555 instituit,
2791 3500 2846 3547 et
2865 3491 3155 3561 supplicia.
3177 3491 3410 3563 Propter

1831 3583 2139 3653 superbiam
2171 3584 2353 3639 cordis
2376 3583 2590 3639 vincula
2619 3584 2761 3640 facta
2798 3594 2925 3639 sunt
2949 3593 3006 3638 et
3033 3582 3260 3653 flagella,
3292 3582 3410 3653 qui-

1833 3678 1931 3730 bus
1979 3676 2226 3731 diabolus
2273 3677 2342 3732 ob
2387 3677 2567 3733 cordis
2609 3678 2692 3733 sui
2745 3677 3055 3747 superbiam
3104 3685 3406 3746 torquetur.

1833 3768 2060 3836 Propter
2099 3768 2406 3838 superbiam
2435 3770 2616 3825 cordis
2641 3770 2760 3841 ejus
2784 3769 2940 3825 facta:
2961 3774 3089 3826 sunt
3120 3770 3296 3841 abyssi
3328 3769 3411 3823 in-

1833 3858 2094 3925 ferorum,
2135 3871 2188 3915 et
2220 3877 2432 3918 vermes
2473 3863 2563 3933 qui
2591 3878 2702 3918 non
2732 3863 3038 3918 moriuntur
3067 3856 3116 3894 ²⁶
3151 3876 3249 3918 nec
3281 3861 3410 3917 dor-

1833 3953 2024 4007 miunt.
2073 3952 2302 4024 Propter
2329 3956 2639 4025 superbiam
2673 3956 2853 4011 cordis
2895 3953 3022 4010 facti
3056 3963 3183 4009 sunt
3214 3967 3413 4009 currus

1835 4045 1998 4113 ignei,
2037 4056 2092 4102 et
2134 4047 2490 4104 instrumenta
2529 4048 2866 4104 flammarum
2895 4047 3161 4114 ardentia,
3201 4056 3257 4102 et
3290 4061 3418 4102 car-

1833 4133 2004 4189 bones
2031 4136 2194 4205 iguis.
2234 4136 2462 4208 Propter
2495 4138 2804 4209 superbiam
2846 4139 3029 4194 cordis
3061 4138 3243 4193 omnia
3281 4151 3416 4193 con-

1837 4226 2047 4280 turbata
2099 4236 2250 4293 sunt,
2295 4227 2700 4298 conlliguntque
2751 4227 2940 4290 simul,
2983 4227 3127 4282 unde
3163 4235 3283 4280 orta
3326 4233 3415 4278 est

1837 4316 2096 4386 tyrannis.
2137 4317 2344 4372 Cuncta
2373 4318 2486 4372 haec
2513 4317 2654 4372 facta
2691 4326 2818 4371 sunt
2857 4327 3078 4387 propter
3101 4315 3412 4386 superbiam

1838 4407 2044 4462 cordis.
2087 4406 2352 4477 Superbia
2401 4409 2581 4463 cordis
2622 4407 2900 4463 hominum
2941 4422 3126 4463 coram
3165 4406 3279 4461 Deo
3318 4406 3416 4461 im.

1840 4497 2040 4552 munda
2071 4506 2155 4551 est
2192 4516 2205 4550 :
2253 4498 2415 4551 corda
2461 4512 2591 4552 vero
2629 4497 2910 4552 humiliata
2947 4505 3002 4551 et
3035 4497 3265 4552 contrita
3302 4509 3413 4551 non

1842 4585 2186 4640 abominatur
2217 4584 2376 4639 Deus.
2401 4585 2482 4639 Ad
2511 4600 2610 4640 nos
2635 4594 2840 4650 autem,
2874 4585 2970 4640 lilii
3003 4595 3059 4641 et
3085 4585 3282 4640 fratres
3305 4585 3412 4639 mei

1839 4676 2199 4742 dilectissimi,
2245 4677 2472 4733 veniens
2512 4676 2608 4732 Dei
2647 4676 2936 4732 clementia
2993 4677 3061 4733 ab
3108 4677 3410 4744 altissimis,

1839 4769 1980 4826 facta
2001 4777 2086 4824 est
2115 4769 2337 4824 humilis
2361 4784 2534 4840 usque
2556 4770 2622 4825 ad
2649 4770 2895 4824 ultimum
2927 4771 3204 4841 spiritum.
3232 4769 3414 4836 Quare

1838 4860 2134 4932 gloriemur
2161 4874 2284 4915 cum
2314 4860 2526 4915 dicente
2563 4877 2578 4914 :
2614 4859 2828 4930 Respice
2857 4861 3208 4915 humilitatem
3243 4874 3416 4914 means

1837 4963 1884 5006 et
1914 4951 2147 5006 laborem
2172 4943 2370 5015 meum,
2394 4961 2443 5006 et
2469 4952 2682 5006 dimitte
2705 4953 2832 5006 mihi
2859 4962 3074 5021 peccata
3101 4967 3216 5006 mea
3238 4953 3304 5005 ’⁸.

2413 5058 2605 5099 SECTIO
2647 5059 2840 5100 εειτί.

2438 5131 2519 5186 De
2564 5133 2817 5200 puritate.

1915 5222 2096 5280 Sacrae
2129 5231 2380 5278 asserunt
2423 5223 2739 5294 Scripturte,
2773 5225 2867 5277 lilii
2907 5223 3012 5277 mei
3053 5211 3414 5292 ἀιιοειιεείωι,

1843 5315 1987 5386 quod
2036 5329 2246 5386 magna:
2275 5313 2478 5370 divitiae
2512 5315 2584 5369 sit
2636 5329 2807 5385 purus
2835 5314 3018 5369 homo.
3053 5312 3250 5370 Dicunt
3273 5330 3416 5384 quo-

1843 5421 1949 5477 que
1980 5422 1994 5459 .
2027 5403 2207 5462 Estote
2235 5407 2428 5474 sancti,
2475 5407 2724 5476 quoniam
2773 5423 2866 5477 ego
2897 5417 3109 5464 sanctus
3151 5423 3292 5476 sum,
3337 5407 3418 5463 ait

2622 5611 2666 5645 ¹⁰
2697 5614 2873 5672 Eccle.
2904 5631 3001 5683 vn,
3028 5615 3115 5671 l8.
3190 5615 3240 5650 ’⁸
3267 5610 3423 5673 Psai.
