3860 6352
1118 318 1177 372 8.
1217 313 1494 372 ANTONII
1531 312 1598 367 Μ.
1639 307 1929 364 ΑΒΒᾹἸῚΒ
1972 304 2360 362 SERMONES.

3261 304 3370 361 (ΠΒ

131 462 247 502 rum
275 455 330 500 et
359 454 700 498 mortuorum
736 440 869 509 :qui
916 447 1094 492 autem
1137 436 1395 506 adimplet
1414 433 1697 488 consilimn
1730 436 1773 490 Α
1802 428 2050 482 habitare
2079 441 2199 480 cmn
2245 438 2562 478 susurronc.
2601 422 2950 492 Blasphemus
2990 429 3148 490 atque
3181 431 3368 493 tyran.

132 548 390 601 pistorum
429 537 549 589 sine
580 533 948 603 corruptione,
982 531 1128 586 vlvet
1175 530 1226 584 in
1255 537 1514 585 aeternum
1553 541 1615 580 ac
1647 526 1700 579 in

133 627 630 685 saeculum..Atnen.

733 733 921 774 SEC'I'IO
955 733 1111 773 NONA.

135 810 198 867 In
239 828 344 882 qua
382 810 591 882 solatur
621 825 738 863 eum
776 809 865 878 qui
906 825 959 862 se
993 806 1228 882 religioni
1251 805 1465 882 addicif
1482 803 1704 870 propria:

317 881 507 936 salutis
541 895 724 939 causa,
761 873 852 931 nec
880 873 1164 947 perseverat
1186 878 1242 930 in
1269 873 1516 944 peccatis.

201 971 347 1026 Dixit
382 967 596 1024 Psaltes
643 984 658 1021 :
701 967 894 1023 Servite
931 966 1151 1020 Domino
1191 967 1245 1018 in
1279 965 1462 1018 limare
1493 977 1511 1016 :
1544 975 1589 1015 et
1618 975 1708 1014 ea:-

135 1061 327 1115 snltate
359 1051 423 1113 ‘ei
478 1075 596 1113 cum
643 1068 868 1112 tremore
897 1057 966 1108 ⁸⁸.
1026 1054 1304 1124 Scriptura
1333 1053 1495 1108 etiam
1533 1051 1662 1105 dicit
1690 1069 1704 1106 :

142 1151 219 1207 Ne
244 1149 410 1204 alium
465 1148 650 1203 colatis
698 1146 864 1201 Deum
890 1155 1078 1215 prwler
1103 1160 1182 1199 me
1211 1143 1278 1196 “.
1305 1140 1709 1224 Expedit‘nobis

140 1259 284 1308 ergo,
323 1241 524 1296 fratres
570 1238 928 1303 dilectissimi,
989 1235 1192 1293 servire
1248 1234 1357 1290 Deo
1398 1249 1414 1288 :
1451 1235 1706 1302 quoniam

141 1334 320 1387 melius
377 1343 476 1396 est,
522 1333 597 1385 uti
650 1331 906 1385 scribitur
935 1329 1001 1392 θ’,
1053 1328 1314 1396 conﬁdere
1361 1326 1415 1381 in
1466 1324 1708 1387 Domino,

139 1440 291 1492 quam
323 1422 588 1488 conﬁdere
622 1419 676 1472 in
735 1415 1051 1471 hominibus.
1088 1414 1164 1468 Ne
1202 1413 1417 1470 solliciti
1469 1429 1600 1482 ergo
1633 1413 1710 1466 si-

143 1530 255 1568 mus
287 1514 500 1569 servire
530 1510 861 1576 hominibus,
905 1525 970 1562 ne
1004 1509 1054 1560 in
1100 1508 1317 1576 laqueos
1350 1521 1534 1560 eorum
1573 1503 1712 1557 inci-

142 1601 354 1664 damus,
384 1613 684 1668 pravasque
712 1598 948 1666 ipsorum
975 1595 1459 1666 coneupiscentias.
1496 1593 1574 1648 Ne
1596 1609 1714 1647 am-

141 1693 290 1747 bules
331 1700 458 1760 post
519 1689 1008 1760 concupiscentiam
1057 1689 1206 1743 visus
1254 1687 1528 1741 oculorum
1592 1696 1713 1739 tno-

1808 533 1908 571 nus
1938 516 2185 570 meliores
2210 524 2338 569 sunt
2386 527 2700 568 susurronc.
2749 513 2942 567 Omnia
2974 515 3193 581 peccata
3219 531 3369 568 mur-

1806 610 2110 666 muratione
2138 615 2264 661 sunt
2302 607 2532 660 minora.
2587 606 2822 660 Susurro
2849 615 2902 660 et
2936 605 3027 674 qui
3083 606 3182 675 ipsi
3212 622 3376 663 aures

1807 702 2029 770 praebet,
2060 702 2303 756 eamdem
2341 698 2580 753 referunt
2608 697 3132 752 condemnationem.
3198 698 3372 766 Expe~

1808 791 2040 846 dientius
2066 791 2159 844 tibi
2201 797 2286 844 est
2309 791 2376 843 ad
2399 788 2575 858 ignem
2602 787 2854 842 accedere
2875 795 2928 840 ct
2955 788 3223 851 comburi,
3271 803 3369 856 [m-

1818 883 1927 937 tius
1961 897 2122 952 quam
2167 879 2422 936 accedere
2452 880 2518 933 ad
2567 892 2935 934 susurronem.
2987 878 3043 932 Si
3090 878 3378 934 incesseris

1809 987 1974 1043 super
2004 972 2180 1042 picem
2205 970 2550 1026 ebullientem
2595 970 2797 1038 tibique
2825 969 3060 1033 caveris,
3089 969 3240 1024 facile
3271 969 3377 1024 sal-

1809 1079 1912 1126 vus
1930 1052 2131 1119 evades
2157 1079 2170 1115 :
2199 1071 2255 1114 at
2291 1061 2335 1115 si
2358 1055 2483 1116 c'asu
2517 1061 2794 1115 transieris
2819 1074 2982 1129 prope
3004 1074 3374 1124 susurronem,

1812 1153 1968 1223 longe
2019 1150 2213 1206 recede
2247 1149 2450 1214 abillo,
2485 1164 2552 1204 ne
2581 1149 3068 1205 irremediabilibus
3112 1160 3160 1205 te
3206 1151 3379 1221 plagis

1813 1246 2015 1308 tradat,
2047 1243 2171 1310 quia
2199 1255 2262 1296 os
2285 1238 2400 1308 ejus
2425 1241 2569 1294 omni
2599 1249 2838 1309 tempore
2863 1241 3075 1309 plenmn
3101 1251 3184 1297 est
3206 1242 3380 1295 homi-

1809 1334 1968 1394 cidiis
2001 1343 2058 1387 et
2083 1332 2380 1386 fraudibus.
2407 1330 2766 1396 Quamobrem
2799 1332 2947 1385 vobis
2971 1332 3158 1386 stricte
3188 1336 3377 1400 pratici.

1812 1427 1922 1496 pio,
1947 1434 2005 1479 ιιι
2033 1423 2267 1479 maxima
2308 1436 2410 1490 qua
2446 1423 2691 1491 potestis~
2715 1422 2859 1490 fuga,
2895 1437 2924 1474 a
2953 1411 3241 1477 susurrnne
3284 1437 3378 1476 vos

1815 1517 2130 1586 recipiatis;
2163 1516 2460 1570 monachus
2518 1514 2590 1569 sit
2623 1513 2731 1578 ille,
2783 1514 3125 1578 anachoreta,
3173 1513 3254 1568 vel
3284 1514 3382 1568 de-

1813 1619 2053 1671 certans,
2093 1608 2206 1661 sive
2231 1606 2484 1672 novitins,
2532 1605 2824 1660 dummodo
2851 1621 3073 1659 susurro
3100 1615 3202 1672 est,
3231 1607 3376 1675 quis-

1811 1701 1938 1770 quis
1969 1700 2062 1763 sit,
2092 1699 2216 1768 fuge
2239 1697 2414 1763 illum,
2442 1697 2546 1751 etsi
2573 1705 2728 1766 pater
2747 1695 2908 1750 fuerit
2927 1704 3051 1750 tuus
3075 1695 3158 1748 vel
3184 1694 3380 1760 frater;

143 1801 282 1846 rum.
312 1801 415 1839 nec
449 1799 545 1839 cor
575 1793 724 1837 tuum
754 1780 1034 1842 dissolvas,
1073 1796 1139 1835 ne
1165 1779 1372 1834 incidas
1412 1780 1465 1833 in
1491 1779 1606 1833 loca
1635 1787 1712 1832 te-

1825 1805 2041 1848 susurro
2065 1800 2169 1853 est,
2204 1789 2360 1858 longe
2400 1799 2450 1843 te
2474 1789 2542 1842 ab
2565 1789 2682 1857 ipso
2711 1787 2954 1856 recipito.
2990 1787 3214 1854 Expedit
3241 1787 3384 1840 enim

144 1876 436 1931 nebrarum
484 1875 647 1929 fumis
677 1874 832 1943 plena
875 1873 924 1925 in
953 1884 1233 1925 :Pternum.
1265 1869 1714 1940 Concupiscentia

144 1982 377 2036 namque
410 1967 551 2020 mala
599 1981 695 2020 cor
751 1965 1026 2034 pervertit,
1053 1972 1105 2018 et
1159 1973 1390 2016 mentem
1426 1969 1713 2030 permutat.

145 2057 384 2127 Longius
415 2056 580 2126 igitur
612 2056 851 2109 recedite
885 2055 953 2107 ab
981 2067 1068 2114 ea,
1103 2067 1170 2105 ne
1202 2052 1292 2105 Dei
1327 2050 1636 2105 inhabitans
1661 2049 1713 2102 in

144 2149 292 2202 vobis
325 2149 594 2200 irascatur
620 2145 874 2215 Spiritus.
907 2145 1012 2199 Vos
1041 2153 1240 2206 autem,
1281 2142 1374 2198 lilii
1405 2142 1532 2209 mei,
1564 2156 1718 2211 aequo

144 2239 379 2308 fortique
408 2247 586 2294 estote
642 2238 844 2302 animo,
874 2246 928 2291 et
959 2236 1230 2292 diabolum
1285 2235 1440 2289 llocci
1492 2235 1673 2289 ducite
1698 2273 1714 2298 ,

144 2327 401 2395 quoniam
468 2327 727 2408 habemus
774 2325 1107 2391 Creatorem,
1160 2324 1249 2394 qui
1296 2333 1492 2394 praesto
1520 2333 1604 2378 est
1653 2323 1718 2378 ad

143 2433 296 2488 Opem
329 2419 488 2473 nobis
515 2419 813 2481 ferendam,
855 2429 912 2472 ut
951 2416 1066 2484 ejus
1098 2416 1359 2472 faciamus
1388 2417 1717 2472 voluntatem

147 2521 196 2564 et
217 2519 420 2565 cuncta
460 2509 792 2579 beneplacita
839 2510 988 2564 omni
1031 2519 1290 2579 tempore.
1325 2508 1504 2575 Quare
1540 2509 1720 2562 excla-

150 2618 364 2657 niemus
391 2603 635 2655 dicentes
671 2619 684 2655 :
717 2601 854 2655 Deus
882 2601 974 2665 mi,
1011 2617 1103 2670 ego
1126 2616 1243 2654 sum
1276 2593 1470 2664 servus,
1501 2609 1548 2652 et
1577 2597 1720 2666 ﬁlius

147 2691 357 2745 ancilla:
392 2702 498 2744 tua:
522 2691 589 2742 ⁸³.
617 2690 754 2744 Deus
788 2689 877 2760 qni
909 2689 1054 2744 solus
1082 2689 1296 2757 sapiens
1327 2695 1432 2752 est,
1454 2687 1724 2742 custodiat

148 2798 262 2846 vos,
295 2793 355 2836 ut
388 2783 715 2837 ext-rescatis
767 2781 818 2835 in
851 2781 1104 2848 cperibus
1140 2780 1348 2834 Domini
1379 2780 1551 2835 nostri
1597 2779 1722 2834 Jesu

149 2875 373 2943 Christi,
404 2876 490 2930 cui
523 2875 690 2945 gloria
722 2876 771 2928 in
805 2885 1085 2928 nitentum.
1120 2873 1311 2929 Amen.

727 3027 916 3076 SECTLO
943 3026 1158 3068 DECIHA.

243 3148 466 3216 Oportet
493 3165 588 3202 nos
611 3149 894 3212 plurimum
934 3165 1113 3202 cavere
1134 3165 1165 3201 a
1191 3147 1382 3218 linguis
1412 3148 1621 3202 nostris.

217 3241 482 3296 Dominus
513 3249 697 3294 noster
725 3238 880 3294 Jesus
902 3239 1152 3296 Christus
1173 3240 1223 3294 in
1250 3255 1348 3294 suo
1370 3254 1526 3294 sacro
1558 3239 1727 3293 Evan-

149 3331 292 3401 gelio
327 3331 486 3385 nobis
521 3330 652 3384 dicit
696 3347 711 3384 :
759 3328 960 3383 Intrate
991 3347 1082 3400 per
1122 3339 1398 3400 angustam
1437 3329 1722 3399 portam“.

152 3425 293 3478 Dicit
324 3424 454 3477 item
488 3437 504 3475 :
539 3419 642 3476 Per
663 3423 856 3476 multas
894 3420 1256 3475 tribulationes
1295 3430 1490 3489 oportet
1514 3436 1606 3475 nos
1644 3421 1727 3473 in-

150 3527 293 3570 trare
321 3517 378 3568 in
428 3531 645 3582 regnum
669 3515 737 3569 ⁸³.
795 3513 934 3580 Quid
969 3522 1150 3567 autem
1189 3514 1260 3568 sit
1299 3525 1454 3583 porta
1501 3524 1728 3584 angusta

151 3623 247 3678 per
279 3621 450 3677 quam
479 3605 634 3660 nobis
671 3604 980 3659 intrandum
1013 3615 1114 3670 est,
1145 3605 1344 3660 fratres
1369 3604 1726 3669 dilectissimi,

152 3699 204 3755 id
240 3699 404 3753 nobis
439 3697 660 3766 sapiens
707 3695 963 3751 Salomon
1013 3697 1206 3765 aperit,
1242 3697 1370 3751 dum
1412 3696 1542 3752 dicit
1571 3715 1586 3751 :
1621 3695 1730 3749 Fili

153 3787 243 3850 ini,
266 3801 335 3838 ne
373 3785 648 3852 permittas
684 3786 764 3836 ori
792 3793 903 3849 tuo,
929 3793 983 3837 ut
1009 3786 1300 3853 aperiatur,
1326 3801 1388 3838 ne
1405 3795 1577 3854 peccet
1606 3802 1730 3840 caro

152 3888 241 3930 tua
280 3875 354 3930 “.
400 3873 624 3930 Necnon
676 3893 690 3928 :
729 3873 800 3929 0s
835 3875 1005 3939 stulti,
1039 3875 1282 3928 contritio
1307 3875 1423 3944 ejus
1449 3875 1517 3929 ⁸⁷.
1561 3875 1730 3930 Adni-

154 3981 339 4026 tamur
364 3985 496 4038 ergo
523 3968 706 4023 oribus
729 3969 930 4023 nostris
957 3967 1154 4023 fortem
1176 3983 1375 4036 ponere
1408 3969 1732 4034 custodiam,

154 4080 220 4120 ne
248 4061 381 4118 mali
407 4061 701 4130 quidquam
731 4060 1088 4130 proferamus,
1120 4059 1372 4127 quoniam
1399 4075 1578 4114 sermo
1605 4074 1732 4127 pra-

154 4169 256 4211 vus
287 4153 506 4209 cunctis
533 4152 752 4206 venenis
781 4151 929 4222 pejor
960 4161 1061 4205 est.
1091 4151 1282 4206 Omnia
1305 4152 1522 4205 vulnera
1543 4169 1737 4208 curan-

155 4256 273 4312 tur;
307 4243 506 4298 vulnus
559 4257 688 4298 vero
712 4242 904 4309 lingua:
952 4242 1155 4297 nullam
1185 4244 1520 4299 curationem
1555 4246 1734 4301 hbet.

153 4336 366 4406 Lingua
403 4334 659 4389 draconis
688 4341 912 4403 praastat
967 4333 1146 4404 lingua
1178 4336 1512 4400 susurronis,
1537 4338 1626 4404 qui
1656 4345 1740 4390 est

1816 1881 1986 1949 magis
2025 1878 2348 1934 commorari
2392 1891 2518 1931 cum
2572 1877 2730 1931 leone
2767 1885 2820 1931 et
2848 1875 3034 1938 leavna,
3076 1889 3385 1944 quamcum

1813 1985 2132 2032 susurrone.
2159 1969 2269 2025 Nec
2317 1980 2370 2024 te
2407 1968 2607 2036 pudeat
2633 1967 2755 2037 fuga
2802 1966 2870 2020 ab
2900 1965 2988 2021 illo
3016 1967 3286 2031 recedere,
3321 1981 3388 2022 ne

1812 2061 2031 2132 peccati
2058 2075 2264 2116 veneno
2295 2068 2346 2115 te
2373 2058 2598 2114 inliciat.
2621 2059 2719 2114 Eia
2755 2057 2937 2127 igitur,
2960 2056 3054 2111 ﬁlii
3085 2057 3210 2122 tnei,
3242 2073 3388 2111 mur-

1813 2154 2176 2210 murationem
2207 2153 2397 2224 fugite,
2420 2161 2476 2207 et
2510 2150 2726 2207 silentio
2750 2159 2944 2204 navale
2964 2164 3182 2219 cperam
3207 2164 3222 2215 ;
3262 2150 3388 2219 quia

1818 2246 2035 2303 silentio
2062 2246 2278 2302 deditus
2306 2258 2474 2314 prope
2502 2243 2670 2298 Deum
2703 2252 2789 2298 est
2818 2251 2874 2297 et
2919 2241 3140 2312 angelos
3170 2241 3312 2311 ejus,
3332 2251 3390 2295 et

1813 2339 1876 2393 in
1905 2337 2188 2394 altissimis
2217 2337 2531 2394 collocatus.
2565 2334 2820 2391 Dominus
2855 2343 3034 2388 autem
3071 2333 3222 2397 dicit,
3247 2331 3390 2402 quod

1823 2439 1953 2484 tunc
1982 2426 2255 2482 custodiet
2281 2425 2398 2479 vias
2426 2433 2563 2487 tuas,
2592 2422 2806 2491 quando
2829 2421 2942 2490 ipse
2976 2429 3096 2476 tuos
3119 2420 3391 2476 custodias

1828 2532 2110 2577 sermones
2139 2516 2208 2569 ⁸⁸.
2231 2516 2493 2584 Dicetque
2527 2513 2680 2569 nobis
2704 2521 2987 2582 propterea
3014 2513 3065 2565 in
3093 2511 3180 2566 die
3215 2511 3392 2564 visita-

1817 2612 1988 2669 .tionis
2015 2617 2216 2664 nostra:
2265 2629 2278 2662 :
2327 2606 2529 2662 Beatus
2554 2620 2637 2668 es,
2695 2603 2881 2670 Israel,
2941 2604 3030 2672 qui
3067 2603 3302 2668 custodis
3330 2617 3394 2656 os

1823 2714 1997 2758 tuum.
2028 2700 2161 2766 Quis
2183 2697 2377 2754 similis
2413 2706 2496 2752 est
2527 2695 2646 2748 tui?
2703 2695 2840 2750 Deus
2873 2703 3052 2750 autem
3097 2709 3191 2751 vos
3215 2701 3392 2750 scrvct

1817 2807 1958 2864 pace
1985 2806 2082 2847 sua
2115 2801 2277 2860 atque
2303 2787 2496 2860 gratia.
2524 2788 2718 2840 Amen.

2353 2895 2540 2934 SECTIO
2573 2892 2864 2934 UNDECIIA.

1998 2974 2071 3028 De
2096 2974 2356 3041 sapientia
2384 2981 2431 3026 et
2471 2970 2843 3040 intelligentia,
2872 2985 2961 3022 seu
2990 2971 3230 3023 scientia.

1901 3067 2044 3122 Dicit
2093 3067 2313 3134 sapiens
2359 3062 2616 3120 Salomon
2639 3062 2684 3094 ‘9
2715 3077 2730 3116 :
2763 3060 3094 3128 Principium
3129 3061 3400 3130 capientur:

1749 3125 1794 3183 ο
1835 3169 1912 3212 est
1951 3159 2112 3210 timor
2142 3155 2378 3210 Domini.
2420 3153 2656 3208 Scientia
2709 3152 2892 3220 itaque
2939 3152 3180 3220 aperanti
3210 3166 3401 3206 secun-

1817 3252 1960 3304 dum
2000 3247 2117 3311 eius
2167 3254 2390 3310 statuta,
2426 3245 2628 3313 optima
2679 3253 2782 3300 est.
2831 3241 3104 3295 Aitetiam
3125 3241 3210 3293 σοι
3246 3241 3402 3294 Omni

1828 3338 2100 3408 diligentia
2145 3335 2348 3390 custodi
2403 3350 2492 3388 cor
2523 3343 2710 3398 tuum,
2748 3332 2994 3402 quoniam
3037 3332 3234 3386 semitm
3282 3333 3402 3384 vitat

1828 3445 1893 3483 ea:
1931 3427 2010 3482 Itis
2058 3426 2364 3494 procedunt.
2413 3421 2548 3478 Nam
2596 3432 3012 3476 consentaneum
3074 3428 3195 3483 est,
3253 3428 3311 3474 ut
3350 3420 3404 3474 in

1833 3530 2018 3576 nostro
2048 3517 2312 3588 regimine
2343 3515 2559 3570 solliciti
2591 3514 2784 3575 simus,
2809 3528 2874 3566 ne
2900 3511 3049 3566 stulti
3082 3511 3400 3582 habeantur,

1838 3612 2037 3668 stultus
2069 3620 2246 3664 autem
2280 3608 2439 3662 nauci
2471 3606 2728 3670 ducitur;
2762 3604 2986 3673 ideoque
3013 3602 3230 3665 dicitur,
3263 3601 3405 3672 quod

1833 3705 2031 3761 stultus
2053 3713 2111 3757 et
2147 3703 2455 3756 inserts-atus
2501 3713 2604 3753 una
2658 3706 2906 3767 pereunt,
2934 3705 2988 3748 et
3049 3695 3101 3747 in
3139 3693 3282 3747 nullo
3311 3693 3407 3746 ho-

1835 3811 1968 3852 nore
1991 3797 2275 3850 habentur.
2306 3791 2446 3846 Dicit
2477 3800 2735 3861 praeterea
2776 3788 3028 3842 Salomon
3060 3804 3074 3842 :
3115 3785 3212 3842 Ira
3263 3784 3409 3839 stulti

1834 3905 1894 3942 eo
1931 3889 2080 3957 pejor
2109 3895 2184 3939 est
2227 3883 2295 3935 ⁸¹.
2343 3881 2559 3938 Necnon
2600 3899 2623 3965 ᾗ
2669 3879 2848 3934 Durus
2871 3879 3025 3934 corde
3047 3878 3098 3931 in
3132 3876 3298 3930 multa
3325 3877 3408 3928 in-

1835 3955 2130 4034 cidetmala
2152 3977 2198 4008 "
2223 4015 2239 4040 ,
2287 3985 2343 4030 et
2388 3955 2747 4041 ossibuswejus
2779 3986 2884 4027 non
2922 3981 3003 4026 est
3023 3969 3251 4032 sanitas,
3319 3983 3401 4022 ne-

1837 4083 1942 4137 que
1971 4066 2149 4120 anima
2185 4063 2300 4132 ejus
2327 4063 2566 4132 requiem
2621 4062 2984 4126 nanciscetur,
3037 4068 3093 4114 et
3142 4063 3193 4118 itt
3241 4070 3412 4116 morte

1837 4159 1954 4228 ejus
1998 4173 2104 4213 non
2163 4169 2247 4212 est
2299 4156 2514 4226 requies
2549 4170 2725 4225 neque
2781 4157 2977 4212 honor.
3031 4154 3208 4209 Homo
3243 4153 3414 4209 elatus

1840 4251 2003 4306 corde
2032 4247 2282 4319 omnibus
2305 4257 2389 4302 est
2440 4261 2661 4313 exosus,
2695 4247 2836 4316 quod
2873 4260 3038 4317 Opera
3086 4245 3228 4300 illius
3254 4244 3415 4298 nimis

1842 4339 2080 4394 fastnosa
2113 4339 2260 4406 sint;
2320 4346 2715 4409 pr0ptereaque
2755 4337 2808 4392 in
2861 4337 3028 4392 multa
3075 4336 3263 4392 incidit
3297 4350 3431 4405 pec;

153 4448 184 4486 a
214 4431 460 4502 pessimo
488 4427 723 4492 diabolo,
765 4427 890 4496 quia
922 4427 1072 4484 rixas
1093 4437 1148 4483 et
1174 4429 1322 4483 acria
1352 4430 1653 4484 certamina
1685 4430 1734 4484 in
1772 4457 1816 4512 υ
1843 4441 1984 4486 cata.
2033 4427 2226 4492 Omnia
2291 4438 2516 4499 peccata
2570 4442 2754 4482 coram
2807 4426 2920 4482 Deo
2968 4435 3096 4481 sunt
3141 4426 3416 4494 despecta,

155 4521 340 4578 medio
372 4518 578 4574 excitat
615 4517 871 4584 fratrum,
905 4525 961 4572 et
986 4518 1281 4573 seditiones
1309 4532 1374 4572 ac
1406 4518 1547 4573 mala
1569 4520 1734 4574 serui-

155 4621 254 4668 nat
281 4612 431 4666 inter
456 4608 734 4680 pacificos,
777 4615 833 4662 et
867 4609 1315 4679 congregationes
1359 4609 1588 4680 dissipat
1615 4611 1734 4680 plu-

157 4707 350 4761 rimas.
385 4703 443 4757 Si
472 4703 539 4757 ad
585 4710 638 4756 te
670 4701 817 4755 illum
869 4701 1075 4770 ingredi
1121 4703 1454 4771 permiseris,
1485 4703 1737 4758 omnibus

156 4795 517 4869 dignitatibus
550 4791 805 4864 spoliabit
833 4801 907 4848 te.
939 4792 1256 4860 Quicunque.
1277 4792 1587 4850 societatem
1614 4808 1736 4848 cum

159 4891 253 4947 illo
283 4886 525 4948 iniverit,
549 4886 664 4955 jam
699 4884 986 4940 homicidis
1016 4892 1067 4938 et
1101 4883 1543 4942 interlicientibus
1569 4885 1746 4955 gladio

157 4983 342 5037 factus
368 4987 455 5034 est
476 4978 680 5040 socius,
716 4976 843 5046 quia
867 4975 1133 5030 homicida
1161 4982 1216 5027 et
1242 4989 1467 5030 susurro
1491 4977 1743 5032 eumdem

157 5074 476 5146 producunt
516 5070 789 5135 catulum;
831 5083 956 5122 nam
988 5067 1032 5120 si
1073 5065 1253 5137 gladio
1284 5081 1392 5119 non
1427 5066 1746 5122 interimunt

159 5180 235 5232 te,
273 5181 340 5220 eo
375 5173 430 5218 te
457 5162 726 5217 adducent
757 5159 946 5216 eodem
976 5159 1217 5212 vulnere.
1251 5155 1456 5227 Lingua
1495 5172 1746 5218 susurro-

158 5261 250 5315 nis
276 5259 424 5313 haud
456 5253 720 5310 absimilis
762 5260 847 5307 est
895 5252 1098 5306 morsui
1135 5249 1339 5304 colubri
1386 5265 1400 5302 :
1434 5249 1544 5304 into
1580 5251 1749 5320 magis

156 5368 224 5407 ex
232 5350 388 5423 pedit
406 5347 653 5403 habitare
669 5359 790 5399 cum
807 5343 1028 5398 colubro
1047 5351 1102 5396 et
1121 5339 1431 5410 scorpione,
1450 5355 1610 5409 quam
1643 5355 1748 5395 una

238 5587 454 5645 “'Psal.
488 5603 549 5652 tl,
579 5586 665 5640 il.

243 5664 428 5710 l-chle.
462 5675 515 5710 ν.

157 5678 205 5705 δ’
242 5664 428 5716 Eccle.
462 5675 515 5716 v.

160 5678 205 5705 δ’
242 5667 428 5717 Eccle.
462 5675 515 5721 v,
546 5667 630 5710 δε
694 5667 732 5686 ⁵⁷
768 5667 924 5709 I'rov.
957 5669 1110 5716 xvttt,

160 5750 336 5800 xxvtt,
396 5732 452 5786 5.
543 5727 589 5759 ⁸³
615 5725 772 5780 Prov.
807 5725 1114 5786 X3tht,14,

420 5826 694 5886 ΡΔτιιοι.
744 5824 861 5882 Gtt.
912 5821 1044 5882 XL.

738 5585 782 5616 ⁸¹
816 5584 983 5639 Exod.
1016 5599 1107 5648 xx,
1134 5583 1188 5638 3.

694 5656 736 5686 ⁸⁷
768 5655 924 5709 Prov.
957 5669 1110 5716 xvttt,
1146 5656 1196 5708 7.

1188 5725 1233 5758 ⁵³
1262 5723 1420 5780 Prov.
1460 5737 1534 5787 tx,
1561 5721 1610 5775 7.

1264 5583 1307 5612 δ’
1341 5581 1477 5636 Psal.
1510 5595 1674 5646 vatt,
1699 5579 1752 5633 8.

1305 5654 1350 5683 "
1377 5653 1530 5706 Prov.
1561 5667 1658 5726 xm
1689 5690 1704 5717 ,
1734 5651 1796 5718 5;
1831 5665 1945 5716 xxt,
1968 5651 2057 5704 ‘23.
2130 5649 2208 5726 _"
2233 5651 2390 5706 l’rov.
2423 5667 2463 5718 ι,
2492 5649 2544 5705 7.

1843 4523 1937 4578 sed
1966 4520 2209 4576 omnium
2255 4516 2741 4586 despicatissimum
2803 4525 2890 4571 est
2935 4517 3183 4586 superbia
3213 4516 3415 4571 cordis.

1843 4612 2162 4679 Quicunque
2218 4618 2312 4664 aut
2363 4608 2501 4679 petit
2554 4617 2650 4661 aut
2701 4607 2794 4662 dat
2852 4607 3133 4664 consilium
3188 4607 3419 4674 superbo

1843 4702 2026 4768 corde,
2055 4700 2248 4756 similis
2276 4708 2360 4753 est
2384 4697 2678 4755 cll'undenti
2737 4712 2931 4767 aquam
2966 4699 3020 4765 in
3053 4712 3144 4752 vas
3176 4697 3418 4767 perfora-

1849 4802 1961 4846 tum
1990 4808 2004 4846 :
2036 4790 2118 4846 vel
2149 4790 2225 4844 illi
2257 4788 2451 4846 similis
2475 4799 2578 4856 est,
2617 4787 2711 4858 qui
2743 4788 3162 4849 transvolantem
3189 4788 3420 4857 alloqui-

1846 4891 1935 4940 tur
1957 4895 2131 4938 avem.
2155 4881 2487 4938 Societatem
2507 4897 2629 4934 cum
2656 4881 2889 4937 dracone
2919 4889 2973 4934 et
2997 4880 3168 4951 hydro
3188 4871 3422 4948 pessimo

1848 4975 2008 5040 inire,
2035 4972 2416 5044 expedientius
2466 4981 2572 5039 est,
2598 4987 2758 5041 quam
2787 4986 2910 5027 cum
2953 4971 3186 5040 superbo
3210 4971 3374 5025 corde
3403 4988 3419 5024 :

1849 5081 2020 5138 quare
2062 5065 2403 5122 insensatum
2435 5064 2526 5134 qui
2592 5064 2794 5126 erudit,
2823 5063 3120 5132 exprobrat
3151 5062 3322 5130 legem
3352 5061 3420 5113 ⁸³.
3448 5091 3458 5124 ._

1849 5160 2024 5213 Draco
2067 5158 2116 5212 si
2171 5158 2446 5213 hominem
2497 5156 2694 5210 nudum
2717 5153 2935 5218 viderit,
2960 5152 3141 5224 capite
3190 5144 3451 5206 demisso

1858 5251 2148 5305 retrocedit
2184 5269 2198 5304 :
2247 5259 2302 5302 at
2352 5249 2517 5302 homo
2545 5247 2812 5316 superbus
2839 5245 3006 5300 corde
3038 5245 3184 5299 nullo
3211 5247 3422 5315 capitur
3475 5302 3479 5307 ,

1856 5342 2060 5413 pudore
2089 5349 2308 5416 propter
2336 5338 2724 5412 nequissimam
2752 5337 2932 5394 cordis
2952 5337 3070 5408 ejus
3093 5337 3421 5407 superbiam.
3455 5327 3460 5332 ’

1830 5581 1873 5610 ⁸³
1899 5579 2040 5632 r’sal.
2079 5594 2200 5640 csv,
2238 5579 2321 5632 16.
2397 5581 2443 5611 “
2465 5578 2652 5635 Matth.
2684 5596 2782 5642 vn,
2813 5581 2900 5638 15.
2977 5582 3159 5636 "Act.
3195 5579 3419 5643 “v.21.

1831 5665 1945 5710 xxt,
1968 5651 2057 5704 ‘23.
2163 5649 2208 5682 "
2233 5651 2390 5706 l’rov.
2423 5667 2463 5710 ι.
2492 5649 2544 5705 7.
2652 5651 2701 5682 ⁸⁰
2737 5650 2897 5710 Prov.
2930 5669 3003 5710 tv.
3029 5654 3118 5706 23.
3193 5653 3236 5683 ⁸¹
3265 5652 3419 5706 Prov.

2787 5668 2897 5707 rov.
2930 5669 3003 5718 tv,
3029 5663 3118 5706 23.
3193 5663 3236 5683 "
3265 5663 3422 5706 t’rov.

3036 5813 3108 5874 31
