3860 6356
487 340 589 399 971

1579 328 1853 385 PATRES
1892 328 2185 385 ΛΞΟΥΡΤΙΙ
2227 329 2498 388 SAL'CULI
2538 333 2629 389 IV.

3634 334 3757 395 οη

492 456 753 515 Diabolus
803 455 967 509 etiam
998 453 1067 508 ob
1106 450 1287 505 cordis
1319 448 1400 505 sui
1432 448 1739 517 superbiam
1764 461 1795 502 e
1815 447 1952 502 caelo
1974 447 2069 502 de-
2098 452 2146 509 Α
2173 464 2338 504 meam
2369 451 2642 517 suscepisti
2671 467 2772 518 me,
2831 462 2879 507 et
2901 455 3227 523 conﬁrmasti
3262 471 3344 512 me
3388 455 3449 511 in
3478 467 3732 526 conspectu

478 548 740 604 turbatus
769 555 874 601 est.
903 542 1014 599 Vos
1038 540 1162 611 ipsi,
1200 555 1293 595 vos
1323 539 1600 608 corrigite,
1642 548 1695 591 et
1719 546 1938 608 peccata
1970 552 2063 593 ve-

482 650 604 696 stra
626 651 809 694 coram
844 636 952 691 Deo
982 643 1038 689 et
1068 633 1265 688 vestris
1289 629 1584 700 majoribus
1617 628 1980 694 conﬁtemini,
2005 637 2066 683 ut

491 744 591 784 vos
616 726 728 799 ipse
755 725 977 792 exaltet,
1007 723 1137 794 quia
1187 735 1430 777 summus
1459 720 1549 775 ille
1582 719 1635 773 in
1666 718 1821 774 oculis
1852 726 1958 781 est,
2010 724 2065 772 et

486 821 722 878 humiles
749 835 778 873 a
820 820 978 889 longe
1010 814 1254 885 respicit.
1300 813 1397 868 Eia
1428 826 1569 867 nunc
1596 810 1777 881 igitur,
1814 808 1906 864 filii
1937 807 2062 872 mei,

486 914 836 969 decertamus
885 907 1182 965 secundum
1217 919 1398 960 veram
1459 902 1829 973 optimautque
1851 900 2068 969 sapien-

488 1001 644 1068 tiam,
676 1014 745 1055 ne
767 998 834 1053 de
862 997 1022 1052 nobis
1064 992 1426 1063 adimpleatur
1464 988 1748 1052 Scriptura
1778 984 1877 1039 illa
1909 1001 1922 1038 :
1963 981 2070 1038 Cor

486 1090 636 1146 stulti
672 1089 728 1143 in
759 1088 975 1142 sinistra
1022 1084 1136 1155 ejus
1154 1083 1233 1150 ";
1289 1080 1385 1135 sed
1434 1085 1493 1132 ut
1523 1077 1588 1131 de
1616 1076 1771 1129 nobis
1796 1074 2010 1127 dicatur
2051 1091 2064 1127 :

488 1180 804 1237 Intellectus
845 1177 1109 1247 sapientis
1143 1176 1197 1230 in
1229 1174 1417 1230 dextra
1453 1171 1590 1241 ejus.
1646 1168 1890 1234 Itemque
1939 1160 2069 1216 illud

490 1272 799 1329 Psalmistaa
833 1289 847 1325 :
881 1268 1075 1323 Manus
1109 1278 1201 1322 (aa
1232 1265 1447 1319 deducet
1490 1278 1593 1326 me,
1635 1268 1682 1313 et
1729 1257 1944 1311 dextera
1979 1264 2071 1306 tua

485 1362 712 1429 suscepit
756 1375 838 1414 me
872 1358 943 1414 ⁸⁸.
989 1357 1131 1412 Deus
1157 1363 1336 1409 autem
1362 1353 1435 1409 sit
1477 1349 1754 1406 vobiscum
1784 1342 2061 1401 omnibus.

484 1454 682 1507 Amen.

1008 1549 1196 1592 SECTIO
1222 1544 1549 1589 DUODECIIA.

1059 1629 1134 1681 De
1168 1624 1506 1680 uerecundia.

2167 550 2257 595 tuo
2286 544 2338 595 in
2368 552 2620 598 (sternunt
2649 545 2716 599 ⁵⁷.
2743 545 2941 601 Amen.

2602 650 2790 692 SECTIO
2830 653 3025 694 υεειιιιι
3064 654 3285 695 TERTIA.

2727 725 2797 779 De
2827 743 2961 781 uana
2997 728 3188 798 gloria.

2241 813 2380 869 Dicit
2437 815 2722 884 propheta,
2773 814 2972 872 fratres
3009 817 3391 873 dilectissimi:
3426 817 3623 872 Panem
3650 820 3731 873 de-

2166 905 2497 959 siderabilem
2530 921 2632 960 non
2672 906 2871 960 comedi
2899 907 2969 968 ".
3007 924 3172 979 neque
3198 908 3421 979 gloriam
3474 911 3731 977 concupiui

2166 995 2437 1050 hominum
2457 995 2524 1050 ".
2566 995 2630 1050 Et
2660 995 2918 1051 Dominus
2973 1006 3161 1052 noster
3192 997 3285 1067 qui
3322 998 3626 1053 animarum
3651 1014 3735 1052 no-

2168 1099 2404 1145 strarum
2435 1083 2907 1144 commiseratione
2961 1087 3198 1155 ducitur,
3225 1089 3279 1143 in
3310 1102 3471 1144 sacro
3503 1088 3733 1159 Evange-

2167 1180 2241 1237 lio
2267 1180 2400 1236 dicit
2427 1196 2443 1235 :
2482 1177 2572 1235 Va:
2607 1180 2770 1242 vobis,
2808 1180 2855 1231 si
2909 1180 3145 1234 dixerint
3180 1182 3243 1234 de
3272 1181 3413 1234 uobis
3437 1182 3575 1235 bona
3599 1183 3733 1236 sertis

2168 1282 2216 1327 et
2240 1270 2533 1342 gloriﬁcent
2565 1286 2673 1336 vos,
2694 1279 2744 1325 et
2771 1270 2994 1340 gloriam
3026 1269 3118 1324 Dei
3150 1286 3254 1323 non
3271 1272 3517 1340 quwretis
3546 1272 3614 1325 “.
3647 1272 3733 1326 De-

2169 1373 2441 1419 certemus
2488 1362 2653 1433 igitur
2695 1377 2794 1417 nos
2846 1363 3009 1416 etiam
3032 1362 3114 1427 ;ad
3143 1372 3369 1417 mortem
3398 1378 3576 1432 usque
3602 1377 3737 1417 van:

2172 1455 2356 1526 gloria:
2406 1454 2747 1517 obsistendo,
2796 1451 3023 1524 ejusque
3069 1452 3337 1523 pessimos
3364 1454 3735 1509 abscindamns

2171 1560 2378 1611 ramos,
2417 1561 2486 1600 ne
2522 1550 2591 1599 ad
2624 1545 2947 1615 supplicium
2980 1544 3362 1614 perducamur.
3396 1543 3551 1600 Vana
3585 1545 3733 1616 gloria

2171 1637 2426 1694 cordibus
2471 1636 2675 1692 nostris
2724 1636 2989 1691 dominari
3023 1636 3260 1692 assolet:
3299 1636 3384 1692 cui
3414 1651 3549 1692 vero
3579 1636 3731 1690 domi-

562 1720 749 1778 Sacrte
772 1727 1024 1776 asserunt
1055 1717 1350 1786 Scriptura:
1376 1714 1445 1777 ",
1470 1711 1741 1782 duplicem
1773 1722 1895 1765 esse
1926 1720 2067 1762 vere-

2174 1738 2302 1784 nata
2341 1738 2424 1783 est
2451 1714 2589 1782 vana
2619 1727 2810 1798 gloria,
2832 1728 2900 1782 ad
2931 1728 3437 1783 condemnationem
3468 1737 3559 1784 est
3582 1727 3729 1783 desti-

488 1813 782 1871 cundiam:
821 1826 928 1865 ulla
966 1825 1033 1864 ex
1072 1821 1180 1878 qua
1240 1805 1515 1863 θηθεεῖῐυτ
1564 1811 1872 1874 Peccatum,
1905 1799 2073 1853 altera
2103 1795 2149 1853 Β
2178 1829 2337 1873 natus
2383 1795 2793 1888 suppliciorum,
2847 1833 2911 1873 ac
2950 1833 3068 1873 sese
3114 1819 3167 1871 in
3220 1817 3552 1873 sacriﬁcium
3600 1816 3738 1873 oll’ert

499 1916 633 1959 vero
679 1916 744 1958 ex
797 1915 902 1971 qua
930 1898 1203 1954 enascitur
1249 1896 1422 1967 gloria
1463 1904 1518 1950 et
1558 1893 1750 1964 gratia.
1808 1893 2075 1946 Asserunt

494 1993 662 2052 etiam
714 1991 1134 2047 iuverecundum
1176 1985 1427 2043 omnibus
1479 1999 1712 2047 exosum,
1742 1983 2075 2052 despectum-

495 2097 605 2155 que
635 2097 796 2149 esse;
828 2080 1164 2137 verecundus
1188 2092 1316 2132 vero
1338 2074 1664 2131 verecundia
1694 2087 1793 2128 sua
1821 2072 1890 2127 ad
1918 2084 2073 2126 vere-

488 2175 744 2232 cundiam
766 2172 1030 2229 elevatur.
1070 2167 1410 2226 Verecundia
1459 2168 1530 2224 ob
1562 2173 1905 2221 contractum
1944 2177 2072 2234 pec-

489 2272 676 2322 catum
701 2276 971 2332 verasque
993 2260 1199 2330 pudor,
1234 2268 1316 2314 est
1348 2258 1496 2313 utilis
1526 2254 1852 2312 verecundia
1877 2272 1892 2321 ;
1923 2267 2071 2309 vere-

485 2354 687 2411 cundia
723 2367 855 2409 vero
881 2366 949 2406 ex
980 2365 1086 2421 qua
1129 2348 1406 2405 enascitur
1440 2357 1746 2416 peccatum.
1781 2352 1867 2400 est
1897 2356 1962 2398 ea
1990 2355 2073 2396 ve-

487 2443 751 2504 recundia
805 2456 927 2513 qua:
982 2440 1209 2507 impedit
1252 2452 1321 2493 ne
1364 2433 1704 2493 exsecutioni
1749 2432 2075 2488 mandentur

489 2535 588 2591 Dei
607 2543 896 2606 praecepta.
929 2530 1048 2587 Filii
1085 2530 1213 2595 mei,
1242 2538 1450 2594 cavete,
1495 2544 1564 2583 ne
1614 2541 1831 2597 operam
1865 2524 2075 2595 injusti-

486 2628 580 2684 tiae
608 2626 818 2683 navetis
866 2634 922 2680 et
966 2621 1409 2693 oppressionibus
1458 2634 1520 2673 ac
1545 2617 1774 2686 judicio,
1800 2633 1902 2672 uec
1950 2633 2073 2670 cum

486 2717 723 2775 eﬂ'usorc
752 2715 1029 2785 sanguinis
1056 2710 1373 2774 ambuletis;
1418 2709 1512 2763 sed
1548 2709 1788 2763 omnium
1837 2707 2070 2761 maxime

489 2824 716 2865 munera
764 2814 1136 2876 acceptantem
1176 2815 1232 2859 et
1280 2812 1619 2858 exercentem
1668 2815 1859 2855 usuras
1887 2801 2073 2869 fugite,

488 2914 561 2955 ne
584 2899 872 2970 capiamini
897 2912 1084 2951 amore
1110 2894 1343 2964 argenti,
1379 2895 1521 2947 sicut
1541 2892 1611 2945 illi
1648 2910 1661 2946 :
1690 2892 1952 2961 siquidem
1984 2906 2076 2945 ar-

403 2971 412 2980 .
485 2991 639 3063 genti
671 3005 823 3046 amor
853 2990 1017 3044 multa
1060 2990 1173 3045 suis
1217 2988 1551 3043 amatoribus
1578 2985 1742 3043 infert
1770 2986 1931 3041 mala.
1968 2984 2075 3041 Ca-

490 3091 616 3138 vete
659 3095 729 3136 ne
790 3092 1013 3151 propter
1061 3077 1443 3133 verecundiam
1494 3077 1866 3144 consentiatis,
1911 3086 2075 3148 atque

488 3172 833 3229 concurratis
865 3183 985 3226 cum
1018 3170 1358 3227 multitudine
1425 3171 1476 3224 in
1504 3170 1681 3225 dolum
1722 3179 1777 3224 et
1805 3169 2060 3225 fraudem.

487 3263 691 3320 Cavete
723 3262 921 3328 adhuc,
968 3275 1037 3318 ne
1098 3272 1318 3331 propter
1358 3261 1735 3315 verecundiam
1775 3262 1918 3329 quod
1980 3275 2071 3315 ve-

488 3365 663 3411 strum
693 3368 797 3410 non
828 3362 933 3418 est,
966 3353 1381 3421 concupiscatis.
1417 3354 1555 3408 Odio
1588 3367 1656 3406 ne
1691 3353 1891 3407 habeas
1913 3361 2071 3408 aetate

485 3453 794 3524 provectas,
834 3451 891 3499 et
924 3444 1131 3510 viduas,
1181 3458 1387 3500 necnon
1438 3457 1705 3513 pauperes
1755 3442 2071 3512 parentibus

482 3539 745 3605 orbatos;
797 3538 920 3608 iuge
968 3546 1145 3592 tamen
1200 3537 1414 3590 viduam
1470 3536 1695 3601 fatuam,
1729 3544 1784 3590 et
1839 3534 2071 3605 pupillos

487 3624 814 3694 cognitionis
841 3635 1114 3694 expertes.
1147 3623 1291 3679 Cave
1316 3623 1556 3688 omnino,
1583 3639 1648 3679 ne
1674 3624 1860 3695 litigiis
1888 3624 2070 3694 capia-

482 3716 587 3782 ris,
612 3718 707 3773 sed
737 3732 769 3772 a
802 3718 1242 3773 contentionibus
1295 3716 1450 3787 longe
1493 3715 1748 3771 recedito.
1786 3715 1919 3771 Cum
1953 3732 2069 3770 mu-

478 3807 619 3863 “liere
657 3806 803 3863 fatua
833 3822 967 3864 cave
1001 3807 1260 3880 loquaris.
1307 3817 1402 3861 aut
1439 3823 1559 3863 cum
1585 3808 1891 3876 reprobata,
1926 3822 2067 3875 prino

486 3905 674 3958 sertim
702 3912 907 3968 autem,
933 3919 1053 3973 quae
1082 3902 1277 3973 injuria
1309 3902 1473 3959 allicit
1515 3903 1681 3968 viros,
1713 3906 2069 3974 quernadmo-

482 3995 614 4050 dum
651 3993 719 4048 de
742 3993 830 4049 illa
853 3995 1115 4065 scriptum
1151 4005 1255 4051 est.
1318 3994 1395 4049 Ne
1430 4005 1481 4049 te
1502 3994 1700 4063 pudeat
1727 3996 1979 4049 recedere
2001 3995 2068 4048 ab

486 4085 593 4140 illis
620 4084 713 4152 qui
763 4094 1125 4156 pervagantur
1165 4087 1218 4141 in
1272 4084 1483 4155 plateis,
1528 4099 1590 4139 ac
1616 4098 1716 4154 per
1736 4083 1985 4139 civitates
2010 4093 2063 4139 et

484 4176 806 4232 solitudines
843 4186 1051 4244 errant,
1092 4179 1215 4245 quia
1246 4174 1462 4245 plurimi
1497 4174 1600 4230 hoc
1632 4174 1774 4244 capti
1825 4182 1952 4229 sunt
1982 4175 2063 4229 la-

478 4284 642 4337 queo.
694 4263 810 4326 Sed
839 4276 1175 4325 revertamur
1212 4284 1353 4325 nunc
1394 4269 1461 4323 ad
1510 4267 2062 4336 eamverecundianv,

479 4376 601 4433 quae
631 4361 814 4432 gloria:
844 4370 898 4417 et
939 4362 1123 4433 gratiae
1155 4368 1237 4417 est
1272 4358 1452 4430 plena.
1507 4356 1585 4414 Ne
1608 4366 1661 4414 te
1691 4358 1855 4429 igitur
1882 4356 2063 4414 facere

2172 1909 2495 1980 praesidibus
2522 1909 2706 1979 abyssi
2740 1907 3034 1964 inferorum
3057 1924 3071 1972 ;
3101 1908 3399 1978 similisque
3416 1919 3500 1963 eat
3523 1906 3734 1970 homini,

2172 2002 2264 2071 qui
2298 2016 2491 2072 aquam
2523 2001 2739 2072 reponit
2767 2002 2832 2056 ad
2862 2015 3016 2057 suam
3047 2000 3192 2055 sitim
3224 1999 3507 2055 levandam
3542 1999 3598 2054 in
3624 1991 3737 2054 va'se

2175 2092 2470 2164 perforato.
2507 2090 2659 2163 Fuge
2690 2107 2883 2147 vanam
2907 2092 3133 2164 gloriam
3174 2110 3187 2149 :
3218 2090 3399 2162 plures
3424 2091 3574 2146 enim
3596 2091 3737 2145 inter-

2176 2186 2358 2241 ierunt
2409 2199 2574 2241 causa
2635 2184 2813 2249 illius;
2861 2184 3243 2252 hominemque
3299 2185 3368 2239 ad
3420 2182 3736 2253 multiplices

2176 2275 2436 2345 compulit
2456 2275 2690 2345 labores;
2717 2274 2939 2344 jejunis,
2965 2290 3169 2345 preces,
3206 2275 3384 2344 plures
3411 2274 3629 2345 vigilias
3653 2289 3738 2328 no-

2175 2374 2415 2430 cturnas,
2440 2363 2809 2432 eleemosynas
2849 2365 3047 2419 multas
3072 2379 3256 2420 coram
3295 2365 3609 2420 hominibus
3628 2379 3738 2419 ero-

2177 2466 2331 2525 gatas
2360 2470 2425 2509 ac
2474 2454 2574 2510 alia
2627 2454 2921 2525 ejusmodi;
2959 2444 3153 2525 quibus
3184 2456 3398 2511 demum
3435 2456 3573 2510 nihil
3613 2454 3738 2510 aliud

2177 2555 2541 2617 consequetur
2573 2547 2674 2601 nisi
2707 2546 3078 2603 confusionem
3117 2555 3172 2602 et
3196 2545 3571 2617 opprobrium.
3605 2546 3738 2600 lianc

2176 2658 2310 2711 ergo
2340 2640 2612 2713 fugiamus
2641 2641 2855 2694 inanem
2890 2639 3140 2711 gloriam,
3169 2640 3293 2709 quia
3338 2640 3598 2696 omnibus
3638 2639 3737 2694 dia-

2179 2733 2314 2789 bolis
2355 2733 2504 2804 pejor
2551 2744 2654 2789 est.
2722 2733 2779 2787 Si
2826 2742 3005 2788 autem
3066 2732 3211 2788 nulla
3264 2740 3446 2789 exstat
3494 2733 3551 2787 in
3600 2730 3738 2787 nobis

2176 2842 2312 2882 vana
2358 2826 2551 2896 gloria,
2615 2826 2681 2879 ad
2741 2840 2932 2896 magna
2980 2826 3298 2881 ostentanda
3343 2840 3411 2883 ne
3444 2841 3774 2891 curramus,.

2178 2935 2247 2974 ne
2290 2920 2620 2973 intereamus
2677 2926 2988 2988 propterea,
3027 2928 3085 2974 et
3137 2918 3530 2988 multiplicibus
3567 2933 3739 2974 eorum

2178 3012 2347 3065 ramis
2384 3009 2742 3080 implicemur,
2803 3010 3063 3080 quoniam
3105 3009 3303 3066 diaboli
3353 3010 3532 3066 inanis
3572 3010 3738 3081 glori:

2179 3104 2331 3159 multi
2360 3112 2488 3159 sunt
2508 3101 2684 3162 nimis.
2724 3101 2795 3157 At
2826 3102 3121 3173 impensius
3163 3104 3332 3158 multo
3361 3103 3635 3174 inquirere
3654 3101 3729 3156 ad-

2177 3197 2415 3251 nitamur
2438 3203 2747 3251 sanctorum
2778 3194 3006 3266 gloriam
3030 3207 3325 3265 eorumque
3354 3200 3737 3264 paupertatem,

2175 3299 2233 3344 ut
2284 3303 2454 3344 suave
2510 3287 2637 3343 illud
2692 3287 3216 3356 comprehendamus
3269 3285 3363 3341 Dei
3428 3285 3738 3356 eloquium:

2171 3376 2601 3456 Beatipauperes
2628 3377 2844 3447 spiritu,
2894 3378 3143 3447 quoniam
3166 3376 3400 3446 ipsorum
3429 3384 3509 3430 est
3539 3388 3741 3446 regnum

2172 3469 2419 3523 calorum
2449 3467 2517 3521 σι.

2617 3591 2805 3633 SEC‘I‘IO
2846 3593 3040 3637 DECIIA
3070 3594 3303 3643 QUARTI.

2635 3691 2708 3747 De
2744 3693 2913 3762 gloria
2945 3703 2994 3747 et
3020 3696 3289 3762 patientia.

2244 3807 2382 3861 Dicit
2415 3806 2671 3861 Dominus
2701 3817 2885 3861 noster
2906 3805 3064 3863 Jesus
3093 3808 3339 3863 Christus
3361 3810 3417 3864 in
3464 3826 3621 3866 sacro
3649 3824 3741 3865 suo

2170 3900 2459 3969 Evangelio
2492 3916 2507 3952 :
2564 3898 2627 3952 In
2682 3902 2935 3967 patientia
2958 3910 3126 3953 vestra
3174 3901 3511 3957 lucrabimiui
3544 3905 3740 3957 animas

2168 4004 2365 4048 vestras
2405 3992 2472 4045 θ’,
2509 3988 2730 4047 Necnon
2765 4009 2780 4046 :
2811 3992 2919 4059 Qui
2944 3994 3253 4048 sustinuerit
3282 4011 3445 4065 usque
3490 3996 3545 4051 in
3570 3997 3739 4064 ﬁnem.

2168 4087 2252 4140 hic
2278 4084 2454 4139 salvus
2475 4084 2577 4138 erit
2605 4083 2674 4137 ⁸³.
2700 4083 2919 4151 Quanto
2947 4086 3120 4154 magis
3146 4100 3276 4156 ergo
3302 4086 3354 4141 in
3387 4089 3622 4143 veritate
3645 4102 3740 4142 uo-

2168 4176 2251 4231 bis
2277 4174 2629 4230 laborandum
2656 4184 2713 4229 et
2748 4174 3120 4230 sustinendum
3160 4178 3286 4240 erit,
3321 4187 3379 4231 ut
3407 4192 3472 4233 ea
3508 4193 3627 4248 qua:
3651 4193 3740 4232 uo—

2165 4268 2251 4324 bis
2279 4268 2333 4323 in
2384 4267 2537 4325 ctelis
2578 4278 2766 4339 parata
2796 4277 2926 4324 sunt
2954 4270 3394 4339 consequamur?
3441 4273 3737 4343 Antequam

2165 4362 2232 4418 ad
2261 4362 2537 4431 sanguinis
2586 4361 2901 4416 etfusionem
2954 4362 3378 4431 pervenerimus,
3428 4377 3499 4419 ne
3549 4363 3739 4435 glorie-

476 4454 681 4525 pudeat
719 4453 979 4525 quidquid
1002 4463 1085 4509 est
1108 4452 1402 4509 secundum
1434 4450 1767 4507 voluntatem
1795 4449 1910 4513 Dei,
1959 4466 2060 4506 nec
2092 4471 2135 4528 υ
2164 4471 2320 4522 mur;
2377 4446 2554 4509 nullus
2596 4455 2739 4510 enim
2788 4453 2982 4509 artifex
3018 4455 3087 4510 de
3124 4469 3288 4524 opere
3310 4469 3409 4512 suo
3456 4465 3735 4527 antequam

478 4546 538 4602 in
569 4559 733 4616 opere
789 4544 1040 4601 veritatis
1101 4544 1243 4599 celes
1276 4554 1350 4609 te,
1389 4558 1493 4599 nec
1523 4543 1733 4598 Domini
1783 4542 2061 4599 doctrinas

477 4638 725 4694 ediscere
776 4646 869 4692 aut
923 4638 1086 4692 verba
1123 4636 1403 4707 sapientiae
1434 4635 1704 4713 verearis,
1736 4644 1827 4689 aut
1859 4643 1949 4688 tua
1975 4649 2062 4689 sa-

477 4730 685 4785 cerdoti
717 4738 807 4785 tuo
829 4738 1050 4799 peccata
1100 4730 1314 4800 aperire
1373 4736 1425 4783 te
1456 4728 1675 4798 pudeat.
1728 4726 2056 4798 Principem,

477 4829 572 4876 aut
602 4822 824 4877 divitem
871 4821 1354 4882 immisericordem
1404 4833 1472 4873 ne
1505 4821 1719 4887 timeas,
1757 4829 1850 4872 aut
1879 4833 2060 4875 verea-

474 4913 553 4968 ris
577 4921 873 4982 potentem,
917 4911 1001 4967 vel
1029 4916 1342 4983 tyrannum,
1370 4916 1713 4979 peccatorem
1744 4918 1838 4962 aut
1875 4923 2058 4978 perpe-

2164 4546 2497 4612 absolvatur,
2527 4544 2813 4616 gloriatur,
2862 4543 2956 4597 sed
2996 4541 3226 4599 artiﬁcio
3247 4542 3360 4613 jam
3392 4544 3652 4614 perfecto.
3682 4541 3737 4597 Si

2161 4638 2308 4693 enim
2354 4637 2812 4692 ambulaverimus
2841 4636 3135 4691 secundum
3173 4634 3480 4702 veritatem,
3527 4644 3584 4690 et
3607 4634 3737 4689 dileo

2162 4729 2407 4784 xerimus
2440 4729 2566 4785 o'dio
2590 4743 2689 4784 nos
2717 4728 3002 4791 habentes,
3038 4736 3093 4781 et
3133 4731 3277 4796 quod
3306 4726 3464 4783 nobis
3496 4727 3610 4783 ﬁeri
3640 4742 3735 4781 no-

2162 4820 2365 4887 lumus,
2392 4821 2546 4876 alteri
2577 4835 2684 4876 nou
2715 4821 3022 4885 fecerimus,
3045 4827 3101 4875 et
3123 4820 3489 4875 amaverimus
3514 4834 3696 4889 pacem
3716 4858 3731 4878 .

2164 4912 2521 4968 humilitatem
2568 4912 2680 4981 jam
2728 4926 2915 4966 sumus
2969 4910 3267 4966 consecuti.
3319 4909 3377 4965 Si
3431 4912 3731 4980 superbiam

474 5010 734 5059 tratorem
790 5002 1159 5073 iniquitatum.
1212 5000 1550 5057 Vereeuudia
1582 5000 1649 5056 ad
1682 4999 1894 5070 aliquod
1930 5014 2058 5068 pec-
2159 4999 2342 5053 cordis
2368 4998 2495 5054 odio
2524 4998 2898 5063 habuerimus,
2923 4998 3035 5068 jam
3059 5000 3306 5055 inimicos
3327 4999 3610 5070 amplexati
3639 5014 3731 5052 su-

470 5103 651 5149 catum
673 5095 1093 5165 perpetrandum
1138 5107 1207 5148 ne
1238 5092 1517 5148 seducaris
1550 5101 1643 5146 aut
1672 5090 1965 5155 induceris,
1989 5104 2056 5145 ne
2160 5103 2282 5142 mus
2305 5098 2541 5143 nostros.
2576 5087 2632 5143 Si
2696 5089 3138 5145 benedixerimus
3171 5089 3612 5145 maledicentibus
3636 5105 3726 5142 no-

470 5183 560 5239 illa
590 5193 641 5240 te
673 5185 932 5253 perducat
964 5184 1031 5238 ad
1083 5183 1377 5253 pessimum
1406 5180 1725 5250 supplicium
1763 5196 1777 5233 :
1828 5190 2051 5248 propter
2142 5181 2262 5245 'bis,
2282 5180 2394 5249 jam
2425 5180 2637 5236 frenum
2669 5181 3029 5252 imposuimus
3055 5182 3245 5236 oribus
3265 5183 3487 5236 nostris.
3518 5180 3572 5237 Si
3597 5180 3727 5236 dile-

468 5286 750 5349 peecatum
812 5276 958 5332 enim
991 5273 1179 5347 gloriae
1208 5273 1537 5328 vestimento
1583 5260 1919 5341 exspoliatus
1965 5281 2050 5326 est
2161 5273 2407 5328 serimus
2436 5270 2918 5341 charitatem,jam
2957 5273 3217 5340 optimum
3241 5272 3589 5341 praestitimus
3613 5269 3721 5325 cul-

467 5372 653 5425 homo.
682 5370 823 5424 Deus
863 5382 995 5437 ergo
1046 5365 1331 5422 scientiam
1359 5363 1516 5417 vobis
1549 5362 1836 5424 concedat,
1887 5372 1939 5415 et
1973 5363 2049 5417 in-
2150 5371 2289 5430 tum,
2318 5363 2550 5419 vicimus
2579 5364 2818 5430 taedium,
2868 5361 3267 5433 multiloquium
3296 5373 3354 5418 et
3398 5365 3578 5418 odium
3599 5377 3719 5431 erga

462 5458 592 5514 duat
618 5460 886 5528 sapientia
930 5458 1117 5531 gloriae
1164 5466 1220 5513 et
1250 5455 1641 5525 intelligentiae,
1674 5462 1732 5507 ut
1776 5455 2046 5508 exclame-
2146 5454 2475 5522 proximum.
2499 5454 2631 5510 Cum
2668 5457 2785 5510 haec
2815 5454 2996 5509 omnia
3025 5455 3377 5526 compleverit
3399 5457 3577 5517 homo,
3613 5466 3718 5509 tum

457 5560 587 5606 mus
638 5564 739 5606 nos
793 5564 1009 5622 quoque
1051 5549 1291 5606 dicentes
1344 5564 1361 5603 :
1408 5541 1636 5616 Propter
1690 5544 2042 5599 itmocentiam
2145 5546 2430 5617 glorietur,
2465 5553 2524 5600 ut
2574 5546 2665 5601 ille
2700 5546 2793 5617 qui
2850 5555 2963 5601 tota
3017 5548 3107 5602 die
3137 5556 3220 5602 est
3246 5560 3526 5620 operatus,
3571 5546 3716 5617 juxta

531 5683 577 5718 ⁸⁸
597 5684 777 5745 Eccle.
853 5704 906 5751 χ,
938 5688 993 5745 9..
1106 5688 1151 5721 ⁸⁸
1182 5686 1324 5742 Psal.
1366 5699 1633 5753 cxxxvm,
1668 5681 1755 5737 10.
1872 5680 2067 5753 l"Eccl

2174 5698 2223 5746 v,
2253 5681 2346 5753 25.
2418 5681 2470 5753 1⁵⁷
2510 5682 2651 5737 Psal.
2680 5697 2767 5748 xc,
2807 5681 2897 5753 l5.
2970 5682 3016 5715 ⁸⁸
3048 5683 3179 5737 Dan.
3220 5700 3273 5751 ι,
3308 5683 3365 5739 '5.
3441 5685 3487 5717 ”
3524 5682 3714 5741 Jerem.

459 5767 594 5816 uti.
625 5756 710 5815 16.
819 5759 865 5792 ⁸⁸
887 5758 1044 5817 Joau.
1079 5776 1134 5820 v.
1175 5759 1264 5818 44.
1343 5751 1696 5819 “statim,
1723 5753 1775 5808 5.
1853 5753 1897 5786 “
1935 5751 2064 5809 Luc.

2176 5771 2211 5821 ι,
2249 5752 2332 5807 l9.
2410 5751 2457 5784 “
2483 5752 2673 5807 Matth.
2708 5769 2761 5812 Χ.
2794 5752 2899 5819 ἳὲς
2928 5769 3073 5819 xstv,
3108 5753 3192 5809 i5.
