3860 6330
158 271 266 330 973

1164 273 1222 329 S.
1264 273 1544 330 ANTONII
1584 275 1654 330 Μ.
1697 274 1988 331 ABBATIS
2028 275 2394 334 SERMONES

3313 285 3421 342 9η

161 390 440 459 Evangelii
490 391 859 446 testimonium
892 393 958 454 ⁸³,
1005 400 1059 445 et
1093 407 1213 445 cum
1263 393 1455 448 liducia
1511 393 1746 463 postulet
1780 398 1824 454 Α
1854 403 2000 460 sine,
2039 409 2104 449 ne
2133 394 2474 464 indiligentes
2507 407 2765 451 vocemur
2793 409 2847 451 et
2883 397 3038 468 p'gri.
3076 396 3285 454 Dictum
3309 400 3422 471 jam

162 482 472 534 mercedem
505 496 697 547 suam;
756 480 896 536 Deus
931 483 1076 538 enim
1114 494 1297 538 noster
1341 484 1480 538 haud
1517 485 1747 554 injustus

158 581 265 633 est,
298 573 395 625 sed
422 571 721 642 unicuique
751 573 938 627 tribuit
959 574 1256 633 secundum
1288 577 1499 630 merita.
1525 571 1618 631 ille
1648 592 1745 630 au—

165 673 275 718 tem
308 663 506 719 beatus
551 673 633 719 est
668 665 953 728 dicendus,
988 666 1076 736 qui
1127 667 1431 722 humilitate
1463 670 1746 724 victoriam

160 765 634 822 esteonsecutus,
671 763 726 810 et
768 770 867 810 suo
892 767 1132 825 tempore
1183 758 1642 826 glorificabiturin
1668 762 1748 816 al-

163 847 416 911 tissimis,
453 857 515 901 ut
558 847 823 904 Lazarus.
892 847 1058 905 Nobis
1099 861 1279 905 autem
1335 852 1746 907 exclamandum

159 947 267 1000 est,
293 947 466 1005 atque
495 938 782 993 dicendum
817 956 832 994 :
873 938 1138 1005 Quoniam
1161 940 1468 996 humiliatus
1516 959 1654 1008 sum,
1683 944 1750 997 li-

160 1027 356 1082 lerasti
393 1046 498 1094 me,
523 1030 778 1095 Domine;
802 1041 1074 1099 revertere,
1102 1033 1281 1088 anima
1307 1049 1421 1088 mea
1443 1075 1457 1100 ,
1482 1035 1550 1089 ad
1577 1035 1748 1090 locum

161 1121 360 1189 requiei
393 1133 502 1175 tute
527 1123 581 1175 in
603 1131 857 1176 teternum
881 1122 947 1176 ⁸⁸.
977 1123 1170 1178 Amen.

613 1228 806 1269 SECTlO
844 1228 1039 1269 DECIMA
1080 1229 1299 1278 QUINTA.

730 1305 806 1360 De
829 1306 1197 1381 intelligentia.

233 1395 387 1450 Dixit
415 1396 620 1465 psaltes
656 1395 822 1451 David
856 1414 870 1451 :
921 1396 1147 1465 Eloquia
1191 1406 1281 1451 tua
1323 1399 1503 1453 dulcia
1540 1409 1659 1454 sunt
1695 1416 1750 1452 tn

161 1487 410 1557 faucibus
437 1487 589 1551 meis,
624 1503 734 1556 prae
760 1487 914 1542 melle
949 1488 1004 1540 in
1038 1503 1125 1542 ore
1153 1505 1265 1542 meo
1283 1489 1357 1544 “.
1397 1488 1528 1544 Item
1561 1505 1574 1541 :
1609 1489 1750 1568 Con-

163 1580 278 1634 silia
314 1579 504 1634 cordis
537 1579 656 1648 ejus
683 1579 855 1635 electa
901 1587 1027 1634 sunt
1071 1595 1180 1649 prae
1218 1580 1488 1650 lapidibus
1529 1585 1752 1652 optimis

163 1671 447 1738 pretiosis.
476 1667 615 1723 Vere
649 1669 844 1725 beatus
869 1681 954 1726 est
989 1669 1076 1724 ille
1122 1671 1216 1741 qui
1248 1672 1505 1742 evigilat,
1537 1682 1591 1727 et
1622 1674 1750 1728 facit

162 1770 439 1830 pmcepta
481 1758 691 1814 Domini
733 1762 904 1816 nostri
949 1761 1078 1816 Jesu
1122 1739 1364 1828 Christi,
1397 1739 1568 1819 donec
1601 1780 1749 1821 asse-
1784 1739 1824 1794 Β

163 1863 368 1922 quatur
401 1868 590 1906 veram
616 1852 732 1919 ejus
762 1853 1066 1920 scientiam,
1097 1863 1153 1908 ut
1181 1853 1362 1908 dicere
1389 1855 1558 1922 possit
1588 1874 1602 1910 :
1637 1856 1748 1910 Ad-

164 1944 432 1997 mirabilis
481 1955 555 1997 est
599 1945 819 1998 scientia
859 1953 949 1998 tua
981 1945 1047 1996 ⁸⁷.
1093 1943 1326 1998 Inﬁtlelis
1380 1960 1514 1999 cave
1547 1946 1650 2012 sis,
1685 1962 1751 2001 ne

165 2033 442 2088 irascatur
470 2034 564 2102 qui
605 2047 704 2091 nos
727 2035 953 2087 creavit.
987 2033 1308 2103 Quicunque
1328 2033 1472 2088 enim
1507 2050 1614 2089 non
1636 2051 1751 2089 am-

163 2124 319 2178 bttlat
378 2125 682 2180 secundum
739 2135 942 2178 rectam
1004 2124 1199 2189 fidem,
1257 2139 1439 2179 escam
1479 2126 1753 2182 vermibus

164 2218 375 2284 praebet
422 2216 514 2284 qui
547 2231 652 2269 non
691 2216 988 2281 dormiunt,
1041 2225 1094 2271 et
1129 2217 1361 2286 principi
1405 2219 1750 2272 tenebrarum

166 2316 373 2362 mactat
396 2308 683 2374 victimas;
723 2307 948 2378 ejusque
984 2308 1207 2377 spiritus
1247 2307 1454 2363 alienus
1487 2310 1546 2363 fit
1583 2324 1612 2362 a
1643 2311 1751 2363 vita

165 2410 397 2462 aeterna,
426 2407 483 2453 et
512 2399 802 2454 manifeste
839 2401 1039 2456 recedit
1071 2416 1098 2453 a
1138 2400 1263 2455 Deo.
1303 2400 1502 2456 Eorum
1531 2401 1751 2471 quidem

165 2491 416 2562 plerique
451 2493 546 2562 qui
601 2492 653 2547 in
691 2492 880 2547 inferis
922 2500 1086 2558 sunt,
1131 2506 1197 2548 eo
1223 2492 1560 2549 infidelitatis
1585 2508 1750 2548 causa

170 2596 438 2656 aguntur.
490 2585 722 2655 Propter
779 2585 1150 2640 infidelitatem
1213 2586 1754 2656 incredulitatemque

166 2678 447 2732 duxerunt
468 2677 734 2748 originem
763 2677 945 2736 omnia
975 2692 1039 2733 ea
1060 2676 1220 2742 mala,
1244 2691 1364 2746 qua:
1386 2677 1440 2732 in
1467 2678 1752 2733 Dominum

167 2780 418 2825 nostrum
444 2767 629 2824 Jesum
673 2769 945 2824 Christum
976 2781 1282 2840 perpetrata
1327 2779 1471 2824 sunt.
1513 2769 1620 2824 Sed
1657 2785 1754 2825 ne-

167 2878 270 2933 que
328 2863 385 2916 in
439 2861 588 2916 illum
627 2875 656 2916 a
703 2863 933 2916 mortuis
987 2872 1357 2932 resurgentem
1403 2861 1754 2918 crediderunt

167 2953 361 3024 perfidi
393 2953 491 3019 illi,
527 2964 586 3009 ut
621 2954 752 3008 salvi
791 2955 1000 3009 lierent.
1036 2951 1129 3009 Vae
1171 2955 1246 3010 illi
1277 2955 1641 3026 generationi!
1673 2971 1753 3010 va:

168 3047 393 3101 miseris
435 3062 623 3102 eorum
651 3045 966 3101 animabus!
999 3045 1098 3112 Qui
1133 3046 1411 3102 incredula
1440 3049 1749 3115 annuntiat,
1779 3069 1824 3128 α

169 3150 261 3193 aut
295 3139 534 3209 corripit
561 3137 646 3193 vel
674 3139 830 3193 docet
866 3138 1014 3192 illum
1036 3177 1052 3205 ,
1101 3139 1295 3194 similis
1328 3148 1412 3194 est
1438 3140 1642 3195 homini
1677 3140 1752 3195 illi

167 3232 258 3301 qui
304 3229 737 3300 pretiosissimas
778 3244 1021 3300 gemmas
1080 3229 1135 3283 in
1193 3229 1518 3298 profundum
1571 3229 1755 3298 dejicit

168 3323 358 3376 maris.
423 3319 888 3387 Quemadmodum
941 3328 1092 3391 aqua‘
1139 3320 1192 3374 in
1243 3320 1505 3375 declivem
1549 3330 1752 3375 terram

169 3414 439 3478 decurrit,
470 3422 522 3467 et
549 3427 615 3468 eo
641 3428 765 3468 cum
806 3413 1006 3482 impetu
1045 3412 1248 3480 fertur;
1289 3415 1365 3468 ita
1393 3415 1613 3469 verbum
1650 3415 1755 3468 Do-

167 3510 301 3563 ntini
344 3506 528 3562 inﬂuit
570 3507 623 3560 in
661 3507 897 3561 animam
929 3506 1123 3562 fidelis.
1157 3506 1252 3560 Eia
1296 3506 1478 3575 igitur,
1522 3505 1616 3560 lilii
1649 3507 1756 3561 mei

169 3596 542 3661 dilectissimi,
580 3596 747 3664 fugite
781 3595 1154 3651 infidelitatem
1195 3605 1451 3665 tanquam
1489 3596 1754 3652 malorum

167 3686 419 3741 carnium
475 3685 784 3754 originem,
839 3696 900 3740 ut
949 3687 1120 3758 magis
1172 3690 1450 3758 magisque
1499 3689 1758 3746 Dominus

170 3779 533 3851 glorificetur,
580 3777 805 3848 ejusque
849 3789 1037 3833 sancta
1081 3783 1426 3836 resurrectio.
1455 3780 1758 3839 Credamus

168 3873 341 3941 igitur
361 3871 418 3924 in
445 3885 640 3925 nomen
669 3870 876 3926 Domini
911 3870 1005 3926 Dei
1039 3871 1217 3925 Patris
1237 3912 1252 3936 ,
1278 3885 1332 3927 et
1357 3872 1502 3937 Filii,
1541 3884 1596 3929 et
1631 3873 1755 3945 Spi-

169 3964 310 4019 ritus
341 3964 553 4027 sancti,
602 3973 661 4017 ut
705 3977 803 4018 nos
841 3963 971 4018 illud
1020 3964 1278 4033 scriptum
1331 3967 1759 4033 comprehendat

166 4059 399 4111 verbum
431 4073 445 4108 :
479 4053 583 4119 Qui
600 4055 818 4108 credunt
843 4055 895 4108 in
919 4054 1226 4118 Dominum,
1259 4065 1413 4110 erunt
1439 4057 1573 4110 sicut
1606 4073 1756 4112 mons

169 4145 299 4203 Sion
325 4162 346 4200 :
375 4146 503 4216 quia
551 4162 654 4200 non
695 4146 1100 4201 commovebitur
1138 4148 1194 4199 in
1233 4157 1518 4213 retentum,
1559 4149 1648 4216 qui
1681 4156 1760 4202 est

168 4241 222 4292 in
269 4237 572 4293 Jerusalem
611 4237 656 4269 ⁸⁸
701 4256 714 4291 :
765 4236 980 4291 lirninm
1035 4240 1235 4308 quippe
1278 4251 1589 4294 sanctorum
1641 4255 1760 4294 om-

168 4332 320 4386 nium
353 4329 766 4386 fundamentum
812 4327 945 4383 fides
971 4338 1090 4396 est,
1127 4343 1250 4398 -qna
1283 4345 1375 4382 ora
1409 4331 1758 4385 occluserunt

1849 499 2064 555 quoque
2087 495 2171 541 est
2198 505 2210 540 :
2246 487 2302 540 Si
2332 487 2640 556 possederis
2661 487 2997 558 diligentiam
3025 489 3244 559 bonam,
3271 491 3426 548 bona:

1853 576 2048 630 mentis
2076 578 2350 646 particeps
2389 577 2521 632 eris.
2559 577 2659 643 Qui
2693 578 2830 632 bona
2871 578 3146 650 diligentia
3169 589 3255 638 est
3282 597 3424 653 prte-

1851 664 2017 729 ditus,
2052 668 2306 738 templum
2330 668 2440 738 jant
2467 667 2642 724 factus
2665 678 2748 745 est
2777 671 2892 739 Dei,
2919 685 3224 743 nomenque
3246 675 3426 732 hono-

1855 755 2314 814 rilicentissimum
2348 759 2452 815 sibi
2483 762 2841 830 comparavit,
2868 764 3032 820 nimis
3052 765 3336 833 dilabitur,
3360 783 3426 824 ae

1854 835 2138 902 thesauros
2163 850 2317 904 bonis
2339 851 2798 909 cumulatissimos
2836 855 3202 912 nanciscetur.
3231 857 3429 916 Beatus

1851 938 1942 1006 qui
1977 937 2225 1009 invigilat
2253 942 2318 994 ad
2368 951 2580 1012 portam
2623 943 2922 1012 sapientiae.
2967 946 3170 1002 Contra
3199 949 3428 1021 diligen-

1854 1037 1960 1083 tem
1986 1028 2464 1100 invigilantemque
2487 1033 2766 1102 passiones
2798 1049 3138 1108 nequaquam
3167 1039 3429 1108 praevale-

1853 1119 2005 1174 bunt.
2035 1119 2092 1176 Si
2120 1131 2299 1177 autem
2331 1125 2588 1180 ceciderit
2612 1138 2833 1196 propter
2859 1129 3082 1186 fraudes
3113 1132 3426 1202 tentatoris,

1854 1212 2034 1266 Statim
2064 1214 2225 1284 erigit
2254 1213 2403 1270 illum
2434 1217 2712 1286 diligentia
2745 1230 2908 1289 atque
2938 1221 3237 1291 vigilantia.
3270 1223 3430 1279 Incu-

1755 1339 1757 1341 ι
1853 1302 1966 1358 rius
2019 1314 2198 1359 autem
2242 1319 2307 1361 ac
2345 1307 2498 1376 piger
2542 1309 2870 1381 minimeque
2912 1311 3094 1369 divino
3139 1313 3429 1386 invigilans

1852 1394 2042 1460 cultui,
2078 1397 2122 1450 si
2157 1397 2422 1454 ceciderit
2451 1409 2674 1470 propter
2699 1401 2899 1458 diaboli
2937 1404 3284 1473 tentationes,
3318 1421 3429 1463 non

1853 1484 2082 1539 advertit
2136 1497 2414 1555 peccatum
2469 1492 2610 1560 quod
2663 1502 2958 1563 perpetrat,
3019 1495 3146 1565 quia
3187 1510 3282 1552 cor
3304 1497 3426 1568 ejus

1853 1575 2028 1630 inStar
2053 1578 2250 1648 lapitﬁs
2273 1590 2355 1636 est
2380 1581 2595 1644 durum.
2624 1591 2680 1638 et
2701 1583 2878 1639 simile
2897 1585 3106 1642 domito
3134 1586 3428 1657 vinctoque

1855 1667 2022 1734 mulo,
2074 1684 2234 1739 quem
2278 1671 2536 1726 continuo
2588 1674 2959 1729 conscendunt
3011 1675 3234 1732 minime
3287 1677 3432 1733 relu-

1853 1765 2112 1826 ctantem,
2135 1761 2586 1830 quemadmodum
2625 1763 2894 1835 scriptum
2916 1774 3004 1838 est
3035 1783 3050 1820 :
3096 1768 3432 1824 Assimilatus

1852 1861 1923 1904 est
1943 1851 2198 1920 jumentis
2223 1893 2238 1917 ,
2267 1854 2456 1921 quibus
2505 1871 2608 1909 non
2635 1866 2712 1911 est
2741 1856 3043 1913 intellectus
3067 1859 3135 1915 "°.
3163 1859 3262 1916 llis
3288 1860 3435 1916 indi-

1854 1941 2024 2011 ligens
2049 1952 2397 2007 comparatur
2415 1945 2597 2011 homo,
2626 1947 2885 2017 quoniam
2925 1948 2978 2002 in
3023 1947 3293 2016 ejusmodi
3334 1951 3435 2008 bo-

1854 2031 2059 2086 minum
2104 2047 2304 2104 genere
2355 2049 2485 2090 suas
2540 2035 2855 2092 manifestat
2887 2037 3133 2096 diabolus
3176 2043 3434 2114 concupi-

1853 2122 2091 2178 scentias
2115 2131 2168 2176 et
2201 2123 2494 2193 desideria,
2518 2140 2785 2196 suamque
2807 2127 3181 2186 confusionem
3213 2133 3432 2189 univero

1854 2221 2082 2276 sam;et
2115 2210 2263 2266 illum
2293 2227 2616 2284 quocunque
2649 2215 2795 2272 lubet
2817 2259 2833 2283 ,
2861 2219 3046 2283 trahit,
3082 2220 3254 2276 donec
3279 2236 3432 2276 com-

1855 2301 2104 2370 pleantur
2129 2302 2444 2374 iniquitates
2485 2306 2621 2375 ejus,
2659 2317 2862 2364 etcum
2893 2311 3186 2382 gemitibus
3209 2327 3274 2368 ac
3297 2311 3432 2368 fletu

1859 2392 2146 2449 moriatur.
2199 2393 2297 2450 Eia
2345 2411 2490 2453 nunc
2532 2398 2718 2468 igitur,
2756 2399 2850 2455 lilii
2901 2400 3004 2457 mei
3054 2402 3431 2473 dilectissimi,

1855 2497 2172 2554 comparate
2202 2488 2358 2544 vobis
2389 2490 2779 2558 perfectionem
2810 2502 2866 2547 et
2894 2493 3249 2566 diligentiam,
3283 2509 3350 2552 ne
3377 2495 3436 2551 in

1855 2577 2036 2631 omnia
2078 2578 2250 2635 hostis
2277 2581 2577 2638 certamina
2621 2582 2894 2640 incidatis.
2920 2584 3211 2658 Negligens
3258 2587 3434 2642 instar

1855 2676 1940 2722 est
1967 2669 2158 2725 domus
2180 2684 2390 2726 eversae
2413 2679 2470 2726 et
2494 2671 2768 2729 destituta:
2791 2673 3003 2741 incolis,
3029 2691 3150 2746 qua)
3175 2677 3326 2733 nullo
3348 2686 3436 2734 est

1857 2758 1908 2812 iu
1932 2759 2104 2828 pretio
2128 2763 2268 2832 apud
2295 2763 2626 2833 quempiam,
2649 2765 2745 2820 sed
2767 2766 3124 2823 exsecrabilis
3156 2768 3440 2836 omnibus,

1857 2857 1918 2902 ut
1939 2849 2272 2918 viperarum,
2310 2852 2656 2921 scorpionum
2687 2861 2741 2907 et
2765 2853 3156 2911 diabolicarum
3198 2853 3438 2912 ferarum

1855 2941 2227 3010 domicilium;
2269 2956 2539 3014 nemoque
2565 2944 2631 2998 de
2660 2943 2750 2999 illa
2779 2955 2969 3013 curat,
3002 2956 3060 3000 ut
3096 2961 3218 3016 quae
3244 2957 3438 3004 eversa

1855 3032 1925 3087 sit
1952 3043 2009 3088 et
2037 3033 2304 3090 desolata.
2333 3033 2460 3090 Haec
2481 3044 2566 3091 est
2613 3036 2752 3092 ratio
2781 3036 3132 3108 negligentis;
3163 3053 3286 3092 nam
3315 3037 3440 3093 nul-

1858 3123 1963 3178 lam
2001 3126 2307 3196 comperies
2363 3127 2602 3182 divinam
2643 3143 2799 3197 opem
2837 3128 2987 3183 illum
3037 3130 3437 3186 custodientem

1856 3231 1948 3276 aut
1975 3223 2366 3280 inhabitantem
2397 3225 2449 3279 in
2481 3239 2565 3290 eo,
2603 3239 2724 3296 qua:
2752 3226 2866 3282 haec
2891 3228 3073 3282 omnia
3103 3230 3170 3284 ab
3214 3228 3308 3284 illo
3345 3245 3440 3284 ar-

1856 3323 1977 3370 ceat
2003 3356 2018 3382 ,
2055 3315 2188 3384 quin
2229 3316 2282 3370 in
2331 3331 2398 3372 eo
2440 3316 2706 3371 habitent.
2746 3316 2870 3373 Filii
2899 3318 3004 3373 mei
3052 3318 3436 3386 dilectissimi,

1858 3408 1997 3460 hanc
2027 3406 2360 3477 diligentiam
2408 3421 2631 3462 servare
2685 3409 2914 3478 satagite
2940 3447 2956 3474 ,
2989 3423 3088 3465 nec
3115 3424 3234 3466 eam
3273 3411 3439 3480 depo-

1858 3501 1999 3553 natis
2027 3515 2057 3552 a
2089 3497 2276 3563 vobis,
2308 3513 2375 3554 ne
2408 3498 2637 3569 imperio
2671 3499 2844 3554 hostis
2870 3499 3259 3571 subjiciamiui.
3298 3501 3440 3558 Dum

1857 3600 2032 3646 exstat
2056 3591 2106 3647 in
2143 3591 2362 3648 homine
2380 3596 2584 3663 optima
2623 3593 2898 3664 diligentia
2928 3603 2980 3650 el
3013 3609 3141 3650 cura
3165 3635 3181 3659 ,
3215 3595 3285 3650 ab
3320 3609 3440 3650 om-

1859 3683 2015 3736 nibus
2062 3681 2281 3737 casibus
2321 3691 2377 3738 et
2435 3683 2607 3738 ruinis
2648 3683 2808 3754 erigit
2837 3683 2986 3738 illum
3016 3691 3072 3739 et
3108 3693 3437 3754 praeservat,

1859 3773 1931 3826 ita
1962 3782 2020 3825 ut
2067 3771 2162 3827 fiat
2190 3772 2352 3827 homo
2379 3772 2467 3828 ille
2508 3772 2735 3842 Spiritui
2766 3782 2957 3828 sancto
2998 3775 3204 3845 requiei
3245 3773 3436 3842 locus,

1859 3873 1912 3918 et
1943 3878 2098 3918 suum
2130 3864 2233 3918 iter
2278 3863 2524 3919 absolvat
2555 3863 2811 3929 feliciter,
2860 3873 3023 3935 atque
3055 3876 3331 3923 mereatur
3359 3868 3439 3924 lo-

1859 3968 1981 4010 cum
2009 3955 2211 4026 requiei
2243 3967 2556 4010 sanctorum
2601 3956 2652 4010 in
2683 3971 2816 4026 pace
2851 3956 3030 4025 adire,
3063 3968 3118 4014 et
3154 3961 3438 4030 pulchram

1860 4063 2190 4120 Suavemque
2225 4050 2372 4106 illam
2417 4052 2606 4108 audire
2649 4067 2840 4108 vocem
2875 4072 2890 4109 :
2921 4051 3027 4108 Cor
3074 4055 3353 4109 contritum
3389 4063 3439 4108 et

1860 4141 2192 4196 humiliatum
2223 4140 2366 4197 Deus
2391 4159 2494 4197 non
2517 4143 2762 4212 despiciet
2786 4143 2854 4198 ".

2302 4249 2492 4290 SECTIO
2529 4249 2725 4290 DECIMA
2761 4250 3012 4293 SEPTIMA.

2219 4325 2296 4378 De
2327 4325 2662 4395 religiositate
2695 4336 2741 4380 et
2763 4326 3083 4396 virginitate.

170 4423 394 4477 leonum
427 4430 485 4474 et
524 4418 796 4474 ﬂammam
847 4420 1230 4475 exsunxeruut
1282 4420 1456 4489 ignis,
1491 4425 1561 4474 ob
1602 4436 1754 4476 suam
1791 4411 1834 4464 υ
1935 4416 2252 4471 Audivimus
2298 4415 2516 4470 beatum
2557 4415 2782 4470 Paulum
2827 4418 3153 4486 apostolum,
3203 4432 3324 4473 cum
3369 4418 3439 4474 ad

170 4527 462 4569 accensam
488 4525 704 4580 semper
730 4512 782 4566 in
814 4512 976 4566 Deum
1009 4513 1190 4566 ﬁdem.

646 4617 837 4659 SECTIO
876 4619 1070 4659 DECIMA
1108 4621 1299 4659 SEXTA.

682 4696 758 4750 De
788 4697 921 4750 bona
958 4697 1256 4767 diligentia.

243 4789 467 4846 Asserit
512 4788 704 4844 beatus
752 4788 1026 4858 apostolus
1074 4788 1272 4842 Paulus
1306 4805 1318 4840 :
1353 4787 1516 4842 Haud
1541 4804 1760 4844 consen-

173 4891 395 4934 taneum
421 4888 498 4933 est
533 4879 712 4944 nobis,
759 4881 980 4946 fratres,
1015 4881 1178 4935 vivere
1212 4883 1498 4935 secundum
1520 4898 1760 4944 carnem,

169 4975 302 5041 quia
341 4972 629 5022 secundant
657 4985 865 5022 carnem
902 4969 1127 5023 viventes
1165 4971 1452 5023 morientur
1478 4971 1568 5024 ⁸⁸⁸.
1613 4969 1759 5024 Dixit

170 5065 344 5120 etiam
402 5062 594 5116 beatus
642 5060 880 5116 Joannes
929 5080 943 5114 :
995 5059 1174 5114 Nolite
1216 5061 1432 5130 diligere
1475 5063 1751 5126 mundum,

170 5157 304 5225 quia
336 5155 563 5207 mundus
601 5155 791 5207 transit
817 5194 831 5216 ,
866 5164 914 5206 et
945 5170 1122 5206 omnes
1155 5155 1591 5222 concupiscentite
1620 5155 1756 5222 ejus.

174 5247 286 5313 Qui
311 5255 486 5298 autem
512 5245 640 5312 facit
669 5244 986 5298 voluntatem
1013 5243 1128 5306 Dei,
1148 5254 1321 5297 manet
1343 5245 1398 5298 in
1421 5256 1672 5299 retentum
1689 5247 1756 5298 ‘9.

171 5334 511 5405 Evigilemus
540 5348 690 5403 ergo,
708 5333 800 5386 lilii
825 5332 931 5386 mei
961 5332 1320 5395 dilectissimi,
1341 5335 1764 5388 constituamus-

172 5442 286 5499 que
325 5427 482 5482 nobis
522 5426 717 5482 bonam
758 5425 1094 5495 diligentiam
1147 5424 1200 5478 in
1229 5425 1384 5480 domo
1421 5427 1622 5482 mentis
1663 5442 1763 5483 no—

250 5635 299 5668 “
327 5632 517 5688 Matth.
555 5646 648 5693 xx,
680 5629 765 5684 12.
858 5630 903 5661 ⁸⁵
944 5628 1084 5684 Psul.
1120 5646 1265 5697 cxrv,
1311 5631 1344 5684 6
1368 5673 1382 5690 .
1420 5632 1470 5685 7.

1550 5632 1593 5663 ⁸⁸
1626 5635 1927 5698 l’sal.xwtt.
1963 5635 2047 5688 Η.

1865 4507 2189 4578 virginitatis
2209 4507 2548 4576 pervenisset
2572 4507 2828 4570 honores,
2859 4507 2932 4561 ita
2958 4509 3025 4562 de
3044 4521 3107 4562 ea
3129 4507 3395 4563 dicentem
3421 4527 3437 4563 :

1869 4600 2194 4667 l’rteseptum
2219 4599 2314 4653 Dei
2338 4615 2440 4653 nou
2461 4598 2625 4653 habeo
2645 4599 2715 4652 ".
2744 4597 2856 4653 Non
2882 4598 3068 4654 habuit
3089 4608 3436 4668 praeceptum,

1865 4691 1990 4759 quia
2025 4705 2129 4744 non
2164 4705 2355 4744 omnes
2404 4705 2572 4760 grave
2617 4683 2720 4746 hoc
2758 4691 2949 4762 jugum
2992 4691 3132 4746 ferre
3180 4703 3437 4762 possunt:

1865 4784 1986 4838 ideo
2046 4782 2296 4838 electioni
2344 4784 2590 4840 relictum
2631 4795 2714 4840 est
2763 4799 2949 4840 eorum
2998 4786 3089 4855 qui
3136 4785 3263 4841 illud
3297 4785 3443 4842 ferre

1865 4875 2066 4930 valent.
2104 4873 2404 4946 Virginitas
2451 4887 2536 4932 est
2561 4878 2894 4948 signaculum
2919 4917 2934 4941 ,
2966 4879 3108 4948 quod
3158 4892 3265 4933 non
3319 4895 3442 4934 eor-

1868 4965 2172 5033 rumpitur;
2205 4965 2443 5035 perfecta
2475 4969 2810 5036 similitudo,
2849 4984 2969 5039 quae
3003 4984 3110 5026 non
3146 4981 3459 5044 commuta-g

1869 5066 1990 5123 tur;
2029 5057 2313 5126 spirituale
2335 5069 2696 5130 sanctumque
2715 5061 3050 5118 sacriﬁcium
3068 5104 3084 5128 ,
3109 5062 3360 5132 specula,
3388 5075 3442 5118 et

1863 5152 2014 5206 visus
2057 5166 2164 5222 quo
2201 5152 2527 5207 observatur
2561 5153 2664 5208 iter
2706 5156 2772 5208 ad
2814 5153 3168 5223 perfectionis
3234 5154 3434 5211 ducent

1868 5253 2108 5308 metam;
2162 5244 2407 5300 diadema
2438 5245 2585 5302 veris
2628 5245 3049 5315 perfectionibus
3089 5243 3440 5311 contextum;

1869 5336 2052 5390 suavis
2109 5335 2199 5390 ille
2247 5350 2379 5401 ros,
2431 5337 2521 5406 qui
2577 5351 2769 5393 omnes
2813 5337 3095 5405 refrigerat
3135 5349 3439 5394 creaturas.

1870 5428 1988 5498 ipsa
2024 5427 2363 5498 evangelium
2406 5428 2530 5484 vita:
2570 5429 2712 5500 quod
2749 5429 3068 5486 abscondita
3099 5431 3166 5486 ab
3192 5435 3448 5490 omnibus

2135 5635 2178 5705 ετ
2214 5632 2353 5688 Psal.
2386 5647 2653 5705 canym,
2692 5634 2750 5687 6.
2824 5635 2873 5667 ⁸⁸
2907 5636 3044 5693 t’saI.
3077 5653 3263 5704 cxuv,
3300 5641 3353 5705 1,
3387 5643 3421 5694 9.

175 5705 252 5745 σι·
292 5683 738 5769 ιῐόἷιὶῗῖιὶιζίνλ,
798 5701 882 5760 ιδ.
960 5683 1588 5769 "lJDtttl.ylt,‘15,l7.
1626 5683 1753 5762 Ἶῑί

1857 5683 2106 5771 ﬁlim,
2145 5683 2354 5772 ιδζῖὶῐζ
2390 5683 2656 5760 "ivssu:
2687 5683 2740 5771 ιζ,
2781 5704 2870 5761 ta.
2907 5683 3444 5768 '?3"il33}1vii."251
