3860 6320
428 340 535 396 975

1518 323 1791 382 PATRES
1833 319 2133 377 ZEGYPTII
2176 318 2449 375 SECULI
2490 318 2583 375 IV.

3592 308 3705 367 976

428 456 645 514 saeculis
691 463 747 509 et
788 449 1223 523 generationibus
1261 454 1472 503 reserat
1506 460 1727 499 arcana.
1767 441 2002 495 Maxima
2030 446 2075 500 Α
2106 438 2353 503 domum,
2399 455 2500 493 ncc
2544 433 2766 491 habebit
2809 431 3181 487 hmreditatcm
3240 432 3293 486 in
3336 440 3481 485 terra
3512 431 3704 486 viven-

429 566 566 607 sane
596 547 884 604 haereditas
911 554 995 599 est
1027 553 1082 597 ct
1112 542 1409 613 possessio,
1444 538 1744 608 virginitas.
1772 536 1873 602 Qui
1897 535 2008 587 vir-

430 642 710 714 ginitatem
772 644 1122 705 aspernatur,
1176 634 1342 688 Deum
1380 631 1469 685 ille
1504 639 1567 685 et
1599 629 1818 699 angelos
1847 624 2012 681 allicit

433 733 651 803 injuria.
688 728 855 785 Nemo
882 727 1127 797 profecto
1153 741 1221 781 ex
1250 724 1546 779 adversarii
1586 722 1827 778 exercitu
1859 735 2013 775 acce-

433 826 562 879 dere
594 824 777 889 audet,
811 830 904 875 aut
937 820 1082 874 valet
1114 820 1165 872 in
1192 832 1335 873 eam.
1364 817 1615 870 Attamen
1653 828 1811 869 nemo
1842 812 2011 873 virgi-

434 931 564 971 num
595 915 861 986 glorietur
899 914 965 969 de
996 912 1307 983 virginitate
1338 928 1353 965 :
1382 909 1557 981 gratia
1602 909 1801 977 quippe
1844 906 2013 975 ipsius

438 1009 529 1065 Dei
554 1017 658 1065 est.
682 1007 848 1077 Virgo
874 1005 1169 1060 muliebres
1191 1019 1405 1067 sensus,
1435 1002 1791 1071 cogitationes
1811 999 2014 1064 carnis,

434 1101 613 1157 cordis
652 1098 961 1169 superbiam
1005 1106 1059 1151 et
1106 1110 1349 1150 amorem
1401 1109 1588 1149 eorum
1630 1092 1871 1146 omnium
1897 1106 2019 1160 (μιίὲ

435 1189 636 1247 diaboli
672 1196 837 1251 sunt,
869 1201 899 1241 a
939 1200 999 1241 se
1030 1184 1341 1239 amoliatur.
1386 1180 1870 1236 Murmuratiouem
1899 1191 2018 1248 pro-

436 1279 523 1336 cul
561 1288 813 1335 amoveat
838 1292 1088 1347 quoque;
1125 1277 1251 1331 item
1280 1289 1412 1344 erga
1458 1273 1704 1327 homines
1732 1272 1937 1334 odium,
1965 1277 2021 1324 et

436 1372 662 1444 gloriam
696 1371 902 1425 mundi.
938 1368 1205 1438 Religioni
1254 1366 1572 1429 incumbat,
1604 1364 1880 1419 contineat
1918 1360 2021 1415 lin-

436 1477 623 1535 guam,
656 1470 1009 1530 ventremque
1032 1460 1263 1528 castiget
1286 1457 1530 1527 jejuniis.
1556 1456 1691 1511 Nam
1722 1456 1767 1510 si
1794 1455 1877 1510 his
1898 1469 2018 1509 om—

441 1555 601 1610 nibus
627 1562 889 1608 exornata
926 1551 1109 1618 fuerit,
1146 1551 1251 1606 erit
1289 1549 1621 1605 sacrificium
1662 1548 1781 1602 sine
1809 1546 2020 1601 macula

440 1653 534 1699 aut
564 1643 879 1713 pollutione.
923 1640 1220 1709 Virginitas
1250 1655 1401 1694 urnae
1434 1656 1566 1694 auro
1606 1640 1777 1709 pleme
1802 1652 2022 1706 compa-

441 1742 620 1801 ratur,
642 1748 807 1803 quam
843 1733 932 1788 diu
964 1742 1235 1800 noctuque
1269 1732 1580 1785 custodiunt
1602 1730 1865 1787 excubiae.
1900 1728 2024 1783 Vir—

442 1826 646 1896 ginitas
691 1827 824 1881 odor
879 1835 965 1880 est
1005 1824 1361 1880 suavissimus
1401 1824 1621 1879 Christo
1671 1825 1932 1887 Domino,
1972 1833 2027 1878 et

445 1919 752 1973 diademata
782 1919 903 1972 vitae
936 1918 1227 1973 connectit.
1263 1917 1343 1980 Si,
1387 1917 1566 1986 virgo,
1591 1916 1820 1971 sollicita
1860 1915 2027 1970 fueris

444 2010 515 2065 de
546 2008 731 2064 multis
783 2009 947 2075 cibis,
984 2017 1039 2063 et
1089 2023 1211 2064 cum
1263 2011 1337 2063 tui
1377 2007 1739 2063 ambulaveris
1789 2008 2028 2062 admira-

449 2100 617 2165 tione,
643 2100 697 2154 in
718 2100 972 2155 omnibus
994 2100 1252 2169 operibus
1277 2100 1385 2155 tuis
1404 2098 1778 2155 confusionem
1801 2098 2026 2153 referes.

449 2193 507 2249 Si
550 2193 786 2263 linguam
834 2201 979 2246 tuam
1021 2207 1127 2247 non
1177 2194 1529 2257 custodieris,
1564 2206 1731 2246 vacua
1771 2193 1879 2246 eris
1918 2198 2030 2244 toto

450 2287 575 2341 vim
608 2296 711 2341 tuae
757 2300 917 2342 cursu
938 2326 954 2351 ,
987 2295 1043 2340 et
1072 2286 1455 2356 adimplebitur
1480 2288 1547 2342 de
1587 2295 1640 2340 te
1669 2285 1906 2354 scriptus
1942 2282 2030 2337 ille

450 2392 679 2433 sermo:
731 2376 1030 2448 Suscepisti
1076 2392 1299 2448 magnos
1331 2378 1546 2433 labores
1587 2376 1808 2432 frustra.
1853 2374 2029 2443 Nolite

448 2482 603 2536 ergo,
633 2468 857 2533 fratres,
886 2471 1052 2525 nolite
1074 2469 1411 2538 permittere,
1441 2477 1499 2522 ut
1533 2467 1584 2521 id
1610 2468 1764 2523 vobis
1786 2466 2027 2531 accidat;

450 2562 547 2614 sed
583 2561 803 2631 optimae
839 2577 904 2617 ac
936 2561 1347 2632 perfectissimae
1379 2561 1652 2630 patientize
1680 2574 1897 2629 operam
1935 2560 2029 2613 de-

453 2666 616 2717 mus,
647 2664 707 2708 ut
744 2669 844 2709 nos
874 2668 1090 2725 quoque
1124 2655 1308 2709 dicere
1343 2654 1657 2708 valeamus:
1692 2651 1808 2707 Non
1839 2653 2029 2715 timeo,

453 2747 581 2818 quia
616 2747 878 2803 Dominus
922 2747 1135 2817 adjutor
1183 2760 1335 2800 meus
1377 2755 1480 2800 est.
1520 2744 1587 2799 Et
1634 2744 1794 2799 sicuti
1828 2744 2032 2797 dictum

454 2849 539 2894 est
566 2855 582 2893 :
613 2838 889 2893 Timentes
916 2851 976 2892 se
1020 2837 1279 2892 Dominus
1309 2837 1481 2905 diligit
1505 2836 1556 2889 in
1585 2836 1795 2890 cunctis
1821 2835 1993 2889 bonis.

912 2943 1100 2983 SECTIO
1138 2942 1331 2982 DECIMA
1373 2941 1600 2983 OCTAVA.

457 3015 526 3072 In
553 3034 657 3088 qua
685 3019 942 3087 prwcipit,
972 3028 1028 3071 ut
1059 3019 1360 3072 recedamus
1391 3035 1421 3070 a
1456 3019 1617 3083 malo,
1649 3029 1696 3072 et
1725 3020 2034 3076 accedamus

799 3092 865 3141 ad
890 3089 1079 3141 bonum
1101 3130 1116 3151 ,
1157 3089 1515 3157 [acinmusque
1540 3089 1692 3142 illud.

438 3234 441 3239 ,
531 3176 716 3233 Sacra:
743 3187 998 3234 asserunt
1022 3178 1316 3248 Scriptura:
1343 3199 1355 3234 :
1387 3180 1524 3235 Ecce
1571 3182 1820 3250 proposui
1855 3198 2030 3236 coram

440 3280 509 3343 pte
536 3272 671 3325 duas
700 3272 832 3337 vias,
867 3271 1063 3326 scilicet
1093 3271 1286 3325 bonum
1322 3282 1371 3326 et
1405 3273 1603 3327 malum
1640 3274 1709 3327 ⁷³.
1752 3273 1904 3329 Viam
1937 3290 2036 3329 au-

460 3371 569 3417 tem
631 3363 757 3417 mali
816 3364 1165 3417 novissimum
1222 3363 1289 3418 ad
1356 3363 1681 3433 profundum
1737 3361 2035 3422 inferorum

456 3455 784 3519 conducere,
816 3455 1016 3509 eaedem
1064 3469 1163 3509 nos
1189 3455 1455 3512 certiores
1493 3457 1759 3514 fecerunt.
1792 3458 2038 3515 Receda-

434 3604 435 3607 η
459 3560 582 3601 mus
608 3559 737 3616 ergo
763 3546 830 3600 ab
853 3562 939 3612 ea,
972 3560 1026 3602 et
1058 3548 1396 3604 ambulemus
1431 3566 1553 3605 cum
1587 3553 1912 3607 rectitudine
1940 3568 2038 3622 per

436 3652 581 3709 eam
633 3653 793 3707 quam
854 3640 1266 3694 ambulaverunt
1320 3644 1531 3707 sancti,
1584 3644 2035 3713 quemadmodum

434 3732 666 3801 .dictum
694 3740 777 3785 est
811 3748 824 3785 :
858 3730 1008 3785 Beati
1047 3713 1373 3788 immaculati
1404 3736 1459 3789 in
1492 3738 1595 3803 cia,
1633 3738 1723 3808 qui
1767 3739 2036 3793 ambulant

436 3822 517 3877 Ain
549 3822 658 3892 lege
692 3822 903 3876 Domini
933 3823 999 3875 ⁷⁸.
1042 3823 1138 3876 Via
1168 3835 1482 3881 sanctorum
1513 3843 1643 3883 vero
1681 3839 1801 3892 est,
1837 3838 1893 3884 ut
1918 3846 2037 3883 am-

463 3913 716 3967 bulemus
746 3913 798 3966 in
830 3913 947 3982 lege
978 3912 1214 3980 Domini,
1252 3915 1460 3970 scilicet
1492 3917 1541 3969 in
1586 3918 1820 3986 puritate
1846 3934 2040 3989 corpo-

466 4006 566 4070 ris,
628 4007 861 4075 puritate
903 4006 1121 4077 lingua,
1152 4008 1388 4076 puritate
1438 4007 1739 4077 oculorum,
1802 4010 2039 4076 puritate

464 4110 746 4162 manuum,
772 4096 1008 4165 puritate
1032 4098 1268 4163 aurium,
1304 4098 1536 4168 puritate
1564 4100 1783 4167 pedum,
1813 4110 1868 4155 et
1890 4110 2034 4155 recta

464 4187 532 4239 ad
562 4185 735 4239 Deum
760 4187 1084 4257 cogitatione
1108 4190 1414 4257 mundoque
1438 4190 1599 4245 corde
1622 4204 1749 4260 erga
1783 4191 2035 4257 invicem,

466 4287 525 4330 ut
554 4278 738 4332 dicere
763 4279 1037 4335 valeamus
1066 4302 1078 4335 :
1112 4279 1217 4334 Cor
1242 4281 1493 4335 mundum
1516 4297 1635 4335 crea
1657 4282 1709 4337 in
1742 4298 1844 4347 me,
1874 4282 2035 4353 Deus,

463 4380 511 4426 et
548 4370 789 4437 spiritum
820 4384 1018 4425 rectum
1049 4373 1236 4426 innoua
1266 4373 1322 4426 in
1354 4373 1632 4428 visceribus
1659 4378 1785 4429 meis
1814 4376 1892 4431 ⁷³.ο

947 4480 1135 4521 8201⁸10
1174 4480 1368 4521 DECIMA
1406 4482 1563 4521 NONA.

699 4554 768 4609 In
804 4573 911 4625 qua
942 4560 1118 4627 agitur
1144 4558 1209 4610 de
1246 4559 1560 4631 continentia
1594 4559 1809 4629 lingua.

536 4646 858 4701 Charissimi
919 4646 1156 4711 fratres,
1235 4656 1466 4701 vestram
1525 4662 1654 4717 rogo
1713 4649 2034 4704 charitatem

467 4752 595 4808 erga
629 4735 904 4791 Christum
938 4735 1141 4801 Deum,
1179 4746 1237 4791 ut
1278 4737 1499 4807 fugiatis
1524 4748 1578 4793 et
1605 4740 1820 4795 evitetis
1851 4756 2034 4797 semen

468 4842 733 4899 nequam,
759 4828 973 4899 plenum
1012 4828 1259 4884 fraudum
1301 4838 1357 4883 et
1395 4829 1633 4884 omnium
1678 4833 2034 4900 pessimorum

471 4920 741 4977 dolorum.
794 4918 963 4973 Sacra
1003 4919 1265 4987 siquidem
1308 4919 1501 4973 asserit
1535 4917 1814 4988 Scriptura
1850 4941 1863 4976 :
1911 4923 2040 4977 Lin-

468 5027 571 5082 gua
594 5010 801 5080 quidem
824 5010 1081 5063 modicum
1121 5008 1404 5062 membrum
1422 5019 1519 5073 est,
1550 5013 1638 5063 sed
1666 5014 1895 5067 maculat
1922 5032 2039 5069 cor-

468 5119 565 5171 pus
590 5112 751 5156 totum
780 5100 847 5153 ⁷⁸.
878 5102 1011 5154 Dicit
1047 5103 1209 5153 item:
1241 5098 1306 5152 In
1332 5100 1441 5165 ipsa
1467 5099 1815 5157 benedicimus
1842 5104 2038 5169 Deum;

468 5203 515 5246 et
544 5192 600 5245 in
632 5193 743 5259 ipsa
791 5176 1151 5245 maledicimus
1193 5190 1453 5254 homines,
1498 5209 1623 5259 quos
1666 5199 1853 5249 creavit
1898 5198 2036 5252 Deus

470 5282 540 5334 ad
571 5297 723 5334 suam
766 5280 1161 5335 similitudinem
1194 5281 1263 5333 ⁷⁷.
1304 5279 1448 5335 Mors
1482 5297 1611 5354 ergo
1651 5286 1850 5340 residet
1885 5289 1936 5342 in
1977 5276 2041 5346 eo

469 5372 564 5439 qui
593 5372 827 5441 bicipitis
852 5380 932 5425 est
963 5373 1173 5441 lingua},
1208 5376 1331 5442 quia
1358 5391 1480 5430 cum
1516 5389 1686 5433 morte
1717 5378 1892 5434 foedus
1913 5396 2040 5450 pcr-

470 5460 672 5527 cussil,
727 5462 938 5530 sibique
980 5464 1297 5532 perditionis
1348 5467 1400 5519 in
1457 5468 1668 5523 inferno
1719 5476 2039 5540 prmparavit

650 5592 798 5650 θθυίο
844 5613 946 5651 δικ
970 5640 984 5663 ν
1016 5598 1099 5654 15.
1192 5599 1239 5633 ⁷⁸
1274 5600 1412 5656 Psal.
1441 5616 1626 5667 cxvm,
1653 5602 1703 5655 1.

412 5780 413 5783 η
471 5733 663 5801 x,19.

568 5606 613 5624 “·’
650 5606 798 5650 Dant.
844 5613 946 5651 xxx
970 5606 1099 5663 ,15.
1192 5606 1239 5633 ⁷⁸
1274 5606 1412 5656 Psal.
1441 5616 1626 5667 CXVIII,
1653 5606 1703 5655 1.
1776 5606 1821 5636 ⁷⁵
1847 5608 1983 5661 Psal.
2016 5625 2047 5663 ι,
2110 5611 2190 5665 12.

469 5657 520 5695 90
558 5660 723 5695 Ποιιιιι
784 5682 885 5695 ν-..
956 5671 1013 5695 as
1093 5672 1159 5695 ειη
1258 5673 1305 5695 sm
1353 5672 1466 5695 11...:
1536 5687 1641 5695 -.η
1721 5675 1738 5695 ι
1845 5678 1951 5695 ..η
2019 5656 2068 5695 .’

558 5660 746 5746 hiauit.
781 5682 910 5730 xxv,
956 5660 1056 5737 21,
1093 5672 1182 5725 23.
1258 5673 1305 5703 ”
1348 5672 1489 5727 l’sal.
1535 5660 1665 5739 uti,
1720 5675 1767 5727 1.
1845 5660 2028 5734 “Psal

2217 5675 2304 5729 17.

2113 530 2269 594 tium,
2323 529 2415 605 qui
2453 529 2661 583 faciunt
2710 528 2804 582 Dei
2834 527 3187 582 voluntatem.
3217 525 3380 581 Certe
3422 524 3704 579 hominem

2111 621 2403 693 bilinguem
2438 624 2649 676 animas
2677 622 2975 691 deperdere
3019 620 3345 688 comperies,
3397 619 3707 674 familiares

2111 722 2167 769 et
2197 714 2400 770 amicos
2430 716 2769 782 perturbare,
2802 713 3067 783 dissipare
3106 724 3278 769 costus
3309 724 3365 766 et
3390 728 3699 783 congrega-

2119 805 2313 869 tiones,
2348 806 2600 860 omnibus
2650 806 2806 859 malis
2857 806 3136 874 patrandis
3176 805 3307 859 dare
3340 818 3563 872 operam
3591 844 3605 869 ,
3636 820 3709 858 ac

2116 911 2240 953 sese
2292 898 2640 963 immiscere,
2685 911 3009 967 semperque
3050 896 3101 951 in
3151 897 3460 965 proximum
3502 897 3708 950 machi-

2118 992 2240 1044 nari
2274 989 2477 1044 dolum.
2524 989 2840 1052 Orationes,
2876 988 3248 1057 cicemosynas
3278 997 3334 1042 et
3374 986 3581 1056 jcjttnia
3616 988 3708 1040 bi-

2120 1076 2320 1148 linguis
2380 1078 2621 1132 tenebris
2674 1077 2928 1131 obvoluta
2973 1079 3275 1144 comperics
3334 1091 3523 1129 coram
3573 1076 3709 1130 Deo.

2126 1166 2494 1234 Quamobrem
2527 1166 2788 1234 scriptum
2824 1176 2908 1219 est
2928 1206 2943 1225 ,
2968 1167 3109 1234 quod
3136 1167 3309 1220 oratio
3340 1166 3577 1218 hominis
3608 1168 3713 1218 hu-

2114 1258 2349 1328 jusmodi
2381 1257 2474 1311 flat
2504 1258 2557 1312 in
2582 1265 2856 1326 peccatum
2875 1257 2942 1312 ⁷⁸.
2972 1257 3064 1311 Eia
3098 1272 3241 1312 nunc
3273 1257 3469 1326 igitur,
3509 1257 3712 1311 fratres

2123 1352 2505 1415 dilectissimi,
2542 1352 2698 1420 longe
2756 1350 2924 1422 fugite
2982 1366 3012 1404 τι
3075 1350 3335 1419 bilingui,
3402 1351 3707 1405 amicitiam

2123 1461 2245 1500 cum
2274 1459 2338 1498 eo
2369 1458 2711 1514 nequaquam
2742 1443 2954 1506 ineatis,
2979 1442 3103 1508 quia
3129 1443 3217 1511 qui
3248 1443 3550 1495 amicitiam
3575 1440 3723 1496 cuni

2123 1534 2217 1591 illo
2248 1535 2489 1599 iniverit,
2530 1548 2652 1588 eam
2690 1548 2814 1588 cum
2868 1541 3041 1587 morte
3079 1532 3254 1586 inivit.
3304 1531 3419 1585 lmo
3462 1533 3711 1586 adnuere

2127 1628 2255 1691 totis
2288 1628 2519 1690 viribus,
2557 1640 2625 1681 ne
2659 1641 2780 1680 cum
2812 1623 2904 1679 illo
2939 1624 3198 1692 loquaris,
3231 1636 3299 1677 ue
3326 1623 3450 1691 ejus
3473 1623 3709 1691 pessima

2125 1719 2339 1775 ediscas
2368 1733 2531 1786 opera
2552 1758 2566 1784 ,
2600 1725 2761 1784 teque
2788 1714 3013 1769 inliciat.
3043 1713 3240 1768 Beatus
3275 1723 3359 1769 est
3392 1715 3556 1768 homo
3586 1714 3675 1769 ille
3695 1754 3712 1774 .

2055 1784 2098 1840 Β
2129 1810 2225 1881 qui
2254 1809 2359 1864 sibi
2390 1784 2677 1879 diligenter
2710 1815 2885 1873 cavet,
2922 1815 2980 1859 et
3009 1805 3385 1874 experimento
3426 1804 3621 1859 ediscit
3653 1808 3716 1856 ti-

2129 1899 2304 1955 delem
2330 1900 2384 1953 in
2412 1899 2664 1954 omnibus
2694 1913 2849 1963 esse;
2894 1897 3019 1966 quia
3051 1896 3097 1949 is
3122 1910 3309 1951 vocem
3339 1895 3489 1949 illam
3535 1897 3713 1949 laetam

2128 1991 2312 2046 audiet
2347 2008 2361 2046 :
2396 1989 2540 2057 Quia
2570 2005 2725 2057 super
2756 2004 2925 2052 pauca
2948 1987 3105 2054 fuisti
3129 1988 3322 2054 ﬁdelis,
3360 2004 3525 2054 supra
3548 1988 3717 2040 multa

2128 2092 2179 2139 te
2206 2082 2522 2138 constituam
2574 2082 2715 2135 intra
2742 2081 2797 2133 in
2835 2080 3084 2149 gaudium
3117 2078 3327 2132 Domini
3364 2080 3442 2132 tui
3472 2079 3540 2133 τ’.

2676 2208 2867 2248 εεοτιο
2909 2206 3156 2247 νιςεειυΑ
3169 2231 3185 2247 ο

2796 2285 2871 2339 De
2907 2285 3050 2338 dolo.

2201 2378 2537 2434 Extollemus
2564 2393 2760 2432 manus
2787 2388 2998 2432 nostras
3024 2385 3079 2430 et
3112 2375 3274 2431 corda
3308 2388 3495 2431 nostra
3524 2378 3591 2431 ad
3617 2375 3719 2432 Al-

2136 2472 2411 2527 tissimum
2442 2469 2532 2540 qui
2564 2470 2618 2523 in
2647 2470 2801 2523 cmlis
2839 2478 2945 2533 est,
2974 2478 3028 2523 et
3053 2467 3238 2537 fugere
3269 2469 3584 2522 adnitamur
3606 2470 3724 2539 pri-

2132 2578 2280 2619 mum
2333 2560 2462 2616 illud
2514 2569 2839 2630 peccatum,
2887 2572 3083 2629 nempe
3130 2558 3312 2612 dolum
3362 2560 3454 2627 qui
3490 2572 3608 2614 erat
3663 2564 3718 2615 in

2134 2655 2302 2718 Cain,
2338 2652 2637 2710 secundum
2661 2651 2882 2707 verbum
2931 2650 3061 2704 illud
3094 2651 3391 2719 scriptum:
3429 2652 3565 2705 Deus
3589 2692 3606 2715 ,
3646 2653 3719 2705 li-

2135 2746 2259 2799 bera
2288 2760 2371 2797 me
2422 2742 2488 2796 ab
2522 2742 2729 2795 homine
2780 2740 2960 2809 iniquo
3006 2754 3059 2793 et
3098 2740 3280 2794 doloso
3311 2741 3378 2793 ⁸⁸.
3418 2742 3591 2795 Ηοιιιο
3622 2746 3722 2796 do-

2134 2839 2281 2893 losus
2303 2837 2537 2891 animam
2565 2850 2716 2890 suam
2758 2834 2953 2903 decipit
2977 2842 3186 2887 tantum
3213 2874 3229 2898 ,
3253 2834 3378 2902 quia
3416 2835 3567 2889 dolus
3597 2836 3721 2904 ejus

2137 2929 2425 2985 revertitur
2446 2930 2501 2982 in
2521 2936 2679 2998 caput
2706 2926 2894 2993 ipsius,
2916 2936 2975 2979 ut
2992 2926 3253 2995 scriptum
3277 2936 3356 2981 est
3382 2928 3434 2980 in
3461 2926 3719 2981 Psalino:

2142 3022 2314 3075 Labor
2360 3021 2477 3091 ejus
2521 3028 2846 3073 convertetur
2886 3018 2941 3070 in
2974 3027 3130 3087 caput
3172 3016 3323 3087 ejus,
3382 3028 3431 3072 et
3465 3019 3721 3085 iniquitas

2060 3133 2102 3192 α
2136 3116 2297 3168 veniet
2339 3128 2500 3181 usque
2548 3112 2603 3164 in
2657 3110 2887 3164 medium
2936 3110 3123 3165 domus
3176 3113 3292 3180 ejus
3340 3110 3410 3165 ⁸⁸.
3473 3110 3724 3165 Hominis

2138 3204 2264 3259 mali
2292 3218 2356 3257 ne
2382 3202 2753 3257 familiaritate
2790 3202 2992 3267 utaris,
3032 3218 3133 3258 nec
3184 3203 3427 3272 iniquum
3469 3203 3725 3271 sequaris

2139 3294 2438 3357 hominem,
2482 3308 2584 3348 nec
2619 3294 2833 3362 penitus
2871 3305 3059 3362 tangas
3098 3281 3400 3360 illum;sed
3430 3306 3727 3349 exsecrere

2137 3395 2196 3440 ttt
2250 3384 2531 3439 sindonem
2585 3393 2921 3438 mortuorum
2970 3383 3237 3439 fetoribus
3294 3385 3723 3453 coinquinatam.

2137 3475 2346 3545 Lingua
2385 3473 2582 3543 quippe
2618 3473 2853 3528 hominis
2896 3472 3067 3527 dolosi
3094 3475 3295 3528 excitat
3343 3476 3725 3528 contentiones

2139 3567 2284 3621 inter
2312 3567 2530 3629 turbas,
2566 3562 2994 3634 eﬂusionemque
3049 3566 3347 3634 sanguinis.
3386 3564 3486 3630 Qui
3524 3566 3724 3619 amici-

2141 3658 2268 3712 tiam
2300 3656 2575 3711 contrahit
2602 3670 2724 3709 cum
2763 3656 2945 3710 doloso
2974 3693 2990 3720 ,
3036 3658 3278 3711 eamdem
3324 3673 3445 3711 cum
3478 3658 3725 3727 pessimo

2138 3747 2355 3804 diabolo
2385 3746 2682 3802 contrahit.
2712 3746 2812 3811 Qui
2860 3748 3175 3802 societatem
3208 3749 3305 3800 init
3339 3763 3458 3801 cum
3489 3747 3720 3812 doloso,

2139 3853 2261 3893 eam
2313 3837 2412 3891 init
2471 3852 2595 3891 cum
2652 3835 2976 3891 chusoribus
3028 3838 3328 3907 sanguinis,
3382 3848 3435 3892 et
3487 3828 3725 3908 propria:

2138 3928 2329 3983 mortis
2376 3927 2435 3981 fit
2466 3928 2578 3995 ipse
2610 3942 2754 3981 reus.
2789 3927 2956 3982 Multo
2989 3930 3368 3998 expedientius
3429 3939 3511 3984 est
3561 3931 3723 3985 habi-

2141 4027 2258 4071 tare
2296 4017 2347 4071 in
2389 4017 2680 4072 solitudine
2708 4057 2724 4082 ,
2767 4033 2926 4088 quam
2954 4036 3074 4072 cum
3105 4020 3318 4074 homine
3344 4021 3548 4076 doloso.
3582 4024 3723 4077 Cum

2138 4108 2326 4165 doloso
2364 4109 2658 4163 amicitiam
2702 4125 2771 4165 ne
2840 4102 3169 4167 contrahas:
3208 4112 3259 4165 in
3294 4113 3511 4167 domum
3556 4114 3722 4167 ullam

2139 4216 2263 4256 cum
2314 4216 2380 4257 eo
2428 4216 2498 4256 ne
2536 4201 2892 4272 ingrediaris,
2946 4203 3072 4270 quia
3128 4195 3171 4257 si
3202 4201 3369 4257 fueris
3410 4206 3724 4273 ingressus,

2138 4290 2420 4362 pertrahet
2451 4299 2501 4344 te
2533 4291 2598 4344 ad
2647 4304 2804 4344 suum
2834 4288 3080 4343 fetorem.
3124 4288 3306 4344 Satius
3350 4290 3442 4344 tibi
3484 4302 3567 4345 est
3595 4306 3729 4345 esse

2140 4396 2265 4437 cum
2319 4381 2474 4446 feris,
2505 4396 2666 4449 quam
2722 4396 2843 4435 cum
2905 4380 3126 4435 homine
3170 4381 3356 4436 doloso
3392 4399 3409 4435 :
3452 4383 3721 4451 siquidem

2062 4486 2117 4546 ι)
2144 4473 2386 4530 suaviter
2419 4474 2487 4528 ad
2516 4482 2568 4528 te
2611 4474 2821 4528 accedit
2850 4475 2951 4528 iste
2978 4513 2993 4537 ,
3026 4484 3081 4527 et
3113 4473 3337 4543 pacifice
3363 4472 3605 4543 loquitur
3647 4488 3722 4528 te-

2141 4581 2308 4628 cum;
2345 4576 2403 4618 at
2436 4566 2480 4618 si
2513 4580 2607 4618 cor
2660 4564 2803 4618 illius
2845 4566 3015 4620 semel
3065 4564 3492 4628 contristaveris,
3536 4566 3719 4618 statim

2142 4654 2524 4711 absconditum
2567 4665 2778 4710 eructat
2810 4656 2990 4710 dolum
3016 4695 3030 4719 ,
3070 4666 3227 4725 teque
3267 4656 3593 4725 imparatum
3633 4655 3721 4720 ju-

2141 4748 2692 4817 gulat.Quamubrem
2729 4748 2867 4802 Deus
2895 4748 2984 4816 qui
3023 4757 3289 4801 eratcum
3340 4747 3588 4817 patribus
3629 4762 3719 4801 no-

2142 4838 2271 4892 stris
2299 4837 2597 4901 Abraham,
2638 4838 2787 4891 lsaac
2811 4847 2865 4892 et
2893 4836 3080 4901 Jacob,
3109 4838 3178 4891 sit
3208 4837 3511 4904 vobiscum,
3541 4847 3597 4891 ut
3626 4852 3719 4893 vos

2142 4937 2296 4981 eruat
2318 4932 2383 4981 ab
2408 4926 2495 4980 illo
2526 4927 2680 4997 cujus
2706 4927 2959 4981 fortitudo
2984 4938 3067 4982 est
3101 4929 3153 4981 in
3197 4928 3394 4983 lumbis
3424 4929 3491 4991 ⁸¹,
3528 4944 3719 4997 nempe

2144 5018 2390 5083 diabolo;
2417 5018 2508 5087 qui
2544 5020 2689 5072 onini
2746 5030 2989 5087 tempore
3026 5020 3290 5088 religiosis
3322 5020 3525 5074 invidet
3556 5021 3713 5085 viris,

2142 5118 2196 5162 et
2227 5123 2326 5163 suo
2358 5109 2519 5168 hamo
2553 5123 2647 5162 eos
2683 5124 2901 5178 capere,
2946 5119 3003 5163 nt
3031 5108 3311 5180 deglutiat,
3352 5111 3583 5166 nititur:
3632 5127 3716 5166 ve-

2146 5212 2289 5260 rum,
2324 5198 2414 5265 qui
2445 5208 2567 5253 orat
2594 5214 2689 5268 pro
2720 5200 2875 5256 nobis
2901 5202 2972 5264 ⁸³,
3014 5202 3276 5256 habemus
3308 5203 3589 5257 Dominum
3624 5221 3713 5259 no.

2139 5298 2311 5343 atrum
2333 5288 2520 5343 Jcsum
2552 5289 2827 5344 Christum
2854 5332 2869 5357 ,
2899 5293 2988 5362 qui
3023 5293 3180 5353 nobis
3207 5293 3354 5347 dedit
3394 5306 3711 5363 potestatem

2136 5378 2377 5433 calcandi
2439 5380 2693 5435 virtutem
2754 5382 2872 5451 ejus
2916 5384 2983 5435 ⁸⁵.
3031 5382 3231 5438 Oculus
3274 5385 3362 5453 qui
3412 5400 3443 5439 a
3494 5387 3713 5440 videndo

2138 5485 2242 5522 non
2270 5468 2620 5539 del'atigatur,
2650 5482 2704 5525 et
2724 5472 2872 5527 auris
2903 5489 3022 5542 qua:
3060 5475 3128 5529 ab
3167 5476 3350 5528 auditu
3377 5491 3485 5529 non
3518 5476 3707 5539 deﬁcit,

2284 5605 2327 5635 ⁷⁸
2357 5603 2471 5659 Jac.
2502 5620 2580 5675 ut,
2623 5607 2688 5672 5,
2720 5608 2772 5662 6.
2852 5608 2897 5639 "
2927 5608 3056 5663 ibid.
3090 5611 3142 5664 9.
3222 5611 3267 5642 ⁷⁸
3309 5611 3454 5665 Psal.
3491 5628 3618 5667 cmi
3640 5610 3706 5675 ,7.

2414 5674 2843 5745 °=Jobxi.,tt.
2946 5680 3437 5747 ‘fl-lebr.vu,25.
3515 5674 3707 5740 “Luc.
