3860 6316
131 277 257 333 977

1192 263 1248 317 S.
1288 261 1570 320 ANTONll
1609 264 1677 318 Μ.
1724 259 2015 316 ΑΒΒᾹΤΙΒ
2056 253 2430 314 ΕΡΙΞΤΟΙιᾸΞ.

3319 255 3430 313 9⁵18

131 380 263 449 ipsa
295 387 598 448 asseverat,
624 393 766 449 quoa
796 380 1251 451 complementum
1290 384 1425 456 legis
1457 386 1528 441 sit
1557 385 1739 441 ehari—
1768 391 1816 448 Α
1844 391 1987 438 stum
2035 382 2089 438 in
2115 369 2305 435 omnes
2351 376 2727 450 generationes
2750 376 2867 430 sine
2900 375 3278 446 corruptione,
3307 374 3425 434 fra-

132 482 227 525 tas
253 473 322 525 ⁸⁸.
357 471 499 526 Dicit
542 471 708 526 etiam
742 491 755 527 :
799 471 1001 527 Horum
1043 476 1499 544 complementum
1531 489 1648 544 est,
1679 487 1736 531 ut

133 565 265 618 sitis
284 577 478 618 omnes
506 579 606 618 cor
628 580 790 618 unum
846 566 897 619 in
923 564 1052 620 .lesu
1098 567 1356 624 Christo:
1394 585 1549 639 Opem
1589 571 1736 624 invi-

133 670 265 706 cem
295 653 538 708 ferentes
560 694 575 720 ,
609 665 664 710 et
692 655 988 710 fraternam
1015 658 1334 714 exhibentes
1368 661 1687 715 charitatem
1718 700 1734 724 ,

133 746 534 802 misericordes
559 747 914 815 exsistentes,
963 759 1020 804 ut
1054 750 1313 805 Dominus
1351 752 1514 806 etiam
1552 762 1736 807 nostra

134 846 418 904 praeparet
443 838 608 892 corda
641 840 709 893 ad
740 856 835 894 sua
886 843 1136 895 mandata
1171 843 1416 898 facienda
1465 860 1639 920 usque
1669 846 1735 898 ad

136 928 286 984 diem
308 931 775 987 manifestationis
809 932 980 1003 plena:
1007 935 1190 1006 gloria:
1225 951 1319 1005 per
1347 935 1530 992 Jesum
1579 937 1739 993 Chri-

206 1055 260 1087 ⁸³
285 1055 452 1113 Rom.
480 1074 605 1124 xm,
637 1062 720 1116 10.

1847 485 1962 530 tres
1988 491 2126 544 quos
2164 473 2351 544 diligo,
2401 487 2498 542 per
2535 469 2716 526 Jesum
2760 463 3034 524 Christum
3064 488 3076 524 :
3110 470 3195 524 cui
3217 468 3426 539 gloria,

1845 573 1900 618 et
1939 567 2114 621 honor
2154 581 2219 619 ex
2273 579 2436 631 nunc,
2469 570 2524 618 et
2555 561 2700 616 omni
2745 572 3009 632 tempore,
3051 572 3104 616 et
3137 562 3189 616 in
3229 561 3424 618 aemula

1842 659 2185 713 smeulorum.
2217 659 2411 712 Amen.

1838 748 2094 815 C‘ompleti
2137 760 2258 802 sunt
2295 749 2477 818 viginti
2506 747 2787 802 Sermones
2821 747 3198 813 sapientissimi
3242 746 3422 802 Putris

1911 823 2076 874 nostri
2127 820 2185 874 S.
2225 820 2444 872 Antonii
2491 820 2719 884 abbatis,
2765 818 3138 872 monachorum
3190 819 3424 871 omnium

1908 893 2190 1011 parentis;1
2205 891 2460 944 Dominus
2493 889 2660 943 nostri
2705 905 2795 955 per
2823 887 2936 958 ejus
2970 890 3232 942 orationes
3261 889 3424 942 mise-

1916 972 2115 1011 reatur.
2197 977 2332 1011 men.

1916 972 2115 1015 realttr.
2147 972 2332 1013 Amen.

159 1192 3390 1223 mm

1047 1369 1173 1478 B.
1263 1329 1784 1482 PATRIS
1871 1368 2532 1518 ANTONII,

831 1584 1178 1642 MERITO
1232 1587 1559 1653 MAGNI,
1621 1587 2028 1644 ABBATIS
2087 1589 2734 1664 SANCTISSIMI,

1396 1758 1926 1841 EPISTOLZE
1998 1763 2184 1855 VII,

759 1939 846 1998 Ex
884 1938 1360 2028 GrtecoﬂLatine
1408 1939 1692 2016 redditae,
1735 1941 2085 2022 interprete
2135 1945 2392 2006 Valerio
2439 1945 2518 2006 de
2550 1945 2826 2008 Sarasio.

732 2231 1070 2287 EPISTOLA
1109 2236 1149 2288 l.

675 2338 744 2377 AD
784 2340 1026 2387 FRATRES
1065 2341 1214 2382 SUOS.

221 2415 261 2468 Ι.
304 2413 551 2468 Primum
602 2414 779 2470 saluto
823 2432 917 2471 vos
964 2418 1016 2471 in
1051 2419 1295 2474 Domino.
1344 2419 1612 2475 Existimo
1646 2437 1737 2475 au-

147 2520 258 2584 tem
307 2511 524 2567 animas
570 2527 923 2582 quascunque
976 2516 1389 2584 apprehenderit
1441 2521 1612 2589 gratia
1647 2521 1739 2576 Dei

148 2604 400 2660 vocantis
437 2603 504 2656 ad
553 2605 988 2672 prmdicationem
1041 2624 1194 2661 suam
1227 2625 1324 2678 per
1361 2613 1582 2665 verbum
1618 2628 1742 2682 pro-

147 2697 350 2764 prium,
392 2696 593 2749 habere.
623 2706 730 2751 tres
774 2700 980 2763 modos,
1019 2713 1112 2752 seu
1149 2701 1416 2756 masculos
1443 2718 1538 2757 seu
1569 2703 1727 2758 femiv

149 2802 266 2842 nas.
311 2787 546 2854 Quidam
610 2789 751 2841 enim
792 2802 890 2857 per
948 2792 1412 2845 testamentariam
1464 2791 1634 2861 legem
1689 2802 1744 2848 et

119 2880 381 2945 _iudittttn
423 2880 478 2933 in
509 2879 588 2932 eis
623 2879 789 2934 semel
820 2883 1047 2946 bonum,
1080 2897 1108 2935 a
1149 2883 1322 2952 prima
1354 2885 1435 2938 sui
1472 2885 1741 2940 conditio-

149 2987 218 3025 ne
263 2971 579 3041 pertingere
626 2973 804 3026 verbo
839 2973 933 3026 Dei
970 2973 1035 3026 ad
1067 2987 1162 3028 eos
1210 2975 1403 3028 morati
1450 2990 1556 3029 non
1590 2983 1739 3042 sunt,

151 3064 248 3116 sed
304 3070 674 3131 perrexerunt
719 3062 891 3131 parati
942 3078 1062 3116 cum
1101 3079 1187 3128 eo,
1239 3065 1397 3120 siculi
1451 3076 1508 3120 et
1559 3076 1746 3122 noster

149 3159 476 3224 progenitor
507 3158 809 3225 Abraham;
841 3158 925 3211 cui
970 3161 1164 3227 primo,
1201 3161 1324 3228 quia
1366 3162 1608 3230 porrexit
1655 3156 1745 3215 in;

149 3249 406 3323 daginem
444 3246 585 3301 Deus
635 3263 730 3316 per
775 3252 1238 3304 testamentarium
1281 3251 1470 3322 legem,
1500 3254 1746 3322 apparuit

152 3342 344 3396 dicens
370 3359 383 3394 :
408 3340 510 3396 Exi
542 3342 606 3394 de
628 3351 769 3394 terra
815 3354 906 3394 tua
937 3353 982 3396 et
1011 3343 1075 3396 de
1102 3346 1413 3414 cognatione
1445 3357 1556 3409 tua,
1599 3354 1647 3397 et
1683 3345 1746 3396 de

150 3434 310 3484 domo
355 3431 520 3499 patris
559 3433 656 3499 tui,
693 3442 740 3485 et
791 3417 914 3486 veni
939 3434 1008 3486 ad
1044 3445 1239 3488 terram
1281 3452 1438 3507 quant
1471 3436 1744 3489 ostendero

153 3523 246 3574 tibi
263 3523 331 3574 ⁸⁸.
378 3527 451 3577 At
484 3523 570 3577 ille
604 3523 656 3576 in
689 3524 838 3592 nullo
881 3526 1157 3591 haesitans,
1191 3539 1409 3597 paratus
1438 3527 1537 3582 fuit
1566 3530 1616 3581 in
1647 3543 1745 3597 von

151 3612 390 3664 catione.
429 3611 529 3666 llic
561 3627 741 3668 autem
793 3615 963 3684 figura
1010 3628 1128 3671 erat
1176 3595 1366 3687 primze
1407 3619 1533 3673 vita:
1583 3617 1743 3687 hujus
1771 3597 1818 3661 ο

155 3700 541 3771 institutionis,
595 3721 715 3775 qua:
765 3723 910 3762 nunc
961 3725 1131 3780 usque
1173 3712 1412 3781 persistit
1448 3712 1498 3765 in
1546 3713 1625 3767 eis
1652 3713 1742 3781 qui

154 3792 272 3862 ejus
305 3807 613 3864 sequuntur
634 3799 880 3868 vestigia.
917 3799 1068 3856 Unde
1087 3813 1139 3856 et
1163 3803 1356 3857 iterum
1381 3804 1425 3857 si
1450 3805 1644 3858 anima:
1667 3807 1745 3860 sic

154 3885 468 3940 sustineant
501 3895 556 3941 et
587 3887 658 3942 ita
700 3891 930 3959 egerint,
959 3891 1117 3946 facile
1145 3894 1361 3948 easdem
1398 3895 1624 3950 virtutes
1654 3912 1743 3951 as-

155 3988 395 4040 sument,
439 3993 503 4032 eo
536 3981 678 4049 quod
715 3993 900 4048 parata
953 3984 1062 4038 sint
1097 3986 1257 4039 corda
1307 4001 1495 4039 earum
1547 3988 1744 4057 repleri

154 4069 363 4142 Spiritu
400 4069 518 4126 Dei.
562 4071 626 4126 Et
670 4074 785 4129 hate
836 4075 1106 4130 institutio
1169 4078 1362 4146 prima.
1420 4078 1557 4135 Huic
1612 4097 1742 4137 vero

153 4160 396 4215 secunda
432 4163 648 4217 exsistit
673 4164 739 4220 de
779 4166 848 4219 iis
879 4167 972 4236 qui
1003 4167 1230 4222 audiunt
1261 4169 1521 4239 scriptam
1571 4171 1741 4242 legem

154 4254 542 4309 testificantem
572 4256 651 4311 eis
694 4257 948 4312 universa
996 4260 1256 4328 supplicia
1289 4247 1408 4331 quae
1444 4266 1746 4332 peccatori-

155 4344 254 4401 bus
285 4358 687 4415 praeparantur,
715 4357 770 4404 et
817 4353 1226 4406 annuntiautem
1269 4355 1334 4409 de
1375 4357 1579 4410 sanctis
1621 4371 1746 4426 pro-

156 4438 514 4494 missionibtts
552 4440 618 4495 ad
654 4454 746 4496 eos
795 4442 883 4510 qui
943 4443 1252 4510 proficiunt,
1303 4447 1498 4514 quibus
1546 4458 1601 4500 et
1649 4463 1748 4516 per

156 4531 470 4586 tesﬁmonia
508 4532 782 4602 inscripta:
832 4533 966 4603 legis
1006 4538 1188 4590 sobria
1222 4537 1472 4592 voluntas
1506 4539 1741 4604 exsistit,

152 4635 206 4679 et
238 4641 341 4694 per
376 4625 517 4680 hanc
541 4628 872 4695 qumsicrunt
910 4628 1114 4682 intrare
1143 4630 1194 4682 in
1229 4630 1512 4685 vocatione
1548 4648 1744 4686 rut-an-

155 4721 244 4773 tis.
292 4718 387 4772 Sie
431 4727 482 4772 et
529 4719 696 4774 David
744 4720 1067 4775 testificatur
1112 4722 1338 4776 dicens:
1372 4722 1479 4776 Lex
1532 4725 1745 4778 Domini

153 4811 525 4877 immaculata,
569 4826 872 4868 convertens
904 4815 1109 4868 animos
1137 4816 1200 4868 ⁸⁷.
1235 4817 1300 4871 Et
1331 4818 1381 4870 in
1418 4819 1520 4872 hoc
1555 4821 1742 4872 eodem

155 4903 275 4957 hicn
307 4920 321 4954 τ
355 4905 679 4969 Declaratio,
716 4905 908 4974 inquit,
948 4923 1244 4962 sermonum
1292 4919 1500 4963 tuorum
1541 4909 1743 4964 illunti-
1777 4938 1820 4992 ι)

155 5008 271 5060 nat,
309 5007 357 5050 et
390 4997 710 5051 intellectum
738 4999 825 5052 dat
855 4999 1088 5067 parvulis
1112 4999 1177 5054 ⁸⁸.
1212 4999 1317 5056 Sed
1347 5011 1400 5056 et
1442 5001 1544 5055 alia
1582 5017 1743 5070 quant

153 5091 422 5162 plurima,
455 5092 520 5145 de
564 5093 761 5161 quibus
815 5094 973 5148 modo
1009 5109 1113 5148 non
1145 5110 1434 5164 possumus
1464 5111 1742 5151 enarrare.

153 5184 334 5238 Porro
372 5184 532 5238 tertia
583 5185 849 5239 institutio
895 5196 998 5252 est,
1034 5186 1086 5240 in
1129 5203 1234 5256 qua
1290 5187 1440 5240 duris
1491 5187 1746 5241 cordibus

154 5292 305 5346 saepe
343 5276 484 5330 inter
510 5278 639 5332 vitia
670 5287 726 5332 et
767 5279 818 5332 in
850 5279 1059 5347 peccati
1095 5278 1348 5348 operibus
1380 5280 1746 5346 permanenti-

154 5369 282 5432 bus,
318 5370 610 5438 aliquoties
644 5371 908 5442 benignus
946 5371 1090 5427 Deus
1133 5371 1298 5425 infert
1329 5371 1539 5425 labores
1569 5374 1633 5425 ad
1661 5371 1744 5425 in-

154 5464 516 5532 crepandam,
559 5463 731 5518 donec
778 5463 1019 5518 sentiant
1059 5477 1155 5534 per
1186 5477 1504 5527 (erumnam,
1542 5470 1594 5517 et
1627 5477 1748 5532 pte-

155 5553 404 5607 tzitentes
432 5567 498 5606 ex
529 5561 662 5620 toto,
697 5553 1029 5623 accipientes
1059 5562 1114 5608 et
1142 5551 1240 5623 ipsi
1271 5552 1521 5618 virtutes,
1555 5567 1747 5621 quem-

228 5689 442 5746 “Ceu.
479 5706 578 5754 xit,
612 5695 657 5746 Ι.
735 5693 777 5727 ⁸⁷
807 5693 948 5758 l‘sal.
995 5710 1126 5748 ιιίιι
1181 5695 1212 5747 8

1775 2244 1820 2303 Β
1854 2241 2142 2296 admodum
2180 2252 2230 2297 et
2264 2243 2339 2297 illi
2367 2244 2431 2299 de
2474 2244 2669 2312 quibus
2705 2243 2951 2313 praedixi.
2998 2243 3088 2299 l'lze
3115 2245 3277 2316 igitur
3301 2255 3432 2314 sunt

1846 2335 2279 2392 introductioaes
2323 2346 2434 2391 tres
2477 2337 2526 2390 in
2574 2337 2857 2391 animabus
2889 2353 3008 2407 quae
3040 2339 3105 2391 ad
3136 2339 3429 2407 pwnitudi-

1845 2442 1965 2479 nem
2009 2428 2256 2494 veniunt,
2292 2429 2465 2484 donec
2501 2429 2874 2499 adipiscantur
2902 2429 3134 2500 gratiam
3165 2440 3220 2485 et
3264 2446 3431 2486 voca-

1846 2520 2044 2573 tionem
2081 2519 2200 2574 Filii
2240 2521 2358 2576 Dei.

1914 2611 1977 2665 ll.
2021 2613 2126 2666 Sed
2169 2623 2296 2682 puto
2337 2613 2480 2682 quod
2515 2628 2608 2668 eos
2656 2613 2803 2682 prius
2853 2596 3004 2669 vocet
3051 2614 3305 2684 Spiritus,
3334 2614 3428 2685 qui

1847 2702 2228 2773 ingrediuntur
2279 2719 2347 2782 ex
2395 2714 2504 2758 toto
2565 2708 2729 2760 corde
2763 2715 3062 2772 certamen,
3093 2716 3148 2759 et
3173 2706 3438 2760 ordinant

1845 2794 2168 2862 semetipsos
2217 2794 2283 2847 ad
2319 2794 2701 2850 sustinendum
2745 2796 2797 2850 in
2835 2797 2982 2850 omni
3016 2796 3310 2852 luetatione
3333 2796 3431 2850 ad-

1846 2885 2096 2950 versarii,
2126 2885 2296 2940 donec
2331 2887 2625 2941 devincam
2669 2902 2818 2941 eum.
2849 2885 3076 2942 Pratstat
3111 2902 3238 2944 vero
3265 2887 3345 2943 cis
3372 2895 3441 2946 et

1844 2976 2070 3031 lenitate
2116 2976 2167 3029 in
2219 2978 2471 3033 omnibus
2504 2977 2699 3045 juvans
2727 2993 2820 3034 eos
2868 2977 3132 3046 Spiritus,
3164 2988 3223 3034 ut
3253 2977 3431 3044 incul-

1846 3085 2040 3128 centur
2103 3074 2156 3128 in
2207 3074 2313 3129 illis
2362 3089 2526 3145 opera
2580 3075 2949 3144 pmnilcnliae;
2989 3075 3138 3144 ponit
3182 3074 3261 3131 eis
3315 3083 3433 3129 ter-

1848 3169 2024 3223 minos
2059 3183 2156 3239 per
2203 3168 2421 3222 modum
2462 3169 2751 3242 quemdam
2798 3169 3152 3241 pcpnitudinis
3206 3170 3258 3224 in
3307 3184 3438 3224 eor-

1822 3273 1978 3329 pore
2003 3269 2057 3314 et
2083 3261 2262 3314 anima
2304 3276 2513 3326 eorum,
2547 3275 2830 3330 usquequo
2885 3261 3080 3316 doceat
3115 3275 3208 3316 eos
3265 3261 3428 3314 etiam

1846 3354 2217 3409 conversionis
2275 3356 2491 3409 modum
2563 3357 2630 3407 ad
2705 3354 3040 3409 conditorem
3109 3355 3440 3426 proprium,

1850 3446 2056 3500 Deum:
2085 3462 2294 3500 necnon
2342 3455 2398 3501 et
2448 3447 2653 3513 praebet
2686 3448 2766 3502 eis
2794 3445 3058 3501 violentia:
3103 3444 3429 3514 compulsio-

1851 3551 1969 3591 nem
2008 3539 2058 3591 in
2099 3537 2280 3590 anima
2317 3538 2712 3594 discurrentem
2749 3547 2804 3593 et
2830 3552 3077 3606 corpore,
3109 3545 3166 3590 ut
3200 3547 3444 3606 utraque

1849 3630 2179 3686 sanetiticari
2221 3643 2445 3702 queant,
2498 3643 2558 3686 ut
2603 3632 2794 3686 eodem
2849 3630 3009 3684 modo
3061 3631 3432 3684 haereditatem

1850 3734 2077 3793 utraque
2106 3733 2323 3778 sumtmt
2351 3741 2364 3775 :
2396 3738 2594 3794 corpus
2625 3721 2841 3793 quidem
2881 3722 2932 3775 in
2969 3720 3191 3789 jejuniis
3221 3719 3438 3775 crebris

1848 3827 1903 3871 et
1939 3816 2169 3883 vigiliis;
2231 3817 2410 3871 anima
2451 3831 2578 3872 vero
2627 3816 2679 3870 in
2725 3815 2920 3885 spiritu
2974 3823 3137 3882 atque
3183 3813 3440 3879 solertia,

1851 3908 2172 3963 ministeriis
2211 3924 2428 3978 quoque
2479 3923 2596 3977 qua!
2651 3906 2781 3961 facit
2822 3908 2874 3960 in
2919 3920 3170 3972 corpore.
3212 3906 3442 3961 (lauatio-

1849 4003 1973 4056 dum
2011 4003 2112 4056 hoc
2142 4002 2366 4057 inomni
2395 4001 2814 4056 fructiticatione
2845 3998 3074 4053 carnali.

1921 4095 2011 4149 lll.
2055 4095 2290 4166 Spiritus
2314 4110 2528 4165 quoque
2558 4094 2893 4164 poenitentia:
2924 4092 3184 4147 deductor
3205 4088 3431 4145 ellicitur

1849 4190 1902 4242 in
1942 4188 2080 4252 istis,
2120 4197 2175 4242 et
2220 4195 2386 4242 teutat
2431 4202 2554 4241 eum
2598 4186 2651 4240 in
2684 4187 2789 4250 his,
2817 4199 2883 4238 ne
2921 4197 3026 4252 qua
3050 4183 3120 4237 sit
3151 4181 3430 4236 inimicitia

1848 4279 1916 4332 ad
1965 4285 2386 4334 convertendum
2425 4278 2562 4332 forte
2615 4287 2932 4332 retrorsum.
2977 4274 3116 4328 Tum
3151 4287 3282 4327 vero
3339 4273 3438 4326 ille,

1849 4371 2110 4425 deductor
2144 4371 2377 4438 Spiritus
2411 4370 2601 4438 incipit
2631 4369 2912 4437 adaperire
2939 4368 3134 4420 animae
3157 4365 3342 4419 oculos
3365 4365 3431 4417 ad

1850 4463 2225 4530 paenitentiam
2261 4462 2648 4524 exhibendam,
2679 4470 2730 4512 ct
2769 4469 2825 4512 ιιι
2857 4459 3237 4512 sanctiticetur
3263 4461 3429 4512 etiam

1848 4562 2058 4618 sensus,
2112 4548 2504 4602 districtionem
2561 4547 2946 4602 intermedium
3011 4549 3236 4616 praebet,
3293 4547 3430 4602 inci-

1847 4643 2000 4709 piens
2032 4641 2212 4694 doceri
2240 4656 2268 4693 a
2299 4640 2506 4710 Spiritu
2561 4640 2909 4695 sanctiticare
2946 4640 3192 4710 corporis
3222 4649 3278 4694 et
3311 4639 3436 4692 ani-—

1850 4745 1950 4784 ιιιω
1983 4730 2356 4800 pcenitentiam
2405 4745 2568 4786 sensu
2610 4728 2806 4784 edocto
2841 4743 2937 4798 per
2973 4727 3232 4798 Spiritum
3266 4727 3429 4780 dedu-

1849 4831 2056 4875 centem
2083 4836 2177 4875 nos
2199 4821 2264 4874 ad
2287 4822 2412 4876 illud
2434 4821 2629 4876 anima:
2652 4822 3002 4891 corporisque
3025 4818 3313 4889 agendum,
3337 4817 3430 4886 qui

1850 4908 2204 4964 sanctificans
2237 4911 2415 4964 omnia
2476 4926 2540 4964 ac
2569 4910 2969 4964 districtioneln
3014 4908 3259 4976 praebens
3287 4916 3345 4962 ut
3377 4916 3432 4961 et

1854 5000 2036 5055 carnis
2073 5003 2365 5058 misceatur
2414 5002 2624 5057 fructus
2657 5005 2724 5056 ad
2759 5002 3008 5056 universa
3054 5000 3299 5069 corporis
3337 5014 3437 5053 na-

1855 5093 2067 5159 turalia,
2130 5111 2195 5150 ex
2253 5096 2450 5166 quibus
2505 5094 2862 5166 transgressio
2918 5094 3054 5161 fuit;
3107 5102 3163 5148 et
3214 5093 3434 5148 adducit

1855 5187 2270 5256 unumquodque
2313 5201 2601 5256 corporum
2683 5186 3007 5240 naturalium
3065 5184 3132 5239 ad
3191 5184 3434 5255 priorem

1854 5277 2242 5339 conditionem,
2286 5293 2392 5331 non
2443 5277 2649 5333 habens
2705 5277 2908 5348 aliquid
2940 5276 3174 5332 alienum
3214 5285 3309 5332 aut
3333 5275 3424 5332 lto-

1854 5369 1978 5423 stile
2012 5368 2254 5438 spiritus.
2306 5367 2515 5436 Corpus
2545 5368 2809 5439 siquidem
2856 5368 3118 5439 redigitur
3143 5366 3246 5424 sub
3274 5377 3440 5437 pote-1

1854 5470 2048 5515 statem
2073 5476 2266 5515 sensus
2295 5460 2511 5514 doctum
2547 5475 2575 5514 a
2602 5460 2795 5528 spiritu
2831 5461 3126 5515 secundum
3153 5461 3441 5531 eloquium

1855 5549 2003 5605 Pauli
2034 5569 2047 5605 :
2080 5549 2309 5605 Obculco
2356 5565 2545 5608 cornus.
2586 5565 2780 5618 meum,
2813 5561 2862 5606 et
2908 5550 2963 5607 in
3015 5551 3320 5607 servitutem
3349 5565 3430 5606 rc-

1310 5693 1354 5724 θδ
1394 5690 1532 5746 l’sal.
1561 5706 1749 5760 cum,
1781 5693 1894 5748 130.
