3860 6320
475 332 578 387 9ῖ9

1590 333 1862 390 ΡΑΤῆΕὸ
1898 330 2195 388 ΛΕΟΥΡΤΙΙ
2235 328 2502 386 δίΕευιι
2540 329 2630 386 ιν.

3636 317 3739 372 980

476 446 680 517 ἀέρθη.
738 446 1000 514 Quoniam
1064 460 1194 502 vero
1240 461 1430 504 sensus
1483 459 1641 504 antea
1700 453 2046 518 semetipsum
2078 456 2126 511 Α
2153 458 2341 512 tatem,
2367 447 2621 516 quoniam
2652 443 2959 516 hujusmodi
3002 441 3224 510 languor
3268 432 3545 489 insederat
3569 434 3618 488 ei
3648 433 3741 486 du-

477 532 784 587 sanctilicat
831 534 884 586 in
936 532 1082 587 escis
1106 542 1162 588 et
1186 536 1551 602 potationibus
1579 553 1608 592 a
1644 554 1857 608 sopore,
1885 538 2052 594 semel

477 636 542 675 ac
587 620 906 688 simpliciter
963 623 1016 676 in
1068 624 1276 679 cunctis
1328 625 1560 682 motibus
1594 629 1732 695 suis,
1769 631 1968 700 quique
1997 640 2053 684 et

479 711 782 767 naturalem
813 712 1057 782 copulam
1083 728 1463 787 segregaverat
1490 721 1907 778 s‘anctilicationi
1931 736 2054 789 pro-

479 805 629 872 prim.

553 891 644 950 IV.
695 895 837 952 Reor
861 908 1040 953 autem
1086 897 1198 969 (Ml
1249 910 1359 957 tres
1398 905 1644 974 corporis
1691 914 1869 961 motus
1909 907 2056 962 exsi-

483 994 652 1042 stere.
689 986 744 1042 lu
782 990 899 1060 ipso
936 991 1082 1045 enim
1125 1003 1207 1048 est
1251 995 1500 1052 naturale
1547 1001 1792 1066 corporis
1837 1012 2056 1055 concre-

482 1084 596 1130 tum
633 1076 743 1144 illi;
785 1082 926 1149 quod
961 1092 1136 1137 tamen
1172 1098 1276 1139 non
1312 1097 1572 1155 operatur
1615 1095 1710 1142 aut
1746 1087 1909 1144 ellicit
1954 1091 2054 1144 ali-

481 1163 610 1231 quid
661 1165 780 1220 sine
825 1169 1019 1223 animae
1071 1170 1371 1240 voluntate,
1408 1175 1510 1230 nisi
1571 1176 1713 1245 quod
1753 1178 1958 1248 iudicat
1999 1180 2054 1236 in

482 1267 712 1324 corpore
739 1257 934 1312 solum.
974 1259 1106 1314 Nam
1140 1272 1194 1316 et
1235 1263 1373 1320 alius
1400 1275 1583 1322 motus
1625 1268 1838 1322 exsistit
1865 1284 1930 1322 ex
1963 1286 2054 1340 pa-

480 1355 568 1400 stu
596 1350 839 1418 corporis
869 1351 1158 1408 multorum
1189 1355 1433 1411 ciborum
1459 1372 1523 1412 ac
1551 1369 1796 1428 potuum,
1833 1375 1900 1416 ex
1931 1362 2050 1431 qui-

483 1437 586 1490 bus
629 1439 906 1495 adintlatio
940 1444 1217 1512 sanguinis
1261 1457 1402 1511 orta,
1433 1461 1533 1515 per
1581 1463 1735 1504 escas
1783 1460 2056 1521 oppugnat

485 1528 647 1585 totius
691 1532 882 1587 anith
918 1549 1118 1604 corpus
1152 1536 1432 1605 epularum
1492 1540 1796 1605 sumptione
1843 1557 2055 1610 permo-

485 1627 618 1673 tum.
650 1621 730 1677 Ob
758 1624 857 1679 huc
890 1635 943 1680 et
973 1627 1260 1696 Apostolus
1291 1631 1366 1685 ait
1395 1646 1408 1682 :
1438 1629 1616 1686 Nolite
1638 1632 1888 1688 inebriari
1911 1634 2052 1698 vino,

483 1710 537 1764 in
563 1726 665 1781 quo
699 1724 774 1767 est
805 1715 1102 1771 luxuria”.
1135 1719 1335 1776 Deinde
1375 1720 1603 1778 Domino
1651 1725 1933 1780 nuntiante
1973 1727 2054 1782 di-

2161 541 2311 607 dum,
2340 549 2398 594 ut
2428 540 2629 610 quibus
2658 537 2978 609 ngrotabat,
3009 549 3075 589 ex
3123 530 3254 601 ipsis
3281 543 3498 597 semper
3535 526 3736 594 aliquid

2161 631 2495 700 loqueretur,
2538 630 2762 685 tradens
2816 627 3013 691 linguae
3053 621 3348 691 promenda
3391 632 3620 689 organo,
3651 627 3735 670 ut-

2162 733 2286 793 pote
2333 721 2568 777 exstanti
2616 720 2741 776 sibi.
2783 719 2884 774 Hic
2923 732 3052 787 ergo
3088 715 3318 785 languor
3368 710 3735 765 abundantius

2160 812 2535 882 magniﬁcatus
2584 819 2670 866 est
2711 809 2786 864 illi
2821 809 2877 862 in
2913 807 3015 861 hoc
3047 803 3292 859 membro
3320 799 3466 870 quod
3507 808 3591 851 est
3634 799 3735 852 lin-

2161 919 2282 976 gua.
2310 903 2464 960 Unde
2491 912 2544 957 et
2569 901 2804 958 lacobus
2826 897 3101 970 apostolus
3127 895 3451 951 testificatur
3483 910 3499 946 :
3530 890 3590 945 Si
3622 893 3736 960 quis

2160 997 2402 1053 uideatur
2451 978 2740 1064 religiosus
2783 1007 2914 1056 esse,
2971 1005 3074 1043 non
3123 987 3397 1054 refrenans
3465 981 3735 1051 propriam

2162 1089 2420 1159 linguam,
2471 1087 2805 1154 semetipsum
2861 1083 3022 1153 fallit,
3065 1091 3114 1136 et
3169 1080 3326 1148 hujus
3373 1074 3560 1144 religio
3603 1088 3737 1126 vana

2160 1191 2235 1236 est
2264 1180 2331 1234 ⁸³.
2363 1179 2618 1249 Idemque
2647 1177 2718 1233 ibi
2745 1176 2859 1231 ait:
2895 1174 2966 1229 Et
2998 1173 3177 1242 lingua
3216 1184 3378 1240 parva
3416 1177 3518 1230 est,
3554 1180 3733 1217 maeu-

2160 1273 2277 1326 lans
2310 1281 2474 1325 totum
2523 1268 2802 1336 corpus”;
2848 1275 2904 1321 et
2947 1266 3052 1320 alia
3100 1263 3266 1318 multa
3299 1275 3419 1330 quae
3460 1273 3570 1312 non
3614 1271 3736 1326 pos-

2161 1376 2280 1416 sum
2330 1359 2566 1431 adjicere
2607 1368 2826 1414 cuncta.
2857 1355 3008 1424 Quod
3035 1354 3082 1409 si
3110 1349 3499 1422 praevaluerint
3541 1360 3737 1400 sensus

2161 1467 2379 1508 sumere
2427 1451 2496 1506 ab
2537 1449 2752 1522 spiritu,
2815 1449 2932 1517 ipse
2980 1445 3130 1518 prius
3178 1439 3737 1498 sanctiﬁcabitur:et

2163 1547 2376 1601 tandem
2415 1553 2762 1614 perscrutans
2803 1553 3104 1602 sermones,
3145 1535 3321 1591 tradet
3358 1533 3580 1602 quidem
3612 1543 3734 1598 pro-

2163 1641 2293 1710 prius
2321 1639 2534 1710 linguae,
2557 1639 2647 1692 sed
2681 1635 2817 1690 nihil
2846 1634 3104 1688 habentes
3130 1642 3378 1698 pravum,
3419 1631 3518 1679 aut
3542 1622 3733 1677 anima:

2162 1732 2547 1796 voluntarium,
2581 1743 2676 1800 per
2705 1743 2825 1797 qua:
2875 1724 3096 1780 verbum
3136 1717 3442 1775 Salomonis
3492 1711 3734 1784 implebi-

483 1801 707 1870 scipulis
727 1806 840 1861 suis
873 1807 925 1860 in
955 1808 1274 1880 Evangelio,
1300 1812 1500 1867 dicitur
1534 1831 1561 1892 :q
1590 1813 1774 1870 Videte
1797 1833 1858 1870 ne
1890 1833 2060 1886 quan-
2091 1811 2134 1866 Β
2169 1833 2254 1879 lu.-
2297 1824 2527 1878 dicenus
2557 1840 2571 1876 ε
2603 1821 2712 1876 Μαί
2761 1831 3023 1874 sermone;
3073 1813 3202 1868 dicti
3240 1822 3360 1866 sunt
3397 1827 3431 1863 a
3462 1807 3595 1871 Deo,
3646 1820 3732 1857 nec

485 1892 554 1946 do
601 1908 884 1962 graventur
929 1901 1088 1954 corda
1135 1912 1304 1956 uestra
1354 1905 1410 1959 in
1443 1921 1563 1960 esca
1603 1916 1650 1960 et
1690 1918 1820 1977 potu
1843 1909 1914 1973 ",
1943 1909 2060 1964 sive

486 1983 713 2040 deliciis.
743 1986 1143 2057 inquirentibus
1184 1996 1486 2063 prtesertim
1516 2012 1823 2052 mensuram
1857 2000 2059 2054 sancti-

487 2074 777 2141 licationis,
817 2079 1054 2136 debitum
1110 2093 1194 2138 est
1247 2085 1387 2139 istud
1420 2085 1613 2143 elIerre
1645 2105 1660 2142 :
1689 2087 1902 2160 Castigo
1940 2107 2058 2145 cor-

484 2182 582 2235 pus
631 2185 823 2234 meum,
855 2182 903 2226 et
944 2173 998 2227 in
1047 2177 1347 2231 servitutem
1392 2177 1567 2249 redigo
1586 2180 1652 2233 ⁹².
1677 2180 1892 2238 Tertius
1931 2198 2060 2238 vero

485 2269 666 2316 mutus
714 2272 798 2318 est
838 2265 1124 2334 spirituum
1173 2271 1535 2340 malignorum
1592 2274 1913 2328 tentantium
1964 2290 2060 2344 per

485 2352 736 2420 livorem,
780 2371 842 2412 ac
887 2357 1181 2414 volentium
1222 2360 1559 2419 ﬂaccidiores
1588 2364 1798 2420 edicere
1838 2379 1932 2421 eos
1968 2365 2057 2435 qui

487 2456 754 2502 conantur
815 2453 1157 2508 sanctiticare
1201 2456 1548 2526 semetipsos.
1593 2455 1976 2513 Verumtamen
2013 2459 2058 2514 si

487 2536 542 2590 in
574 2537 768 2594 iisdem
795 2543 968 2596 tribus
993 2545 1165 2600 modis
1188 2548 1456 2603 sustineat
1501 2549 1680 2602 anima
1715 2551 2059 2618 semetipsum

489 2630 814 2688 testimoniis
855 2635 1051 2703 quibus
1099 2637 1327 2705 spiritus
1375 2640 1620 2694 docuerit
1659 2654 1904 2704 sensum,
1934 2655 2061 2695 san-

487 2721 822 2778 etilicabitur
843 2725 895 2779 in
931 2739 1161 2799 utraque
1187 2729 1255 2784 ab
1282 2730 1374 2786 illo
1403 2730 1658 2806 languore
1691 2731 1942 2788 triformi.
1965 2732 2059 2788 Sin

489 2826 624 2868 vero
667 2813 938 2872 dimiserit
989 2821 1339 2889 semetipsum
1411 2836 1604 2877 sensus
1671 2839 1701 2876 a
1745 2823 2062 2878 testimoniis

490 2904 689 2972 quibus
718 2906 944 2976 spiritus
973 2910 1293 2964 testilicatur
1317 2913 1400 2977 ei;
1439 2920 1564 2967 tunc
1591 2912 1804 2983 maligni
1839 2913 2061 2982 Spiritus

490 2998 918 3067 supersederunt
949 3004 1358 3075 congregationi
1381 3005 1646 3074 corporis,
1671 3015 1727 3062 et
1750 3016 2063 3077 oppugnant

492 3086 586 3141 illo
623 3098 774 3142 motu
815 3104 985 3159 usque
1029 3091 1154 3145 dum
1200 3091 1380 3146 anima
1424 3090 1699 3164 fatigetur,
1739 3102 1794 3146 et
1842 3092 2062 3162 incipiat

2164 1925 2241 1971 est
2273 1916 2327 1970 in
2353 1915 2461 1969 illis
2486 1912 2687 1984 aliquid
2732 1925 2951 1980 pravum
2986 1917 3140 1976 atque
3172 1903 3479 1974 perplexum
3493 1901 3563 1954 ".
3592 1896 3730 1951 Idem

2167 2019 2356 2062 rursus
2394 2004 2446 2058 in
2478 2002 2586 2058 alio
2620 2001 2738 2056 loco
2767 2000 2840 2054 ait
2867 2017 2882 2053 :
2907 1997 3113 2067 Lingua
3139 1994 3455 2066 sapientium
3481 1987 3730 2051 sanat";

2166 2108 2222 2154 et
2250 2096 2352 2152 alia
2381 2110 2544 2166 quam
2577 2092 2836 2164 plurima.
3369 2174 3384 2181 Α
3715 2168 3728 2181 .

2238 2186 2326 2258 VI.
2370 2185 2572 2240 Deinde
2611 2184 2806 2238 iterum
2848 2194 3106 2236 manuum
3145 2184 3319 2232 motus
3369 2174 3516 2229 intra
3558 2185 3644 2226 me
3686 2174 3730 2224 si

2166 2288 2326 2335 erant
2371 2275 2660 2344 aliquando
2710 2283 2894 2338 motas,
2955 2273 3006 2326 in
3053 2271 3248 2341 quibus
3297 2283 3404 2322 non
3450 2263 3734 2335 oportebat

2168 2370 2364 2425 auium
2391 2366 2790 2437 voluptatibus;
2823 2364 2917 2419 sed
2949 2376 3092 2417 nunc
3123 2361 3172 2415 ei
3206 2358 3430 2428 spiritus
3467 2369 3606 2410 unus
3627 2362 3731 2407 ter-

2168 2460 2339 2517 minat
2385 2472 2626 2521 sensum,
2667 2463 2726 2509 ut
2764 2455 2816 2509 in
2857 2453 3168 2517 sanctitate,
3215 2449 3269 2504 in
3317 2445 3658 2503 orationibus
3682 2451 3734 2497 et

2168 2550 2558 2608 misericordiis
2591 2555 2930 2611 moveantur,
2965 2542 3384 2613 lmjusmodique
3421 2550 3593 2610 opera
3615 2551 3731 2607 per-

2167 2644 2371 2700 ﬁciant.
2409 2641 2548 2709 Quin
2577 2641 2738 2695 etiam
2780 2639 2833 2693 in
2865 2637 2951 2692 his
2995 2635 3124 2690 illud
3159 2633 3432 2702 eloquium
3466 2628 3731 2699 complea-

2167 2745 2256 2791 tur
2295 2733 2601 2790 orationum
2663 2745 2824 2787 causa
2857 2727 3126 2799 prolatum
3161 2724 3442 2781 :Elevatio
3484 2735 3730 2775 manuum

2167 2841 2424 2888 mearum,
2453 2823 2776 2892 sacriﬁcium
2821 2820 3168 2889 uespertinum
3186 2818 3254 2871 ".
3286 2817 3434 2872 Idem
3469 2813 3601 2868 alibi
3632 2811 3727 2865 Sa-

2169 2917 2348 2972 lomon
2377 2935 2391 2972 :
2419 2915 2484 2970 Et
2524 2915 2649 2985 quia
2683 2929 2869 2968 manus
2923 2913 3142 2982 [artium
3173 2911 3413 2964 ditantur
3432 2907 3503 2959 ’⁸.
3540 2905 3730 2973 Sicque

2168 3011 2507 3079 postmodum
2539 3015 2597 3060 ut
2624 3006 2796 3075 ipsam
2827 3017 3005 3059 escam
3028 3001 3234 3057 ventris
3252 3008 3306 3055 et
3329 3007 3515 3069 potum
3543 3011 3725 3051 emun-

2167 3101 2279 3166 det,
2327 3099 2541 3154 etiamsi
2585 3098 2653 3153 ad
2692 3096 3001 3154 satietatem
3037 3092 3117 3148 eis
3152 3101 3366 3156 utatur;
3398 3098 3494 3144 aut
3543 3087 3587 3142 si
3638 3084 3730 3138 ali-

493 3181 776 3249 requirere
826 3184 969 3239 unde
1020 3183 1278 3239 auxilium
1315 3163 1541 3254 veniat;
1579 3199 1947 3255 conversaque
1981 3198 2066 3239 re-
2092 3163 2138 3226 α
2167 3163 2382 3264 quando
2425 3190 2534 3246 illis
2585 3190 2780 3244 anima:
2813 3186 3063 3256 voluptas
3095 3184 3370 3256 paululum
3429 3181 3485 3236 in
3535 3177 3727 3233 deside-

496 3273 804 3342 prehendat
857 3275 1081 3344 spiritus
1138 3275 1468 3345 teSIirnonia,
1506 3293 1572 3334 ac
1625 3290 1868 3334 sanetur.
1917 3278 2068 3336 Tunc

496 3364 665 3418 etiam
713 3364 764 3420 ei
802 3365 894 3420 dat
924 3367 1068 3436 quod
1114 3367 1274 3424 unica
1309 3369 1381 3425 sit
1422 3370 1638 3436 requies
1683 3371 2000 3442 postulanda
2035 3387 2066 3426 a

490 3454 626 3517 Deo,
658 3458 714 3507 et
734 3450 866 3522 quia
900 3455 980 3509 sic
1006 3455 1060 3510 lit
1089 3471 1191 3527 pax
1222 3457 1360 3526 ejus.

574 3542 634 3598 V.
667 3543 792 3601 Haec
829 3555 1008 3602 autem
1039 3550 1248 3606 asserui
1279 3550 1346 3605 ad
1381 3550 1755 3621 paenitendum
1793 3551 1847 3607 in
1880 3565 2069 3623 corpo-

499 3650 560 3690 re
583 3644 640 3690 et
667 3637 868 3702 anima,
890 3647 944 3695 et
967 3640 1198 3710 qualiter
1227 3651 1440 3712 oportet
1466 3643 1712 3698 mundari
1737 3657 1854 3697 eam
1879 3659 1894 3709 ;
1922 3659 2070 3698 cum-

499 3743 605 3796 que
637 3729 928 3798 sumpserit
970 3730 1074 3786 tale
1106 3741 1406 3799 certamen,
1443 3744 1574 3789 tunc
1629 3735 1815 3789 nuntia
1849 3733 2071 3803 spiritus

502 3819 719 3880 adsunt.
753 3829 808 3874 et
838 3820 1027 3890 incipit
1056 3822 1366 3878 discernere
1391 3825 1554 3880 etiam
1579 3825 1924 3895 aegritudines
1949 3824 2069 3878 ani-

501 3910 672 3965 males
732 3927 851 3980 (piae
910 3914 1173 3970 accedunt
1229 3924 1284 3970 et
1329 3931 1426 3985 per
1478 3917 1722 3986 proprias
1750 3917 2067 3988 voluptates.

505 4001 660 4056 Tunc
691 4004 956 4071 siquidem
983 4007 1090 4062 erit
1109 4009 1454 4078 participatio
1485 4010 1708 4078 spiritus
1739 4025 1861 4064 cum
1883 4023 2068 4074 sensu,

501 4106 604 4162 per
627 4095 928 4149 custodiam
961 4097 1334 4152 mandatorum
1359 4113 1480 4164 qua:
1510 4099 1558 4153 ei
1597 4099 1850 4164 tradidit;
1891 4109 1945 4154 et
1972 4099 2072 4156 do-

503 4194 592 4241 cet
623 4201 746 4242 eum
778 4203 972 4244 curare
999 4202 1216 4245 omnem
1255 4188 1566 4260 languorem
1601 4189 1830 4260 propria:
1855 4190 2069 4255 animm,

456 4297 460 4308 ε
503 4279 926 4348 unumquodque
977 4295 1165 4335 eorum
1221 4282 1557 4346 discernens,
1611 4290 1667 4336 et
1722 4281 2073 4351 permistione

504 4375 729 4436 accepta
756 4367 808 4421 in
850 4382 1099 4438 corpore,
1133 4369 1466 4426 naturalium
1493 4386 1558 4427 ac
1590 4371 1922 4441 reliquorum
1952 4384 2072 4439 qua:

503 4467 632 4513 sunt
660 4459 1008 4529 peculiariter
1034 4462 1082 4516 ei
1111 4472 1262 4518 extra
1293 4478 1490 4533 corpus
1519 4479 1548 4517 a
1594 4466 1770 4535 capite
1805 4479 1974 4533 usque
2004 4467 2071 4519 ad

504 4550 691 4618 pedes,
735 4554 1010 4623 propriam
1058 4555 1387 4612 voluntatem
1442 4559 1755 4626 permistam
1785 4557 1987 4612 habens
2003 4556 2068 4610 in

505 4642 634 4710 illis,
668 4651 724 4698 et
753 4644 927 4700 oculis
958 4647 1176 4716 quidem
1210 4650 1501 4703 terminum
1537 4658 1596 4702 ut
1641 4659 1787 4703 recte
1827 4659 1879 4702 et
1905 4648 2070 4703 conli-

505 4731 701 4787 denter
731 4735 1117 4805 conspiciatur,
1166 4737 1300 4791 nihil
1339 4739 1475 4792 ultra
1511 4739 1849 4808 peregrinum
1883 4753 2072 4807 geren-

506 4832 610 4880 tes.
637 4824 840 4881 Deinde
879 4836 938 4880 ut
972 4841 1130 4882 aures
1151 4829 1372 4882 audiant
1401 4829 1452 4882 in
1481 4843 1631 4896 pace,
1668 4843 1767 4882 nec
1791 4829 2068 4883 oblecten-

2169 3284 2266 3341 riis
2309 3283 2494 3350 luerit,
2528 3284 2882 3338 considerans
2910 3278 3052 3348 quod
3092 3275 3332 3332 nonnulli
3377 3275 3433 3328 in
3483 3271 3729 3327 satietate

2169 3391 2306 3432 escae
2347 3375 2431 3432 vel
2465 3385 2624 3446 potus
2660 3374 2992 3430 daemonibus
3030 3367 3478 3439 obtemperarint,
3517 3365 3584 3419 de
3615 3362 3727 3431 qui-

2167 3470 2270 3525 bus
2305 3469 2539 3540 Spiritus
2573 3483 2670 3538 per
2709 3467 2878 3530 David
2916 3466 3032 3522 ait:
3065 3462 3300 3531 Superbo
3334 3457 3486 3512 oculo
3518 3465 3566 3510 et
3590 3456 3728 3508 insa-

2171 3558 2342 3612 tiabili
2386 3557 2562 3620 corde,
2599 3573 2716 3611 cum
2758 3556 2856 3610 hoc
2907 3569 3009 3609 non
3065 3552 3280 3608 edebant
3299 3549 3367 3603 θ’.
3399 3546 3534 3601 Nam
3566 3555 3620 3599 et
3649 3544 3725 3597 isti

2171 3651 2217 3706 si
2272 3650 2466 3704 iterum
2522 3649 2735 3705 Domini
2776 3645 3122 3718 inquisierint
3173 3643 3544 3704 sanctitatem,
3573 3637 3726 3692 etiam

2171 3741 2396 3812 spiritus
2440 3757 2654 3797 rursum
2702 3739 2958 3796 terminat
2986 3739 3066 3795 eis
3114 3735 3302 3792 eadem
3351 3727 3724 3789 sanctimonia,

2173 3843 2232 3889 ut
2269 3833 2546 3889 moderate
2575 3842 2630 3888 et
2664 3830 2989 3888 sullicienter
3027 3829 3094 3884 ad
3142 3825 3513 3883 sustinendum
3544 3832 3724 3888 corpus

2173 3935 2420 3993 utantur,
2463 3933 2516 3980 et
2553 3924 2694 3978 ultra
2735 3938 2840 3979 non
2886 3923 3120 3978 habeant
3156 3920 3210 3974 in
3245 3933 3310 3973 eo
3356 3913 3709 3980 concupiscen

2175 4018 2304 4072 tiam
2339 4026 2433 4073 aut
2469 4016 2819 4088 voluptatem.
2858 4013 3058 4083 Sicque
3095 4011 3368 4082 eloquium
3402 4006 3558 4062 Pauli
3585 4019 3724 4059 com-

2172 4104 2402 4173 plebitur
2434 4104 2700 4159 dicentis:
2728 4103 2849 4159 Siue
2889 4101 3188 4164 comeditis,
3245 4099 3351 4152 sive
3402 4097 3595 4160 bibitis,
3633 4093 3724 4146 sict

2171 4195 2298 4265 quid
2346 4195 2492 4248 aliud
2539 4195 2732 4264 facitis,
2793 4194 2969 4248 omnia
3029 4193 3084 4246 in
3133 4191 3355 4261 gloriam
3385 4187 3480 4242 Dei
3514 4185 3724 4256 facite‘.

2173 4284 2376 4341 Deinde
2403 4296 2458 4340 et
2491 4287 2575 4341 bis
2612 4301 2730 4353 quae
2763 4300 2860 4354 per
2889 4283 3270 4354 cogitationem
3301 4279 3473 4334 coitus
3497 4278 3594 4332 sub
3617 4273 3724 4328 alvo

2178 4379 2425 4446 metitur,
2460 4393 2645 4433 rursus
2675 4391 2870 4433 sensus
2903 4377 2968 4430 ab
3001 4375 3192 4446 spiritu
3223 4373 3436 4436 doctus,
3467 4367 3722 4423 discretio

2175 4485 2298 4525 nem
2351 4470 2541 4525 tribuit
2587 4469 2822 4525 motibus
2865 4482 3051 4522 eorum
3101 4467 3154 4521 in
3203 4461 3527 4533 supradictis
3565 4458 3724 4512 tribus

2175 4563 2368 4627 modis,
2395 4573 2451 4617 et
2489 4561 2738 4616 innititur
2783 4560 2849 4615 ad
2900 4557 3409 4617 sanetilicationem,
3457 4550 3720 4606 auxiliato-

2172 4669 2286 4708 rem
2339 4653 2586 4723 spiritum
2637 4653 2863 4708 habens.
2915 4650 3290 4727 Exstiuguitur
3343 4647 3506 4701 etiam
3557 4650 3721 4695 motus

2173 4745 2265 4801 ille
2301 4759 2397 4815 per
2441 4746 2696 4800 virtutem
2748 4744 2971 4814 spiritus
3021 4740 3358 4812 pacificantis
3406 4749 3570 4792 totum
3619 4748 3718 4789 cor-

2170 4849 2295 4906 pus,
2325 4844 2378 4890 et
2403 4834 2715 4904 perimentis
2750 4821 2919 4888 totum
2955 4832 3100 4887 illum
3130 4843 3355 4886 moutm.
3397 4828 3509 4883 [loc
3535 4835 3611 4881 est
3639 4839 3718 4877 ve-

507 4924 598 4969 tur
627 4915 860 4984 amplius
914 4918 1362 4972 obtrectationem
1404 4933 1469 4972 ac
1507 4919 1866 4974 contumelias
1913 4920 2072 4987 spiri-
2169 4943 2289 4982 mm
2339 4926 2609 4995 eloquium
2649 4925 2792 4994 quod
2819 4940 2851 4978 a
2899 4923 3064 4978 Paulo
3100 4925 3414 4992 praedictum
3445 4931 3556 4976 est:
3585 4919 3717 4973 Mor-

506 5004 683 5061 tuales
700 5007 918 5073 audire;
945 5011 1040 5063 sed
1071 5007 1271 5075 potius,
1303 5017 1360 5062 ut
1403 5010 1641 5061 omnium
1677 5011 2066 5063 correctionem

505 5106 562 5152 et
593 5099 993 5154 miserationem
1042 5102 1372 5155 incessuram
1424 5116 1532 5168 prae
1575 5101 1718 5154 omni
1764 5099 2070 5156 desiderent

505 5190 888 5256 possessione,
933 5192 1187 5260 quoniam
1251 5193 1305 5245 in
1371 5191 1477 5246 illis
1532 5195 1827 5262 aagrOtabat
1894 5195 2062 5263 prius.

507 5278 712 5336 Deinde
758 5297 945 5337 rursus
971 5292 1030 5337 ut
1062 5283 1299 5353 linguam
1333 5284 1605 5353 propriam
1645 5284 1836 5338 doceat
1868 5287 2066 5338 sancti-

593 5419 638 5495 ξ’
661 5419 680 5472 ι
705 5421 831 5478 Cor.
867 5437 940 5495 tx_,
971 5421 1070 5495 27(
1105 5493 1120 5495 Α
1153 5424 1199 5456 ⁸⁸
1223 5423 1416 5495 Ephes.
1453 5441 1505 5489 ν,
1527 5424 1613 5478 18,

507 5490 554 5522 ’³
580 5488 739 5614 Ρὲον.
766 5506 882 5557 vm,
911 5493 964 5550 8.
1029 5494 1073 5526 "
1096 5488 1378 5559 Provfxn,
1411 5497 1495 5550 l8.

509 5575 590 5625 tu,
664 5601 675 5614 .

582 5679 692 5749 (Η)
727 5677 863 5749 Regr
896 5690 1090 5747 autem,
1115 5689 1219 5734 etc.
1251 5679 1460 5749 Citatur
1491 5681 1742 5734 liiclocus
1767 5682 1832 5734 ab
1856 5690 2074 5735 auctore
2111 5679 2296 5736 Graeco
2324 5682 2530 5736 incerto
2571 5681 2648 5734 De
2710 5682 2872 5734 verbis
2904 5682 3186 5743 seniorum,
3230 5679 3390 5735 libell.
3417 5693 3464 5742 ν,
3499 5673 3528 5747 §

1317 5697 1460 5734 tatur
1491 5697 1742 5734 lthlOClls
1767 5697 1832 5734 an
1856 5697 2074 5735 auctore
2111 5697 2296 5736 urmco
2324 5697 2530 5736 Incerto
2571 5697 2648 5734 ue
2710 5697 2872 5734 verbis
2904 5697 3156 5742 seniorum

1291 5697 1369 5808 ἲ.
1429 5751 1676 5806 diacono.
1713 5751 1902 5806 Exstat
1935 5766 2061 5807 vero
2098 5753 2194 5810 lib.
2223 5767 2253 5807 v
2277 5751 2353 5806 De
2403 5751 2533 5806 Vitis
2563 5751 2810 5818 Patrum,
2837 5768 2870 5822 p
2924 5767 2995 5806 m.
3032 5749 3156 5805 436.

514 5747 747 5822 terprete
797 5747 1013 5822 Pelagio
1079 5749 1140 5808 S.
1189 5749 1254 5805 Β.
1305 5747 1369 5808 Ε.
1429 5751 1676 5806 diacono.
1713 5751 1902 5806 Exstat
1935 5766 2061 5807 vero

1715 5427 1757 5458 ⁹¹
1795 5424 1922 5478 Luc.
1958 5441 2068 5491 xxi,
2096 5427 2183 5480 54.

1586 5496 1630 5526 ⁸⁷
1658 5494 1797 5552 Psal.
1838 5511 1953 5556 οη,
1982 5497 2035 5552 2.
2097 5499 2141 5528 ’⁸
2158 5496 2316 5552 Prov.
2343 5512 2394 5560 x,
2425 5497 2477 5550 4.

2176 5019 2429 5087 tiﬁcantes
2480 5018 2711 5071 membra
2762 5026 2932 5071 vestra
2973 5032 3091 5086 qua:
3147 5026 3268 5068 sunt
3325 5029 3478 5080 super
3509 5023 3716 5069 terram;

2176 5107 2598 5176 fornicationem,
2649 5105 3056 5168 immunditiam,
3119 5103 3579 5171 concupiscentiam
3618 5115 3715 5149 nta-

2175 5198 2348 5259 lam’;
2395 5206 2449 5251 et
2484 5214 2603 5266 quae
2642 5197 2912 5265 deinceps.
2961 5195 3050 5250 Sic
3083 5195 3258 5249 denuo
3284 5195 3466 5264 pedes,
3497 5191 3579 5260 qui
3607 5189 3716 5242 licet

2176 5285 2465 5356 aliquando
2493 5295 2797 5339 non‘erant
2823 5284 3085 5339 habentes
3114 5283 3434 5338 incolumem
3469 5294 3712 5352 gressum,

2291 5427 2368 5480 ’Ἰ
2391 5427 2517 5481 Cor.
2554 5440 2627 5489 Ix,
2650 5425 2743 5480 27.
2818 5424 2990 5479 "lac.
3019 5441 3057 5485 ι,
3083 5423 3172 5476 ‘26.
3267 5423 3311 5453 “
3332 5422 3444 5477 Jac.
3478 5436 3552 5480 Ill.
3589 5417 3638 5489 5,
3664 5417 3708 5469 ti.

2565 5488 2773 5549 "Paul.
2799 5511 2848 5560 c,
2879 5496 2931 5549 5.
2999 5495 3014 5525 ⁸
3040 5496 3060 5548 ι
3089 5496 3213 5548 Cor.
3241 5494 3389 5559 δήὸ.
3477 5494 3495 5521 ¹
3521 5488 3707 5542 Catos».

3565 5674 3614 5738 1,
3637 5670 3707 5724 in-
