3860 6316
160 263 263 317 ναι

1201 257 1259 314 S.
1300 252 1585 313 ANTONII
1629 254 1699 310 Μ.
1741 252 2033 308 ΑΒΒΑΤΙΞ
2071 251 2453 309 EPISTOLE.

3315 236 3422 294 983

166 388 272 430 nec
302 373 609 430 secundum
640 374 806 430 Deum
843 371 1189 429 ambulabant
1217 389 1228 422 :
1267 375 1368 430 hos
1398 377 1592 429 lterum
1631 386 1758 426 sen-
1787 374 1828 428 A
1855 369 2098 424 eamdem
2129 368 2340 439 plagam
2375 349 2643 438 aspiciens
2668 358 3118 418 irremediabilem
3149 355 3417 418 ellectam,

166 479 261 520 sus
295 465 391 536 qui
418 465 523 520 sub
545 465 770 536 spiritus
796 464 962 520 fuerit
988 466 1287 532 voluntate,
1319 465 1385 519 ad
1422 461 1750 533 pergendum

167 558 494 613 ministrare
537 558 792 628 operibus
836 558 1056 629 optimis
1098 558 1264 628 cogit,
1309 565 1366 610 ut
1408 557 1750 610 immutatum

167 662 371 716 corpus
404 647 500 702 ﬁat
522 649 624 703 sub
647 649 871 718 spiritus
893 657 1183 718 potestate.
1211 648 1316 703 Sed
1361 649 1572 702 aestimo
1608 645 1752 715 quod

167 739 297 795 talis
336 740 604 796 habitatio
638 739 754 809 jam
797 740 1068 812 acceperit
1111 741 1275 795 etiam
1323 742 1374 794 in
1415 739 1516 794 hoc
1546 749 1752 807 partem

169 833 472 900 quamdam
507 832 808 903 spiritualis
838 833 1103 904 corporis,
1133 848 1296 903 quam
1327 841 1612 901 acceptura
1637 838 1757 885 erat

170 924 224 977 in
259 925 674 980 resurrectione
695 923 989 991 iustorum.

247 1013 362 1069 νη.
401 1014 531 1070 Ηωο
580 1030 710 1071 vero
754 1016 868 1097 dixi
901 1024 1123 1085 propter
1164 1015 1359 1070 anima:
1411 1013 1758 1080 aegritudines

170 1121 296 1176 quae
339 1118 610 1177 usurpant
642 1108 1050 1178 permistionem
1083 1108 1222 1162 inter
1268 1109 1535 1160 naturalia
1567 1118 1760 1173 corpo-

174 1195 275 1258 ris,
303 1209 427 1248 cum
447 1194 571 1250 inde
601 1197 784 1250 aninta
821 1203 1067 1250 movetur
1097 1197 1148 1250 in
1179 1196 1304 1262 illis,
1337 1195 1594 1249 sectatrix
1627 1193 1755 1248 elle-

173 1296 262 1339 cta
311 1285 674 1354 malignorum
719 1287 1030 1356 spirituum,
1066 1296 1123 1341 ut
1168 1295 1462 1356 operentur
1492 1285 1546 1339 itt
1593 1300 1760 1338 tuetu-

175 1379 315 1434 hris.
347 1379 456 1434 Sed
487 1380 650 1433 etiam
688 1379 932 1450 praedixi,
963 1381 1103 1449 quod
1131 1379 1323 1433 habent
1356 1378 1570 1446 proprie
1595 1378 1758 1432 etiam

176 1472 296 1540 ipsa
336 1472 732 1526 discretionem
783 1471 998 1526 horum.
1043 1470 1174 1525 Nam
1231 1473 1504 1540 superbia,
1536 1470 1761 1540 languor

176 1573 260 1618 est
291 1562 539 1632 ejusdem
570 1560 818 1631 corporis
850 1578 865 1614 :
889 1557 1152 1630 iactantia
1198 1575 1350 1624 vero,
1386 1559 1649 1629 aegritudo
1675 1568 1760 1614 est

175 1655 224 1709 ei
265 1664 426 1708 extra
479 1667 674 1722 corpus
704 1667 718 1704 :
747 1652 874 1706 item
926 1651 1151 1716 inﬂatio,
1180 1651 1386 1714 odium,
1426 1650 1649 1714 invidia,
1681 1649 1758 1702 ira

178 1754 348 1812 atque
385 1741 826 1813 pusillanimitas,
879 1742 1215 1812 impatientia
1261 1755 1477 1812 quoque
1525 1755 1590 1795 ac
1638 1738 1762 1793 reli-

178 1856 301 1910 quae
330 1839 580 1893 minutiae
611 1839 824 1894 horum.
850 1838 1002 1906 Quod
1024 1838 1072 1894 si
1099 1853 1225 1893 vero
1249 1836 1540 1894 crediderit
1569 1850 1628 1891 se
1655 1835 1763 1889 Deo

178 1947 243 1987 ex
284 1942 400 1986 toto
430 1932 622 1999 corde;
653 1940 786 1987 tunc
817 1931 1082 2000 benignus
1124 1930 1264 1984 Deus
1318 1928 1506 1983 tribuit
1528 1927 1578 1982 ei
1607 1927 1764 1996 spiri-

181 2034 295 2077 tum
327 2022 687 2092 pcniteutitn,
714 2031 769 2076 et
804 2022 1122 2075 testiﬁcatur
1147 2019 1219 2074 illi
1253 2028 1312 2073 ttt
1346 2019 1414 2073 de
1442 2030 1765 2086 unoquoque

181 2116 451 2183 languore
495 2113 774 2183 paeniteat.
819 2111 1047 2181 Propter
1084 2126 1204 2180 quae
1252 2110 1550 2166 adversarii
1579 2109 1766 2179 prohi-

183 2209 338 2271 bent,
383 2221 507 2262 eam
540 2215 814 2260 tentantes
855 2219 1119 2273 usurpare
1150 2205 1274 2268 sibi,
1310 2218 1410 2258 nec
1433 2203 1620 2258 sinunt
1650 2216 1765 2272 poe-

185 2302 389 2354 nitere.
443 2299 544 2365 Qui
592 2298 638 2354 si
667 2297 1018 2362 sustinuerit,
1051 2296 1334 2361 obediens,
1365 2296 1672 2352 hortantem
1707 2311 1767 2351 se

186 2392 446 2458 spiritum
498 2388 568 2443 ad
624 2388 1028 2458 paenitendum;
1071 2387 1300 2442 Creator
1348 2403 1562 2457 quoque
1605 2387 1766 2452 illius,

189 2482 572 2538 miserationis
621 2479 921 2535 visceribus
963 2489 1144 2534 motus
1199 2495 1360 2549 supra
1413 2479 1625 2534 labores
1653 2479 1770 2548 ejus

189 2576 394 2644 quibus
453 2574 508 2628 in
577 2574 916 2645 egestatibus
958 2571 1264 2640 corporeis,
1313 2571 1368 2625 id
1423 2580 1509 2625 est
1551 2569 1772 2640 jcjnniis

187 2665 467 2735 plurimis,
517 2665 572 2718 in
624 2665 844 2736 vigiliis,
900 2666 952 2718 in
1012 2662 1452 2719 meditationibus
1483 2661 1691 2724 multis,
1719 2662 1770 2713 itt

187 2760 362 2814 verbo
392 2759 511 2822 Dei,
540 2773 606 2812 ac
641 2755 893 2827 precibus
926 2755 1113 2826 largis,
1142 2754 1226 2810 vel
1259 2756 1314 2809 in
1341 2752 1774 2809 abdicationibus

191 2849 513 2915 mundanis,
545 2849 598 2902 in
630 2848 956 2912 humilitate,
1002 2846 1053 2899 in
1089 2853 1402 2916 paupertate
1435 2844 1686 2914 spiritus;
1719 2843 1772 2898 itt

195 2943 404 3012 quibus
461 2941 673 2996 cunctis
726 2939 1081 2994 sustinentem
1132 2937 1275 2992 Deus
1317 2936 1582 3006 benignus
1633 2935 1775 3004 aspi-

1855 473 1910 518 et
1936 465 2060 532 quia
2097 463 2437 532 magniﬁcata
2463 470 2609 515 esset
2633 459 3004 517 vehementer,
3033 467 3130 522 per
3160 465 3309 506 suam
3334 447 3419 502 in-

1855 555 2204 623 dulgentiam,
2260 551 2622 624 visitationem
2679 563 2866 604 eorum
2929 546 3134 601 faciens
3200 548 3422 610 propter

1855 646 2125 715 propriam
2167 645 2482 705 bonitatem,
2536 653 2655 711 post
2683 642 3017 709 aliquantum
3060 633 3316 704 temporis
3343 630 3422 684 le-

1854 755 1975 809 gem
2015 737 2196 808 posuit
2237 737 2339 801 eis,
2393 736 2536 790 unde
2573 745 2630 789 et
2665 741 2918 801 operatus
2958 738 3041 784 est
3087 740 3184 796 per
3219 723 3420 778 Mosem

1854 831 2144 902 praebendo
2195 830 2387 900 legem.
2443 828 2509 882 Et
2554 827 2729 881 Moses
2775 824 2991 894 quidem
3038 816 3290 898 fundavit
3342 813 3424 867 eis

1857 923 2104 978 veritatis
2141 923 2380 986 domum,
2435 935 2627 976 curare
2659 918 2845 973 volens
2895 912 3142 970 eamdem
3186 895 3422 963 validam

1857 1018 2099 1089 plagam;
2143 1015 2238 1072 sed
2284 1014 2543 1085 perlicere
2598 1010 2839 1081 nequivit
2870 1005 3158 1063 aediﬁcium
3210 1001 3422 1055 domus.

1859 1109 2088 1178 Insuper
2109 1117 2288 1163 antem
2318 1116 2373 1161 et
2397 1107 2574 1161 omnis
2600 1111 2913 1159 sanctorum
2945 1100 3144 1155 chorus
3167 1092 3426 1149 collectus

1861 1201 1914 1255 in
1944 1215 2131 1265 unum,
2176 1199 2330 1269 petiit
2377 1197 2554 1252 Patris
2609 1196 2902 1250 bonitatem
2937 1191 3011 1246 de
3055 1185 3278 1244 salutari
3312 1180 3429 1251 (l5)

1862 1300 2068 1358 nostro,
2103 1300 2160 1345 ut
2196 1290 2428 1345 calcaret
2460 1290 2514 1344 itt
2547 1288 2706 1343 terris
2747 1301 2848 1354 pro
2875 1293 3056 1339 nostra
3105 1287 3427 1334 cunctorum

1861 1384 2056 1448 salute,
2105 1383 2224 1453 ipso
2260 1389 2447 1451 utpote
2489 1388 2735 1435 exsmute
2767 1385 2952 1432 nostro
2984 1385 3179 1442 magno
3201 1379 3257 1422 et
3285 1362 3430 1419 ﬁdeli

1862 1473 2115 1542 pontiﬁce
2149 1486 2214 1526 ac
2257 1471 2464 1526 medico
2515 1483 2666 1530 vero,
2701 1467 2790 1536 qui
2834 1466 2980 1521 solus
3017 1474 3214 1542 sanare
3247 1460 3432 1526 posset

1863 1565 2003 1620 hanc
2036 1578 2312 1620 enormem
2359 1563 2591 1633 plagam.
2640 1534 2794 1616 [inde
2835 1569 2892 1614 et
2938 1534 3216 1610 voluntate
3254 1545 3432 1603 Patris

1869 1656 2156 1712 exinaniuit
2210 1655 2545 1722 semetipsum
2599 1651 2812 1722 propria
2853 1646 3317 1719 gloria,Deusque
3335 1655 3434 1694 ex-

1865 1751 2083 1817 sistens,
2119 1748 2342 1817 formam
2373 1747 2507 1801 servi
2547 1741 3102 1812 assuntpsit’,lradetts
3129 1749 3189 1792 se
3217 1741 3435 1804 pr0pter

1870 1850 2058 1897 nostra
2083 1849 2324 1911 peccata.
2347 1839 2416 1893 Et
2441 1838 2631 1893 delicta
2654 1836 2869 1906 quidem
2901 1843 3087 1886 nostra
3117 1826 3435 1884 humiliave-

1867 1938 1994 1989 runt
2019 1948 2165 2000 eum,
2195 1932 2290 1986 sed
2323 1932 2484 1985 livore
2515 1929 2628 1998 ejus
2663 1943 2756 1982 nos
2787 1942 2961 1980 omnes
2989 1922 3162 1976 sanati
3194 1933 3374 1972 smnus
3392 1914 3438 1967 ⁸.

1943 2023 2029 2079 ΙΙΙ.
2064 2022 2448 2089 Quamobrem,
2498 2018 2831 2075 dilectissimi
2885 2014 3031 2069 ﬁlioli
3083 2013 3136 2066 in
3188 2008 3437 2067 Domino,

1868 2117 2009 2173 scire
2035 2131 2133 2171 vos
2155 2115 2275 2168 volo
2298 2114 2561 2183 quodpro
2588 2119 2768 2165 nostra
2792 2108 3016 2164 stultitia
3044 2103 3202 2173 elegit
3224 2097 3439 2161 stulta',

1870 2219 1921 2265 et
1946 2225 2042 2279 pro
2064 2217 2246 2264 nostra
2274 2207 2590 2262 inﬁrmitate
2612 2204 2839 2258 formam
2867 2196 3196 2254 inﬁrmitatis
3221 2206 3436 2247 assum-

1872 2302 2088 2373 psitzob
2121 2315 2281 2370 quant
2313 2309 2552 2354 nostram
2593 2293 2900 2366 pauperiem
2933 2289 3156 2344 effectus
3185 2294 3271 2340 est
3297 2297 3435 2352 pan-

1871 2409 1990 2464 per,
2021 2403 2077 2448 et
2109 2394 2178 2447 ob
2211 2401 2450 2447 nostram
2484 2398 2712 2442 mortem
2757 2385 2981 2454 ﬁguram
3024 2377 3196 2433 induit
3223 2374 3436 2429 mortis.

1873 2486 2015 2552 Ergo
2039 2484 2165 2552 quia
2190 2483 2243 2535 in
2271 2482 2355 2537 his
2375 2480 2625 2534 omnibus
2649 2475 2904 2532 sustinuit
2928 2480 3142 2541 propter
3167 2482 3286 2529 nos,
3313 2477 3440 2518 vere

1877 2577 2020 2640 dico,
2044 2572 2378 2629 dilectissimi
2401 2571 2454 2624 in
2478 2569 2725 2631 Domino,
2750 2565 2875 2636 quia
2897 2580 3000 2619 uon
3031 2560 3287 2616 debemus
3311 2557 3441 2609 dare

1874 2659 2123 2722 somnu'm
2172 2664 2344 2720 oculis
2403 2663 2625 2724 nostris,
2684 2673 2860 2729 neque
2917 2652 3187 2725 palpebris
3238 2647 3444 2704 nostris

1873 2757 2315 2814 dormitationem
2347 2756 2389 2820 ⁸,
2450 2752 2786 2824 postulantes
2836 2763 2900 2802 ac
2941 2750 3296 2816 perurgentes
3349 2736 3444 2792 Dei

1878 2849 2056 2906 Patris
2107 2845 2538 2903 inaestimabilem
2589 2842 2908 2904 bonitatem,
2963 2847 3243 2905 usquequo
3285 2844 3446 2902 egre-

1875 2938 2378 3000 diaturnobiscum,
2407 2943 2464 2990 et
2503 2933 2557 2988 in
2592 2932 2695 2987 hoc
2748 2928 2986 3000 requiem
3027 2926 3320 2981 habeamus
3345 2921 3447 2976 ad-

193 3037 353 3090 ciens
402 3041 459 3088 et
499 3031 876 3095 considerans,
905 3039 960 3084 et
1005 3029 1324 3098 patientiam
1357 3027 1481 3096 ejus
1513 3027 1567 3080 in
1599 3035 1772 3081 tenta-
1800 3043 1846 3103 c
1881 3042 2069 3088 ventus
2097 3029 2226 3086 Jesu
2273 3037 2435 3098 atque
2465 3025 2703 3088 νίτιυιίε,
2752 3030 2813 3076 ut
2858 3019 3218 3088 obsequantur
3245 3013 3448 3068 sanctis
3496 3005 3504 3014 '

195 3125 442 3181 tionibus
468 3122 848 3194 perdurantem
885 3121 1169 3183 miserans,
1204 3118 1479 3189 adjuvabit
1504 3131 1647 3172 eum.

766 3211 1098 3269 EPISTOLA
1137 3211 1200 3266 Il.

767 3323 836 3362 AD
874 3321 1206 3363 ARSINOITAS.

266 3407 312 3462 l.
354 3403 625 3459 Antonius
667 3401 917 3456 omnibus
969 3399 1337 3454 dilectissitnis
1393 3397 1484 3468 qui
1533 3405 1664 3454 sunt
1725 3397 1779 3451 in

198 3499 484 3557 Arsinoite
531 3503 586 3552 et
623 3496 678 3551 itt
712 3492 969 3564 parochia
999 3495 1138 3562 ejus,
1164 3492 1247 3547 vel
1295 3491 1535 3560 quicum
1567 3488 1693 3557 illis,
1725 3489 1779 3542 in

198 3593 437 3650 Domino
474 3589 726 3646 salutem.

278 3683 584 3740 Universos
620 3695 718 3736 vos
750 3688 969 3750 paratos
1001 3679 1152 3734 abire
1192 3678 1256 3732 ad
1293 3678 1479 3742 Deum,
1526 3676 1700 3732 saluto
1729 3676 1784 3732 in

203 3775 462 3841 Domino,
489 3773 821 3836 charissimi,
853 3788 883 3827 a
923 3771 1135 3828 minore
1167 3787 1336 3841 usque
1365 3771 1432 3825 ad
1467 3769 1783 3833 maximum,

199 3880 257 3927 et
291 3886 323 3924 a
369 3868 630 3926 masculis
671 3880 844 3938 usque
886 3868 954 3921 ad
999 3866 1254 3924 feminas.
1284 3865 1329 3920 υ
1359 3862 1453 3919 ﬁlii
1499 3862 1782 3927 Israelitaz,

203 3964 508 4021 secundum
574 3960 881 4016 sensualem
950 3968 1190 4012 vestram
1253 3955 1604 4012 exstantiam.
1647 3949 1788 4007 Vere

201 4055 442 4119 etenim,
478 4051 652 4120 ﬁlioli,
685 4051 906 4122 grandis
954 4049 1107 4104 vobis
1139 4047 1194 4100 in
1227 4048 1574 4117 generatione
1607 4052 1787 4099 vestra

205 4146 528 4220 promissio.
583 4143 818 4200 Decebat
871 4141 1070 4212 quippe
1125 4153 1222 4195 vos
1270 4146 1490 4208 propter
1531 4151 1654 4192 eum
1695 4135 1787 4205 qui

203 4239 581 4297 visitationem
611 4233 780 4290 vestri
825 4230 977 4298 fecit,
1025 4243 1367 4300 nequaquam
1422 4226 1636 4296 fatigari
1680 4239 1791 4280 cer-

207 4343 414 4397 tantes,
490 4329 666 4384 donec
740 4322 1100 4392 vosmetipsos
1148 4318 1415 4376 oﬂerretis
1464 4316 1788 4373 sacriﬁcium

1880 3124 1970 3194 qui
2014 3137 2110 3178 nos
2153 3120 2403 3177 excolere
2458 3118 2756 3179 festinant,
2820 3123 3062 3182 tempore
3108 3107 3447 3179 negligentia:

1882 3219 2078 3267 nostrae
2107 3209 2445 3265 alacritatem
2488 3207 2792 3260 animorum
2832 3203 3022 3256 dantes
3054 3202 3127 3262 ei,
3155 3199 3220 3252 ad
3252 3197 3447 3267 juvan-

1879 3305 2004 3359 dum
2031 3317 2130 3358 nos
2153 3304 2204 3356 in
2234 3311 2478 3369 tempore
2500 3296 2860 3352 tribulationis
2885 3301 3083 3348 nostrae
3107 3307 3122 3344 :
3147 3300 3274 3342 tunc
3303 3287 3451 3342 enim

1880 3393 2152 3450 seminans
2180 3391 2383 3462 pariter
2411 3404 2533 3445 cum
2565 3393 2797 3441 metente
2824 3380 3096 3455 gaudebit.

1953 3484 2042 3540 ιν.
2075 3483 2244 3541 Nosse
2266 3483 2429 3537 etiam
2460 3495 2556 3536 vos
2579 3477 2755 3548 cupio,
2781 3475 2948 3537 ﬁlioli,
2974 3485 3134 3542 quam
3160 3469 3452 3540 plurimum

1884 3577 2124 3633 dolorem
2176 3589 2354 3630 meum
2397 3585 2557 3643 quem
2613 3569 2785 3624 habeo
2833 3582 2930 3636 pro
2971 3562 3144 3625 vobis,
3183 3559 3452 3629 aspiciens

1884 3669 2142 3739 grandem
2191 3666 2336 3722 illam
2381 3662 2750 3720 confusionem
2793 3672 2913 3729 qua:
2965 3670 3126 3725 super
3173 3653 3454 3708 universos

1886 3761 2124 3829 advenit,
2154 3768 2210 3816 et
2237 3758 2586 3816 considerans
2612 3753 2840 3810 multum
2876 3750 3027 3805 illum
3059 3747 3296 3802 laborem
3327 3759 3457 3799 san-

1886 3867 2098 3916 ctorum
2124 3851 2367 3910 omnium
2407 3857 2572 3918 atque
2599 3847 2855 3916 gemitum
2888 3854 3048 3911 quem
3080 3837 3334 3893 emittunt
3360 3849 3461 3904 pro

1887 3947 2042 4004 vobis
2070 3957 2284 4013 semper
2326 3941 2394 3996 ad
2447 3939 2638 4001 Deum,
2671 3941 2955 3990 cernentes
2982 3929 3222 3984 laborem
3254 3923 3458 3997 proprii

1888 4035 2220 4099 Conditoris,
2248 4043 2542 4098 omnesque
2582 4023 2814 4081 malitias
2853 4017 3328 4091 parvipendentes,
3361 4027 3462 4068 nec

1891 4145 1998 4186 non
2029 4137 2083 4182 et
2109 4122 2385 4194 decipulas
2411 4118 2607 4174 diaboli
2634 4126 2688 4172 et
2711 4113 3022 4186 angelorum
3053 4109 3172 4180 ejus
3198 4106 3458 4162 insidian-

1894 4221 2049 4279 tium.
2074 4215 2232 4286 juges
2286 4213 2353 4267 ad
2403 4210 2762 4282 perditionem
2795 4213 3053 4261 nostram.
3084 4198 3348 4267 Quoniam
3378 4205 3464 4248 et-

1893 4313 2038 4366 enim
2072 4307 2245 4378 portio
2272 4319 2461 4358 eorum
2494 4303 2548 4356 in
2579 4299 2844 4354 infernum
2877 4296 3038 4349 habet
3059 4296 3160 4354 ire,
3184 4289 3386 4343 idcirco
3412 4293 3468 4339 et

209 4425 324 4480 Deo
365 4423 421 4476 in
468 4417 616 4476 omni
667 4384 1056 4474 sanctimonia,
1092 4409 1216 4464 sine
1255 4421 1362 4476 qua
1396 4419 1557 4460 nemo
1592 4401 1792 4471 poterit
1820 4385 1866 4440 Ῑ)
1895 4402 1969 4458 illi
2000 4399 2190 4454 volunt
2221 4403 2466 4449 nostrum
2501 4403 2716 4458 quoque
2761 4384 2997 4440 studium
3035 4396 3138 4436 una
3171 4393 3353 4433 secum
3383 4387 3468 4430 at-

209 4513 542 4571 haereditare
587 4510 777 4564 Deum.
816 4503 952 4560 Nam
988 4518 1086 4572 pro
1112 4508 1284 4562 certo,
1318 4494 1648 4557 charissimi,
1685 4507 1792 4547 ma-

211 4622 378 4680 gnum
411 4611 497 4660 est
528 4601 684 4656 vobis
734 4597 898 4664 istud,
943 4604 1002 4648 ut
1051 4588 1442 4662 percontemini
1493 4585 1560 4641 de
1603 4584 1783 4655 cogniv

214 4675 363 4756 iione
398 4692 669 4750 sensualis
711 4687 1015 4751 exstantize,
1047 4685 1100 4738 in
1131 4696 1235 4753 qua
1270 4696 1375 4736 non
1408 4688 1490 4734 est
1522 4675 1793 4731 masculus

213 4803 393 4860 neque
441 4785 667 4847 femina,
705 4782 801 4837 sed
852 4776 1158 4834 substantia
1216 4781 1427 4828 tantum
1466 4768 1792 4825 immortalis

213 4881 452 4943 exsistit,
514 4875 725 4933 habens
780 4871 996 4942 quidem
1049 4865 1395 4936 principium,
1451 4862 1613 4916 ﬁnem
1665 4872 1795 4914 vero

217 4983 566 5044 nequaquam
601 4965 989 5030 :debitumque
1018 4958 1176 5013 vobis
1203 4965 1324 5012 erat
1367 4965 1696 5025 cognoscere
1726 4948 1794 5004 de

218 5041 608 5137 eo,_quomodo
657 5058 880 5114 omnino
926 5051 1190 5110 deciderit
1234 5049 1287 5103 in
1341 5057 1545 5101 tantam
1576 5041 1799 5098 humili-

223 5172 391 5217 tatem
437 5165 495 5212 et
548 5151 924 5210 confusionem
972 5147 1251 5210 eximiam,
1282 5157 1404 5212 qua:
1433 5138 1799 5212 pertransicns

221 5255 276 5310 in
304 5248 562 5307 omnibus
597 5242 752 5299 vobis
786 5238 1025 5295 advenit.

293 5344 359 5400 ιι.
397 5341 564 5411 Igitur
600 5333 818 5406 quando
864 5328 1168 5386 substantia
1209 5322 1533 5380 immortalis
1584 5318 1803 5375 exsistit

229 5445 334 5487 non
363 5409 731 5485 co‘nsolvenda
769 5419 1111 5492 corporibus,
1147 5415 1288 5470 hanc
1315 5415 1386 5468 ob
1417 5423 1635 5467 causam
1663 5409 1805 5464 Deus

1897 4490 2135 4545 trahere.
2177 4485 2315 4538 Vere
2364 4481 2549 4551 igitur,
2583 4474 2894 4532 charissimi
2942 4474 2995 4526 in
3034 4471 3278 4531 Domino.
3326 4468 3470 4523 sicut

1898 4575 2250 4651 prudentibus
2282 4570 2530 4645 loquor",
2553 4577 2614 4622 ut
2638 4563 2980 4636 cognoscatis
3011 4569 3236 4623 cunctas
3250 4557 3473 4626 Opiﬁcis

1899 4649 2070 4725 nostri
2112 4662 2542 4734 dispensationes
2571 4673 2670 4730 pro
2702 4655 2856 4712 nobis
2885 4655 3077 4718 factas,
3113 4667 3232 4722 qure
3255 4659 3309 4704 et
3340 4649 3470 4701 visi-

1899 4763 2155 4820 tationem
2211 4755 2382 4812 nostri
2430 4753 2636 4808 faciuut
2684 4763 2779 4819 per
2830 4746 3116 4802 ntanifesta
3156 4752 3210 4798 et
3257 4741 3471 4797 occulta

1901 4852 2191 4927 praeconia.
2221 4848 2337 4904 Nos
2376 4861 2562 4901 sumus
2613 4839 2966 4898 rationabiles
3015 4833 3336 4904 nuncupati;
3373 4832 3470 4887 sed

1902 4949 2138 5020 gerimus
2199 4938 2620 4998 irrationabiletu
2673 4948 2892 4990 sensum
2915 4973 2944 4998 ,_
2985 4929 3110 4982 dum
3159 4929 3473 4996 ignoramus

1903 5015 2144 5097 occultas
2193 5033 2520 5090 calliditates
2563 5037 2617 5082 et
2652 5035 2800 5080 artes
2840 5019 3039 5078 diaboli
3087 5015 3472 5082 multiformes,

1904 5146 2024 5203 quae
2051 5130 2179 5196 sint,
2213 5125 2507 5197 qualesque
2542 5129 2854 5176 noscantur.
2891 5111 3119 5182 Quando
3150 5112 3294 5168 enim
3321 5124 3471 5166 com—

1905 5223 2147 5296 pererint
2173 5216 2362 5292 conari
2382 5229 2482 5270 nos
2503 5210 2874 5269 confusionem
2905 5216 3148 5264 nostram
3175 5217 3471 5274 cognosce-

1906 5280 1992 5383 re,
2045 5323 2102 5369 et
2147 5309 2290 5382 quod
2323 5280 2630 5379 quaeramus
2662 5302 2881 5359 modum
2934 5298 3188 5356 efﬁcaciae
3235 5295 3474 5359 illorum,
3552 5280 3568 5288 “

1909 5413 2204 5480 operantes
2249 5403 2304 5456 in
2342 5399 2530 5460 nobis;
2573 5405 2761 5452 etnon
2789 5401 2997 5448 tantum
3025 5399 3082 5446 ut
3112 5404 3219 5447 non
3252 5385 3470 5444 obedia-

301 5549 320 5582 ³
348 5543 584 5614 Philipp.
621 5557 684 5607 tt,
724 5540 780 5608 6,
811 5539 867 5594 7.
944 5538 967 5570 ⁵
990 5535 1092 5594 lsa.
1123 5549 1241 5599 Ltll,
1272 5531 1327 5587 5.
1405 5525 1470 5582 Ἰ
1498 5526 1624 5583 Cor.
1663 5543 1704 5595 ι,
1726 5527 1770 5581 9'

1895 5526 1917 5559 ⁸
1946 5522 2092 5580 Psal.
2117 5533 2302 5585 cum,
2333 5516 2391 5571 4.
2469 5514 2490 5546 ⁷
2521 5513 2542 5568 l
2569 5511 2695 5570 Cor.
2742 5527 2776 5567 χ
2827 5511 2915 5566 15.

301 5659 418 5734 (15)
463 5657 540 5734 οε
568 5653 929 5734 salutari._Cl.
956 5650 1224 5728 Toutteus
1252 5641 1587 5734 «lissert.“lll
1614 5641 1803 5723 erill.
1846 5656 1994 5697 num.
2025 5637 2117 5704 23,
2150 5648 2271 5705 pag.
2316 5645 2456 5699 cui,
2488 5627 2770 5701 legendum
2809 5630 2992 5682 mouet
3023 5622 3088 5676 de
3118 5617 3412 5676 Salomon.

234 5714 672 5805 otiod'equideu't
703 5725 923 5782 minime
956 5719 1321 5777 necessarium
1354 5714 1734 5773 existintarim.
