3860 6336
409 247 528 336 επ

1548 271 1830 336 PATRES
1860 275 2160 334 .ECYPTII
2202 279 2475 339 SECULI
2516 281 2606 339 iV.

3565 274 3673 334 θα

413 409 538 454 mus
569 395 795 455 malitiis
825 411 1010 454 eorum
1064 407 1154 455 aui.
1200 399 1560 458 hortamentis
1589 416 1708 469 qmc
1746 399 1992 455 disscmi-
2019 399 2072 458 Α
2097 412 2314 459 orantes
2347 401 2733 475 benignitatem
2768 397 2968 465 Patris,
2997 406 3058 454 ut
3081 409 3296 465 semper
3323 395 3546 466 possitis
3574 393 3674 447 ba-

412 503 547 548 ttant
591 493 646 546 in
693 493 945 546 cordibus
993 493 1213 556 nostris,
1244 493 1336 548 sed
1373 500 1427 547 et
1465 507 1532 546 ne
1575 507 1736 561 quam
1769 490 1982 562 plurimi

405 595 726 639 nostrorum
761 584 1120 653 profiteantur
1151 585 1325 639 studia
1374 599 1562 638 eorum
1599 602 1612 637 :
1648 583 1743 653 ipsi
1777 597 1993 652 quoque

411 671 804 744 mguoscentes
846 674 1230 744 indulgentiam
1279 674 1608 740 Conditoris,
1655 675 1799 746 quod
1843 689 1992 728 mors

414 762 501 818 bis
536 765 627 818 fiat
657 765 708 818 in
739 766 920 831 terris,
953 766 1057 820 illis
1091 781 1217 821 vero
1262 769 1329 820 sit
1361 777 1720 836 praeparatum
1763 765 1994 820 Incredi-

415 861 533 906 tarc
562 856 859 924 gehennam
893 865 1115 926 propter
1144 857 1521 927 negligentiam
1557 871 1782 911 suam...

487 938 554 998 ν.
584 944 740 1001 Scire
781 955 961 999 autem
996 961 1090 1002 vos
1119 946 1265 1012 volo,
1295 946 1466 1012 ﬁlioli,
1497 948 1639 1018 quod
1673 963 1776 1000 non
1810 946 1998 1001 desino

414 1035 710 1092 obsecrans
759 1052 859 1106 pro
904 1037 1054 1093 vobis
1103 1039 1270 1094 Deum
1316 1045 1474 1093 nocte
1524 1053 1589 1092 ac
1638 1037 1746 1102 die,
1787 1044 1846 1091 ut
1883 1037 1999 1104 ipse

416 1115 630 1195 aperiat
669 1125 856 1182 oculos
894 1127 1076 1182 cordis
1119 1127 1284 1182 vestri
1340 1127 1405 1180 ad
1447 1127 1837 1196 providendum
1874 1139 1998 1180 cre—

418 1211 570 1267 brius
589 1213 853 1268 occultam
885 1213 1273 1284 malignitatem
1301 1213 1534 1277 illorum,
1561 1229 1720 1284 quant
1760 1229 1855 1285 per
1879 1214 1996 1269 sin-

416 1304 540 1374 gula
593 1318 756 1379 super
811 1319 911 1360 nos
961 1305 1244 1359 cil‘undunt
1293 1305 1345 1358 in
1393 1305 1498 1362 isto
1542 1319 1683 1359 lltiltc
1735 1315 1996 1376 tempore.

417 1395 615 1463 Quanto
656 1397 818 1452 etiam
869 1405 930 1450 ut
983 1401 1246 1452 concedat
1291 1398 1448 1453 vobis
1497 1397 1742 1452 scientia:
1773 1413 1888 1462 cor,
1934 1411 1999 1454 ac

415 1487 768 1543 discretionis
815 1487 1068 1556 spiritum
1118 1497 1355 1558 praestet,
1417 1497 1474 1541 ut
1535 1489 1757 1558 positis
1797 1489 1995 1544 offerre

420 1573 697 1647 proprium
741 1592 856 1644 cor,
897 1579 1131 1633 hostiam
1169 1588 1413 1633 sanctam
1459 1579 1512 1633 in
1553 1588 1842 1647 conspectu
1887 1577 1994 1632 Pa-

422 1670 523 1724 tris
559 1670 610 1724 in
653 1671 818 1725 multa
852 1672 1166 1735 sanctitate,
1190 1680 1245 1724 et
1265 1671 1383 1726 sine
1406 1671 1646 1741 querela.
1669 1670 1806 1726 Vere
1827 1672 1993 1738 enim,

422 1759 595 1826 ﬁlioli,
643 1762 882 1818 invident
913 1765 1068 1818 nobis
1097 1779 1192 1833 per
1216 1779 1429 1819 onmem
1461 1765 1648 1819 horam
1678 1763 1731 1818 in
1757 1778 1854 1818 suo
1885 1780 1998 1818 ma-
2029 1733 2074 1793 Β

423 1849 569 1922 ligno
601 1852 831 1908 consilio
857 1863 912 1908 et
942 1855 1321 1924 persecutione
1350 1868 1510 1922 (piam
1541 1853 1768 1922 plurima
1795 1861 1852 1905 et
1879 1867 1994 1906 ma-

423 1943 538 1999 iitia
583 1957 701 2012 sua,
732 1959 940 1999 necnon
988 1955 1040 1999 et
1089 1945 1369 2014 spiritibus
1402 1943 1609 2000 erroris
1647 1945 1758 1998 sive
1792 1945 1999 2014 cogita-

425 2038 665 2093 tionibus
713 2039 1077 2109 blasphemis,
1113 2039 1516 2093 iniidelitatihus
1549 2038 1752 2094 nostris
1785 2053 2001 2108 quoque

423 2145 545 2202 qua!
573 2132 910 2186 seminantur
941 2132 1012 2186 ab
1048 2131 1180 2201 ipsis
1222 2132 1272 2185 in
1311 2131 1581 2196 cordibus,
1624 2145 1688 2186 ac
1723 2131 2001 2186 doloribus

426 2223 632 2289 tnuitis,
661 2238 781 2293 qua:
811 2225 1055 2294 irrogaut
1086 2223 1240 2278 nobis
1271 2237 1366 2292 per
1390 2237 1604 2278 omnem
1642 2224 1860 2287 horam;
1885 2222 2003 2276 ani-

423 2315 496 2368 t'ni
529 2314 691 2369 etiam
723 2312 1134 2378 defectionibus,
1167 2312 1222 2366 in
1253 2311 1447 2381 quibus
1475 2326 1570 2382 per
1610 2310 1817 2382 singula
1851 2311 2000 2365 labe—

423 2405 607 2462 facere
634 2407 874 2460 animum
907 2422 1013 2461 non
1064 2405 1363 2471 desistunt;
1403 2405 1455 2459 in
1491 2405 1762 2458 universis
1787 2416 2003 2472 quoque

424 2499 720 2554 iracundiis
746 2499 859 2553 suis
884 2507 938 2552 et
961 2496 1468 2559 obtrectationibus,
1509 2507 1645 2564 quas
1673 2495 1872 2548 docent
1903 2507 2003 2548 nos

424 2589 648 2656 habere,
678 2599 734 2646 et
784 2590 1047 2645 adversus
1081 2587 1440 2651 alterutrum;
1471 2595 1523 2640 ct
1564 2592 1620 2638 ut
1645 2583 2005 2653 iustificemus

425 2683 788 2750 nosmetipsos
814 2681 866 2735 in
913 2681 980 2735 iis
1003 2695 1120 2750 qua:
1146 2678 1394 2738 facimus.
1422 2684 1475 2729 et
1499 2657 2003 2731 condemnaiionem

424 2787 546 2842 qua:
583 2772 884 2828 seminatur
912 2773 980 2826 ab
1013 2769 1148 2838 ipsis
1177 2769 1230 2821 in
1274 2767 1548 2822 mentibus
1592 2766 1812 2829 nostris,
1841 2765 2004 2820 etiam

426 2883 550 2920 cum
607 2865 918 2921 exsistimus
970 2862 1300 2930 singulares;
1357 2873 1590 2928 cumque
1641 2857 1850 2913 faciunt
1905 2874 2006 2914 nos

369 3015 376 3022 ,
430 2959 737 3030 proximum
763 2956 1030 3025 judicare,
1063 2969 1162 3008 nec
1197 2962 1376 3006 tamen
1409 2952 1526 3022 ipso
1553 2961 1799 3006 exstante
1825 2951 2009 3006 nobis-

428 3060 554 3099 cum
582 3062 597 3100 :
627 3043 1136 3114 prmsumptionibus
1163 3041 1426 3110 siquidem
1451 3055 1584 3110 quas
1612 3041 1861 3111 ingerunt
1885 3055 2006 3096 cor-

432 3135 598 3191 dibus
637 3134 860 3202 nostris,
892 3135 944 3189 in
975 3133 1226 3203 superbia
1263 3132 1381 3187 duri
1415 3131 1596 3187 cordis
1622 3142 1921 3199 exstantes,
1953 3141 2009 3186 et

433 3230 666 3285 invicem
698 3237 1038 3300 spernentes,
1080 3225 1495 3282 amaritudinem
1539 3226 1830 3290 habentes;
1860 3225 2006 3279 omni

432 3319 568 3377 bora
591 3321 958 3390 vituperantes
985 3319 1327 3384 alterutrum,
1376 3326 1432 3372 et
1479 3331 1582 3370 non
1615 3317 2006 3385 nosmetipsos;

432 3417 724 3485 opinantes
749 3413 988 3468 laborem
1015 3421 1258 3466 nostrum
1281 3424 1346 3466 ex
1373 3410 1588 3479 propria
1623 3419 1874 3463 constare
1903 3409 2006 3463 vir-

435 3516 573 3572 tute,
597 3505 806 3575 iudices
836 3504 1169 3558 exsistentes
1205 3499 1636 3566 manifestorum,
1665 3510 1835 3556 totum
1869 3503 2009 3553 intra

433 3598 652 3653 domum
688 3606 928 3652 nostram
975 3595 1294 3649 immolante
1329 3593 1577 3658 latrone;
1619 3602 1674 3646 et
1720 3593 1771 3646 in
1815 3591 2013 3662 iurgiis

435 3700 603 3759 atque
635 3688 1000 3743 simultatibus
1037 3686 1406 3752 adversusque
1438 3683 1759 3738 alterutrum
1805 3681 2014 3737 affecti-

435 3779 562 3845 bus,
596 3781 765 3835 donec
791 3793 1097 3834 sermonem
1132 3776 1407 3846 proprium
1447 3785 1698 3829 constare
1725 3774 2011 3840 faciamus,

437 3882 500 3925 ut
526 3886 812 3939 pareamus
840 3871 893 3925 in
922 3877 1214 3938 conspectu
1258 3877 1444 3922 nostro
1467 3867 1776 3936 iustificati,
1807 3866 2017 3920 animo-

438 3962 655 4016 sitatem
707 3961 864 4014 nobis
913 3961 1219 4027 praebentes
1252 3972 1316 4012 ac
1367 3957 1626 4012 facientes
1671 3956 1850 4010 studia
1897 3969 2017 4023 qua:

441 4061 621 4106 tamen
652 4049 984 4119 impossibile
1017 4058 1102 4104 est
1145 4049 1260 4118 geri
1292 4062 1308 4101 :
1342 4047 1720 4115 intempestive
1751 4048 1896 4101 enim
1938 4046 2019 4100 fa-

439 4142 646 4197 cientes
671 4157 772 4197 nos
799 4141 1012 4205 resolvi,
1046 4142 1117 4196 ob
1153 4141 1205 4196 id
1239 4141 1379 4210 quod
1408 4154 1596 4194 sumus
1626 4154 1691 4194 ex
1728 4139 1847 4205 illo,
1877 4141 2018 4210 quod

442 4233 789 4288 emolumenti
822 4243 906 4287 est
936 4231 1140 4288 nobis?
1172 4231 1400 4300 Propter
1430 4244 1552 4300 qua:
1595 4231 1774 4286 ridere
1805 4246 1903 4287 nos
1936 4231 2017 4285 fa-

445 4328 596 4380 ciunt
641 4334 881 4395 tempore
925 4321 1102 4387 ﬂetus,
1133 4335 1185 4380 et
1221 4325 1350 4378 flere
1385 4324 1437 4378 in
1473 4332 1714 4392 tempore
1747 4321 1890 4377 risus
1924 4333 2019 4377 :et

2099 495 2227 550 bere
2251 494 2529 550 vobiscum
2564 492 2888 563 adiutorium
2933 491 3078 561 eius,
3124 491 3427 558 docoalque
3458 503 3554 542 vos
3585 505 3678 543 eo-

2097 588 2387 658 gnitionem
2422 584 2529 650 sui,
2560 585 2652 655 qui
2679 600 2739 640 se
2765 584 2902 638 bene
2927 583 3108 637 habet.

2169 681 2253 735 VI.
2285 677 2423 734 Vere
2468 677 2666 732 etenim
2721 677 2841 729 dico
2886 675 3061 740 vobis,
3108 672 3219 728 nati
3254 672 3384 738 mei,
3424 669 3551 740 quia
3583 683 3679 726 vas

2099 771 2239 827 istud
2278 773 2328 826 in
2366 786 2472 841 quo
2519 785 2708 825 sumus
2755 767 3141 833 inhabitantes,
3205 765 3258 819 in
3319 763 3675 836 perditionem

2100 864 2255 919 nobis
2284 863 2519 928 exsistit,
2548 871 2606 916 et
2642 860 2834 914 domus
2864 870 2948 914 cst
2979 856 3340 930 plena'bellis.
3371 855 3478 910 Pro
3506 865 3674 915 certo,

2075 955 2272 1018 .filioli,
2303 955 2424 1009 dico
2459 953 2614 1008 vobis
2641 950 2788 1022 quod
2835 950 3012 1006 omnis
3061 950 3224 1006 homo
3255 947 3474 1002 illectus
3502 945 3554 998 iu
3585 959 3676 998 vo-

2100 1043 2397 1116 luptatibus
2425 1046 2557 1110 suis,
2601 1053 2653 1100 et
2684 1051 2988 1115 prostratus
3030 1057 3059 1097 a
3091 1040 3520 1112 cogitationibus
3551 1051 3674 1104 pro-

2100 1133 2705 1207 priis,_complexnsque
2734 1148 2761 1187 a
2793 1131 3049 1202 maligno,
3080 1129 3368 1185 seminavit
3397 1127 3450 1182 in
3473 1126 3672 1181 corde:

2100 1223 2191 1294 qui
2223 1224 2524 1294 congaudet
2549 1223 2651 1290 eis,
2679 1231 2734 1278 et
2762 1223 2956 1291 recipit
2979 1237 3137 1277 sensu
3164 1221 3326 1274 veluti
3359 1234 3558 1289 magna
3586 1232 3678 1270 ex-

2102 1312 2348 1368 sistentia
2381 1321 2741 1378 sacramenta,
2773 1311 2826 1365 in
2859 1325 2925 1366 eo
2951 1312 3093 1380 qu’od
3128 1312 3237 1379 agit
3261 1307 3571 1376 iustilicans
3597 1321 3679 1360 se-

2102 1389 2407 1474 metipsum.
2470 1401 2785 1473 Huiusmodi
2853 1402 3032 1457 anima
3092 1399 3374 1456 coexsistit
3426 1397 3677 1466 malignis

2102 1495 2402 1567 spiritibus,
2448 1495 2784 1550 consiliatrix
2831 1494 2884 1550 in
2935 1494 3135 1547 malum
3171 1511 3185 1547 :
3218 1505 3418 1561 corpus
3465 1503 3678 1560 quoque

2101 1585 2263 1649 illius,
2294 1585 2535 1641 Custodia
2564 1595 2646 1641 est
2673 1585 3067 1640 horrendorum
3093 1599 3212 1654 qua:
3235 1581 3479 1636 occultat
3507 1581 3564 1634 in
3593 1595 3675 1637 se-

2103 1675 2353 1744 metipso.
2398 1672 2770 1730 Praevalebunt
2826 1683 3004 1727 autem
3062 1675 3320 1727 adversus
3348 1669 3678 1740 huiusmodi,

2102 1765 2359 1834 quoniam
2386 1780 2490 1818 non
2523 1763 2766 1820 traduxit
2803 1777 2898 1818 eos
2931 1777 3115 1816 coram
3148 1760 3421 1816 omnibus.
3454 1761 3526 1814 At
3551 1775 3678 1814 noo-

2102 1859 2230 1928 quid
2271 1868 2326 1913 et
2362 1856 2464 1928 ipsi
2495 1857 2718 1912 nescitis
2747 1857 2889 1926 quod
2931 1870 3035 1910 non
3079 1853 3388 1924 lmiusmodi
3432 1861 3680 1921 capturas

2101 1951 2357 2014 habeant,
2389 1965 2526 2020 quas
2551 1965 2648 2006 nos
2676 1959 3067 2019 cognoscentes
3099 1946 3282 2017 procul
3316 1947 3482 2002 dubio
3511 1946 3676 2016 fugia-

2103 2042 2258 2098 mus?
2291 2041 2556 2098 Czeternm
2589 2052 2643 2096 et
2670 2043 2714 2096 si
2747 2041 3050 2112 quaesieris,
3078 2055 3181 2093 non
3215 2038 3464 2093 invenies
3490 2051 3680 2107 pecca-

2103 2141 2216 2188 tum
2243 2147 2430 2188 eorum
2457 2146 2555 2188 nec
2579 2133 2918 2202 iniquitatem
2944 2127 3298 2200 corporaliter
3316 2128 3675 2181 manifestam.

2103 2226 2308 2294 Corpus
2339 2225 2483 2280 enim
2528 2233 2611 2279 est
2642 2226 2838 2278 animae
2870 2222 3136 2292 recipiens
3169 2221 3568 2290 ntalignitatem
3594 2237 3680 2274 eo-

2104 2332 2224 2372 rum
2253 2333 2268 2372 :
2298 2330 2458 2385 quam
2489 2330 2612 2371 cum
2638 2299 2962 2384 susceperit,
2991 2323 3121 2367 tunc
3150 2313 3193 2367 si
3220 2312 3371 2375 velit,
3401 2310 3457 2364 in
3486 2326 3681 2380 propa-

2105 2407 2220 2464 tulo
2250 2407 2403 2478 punit
2435 2421 2534 2477 per
2569 2409 2767 2476 corpus
2810 2406 2954 2460 istud
2993 2406 3044 2459 in
3089 2418 3195 2474 quo
3244 2417 3433 2458 sumus
3469 2401 3683 2455 inhabi-

2106 2509 2303 2555 tantes.
2352 2497 2508 2552 Nunc
2559 2498 2762 2566 itaque,
2817 2495 2989 2558 filioli,
3045 2509 3148 2548 non
3196 2494 3388 2548 demus
3417 2492 3468 2546 ei
3511 2491 3682 2545 locum

2106 2593 2292 2655 ullum,
2325 2590 2566 2660 alioquin
2605 2591 2873 2645 nobismet
2905 2589 3000 2643 Dei
3043 2587 3401 2642 excitabimus
3441 2587 3602 2650 iram,
3632 2592 3686 2639 et

2107 2685 2182 2739 illi
2211 2683 2611 2753 permiscentur
2641 2681 2695 2735 in
2721 2681 2969 2736 domibus
2997 2679 3198 2735 nostris
3224 2677 3520 2732 irridentes
3553 2691 3685 2745 nos;

2108 2776 2367 2847 quoniam
2398 2777 2501 2830 hoc
2533 2782 2798 2828 noverunt
2823 2774 2964 2843 quod
3004 2772 3324 2843 perditionis
3352 2779 3439 2825 est
3465 2781 3683 2834 nostra',

2108 2882 2227 2938 qua:
2253 2879 2430 2921 tamen
2463 2876 2515 2920 et
2550 2865 2662 2934 ipsa
2713 2864 2780 2918 de
2829 2863 3074 2932 proximo
3123 2862 3395 2924 consistit,
3444 2861 3688 2915 sicutiet

2109 2958 2218 3012 vita
2247 2958 2312 3011 de
2343 2970 2526 3026 prope.
2559 2953 2689 3020 Quis
2715 2953 2858 3008 enim
2893 2967 3126 3022 unquam
3167 2951 3337 3006 Deum
3385 2951 3601 3020 aspexit
3628 2957 3689 3003 ιιι

2033 3079 2078 3140 c
2113 3053 2298 3106 videns
2323 3051 2682 3120 congauderet
2703 3050 2751 3104 ei
2774 3049 2840 3104 de
2865 3064 2922 3104 re
2948 3057 3094 3103 tanta
3140 3052 3278 3118 apud
3307 3050 3688 3117 semetipsum,

2110 3157 2178 3199 ne
2214 3142 2356 3197 forte
2392 3141 2675 3210 aufugeret
2712 3154 2858 3204 eum,
2899 3140 2993 3194 sed
3043 3149 3102 3193 ut
3148 3139 3486 3208 adiudicaret
3527 3139 3689 3193 etiam

2110 3235 2253 3289 velut
2289 3234 2552 3289 habitanti
2596 3233 2648 3288 in
2699 3233 2802 3287 hoc
2832 3233 3068 3300 pondere
3103 3233 3289 3285 tanto?
3316 3240 3409 3285 aut
3441 3231 3566 3301 quis
3594 3231 3694 3285 ali-

2111 3327 2328 3396 quando
2358 3325 2568 3394 aspexit
2605 3323 2877 3378 diabolum
2909 3335 3306 3393 oppugnantem
3335 3338 3460 3388 nos,
3488 3331 3543 3376 ct
3569 3336 3693 3390 pro-

2113 3413 2384 3469 bibentem
2429 3412 2687 3468 beneficia
2740 3413 2984 3481 adipisci,
3036 3415 3410 3466 adversantem
3452 3413 3608 3467 nobis
3639 3421 3695 3467 ct

2112 3517 2343 3562 stantem
2389 3506 2442 3560 in
2475 3505 2593 3560 loco
2633 3505 2900 3574 corporali
2927 3514 3156 3567 secreto,
3191 3513 3247 3557 ut
3277 3504 3583 3572 praevidens
3611 3504 3694 3556 fu-

2114 3609 2268 3667 geret
2297 3599 2366 3654 ab
2397 3599 2547 3669 ipso?
2586 3598 2692 3653 Sed
2729 3597 2804 3652 illi
2858 3597 3071 3666 quidem
3106 3595 3351 3650 habitant
3379 3595 3430 3648 in
3456 3594 3691 3661 occulto,

2116 3706 2215 3746 nos
2239 3701 2414 3746 autem
2443 3690 2784 3761 prepalamus
2817 3703 2911 3745 eos
2936 3705 3032 3759 per
3060 3688 3235 3743 studia
3267 3687 3516 3741 meliora.

2185 3784 2297 3839 VII.
2333 3784 2596 3850 Quoniam
2628 3783 2796 3854 igitur
2831 3797 2897 3837 ex
2931 3796 3038 3836 uno
3065 3780 3324 3836 Creatore
3347 3787 3477 3833 sunt
3506 3792 3694 3833 omnes

2117 3877 2410 3932 secundum
2439 3876 2743 3931 sensualem
2769 3876 3091 3930 exstantiam
3118 3888 3327 3936 eorum,
3357 3872 3409 3926 in
3435 3870 3693 3942 fugiendo

2117 3985 2247 4024 vero
2277 3985 2372 4024 eos
2399 3985 2427 4022 a
2447 3969 2576 4032 Deo,
2595 3977 2650 4022 et
2679 3968 2844 4021 multa
2873 3967 3158 4022 diversitas
3180 3965 3338 4020 estin
3371 3964 3480 4020 illis
3504 3964 3694 4019 eﬂerta

2117 4063 2186 4116 ob
2204 4062 2444 4116 diversas
2459 4059 2800 4128 opcrationcs
2815 4059 3078 4128 ipsorum,
3095 4057 3297 4112 idcirco
3313 4063 3494 4110 autem
3513 4055 3694 4109 omnia

2119 4155 2234 4208 btec
2259 4152 2470 4206 nomina
2495 4151 2698 4222 adiecta
2722 4159 2848 4205 sunt
2868 4151 3009 4216 istis,
3030 4157 3250 4222 propter
3268 4147 3698 4218 uniuscuiusque

2119 4259 2307 4299 eorum
2347 4244 2715 4314 operationem
2748 4259 2762 4296 :
2794 4241 2918 4296 ideo
2944 4252 2999 4297 et
3034 4257 3176 4295 nunc
3204 4240 3426 4309 quidam
3458 4240 3696 4309 ipsorum

2122 4347 2389 4392 vocantur
2418 4335 2750 4401 archangeli,
2785 4334 2874 4388 alii
2905 4334 3082 4396 sedes,
3113 4342 3166 4388 et
3195 4331 3617 4394 dominationes,
3645 4341 3699 4386 et

443 4429 506 4473 ιη
557 4415 726 4473 semel
773 4427 934 4484 aliine
986 4416 1303 4484 SimpliCiler
1353 4413 1606 4476 dixerim,
1659 4424 2020 4482 ῑηηδβοηυηῑ
2053 4413 2102 4472 υ
2127 4437 2437 4497 potestates,
2460 4438 2514 4480 et
2537 4426 2834 4480 cherubim.
2866 4424 2988 4480 il:ec
3017 4433 3195 4479 autem
3223 4425 3302 4478 eis
3335 4423 3553 4476 nomina
3577 4431 3701 4477 sunt

446 4524 662 4580 semper
694 4523 726 4564 e
761 4519 908 4562 recta
956 4508 1038 4562 via
1073 4509 1127 4562 in
1162 4508 1285 4562 aliis
1337 4522 1497 4576 quam
1537 4505 1784 4575 plurimis
1814 4505 2019 4560 errori-

446 4603 569 4665 bus,
601 4615 696 4670 per
739 4601 918 4652 omnia
954 4613 1051 4654 nos
1085 4599 1228 4668 ipsos
1257 4599 1472 4654 sibimet
1512 4598 1564 4645 in
1602 4598 1832 4654 ramulos
1869 4601 2022 4652 rede~

449 4703 664 4761 perunt,
713 4706 942 4759 quorum
977 4699 1186 4760 tempus
1222 4705 1326 4744 non
1371 4698 1453 4743 est
1499 4690 1552 4743 in
1589 4689 1874 4758 propatulo
1905 4690 2019 4744 ticri

449 4781 633 4838 tnodo.
671 4781 806 4836 Cum
839 4795 971 4834 vero
1013 4781 1097 4834 his
1135 4779 1386 4833 omnibus
1419 4780 1580 4833 corda
1631 4789 1814 4832 nostra
1849 4780 2021 4849 reple-

449 4878 648 4938 verint,
707 4883 762 4928 et
799 4873 1051 4929 inebriati
1103 4869 1364 4926 fuerimus
1418 4871 1559 4932 illis;
1608 4880 1735 4924 tttnc
1781 4871 2022 4939 indulget

452 4970 616 5036 Dens,
651 4966 888 5037 quandiu
936 4966 1075 5036 gerit
1117 4965 1318 5018 malitia
1357 4973 1579 5030 nostra;
1622 4978 1686 5019 ac
1715 4965 1781 5019 de
1817 4964 2023 5034 reliquo

451 5061 820 5116 visitationem
870 5057 1038 5113 nostri
1094 5055 1299 5110 faciens
1351 5055 1676 5109 resolutione
1716 5056 2022 5125 gravissimi

450 5150 701 5220 corporis
765 5148 924 5216 huius
975 5145 1402 5215 relinquentibus
1428 5144 1577 5212 illud,
1621 5157 1745 5200 tunc
1791 5145 2024 5216 maligna

451 5255 622 5310 opera
644 5254 762 5308 qua:
783 5238 1105 5309 gerebamus
1129 5237 1289 5302 male,
1307 5237 1509 5292 revelat
1536 5239 1694 5294 nobis
1722 5239 1774 5293 in
1798 5254 2025 5310 corpore

454 5344 629 5400 potine
660 5330 906 5400 exposito
946 5329 1088 5400 quod
1121 5329 1292 5384 induti
1321 5329 1582 5386 fuerimus
1628 5345 1722 5399 per
1753 5331 2034 5401 indulgen-

455 5424 589 5478 tiam
621 5424 930 5478 Conditoris
963 5442 976 5477 :
1015 5434 1141 5479 tunc
1165 5423 1329 5479 etiam
1362 5423 1498 5492 fiunt
1532 5425 1813 5479 novissima
1846 5435 2032 5481 nostra

454 5518 642 5586 pejora
675 5515 994 5581 prioribus“.
1024 5515 1251 5589 Propter
1277 5518 1420 5586 quod
1470 5517 1634 5574 nolite
1673 5515 1839 5588 amigl
1872 5519 2031 5574 obse-

529 5694 558 5728 “
578 5695 710 5754 Luc.
741 5705 813 5764 It,
850 5695 936 5750 εὔ.

2128 4517 2335 4580 addita,
2367 4532 2465 4586 pro
2491 4532 2554 4571 co
2591 4519 2732 4588 quod
2762 4517 3070 4570 Conditoris
3097 4515 3294 4585 proprii
3325 4516 3699 4569 custodierunt

2127 4609 2473 4664 voluntatem.
2505 4609 2636 4663 item
2681 4609 2752 4662 ob
2795 4608 3001 4662 crimen
3047 4607 3274 4661 aliorum
3309 4616 3578 4669 motuum,
3608 4620 3700 4658 ne-

2126 4701 2423 4756 cessarium
2459 4699 2560 4753 fuit
2602 4699 2866 4754 nominari
2909 4699 3070 4753 etiam
3113 4699 3266 4764 istos,
3298 4710 3524 4768 propter
3550 4698 3698 4751 mali-

2128 4805 2262 4862 guas
2289 4791 2699 4846 adinventiones
2729 4789 2990 4860 ipsorum,
3034 4789 3304 4844 diabolum
3342 4799 3396 4842 et
3419 4789 3694 4842 Satanam.

2132 4884 2299 4939 Porro
2325 4882 2413 4937 alii
2442 4883 2730 4952 nuncnpati
2774 4890 2900 4936 sunt
2929 4882 3199 4936 dmmones
3229 4881 3563 4951 spiritusque
3591 4892 3696 4932 ma-

2131 4973 2280 5044 ligni,
2312 4975 2475 5030 etiam
2505 4975 2710 5041 tnundl,
2746 4973 2898 5028 flatus
2925 4974 3144 5036 erroris,
3191 4975 3460 5042 principes
3493 4984 3697 5040 quoque

2131 5063 2310 5120 saeculi
2347 5065 2524 5135 huius,
2576 5065 2799 5134 aliaeque
2832 5065 3133 5135 complures
3161 5065 3212 5117 in
3239 5065 3319 5118 eis
3344 5063 3694 5116 adversitates

2131 5158 2418 5213 exsistunt.
2449 5157 2685 5211 Rursum
2727 5172 2860 5211 vero
2904 5166 2958 5211 et
3000 5157 3092 5226 qui
3129 5155 3486 5210 obviaverunt
3519 5154 3626 5209 illis
3647 5155 3693 5207 in

2131 5248 2452 5316 gravissimo
2482 5263 2708 5317 corpore
2740 5249 2843 5304 isto
2882 5249 2935 5302 in
2965 5262 3070 5316 quo
3093 5258 3147 5300 et
3176 5260 3361 5300 sumus
3399 5245 3693 5300 inhabitan-

2131 5347 2234 5404 tes,
2277 5349 2332 5394 et
2379 5339 2476 5409 ipsi
2517 5339 2680 5393 etiam
2719 5339 3007 5408 nuncupati
3060 5345 3184 5391 sunt
3223 5335 3441 5421 quidam
3475 5334 3692 5406 patriar-

2131 5430 2271 5496 chm,
2299 5430 2388 5484 alii
2410 5445 2538 5485 vero
2563 5430 2838 5500 propheta:
2860 5439 2915 5484 et
2944 5441 3100 5498 reges
3122 5441 3185 5481 ac
3207 5426 3538 5488 sacerdotes,
3573 5437 3687 5480 non.

2132 5522 2264 5578 nulli
2297 5521 2512 5594 iudices
2535 5532 2591 5579 ct
2620 5521 2874 5594 apostoli,
2904 5527 3067 5592 atque
3089 5520 3181 5576 alii
3211 5517 3551 5593 multielecti
3577 5515 3692 5573 effe-
