3860 6340
153 323 251 380 3Βὸ

1187 327 1246 383 S.
1280 327 1560 391 ΑΝΤΟΝΙΙ
1603 333 1671 390 Μ.
1713 327 2010 395 ABBATIS
2049 338 2434 397 EPISTOLJE.

3317 351 3424 412 986

148 437 226 492 cu
257 416 484 505 propter
513 433 792 506 egregium
821 443 1028 493 motum
1054 453 1233 498 suum.
1266 442 1528 503 Universa
1556 459 1735 504 autem
1765 455 1895 511 Aet
1931 455 2214 509 tenebrosa
2251 456 2434 510 domo.
2457 455 2633 522 Quam
2661 471 2805 512 enim
2836 461 2908 516 ob
2933 475 3151 518 causam
3184 464 3419 524 dissere-

147 531 262 584 haec
286 527 512 582 nomina
552 527 760 583 adscita
800 540 931 584 sunt.
969 531 1071 598 eis,
1097 534 1218 590 sive
1239 540 1485 605 masculi,
1513 541 1628 596 sive
1656 542 1735 598 fe-

144 623 326 685 mimc,
363 620 438 675 ob
479 621 836 678 diversitates
867 627 1206 694 operationis
1234 644 1448 698 eorum,
1489 644 1547 690 et
1579 635 1734 704 juxta

145 715 512 784 principatum
540 715 806 783 ipsorum,
835 719 961 788 quia
991 735 1060 776 ex
1089 737 1200 778 uno
1219 734 1350 779 sunt
1368 741 1580 782 omnes.
1605 728 1737 784 Pro-

143 817 334 876 pteres
373 821 512 877 ergo
560 809 874 880 quicunque
935 811 988 867 in
1041 815 1346 884 proximum
1403 823 1733 890 peccaverit,

139 898 195 952 in
229 900 588 968 semetipsum
646 900 943 974 delinquit;
980 915 1035 962 et
1066 909 1158 978 qui
1200 910 1342 967 male
1377 912 1572 969 fecerit
1601 929 1733 985 pro-

142 997 322 1057 ximo,
376 997 733 1081 semetipsum
783 1000 952 1058 elIicit
1000 1005 1222 1060 malum.
1254 1007 1443 1064 Itidem
1475 1011 1566 1081 qui
1597 1012 1734 1068 bene

139 1088 327 1142 fecerit
379 1077 652 1159 pro'ximo,
693 1093 915 1150 sibimet
963 1096 1068 1152 hoc
1120 1098 1285 1165 facit;
1320 1102 1404 1156 sin
1447 1077 1580 1158 vero
1611 1105 1733 1173 quis

138 1183 243 1234 erit
287 1183 382 1252 qui
427 1181 722 1254 aiiquando
760 1201 992 1256 peccare
1032 1193 1272 1260 potuerit
1315 1192 1370 1248 in
1413 1193 1606 1260 Deum,
1648 1198 1732 1251 vel

137 1275 259 1343 quis
284 1286 371 1330 est
401 1276 496 1346 qui
527 1291 652 1332 eum
690 1293 931 1348 unquam
965 1282 1192 1340 reticere
1219 1285 1415 1356 queat?
1443 1286 1577 1354 Quis
1605 1303 1733 1344 vero

138 1377 255 1420 erat
282 1368 376 1437 qui
404 1368 455 1423 ei
487 1369 883 1426 ministraverit
929 1373 1246 1445 aliquando,
1283 1386 1376 1433 aut
1409 1379 1531 1448 quis
1561 1381 1728 1436 bene-

137 1461 281 1514 dicat
323 1475 452 1514 eum
501 1477 768 1532 unquam,
816 1472 877 1519 ut
927 1480 1066 1534 opus
1114 1468 1312 1526 habeat
1353 1471 1732 1530 benedictione

134 1549 297 1616 ejus?
327 1551 468 1617 Quis
503 1551 648 1606 enim
682 1553 861 1622 potuit
893 1555 1168 1614 honorare
1195 1558 1372 1626 illum,
1402 1571 1460 1617 ut
1488 1562 1604 1632 ipse
1635 1565 1732 1620 ho-

138 1643 420 1696 uerendus
466 1643 719 1698 exsistit?
748 1645 829 1700 vel
868 1648 992 1716 quis
1020 1657 1106 1703 est
1152 1650 1243 1720 qui
1273 1652 1455 1707 valeat
1484 1653 1733 1711 exaltare

137 1746 259 1785 eum
294 1733 446 1786 sicut
482 1734 733 1790 excelsus
780 1735 1052 1793 habetur?
1081 1739 1448 1807 QuamObrem
1475 1745 1604 1800 dum
1641 1761 1733 1800 su-

1842 559 1957 600 rem
2003 547 2175 614 vobis,
2229 547 2334 603 nisi
2371 555 2429 602 ut
2480 549 2721 619 requiem
2773 552 3137 610 exhiberem?
3181 556 3333 615 Unde
3365 572 3422 617 et

1837 638 2091 704 obsecro,
2113 650 2171 693 ut
2192 641 2317 710 quia
2341 655 2533 698 omnes
2563 643 2733 698 creati
2767 658 2956 701 sumus
2979 646 3139 703 unius
3163 650 3422 708 substan-

1841 731 1931 784 tia:
1979 731 2270 787 invisibilis
2307 741 2361 788 et
2393 732 2612 788 initium
2653 737 2907 792 habentis
2940 737 3062 794 sine
3101 739 3228 805 line.
3263 745 3424 801 unice

1840 823 2137 891 diligamus
2167 825 2530 895 alterutrum;
2564 838 2832 899 quotquot
2877 831 3022 886 enim
3059 839 3420 905 cognoverint

1836 917 2179 984 semetipsos,
2235 931 2562 990 cognoscent
2596 924 2738 994 quod
2775 925 2937 979 unius
2963 924 3284 983 substantia:
3319 931 3422 984 im-

1837 1009 2084 1064 mortalis
2113 1011 2400 1068 exsistant.

1907 1097 1999 1154 IX.
2042 1100 2196 1155 Scire
2224 1117 2446 1173 quoque
2494 1119 2590 1161 vos
2619 1106 2763 1171 volo,
2797 1107 2945 1176 quod
2980 1107 3139 1165 Jesus
3171 1109 3424 1167 Christus

1833 1186 2094 1245 Dominus
2125 1203 2311 1247 uoster
2339 1192 2653 1264 ipse-Patris
2680 1210 2843 1254 verus
2875 1207 2964 1253 est
2989 1213 3202 1265 sensus,
3229 1202 3283 1254 in
3315 1215 3424 1270 quo

1833 1282 2013 1335 omnis
2061 1282 2340 1350 plenitudo
2377 1286 2543 1339 totius
2587 1295 2796 1343 natura;
2849 1290 3192 1346 rationabilis
3225 1290 3418 1347 ell'ecta

1833 1382 1941 1437 est,
1975 1389 2163 1427 eorum
2218 1376 2457 1432 maxime
2485 1379 2576 1448 Qui
2625 1389 2756 1435 sunt
2802 1381 3026 1452 imagini
3055 1383 3175 1452 ejus
3207 1385 3424 1440 confor-

1835 1476 1952 1516 mes
1987 1461 2188 1528 elIecti,
2227 1474 2390 1532 caput
2422 1467 2589 1520 totius
2616 1478 2881 1526 creaturas
2913 1481 2968 1526 et
3001 1489 3200 1544 corpus
3226 1473 3418 1532 Eccle-

1834 1551 1948 1607 siae.
1993 1549 2126 1605 Nam
2175 1561 2231 1606 et
2282 1553 2488 1609 idcirco
2533 1571 2634 1611 nos
2665 1572 2854 1614 omnes
2881 1561 3112 1616 membra
3158 1579 3338 1618 sumus
3368 1565 3426 1620 in

1832 1641 2146 1696 alterutrum
2181 1655 2229 1698 et
2281 1661 2469 1713 corpus
2521 1645 2720 1701 Christi
2735 1648 2828 1700 ":
2876 1649 2988 1704 Nec
3040 1660 3208 1721 potest
3254 1655 3427 1709 dicere

1834 1743 1989 1803 caput
2025 1735 2280 1804 pedibus:
2299 1734 2422 1792 Non
2451 1739 2596 1794 vobis
2627 1740 2792 1796 habeo
2819 1758 2946 1812 opus
2957 1760 2979 1810 ;
3017 1745 3110 1800 sed
3137 1745 3186 1799 si
3223 1748 3428 1815 patitur

137 1839 254 1878 mus
285 1826 472 1880 vestiti
507 1827 834 1896 gravissimo
877 1843 1104 1900 corpore
1145 1833 1271 1898 isto,
1322 1835 1504 1890 alieno
1539 1837 1735 1890 invita-
1767 1823 1810 1880 Β
1838 1841 2002 1879 unum
2048 1828 2362 1894 ηιεηιὺνιηην
2408 1839 2579 1885 tOtum
2623 1849 2814 1902 εονριιε
2856 1845 3096 1890 movetur
3126 1853 3246 1892 cum
3285 1855 3345 1893 ϐο
3376 1849 3426 1894 ει

134 1928 319 1970 mento
362 1918 690 1974 suscitemus
738 1920 906 1976 Deum
952 1922 1004 1977 in
1054 1925 1236 1990 nobis,
1274 1935 1333 1981 ut
1370 1927 1474 1983 hoc
1513 1938 1734 1999 agentes

133 2010 583 2084 commendemus
628 2011 775 2066 illam
825 2013 971 2069 circa
1010 2031 1108 2072 nos
1147 2018 1412 2074 honorum
1461 2021 1730 2076 viscerum

132 2102 459 2158 essentiam.
485 2102 600 2156 Non
655 2116 834 2160 autem
863 2106 1035 2161 simus
1066 2111 1426 2180 nosmetipsos
1457 2123 1730 2179 amantes,

130 2195 213 2247 sin
263 2195 472 2260 minus,
524 2193 742 2250 illorum
790 2198 1152 2256 inconstantis
1200 2203 1468 2272 portionis
1500 2205 1728 2261 erimus.

131 2283 270 2340 Nam
302 2286 398 2356 qui
442 2289 757 2357 cegnoverit
811 2292 1191 2361 semetipsum,
1223 2295 1504 2352 universos
1529 2313 1734 2370 cogno-

131 2377 228 2432 vit.
269 2376 399 2432 Ideo
433 2387 489 2432 et
529 2379 792 2448 scriptum
840 2390 926 2435 est
951 2399 967 2436 :
996 2382 1101 2448 Qui
1132 2385 1329 2438 vocavit
1359 2401 1424 2440 ea:
1453 2389 1638 2455 nihilo,
1675 2399 1732 2444 nt

129 2479 298 2522 essent
343 2471 591 2526 cnnrta’.
642 2470 755 2528 Hoc
785 2484 969 2528 autem
1015 2473 1282 2542 dicentes,
1319 2478 1633 2548 signiﬁcant
1667 2485 1735 2538 de

133 2561 376 2614 sensuali
410 2571 626 2626 natura,
676 2578 798 2633 qua).
831 2565 1043 2620 occulta
1072 2575 1156 2621 est
1183 2567 1237 2622 in
1266 2568 1368 2625 hoc
1393 2573 1733 2643 corruptibili

132 2667 387 2722 corpore,
425 2661 675 2709 exStante
723 2654 777 2709 in
829 2655 1121 2726 principio,
1157 2655 1489 2730 inerepauda
1531 2665 1599 2718 ab
1643 2681 1730 2720 eo.

132 2747 236 2798 Aut
262 2747 359 2816 qui
396 2747 639 2815 potuerit
669 2747 894 2820 diligere
929 2750 1322 2822 semetipsum,
1370 2753 1729 2812 nihilominus

134 2838 322 2909 ditiget
351 2855 562 2894 omnes.

209 2930 350 2984 Vlll.
381 2929 710 2987 Charissimi
743 2931 891 2988 lilioli
922 2935 1051 3003 mei,
1081 2951 1266 3006 quaeso
1296 2953 1394 2993 vos
1423 2948 1483 2995 ut
1518 2956 1623 2995 non
1658 2941 1736 2996 la-

132 3023 362 3090 boretis,
399 3039 577 3094 neque
619 3023 922 3093 fatigemiui
969 3024 1199 3080 invicem
1245 3028 1572 3098 diligentes;
1636 3035 1732 3090 sed

133 3117 311 3171 tollite
339 3132 546 3186 corpus
580 3131 689 3187 quo
713 3118 848 3173 estis
880 3118 1077 3183 induti,
1110 3129 1163 3174 et
1191 3120 1355 3176 facite
1383 3123 1513 3178 illud
1539 3124 1730 3190 altare,

133 3222 405 3278 ponentes
448 3210 682 3280 desuper
716 3224 934 3265 omnem
980 3211 1431 3268 deliberationem
1464 3226 1732 3284 vestram,

135 3317 476 3372 oxuncmque
507 3303 804 3373 malignum
838 3302 1164 3358 instructum
1195 3304 1484 3374 relinquite
1521 3307 1571 3362 in
1605 3324 1734 3363 cou-

132 3408 323 3466 spectn
377 3395 614 3449 Domini.
661 3394 919 3451 Extollite
969 3412 1162 3450 manus
1211 3398 1393 3453 cordis
1446 3401 1613 3454 vestri
1664 3399 1733 3454 ad

127 3503 255 3542 eum
293 3488 374 3553 ";
428 3487 482 3541 id
530 3496 613 3542 est
661 3501 855 3542 sensus
903 3489 1236 3558 agendorum
1271 3507 1284 3543 :
1316 3500 1373 3545 et
1425 3494 1731 3560 precamiui

133 3580 304 3635 Deum
332 3580 576 3636 utdonet
608 3579 761 3636 vobis
805 3580 953 3636 illum
996 3582 1323 3640 invisibilem
1374 3593 1431 3639 et
1478 3601 1730 3656 magnum

135 3676 339 3745 ignem,
381 3674 474 3745 qui
520 3673 857 3730 descendens
882 3676 1100 3731 ccelitus
1131 3679 1383 3734 comedat
1416 3679 1587 3734 altare
1608 3681 1650 3712 ¹¹
1679 3689 1734 3736 et

131 3769 319 3823 omnia
369 3783 492 3837 qua:
539 3767 594 3822 in
640 3783 735 3835 eo;
783 3769 1133 3838 universique
1161 3772 1475 3829 sacerdotes
1501 3771 1731 3839 Baalim,

132 3862 220 3931 qui
247 3860 476 3932 quidem
517 3861 793 3916 exsistunt
823 3859 1168 3931 operationes
1208 3863 1471 3932 adversm,
1507 3867 1734 3921 timeant

135 3953 412 4024 fugientes
456 3969 486 4008 a
539 3953 682 4010 facie
722 3965 929 4022 vestra,
958 3957 1412 4023 quemadmodum
1448 3959 1579 4014 Elia:
1607 3975 1736 4030 pro-

134 4045 336 4115 phetae.
366 4045 520 4102 Tunc
547 4047 762 4100 demum
793 4044 1046 4100 videbitis
1076 4047 1361 4119 vestigium
1407 4051 1643 4106 hominis
1681 4054 1734 4106 in

134 4138 272 4192 mari
324 4138 607 4193 adducens
645 4137 935 4209 specialem
985 4138 1236 4204 imbrem,
1270 4142 1412 4210 quod
1446 4155 1531 4198 est
1568 4143 1737 4198 Para-

134 4235 256 4289 cleti
311 4231 556 4303 Spiritus
596 4235 920 4291 consolatio.
966 4237 1316 4293 Dilectissimi
1362 4237 1465 4291 mei
1521 4238 1634 4292 nati
1679 4239 1732 4293 in

135 4323 392 4392 Domino,
443 4325 540 4380 lilii
587 4325 842 4382 Israelita:
888 4330 1248 4395 sanctissimi,
1297 4345 1404 4384 non
1461 4344 1601 4398 opus
1648 4341 1736 4385 est

133 4417 441 4472 beatiﬁcari
474 4432 764 4488 corporum
809 4431 1119 4476 nostrorum
1168 4421 1434 4476 vocabula
1472 4421 1736 4476 transitu-

135 4526 228 4573 ra;
276 4525 380 4564 nec
415 4509 558 4565 enim
607 4511 870 4581 ignoratis
913 4514 1238 4570 charitatem
1275 4529 1436 4583 quam
1477 4514 1735 4574 habeoin

135 4605 315 4671 vobis,
341 4603 471 4673 quia
498 4619 602 4658 non
630 4614 710 4658 est
733 4605 976 4660 charitas
1004 4605 1332 4674 corporalis,
1358 4607 1454 4662 sed
1478 4606 1737 4676 spiritua-

134 4698 199 4752 lis
237 4707 291 4752 et
322 4711 515 4750 amans
547 4697 734 4751 Deum.
772 4697 984 4765 Dilecti,
1030 4700 1082 4754 in
1114 4699 1216 4754 hoc
1256 4709 1312 4754 et
1335 4698 1549 4769 repleor
1589 4699 1734 4768 quod

132 4787 424 4843 beatitudo
458 4785 612 4842 vobis
662 4785 806 4843 facta
856 4787 927 4843 sit
971 4789 1026 4845 in
1071 4799 1316 4860 tempore
1364 4789 1489 4845 isto.
1537 4788 1733 4844 Sermo

131 4883 304 4953 igitur
331 4881 491 4937 vobis
522 4882 755 4938 exsistat
783 4883 972 4954 judex,
1015 4901 1081 4940 ac
1119 4900 1226 4940 non
1283 4886 1571 4942 aestimetis
1601 4901 1732 4955 per-

129 4974 338 5030 fe‘ctum
383 4983 628 5028 vestrum
675 4975 1006 5030 institutum.
1051 4975 1204 5042 Quod
1260 4985 1344 5033 est
1397 4992 1530 5047 ergo
1576 4977 1736 5032 obse-

129 5066 324 5135 quium
361 5065 478 5131 Dei,
516 5074 760 5121 nostram
811 5067 864 5122 in
903 5076 1114 5122 tantum
1167 5070 1541 5139 operationem
1589 5069 1720 5124 exsi-

128 5157 317 5214 stere?
348 5155 458 5212 Sed
487 5166 574 5212 est
602 5157 778 5213 virtus
811 5158 1060 5228 quaedam
1089 5174 1392 5228 cooperans
1426 5159 1736 5215 vobis.Cer-

130 5260 318 5304 tantes
345 5251 533 5317 itaque
565 5263 664 5305 vos
697 5249 845 5320 ipsos
885 5251 1075 5320 o/ferre
1104 5252 1330 5306 hostiam
1361 5251 1471 5307 Deo
1493 5255 1560 5320 ",
1595 5259 1734 5308 cou-

128 5345 285 5398 tinue
322 5341 564 5411 praebete
601 5343 918 5410 cooperanti
962 5343 1117 5399 vobis
1166 5344 1356 5399 virtuti
1399 5354 1456 5399 et
1489 5346 1732 5412 requiem

128 5435 337 5489 Christi
365 5433 520 5498 Jesu,
545 5436 806 5504 quoniam
840 5436 992 5490 unita
1026 5444 1114 5490 est
1137 5437 1392 5493 universo
1415 5447 1735 5493 sanctorum

125 5528 332 5594 choro,
369 5529 465 5584 sed
493 5535 549 5582 et
578 5528 711 5582 mihi
743 5528 1039 5583 deterrimo
1072 5528 1340 5583 habitanti
1375 5530 1427 5583 in
1456 5529 1559 5585 hac
1588 5529 1737 5587 lutea

210 5727 233 5758 ⁹
266 5725 397 5794 Stp.
434 5742 470 5784 1.
521 5726 608 5781 14.

127 5798 183 5830 ⁸⁸
213 5799 348 5853 ibid.
383 5798 472 5859 2i,
507 5799 599 5853 ‘36.

723 5727 768 5757 ¹⁰
805 5725 946 5781 Psei.
1001 5741 1228 5790 cxxxtn,

681 5799 720 5829 ”‘
763 5798 862 5851 lse.
914 5812 1046 5860 Litt,
1110 5794 1154 5852 9,

1769 4544 1818 4604 D

1440 5727 1479 5800 tt
1531 5726 1590 5778 ιιι
1634 5725 1959 5800 ηεεηχνιιι,
1998 5729 2066 5784 58
2100 5745 2252 5800 δρψ]-

1265 5799 1308 5829 “‘
1347 5796 1488 5852 Psal.
1531 5796 1734 5861 rxxxt,’
1766 5799 1819 5854 ι.
2180 5796 2193 5800 ’
2218 5796 2244 5814 ’”

1833 1919 2035 1986 patitur
2057 1918 2122 1973 η.
2164 1919 2538 1978 Alienatorum
2581 1939 2710 1979 vero
2756 1928 3126 1984 membrorum
3175 1931 3428 1999 corporis

1834 2023 1954 2077 quae
1987 2010 2204 2080 proprio
2249 2027 2355 2067 non
2413 2024 2541 2069 sunt
2584 2017 2746 2086 capiti
2783 2021 3013 2086 sociata,
3049 2024 3143 2076 sed
3193 2021 3427 2079 fteditati

1833 2101 2040 2168 dedita,
2074 2113 2298 2173 propter
2323 2107 2572 2177 proprias
2605 2107 2888 2165 libidinum
2917 2112 3239 2180 passiones;
3277 2113 3423 2170 irre-

1835 2194 2142 2251 mediahilis
2176 2213 2364 2268 eorum
2400 2199 2591 2256 ellecta
2623 2203 2915 2272 est'plaga,
2939 2204 3064 2273 quia
3094 2205 3425 2260 oblivionem

1835 2300 2164 2359 acceperunt
2195 2293 2448 2363 principii
2482 2303 2647 2364 atque
2682 2295 2826 2351 linis.
2869 2295 2923 2350 In
2959 2312 3067 2366 quo
3107 2306 3164 2352 et
3207 2305 3425 2352 creatu-

1836 2389 2021 2430 rarum
2055 2379 2294 2446 genitor,
2333 2381 2635 2438 visceribus
2678 2393 2857 2438 motus
2896 2400 2994 2454 pro
3038 2385 3194 2455 plaga
3232 2397 3422 2443 nosua

1835 2483 1957 2536 qua:
1990 2471 2173 2525 sanari
2203 2488 2310 2527 non
2357 2484 2574 2542 poterat
2601 2477 2701 2532 nisi
2739 2493 2837 2546 per
2863 2479 3035 2536 solam
3069 2480 3238 2550 ipsius
3273 2479 3427 2537 boni-

1835 2569 2026 2627 tatem,
2082 2565 2230 2618 misit
2268 2565 2617 2636 Uuigeuitum
2657 2571 2831 2632 nobis.
2867 2581 2925 2624 ut
2960 2587 3058 2640 per
3099 2573 3424 2629 servitutem

1836 2664 2104 2720 nostram,
2144 2657 2422 2713 servitutis
2452 2672 2757 2716 assumeret
2792 2661 3046 2726 formam,
3083 2666 3431 2736 traderetque

1835 2760 1895 2801 se
1948 2763 2044 2815 pro
2075 2750 2318 2818 peccatis
2351 2753 2573 2807 nostris.
2617 2753 2682 2806 Et
2726 2764 2946 2822 peccata
2984 2755 3206 2826 quidem
3240 2767 3428 2811 nostra

1838 2839 2268 2897 humiliaverunt
2296 2858 2444 2909 eum,
2466 2843 2562 2898 sed
2593 2845 2758 2900 livore
2781 2851 2894 2915 ejus
2925 2865 3017 2903 nos
3047 2866 3224 2906 omnes
3247 2852 3428 2906 sanati

1835 2947 2019 2987 sumus
2044 2934 2110 2988 “'.
2145 2933 2246 2989 llic
2282 2937 2632 3007 congregaﬁt
2657 2952 2756 2992 nos
2791 2953 2860 2992 ex
2907 2939 3160 2995 omnibus
3200 2941 3433 3010 regioni-

1839 3021 1962 3087 bus,
2002 3037 2287 3094 usquequo
2337 3026 2800 3082 resurrectionem
2835 3029 3076 3084 cordium
3113 3041 3426 3086 nostrorum

1839 3116 1906 3168 de
1953 3124 2096 3168 terra
2151 3117 2376 3183 faceret,
2430 3117 2630 3173 docens
2683 3131 2909 3175 cunctos
2954 3137 3058 3176 nos
3101 3123 3265 3176 unius
3309 3136 3432 3178 esse

1841 3207 2160 3262 substantia:
2192 3217 2245 3262 et
2277 3209 2518 3263 membra
2555 3211 2900 3266 alterutrum.
2937 3212 3228 3282 Propterea
3258 3213 3424 3269 debe-

1844 3313 1964 3352 mus
2001 3299 2229 3369 diligere
2260 3300 2631 3368 vehementer,
2661 3302 2785 3371 quia
2822 3304 3138 3373 quicunque
3182 3305 3434 3361 dilexerit

1841 3393 2173 3462 proximum,
2210 3393 2396 3461 diliget
2425 3394 2661 3448 animam
2683 3396 2990 3465 propriam.

1914 3482 1982 3536 Χ.
2012 3483 2080 3537 Ει
2108 3485 2197 3539 hic
2228 3499 2412 3540 sermo
2449 3483 2767 3541 manifestus
2799 3488 2871 3542 sit
2908 3488 3083 3553 vobis,
3119 3487 3431 3545 charissimi

1842 3577 1958 3632 nati
1995 3576 2047 3630 in
2094 3576 2345 3644 Domino,
2381 3578 2476 3632 ﬁlii
2517 3577 2779 3635 lsraelita:
2823 3580 3022 3645 sancti,
3055 3581 3146 3651 qui
3193 3582 3433 3650 parastis

1841 3669 2205 3740 vosmetipsos
2279 3671 2347 3724 ad
2416 3672 2582 3726 Deum
2646 3673 2762 3736 ire,
2821 3671 3022 3731 olierre
3071 3673 3433 3744 vosmetipsos

1844 3764 2079 3818 hostiam
2113 3765 2219 3818 Deo
2244 3763 2296 3817 in
2328 3764 2478 3817 omni
2505 3765 2820 3831 sanctitate,
2849 3763 3104 3834 quoniam
3135 3773 3426 3834 necpotesl

1844 3857 2218 3912 luere-ditatem
2271 3870 2470 3926 capere
2514 3856 2787 3927 quispiam
2824 3857 2944 3912 siue
2978 3855 3290 3912 sanctitate.
3324 3855 3435 3911 Aut

1844 3950 2088 4020 nunquid
2123 3951 2409 4020 ignoratis,
2439 3950 2804 4015 dilectissimi,
2826 3951 2970 4020 quod
2997 3949 3295 4005 adversarii
3321 3949 3431 4004 viro

1847 4041 1978 4095 tutis
2038 4041 2257 4096 veritati
2304 4055 2522 4110 semper
2553 4041 2921 4097 insidiantur?
2946 4040 3012 4096 Et
3044 4042 3272 4107 idcirco,
3303 4039 3436 4096 cha-

1844 4135 2070 4198 rissimi,
2101 4136 2393 4190 observate
2417 4148 2484 4189 ne
2511 4135 2658 4189 detis
2685 4133 2862 4190 oculis
2889 4150 3162 4202 somnum,
3194 4143 3287 4188 aut
3314 4134 3434 4187 dor-

1843 4227 2187 4282 mitationem
2220 4226 2495 4296 palpebris
2529 4225 2598 4292 “,
2634 4224 3034 4295 proclamantes
3060 4225 3126 4279 ad
3152 4225 3430 4293 proprium

1842 4321 2196 4376 Conditorem
2229 4321 2314 4374 die
2331 4333 2402 4372 ac
2430 4328 2616 4383 nocte,
2645 4318 2694 4373 si
2729 4317 2869 4372 forte
2904 4317 3247 4387 regrediatur
3278 4313 3434 4369 vobis

1851 4412 2182 4481 adjutorium
2215 4412 2283 4466 ab
2320 4410 2574 4476 Excelso,
2604 4426 2714 4480 quo
2742 4417 3085 4480 protegente,
3119 4410 3227 4462 sint
3261 4407 3426 4461 corda

1848 4515 2031 4558 vestra
2066 4511 2122 4556 et
2169 4501 2531 4572 cogitationes
2580 4501 2634 4555 in
2671 4500 2912 4555 Christo.
2950 4498 3085 4553 Nam
3116 4513 3264 4562 vere,
3296 4513 3330 4552 ο
3373 4498 3434 4550 ll-

1843 4598 1983 4660 lioli,
2022 4598 2075 4651 in
2124 4599 2284 4651 domo
2329 4610 2518 4651 sumus
2555 4595 2784 4650 latronis
2823 4593 3228 4657 inhabitantes,
3275 4600 3330 4646 et
3377 4591 3432 4645 in

1841 4690 2078 4747 vinculis
2127 4688 2322 4744 mortis
2371 4698 2656 4744 exstamus
2701 4688 2889 4743 vincti.
2921 4687 3028 4742 Pro
3077 4697 3226 4743 certo
3268 4685 3432 4742 etiam

1843 4785 1970 4841 dico
2006 4783 2179 4848 vobis,
2211 4783 2358 4855 quod
2401 4792 2588 4838 nostra
2635 4781 2964 4851 negligentia
3003 4789 3059 4836 et
3104 4780 3432 4848 humiliatio,

1841 4889 2109 4936 extranea
2143 4879 2467 4942 commotio,
2493 4892 2597 4932 non
2629 4876 2788 4931 nobis
2811 4875 2945 4930 solis
2968 4884 3051 4930 est
3078 4873 3432 4941 detrimento,

1842 4973 1939 5030 sed
1989 4970 2196 5044 angelis
2245 4970 2399 5026 labor
2445 4969 2686 5033 exsistit,
2737 4976 2795 5022 et
2838 4967 3094 5022 omnibus
3126 4965 3330 5021 sanctis
3379 4965 3433 5019 in

1841 5066 2060 5122 Christo
2106 5064 2276 5131 Jesu,
2325 5064 2451 5134 quia
2515 5062 2755 5117 nondum
2818 5073 2995 5130 usque
3051 5058 3436 5134 requigverunt

1839 5168 2064 5230 propter
2086 5173 2208 5214 nos.
2233 5155 2403 5222 Vere,
2434 5157 2549 5212 nati
2581 5155 2712 5219 mei,
2744 5155 2861 5209 haec
2892 5161 3078 5208 nostra
3101 5149 3431 5213 humiliatio,

1843 5253 1956 5309 illis
1981 5252 2242 5307 omnibus
2272 5251 2499 5306 tristitia
2529 5259 2633 5312 est,
2660 5248 2804 5303 sicut
2838 5247 3034 5302 iterum
3059 5243 3210 5298 salus
3237 5251 3293 5298 et
3319 5241 3436 5313 glo-

1847 5345 2015 5400 riatio
2052 5355 2265 5410 nostra,
2307 5341 2732 5398 lmtilicationem
2767 5341 2847 5396 eis
2883 5355 2949 5395 ac
2976 5336 3221 5408 requiem
3252 5337 3433 5392 enmi-

1845 5437 1948 5494 btts
1999 5437 2227 5508 praebet,
2261 5447 2322 5491 ut
2355 5445 2535 5491 autem
2570 5433 2917 5504 cognoscatis
2957 5432 3083 5502 quia
3115 5429 3430 5499 benignitas

1846 5528 2026 5585 Patris
2058 5545 2165 5585 non
2200 5537 2398 5593 cessat,
2429 5543 2458 5581 a
2490 5543 2598 5598 quo
2628 5526 2797 5582 motio
2828 5525 2970 5580 facta
3000 5531 3108 5591 est,
3145 5519 3426 5576 benelicits

2360 5730 2400 5760 ”
2425 5727 2580 5782 Rom.
2621 5741 2715 5795 xu,
2762 5726 2810 5781 i.
2931 5725 2973 5756 ¹³
3007 5723 3022 5778 l
3056 5721 3173 5778 Cor.
3212 5714 3428 5788 1mm.
