3860 6342
411 299 518 358 987

1532 308 1802 365 PATRES
1837 307 2135 365 EGYPTII
2169 307 2440 366 δάκνω
2478 307 2568 364 IV.

3555 301 3662 358 988

411 417 644 473 fulciens
685 433 901 492 semper
933 438 1102 494 usque
1149 424 1203 480 in
1235 425 1576 494 hodiernum,
1616 439 1676 484 ut
1716 429 1984 484 obnoxios
2015 433 2062 490 Α
2089 429 2228 483 tuitu
2285 427 2610 482 alterutrum
2649 423 2968 494 pervidere;
3003 436 3126 478 cum
3179 419 3457 491 aufugerit
3486 420 3662 485 dolor,

415 509 621 565 faceret
642 525 742 566 nos
767 528 998 582 propria
1017 517 1199 582 morti,
1224 519 1478 586 quoniam
1509 520 1562 573 in
1588 531 1772 574 nostra
1796 533 1985 574 sumus

415 611 685 670 patestate
730 605 899 658 creati
933 622 949 658 :
981 606 1122 661 unde
1168 617 1222 662 et
1255 608 1334 662 illi
1376 610 1656 678 postulant
1693 625 1791 679 pro
1831 611 1987 666 nobis

421 708 660 764 semper.
713 695 855 751 sicut
902 698 1164 768 scriptum
1205 709 1289 754 est
1327 717 1340 753 :
1375 700 1630 756 lmmittet
1674 719 1728 757 se
1771 703 1987 772 angelus

417 781 630 836 Domini
679 783 736 838 in
794 785 1022 840 circuitu
1071 789 1364 843 timentium
1413 805 1571 856 eum,
1630 801 1678 844 et
1746 790 1986 844 liberabit

415 889 503 926 eos
541 874 605 927 ".

489 962 579 1018 Xl.
633 965 794 1035 Ergo,
846 966 1018 1032 ﬁlioli,
1064 968 1204 1024 scire
1245 984 1341 1023 vos
1381 969 1536 1034 volo,
1568 985 1630 1024 ex
1666 985 1773 1038 quo
1819 969 1989 1024 factus

417 1055 650 1109 mundus
673 1071 841 1126 usque
869 1074 1033 1126 nunc,
1062 1058 1315 1114 universa
1340 1075 1675 1130 quaecunque
1696 1071 1849 1116 extra
1877 1061 1986 1113 vir-

421 1154 598 1200 tutem
630 1146 880 1212 fuerunt,
916 1148 1178 1219 completa
1221 1150 1423 1205 malitia
1460 1153 1736 1220 ipsorum,
1783 1160 1836 1205 et
1889 1150 1987 1220 ipsi

422 1245 760 1305 cognoscunt
807 1252 866 1292 se
904 1239 1049 1293 inter
1097 1239 1238 1293 lilios
1279 1253 1401 1293 esse
1432 1238 1629 1294 diaboli
1681 1247 1986 1308 reputatos,

423 1335 711 1395 propterea
740 1328 885 1396 quod
920 1337 1185 1382 conantur
1229 1327 1797 1398 unicuiquenostrum
1835 1329 1986 1397 inge-

422 1431 546 1471 rere
577 1419 850 1487 propriam
876 1417 1228 1472 voluntatem.
1253 1417 1388 1472 Nam
1419 1395 1534 1488 pro.
1547 1429 1696 1474 certo
1718 1427 1820 1485 est,
1849 1395 1990 1488 quod

421 1521 545 1561 cum
581 1522 641 1562 se
676 1509 885 1562 noverit
919 1508 1166 1562 diabolus
1212 1523 1309 1576 per
1342 1508 1653 1578 superbiam
1688 1518 1741 1562 et
1772 1508 1989 1561 inanem

424 1595 655 1666 gloriam
695 1597 915 1653 caelitus
951 1597 1119 1654 fuisse
1149 1598 1455 1667 dejectum;
1493 1598 1614 1654 ideo
1650 1606 1706 1652 et
1761 1597 1848 1652 ille
1896 1611 1991 1652 eos

427 1689 522 1756 qui
555 1687 902 1756 pervenerint
929 1688 980 1741 in
1017 1704 1264 1760 magnam
1290 1705 1624 1755 mensuram,
1659 1690 1990 1760 aggreditur,

422 1776 480 1830 in
510 1777 700 1844 primis
727 1776 965 1833 artiﬁces
991 1779 1317 1833 exsistentes
1339 1794 1433 1848 per
1463 1779 1768 1850 superbiam
1793 1789 1846 1834 et
1877 1781 1994 1834 ina-
2025 1761 2068 1819 Β

422 1881 550 1922 nem
605 1866 854 1938 gloriam.
914 1879 972 1924 ut
1023 1871 1135 1924 sint
1186 1871 1474 1926 adversum
1535 1885 1595 1926 se
1650 1871 1995 1939 alterutrum,

425 1959 663 2015 scientes
695 1963 835 2029 quod
864 1974 960 2031 per
992 1962 1092 2016 ista
1119 1971 1404 2032 segregent
1430 1977 1526 2017 nos
1552 1977 1582 2016 a
1614 1964 1744 2019 Deo.
1773 1962 1837 2017 Et
1867 1963 1996 2033 quia

423 2059 692 2105 noverunt
721 2052 862 2120 quod
911 2051 1003 2121 qui
1049 2052 1342 2109 dilexerint
1380 2054 1713 2124 proximum,
1761 2055 1996 2126 diligant

426 2139 617 2206 Deum,
662 2140 784 2196 ideo
827 2148 881 2198 et
914 2142 990 2197 illi
1024 2158 1146 2199 cum
1197 2145 1306 2200 sint
1339 2145 1556 2200 virtutis
1593 2145 1834 2212 inimici,
1867 2162 1996 2216 pro-

425 2231 602 2301 prium
628 2235 896 2288 seminant
923 2234 1170 2291 fomitem
1195 2237 1599 2296 simulationum
1627 2237 1681 2292 in
1712 2238 1875 2293 corde
1903 2252 1999 2292 no-

425 2330 562 2389 stro,
595 2333 656 2379 ut
680 2325 1052 2394 possideamus
1077 2327 1418 2384 inimicitiam
1450 2343 1701 2399 magnam
1731 2329 1999 2384 adversus

427 2417 774 2487 alterutrum,
804 2435 871 2476 ne
901 2420 983 2475 vel
1012 2420 1078 2476 de
1119 2422 1274 2493 longe
1309 2422 1563 2492 proximo
1601 2421 1996 2491 colloquamur.

429 2509 487 2565 ln
527 2519 696 2565 totum
731 2525 878 2576 vere,
917 2510 1087 2577 ﬁlioli,
1129 2512 1248 2568 volo
1281 2527 1377 2568 vos
1424 2513 1584 2568 etiam
1623 2513 1764 2568 istud
1798 2527 2000 2584 cogno-

427 2615 605 2667 scere,
633 2615 754 2657 esse
794 2601 1222 2672 quamplurimos
1287 2603 1378 2673 qui
1420 2603 1782 2658 sustinuerint
1829 2602 2002 2658 maxi.

430 2711 573 2748 mum
604 2703 880 2749 certamen
929 2696 982 2749 in
1024 2697 1438 2752 conversatione
1477 2695 1856 2762 sanctissima;
1906 2696 2005 2751 sed.

433 2783 750 2839 indiscretio
777 2785 1050 2841 interfecit
1085 2802 1200 2843 eos.
1231 2785 1390 2854 Vere,
1416 2787 1587 2852 ﬁlioli,
1620 2787 1746 2857 quia
1777 2801 1886 2841 non
1918 2793 2004 2840 est

430 2881 640 2929 tantum
685 2876 988 2932 mirandum
1017 2879 1061 2933 si
1091 2877 1372 2948 negligatis
1408 2879 1801 2946 vosmetipsos,
1833 2891 2004 2946 quan-

435 2979 549 3022 tum
584 2967 630 3023 si
663 2982 766 3022 non
797 2969 1169 3024 discernentes
1199 2967 1473 3038 proprium
1504 2981 1638 3036 opus
1666 2966 1918 3024 incidatis
1948 2967 2002 3021 in

442 3073 762 3154 mensuram
789 3057 1010 3125 diaboli,
1041 3059 1369 3154 arbitrantes
1399 3057 1540 3126 quod
1571 3057 1682 3125 jam
1711 3057 1874 3113 vicini
1905 3057 1998 3112 Dei
2028 3095 2071 3154 Ο

435 3147 560 3203 sitis
589 3148 796 3215 effecti;
826 3159 879 3204 et
905 3157 1284 3219 exspectantes
1307 3146 1503 3204 fortem
1530 3147 1726 3215 lucem,
1760 3148 1999 3204 tenebris

432 3241 793 3311 occupemini.
820 3241 957 3308 Quid
986 3242 1132 3297 enim
1154 3241 1375 3296 omnino
1398 3241 1572 3296 fuerat
1598 3256 1755 3310 opus,
1785 3249 1842 3295 ut
1865 3255 2003 3310 prae-

434 3331 664 3400 cingens
695 3345 755 3386 se
782 3329 940 3386 Jesus
973 3329 1141 3385 linteo
1171 3344 1235 3385 ac
1277 3344 1484 3399 ponens
1521 3329 1741 3400 pelvim,
1780 3328 2006 3385 inferio-

438 3435 560 3476 rum
593 3435 652 3476 se
684 3420 889 3476 lavaret
921 3419 1088 3489 pedes
1114 3419 1194 3473 ἐἳ
1230 3419 1337 3474 Sed
1370 3419 1673 3488 exemplum
1704 3419 1844 3474 istud
1874 3418 2007 3474 eﬁ‘e-

434 3512 531 3574 cit,
557 3511 872 3580 signiﬁcans
920 3512 987 3566 de
1029 3510 1378 3566 conversuris
1422 3510 1488 3563 ad
1541 3510 1818 3580 proprium
1874 3508 2004 3562 illud

435 3617 840 3674 supernumque
902 3603 1226 3673 principium
1268 3619 1284 3654 :
1321 3601 1536 3656 initium
1585 3602 2008 3672 quippemotus

435 3695 685 3766 superbia
722 3693 954 3757 exsistit,
987 3709 1104 3763 quae
1133 3693 1274 3749 facta
1298 3701 1381 3748 est
1413 3692 1468 3748 in
1516 3693 1724 3763 primis.
1762 3693 1829 3746 Et
1861 3707 1925 3746 ne
1959 3692 2007 3749 si

440 3802 629 3842 rursus
664 3795 784 3856 post
815 3784 983 3840 multa
1025 3784 1333 3841 confoderis
1381 3785 1437 3838 in
1473 3784 1636 3838 corde
1685 3792 1796 3848 tuo,
1833 3793 1887 3838 et
1952 3783 2006 3837 in

441 3888 552 3934 tota
577 3879 756 3932 anima
789 3888 901 3944 tua,
939 3888 996 3932 ct
1017 3878 1072 3932 in
1098 3887 1215 3931 toto
1239 3877 1432 3945 spiritu
1463 3885 1576 3939 tuo,
1611 3875 1663 3928 in
1697 3884 1805 3930 tota
1842 3875 2006 3929 etiam

441 3968 620 4023 anima
664 3977 719 4021 et
764 3981 990 4037 corpore
1031 3975 1142 4021 toto
1179 3984 1194 4020 :
1233 3981 1339 4020 non
1381 3963 1585 4034 poteris
1641 3963 2006 4020 baereditatem

439 4073 636 4130 capere
668 4059 818 4128 regni
854 4057 969 4112 Dei.
1676 4118 1678 4120 ν

509 4146 624 4203 Xll.
678 4150 838 4213 Vere,
887 4147 1039 4203 ﬁlioli
1071 4146 1175 4202 mei
1207 4145 1263 4201 in
1297 4144 1548 4208 Domino,
1577 4159 1762 4214 quaso
1788 4145 2012 4204 Creatov

441 4257 556 4298 rem
593 4257 770 4296 meum
805 4241 890 4296 die
929 4256 994 4295 ac
1037 4249 1214 4303 nocte,
1264 4254 1293 4292 a
1323 4252 1431 4307 quo
1465 4247 1520 4293 et
1561 4238 1734 4293 habeo
1760 4239 2010 4307 spiritum

440 4332 873 4389 commendatum
895 4372 910 4398 ,
945 4339 1002 4385 ut
1034 4331 1242 4400 aperiat
1275 4329 1464 4385 oculos
1509 4329 1690 4386 cordis
1731 4329 1894 4384 vestri
1943 4331 2009 4385 ad

440 4426 874 4498 cognoscendam
919 4423 1538 4480 dilectionem'nostram
1577 4437 1607 4476 a
1643 4422 1816 4487 vobis,
1848 4437 2009 4492 quam

441 4523 617 4577 habeo
648 4535 775 4590 erga
807 4533 926 4582 vos,
963 4527 1017 4572 et
1048 4526 1106 4571 ut
1149 4516 1410 4587 patefiant
1448 4515 1663 4570 auditus
1695 4514 1890 4570 animae
1923 4530 2016 4571 ve-

441 4623 569 4667 strte
635 4612 701 4665 ad
766 4609 1203 4679 conspiciendam
1271 4606 1642 4662 confusionem
1714 4607 2012 4677 propriam.

443 4703 706 4773 Quisquis
735 4703 940 4758 etenim
973 4700 1287 4771 cognoverit
1325 4698 1560 4753 dedecus
1589 4711 1768 4760 suum,
1803 4697 1889 4751 hic
1915 4699 2012 4751 de-

444 4810 594 4849 mum
624 4793 865 4862 requiret
893 4801 948 4846 et
973 4791 1200 4845 electam
1224 4789 1449 4859 gloriam
1487 4802 1663 4842 suam.
1693 4787 1759 4841 Et
1783 4788 2015 4858 quicun-

445 4899 552 4954 que
580 4881 894 4952 cegnoverit
932 4879 1207 4949 pr0priam
1254 4884 1508 4940 mortem,
1554 4877 1657 4931 iste
1695 4877 1892 4952 iterum
1925 4892 2020 4932 co-

447 4984 670 5047 gnoscet
703 4975 867 5029 etiam
896 4987 1046 5026 suam
1075 4979 1335 5026 (sternam
1366 4969 1553 5023 vitam.
1589 4967 1757 5032 Quasi
1790 4967 2020 5037 pruden-

454 5069 597 5122 tibus
633 5069 820 5135 loquor
855 5066 924 5131 ",
951 5067 1080 5118 vere
1137 5061 1310 5125 ﬁlioli,
1340 5061 1464 5130 quia
1491 5060 1654 5114 timeo
1679 5074 1748 5116 ne
1769 5059 1909 5115 forte
1936 5059 2021 5114 fa-

450 5175 568 5214 mes
600 5173 700 5213 uos
722 5154 1153 5226 comprehendat
1182 5153 1239 5207 in
1263 5152 1375 5217 via,
1412 5161 1466 5205 ct
1505 5151 1557 5204 in
1585 5151 1702 5206 loco
1735 5166 1844 5221 quo
1871 5161 2023 5221 pote-

452 5264 638 5304 ramus
663 5249 862 5304 dlvites
892 5247 1010 5301 ﬁeri
1041 5247 1087 5300 si
1118 5243 1362 5300 velimus.
1397 5243 1650 5298 Volebam
1683 5254 1810 5297 ante
1840 5244 2023 5301 videre

454 5354 556 5395 vos
584 5341 651 5394 ad
679 5341 874 5395 faciem
907 5339 960 5392 in
998 5352 1245 5409 corpore,
1274 5335 1367 5391 sed
1395 5335 1503 5405 jam
1533 5346 1789 5405 exspecto
1812 5344 2022 5407 tempus

453 5432 598 5504 quod
634 5440 722 5488 est
759 5445 947 5501 prope,
982 5430 1038 5486 in
1070 5443 1178 5502 quo
1209 5428 1480 5500 possimus
1514 5442 1581 5483 ex
1615 5429 1732 5497 ipso
1759 5441 1858 5482 nos
1891 5442 2023 5483 con-

531 5638 574 5670 "
595 5637 738 5694 Psal.
762 5652 956 5699 xxxtn.
991 5637 1041 5691 8.
1129 5637 1170 5668 "’
1207 5635 1365 5692 Joan.
1403 5653 1523 5701 xm,
1571 5639 1624 5700 lt,
1671 5639 1720 5690 5.

458 5722 579 5780 vttt,
610 5707 664 5764 9.
740 5708 786 5744 ³³
826 5708 869 5765 ll
907 5707 1033 5765 Cor.
1064 5723 1115 5777 ν,
1148 5707 1235 5775 16,
1282 5707 1363 5762 l7.
1444 5709 1486 5740 ³³
1526 5708 1700 5764 lCor.
1748 5723 1837 5775 xv,
1877 5708 1967 5763 22.

1817 5638 2142 5719 "j_Cor_._x.
2325 5635 2372 5668 ⁸ο
2410 5635 2576 5719 Apoc.
2608 5647 2720 5698 xxi,
2752 5630 2807 5685 4.

2045 5709 2088 5741 ³⁸
2165 5706 2277 5762 Jocl
2310 5721 2372 5771 ll,
2409 5705 2495 5760 l5.

2092 519 2314 573 tristitia
2349 532 2415 572 ac
2444 515 2679 586 gemitus
2709 515 2780 578 ³ο,
2815 528 3048 583 cumque
3081 525 3244 580 super
3277 521 3447 581 caput
3478 512 3663 566 exsul-

2090 608 2226 662 tatio
2267 607 2538 662 exstiterit
2585 604 2987 659 universorum.
3033 602 3204 657 Erant
3239 609 3294 657 et
3346 600 3455 655 alia
3502 600 3662 654 multa

2085 716 2208 770 quae
2243 699 2403 755 velim
2452 699 2662 763 dicere;
2695 697 2792 752 sed
2844 697 2892 752 si
2927 696 3128 752 dedero
3172 693 3525 749 occasionem
3580 706 3660 745 ss-

2087 792 2252 861 pienti
2280 791 2580 861 sapientior
2609 790 2716 845 erit
2734 791 2802 846 '1.
2832 787 3024 843 Saluto
3055 787 3247 840 omnes
3269 781 3669 840 desideratissi-

2089 898 2206 938 mos
2233 898 2383 939 meos
2410 892 2464 937 et
2494 889 2650 936 natos
2678 879 2732 933 in
2767 879 3019 943 Domino,
3053 892 3151 947 per
3180 890 3404 931 nomen.

2647 969 2980 1026 EPISTOLA
3020 969 3105 1024 Ill.

2160 1062 2202 1118 I.
2238 1064 2398 1119 Scitis
2432 1063 2658 1133 gratiam
2691 1062 2896 1115 Domini
2932 1061 3093 1114 nostri
3122 1059 3251 1115 Jesu
3278 1059 3507 1124 Christi,
3532 1060 3666 1127 quod

2089 1165 2302 1226 propter
2336 1170 2431 1208 nos
2478 1169 2678 1222 pauper
2713 1152 2887 1221 factus
2931 1160 3008 1205 est
3043 1167 3161 1205 cum
3207 1151 3357 1203 diues
3409 1163 3578 1212 esset,
3614 1158 3664 1200 ut

2092 1263 2184 1301 nos
2224 1254 2530 1316 paupertate
2571 1243 2716 1298 illius
2761 1243 3054 1295 ditaremur
3090 1241 3168 1306 ης
3223 1239 3462 1294 servitus
3489 1247 3666 1292 autem

2100 1335 2245 1391 illius
2271 1332 2524 1389 liberavit
2551 1346 2671 1397 nos,
2704 1340 2759 1386 et
2794 1329 3078 1385 inﬁrmitas
3108 1328 3228 1398 ejus
3261 1325 3550 1382 constituit
3577 1340 3666 1377 va-

2093 1425 2257 1481 lidos.
2295 1423 2533 1480 Stultitia
2562 1424 2708 1478 illius
2741 1438 2839 1477 nos
2868 1421 3145 1490 sapientes
3173 1418 3375 1482 effecit,
3405 1418 3451 1472 si
3487 1428 3665 1471 tamen

2097 1517 2318 1579 iterum,
2356 1530 2454 1586 per
2487 1525 2712 1570 mortem
2751 1514 3051 1584 propriam,
3089 1510 3547 1566 resurrectionem
3585 1507 3667 1562 fa-

2093 1607 2204 1662 ciat
2255 1615 2520 1669 nostram,
2559 1614 2618 1659 ut
2653 1604 2708 1659 in
2744 1605 2847 1659 hac
2877 1604 3147 1672 possimus
3181 1616 3364 1655 vocem
3415 1612 3665 1668 magnam

2094 1697 2306 1754 elevare
2344 1697 2585 1752 dicentes
2626 1714 2639 1750 :
2687 1694 2917 1750 Tametsi
2953 1695 3190 1749 novimus
3235 1692 3527 1746 secundum
3553 1705 3667 1744 car-

2098 1806 2235 1853 nem,
2263 1789 2354 1843 sed
2385 1796 2630 1842 creatura
2657 1799 2731 1840 est
2763 1787 2815 1839 in
2847 1784 3054 1840 Christo
3087 1800 3219 1837 nova
3248 1783 3316 1836 ³³.
3345 1782 3512 1844 Vere,
3543 1781 3669 1834 cha-

2103 1881 2305 1936 rissimi
2341 1881 2396 1935 in
2437 1879 2686 1944 Domino,
2719 1877 2843 1932 dico
2867 1877 3020 1930 vobis
3049 1874 3191 1944 quod
3219 1874 3372 1944 juxta
3411 1872 3671 1926 minutias

2099 1975 2249 2030 verbi
2284 1973 2553 2028 libertatis
2599 1973 2650 2026 in
2687 1987 2795 2041 qua
2841 1969 3019 2024 cuncti
3056 1968 3207 2022 liberi
3249 1980 3438 2020 sumus
3468 1963 3668 2029 effecti,

2103 2067 2208 2122 alia
2239 2067 2414 2121 habeo
2444 2063 2612 2118 multa
2643 2079 2764 2134 qua:
2791 2063 2964 2116 dicam
2991 2060 3183 2125 vobis;
3210 2059 3302 2114 sed
3329 2073 3438 2112 non
3471 2066 3554 2112 est
3588 2057 3672 2110 ho-

2101 2171 2222 2210 rum
2263 2164 2473 2224 tempus
2501 2152 2715 2209 dicendi
2748 2152 2926 2207 modo.
2964 2150 3154 2205 Saluto
3183 2149 3400 2205 interim
3431 2165 3529 2204 vos
3551 2165 3670 2204 om-

2103 2261 2223 2312 nes,
2267 2244 2568 2300 cbarissimi
2609 2243 2712 2298 mei
2753 2243 2861 2296 nati
2905 2242 2959 2296 in
2992 2239 3241 2304 Domino,
3278 2241 3372 2294 ﬁlii
3411 2240 3674 2294 Israelita:

2100 2339 2296 2406 sancti,
2341 2339 2634 2395 secundum
2681 2345 2925 2391 vestram
2985 2333 3286 2389 sensualem
3322 2333 3671 2387 exstantiam;

2102 2428 2264 2493 Vere,
2293 2429 2535 2497 inquam,
2568 2423 2794 2480 decebat
2822 2423 2974 2476 vobis
3000 2419 3152 2490 quasi
3181 2417 3672 2488 propinquantibus

2105 2520 2328 2591 proprio
2357 2517 2661 2582 Conditori,
2697 2514 2764 2568 ad
2799 2512 3173 2583 inquirendam
3201 2509 3435 2563 salutem
3465 2509 3675 2561 anima-

2103 2626 2222 2666 rum
2274 2618 2580 2664 vestrarum
2620 2595 2722 2675 per
2786 2602 3246 2659 testamentarium
3297 2600 3495 2668 legem,
3549 2596 3675 2652 licet

2103 2704 2324 2768 propter
2354 2694 2756 2749 multitudinem
2781 2691 2998 2746 malitiae
3015 2699 3069 2746 et
3103 2687 3457 2760 malignitatis
3480 2688 3675 2741 distin-

2103 2789 2340 2844 ctionem
2366 2801 2431 2841 ac
2453 2786 2735 2841 libidinum
2759 2782 3063 2852 voluptates
3082 2780 3356 2835 refrixerit
3381 2787 3676 2832 testamen-

2107 2880 2244 2933 taria
2281 2876 2372 2932 illa
2404 2876 2515 2940 lex,
2543 2875 2847 2941 animaeque
2875 2879 3068 2925 vestra:
3098 2882 3290 2924 sensus
3316 2865 3496 2922 ofﬁcio
3522 2866 3676 2921 obie-

2107 2971 2253 3034 rint;
2275 2976 2331 3022 et
2353 2967 2556 3022 idcirco
2579 2976 2917 3033 nequaquam
2942 2959 3222 3028 potueritis
3243 2956 3678 3012 animadvertere

2105 3059 2411 3115 sensualem
2453 3066 2509 3113 et
2549 3055 2838 3127 gloriosam
2867 3053 3157 3106 essentiam
3183 3059 3400 3119 propter
3447 3059 3677 3101 mortem

2105 3166 2212 3223 qua
2252 3159 2600 3207 corruerunt.
2634 3148 2868 3216 Ideoque
2893 3145 3161 3214 scriptmn
3190 3152 3274 3196 est
3305 3143 3358 3194 in
3393 3139 3676 3210 Scriptum

2105 3244 2308 3309 divina,
2341 3242 2482 3310 quod
2513 3242 2645 3295 sicut
2676 3243 2732 3294 in
2763 3242 2931 3294 Adam
2957 3254 3132 3293 omnes
3155 3236 3479 3296 moriuntur,
3511 3233 3594 3286 ita
3627 3241 3677 3286 et

2105 3335 2159 3388 in
2186 3334 2395 3390 Christo
2424 3349 2600 3385 omnes
2626 3331 3030 3398 viviﬁcabuntur
3058 3327 3123 3381 ⁸⁸.
3151 3327 3290 3396 Ergo
3315 3325 3431 3394 ipse
3459 3333 3544 3379 est
3565 3324 3678 3377 vita

2108 3427 2274 3481 totius
2307 3423 2646 3479 rationabilis
2675 3432 2903 3486 naturae,
2930 3431 3127 3478 creatae
3150 3420 3202 3474 iu
3230 3420 3347 3488 ipso
3374 3416 3677 3472 secundum

2109 3515 2341 3586 efﬁgiem
2378 3512 2629 3582 imaginis
2663 3512 2802 3582 ejus.
2847 3511 2963 3578 Ipse
3007 3509 3172 3564 etiam
3222 3504 3440 3560 exsistit
3485 3516 3682 3560 sensus

2106 3621 2270 3660 verus
2301 3604 2496 3658 Patris.
2536 3603 2640 3656 Sed
2670 3603 2848 3671 imago
2870 3600 3088 3671 quidem
3116 3597 3393 3654 Genitoris
3430 3596 3680 3650 inversa-

2114 3695 2242 3750 bilis
2270 3704 2373 3758 est,
2402 3708 2523 3763 quae
2545 3700 2948 3761 assumpta'est.
2981 3689 3185 3746 Prmter
3211 3688 3354 3743 illam
3379 3697 3561 3741 tamen
3586 3701 3681 3739 vo-

2110 3787 2194 3843 bis
2211 3786 2410 3841 accidit
2431 3784 2658 3850 malitia,
2682 3785 2735 3839 in
2761 3798 2865 3854 qua
2889 3793 2946 3838 et
2972 3781 3207 3836 universi
3237 3779 3434 3834 mortui
3462 3793 3682 3844 sumus;

2117 3889 2276 3934 extra
2308 3888 2557 3932 naturam
2583 3876 2851 3946 siquidem
2881 3885 2963 3930 est
2987 3874 3304 3929 substantia:
3334 3870 3606 3932 sensualis
3632 3871 3681 3923 in

2112 3961 2244 4025 Deo.
2300 3967 2463 4039 Επεοκ
2491 3968 2767 4031 omnibus,
2817 3965 3013 4032 inquit,
3053 3971 3206 4018 extra
3257 3971 3506 4016 naturam
3560 3969 3680 4024 est;

2115 4061 2507 4132 acquisivimus
2529 4059 2746 4114 domum
2767 4057 3110 4112 tenebrosam
3132 4067 3196 4107 ac
3219 4052 3416 4122 przeliis
3439 4050 3680 4120 plenam.

2110 4155 2178 4210 Et
2224 4154 2277 4208 in
2313 4153 2415 4208 hoc
2460 4150 2816 4206 testiﬁcamur
2849 4147 3027 4210 vobis,
3075 4146 3218 4212 quod
3271 4144 3435 4198 totius
3484 4143 3688 4212 vigoris

2112 4247 2343 4303 scientia
2369 4243 2552 4299 deﬁcit
2583 4258 2612 4297 a
2639 4242 2817 4296 nobis.
2847 4240 2928 4296 Ob
2961 4252 3120 4308 quam
3151 4238 3311 4292 etiam
3339 4251 3564 4291 causam
3593 4250 3685 4290 as-

2114 4339 2323 4410 piciens
2363 4337 2576 4406 genitor
2605 4343 2791 4412 noster
2823 4332 2967 4386 Deus
3009 4329 3380 4384 inﬁrmitatem
3415 4339 3687 4392 nostram,

2042 4459 2089 4516 υ
2116 4429 2261 4500 quod
2293 4427 2657 4498 impossibiles
2701 4427 2872 4480 simus
2905 4425 3081 4480 effecti
3121 4431 3336 4492 gestare
3364 4421 3686 4482 veritatem;

2120 4538 2187 4577 ex
2226 4535 2334 4590 quo
2359 4519 2520 4590 hujus
2553 4519 2628 4574 rei
2661 4521 2834 4588 gratia
2871 4518 3109 4572 bonitate
3132 4513 3353 4584 propria
3383 4511 3535 4566 venit
3564 4511 3692 4565 visi-

2121 4614 2378 4667 tationem
2418 4610 2602 4664 facere
2631 4617 3006 4664 creaturarum
3032 4620 3255 4661 suarum
3291 4618 3388 4674 per
3435 4603 3688 4659 ministe-

2115 4703 2254 4758 rium
2282 4711 2618 4757 sanctorum.

2186 4793 2247 4848 Il.
2287 4792 2527 4848 Obsecro
2556 4806 2653 4847 vos
2681 4791 2964 4845 universos
2993 4789 3048 4844 in
3074 4787 3327 4854 Domino,
3351 4787 3686 4851 charissimi,

2119 4894 2180 4938 ut
2210 4883 2523 4952 intclligatis
2555 4896 2673 4949 quae
2701 4883 2880 4935 scribo
2914 4880 3089 4934 vobis.
3125 4878 3261 4945 Quia
3299 4893 3404 4934 non
3439 4879 3688 4934 dilectio-

2122 4991 2244 5030 nem
2281 4973 2618 5043 corporalem
2664 4972 2839 5027 habeo
2868 4971 2921 5025 in
2959 4985 3074 5036 vos,
3105 4969 3200 5025 sed
3235 4969 3557 5025 charitatem
3583 4969 3690 5039 spi-

2123 5067 2258 5120 ritus
2283 5063 2508 5118 culturae
2540 5062 2656 5116 Dei.
2697 5061 3006 5129 Praeparate
3046 5059 3407 5126 vosmetipsos
3449 5058 3517 5112 ad
3548 5058 3690 5112 Con-

2122 5157 2354 5232 ditorem
2391 5165 2634 5209 vestrum
2664 5153 2767 5208 ire.
2804 5151 3038 5207 Scindite
3076 5151 3238 5204 corda
3281 5159 3474 5213 ucstra,
3507 5159 3558 5204 et
3591 5165 3689 5203 non

2121 5233 2424 5303 vestimenta
2455 5257 2625 5301 uestra
2653 5247 2722 5299 ⁸⁵.
2764 5244 2831 5299 Ει
2862 5245 3057 5300 scitote
3084 5242 3213 5312 quid
3235 5241 3507 5310 possimus
3536 5242 3688 5297 resti-

2126 5343 2276 5393 tuere
2317 5337 2546 5392 Domino
2595 5351 2695 5406 pro
2723 5335 2938 5390 cunctis
2974 5334 3362 5388 donationibus
3391 5347 3513 5402 qua
3548 5333 3688 5388 dedit

2126 5429 2300 5497 nobis,
2341 5428 2545 5499 quique
2590 5439 2646 5494 et
2673 5441 2847 5498 usque
2879 5435 2936 5482 et
2980 5425 3071 5482 hic
3116 5425 3172 5480 in
3217 5425 3319 5480 ista
3357 5424 3686 5480 habitatione

2911 5627 2956 5660 ’ί
2987 5626 3145 5684 Prov.
3177 5639 3256 5693 ιι,
3295 5626 3350 5684 9.
3424 5625 3475 5660 ³⁸
3496 5623 3540 5683 ll
3571 5623 3688 5698 σοι’.
