3860 6316
201 358 302 414 98')

1232 354 1290 411 S.
1330 355 1609 411 ANTONII
1651 356 1718 409 Μ.
1763 354 2052 411 ABBATIS
2093 354 2470 411 EPlSTOLA‘I.

3359 353 3463 408 990

199 470 524 527 memoriam
573 471 741 527 nostri
791 470 940 536 facit,
967 481 1191 541 propter
1221 471 1539 527 immensam
1567 473 1784 527 bouita-
1815 483 1858 538 Α
1895 473 2037 527 bitus
2067 474 2328 540 stultitiae,
2363 481 2420 525 ut
2450 489 2547 526 nos
2573 469 2775 524 faceret
2808 469 3104 538 sapientes.
3124 465 3316 538 Inopes
3337 484 3461 524 era-

200 579 304 620 tem
332 579 492 620 suam
528 574 584 619 et
620 565 887 620 infinitam
933 563 1283 620 dilectionem
1317 581 1423 618 nou
1452 564 1658 620 faciens
1689 580 1786 619 no-

199 653 280 708 bis
315 654 621 709 secundum
649 665 871 724 peccata
916 662 1107 710 nostra
1141 673 1153 708 :
1188 655 1282 725 qui
1317 664 1372 710 et
1410 655 1578 710 solem
1616 671 1785 725 usque

199 744 323 800 fecit
370 745 691 801 ministrare
738 747 902 802 nobis
946 747 1000 802 in
1045 747 1332 802 tenebrosa
1373 749 1554 813 domo,
1603 747 1783 801 lunam

199 852 423 908 quoque
467 853 530 893 ac
563 838 744 892 sidera
783 848 979 894 cuncta
1009 839 1211 908 jubens
1250 840 1530 895 deservire
1557 839 1782 894 vanitati

199 932 484 999 periturae,
509 939 728 1000 propter
753 945 1044 1001 corporum
1072 931 1600 996 constabilitionem,
1625 931 1787 984 alias-

199 1035 302 1089 que
330 1020 567 1075 virtutes
596 1020 796 1076 multas
819 1021 975 1078 nobis
1007 1021 1321 1076 ministrare
1350 1020 1619 1090 pratfecit,
1649 1034 1783 1089 quas

199 1125 385 1180 neque
425 1111 662 1166 vidimus
697 1112 945 1182 corporis
973 1112 1153 1167 oculo.
1193 1110 1332 1178 Quid
1363 1125 1494 1180 ergo
1541 1111 1782 1165 dicemus

197 1203 352 1272 quasi
390 1203 445 1257 in
487 1203 670 1274 aliquo
699 1204 826 1258 boni
847 1203 1162 1259 fraudemur
1186 1205 1337 1260 abeo
1365 1204 1508 1274 quod
1537 1204 1649 1273 ipse
1679 1218 1784 1256 nou

198 1295 395 1350 fecerit
452 1296 652 1351 nobis?
684 1294 938 1366 Nunquid
970 1297 1298 1366 patriarchas
1341 1311 1447 1350 non
1488 1296 1632 1366 passi
1661 1303 1788 1350 sunt

200 1400 302 1454 pro
337 1385 522 1449 nobis,
552 1395 645 1439 aut
680 1386 993 1440 sacerdotes
1018 1401 1123 1441 non
1148 1387 1446 1440 docuerunt
1477 1387 1611 1441 nos?
1639 1385 1786 1440 Nun-

196 1475 326 1546 quid
363 1476 648 1547 pr0phetaa
679 1492 778 1546 pro
809 1477 969 1533 nobis
1001 1478 1198 1532 mortui
1233 1493 1336 1532 non
1361 1488 1508 1541 sunt,
1538 1488 1631 1532 aut
1664 1493 1788 1548 apo-

196 1567 325 1621 stoli
380 1568 820 1636 persecutionem
874 1582 980 1623 non
1028 1568 1403 1624 sustinuerunt
1453 1584 1548 1638 pro
1599 1567 1786 1624 nobis?

197 1658 459 1730 Nunquid
488 1659 661 1715 Filius
695 1660 790 1716 Dei
823 1660 1056 1716 dilectus
1087 1676 1192 1716 non
1223 1676 1321 1730 pro
1353 1661 1506 1716 nobis
1529 1662 1782 1717 omnibus

198 1764 459 1808 mortuus
483 1752 608 1809 est?
630 1752 711 1808 0b
742 1767 863 1828 quae
889 1753 1142 1809 universa
1170 1755 1427 1809 debemus
1449 1763 1506 1808 et
1530 1753 1631 1823 ipsi
1662 1767 1792 1823 pro-

1888 580 2032 630 mus,
2059 574 2114 619 et
2145 565 2196 618 in
2229 573 2545 634 paupertate
2578 571 2759 618 nostra
2789 562 2968 616 omnis
3002 559 3275 616 defecerat
3313 563 3465 632 vigor

1888 667 1918 705 a
1952 653 2124 708 uobis.
2159 653 2290 708 Item
2318 654 2406 709 ille
2427 654 2496 707 ob
2521 655 2635 707 haec
2660 652 2957 721 assumpsit
2980 651 3176 720 iuopite
3208 649 3462 715 formam,

1892 752 1950 797 ut
1970 753 2287 812 paupertate
2309 759 2408 800 sua
2439 759 2536 800 nos
2566 745 2616 797 iu
2640 743 2787 798 omni
2817 742 3085 812 sapientia
3106 751 3161 796 et
3187 741 3464 797 intellectu

1890 834 2108 888 ditaret.
2142 832 2257 889 Non
2293 835 2468 889 solum
2501 846 2680 888 autem
2711 834 2846 899 haec,
2880 831 2972 887 sed
3002 833 3222 900 insuper
3246 827 3464 886 etinfir-

1889 929 2098 984 mitatis
2129 939 2330 984 nostra:
2364 929 2590 999 figuram
2621 927 2935 996 assumpsit,
2975 937 3032 978 ut
3061 925 3280 995 propria
3310 925 3463 979 infir-

1888 1019 2080 1074 mitate
2117 1035 2213 1073 nos
2247 1019 2496 1074 robustos
2529 1017 2784 1083 efficeret,
2817 1015 3061 1070 obedieus
3101 1017 3274 1085 [actus
3315 1014 3464 1070 Patri

1887 1093 1941 1167 in
1975 1112 2232 1168 omnibus
2270 1127 2432 1181 usque
2471 1111 2539 1164 ad
2584 1118 2823 1172 mortem,
2876 1118 3094 1162 mortem
3126 1115 3302 1160 autem
3341 1122 3463 1160 cru—

1889 1206 1967 1261 cis
2005 1205 2092 1260 “z
2127 1213 2183 1258 ut
2207 1203 2261 1258 iu
2293 1217 2388 1258 sua
2425 1211 2598 1256 morte
2629 1210 2683 1254 et
2715 1199 3019 1254 humilitate
3053 1199 3196 1253 illam
3239 1208 3464 1254 cuncto-

1889 1313 2009 1352 rum
2041 1293 2766 1360 resurreetionemellieerel,
2795 1309 3026 1362 eumque
3045 1294 3351 1348 destrueret
3372 1291 3465 1360 qui

1891 1389 2080 1443 mortis
2106 1387 2337 1442 habebat
2379 1387 2686 1456 imperium,
2715 1386 2815 1440 hoc
2856 1392 2952 1440 est.
2974 1383 3268 1438 diabolum.
3299 1381 3465 1453 Igitur

1888 1483 1932 1534 si
1971 1496 2065 1546 pro
2107 1489 2258 1534 certo
2303 1479 2656 1533 liberabimus
2710 1476 3073 1545 nosmetipsos
3113 1475 3168 1529 in
3217 1473 3334 1544 ejus
3367 1474 3465 1527 ad-

1889 1581 2129 1635 ventum,
2159 1569 2399 1638 profecto
2433 1569 2774 1623 inveniemur
2821 1566 3069 1634 discipuli
3100 1563 3250 1624 .iesu.
3297 1572 3354 1619 et
3387 1563 3465 1618 di-

1889 1662 2028 1716 vina:
2060 1661 2390 1715 ltaeretlilatis
2419 1661 2764 1715 instituemur
2802 1659 3065 1714 haeredes.

1961 1750 2050 1805 ιν.
2107 1751 2429 1807 Charissimi
2479 1752 2530 1807 iu
2584 1751 2842 1815 Domino,
2890 1750 3078 1804 turbor
3123 1749 3466 1804 vehementer

196 1859 398 1916 perare
443 1844 510 1899 ad
556 1846 890 1915 pergendum
931 1845 986 1900 in
1027 1844 1174 1900 omni
1218 1845 1508 1900 sanctitate
1552 1843 1618 1899 ad
1661 1859 1788 1915 pro-
1820 1837 1862 1894 Β
1895 1855 1950 1898 et
1993 1859 2212 1900 moveor
2243 1843 2294 1898 in
2332 1845 2526 1915 Spiritu
2562 1859 2718 1906 meo,
2759 1843 2899 1912 quod
2941 1841 3252 1896 nominibus
3285 1838 3468 1901 amicti

197 1939 382 2009 prium
431 1938 781 1994 Conditorem
826 1956 840 1993 :
889 1939 981 2009 qui
1033 1953 1262 1994 cernens
1315 1948 1623 1994 creaturam
1682 1955 1786 1992 non

201 2045 375 2102 posse
405 2045 607 2086 curare
643 2029 858 2102 plagam
890 2045 1012 2100 qua:
1036 2030 1182 2086 facta
1211 2031 1373 2084 fuerit
1399 2029 1622 2094 ludat-is,
1659 2044 1788 2099 pro-

204 2124 346 2194 priis
395 2122 654 2178 videlicet
705 2122 988 2188 membris,
1038 2120 1204 2177 Pater
1239 2122 1354 2190 ipse
1385 2131 1786 2188 creaturarum,

198 2216 391 2271 sciens
441 2213 816 2269 infirmitatem
855 2229 1051 2270 sensus
1090 2228 1302 2280 eorum,
1347 2221 1432 2268 est
1464 2222 1642 2268 motus
1674 2213 1789 2268 vis-

201 2307 432 2364 ceribus
461 2307 608 2362 circa
635 2319 753 2372 eos,
779 2312 835 2361 et
861 2305 1159 2361 secundum
1187 2305 1407 2360 multam
1435 2305 1787 2360 dilectionem

197 2415 356 2456 suam
390 2414 498 2455 non
540 2400 785 2469 pepercit
819 2398 1096 2469 unigenito
1127 2396 1266 2453 Filio
1311 2413 1434 2462 suo,
1472 2397 1564 2452 sed
1597 2397 1668 2452 ob
1700 2411 1791 2451 no-

208 2501 387 2547 stram
413 2491 659 2546 omnium
685 2490 918 2546 salutem
952 2490 1175 2546 tradidit
1196 2506 1319 2545 eum
1357 2499 1574 2560 propter
1600 2498 1787 2544 nostra

198 2592 428 2654 peccata
453 2581 522 2638 ".
555 2582 622 2636 Et
651 2580 967 2650 iniquitates
997 2580 1214 2652 quidem
1241 2593 1441 2636 nostrae
1470 2579 1789 2638 humiliave-

200 2684 333 2730 runt
361 2689 514 2738 eum,
552 2673 726 2728 livore
758 2680 940 2728 autem
974 2671 1091 2742 ejus
1124 2688 1223 2729 nos
1256 2687 1447 2728 omnes
1489 2672 1668 2728 sanati
1698 2687 1789 2728 su-

207 2782 335 2822 mus
368 2767 446 2819 ".
475 2763 577 2820 Hic
607 2765 959 2835 congregavit
987 2780 1086 2820 nos
1106 2755 1173 2821 es
1199 2766 1451 2820 munibus
1481 2765 1791 2836 regionibus

199 2841 374 2915 verbo
407 2859 627 2914 virtutis
651 2873 785 2922 suae,
816 2859 986 2913 donec
1014 2857 1162 2912 illam
1186 2872 1381 2914 sensus
1403 2859 1574 2914 nostri
1609 2872 1784 2914 resur-

199 2951 509 3009 rectionem
540 2947 803 3016 efl‘ecerit,
829 2949 1030 3007 docens
1049 2964 1150 3006 nos
1179 2949 1504 3006 alterutrum
1527 2950 1792 3006 exsistere

200 3043 482 3098 membra.

278 3132 366 3187 lll.
406 3131 579 3189 Docet
621 3131 827 3188 idcirco
859 3131 1126 3188 universis
1170 3132 1327 3188 nobis
1369 3133 1790 3204 properantibus

201 3227 274 3282 ad
303 3226 589 3298 proprium
620 3226 999 3292 Conditorem,
1023 3241 1283 3282 exercere
1319 3228 1662 3284 habitudines
1687 3244 1786 3284 no-

200 3327 352 3373 stras
385 3331 455 3372 ac
484 3330 680 3372 sensus
705 3314 880 3371 oﬂicia
912 3317 980 3372 ad
1010 3317 1416 3388 agnoscendum
1445 3319 1784 3388 dignitatem,

199 3408 330 3465 boni
372 3407 612 3478 malique
637 3407 958 3472 discrimen,
987 3418 1046 3464 ut
1071 3408 1259 3465 sciatis
1285 3424 1478 3467 omnes
1511 3411 1626 3467 illas
1657 3410 1786 3467 Jesu

199 3501 643 3572 dispensationes
676 3516 813 3571 quas
844 3501 931 3557 ille
959 3503 1178 3572 proprio
1209 3502 1358 3559 dedit
1387 3502 1607 3569 affectu,
1633 3505 1786 3561 simi-

200 3594 270 3650 lis
300 3593 460 3649 nobis
503 3593 681 3649 factus
713 3609 808 3664 per
836 3595 1024 3649 omnia
1051 3605 1279 3665 excepto
1308 3607 1535 3666 peccato
1555 3598 1620 3650 ’⁸.
1661 3596 1788 3652 Pro-

198 3696 328 3756 pter
356 3685 586 3740 multam
630 3700 762 3741 vero
794 3686 1056 3740 malitiam
1093 3696 1336 3743 nostram
1365 3689 1789 3744 districtionemo

200 3792 311 3850 que
355 3777 578 3832 malitias
613 3784 670 3831 et
722 3777 1072 3842 gravedinem
1129 3779 1511 3834 inconstantia:
1566 3789 1786 3844 nostrae,

201 3870 384 3926 factus
420 3876 505 3925 est
535 3869 803 3925 adventus
828 3870 969 3940 ejus,
1005 3872 1336 3938 quibusdam
1367 3873 1581 3940 quidem
1613 3871 1784 3928 stulti-

202 3963 304 4028 tia,
339 3961 466 4018 aliis
493 3975 628 4016 vero
653 3961 968 4017 scandalum
993 3963 1072 4028 ²⁹;
1101 3963 1256 4018 alteri
1287 3964 1425 4033 parti
1455 3965 1790 4020 emolumen-

202 4063 359 4121 tum;
398 4052 637 4123 itemque
666 4051 787 4108 aliis
830 4053 1098 4123 sapientia
1140 4064 1196 4110 et
1239 4054 1443 4123 virtus;
1474 4069 1638 4124 porro
1668 4055 1789 4110 aliis

203 4145 542 4203 resurrectio
569 4155 625 4200 et
655 4145 787 4199 vita.
828 4144 943 4200 Hoc
971 4159 1188 4216 quoque
1218 4146 1566 4202 manifestum
1597 4149 1670 4203 sit
1693 4163 1790 4202 vo-

201 4239 309 4300 bis,
341 4239 487 4307 quod
515 4236 782 4291 adventus
807 4235 954 4291 illius
985 4235 1165 4291 factus
1195 4237 1265 4292 sit
1293 4239 1439 4292 omni
1470 4239 1672 4293 mundo
1697 4239 1790 4309 ju-

204 4329 434 4384 diciutn.
464 4324 601 4380 Ecce
629 4327 790 4392 enim,
824 4326 922 4391 ait,
946 4326 1154 4380 veniunt
1176 4328 1310 4393 dies,
1337 4328 1464 4381 dicit
1494 4328 1787 4392 Dominus;

203 4432 250 4475 et
281 4435 462 4474 omnes
490 4419 652 4472 scient
683 4434 765 4472 me
794 4435 826 4471 a
857 4418 1073 4472 mininto
1105 4435 1267 4490 usque
1291 4420 1361 4473 ad
1389 4419 1678 4474 maximum
1701 4437 1789 4474 eo-

1890 1950 2099 2000 sumus,
2132 1946 2185 1990 et
2215 1946 2534 1991 sanctorum
2584 1936 2862 1989 schemata
2911 1933 3213 2002 bajulamus
3249 1932 3302 1986 in
3335 1946 3468 1986 con-

1890 2035 2078 2093 spectu
2130 2025 2428 2080 infidelium
2480 2023 2799 2096 gloriantes.
2854 2022 2964 2079 Sed
2998 2033 3180 2077 metuo
3221 2037 3291 2078 ne
3337 2021 3469 2076 illud

1895 2115 2048 2172 Pauli
2093 2116 2374 2172 oraculum
2419 2116 2708 2184 impleatur
2739 2115 2793 2169 in
2825 2114 3003 2178 nobis,
3036 2128 3144 2183 quo
3187 2114 3264 2167 ait
3297 2129 3311 2166 :
3349 2111 3468 2166 Ha-

1891 2210 2065 2263 bentes
2093 2209 2323 2278 formam
2364 2209 2596 2278 pietatis,
2634 2208 2870 2262 virtutem
2917 2216 3097 2260 autem
3129 2204 3243 2275 ejus
3272 2221 3467 2275 negan-

1891 2311 1964 2355 tes
2001 2300 2070 2356 ⁸⁵.
2123 2301 2196 2356 De
2233 2302 2503 2356 charitate
2549 2316 2678 2354 vero
2711 2315 2873 2369 quam
2909 2299 3083 2353 habeo
3127 2298 3179 2352 in
3213 2311 3330 2364 vos,
3372 2312 3468 2351 oro

1891 2408 1990 2464 pro
2014 2392 2169 2448 vobis
2196 2393 2260 2446 ad
2299 2392 2488 2456 Deum,
2522 2401 2581 2446 ut
2615 2390 2973 2446 consideretis
3003 2375 3168 2442 vitam
3205 2395 3468 2453 vestram,

1890 2493 1946 2539 et
1979 2483 2299 2539 haereditate
2341 2481 2572 2551 capiatis
2613 2496 2678 2534 ea
2721 2493 2844 2548 qua:
2890 2493 2998 2532 nou
3029 2475 3311 2540 videntur;
3345 2489 3469 2528 naut

1889 2589 2077 2629 verum
2113 2583 2218 2640 est,
2249 2573 2424 2637 filioli,
2453 2572 2595 2643 quod
2621 2571 2783 2625 etiam
2814 2572 2858 2625 si
2886 2573 3075 2625 demus
3104 2584 3203 2624 nos
3232 2569 3375 2637 ipsos
3400 2581 3468 2620 cx

1895 2674 2003 2720 tota
2041 2667 2242 2719 virtute
2277 2665 2556 2734 inquirere
2584 2664 2773 2728 Deum,
2802 2678 2900 2717 nec
2928 2666 3008 2716 sic
3029 2661 3244 2730 quidem
3276 2658 3467 2714 condi-

1893 2773 1996 2829 gna
2029 2757 2203 2829 gratia
2235 2759 2360 2812 erit.
2391 2756 2447 2812 ld
2479 2757 2624 2812 enim
2672 2755 3001 2823 inquirimus
3045 2752 3188 2822 quod
3221 2760 3470 2806 nostrum

1892 2850 2140 2913 exsistit,
2186 2858 2241 2905 et
2275 2850 2419 2920 quod
2464 2848 2712 2904 naturale
2763 2855 2846 2902 est
2886 2845 3202 2900 substantiae
3251 2853 3470 2897 nostrae.

1893 2943 2033 2999 Vere
2057 2943 2244 3008 etiam,
2282 2941 2587 2997 charissimi
2621 2941 2672 2995 iu
2698 2938 2948 3001 Domino,
2981 2937 3072 3008 qui
3096 2938 3147 2990 iu
3174 2934 3318 2990 omni
3350 2948 3472 2989 san-

1894 3035 2083 3089 ctitate
2140 3034 2377 3103 parastis
2433 3033 2795 3101 vosmetipsos
2827 3029 3025 3085 offerre
3065 3028 3295 3083 hostiam
3334 3025 3472 3092 Deo;

1896 3125 2022 3194 quia
2051 3126 2184 3180 nihil
2219 3125 2285 3179 de
2317 3123 2400 3178 bis
2425 3137 2547 3192 qua:
2575 3122 2938 3192 expediebant
2965 3119 3262 3175 celabimus
3293 3116 3471 3179 vobis,

1893 3218 1987 3272 sed
2025 3217 2308 3286 perspicua
2353 3213 2619 3270 facientes
2668 3212 3084 3269 testificabimur
3119 3227 3182 3268 ea
3216 3226 3336 3282 qua:
3380 3210 3473 3264 ad-

1892 3308 2114 3362 versarii
2171 3306 2386 3361 virtutis
2431 3306 2738 3375 subripiunt
2816 3305 3051 3360 veritati.
3104 3303 3221 3359 Hoc
3261 3317 3474 3372 quoque

1892 3400 2202 3470 cognoscite
2225 3439 2241 3466 ,
2269 3398 2507 3454 scientes
2530 3401 2669 3468 quod
2691 3397 2801 3461 hic,
2834 3399 2924 3467 qui
2953 3397 3238 3451 secundum
3263 3410 3476 3449 carnem

1892 3501 1989 3554 est,
2021 3506 2228 3558 semper
2258 3491 2549 3544 insectatur
2573 3492 2792 3561 eumqui
2811 3489 3099 3544 secundum
3119 3488 3365 3558 spiritum
3389 3485 3470 3550 ³⁸;

1893 3596 1974 3649 et,
2008 3582 2148 3653 quod
2185 3583 2356 3636 omnis
2381 3582 2499 3651 quis
2555 3581 2774 3636 voluerit
2816 3581 2898 3650 pie
2939 3580 3102 3635 vivere
3148 3581 3204 3632 in
3243 3575 3472 3642 Christo,

1895 3677 2310 3748 persecutionem
2334 3673 2640 3756 patitur”.
2673 3674 2902 3745 Propter
2927 3673 3072 3742 quod
3098 3669 3257 3726 Jesu‘s
3276 3683 3473 3738 cogno-

1895 3783 2054 3826 scens
2115 3767 2492 3823 tribulationes
2530 3782 2722 3822 omnes
2754 3783 2820 3823 ac
2859 3774 3217 3830 teutameuta,
3253 3762 3475 3818 veniens

1900 3861 1955 3916 in
1993 3859 2195 3915 mundo
2229 3860 2295 3914 ad
2329 3859 2627 3930 apostolos,
2662 3871 2717 3915 et
2743 3859 2925 3915 sciens
2959 3858 3102 3927 quod
3134 3873 3231 3927 per
3264 3857 3474 3928 patien-

1899 3953 2030 4006 tiam
2072 3967 2226 4007 suam
2273 3951 2560 4007 resolveret
2598 3951 2911 4005 universam
2956 3949 3163 4004 inimici
3198 3949 3476 4012 virtutem,

1898 4044 1950 4098 id
1979 4053 2061 4099 est
2101 4043 2485 4108 idololatriam,
2521 4044 2905 4100 consolabatur
2949 4042 3137 4098 dicens
3183 4061 3198 4097 :
3252 4040 3356 4096 Vos
3391 4041 3478 4094 tri~

1897 4135 2220 4191 bulationem
2255 4136 2452 4191 habetis
2486 4139 2547 4190 in
2586 4137 2784 4190 mundo
2804 4152 2824 4201 ;
2851 4135 2941 4190 sed
2975 4144 3271 4189 constantes
3292 4143 3476 4198 estote,

1893 4229 2021 4298 quia
2059 4244 2152 4298 ego
2184 4230 2286 4282 vici
2316 4230 2568 4282 mundum
2609 4230 2672 4283 ³⁸.
2729 4227 3074 4296 Docebatque
3107 4240 3202 4280 eos
3235 4226 3423 4281 dicens
3459 4242 3474 4279 :

1897 4320 2072 4375 Nolite
2092 4323 2283 4376 timere
2302 4322 2581 4387 mundum,
2605 4321 2731 4390 quia
2754 4335 2942 4375 omnes
2959 4319 3276 4373 afllictiones
3291 4316 3475 4372 mundi

1895 4414 2178 4483 Condignte
2227 4427 2332 4466 non
2375 4423 2503 4467 sunt
2545 4413 2611 4466 ad
2649 4425 2769 4465 eam
2815 4425 2935 4481 qua!
2979 4419 3330 4479 exspectatur
3357 4408 3473 4479 glo-

205 4527 344 4576 rum,
365 4520 415 4564 et
441 4510 682 4563 auditum
705 4510 901 4579 faciam
918 4525 1081 4580 usque
1110 4510 1178 4563 ad
1201 4520 1492 4565 extremum
1521 4523 1675 4565 terra:
1699 4513 1780 4580 ³⁰;
1821 4543 1866 4598 D
1897 4505 2033 4558 riam
2062 4503 2127 4559 ”.
2157 4503 2290 4557 Nam
2323 4505 2370 4558 si
2404 4520 2491 4557 eos
2533 4503 2624 4574 qui
2655 4513 2776 4556 ante
2805 4518 2892 4556 vos
2925 4501 3164 4571 fuerunt,
3199 4499 3476 4568 prophetas

147 4614 150 4618 '
206 4614 260 4655 ut
307 4617 461 4657 omne
504 4617 561 4654 os
596 4601 926 4668 obstruetur,
952 4613 999 4655 et
1032 4602 1277 4656 subditus
1305 4603 1398 4670 [iet
1426 4604 1595 4658 omnis
1630 4620 1788 4658 mun-

205 4693 305 4746 dus
350 4692 460 4746 Deo
488 4691 534 4723 ⁸³
573 4710 586 4746 :
629 4691 767 4757 Quia
813 4710 930 4746 cum
965 4694 1324 4762 cognovissent
1358 4693 1552 4764 Deum,
1588 4713 1689 4750 non
1733 4706 1790 4750 ut

205 4795 497 4838 creatorem
526 4784 796 4852 proprium
823 4785 1250 4854 gloriﬁcaverunt
1277 4785 1319 4817 ³³
1353 4802 1366 4838 :
1397 4797 1451 4842 et
1481 4787 1534 4842 id
1570 4799 1790 4858 propter

207 4877 514 4931 vecordiam
551 4891 737 4940 suam,
780 4891 876 4946 per
909 4893 1068 4947 quam
1106 4893 1204 4932 nec
1247 4888 1538 4944 potuerunt
1588 4895 1785 4950 capere

204 4969 538 5037 sapientiam
566 4969 702 5037 ejus.
737 4968 844 5023 Sed
872 4971 1244 5041 unusquisque
1272 4980 1518 5027 nostrum
1549 4973 1790 5028 vendidit

205 5058 559 5128 semetipsum
593 5061 828 5129 propriis
864 5060 1231 5130 voluptatibus
1276 5063 1328 5117 iu
1367 5064 1528 5123 tuala,
1553 5073 1610 5117 et
1653 5063 1789 5134 ipsis

205 5165 399 5204 servus
429 5149 610 5206 dictus
641 5161 744 5206 est.
787 5154 864 5206 0b
897 5168 1016 5222 quae
1056 5154 1170 5222 ipse
1199 5152 1357 5209 Jesus
1391 5155 1679 5209 exinanivit
1708 5172 1791 5210 se-

205 5243 486 5312 metipsum
532 5258 562 5296 a
614 5243 809 5314 gloria,
850 5243 1076 5313 formam
1126 5246 1259 5299 servi
1303 5246 1561 5313 accipiens
1596 5246 1673 5313 ³³,
1731 5259 1790 5304 ut

207 5336 356 5390 illius
397 5334 634 5389 servitus
680 5350 778 5388 nos
818 5335 1091 5392 liberaret.
1143 5335 1305 5390 Stulti
1351 5336 1574 5401 fuimus,
1624 5351 1677 5394 et
1735 5341 1792 5395 in

206 5423 440 5480 stultitia
474 5432 660 5479 nostra
686 5423 900 5480 facinus
924 5427 1213 5496 gessimus.
1236 5427 1544 5497 Assumpsit
1571 5428 1660 5484 ille
1691 5431 1786 5484 ha-

1894 4596 2112 4651 insecuti
2140 4605 2284 4662 sunt,
2315 4603 2364 4649 et
2393 4611 2478 4650 vos
2517 4603 2926 4664 persequentur;
2957 4603 3004 4647 et
3032 4594 3078 4646 si
3115 4608 3195 4645 me
3229 4593 3473 4657 oderunt,

1897 4702 1946 4744 et
1973 4706 2060 4744 eos
2093 4689 2302 4743 oderint
2335 4690 2404 4744 ‘°.
2435 4688 2544 4745 Sed
2562 4689 2900 4744 confidentes
2925 4697 3119 4752 estote,
3141 4687 3265 4756 quia
3294 4695 3476 4740 vestra

1899 4781 2164 4850 sapientia
2205 4780 2427 4836 solvetis
2457 4795 2670 4835 omnem
2713 4777 2920 4832 inimici
2951 4778 3228 4831 virtutem.
3268 4775 3344 4829 De
3373 4773 3477 4827 mi-

1899 4872 2052 4927 nutia
2100 4887 2228 4927 vero
2267 4873 2415 4928 verbi
2454 4872 2724 4927 libertatis
2777 4871 2826 4923 iu
2865 4884 2969 4938 qua
3012 4867 3224 4922 liberati
3265 4880 3473 4929 sumus,

1896 4962 2073 5018 habeo
2105 4963 2210 5016 alia
2245 4963 2411 5017 multa
2443 4963 2635 5034 dicere
2655 4961 2809 5016 vobis
2839 4977 2854 5016 :
2894 4959 2988 5016 sed
3019 4961 3066 5013 si
3091 4958 3280 5012 dedero
3320 4974 3474 5012 occa-

1893 5058 2093 5111 sionem
2120 5057 2366 5126 supieuti,
2395 5057 2685 5124 sapientior
2708 5056 2809 5109 erit
2835 5054 2902 5111 “.
2932 5051 3081 5123 Opus
3105 5061 3285 5107 tamen
3311 5050 3477 5107 babe-

1897 5163 2016 5203 mus
2052 5148 2321 5203 consolari
2363 5148 2593 5204 invicem
2626 5149 2835 5218 exiguis
2866 5148 3172 5217 quibusque
3211 5144 3477 5202 sermoni-

1894 5242 2040 5298 bus:
2083 5244 2224 5311 quod
2261 5243 2303 5297 si
2343 5257 2468 5298 vere
2506 5242 2848 5312 perspexerit
2888 5256 3062 5307 mens,
3109 5239 3220 5306 jam
3268 5253 3473 5311 nequa-

1891 5352 2054 5408 quam
2085 5337 2266 5407 egebit
2291 5335 2515 5406 loquela:
2539 5335 2842 5407 corporalis
2871 5333 3175 5391 mendacio.

1969 5427 2028 5482 V.
2079 5429 2302 5484 Gaudeo
2350 5437 2527 5484 autem
2577 5427 2632 5483 in
2681 5429 2932 5485 omnibus
2971 5428 3147 5494 vobis,
3195 5426 3374 5484 dilecti
3421 5425 3475 5482 in

232 5703 253 5723 κ
278 5668 326 5740 ’ξ
367 5666 525 5719 Rom.
570 5680 684 5740 vin.
715 5666 880 5740 32.]?
920 5666 1053 5740 Visa.
1090 5683 1208 5740 cui,
1246 5667 1301 5740 5.
1343 5669 1386 5699 ³⁸
1416 5667 1580 5724 llebr.
1617 5685 1690 5730 tv,
1721 5669 1786 5723 15

1934 5666 2102 5740 qur.
2140 5684 2184 5740 ιἓ
2214 5669 2306 5724 9.5.
2354 5669 2399 5702 ⁸ο
2423 5669 2624 5726 Jerem.
2667 5688 2818 5740 xxxi,
2853 5672 2940 5726 54.
2987 5729 2990 5732 ,
3021 5671 3353 5740 31ilotngut,
3386 5665 3474 5724 19.

206 5738 253 5771 ³¹
297 5738 452 5806 Rom.
480 5752 534 5806 Vl,
568 5737 654 5793 21.
735 5737 778 5766 ³³
816 5735 1042 5806 Plttlt'pp.
1094 5755 1151 5801 tt,
1178 5738 1229 5793 7.
1287 5739 1331 5770 “
1373 5740 1575 5795 ibitl.8.

208 5807 300 5867 12.
383 5804 427 5839 ’⁵⁸
464 5805 619 5862 Joau.
653 5823 764 5874 xvr,
802 5807 888 5863 52.
959 5804 1037 5839 "9
1071 5808 1225 5880 Il‘om.
1260 5826 1379 5878 Vlll,
1417 5811 1498 5867 18.

1656 5741 1698 5813 δέ’
1742 5740 1894 5793 Itoni.
1929 5739 2118 5813 "[20;
2144 5738 2325 5813 '_I‘it._t,
2365 5741 2450 5796 l6.
2495 5743 2538 5773 ³⁸
2569 5741 2742 5800 Galat.
2783 5738 2859 5813 tv,
2890 5742 2983 5801 9.9.

1581 5811 1624 5843 ⁸ο
1664 5809 1817 5867 σιοιιιι.
1857 5825 1946 5878 xv,
1986 5811 2074 5868 20.

3060 5744 3101 5776 ³⁷
3140 5739 3182 5797 ιι
3223 5737 3364 5796 Tim.
3384 5751 3452 5796 tu

2157 5811 2198 5844 “
2240 5810 2399 5868 Prov.
2433 5828 2506 5880 ιχ,
2549 5813 2602 5869 9.
