3860 6316
400 293 503 357 991

1527 282 1803 342 PATRES
1838 278 2137 339 EGYPTII
2178 278 2451 336 SECULI
2491 278 2583 335 lV.

399 414 652 481 Domino,
684 411 786 469 viri
833 411 1094 471 Israelita:
1123 410 1324 475 sancti,
1361 410 1661 465 secundum
1698 405 1972 476 propriam
2002 411 2052 467 Î‘
2077 404 2341 459 adventus
2407 401 2553 456 illius
2616 399 2871 456 omnibus
2912 398 3070 474 nobis
3107 395 3370 473 Judicinm
3421 393 3650 449 exsistit.

324 545 336 553 -
400 505 710 565 sensualem
738 505 1088 561 exstantiam.
1120 503 1257 572 Quia
1295 504 1529 572 primum
1566 502 1785 571 quidem
1811 499 1975 554 dece-

396 600 493 653 bat
556 596 874 653 rationalem
935 597 1112 649 virum
1178 609 1508 667 cognoscere
1555 593 1906 662 semetipsum
1958 612 1973 647 :

397 688 595 744 deinde
626 698 683 742 ut
713 693 1009 756 cognoscat
1037 702 1100 740 ea
1132 701 1255 757 qua:
1285 696 1412 741 sunt
1435 684 1553 750 Dei,
1583 693 1640 739 et
1685 685 1975 738 universas

400 779 571 848 ipsius
599 779 805 851 gratias
836 793 1195 850 quascunque
1219 793 1435 849 semper
1464 793 1585 831 cum
1616 792 1682 832 eo
1711 776 1873 842 facit;
1910 790 1976 832 ac

396 872 653 939 deinceps
705 872 920 927 noverit
967 871 1111 941 quod
1155 886 1317 925 omne
1363 878 1645 941 peccatum
1690 880 1747 924 et
1802 879 1972 923 totum

395 963 656 1037 quidquid
690 963 1046 1039 querulosum
1090 962 1337 1028 exsistit,
1386 969 1540 1016 extra
1586 973 1838 1015 naturam
1890 970 1975 1016 est

394 1054 658 1110 seusualis
679 1055 962 1111 exstantia:
982 1073 999 1123 ;
1025 1056 1259 1127 denique
1287 1054 1478 1110 videns
1500 1053 1763 1110 Comlitor
1786 1063 1974 1109 noster

395 1159 497 1201 nos
522 1146 641 1200 haec
667 1156 825 1201 extra
868 1157 1122 1202 naturam
1151 1146 1434 1218 possidere
1461 1146 1693 1205 arbitrio
1734 1143 1970 1212 liberali,

394 1251 446 1294 to
484 1252 592 1308 quo
643 1237 730 1294 hic
766 1238 1147 1295 moriebantur
1181 1258 1196 1295 :
1231 1240 1426 1296 horum
1467 1254 1630 1295 causa
1669 1239 1973 1294 visceribus

393 1341 493 1397 pro
525 1329 686 1391 nobis
714 1340 913 1396 motus,
940 1330 1158 1403 propria
1191 1330 1431 1387 bonitate
1461 1330 1632 1386 voluit
1655 1339 1973 1386 convertere

394 1434 496 1473 nos
521 1420 587 1475 ad
617 1419 749 1476 illud
779 1421 901 1478 sine
926 1422 1034 1477 fine
1055 1424 1421 1493 principium;
1451 1424 1814 1481 visitationem
1846 1423 1974 1480 fecit

392 1521 771 1575 creaturarum
810 1529 917 1569 non
970 1530 1204 1585 parcens
1235 1515 1557 1585 sibimetipsi
1613 1516 1684 1572 ob
1722 1525 1966 1572 nostram

393 1603 775 1659 universorum
816 1605 1068 1661 salutem.
1114 1605 1364 1662 Tradidit
1393 1608 1594 1677 quippe
1621 1623 1684 1663 se
1721 1622 1820 1677 pro
1847 1621 1973 1676 pec-

392 1695 533 1751 catis
557 1696 793 1763 nostris;
818 1706 874 1753 et
904 1697 1219 1767 iniquitates
1239 1698 1458 1767 quidem
1491 1690 1691 1753 nostrae
1723 1697 1973 1753 humilia-

393 1794 593 1841 vcrunt
636 1799 785 1852 eum,
831 1787 925 1842 sed
971 1787 1131 1842 livore
1172 1788 1285 1855 ejus
1338 1804 1432 1843 nos
1470 1804 1651 1844 omnes
1681 1790 1857 1843 sanati
1888 1804 1974 1841 su-

393 1892 509 1931 mus
542 1877 609 1930 ".
651 1876 826 1935 Verbo
870 1878 1032 1935 etiam
1061 1880 1281 1936 virtutis
1326 1895 1439 1938 sure
1486 1881 1840 1954 congregavit
1877 1896 1974 1936 nos

392 1981 461 2022 ex
491 1968 743 2024 omnibus
775 1968 1106 2040 regionibus,
1133 1971 1201 2026 ab
1233 1980 1478 2029 extremo
1505 1982 1669 2029 terra:
1701 1988 1875 2044 usque
1904 1973 1974 2029 ad

394 2058 646 2115 ultimum
698 2059 879 2128 orbis,
926 2063 1131 2119 docens
1169 2065 1313 2136 quod
1360 2079 1606 2121 essemus
1649 2065 1972 2121 alterutrum

393 2151 654 2206 membra.
696 2151 1056 2218 Quamobrem
1085 2154 1130 2208 si
1167 2171 1266 2227 pro
1303 2165 1457 2211 certo
1496 2157 1808 2225 paravimus
1846 2171 1973 2213 nos-

392 2242 648 2311 metipsos
686 2241 888 2298 liberos
952 2244 1134 2301 facere
1168 2246 1220 2301 in
1252 2247 1373 2317 ejus
1417 2248 1673 2316 adventu,
1698 2258 1975 2304 scrutetur

391 2334 746 2404 semetipsum
798 2335 1138 2393 rationabilis
1170 2338 1354 2403 homo,
1403 2340 1661 2408 quidnam
1688 2341 1859 2409 possit
1885 2355 1973 2395 re-

395 2422 638 2479 tribuere
668 2423 779 2479 Deo
822 2440 922 2495 pro
951 2427 1169 2481 cunctis
1203 2429 1361 2483 donis
1387 2443 1506 2498 quae
1538 2429 1667 2483 fecit
1697 2428 1759 2483 in
1790 2427 1967 2484 nobis.

401 2512 553 2569 Unde
577 2526 631 2572 et
659 2532 759 2588 ego
790 2533 1008 2588 quoque
1049 2518 1382 2573 deterrimus
1416 2521 1510 2591 qui
1543 2521 1682 2575 hanc
1711 2520 1971 2590 descripsi

399 2605 704 2674 epistolam,
737 2606 1151 2679 expergefactus
1182 2625 1212 2662 a
1244 2609 1573 2666 dormitione
1601 2608 1812 2675 mortis,
1852 2610 1976 2677 plu-

395 2693 592 2749 rituum
623 2695 751 2749 illud
801 2702 1067 2766 temporis
1105 2700 1247 2768 quod
1292 2693 1425 2754 mibi
1455 2699 1555 2755 fuit
1583 2716 1745 2770 super
1774 2713 1973 2755 terram

395 2784 623 2853 factum,
654 2789 910 2843 existimo
941 2790 1146 2845 luctum
1174 2801 1228 2846 et
1259 2789 1472 2858 fletum,
1498 2791 1687 2861 lugens
1713 2792 1974 2862 quidnam

396 2892 616 2946 possum
666 2878 905 2935 tribuere
944 2878 1184 2935 'Domino
1231 2896 1329 2950 pro
1382 2882 1637 2937 onmibus
1681 2896 1803 2952 qua:
1850 2882 1980 2937 fecit

397 2965 550 3020 milii.
605 2965 659 3019 In
692 2967 837 3021 nullo
889 2969 1032 3022 enim
1085 2969 1335 3024 frustrati
1384 2985 1571 3025 sumus
1610 2984 1798 3026 eorum
1856 2987 1979 3043 quae

397 3071 505 3111 non
547 3056 840 3126 perfecerit
879 3060 1034 3115 nobis
1067 3061 1119 3115 in
1150 3060 1457 3116 humilitate
1494 3071 1699 3118 nostra.
1743 3064 1979 3135 Angelos

396 3151 600 3203 etenim
644 3166 772 3206 suos
813 3152 971 3209 nobis
1014 3153 1325 3210 ministrare
1364 3154 1530 3224 fecit,
1574 3157 1976 3229 proplietasque

399 3241 653 3309 proprios
698 3243 983 3299 vaticinari
1023 3246 1304 3316 praecepit,
1351 3247 1626 3317 apostolos
1655 3249 1823 3303 etiam
1853 3264 1981 3305 suos

397 3332 554 3387 nobis
572 3334 950 3405 evangelizare
966 3336 1151 3406 jussit.
1185 3338 1408 3408 Insuper
1434 3354 1562 3395 vero
1587 3340 1715 3396 illud
1733 3342 1977 3396 oumium

398 3423 609 3503 insigne
649 3439 735 3480 est
778 3440 1192 3499 praeceptorum,
1237 3432 1379 3500 quod
1418 3430 1771 3501 Unigenitum
1821 3448 1979 3490 suum

398 3516 628 3574 formam
656 3520 801 3574 servi
832 3520 963 3576 fecit
992 3536 1273 3579 assumere
1296 3538 1395 3592 pro
1423 3525 1595 3581 nobis.

471 3608 558 3665 Vl.
601 3610 844 3673 Obsecro
888 3613 1093 3682 itaque,
1138 3614 1445 3670 cbarissimi
1495 3614 1550 3669 in
1597 3614 1854 3682 Domino,
1887 3631 2019 3682 vos_

400 3702 492 3771 qui
518 3712 834 3758 sanctorum
864 3704 1130 3760 exsistitis
1156 3705 1487 3771 cobaeredes,
1524 3717 1583 3761 ut
1616 3709 1862 3765 excitare
1892 3723 1987 3764 ve-

332 3869 336 3873 }
397 3792 510 3849 litis
546 3796 795 3865 praprias
839 3805 1047 3851 mentes
1094 3798 1147 3851 in
1191 3798 1387 3853 timore
1436 3800 1555 3855 Dei.
1593 3801 1789 3856 Sermo
1835 3803 1981 3857 enim

399 3886 555 3941 vobis
581 3887 684 3942 iste
702 3888 783 3942 sit
807 3888 1146 3956 manifestus,
1171 3891 1312 3959 quod
1340 3889 1578 3947 Joannes
1601 3895 1818 3963 quidem
1847 3910 1986 3965 pra:-

399 3992 593 4032 cursor
614 3976 742 4035 Jesn
774 3980 1133 4048 baptizaverit
1158 3981 1210 4036 in
1241 3983 1612 4039 remissionem
1639 3999 1982 4054 peccatorum

402 4078 626 4139 propter
672 4086 805 4136 nos;
841 4072 1037 4140 spiritu
1069 4081 1253 4127 autem
1281 4074 1605 4129 sanctiï¬cati
1638 4076 1903 4133 fuerimus
1930 4079 1984 4134 in

395 4162 646 4219 Christo.
673 4162 1050 4233 Praeparemus
1080 4178 1180 4220 nos
1210 4166 1355 4236 ipsos
1388 4183 1531 4222 nunc
1561 4167 1615 4224 iu
1660 4173 1809 4225 oumi
1851 4187 1985 4226 san-

398 4256 596 4316 ctitate
627 4258 696 4311 ad
737 4258 1073 4327 purgandam
1107 4259 1415 4313 sensualem
1448 4271 1685 4317 mentem
1718 4272 1984 4336 nostram,

400 4360 460 4404 ut
503 4350 676 4406 simus
708 4350 893 4406 mundi
929 4350 982 4405 iu
1029 4352 1356 4422 baptismate
1383 4351 1510 4409 Jesu
1544 4356 1612 4411 ad
1646 4354 1983 4414 offerendum

2079 492 2288 547 Scitote
2321 492 2484 547 etiam
2510 491 2655 562 quod
2686 504 2876 545 omnes
2906 490 2961 544 in
2994 503 3053 543 se
3080 497 3360 559 gestantes
3387 485 3651 555 spiritum,

2076 585 2439 654 respicientur
2468 591 2525 639 et
2569 581 2875 638 vestientur
2910 581 3240 636 vestimento
3282 577 3396 643 illo,
3438 592 3547 647 quo
3573 593 3651 632 sn-

2077 691 2196 731 mus
2227 675 2376 730 exuti
2437 674 2594 745 juxta
2642 672 2953 747 sensualem
3011 680 3255 726 nostram
3305 669 3651 727 exstantiam.

2074 765 2208 822 Nam
2240 777 2296 823 et
2328 782 2470 836 saepe
2520 768 2581 820 lit
2615 781 2721 821 vos
2761 765 2984 821 veniens
3026 777 3246 832 semper
3275 776 3307 816 a
3344 760 3460 817 Deo
3503 759 3653 817 Patre

2075 860 2144 914 ad
2179 875 2373 916 omnes
2403 859 2526 915 illos
2555 859 2648 928 qui
2681 860 2734 912 in
2770 872 2831 913 se
2853 857 3031 927 ipsum
3062 864 3282 926 gerunt,
3314 853 3508 909 dicens
3537 854 3652 909 eis:

2075 950 2459 1019 Consolamini,
2497 949 2846 1005 consulamini
2871 947 3123 1017 populum
3160 962 3353 1012 Î¹Î¹Î¹ÎµÎ¹Î¹Î¹Î¹Î¹,
3387 946 3523 1001 dicit
3564 945 3653 1000 Do-

2073 1043 2289 1109 minus;
2331 1051 2380 1097 et
2427 1043 2749 1106 sacerdotes,
2803 1039 3080 1110 loquimini
3123 1039 3181 1094 in
3205 1039 3363 1094 corde
3405 1036 3657 1093 Hierusa-

2073 1134 2261 1188 lemâ€œ.
2327 1133 2470 1189 Deus
2532 1132 2735 1204 quippe
2792 1131 3161 1188 visitationem
3211 1130 3477 1186 continuo
3534 1128 3657 1184 fecit

2072 1236 2448 1283 creaturarum
2495 1240 2743 1292 suarum,
2784 1223 3141 1280 manifestans
3187 1222 3464 1294 propriam
3509 1221 3658 1277 boni-

2074 1326 2262 1372 tatem.
2299 1316 2364 1371 Et
2392 1329 2540 1380 vere,
2567 1315 2898 1379 cbarissimi,
2930 1315 3227 1371 secundum
3248 1314 3513 1369 minutias
3542 1328 3657 1368 ver-

2072 1407 2127 1462 bi
2179 1404 2448 1461 libertatis
2501 1406 2556 1460 in
2602 1420 2710 1475 qua
2758 1402 2975 1460 liberati
3017 1412 3240 1469 â€˜sumns,
3275 1413 3405 1459 sunt
3452 1411 3510 1457 et
3555 1402 3657 1457 alia

2082 1497 2481 1568 quamplurima
2534 1512 2657 1566 qua:
2717 1496 2969 1551 dicantur
3007 1496 3161 1551 vobis
3206 1512 3223 1548 :
3261 1495 3358 1550 sed
3393 1494 3445 1548 si
3470 1491 3659 1547 dedero

2073 1590 2402 1646 occasionem
2443 1589 2691 1658 sapienti,
2735 1588 3030 1658 sapientior
3078 1587 3177 1641 erit
3198 1586 3265 1640 â€œ.
3306 1585 3454 1641 Deus
3480 1593 3656 1641 autem

2073 1684 2224 1754 pacis
2259 1683 2349 1737 det
2375 1682 2532 1738 vobis
2556 1681 2790 1751 gratiam
2824 1678 3200 1744 discretionis,
3229 1686 3287 1733 ut
3316 1676 3659 1746 cognoscatis

2081 1788 2417 1846 quaecunque
2462 1773 2643 1829 scribo
2677 1773 2847 1837 vobis,
2885 1772 3028 1842 quod
3080 1771 3394 1825 mandatum
3435 1768 3513 1824 sit
3556 1768 3659 1821 Do-

2081 1865 2236 1921 mini.
2277 1864 2558 1920 Custodiat
2600 1877 2697 1919 vos
2741 1863 2879 1918 idem
2925 1861 3091 1916 totius
3126 1861 3317 1933 gratiae
3349 1859 3497 1914 Deus
3537 1873 3661 1913 san-

2081 1965 2200 2009 ctos
2234 1955 2287 2009 in
2321 1953 2547 2008 Domino
2575 1966 2746 2021 usque
2774 1954 2842 2006 ad
2882 1951 3235 2005 novissimum
3295 1945 3517 2003 ï¬‚atnen.
3554 1946 3663 2002 Oro

2080 2046 2262 2099 autem
2303 2045 2471 2099 Deum
2516 2057 2732 2113 semper
2768 2056 2870 2113 pro
2903 2041 3147 2097 omnium
3180 2047 3421 2096 vestrum
3466 2039 3660 2106 salute,

2080 2137 2135 2192 in
2171 2137 2399 2192 Domino
2438 2134 2799 2192 dilectissimi.
2838 2133 3028 2190 Gratia
3067 2132 3279 2187 Domini
3320 2132 3494 2188 nostri
3536 2129 3663 2187 Jesn

2081 2230 2287 2286 Cbristi
2321 2245 2444 2285 cum
2475 2230 2730 2287 omnibus
2761 2230 2934 2285 vobis.
2970 2229 3161 2284 Amen.

2632 2322 2970 2380 EPISTOLA
3006 2322 3097 2376 IV.

2151 2416 2195 2471 l.
2236 2415 2586 2472 Charissimis
2631 2426 2687 2470 et
2731 2415 3159 2480 houorabilibus,
3194 2428 3247 2469 to
3277 2411 3509 2468 Domino
3530 2410 3664 2466 salo-

2083 2517 2212 2563 tem.
2249 2508 2389 2564 Vere
2424 2507 2763 2564 dilectissimi
2790 2508 2843 2563 in
2875 2507 3124 2569 Domino,
3159 2506 3284 2577 quia
3321 2521 3429 2560 non
3463 2504 3519 2558 in
3560 2519 3663 2558 uno

2086 2610 2331 2670 tempore
2375 2608 2587 2654 tantum
2625 2599 2994 2655 visitationem
3040 2599 3171 2654 facit
3209 2597 3350 2653 Deus
3378 2607 3663 2653 creatura-

2084 2706 2204 2747 rum
2236 2706 2485 2758 suarum,
2526 2693 2621 2747 sed
2659 2706 2688 2746 a
2731 2691 3123 2748 constitutione
3165 2690 3347 2745 mundi
3400 2697 3664 2759 quatquot

2085 2792 2347 2837 venerant
2394 2783 2461 2838 ad
2499 2782 2750 2853 opiï¬cem
2821 2781 2989 2835 Deum
3045 2795 3144 2850 per
3201 2779 3661 2834 testamentarialu

2086 2876 2281 2947 legem,
2320 2877 2385 2931 iis
2415 2875 2639 2931 coadest
2669 2874 2813 2931 Deus
2860 2874 3087 2946 singulis
3117 2873 3169 2928 in
3195 2872 3549 2940 simplicitate
3578 2883 3665 2925 se-

2086 2970 2319 3023 cundum
2347 2968 2577 3039 gratiam
2608 2983 2707 3039 per
2742 2967 3007 3038 Spiritum
3052 2982 3230 3021 suum.
3265 2964 3339 3019 De
3379 2963 3664 3020 rationali-

2087 3061 2188 3117 bus
2221 3069 2404 3117 autem
2436 3061 2645 3116 naturis
2676 3061 2729 3115 in
2766 3060 2963 3131 quibus
2993 3059 3123 3113 illud
3160 3067 3547 3113 testamentum
3578 3071 3663 3112 re-

2082 3153 2365 3224 friguit,et
2388 3152 2564 3209 cilicia
2590 3152 2895 3209 animorum
2926 3151 3135 3207 illorqu
3159 3151 3492 3205 mortiï¬cata
3516 3156 3662 3215 sunt,
3704 3215 3715 3227 _

2083 3248 2159 3303 ita
2198 3257 2256 3302 ut
2306 3246 2446 3301 ultra
2521 3261 2630 3301 non
2677 3245 2957 3315 inquirant
2989 3257 3317 3315 cognoscere
3347 3241 3664 3312 semetipsas

2083 3337 2382 3393 secundum
2412 3352 2565 3392 suam
2593 3337 2830 3406 priorem
2867 3334 3259 3400 conditionem,
3293 3333 3413 3388 alia:
3450 3332 3663 3387 irratio-

2085 3431 2295 3488 nabiles
2336 3430 2558 3485 omnino
2586 3428 2813 3493 etlâ€˜ectm,
2844 3426 3150 3481 servierunt
3179 3433 3444 3480 creaturae
3490 3423 3665 3492 potius

2085 3541 2246 3598 quam
2281 3525 2551 3580 Creatori.
2585 3522 2731 3579 ldem
2771 3537 2901 3576 vero
2934 3520 3214 3584 Conditor,
3243 3518 3459 3588 propria
3512 3514 3664 3571 boni-

2088 3628 2198 3673 tate
2233 3598 2404 3672 nostri
2447 3616 2817 3671 visitationem
2857 3611 3038 3666 cffecit
3078 3627 3174 3682 per
3203 3608 3665 3664 testamentariam

2086 3710 2300 3781 legem,
2363 3709 2621 3779 quoniam
2690 3706 2993 3762 substantia
3056 3700 3379 3758 immortalis
3432 3698 3666 3756 exsistit.

2087 3804 2365 3873 Quotquot
2399 3800 2566 3874 igitur
2594 3798 2740 3869 digni
2777 3798 2944 3852 babiti
2969 3805 3095 3851 sunt
3129 3793 3322 3865 gratia,
3358 3802 3414 3846 et
3442 3804 3666 3847 canere;

2087 3904 2288 3950 verunt
2316 3908 2415 3965 per
2442 3908 2597 3948 suam
2640 3889 2970 3946 cardiualem
3006 3888 3199 3960 legem,
3233 3896 3288 3940 et
3328 3884 3506 3940 edocti
3547 3892 3666 3937 sunt

2092 4003 2190 4060 per
2213 3985 2477 4054 Spiritum
2510 3993 2759 4038 sanctum
2797 3981 3072 4051 capientes
3100 3980 3329 4033 filiorum
3367 3975 3668 4046 adoptionis

2087 4082 2358 4151 spiritum,
2394 4079 2445 4133 hi
2486 4078 2649 4133 etiam
2702 4073 3099 4144 praevaluerunt
3141 4072 3372 4126 adorare
3411 4068 3669 4124 Condito-

2088 4188 2204 4229 rem
2241 4171 2519 4243 proprium
2567 4168 2706 4223 sicut
2739 4173 2972 4235 oportet.
3008 4164 3083 4219 De
3111 4163 3302 4233 quibus
3337 4160 3539 4216 Paulus
3573 4160 3669 4224 ait,

2088 4266 2215 4336 quia
2250 4281 2355 4319 non
2386 4266 2743 4333 perceperunt
2773 4257 3219 4328 repromissiones
3241 4263 3464 4325 propter
3490 4251 3667 4308 riosâ€œ.

2160 4357 2223 4413 ll.
2265 4356 2319 4410 In
2356 4370 2449 4410 sua
2497 4366 2625 4406 vero
2669 4349 2981 4420 impartibili
3012 4347 3297 4403 dilectione
3328 4347 3524 4400 VOIMIS
3553 4346 3668 4415 ipse

399 4447 761 4517 nosmetipsos
789 4447 1020 4502 hostiam
1068 4448 1198 4503 Deo.
1229 4447 1329 4503 llic
1367 4463 1495 4504 vero
1523 4448 1840 4507 Paracletus
1866 4451 1989 4523 Spi-
2019 4466 2067 4523 Î¹)
2094 4458 2415 4505 cunctorum
2456 4444 2596 4498 Dens
2627 4439 2997 4495 visitationem
3032 4437 3212 4492 facere
3246 4434 3671 4507 refrigidationis

397 4538 538 4594 ritus
571 4542 661 4610 qui
703 4540 1016 4596 consolatur
1046 4556 1164 4607 nos,
1192 4543 1463 4597 convertit
1498 4530 1690 4599 rursus
1724 4545 1793 4599 ad
1835 4546 1987 4616 prin-

397 4629 601 4699 cipium
637 4638 880 4685 nostrum
913 4631 979 4685 ad
1027 4636 1427 4703 recuperaudas
1477 4634 1827 4691 lnereditates
1860 4652 1983 4708 pro.

403 4721 578 4792 prias,
607 4732 662 4776 et
705 4723 1011 4793 magisteria
1058 4725 1301 4796 ejusdem
1339 4727 1579 4797 Spiritus
1628 4729 1990 4801 consolantis,

402 4810 564 4882 hujus
603 4812 677 4867 rei
711 4813 885 4883 gratia
921 4825 1187 4885 quotquot
1218 4816 1273 4870 in
1302 4815 1522 4873 Christo
1548 4817 1809 4889 baptizati
1835 4831 1982 4888 sunt,

400 4903 621 4960 Christo
656 4906 827 4961 induti
859 4916 1021 4972 sunt;
1057 4924 1157 4964 nec
1197 4919 1275 4964 est
1313 4911 1587 4967 masculus
1615 4922 1708 4967 aut
1736 4914 1979 4981 femina;

404 5011 509 5053 non
537 5007 621 5052 est
645 5011 836 5052 servus
869 5010 961 5054 aut
990 5000 1126 5054 liber
1146 4999 1213 5054 â¸Â³.
1242 4998 1434 5057 Omnis
1457 5003 1622 5057 etiam
1642 5003 1835 5073 lingua
1863 5019 1987 5059 cor-

403 5098 595 5152 porum
636 5086 936 5142 destruitur
965 5088 1107 5158 apud
1163 5088 1303 5157 illos,
1338 5091 1729 5163 accipientibus
1760 5092 1840 5149 eis
1889 5093 1987 5148 do-

405 5175 637 5230 ctrinam
663 5178 835 5241 sancti
865 5177 1102 5249 Spiritus
1134 5181 1186 5235 in
1223 5190 1466 5253 tempore
1498 5199 1607 5254 quo
1631 5193 1849 5240 sument
1877 5186 1986 5240 lue-

404 5266 691 5322 reditalem
743 5278 1012 5338 sanctam,
1067 5281 1123 5328 et
1176 5274 1482 5330 adorabunt
1541 5277 1780 5342 Patrem,
1840 5278 1984 5331 sicut

402 5367 640 5428 Oportet,
694 5360 749 5414 in
797 5360 993 5430 spiritu
1029 5372 1083 5418 et
1116 5366 1423 5423 veritateâ€œ.
1460 5367 1780 5424 Manifestus
1823 5370 1991 5440 siqui.

406 5449 529 5505 dem
568 5449 639 5504 sit
664 5450 818 5506 vobis
850 5466 1032 5511 sermo
1062 5455 1195 5524 iste,
1226 5474 1325 5515 nec
1349 5471 1671 5530 exspectare
1703 5461 1988 5533 velitisju-

408 5543 608 5599 dicium
636 5541 879 5600 futurum
912 5546 964 5601 in
1002 5548 1090 5605 illa
1120 5554 1403 5622 praesentia
1440 5554 1599 5621 Jesu;
1633 5555 1747 5626 jam
1781 5559 1983 5610 etenim

479 5660 525 5738 Î¾â€™
550 5657 655 5714 lsa.
686 5658 883 5738 un,_5_.
959 5663 1201 5725 "Calai.
1236 5685 1316 5738 Î¹Î¹Î¹,
1348 5671 1439 5726 27.
1517 5672 1742 5728 â€œâ€˜loan.
1777 5688 1852 5737 iv,
1889 5670 1981 5728 9.3.

410 5725 460 5768 â¸â¸
482 5729 616 5790 Luc.
658 5746 766 5798 xvi,
792 5725 889 5786 Î¹Î¹Î¹.

2088 4549 2288 4597 nostra:
2327 4552 2390 4592 ac
2414 4531 2858 4605 dispensationis,
2884 4529 3147 4585 excitavit
3177 4526 3359 4582 Mosen
3394 4528 3672 4581 doctorem

2089 4633 2249 4704 legis,
2280 4628 2373 4699 qui
2410 4628 2564 4681 daret
2594 4624 2749 4679 nobis
2786 4624 2961 4693 legem
3004 4622 3056 4675 in
3093 4621 3293 4675 littera.
3326 4617 3393 4672 Et
3432 4619 3672 4674 fundavit

2054 4725 2201 4795 sipse
2223 4724 2377 4779 nobis
2403 4719 2651 4776 veritatis
2693 4717 2938 4778 domum,
2962 4728 3083 4784 qua:
3103 4721 3184 4767 est
3215 4711 3454 4767 Ecclesia
3482 4712 3671 4767 catho-

2088 4820 2193 4875 lica
2234 4830 2398 4888 quam
2448 4810 2677 4875 creavit,
2706 4808 2899 4863 volens
2940 4812 3259 4860 convertere
3289 4803 3431 4858 Deus
3459 4805 3531 4858 ad
3561 4803 3670 4873 pri-

2091 4926 2238 4967 mum
2276 4906 2514 4961 initium.
2551 4902 2617 4956 Et
2655 4899 2780 4970 quia
2821 4895 2998 4952 Moses
3044 4893 3261 4965 quidem
3302 4894 3591 4949 :editicavit
3618 4902 3668 4947 nl

2091 5001 2441 5076 pnecedens,
2474 4995 2678 5051 idcirco
2727 5008 2836 5047 non
2868 4988 3181 5044 timebimus
3223 5002 3473 5044 asserere
3525 5003 3669 5043 eum-

2094 5100 2215 5152 dem
2258 5093 2486 5147 latorem
2530 5088 2667 5157 legis
2705 5099 2873 5138 unum
2929 5096 3054 5136 esse
3098 5097 3164 5136 ex
3209 5082 3669 5150 praecursoribus:

2093 5199 2148 5244 et
2170 5187 2294 5258 quia
2328 5183 2563 5256 Spiritus
2586 5179 2677 5250 qui
2705 5179 2876 5232 fuerit
2913 5191 3035 5231 cum
3070 5172 3240 5241 Mose,
3281 5173 3425 5228 idem
3446 5173 3523 5228 sit
3550 5188 3668 5243 ope-

2091 5291 2244 5337 ratus
2280 5286 2335 5333 et
2370 5277 2423 5331 in
2474 5275 2643 5329 choro
2681 5278 3016 5331 sanctorum,
3053 5280 3352 5336 omnesque
3405 5265 3668 5333 petierunt

2092 5374 2159 5427 de
2190 5367 2485 5439 Unigenito
2515 5364 2629 5419 Dei.
2669 5362 2800 5417 ltem
2840 5358 3082 5416 Joannes
3112 5371 3253 5413 unus
3284 5359 3348 5411 de
3376 5371 3663 5426 praecurso-

2091 5462 2240 5519 ribus
2284 5467 2498 5524 exstat;
2541 5464 2595 5510 ct
2630 5455 2751 5511 ideo
2799 5454 2884 5507 lex
2908 5460 3066 5521 alque
3121 5449 3387 5520 propheta:
3416 5464 3579 5519 usque
3606 5447 3668 5500 ad

2090 5555 2349 5611 Joannem
2367 5553 2435 5618 â€œ;
2467 5564 2683 5619 regnum
2714 5546 2965 5601 cwlorum
3004 5543 3110 5599 vim
3132 5544 3355 5615 patitur,
3385 5548 3437 5594 et
3467 5539 3665 5594 violenti

2082 5670 2127 5706 â¸Â³
2150 5670 2251 5728 lsa.
2286 5684 2360 5725 Â»Î¹Î¹
2386 5708 2399 5733 ,
2435 5670 2488 5735 i,
2531 5666 2586 5720 Î¾â€™..
2664 5662 2709 5695 â€™â¸â¸
2738 5661 2894 5718 Prov.
2930 5676 2981 5713 Î¹Î¹
3005 5700 3019 5727 ,
3056 5658 3112 5714 9.
3190 5658 3234 5691 "
3266 5654 3433 5713 llebr.
3460 5670 3539 5722 xi,
3590 5656 3663 5711 t3.
