3860 6316
215 306 324 364 993

1264 307 1324 364 S.
1367 304 1650 363 ΑΝἸῸΝΙΙ
1687 305 1756 361 Μ.
1803 305 2096 362 ΑΒΒΑΤΙΒ
2138 304 2522 362 EPISTOLE.

3397 305 3502 361 θυι

211 423 474 492 diripiunt
513 421 649 476 illud
667 423 734 480 δ’.
764 421 1136 478 Przevidentes
1167 431 1348 478 autem
1399 425 1435 480 ii
1466 426 1558 494 qui
1605 424 1803 495 spiritu
1835 428 1878 484 Α
1918 425 2077 478 redes
2100 423 2348 479 erimus:
2386 422 2638 476 [heredes
2663 422 2874 492 quidem
2911 423 3028 490 Dei,
3069 425 3364 481 coliwredes
3400 447 3500 484 au-

211 517 563 582 ferebantur,
599 515 744 585 quod
777 514 922 568 nulla
955 523 1209 569 creatura
1247 517 1417 584 possit
1447 529 1639 572 curare
1667 515 1812 568 illam

209 609 634 680 grandissimam
688 607 923 678 plagam,
954 607 1059 661 nisi
1112 607 1228 662 sola
1262 607 1547 662 beatitudo
1593 609 1685 662 Dei
1718 609 1810 678 qui

209 710 293 754 est
327 699 660 771 Unigenitus
691 700 832 769 ejus,
857 713 1130 770 quemque
1161 708 1215 753 et
1239 701 1534 755 destinavit
1560 702 1627 755 ad
1656 701 1808 756 salu-

211 797 325 848 tém
363 793 536 847 totius
565 792 736 855 orbis,
763 791 853 862 qui
883 801 935 846 et
959 801 1044 845 est
1086 790 1329 850 medicus
1358 806 1589 858 magnus
1619 801 1812 862 potens

209 901 413 942 curare
451 885 724 953 ingentem
781 885 993 955 plagam
1023 899 1122 938 sua
1153 883 1438 939 bonitate:
1475 886 1638 940 Pater
1664 901 1810 940 crea-

208 989 466 1034 turarum
513 994 618 1032 non
673 978 917 1048 pepercit
960 978 1249 1048 Unigenito
1277 987 1500 1048 propter
1533 993 1654 1043 uos,
1688 995 1810 1033 eum

204 1082 306 1141 pro
332 1080 526 1126 nostra
561 1070 940 1124 universorum
985 1071 1160 1125 salute
1193 1072 1412 1126 tradens
1440 1088 1538 1142 pro
1573 1075 1812 1140 peccatis

205 1163 418 1218 nostris
457 1171 512 1216 et
552 1175 652 1229 pro
685 1162 1058 1231 iniquitatibus
1084 1161 1152 1217 ⁸⁸.
1201 1162 1269 1216 Et
1314 1163 1427 1232 ipse
1473 1163 1690 1233 quidem
1726 1178 1812 1217 se-

205 1253 505 1322 metipsum
553 1252 879 1314 lmmiliavit,
914 1253 1010 1306 sed
1083 1253 1226 1306 illius
1275 1253 1438 1308 livore
1487 1271 1585 1309 nos
1624 1271 1813 1310 omnes

209 1346 393 1400 sanati
421 1344 700 1408 sumus“;
734 1343 1006 1411 verboque
1036 1344 1256 1398 virtutis
1308 1359 1420 1398 suae
1459 1348 1813 1415 congregavit

204 1453 310 1496 nos
337 1453 406 1493 ex
439 1434 694 1490 omnibus
733 1436 1048 1507 regionibus
1070 1435 1137 1489 ab
1168 1447 1419 1491 extremo
1453 1447 1613 1492 terrre
1643 1453 1812 1508 usque

205 1530 272 1583 ad
309 1527 567 1582 ultimum
605 1526 779 1590 orbis,
815 1527 1019 1581 faciens
1069 1528 1524 1582 resurrectionem
1561 1531 1810 1584 cordium

185 1629 533 1678 nostrorum
566 1635 595 1673 a
630 1629 804 1684 terra,
837 1619 1131 1688 docuitque
1175 1634 1276 1674 nos
1299 1619 1627 1674 alterutrum
1658 1622 1810 1675 exsi-

205 1723 356 1768 stere
385 1710 632 1765 membra
651 1750 665 1763 .

1901 515 2018 568 'tem
2049 513 2248 569 Christi
2265 515 2332 570 δ’.
2365 514 2686 570 Manifesms
2715 515 2886 586 igitur
2935 517 3008 572 sit
3056 518 3208 572 vobis
3249 519 3350 574 iste
3388 537 3502 576 ser-

1915 619 2026 669 mo,
2061 606 2206 674 quod
2266 605 2370 660 nisi
2428 606 2550 676 quis
2601 608 2990 676 prreparaverit
3054 611 3499 667 emendationem

1913 697 2218 766 propriam,
2252 711 2351 751 nec
2390 708 2618 752 conatus
2650 697 2816 752 fuerit
2859 715 2921 753 ex
2957 706 3068 754 tota
3100 700 3330 766 virtute,
3360 705 3501 773 quod

1913 788 2043 842 huic
2092 788 2359 843 adventus
2393 788 2691 842 Salvatoris
2728 789 2779 843 iu
2809 787 3072 857 judicium
3117 792 3229 846 ﬁet.
3263 792 3500 860 Quibus-

1913 879 2037 932 dam
2086 880 2230 934 euim
2289 891 2374 935 est
2439 882 2569 935 odor
2607 882 2790 937 mortis
2816 881 2869 936 in
2900 895 3140 948 mortem,
3187 887 3502 954 quibusdam

1916 979 2095 1023 autem
2123 971 2256 1024 odor
2281 973 2397 1026 uita:
2423 973 2475 1025 in
2507 974 2671 1026 vitam
2695 973 2777 1038 '3;
2810 986 3093 1044 propterea
3126 977 3269 1046 quod
3307 979 3364 1031 in
3390 980 3502 1032 rui-

1921 1079 2042 1116 nam
2090 1073 2140 1117 ει
2191 1065 2247 1117 in
2305 1068 2734 1120 resurrectionem
2766 1068 3047 1120 multorum
3078 1071 3278 1137 positus
3331 1072 3401 1125 sit
3446 1073 3500 1124 in

1916 1151 2111 1218 Israel,
2155 1163 2202 1208 et
2234 1154 2289 1206 in
2322 1154 2533 1224 signum
2590 1159 3024 1211 contradictionis
3052 1160 3120 1213 '9.
3159 1159 3502 1230 Quapropter

1917 1243 2149 1299 obsecro
2189 1260 2306 1310 vos,
2340 1262 2409 1302 ne
2456 1248 2742 1318 Itegligatis
2780 1249 3010 1304 salutem
3058 1255 3367 1320 propriam;
3403 1252 3498 1306 sed

1917 1337 2290 1406 unusquisque
2309 1347 2547 1392 vestrum
2571 1340 2779 1393 scindat
2805 1356 2921 1402 cor,
2946 1353 2999 1396 et
3026 1359 3128 1395 uou
3153 1345 3495 1410 vestimenta,

1922 1443 1990 1482 ne
2025 1428 2165 1483 forte
2199 1430 2384 1482 amicti
2411 1430 2596 1484 habitu
2634 1431 2854 1502 injuste,
2884 1451 3138 1504 paremus
3178 1431 3332 1490 nobis
3353 1436 3500 1504 judi-

1916 1521 2083 1573 cium.
2139 1520 2275 1574 Ecce
2313 1521 2459 1575 euim
2507 1522 2618 1591 jam
2666 1526 3121 1596 appropinquabit
3179 1537 3411 1598 tempus,
3445 1530 3496 1583 in

1914 1624 2022 1679 quo
2080 1611 2377 1680 probentur
2427 1613 2849 1682 uniuscujusque
2895 1627 3133 1672 vestrum
3179 1634 3363 1687 opera.
3422 1619 3497 1674 De

1919 1703 2142 1756 minutia
2197 1718 2326 1757 vero
2367 1704 2540 1770 verbi,
2589 1699 2746 1762 erant
2793 1709 2898 1762 alia
2959 1727 3077 1778 qua:
3127 1712 3500 1766 scriberentur

275 1803 369 1860 III.
409 1802 651 1858 Obsecro
683 1817 814 1871 ergo
850 1817 972 1863 vos,
1006 1801 1314 1856 eliarissimi
1364 1803 1418 1857 in
1469 1802 1716 1868 Domino,
1753 1814 1813 1858 ut
1845 1774 1886 1829 Β
1917 1793 2088 1857 vobis,
2119 1795 2211 1850 sed
2235 1795 2498 1864 scriptum
2537 1806 2620 1850 est
2650 1820 2661 1853 :
2696 1798 2774 1853 Da
2821 1803 3045 1869 sapienti
3083 1805 3426 1868 occasionem,
3450 1814 3500 1858 et

205 1895 532 1966 intelligatis
564 1895 787 1964 scripta,
821 1894 943 1962 quia
976 1893 1067 1948 Dei
1097 1895 1346 1948 mandata
1376 1905 1521 1948 sunt.
1555 1893 1809 1962 Magnum

206 1987 415 2058 quippe
461 1985 618 2040 nobis
668 1994 751 2039 est
805 1985 926 2050 hoc,
965 1993 1021 2036 ut
1061 1984 1412 2039 advertamus
1464 1996 1701 2040 mentem
1743 1988 1810 2039 ad

207 2080 446 2134 formam
467 2093 627 2148 quam
653 2077 947 2146 assumpsit
969 2076 1128 2132 Jesus
1159 2089 1382 2148 pr0pter
1408 2094 1529 2143 nos,
1562 2095 1626 2133 eo
1664 2081 1810 2150 quod

208 2185 307 2243 per
343 2170 529 2226 omnia
571 2171 730 2224 nobis
781 2167 977 2223 similis
1031 2169 1196 2223 fuerit
1236 2180 1464 2238 excepto
1495 2180 1718 2238 peccato
1741 2171 1810 2223 ".

218 2262 398 2318 Decet
432 2262 598 2316 etiam
640 2265 704 2314 tit
745 2270 799 2314 et
841 2275 940 2314 nos
991 2259 1090 2330 ipsi
1129 2260 1422 2325 liberemus
1454 2260 1597 2330 ipsos
1624 2277 1722 2316 nos
1757 2262 1810 2315 in

207 2356 330 2424 ejus
359 2355 679 2419 adventum,
709 2362 764 2409 et
795 2352 941 2408 illius
972 2353 1200 2408 stultitia
1250 2369 1347 2408 nos
1374 2355 1654 2424 sapientes
1694 2353 1810 2408 elli-

210 2449 347 2512 ciat,
384 2455 680 2518 paupertas
725 2446 896 2516 ipsius
931 2447 1088 2511 ditet,
1133 2455 1190 2500 et
1227 2445 1516 2501 inﬁrmitas
1559 2448 1811 2500 robustos

208 2540 492 2602 ostendat,
531 2547 584 2593 et
627 2547 686 2592 ut
736 2537 851 2607 ipse
891 2537 1133 2592 omnium
1194 2538 1525 2593 resurrectio
1569 2537 1684 2602 ﬁat,
1721 2539 1814 2593 de-

212 2646 436 2688 strueus
462 2646 583 2686 eum
611 2631 702 2700 qui
733 2630 924 2684 mortis
950 2629 1113 2685 habet
1140 2629 1450 2700 imperium.
1482 2630 1633 2685 Tune
1666 2631 1810 2685 enim

213 2723 561 2780 cessabimus
592 2737 728 2790 opus
761 2721 962 2776 habere
994 2723 1291 2776 secundum
1335 2725 1554 2776 carnem
1603 2721 1657 2776 in
1685 2721 1810 2776 JeSu

213 2817 477 2869 adventu.
524 2813 766 2883 Namque
800 2813 960 2867 Jesus
1012 2823 1338 2882 cooperatur
1379 2813 1534 2869 nobis
1581 2815 1632 2869 in
1671 2816 1812 2869 bono

215 2903 475 2968 servitio,
522 2918 804 2971 usquequo
851 2902 1194 2956 destruamus
1257 2901 1518 2954 malitiam
1569 2896 1808 2956 omnem.

209 2988 390 3052 'Tunc
441 3004 658 3062 quoque
709 2993 852 3046 dicet
904 2992 1057 3044 nobis
1107 2990 1266 3045 Josus
1295 3010 1307 3044 :
1336 2991 1458 3045 1am
1491 3009 1592 3045 non
1622 2994 1812 3046 vocabo

1914 1887 2202 1954 sapientior
2249 1888 2345 1940 erit
2366 1887 2432 1940 ⁸⁸.
2484 1889 2673 1943 Saluto
2726 1906 2822 1945 vos
2864 1907 3054 1948 omnes
3103 1895 3152 1947 in
3215 1896 3442 1950 Domino
3471 1912 3502 1950 a

1914 1978 2142 2032 minimo
2193 1992 2364 2048 usque
2396 1979 2464 2033 ad
2495 1996 2770 2050 maguum.
2810 1985 2950 2039 Deus
2996 1997 3179 2040 autem
3230 1989 3380 2057 pacis
3408 2005 3502 2044 cu-

1914 2074 2117 2128 stodiat
2155 2089 2252 2128 vos
2290 2075 2598 2141 universos,
2633 2079 2961 2132 charissiiui.

2512 2168 2847 2225 EPISTULA
2891 2171 2954 2226 V.

1982 2258 2025 2312 l.
2069 2259 2340 2314 Antbnius
2372 2261 2740 2317 dilectissimis
2765 2264 2926 2328 natis,
2966 2263 3088 2320 ﬁliis
3114 2264 3374 2322 lsraelitis
3413 2283 3500 2324 se-

1913 2352 2152 2407 cundum
2192 2354 2500 2409 sensualem
2533 2355 2776 2424 ipsorum
2808 2357 3134 2412 exstantiam
3172 2380 3184 2414 :
3218 2374 3322 2414 non
3352 2360 3498 2415 enim

1915 2458 2137 2498 necesse
2179 2453 2264 2499 est
2292 2447 2564 2500 notuinari
2599 2447 2862 2501 vocabula
2890 2464 3010 2517 qua:
3045 2459 3345 2513 transeunt,
3371 2453 3499 2520 quia

1916 2534 2010 2588 lilii
2035 2552 2094 2589 es
2121 2535 2168 2590 is
2196 2535 2378 2592 Israel.
2409 2537 2601 2593 Adhuc
2635 2555 2763 2594 vere
2791 2541 2902 2593 nati
2934 2541 3058 2607 mei,
3089 2541 3307 2596 dilectio
3338 2557 3498 2612 quam

1920 2625 2094 2680 habeo
2130 2612 2195 2680 in
2230 2643 2346 2692 vos,
2382 2644 2488 2684 non
2524 2640 2603 2685 est
2647 2631 2865 2686 dilectio
2915 2633 3250 2703 corporalis,
3291 2635 3384 2689 sed
3415 2645 3501 2690 est

1914 2719 2158 2774 Charitas
2186 2721 2412 2790 spiritus
2444 2721 2670 2777 cultura:
2705 2723 2821 2777 Dei.
2853 2723 3144 2799 Propterea
3179 2736 3364 2782 autem
3398 2740 3499 2781 nec

1916 2811 2200 2882 defatiger,
2231 2814 2528 2868 obsecrans
2559 2813 2728 2869 Deum
2761 2815 2849 2871 die
2878 2832 2943 2872 ac
2998 2827 3160 2873 nocte
3191 2833 3290 2886 pro
3321 2818 3496 2883 vobis,

1917 2913 1976 2958 ut
2023 2903 2241 2972 possitis
2295 2920 2622 2976 cognoscere
2667 2907 2899 2976 gratiam
2943 2924 3064 2978 quae
3107 2924 3366 2966 concessa
3418 2920 3504 2966 est

1916 2996 2089 3050 vobis.
2121 2996 2256 3064 Quia
2303 3013 2408 3052 nou
2461 2997 2514 3052 in
2551 3013 2658 3053 uno
2694 3010 2936 3072 tempore
2967 3002 3333 3058 visitationem
3373 3003 3504 3059 facit

217 3105 308 3143 eos
350 3103 551 3150 servos,
582 3097 633 3138 at
663 3085 856 3154 fratres
878 3084 944 3136 ⁸³.
975 3082 1203 3148 Quando
1229 3083 1392 3148 igitur
1415 3083 1496 3137 sic
1519 3098 1614 3137 eos
1649 3099 1808 3137 voca-
1839 3113 1883 3171 ο
1914 3076 2290 3144 creaturarum
2335 3105 2558 3145 suarum
2580 3131 2596 3158 ,
2651 3095 2745 3148 sed
2783 3110 2814 3149 a
2861 3097 3253 3153 constitutione
3317 3098 3503 3154 mundi

217 3181 297 3234 vit
326 3179 470 3233 Deus
496 3187 553 3230 ut
581 3178 890 3247 acciperent
922 3177 1173 3245 spiritum
1203 3175 1436 3230 ﬁliorum
1473 3175 1807 3245 adeptionis,

223 3281 357 3326 tune
394 3279 451 3323 et
478 3268 714 3336 Spiritus
746 3278 968 3322 sanctus
997 3269 1180 3322 docuit
1210 3282 1303 3322 eos
1330 3267 1560 3322 adorare
1591 3268 1808 3323 Patrem

217 3366 362 3421 sicut
404 3361 708 3430 oportebat.
751 3360 900 3416 Unde
943 3371 997 3415 et
1054 3361 1182 3414 mihi
1237 3375 1452 3430 quoque
1490 3360 1808 3426 deterrimo,

211 3457 409 3528 juncto
434 3452 584 3517 Jesu,
617 3463 829 3521 tempus
847 3452 987 3506 istud
1017 3451 1070 3506 iu
1095 3468 1203 3523 quo
1233 3451 1576 3517 advenimus,
1609 3451 1809 3506 factum

216 3557 303 3605 est
331 3546 626 3602 Iaetiﬁcatio
653 3553 708 3600 et
732 3545 931 3608 luctus,
965 3554 1020 3598 et
1050 3543 1232 3602 ﬂetus.
1264 3541 1533 3610 Quoniam
1568 3551 1623 3597 et
1655 3543 1807 3596 tuttlti

217 3643 288 3696 de
314 3653 516 3709 genere
548 3647 734 3692 nostro
755 3637 1045 3690 induerunt
1076 3637 1392 3690 indumenta
1421 3635 1656 3704 pietatis,
1699 3635 1807 3687 vir-

219 3741 395 3786 tutem
419 3747 550 3786 vero
580 3739 943 3800 negaverunt.
977 3730 1338 3796 Quamobrem
1388 3739 1443 3784 et
1481 3744 1582 3797 ego
1628 3728 1682 3781 in
1730 3728 1814 3782 bis

219 3825 447 3898 quidem
503 3825 749 3879 laetiticor
820 3821 911 3892 qui
985 3830 1430 3891 prarparavcruut
1495 3821 1816 3890 semctipsos

221 3920 465 3974 liberare
519 3917 572 3972 in
616 3919 848 3970 adventu
901 3912 1070 3981 Iesu;
1108 3915 1159 3967 in
1207 3913 1314 3968 illis
1353 3927 1484 3967 vero
1515 3912 1690 3982 lugeo,
1723 3911 1811 3981 qui

224 4009 578 4080 interpellant
608 4022 808 4063 nomen
846 4004 998 4070 Jesu,
1029 4015 1082 4061 et
1115 4005 1323 4060 faciunt
1357 4005 1664 4060 voluntates
1693 4018 1818 4057 cor-

223 4103 310 4158 dis
353 4111 408 4157 et
455 4099 657 4156 carnis.
703 4096 925 4153 Necnon
970 4109 1024 4153 et
1053 4111 1146 4152 eos
1187 4095 1383 4162 deﬂeo,
1411 4096 1504 4166 qui
1540 4096 1818 4150 intuentes

223 4191 622 4263 longitudinem
674 4191 962 4261 temporis,
1003 4189 1378 4260 pusillanimes
1438 4187 1616 4244 eﬁ'ecti
1669 4197 1816 4254 sunt,

228 4297 282 4342 et
299 4284 676 4356 spoliaverunt
696 4297 754 4338 se
770 4282 992 4354 pietatis
1031 4281 1255 4346 amictu,
1279 4280 1407 4336 facti
1437 4281 1580 4336 sicut
1611 4281 1815 4334 bestize.

298 4376 391 4433 IV.
430 4379 744 4447 Agnoscaut
792 4391 922 4430 vero
972 4373 1282 4446 huiusmodi
1337 4372 1585 4427 dicentes
1629 4387 1642 4425 :
1678 4369 1817 4437 Quia

1916 3182 2228 3234 moderatur
2261 3179 2401 3235 Deus
2433 3183 2680 3250 proprias
2708 3196 3012 3248 creaturas,
3048 3203 3146 3258 per
3185 3188 3502 3258 generatio-

1916 3287 2012 3326 nes
2042 3271 2285 3343 siugulas
2315 3275 2760 3346 expergefaciens
2808 3294 3082 3350 quemque
3115 3281 3503 3338 occasionibus

1917 3365 2240 3427 quibusdam
2291 3376 2344 3421 et
2399 3368 2602 3437 gratia.
2640 3366 2795 3423 Nunc
2841 3370 3048 3439 itaque,
3102 3371 3278 3438 ﬁlioli,
3331 3371 3504 3427 nolite

1916 3456 2190 3526 negligere
2237 3457 2635 3526 proclamantes
2671 3459 2739 3514 ad
2784 3459 3071 3517 Dominum
3104 3463 3196 3518 die
3228 3478 3292 3518 ac
3321 3473 3499 3529 nocte,

1926 3546 2315 3616 compellantes
2355 3548 2743 3616 benignitatem
2774 3549 2976 3618 Patris,
3011 3561 3067 3606 ut
3093 3553 3192 3608 hoc
3214 3555 3376 3610 donet
3407 3569 3502 3610 vo-

1919 3637 2008 3693 bis
2057 3639 2387 3706 adjutorium
2418 3640 2485 3692 de
2537 3639 2702 3705 cwlo,
2737 3641 2940 3696 docens
2972 3657 3066 3699 vos
3095 3659 3380 3715 usquequo
3405 3661 3501 3701 co-

1919 3731 2192 3800 gnoscatis
2233 3733 2364 3800 quid
2423 3731 2477 3784 in
2537 3746 2597 3786 se
2662 3733 2874 3788 habeat.
2939 3733 3074 3788 Nam
3117 3750 3262 3799 vere,
3312 3737 3501 3804 ﬁlioli,

1926 3824 2017 3891 qui
2063 3823 2116 3876 in
2174 3822 2392 3892 propria
2445 3837 2578 3878 nece
2627 3825 3016 3892 consistimus,
3070 3826 3381 3886 habitantes
3443 3840 3504 3886 et

1921 3915 1974 3968 in
2006 3913 2230 3968 latronis
2259 3915 2420 3969 domo
2452 3924 2504 3970 et
2537 3928 2820 3972 manentes
2844 3958 2860 3984 ,
2903 3933 3007 3972 non
3051 3929 3108 3973 et
3159 3921 3350 3976 mortis
3382 3923 3501 3976 vin-

1919 4004 2057 4060 culis
2121 4005 2427 4075 obligamur
2496 4021 2659 4062 nunc.
2727 4007 3069 4080 Quapropter
3114 4029 3182 4066 ne
3243 4013 3502 4068 dederitis

1923 4111 2173 4151 somnum
2227 4098 2401 4152 oculis
2434 4099 2650 4165 vestris,
2681 4114 2780 4154 nec
2828 4101 3104 4172 palpebris
3159 4104 3502 4159 dormitatio-

1920 4201 2044 4242 nem
2068 4188 2138 4253 ⁶¹,
2168 4186 2457 4244 oll'erentes
2515 4192 2874 4260 vosmetipsos
2940 4195 3266 4250 sacriﬁcium
3308 4197 3419 4251 Deo
3453 4196 3506 4252 in

1919 4281 2065 4334 omni
2095 4281 2404 4344 sanctitate,
2427 4299 2587 4350 quam
2627 4299 2790 4338 nemo
2819 4284 3146 4340 luereditare
3179 4297 3357 4356 potest
3385 4287 3508 4342 sine

1921 4371 2306 4425 sanctimonia.
2352 4373 2514 4438 Vere,
2560 4375 2869 4430 charissimi
2913 4376 2966 4431 in
3022 4377 3273 4446 Domino,
3328 4379 3506 4434 maui-

218 4472 338 4544 jam
379 4487 484 4524 non
533 4469 726 4523 uocabo
756 4485 845 4522 vos
871 4484 1065 4528 servos,
1094 4466 1184 4520 sed
1218 4475 1265 4519 et
1299 4465 1495 4518 amicos
1524 4474 1573 4518 et
1603 4463 1818 4532 fratres;
1851 4456 1894 4511 D
1924 4459 2094 4516 festus
2136 4462 2210 4517 sit
2254 4463 2406 4518 vobis
2447 4465 2549 4519 iste
2594 4480 2796 4531 sermo,
2828 4477 2880 4521 et
2915 4468 2967 4522 id
3009 4469 3152 4537 quod
3197 4470 3398 4524 bonum
3425 4479 3509 4525 est

225 4568 354 4636 quia
394 4579 718 4632 qua'cunque
755 4571 874 4614 nota
931 4561 1054 4628 fecit
1106 4559 1236 4611 mihi
1269 4555 1452 4624 Pater,
1484 4555 1818 4624 manifestavi

226 4657 376 4714 vobis
401 4655 468 4710 “.
508 4654 844 4712 Conﬁtentes
890 4653 1055 4723 igitur
1096 4661 1274 4706 mente
1305 4650 1448 4720 quod
1482 4657 1820 4717 agnoverunt

227 4748 556 4817 semetipsos
580 4746 879 4801 secundum
927 4744 1233 4799 sensualem
1259 4757 1412 4797 suam
1437 4742 1818 4806 substantiam,

229 4843 504 4898 dederunt
534 4853 722 4892 vocem
760 4837 1005 4892 dicentes
1035 4850 1049 4888 :
1080 4835 1219 4900 Quia
1265 4835 1359 4888 etsi
1399 4835 1736 4902 cognovimus
1771 4845 1819 4888 te

230 4930 522 5001 aliquando
555 4928 842 4983 secundum
891 4942 1127 4990 carnem,
1163 4925 1254 4979 sed
1285 4941 1421 4978 nunc
1446 4926 1564 4996 jam
1593 4943 1696 4980 non
1726 4942 1822 4979 no-

231 5025 404 5078 rimus
431 5022 500 5076 ".
549 5021 764 5088 Quique
835 5017 1168 5087 accipientes
1223 5016 1457 5070 ﬁliorum
1515 5018 1823 5086 adoptionis

231 5118 513 5187 spiritum,
554 5115 1002 5170 exclamaverunt
1040 5111 1320 5166 dicentes:
1353 5108 1475 5163 Non
1517 5110 1652 5164 enim
1675 5126 1824 5163 acce-

232 5209 405 5273 pimus
435 5204 682 5274 spiritum
730 5203 992 5256 servitutis
1029 5200 1217 5254 iterum
1242 5201 1296 5253 in
1320 5201 1527 5266 timore,
1558 5201 1648 5254 sed
1677 5216 1824 5254 acce-

231 5303 405 5369 pimus
441 5297 687 5365 spiritum
727 5295 1025 5362 adoptionis
1060 5294 1115 5376 in
1144 5309 1246 5363 quo
1280 5287 1572 5348 clamamus
1615 5294 1821 5357 :Abba,

236 5386 402 5441 Pater
423 5388 492 5443 ⁸⁸.
521 5385 678 5442 Nunc
729 5401 883 5459 ergo,
919 5385 1085 5453 Deus,
1116 5385 1467 5454 cognovimus
1490 5401 1826 5454 quaecunque

233 5479 449 5536 donasti
481 5479 656 5547 nobis,
684 5489 740 5534 et
763 5471 967 5535 Scimus
988 5478 1243 5548 quoniam
1271 5475 1361 5530 ﬁlii
1390 5491 1598 5543 sumus,
1628 5487 1681 5530 et
1713 5475 1827 5530 lue-

309 5683 358 5718 ”
385 5685 576 5740 Matth.
613 5686 800 5751 x512.

237 5769 293 5826 v,
323 5756 411 5812 t6.

880 5687 925 5719 '°
954 5687 1108 5742 Rom.
1134 5700 1254 5752 vnt,
1273 5682 1364 5738 '52.

1441 5683 1484 5715 ⁸¹
1515 5683 1621 5738 lsa.
1654 5699 1770 5747 Ltll,
1802 5683 1852 5737 5.
1898 5685 1944 5716 ⁸⁸
1977 5683 2138 5739 Hebr.
2170 5701 2241 5745 tv.
2269 5685 2355 5740 15.

489 5757 538 5790 ⁸⁸
567 5755 725 5814 Rout.
756 5773 876 5828 \‘tlt,
906 5757 994 5814 15.
1040 5759 1084 5790 ⁸⁷
1115 5759 1247 5814 ibid.
1279 5755 1364 5810 17.
1436 5755 1481 5790 ⁵³
1508 5755 1553 5810 ιι
1576 5755 1704 5813 Cor.
1733 5772 1798 5824 tt,
1826 5755 1917 5812 16.

1927 4551 2163 4619 faciatis,
2198 4553 2250 4607 in
2281 4569 2390 4624 quo
2419 4564 2474 4609 et
2514 4557 2799 4611 universos
2840 4559 3100 4614 reﬁcietis
3127 4571 3370 4625 sanctos,
3396 4561 3508 4615 ala-

1925 4647 2174 4701 critatem
2209 4645 2514 4700 animorum
2563 4649 2887 4718 prtebeutes,
2919 4651 3238 4722 obsequium
3289 4654 3509 4724 angelo-

1925 4753 2070 4803 rum,
2105 4747 2159 4794 et
2191 4737 2613 4796 ltetiﬁcatiouem
2649 4738 2798 4806 Jesu,
2831 4743 3088 4811 quoniam
3132 4745 3364 4798 necdum
3422 4757 3508 4800 re-

1928 4830 2107 4900 quiem
2133 4829 2446 4885 babueruut
2471 4843 2692 4902 propter
2715 4849 2813 4889 nos
2841 4849 3009 4902 usque
3035 4835 3102 4889 ad
3127 4836 3264 4890 hanc
3295 4837 3507 4900 horam,

1927 4923 2022 4977 sed
2051 4932 2107 4978 et
2136 4923 2264 4976 Inibi
2292 4923 2895 4988 deterrimo,habitanti
2931 4927 2983 4980 in
3013 4927 3113 4981 hac
3145 4926 3286 4982 lutea
3326 4929 3508 4993 domo,

1928 5019 2174 5074 eamdem
2229 5017 2469 5074 laetitiam
2521 5021 2574 5074 iu
2616 5021 2808 5088 spiritu
2846 5037 2987 5076 meo.
3020 5021 3158 5077 Vere
3191 5022 3411 5089 etenim,
3445 5022 3511 5076 ﬁ-

1928 5110 2064 5176 lioli,
2113 5111 2238 5179 quia
2277 5120 2461 5165 nostra
2504 5112 2918 5168 iucouunoditas
2966 5123 3020 5167 et
3064 5112 3327 5169 inutilitas
3361 5115 3511 5169 dolo-

1931 5217 2047 5258 rem
2087 5203 2166 5256 eis
2204 5203 2460 5256 omnibus
2508 5203 2732 5272 prtebet,
2787 5214 3013 5259 utuntur
3056 5206 3311 5275 lacrymis
3353 5215 3512 5276 atque

1935 5295 2230 5366 gemitibus
2263 5309 2362 5363 pro
2396 5295 2552 5350 nobis
2587 5295 2640 5349 in
2671 5309 2966 5368 conSpectu
2995 5297 3334 5365 Conditoris;
3363 5309 3418 5354 et
3444 5299 3512 5354 ob

1936 5388 2041 5442 hoc
2091 5396 2411 5442 cunctorum
2457 5388 2621 5442 etiam
2673 5389 2814 5445 Deus
2860 5391 3108 5446 irascitur
3143 5407 3306 5462 super
3348 5407 3512 5462 opera

1933 5486 2120 5532 nostra
2163 5477 2395 5547 maligna
2433 5491 2653 5549 propter
2676 5481 2934 5552 gemitum
2965 5492 3276 5538 sanctorum
3311 5481 3512 5538 :sicuti

2434 5687 2481 5719 ⁵³
2506 5685 2664 5742 Joan.
2695 5702 2786 5748 xv,
2820 5687 2906 5742 15.
2964 5687 3011 5721 ⁸⁸
3036 5687 3161 5740 ibid.
3244 5686 3289 5716 ⁸⁵
3317 5685 3352 5737 ll
3385 5682 3514 5736 (lor.

1997 5757 2040 5790 ”
2071 5755 2205 5814 Luc.
2244 5773 2307 5828 tt,
2336 5758 2425 5814 54.
2503 5760 2546 5790 ⁶⁰
2576 5757 2735 5815 Prov.
2767 5775 2845 5825 is,
2874 5762 2926 5815 9.
3005 5759 3046 5790 ⁶¹
3073 5757 3215 5813 Psal.
3243 5770 3427 5824 cxxxt,
3456 5750 3512 5807 ὁ.
