3860 6316
363 255 468 321 995

1448 263 1719 321 PATRES
1761 262 2063 319 EGYPTII
2103 263 2374 322 SJECULI
2413 263 2500 320 IV.

3530 266 3650 322 996

370 381 567 436 iterum
620 378 896 447 profectus
940 385 995 431 et
1040 376 1345 432 emendatio
1395 388 1703 433 nostrorum
1736 377 1947 432 animo-
1976 386 2023 442 Α
2054 380 2230 434 hitare
2269 380 2408 448 apud
2455 376 2670 431 Patrem
2710 374 2853 431 sicut
2899 384 3151 445 oportet;
3201 392 3327 431 nam
3389 382 3652 447 quandin

370 487 515 538 rum,
545 472 878 525 alacritatem
912 470 1116 538 praebet
1144 469 1312 523 choro
1336 480 1664 524 sanctorum.
1698 469 1761 523 Et
1784 480 1946 522 utun—

372 571 462 618 tur
494 577 655 632 prece
685 565 851 614 multa
888 570 1049 628 atque
1082 558 1268 613 laetitia
1296 560 1350 612 in
1382 559 1740 613 exsultatione
1765 572 1947 613 coram

371 654 630 709 Creatore
662 662 869 707 nostro.
910 648 1029 719 Ipse
1060 662 1275 719 quoque
1300 660 1616 704 cunctorum
1641 648 1819 717 opifex
1854 649 1947 703 la:-

372 753 517 799 tatur
550 742 903 812 in‘0peribus
942 743 1159 804 nostris,
1189 750 1245 795 et
1291 750 1510 809 propter
1560 741 1939 796 testimonium

370 845 681 892 sanctorum
708 834 873 889 donat
905 833 1059 888 nobis
1094 832 1419 888 charismata
1446 832 1733 886 immensa.

443 924 508 980 ll.
550 924 719 996 igitur
751 934 809 979 ut
840 925 1184 993 cognoscatis
1212 924 1355 993 quod
1400 922 1543 978 Deus
1574 923 1760 992 diligat
1807 937 1949 977 sem-

370 1029 468 1085 per
518 1015 789 1084 propriam
843 1025 1172 1079 creaturam,
1203 1030 1267 1070 eo
1322 1016 1463 1085 quod
1510 1015 1581 1069 sit
1632 1015 1951 1070 immortalis

371 1108 682 1173 exstantize,
714 1122 821 1160 non
854 1115 937 1161 est
972 1107 1285 1160 resolvenda
1314 1106 1652 1175 corporibus,
1688 1107 1951 1177 aspiciens

372 1196 681 1252 sensualem
730 1204 980 1249 naturam
1010 1200 1125 1264 ipse
1160 1198 1300 1264 quod
1334 1204 1543 1250 mortua
1578 1197 1799 1250 omnino
1827 1210 1950 1265 per-

373 1290 603 1346 rexisset
627 1290 679 1342 in
710 1288 987 1358 abyssum,
1018 1297 1073 1342 et
1124 1288 1253 1342 illud
1284 1289 1751 1343 testamentarium
1786 1287 1949 1342 refri-

372 1382 605 1453 guisset,
661 1389 775 1433 tum
822 1378 960 1433 idem
999 1378 1138 1433 Deus
1186 1379 1400 1447 propria
1431 1379 1672 1432 bonitate
1704 1379 1949 1433 eamdem

374 1472 562 1527 visitat
612 1485 681 1526 ex
730 1479 922 1535 morte,
956 1484 1053 1537 per
1105 1467 1284 1523 Mosen
1332 1468 1599 1523 aedificare
1650 1468 1855 1533 volens,
1898 1478 1953 1523 et

376 1577 629 1632 magnam
672 1573 864 1615 curare
926 1559 1159 1628 plagam,
1196 1558 1434 1626 gestiens
1474 1568 1789 1613 convertere
1831 1573 1951 1613 eam

380 1656 446 1708 ad
482 1654 764 1723 pristinam
808 1652 1181 1718 concordiam,
1222 1652 1317 1706 sed
1362 1659 1553 1721 potens
1596 1651 1845 1706 discessit
1884 1652 1955 1705 ab

382 1746 483 1800 eis.
514 1745 707 1799 Adhuc
752 1744 975 1813 insuper
1024 1752 1079 1798 et
1122 1744 1299 1798 omnis
1330 1744 1711 1813 prophetarum
1754 1744 1953 1798 chorus
1986 1727 2027 1781 Β

382 1834 787 1889 aedificaverunt
836 1849 1000 1903 supra
1058 1833 1465 1888 fundamentum
1519 1833 1704 1898 Mosis,
1734 1835 1828 1888 sed
1854 1849 1956 1889 nec

379 1927 467 1981 isti
498 1926 780 1981 valuerunt
810 1926 1013 1979 mederi
1049 1925 1318 1994 ingentem
1352 1925 1561 1995 plagam
1590 1926 1954 1980 membrorum

379 2033 631 2082 suorum;
656 2028 1048 2087 cernentesque
1079 2018 1220 2087 quod
1251 2025 1522 2073 cessasset
1544 2018 1715 2073 virtus
1746 2032 1955 2082 eorum,

380 2112 577 2167 iterato
604 2110 779 2164 adlmc
810 2109 1095 2163 universus
1120 2117 1427 2163 sanctorum
1469 2108 1667 2163 chorus
1699 2108 1958 2165 collectus

381 2221 435 2259 tn
465 2218 650 2266 unum,
680 2201 954 2256 orationes
985 2200 1149 2255 refert
1181 2202 1233 2255 in
1259 2212 1555 2270 conspectu
1584 2202 1787 2272 proprii
1818 2202 1959 2256 Con-

382 2293 593 2354 ditoris.
621 2291 808 2347 dicens
836 2307 849 2343 :
879 2289 1137 2360 Nunquid
1176 2294 1347 2345 resina
1388 2309 1489 2345 non
1519 2303 1595 2346 est
1626 2293 1682 2345 in
1730 2291 1958 2356 Galaad,

382 2395 473 2439 aut
511 2385 743 2437 medicus
773 2383 901 2435 inibi
930 2382 953 2435 ?
985 2381 1165 2447 Quare
1195 2398 1317 2452 ergo
1358 2398 1459 2436 non
1500 2384 1729 2436 ascendit
1764 2385 1962 2437 sanitas

383 2477 510 2545 ﬁlia
532 2476 708 2544 populi
737 2474 933 2529 mei"?
962 2473 1203 2537 Domine,
1230 2475 1528 2529 curavimus
1557 2474 1895 2544 Babylonem,
1914 2483 1963 2527 et

384 2583 490 2621 non
521 2576 596 2621 est
632 2576 822 2619 sanata
855 2581 1031 2619 :nunc
1059 2564 1319 2635 fugiemus
1357 2568 1421 2618 ab
1462 2582 1523 2619 ea
1546 2566 1591 2597 ”
1620 2584 1634 2621 :
1662 2566 1964 2635 petentibus

384 2658 598 2713 cunctis
630 2655 1016 2725 benignitatem
1043 2652 1222 2709 Patris
1254 2655 1318 2709 de
1353 2654 1665 2724 Unigenito,
1692 2654 1835 2723 quod
1862 2653 1961 2707 nisi

388 2750 503 2819 ipse
534 2749 587 2803 in
627 2749 786 2803 terris
817 2756 1052 2812 curaret,
1085 2746 1228 2801 nulla
1270 2758 1519 2802 creatura
1580 2760 1772 2801 curare
1800 2744 1967 2814 possit

388 2843 663 2912 ingentem
710 2840 944 2910 plagam.
996 2838 1168 2907 Hujus
1215 2838 1292 2892 rei
1350 2854 1535 2903 causa,
1574 2839 1813 2893 bonitate
1846 2851 1967 2904 pro-

392 2936 509 3005 pria
545 2948 733 2987 vocem
777 2931 926 2986 dedit
964 2929 1150 2985 dicens
1184 2948 1198 2984 :
1230 2929 1340 2983 Fili
1395 2930 1641 2993 hominis,
1684 2928 1823 2997 facio
1875 2928 1967 2981 tibi

391 3040 517 3079 vasa
546 3022 862 3090 captivitatis
878 3021 943 3076 “.
985 3020 1245 3075 Voluntas
1272 3021 1451 3088 itaque
1485 3019 1660 3075 Patris
1683 3018 1969 3088 Unigenito

401 3131 507 3171 non
537 3115 778 3186 pepercit
806 3128 903 3183 pro
933 3119 1116 3167 nostra
1144 3113 1384 3166 omnium
1430 3112 1624 3176 salute,
1673 3111 1769 3166 sed
1818 3112 1952 3166 tradi

394 3207 476 3261 dit
530 3220 649 3260 eum
719 3220 821 3274 pro
883 3203 1117 3274 peccatis
1181 3202 1379 3258 nostris
1420 3202 1488 3258 ⁸⁸.
1550 3202 1617 3256 Et
1664 3202 1974 3272 iniquitates

394 3297 610 3367 quidem
642 3306 838 3351 nostra:
884 3294 1305 3350 humiliaverunt
1333 3309 1454 3349 eum
1478 3332 1492 3357 ,
1526 3294 1618 3349 sed
1669 3294 1833 3348 livore
1859 3295 1974 3365 ejus

397 3406 497 3445 nos
533 3404 709 3442 omnes
739 3387 915 3441 sanati
946 3402 1127 3440 sumus
1151 3385 1197 3418 “
1224 3401 1239 3439 :
1268 3398 1605 3456 congregans
1634 3384 1750 3454 ipse
1784 3399 1883 3441 nos
1910 3400 1975 3440 ex

397 3482 646 3538 omnibus
674 3480 985 3549 regionibus
1013 3493 1042 3531 a
1070 3492 1283 3533 summo
1325 3486 1484 3532 terra:
1512 3490 1681 3546 usque
1704 3476 1771 3530 ad
1796 3484 1977 3530 extre-

400 3590 546 3628 mum
592 3573 764 3638 orbis,
815 3571 1020 3626 faciens
1064 3569 1516 3625 resurrectionem
1576 3582 1832 3623 sensuum
1886 3580 1981 3621 no-

398 3676 633 3720 strorum
669 3665 735 3719 de
782 3672 945 3728 terra,
979 3670 1039 3718 et
1063 3663 1268 3718 docens
1296 3661 1437 3721 auod
1465 3660 1782 3715 alterutrum
1811 3674 1983 3715 mem-

400 3756 499 3813 bra
524 3770 732 3812 sumus.

476 3846 567 3902 lii.
610 3847 883 3903 Attendite
910 3861 1065 3917 ergo,
1099 3846 1271 3911 filioli,
1302 3860 1370 3902 ne
1396 3844 1537 3901 forte
1557 3844 1687 3901 illud
1706 3842 1982 3901 oraculum

404 3938 562 3995 Pauli
591 3939 881 4007 impleatur
916 3938 969 3991 in
1007 3938 1160 3993 vobis
1190 3956 1203 3993 :
1241 3937 1501 3992 Habentes
1525 3940 1732 4001 quidem
1760 3939 1984 4007 formam

394 4033 638 4107 pietatis,
665 4031 903 4084 virtutem
931 4038 1104 4083 autem
1132 4030 1245 4099 ejus
1275 4040 1517 4099 negantes
1537 4031 1601 4084 ⁸⁷.
1626 4028 1985 4095 Quamobrem

406 4123 781 4191 unusquisque
810 4133 1058 4177 nostrum
1087 4124 1299 4176 scindat
1323 4123 1598 4190 proprium
1627 4136 1745 4184 cor,
1771 4118 1972 4174 deflens

411 4215 464 4270 in
498 4226 789 4286 conspectu
843 4216 981 4285 ejus,
1018 4225 1074 4270 et
1128 4214 1315 4269 dicens
1341 4231 1353 4268 :
1379 4213 1518 4280 Quid
1566 4213 1848 4268 retribuam
1883 4212 1989 4265 Do-

409 4309 555 4362 mino
593 4323 688 4377 pro
714 4308 956 4363 omnibus
987 4306 1135 4362 bonis
1163 4323 1279 4377 qua:
1319 4306 1559 4361 retribuit
1598 4304 1822 4358 mihi“?
1857 4303 1987 4358 For-

411 4398 560 4453 mido
600 4397 821 4465 iterum,
858 4398 1029 4465 ﬁlioli,
1062 4412 1129 4453 ne
1179 4398 1318 4453 forte
1378 4397 1507 4452 illud
1561 4397 1832 4466 eloquium
1886 4396 1987 4449 inn-

1999 3066 2047 3127 C

2052 469 2357 525 fatiscimus
2408 466 2641 523 naturali
2676 467 2934 533 materiae,
2966 468 3115 522 velut
3158 468 3364 524 inimici
3412 473 3655 528 exsisti-

2050 575 2171 615 mus
2210 556 2523 630 angelorum
2557 558 2650 613 Dei
2678 568 2841 627 atque
2864 569 3173 613 sanctorum
3215 559 3353 628 ejus.

2123 648 2211 703 iV.
2254 650 2404 704 Nunc
2432 664 2560 718 ergo
2616 650 2843 704 obsecro
2873 662 2986 712 vos,
3035 648 3395 714 dilectissimi,
3431 652 3491 706 in
3528 669 3638 707 no-

2052 742 2200 797 mine
2237 742 2447 797 Domini
2485 741 2657 795 nostri
2690 740 2817 795 Jesu
2846 741 3069 805 Christi,
3103 742 3177 795 uti
3212 758 3279 796 ne
3323 742 3515 796 velitis
3549 757 3652 797 ne-

2054 834 2260 905 gligere
2315 833 2586 903 propriam
2645 834 2833 899 vitam,
2886 848 2985 888 nec
3038 834 3334 889 confundat
3360 835 3651 904 exiguitas

2052 924 2311 993 temporis
2344 924 2470 978 illud
2524 924 2641 977 sine
2673 923 2778 978 fine
2812 933 3039 993 tempus,
3077 938 3143 977 ne
3173 924 3423 993 pellicula
3455 926 3651 980 carnis

2052 1016 2421 1084 corruptibilis
2448 1015 2696 1072 obfuscet
2728 1029 2957 1086 regnum
2997 1014 3281 1069 ineli'abilis
3328 1016 3493 1079 lucis,
3538 1032 3648 1071 ne-

2053 1124 2163 1180 que
2192 1109 2659 1165 condemnationis
2691 1108 2843 1164 locus
2863 1107 3098 1165 exitialis
3130 1111 3181 1164 in
3214 1110 3421 1180 angelis
3445 1120 3647 1166 exter~

2054 1202 2223 1255 minet
2252 1205 2427 1256 sedes.
2468 1199 2627 1266 Vere,
2662 1199 2835 1266 filioli,
2868 1200 2994 1270 quia
3038 1202 3215 1255 anima
3251 1216 3369 1255 mea
3398 1202 3647 1270 phanta-

2054 1307 2168 1347 sma
2195 1294 2412 1361 patitur,
2446 1301 2500 1346 et
2529 1292 2755 1361 spiritus
2802 1307 2955 1347 meus
3002 1293 3053 1347 in
3116 1308 3312 1363 pavore
3357 1294 3645 1360 consistit,

2053 1389 2196 1455 quod
2229 1385 2464 1440 universi
2495 1400 2591 1440 nos
2614 1384 2757 1439 velut
2798 1386 3011 1455 gurgite
3050 1385 3286 1439 immersi
3335 1400 3552 1449 sumus,
3586 1394 3648 1439 et

2056 1478 2201 1533 velut
2239 1476 2374 1532 ebrii
2430 1486 2604 1532 musto
2643 1476 3016 1543 consistimus,
3080 1491 3201 1530 cum
3256 1477 3646 1545 unusquisque

2058 1577 2306 1626 nostrum
2338 1569 2552 1639 propria
2582 1568 2902 1623 distrahitur
2939 1567 3235 1623 voluntate.
3280 1566 3451 1634 llujus
3488 1566 3643 1620 enim

2057 1663 2293 1718 dominio
2321 1660 2691 1730 subjugamur,
2728 1660 2977 1715 nolentes
3026 1658 3271 1713 attollere
3315 1656 3509 1713 oculos
3540 1673 3642 1711 no-

2056 1763 2197 1809 stros
2230 1754 2295 1808 ad
2320 1752 2442 1807 cmli
2470 1751 2695 1822 gloriam
2736 1751 3129 1819 inquirendam,
3156 1750 3376 1805 etillam
3418 1758 3646 1803 sancto-

2058 1861 2177 1900 rum
2203 1846 2443 1900 omnium
2490 1842 2859 1911 operationem
2910 1842 3205 1906 illustrem,
3260 1841 3504 1909 ipsorum
3548 1854 3645 1894 ve-

2058 1938 2234 2005 stigiis
2264 1936 2609 1992 inhmrentes.
2646 1934 2714 1990 Ut
2744 1948 2872 2003 ergo
2898 1934 3084 1988 sciatis
3111 1933 3252 2001 quod
3293 1932 3415 1986 caeli
3459 1930 3646 1986 sancti

2062 2027 2238 2096 angeli
2264 2028 2378 2082 sive
2399 2026 2574 2091 sedes,
2604 2024 2719 2079 sive
2746 2023 3161 2088 dominationes,
3194 2024 3307 2076 sive
3329 2020 3646 2081 cherubim,

2061 2117 2177 2171 sive
2208 2114 2507 2182 seraphim,
2536 2113 2650 2167 sive
2674 2111 2776 2177 sol,
2824 2113 2938 2166 sive
2968 2112 3114 2176 luna,
3165 2112 3280 2166 sive
3318 2121 3493 2175 astra,
3527 2111 3649 2163 sive

2061 2206 2406 2279 patriarclne,
2442 2205 2556 2259 sive
2586 2205 2883 2273 prophetat,
2913 2204 3027 2257 sive
3073 2201 3324 2273 apostoli,
3379 2203 3499 2256 sive
3526 2202 3650 2254 dia-

2062 2296 2238 2361 bolus,
2268 2296 2381 2350 sive
2410 2294 2661 2357 Satanas,
2693 2295 2805 2348 sive
2831 2293 3056 2362 spiritus
3080 2292 3321 2362 maligni,
3356 2293 3470 2345 sive
3491 2292 3650 2360 prin-

2064 2390 2211 2458 cipes
2246 2386 2388 2442 aeris
2424 2387 2603 2455 hujus,
2630 2395 2684 2440 et
2713 2387 2803 2455 (ne
2833 2384 2985 2454 plura
3015 2384 3263 2451 dixerim)
3282 2384 3398 2437 sive
3428 2395 3651 2435 mascu-

2065 2481 2303 2547 lus,sive
2321 2479 2543 2541 femina,
2569 2477 2863 2532 secundum
2887 2476 3209 2546 principium
3240 2482 3507 2528 creatura:
3532 2486 3653 2528 suae

2065 2586 2128 2626 ex
2164 2586 2270 2625 uno
2300 2582 2427 2624 sunt
2468 2584 2673 2635 omnes,
2705 2580 2928 2637 excepta
2960 2567 3070 2621 sola
3105 2565 3340 2636 perfeCIa
3382 2579 3449 2617 ac
3484 2565 3648 2617 beata

2069 2659 2336 2716 Triuitate
2366 2660 2543 2715 Patris
2598 2670 2653 2714 et
2710 2658 2829 2713 Filii
2863 2668 2919 2713 et
2941 2657 3173 2726 Spiritus
3193 2656 3385 2711 salicti.
3417 2653 3649 2725 Propter

2073 2756 2276 2809 bonum
2303 2768 2433 2809 vero
2462 2752 2821 2824 quorumdam
2862 2760 3090 2814 motum,
3119 2765 3254 2818 opus
3285 2748 3477 2812 fuit,ut
3508 2749 3653 2801 Dens

2070 2845 2263 2900 horum
2305 2847 2521 2898 nomina
2552 2843 2840 2906 vocitaret,
2871 2852 2926 2896 et
2954 2839 3252 2895 secundum
3291 2838 3470 2893 studia
3503 2838 3653 2907 ipso-

2072 2951 2215 2999 rum,
2244 2935 2331 2989 his
2355 2934 2447 3004 qni
2472 2933 2700 3003 amplius
2747 2930 3113 3002 profecerunt,
3172 2929 3422 2985 attribuit
3460 2941 3655 2997 super-

2074 3023 2434 3080 exeellentem
2460 3023 2689 3093 gloriam
2712 3021 3011 3093 dignitatis.

2622 3179 2956 3237 EPISTOLA
3017 3177 3102 3233 Vl.

2150 3297 2197 3351 l.
2239 3296 2407 3352 Debet
2444 3294 2784 3350 rationabilis
2816 3294 2976 3348 homo
3005 3302 3225 3361 paratus
3250 3305 3391 3356 esse,
3433 3300 3489 3344 ut
3514 3290 3654 3346 libe-

2079 3397 2163 3441 ret
2206 3387 2559 3457 semetipsum
2591 3387 2642 3440 in
2670 3388 2904 3441 adventu
2927 3383 3049 3438 Filii
3083 3383 3201 3446 Dei,
3242 3395 3573 3451 cognoscens
3598 3394 3660 3436 se

2081 3494 2200 3535 esse
2238 3480 2533 3534 secundum
2582 3476 2886 3533 sensualem
2933 3490 3086 3529 suam
3130 3474 3477 3529 exstantiam.
3518 3471 3658 3539 Quia

2081 3573 2388 3644 quicunque
2436 3567 2751 3640 cognoverit
2800 3566 3169 3636 semetipsum,
3205 3574 3497 3633 cognoscet
3542 3562 3653 3617 dis-

2086 3665 2456 3733 pensationem
2529 3660 2728 3731 proprii
2792 3656 3126 3721 Conditoris,
3190 3656 3271 3710 vel
3327 3670 3658 3725 quacunque

2084 3759 2217 3813 facit
2242 3758 2297 3812 in
2326 3754 2559 3826 propriis
2585 3748 2879 3808 creaturis:
2906 3748 3248 3804 Dtlectissimi
3283 3747 3437 3800 nobis
3464 3746 3517 3799 in
3556 3745 3659 3801 Do-

2086 3852 2255 3915 mino,
2287 3849 2530 3904 membra
2564 3854 2745 3899 nostra
2773 3852 2828 3897 et
2855 3842 3161 3897 cohaeredes
3190 3850 3528 3904 sanctorum,
3563 3838 3657 3893 ob-

2087 3956 2243 3997 secro
2268 3955 2363 3995 vos
2389 3939 2441 3993 in
2476 3937 2692 3991 nomine
2722 3934 2848 3989 Jesu
2872 3933 3073 3989 Christi
3116 3931 3314 3996 facere,
3348 3941 3405 3985 ut
3441 3926 3658 3999 praestet

2094 4036 2208 4105 ipse
2235 4034 2391 4089 vobis
2420 4031 2673 4085 omnibus
2702 4027 3046 4083 discretionis
3073 4026 3323 4096 spiritum
3348 4024 3413 4077 ad
3443 4024 3658 4079 discen-

2091 4126 2218 4181 dum
2251 4134 2304 4179 et
2333 4121 2610 4179 sciendum
2636 4119 2977 4175 dilectionem
3004 4131 3165 4185 quam
3196 4116 3366 4170 habeo
3390 4115 3444 4167 in
3478 4114 3657 4179 vobis,

2091 4218 2218 4290 quia
2256 4232 2361 4271 non
2400 4226 2481 4270 est
2506 4212 2807 4283 corporalis
2856 4209 3093 4273 dilectio,
3140 4207 3232 4262 sed
3260 4215 3343 4262 cst
3370 4205 3663 4276 spiritualis

2094 4309 2330 4365 charitas
2363 4306 2559 4361 divinae
2588 4304 2832 4360 cultura}.
2878 4301 2953 4357 De
2984 4298 3289 4356 nominibus
3318 4311 3445 4352 vero
3469 4311 3660 4367 corpo-

2098 4416 2220 4457 rum
2248 4409 2556 4455 nostrornm
2586 4411 2687 4451 non
2714 4409 2849 4464 Opus
2876 4403 2957 4449 est
2982 4391 3246 4447 nominari
3266 4404 3359 4457 ea;
3388 4400 3664 4460 pertrans.

424 4492 632 4562 pleatur
655 4493 710 4546 in
737 4491 887 4548 vobis
920 4510 934 4547 :
966 4490 1096 4557 Qua:
1131 4491 1331 4545 utilitas
1349 4490 1403 4544 in
1432 4491 1683 4561 sanguine
1706 4506 1838 4552 meo,
1863 4490 1990 4542 dum
2022 4462 2066 4518 θ
2097 4498 2225 4546 eunt
2253 4489 2419 4544 enim.
2457 4462 2767 4557 Cognoscat
2816 4492 2994 4538 autem
3027 4482 3187 4536 homo
3229 4480 3281 4534 id
3312 4478 3453 4549 quod
3486 4494 3663 4535 verum

416 4586 668 4640 descendo
699 4585 753 4639 in
793 4586 1176 4655 corruptionem
1196 4584 1275 4638 ‘9?
1312 4582 1466 4648 Vere,
1502 4582 1671 4649 filioli,
1702 4583 1825 4651 quia
1856 4583 1988 4634 sicut

419 4677 765 4744 prudentibus
795 4677 1055 4748 loquor",
1076 4686 1133 4730 ut
1158 4675 1468 4745 intelligatis
1498 4690 1618 4745 quae
1644 4676 1765 4729 dico
1791 4675 1942 4728 vobis
1973 4693 1985 4727 :

417 4770 563 4839 quod
604 4771 706 4825 nisi
764 4769 1137 4839 unusquisque
1189 4777 1423 4823 vestrum
1492 4770 1701 4821 exuerit
1771 4780 1988 4821 onmem

421 4863 695 4933 pulverem
748 4872 955 4917 naturae
1014 4861 1377 4930 hujuscemodi
1437 4861 1695 4925 materiae,
1726 4870 1780 4913 et
1834 4860 1992 4912 abre—

424 4955 755 5011 nuntiaverit
790 4955 838 5010 ci
873 4964 927 5008 et
960 4954 1106 5007 omni
1150 4952 1450 5021 operationi
1482 4950 1598 5018 ejus
1637 4965 1702 5005 ex
1734 4957 1847 5003 toto
1877 4965 1998 5004 cor—

425 5048 514 5112 de,
544 5047 971 5117 expanderitque
1006 5062 1197 5100 manus
1228 5044 1405 5098 cordis
1436 5058 1649 5097 sursum
1679 5042 1742 5095 ad
1785 5043 1999 5095 univer-

429 5156 608 5196 sorum
662 5139 905 5205 Patrem,
943 5151 995 5193 et
1033 5138 1147 5206 ipse
1198 5135 1499 5191 visceribus
1547 5146 1823 5188 moveatur
1854 5134 1995 5187 circa

429 5230 669 5286 laborem
726 5230 863 5299 ejus,
912 5241 967 5284 et
1007 5230 1170 5283 donet
1211 5229 1258 5282 ci
1316 5227 1639 5280 invisibilem
1689 5226 1867 5295 ignem
1910 5226 1999 5294 qui

431 5323 717 5377 comburat
750 5338 963 5377 omnem
996 5321 1393 5375 immunditiam
1430 5320 1497 5373 ab
1527 5334 1615 5384 eo,
1648 5336 1709 5373 ac
1738 5318 2003 5387 principa-

432 5416 533 5469 lem
576 5417 746 5485 ipsum
796 5430 1135 5485 expurgatis;
1182 5424 1307 5469 tunc
1356 5413 1614 5484 Spiritum
1671 5428 1825 5469 suum
1877 5426 2003 5465 sau—

440 5517 584 5560 ctnm
619 5508 778 5560 faciat
804 5507 1052 5562 habitare
1087 5506 1389 5568 nobiscum,
1421 5516 1473 5559 et
1496 5506 1571 5559 sic
1604 5504 1870 5573 possimus
1908 5503 2003 5557 ha-

1130 5617 1174 5647 ⁸³
1206 5614 1404 5671 Jeretn.
1445 5630 1515 5669 LI.
1544 5616 1595 5668 9.

807 5689 849 5719 "
889 5686 1162 5745 Psal.cxv
1222 5688 1284 5743 l2
1383 5690 1425 5718 εν
1485 5686 1626 5739 Ρωι.
1684 5699 1835 5744 nu,
1892 5683 1975 5737 10.

505 5618 548 5648 ⁶²
574 5616 773 5671 .lerem.
805 5632 925 5680 vm,
960 5616 1051 5670 ‘22.

432 5686 540 5743 Ttt.
576 5704 611 5758 t,
644 5690 729 5747 16.

1674 5614 1717 5644 οδ
1747 5613 1943 5666 Ezech.
1974 5626 2073 5673 XII,
2104 5613 2153 5665 5.
2209 5612 2252 5642 συ
2284 5611 2439 5665 Rom.
2478 5626 2594 5674 vtu,
2621 5610 2708 5663 δὲ.

1684 5699 1835 5738 xxix.
1892 5683 1975 5737 10.
2055 5682 2100 5713 ⁷⁰
2142 5680 2313 5738 lCor.
2349 5697 2401 5738 χ.
2440 5682 2506 5735 15
2604 5682 2647 5711 ⁷³
2679 5679 2708 5735 (3

2097 4594 2179 4635 82'.
2214 4594 2432 4635 nomen.
2466 4577 2693 4647 Propter
2723 4575 2864 4647 quod
2900 4585 2956 4630 et
2996 4572 3166 4629 Jacoh
3204 4571 3441 4627 luctante
3469 4586 3565 4641 per
3592 4581 3666 4626 to-

2098 4686 2207 4729 tam
2237 4684 2449 4729 noctem
2475 4687 2594 4727 cum
2618 4670 2825 4738 angelo,
2855 4682 3049 4721 nomen
3077 4664 3152 4719 illi
3176 4661 3496 4717 eratJacob.
3518 4662 3667 4717 bisne

2100 4777 2278 4823 autem
2308 4765 2450 4820 facto
2482 4763 2693 4818 vocavit
2740 4772 2937 4833 nomen
2989 4757 3156 4826 ipsius
3208 4751 3371 4808 Israel
3404 4753 3449 4783 τι
3483 4771 3496 4806 ;
3532 4755 3665 4821 quod

2101 4870 2204 4925 est,
2237 4874 2378 4911 mens
2408 4857 2587 4909 videns
2615 4854 2797 4908 Deum.
2830 4852 2967 4906 Puto
3010 4849 3211 4904 etenim
3264 4859 3369 4899 non
3427 4844 3667 4915 ignorare

2106 4966 2222 5015 vos,
2264 4950 2403 5017 quod
2427 4945 2726 5001 adversarii
2772 4945 2987 4998 virtutis
3035 4940 3317 4995 obsideant
3364 4938 3663 4991 veritatem.

2108 5041 2260 5097 Unde
2283 5054 2382 5093 nec
2418 5052 2525 5091 uno
2549 5044 2756 5090 tantum
2790 5046 3029 5102 tempore
3061 5029 3403 5085 Deusvisitat
3432 5027 3669 5097 proprias

2107 5139 2407 5193 creaturas,
2441 5126 2533 5181 sed
2560 5125 2627 5179 ah
2658 5124 2885 5179 exordio
2932 5119 3139 5175 mundi.
3198 5116 3449 5171 Nonnulli
3480 5117 3669 5170 etenim

2106 5230 2438 5291 paraverunt
2468 5232 2526 5274 se
2574 5218 2758 5272 venire
2804 5216 2868 5271 ad
2910 5213 3187 5283 proprium
3212 5208 3557 5265 Conditorem
3590 5224 3672 5276 per

2110 5314 2572 5371 testamentariam
2608 5312 2776 5381 ipsius
2805 5310 2999 5380 legem,
3040 5307 3212 5362 edocti
3255 5302 3323 5357 ab
3348 5303 3439 5358 illo
3459 5304 3673 5356 adorare

2109 5407 2360 5478 opiﬁcem
2387 5422 2542 5460 suum
2576 5406 2718 5459 sicut
2744 5414 2981 5474 oportet.
3025 5400 3292 5466 Quoniam
3325 5412 3455 5451 vero
3474 5398 3544 5451 oh
3566 5412 3674 5464 pas-

2111 5502 2316 5556 sionem
2350 5499 2701 5563 inlirmitatis,
2731 5506 2784 5553 et
2811 5494 3153 5567 gravedinem
3180 5491 3444 5561 corporis,
3485 5505 3547 5543 ac
3574 5491 3669 5542 ὼε-

2788 5609 2831 5639 ⁶⁶
2855 5607 2953 5661 Isa.
2983 5621 3098 5671 Llll,
3133 5606 3182 5658 5.
3228 5605 3269 5635 ‘7
3300 5602 3452 5657 Rom.
3501 5617 3560 5668 υ,
3589 5599 3675 5661 ’Ξῦς

2604 5682 2647 5711 ⁷⁸
2679 5679 2813 5735 Gen.
2861 5693 3028 5741 sxxii,
3086 5674 3281 5731 24-28.
