3860 6316
227 258 333 316 997

1232 262 1290 318 S.
1331 260 1611 320 ΔΝΤΟΝΙΙ
1641 263 1718 320 ﬂ.
1759 264 2057 326 ABBATIS
2093 269 2474 331 EPISTOLE.

3397 281 3502 340 998

232 379 556 435 tinctionem
585 379 882 452 malignam
931 381 1185 453 refriguit
1234 388 1702 442 testamentarium
1756 387 1820 442 ilo
1848 397 1896 453 Α
1926 406 2026 447 nos
2057 408 2122 450 ex
2151 399 2409 453 omnibus
2441 399 2753 472 regionibus
2779 402 2850 458 ab
2874 409 3122 461 extremo
3149 411 3309 460 terra:
3335 419 3507 475 usque

226 471 642 535 lud,-etolﬁcia
699 488 895 530 sensus
947 475 1143 531 anima:
1184 475 1552 542 lassaverunt,
1615 480 1819 536 idcirco

227 576 333 615 non
369 571 671 630 potuerunt
716 564 1008 633 exquirere
1047 567 1268 635 proprie
1321 568 1624 622 secundum
1667 583 1820 623 suam

225 657 592 720 creationem,
621 656 766 724 quod
809 665 954 711 esset
987 655 1294 712 substantia
1333 657 1684 724 immortalis,
1712 673 1819 714 non

227 746 555 801 resolvenda
586 745 946 815 corporibus:
999 746 1140 802 unde
1170 762 1270 803 nec
1311 748 1598 816 praevaluit
1628 758 1823 804 semet-

227 839 406 908 ipsam
437 838 675 894 liberare
711 838 997 908 injustitia.
1039 839 1210 908 Hujus
1256 841 1335 896 rei
1366 841 1543 912 gratia
1600 855 1823 911 aggres-

224 945 322 986 sus
345 941 436 985 est
463 943 560 986 eos
588 931 733 986 Deus
760 946 856 1002 per
881 932 1142 1001 scriptam
1175 932 1376 1003 legem,
1401 942 1463 988 ut
1483 933 1710 990 doceret
1726 949 1823 990 eos

227 1022 469 1077 adorare
496 1022 718 1115 Patrem
769 1025 914 1078 sicut
958 1034 1195 1093 oportet.
1245 1025 1354 1080 Sed
1388 1026 1646 1096 quoniam
1679 1026 1822 1082 Deus

227 1130 375 1170 unus
408 1115 648 1181 exsistit,
674 1124 730 1169 et
757 1115 1058 1170 secundum
1087 1119 1395 1172 sensualem
1439 1119 1732 1174 essentiam
1765 1119 1820 1174 in

229 1206 474 1276 idipsum
525 1215 613 1259 est
655 1203 838 1258 unitas
869 1243 886 1269 ,
945 1203 1015 1258 sit
1039 1203 1141 1259 iste
1183 1204 1341 1258 vobis
1372 1219 1553 1259 sermo
1588 1203 1822 1260 manife-

229 1309 372 1363 stus,
398 1298 544 1368 quod
575 1297 757 1351 omnis
803 1297 956 1352 locus
1011 1298 1065 1351 in
1123 1312 1451 1367 quocunque
1505 1312 1614 1352 non
1659 1297 1822 1352 fuerit

230 1388 623 1453 consonantia,
681 1387 790 1444 illic
843 1387 984 1443 bella
1045 1401 1352 1458 congerunt
1380 1390 1507 1454 sibi,
1537 1403 1593 1445 et
1618 1391 1821 1459 judicia

230 1481 444 1538 faciunt
483 1479 618 1535 oriri
650 1480 1160 1567 apudosemetipsos.

300 1577 372 1630 ll.
415 1573 622 1629 Videns
649 1581 832 1630 autem
859 1573 1121 1630 Conditor
1148 1576 1292 1645 quod
1317 1575 1470 1648 plaga
1497 1593 1687 1632 eorum
1714 1592 1824 1633 ma-

231 1668 496 1740 gniﬁcata
527 1665 694 1721 fuerit
725 1665 1103 1731 vehementer,
1141 1678 1197 1721 et
1219 1682 1356 1735 opus
1399 1668 1624 1724 haberet
1655 1683 1824 1723 reme-

230 1747 388 1844 dium
417 1755 549 1812 Jesu
579 1756 778 1812 medici
811 1757 926 1812 veri
960 1757 1100 1827 (ipse
1132 1758 1276 1812 enim
1300 1757 1644 1844 Unigenitus,
1667 1775 1821 1814 crea-
1851 1747 1896 1801 Β

231 1829 575 1906 tor'illorum
603 1849 842 1915 exsistit,
872 1860 926 1906 et
950 1850 1065 1921 ipse
1102 1861 1258 1906 curat
1280 1853 1417 1922 eos),
1439 1836 1585 1908 misit
1616 1862 1743 1907 ante
1764 1868 1824 1908 se

231 1942 630 1996 instructorem
663 1939 893 2006 domus;
930 1955 994 1994 ac
1035 1940 1124 1995 ille
1152 1956 1499 2012 nequaquam
1528 1941 1824 2012 proﬁciens

230 2032 369 2085 abiit
392 2030 523 2085 sibi.
590 2027 837 2102 Itemque
894 2030 1038 2084 Deus
1111 2031 1384 2086 excitavit.
1427 2033 1820 2102 prophetarum

227 2121 440 2178 choros
476 2131 572 2187 per
607 2117 873 2187 Spiritum
911 2132 1090 2183 suum,
1141 2121 1233 2188 qui
1265 2119 1673 2175 aediﬁcaverunt
1711 2121 1827 2188 qui-

231 2210 362 2263 dem
409 2222 575 2277 supra
626 2204 1038 2261 fundamentum
1083 2204 1256 2272 Mosi;
1312 2216 1687 2262 verumtamen
1727 2221 1826 2262 nec

232 2301 328 2357 isti
356 2301 577 2370 quidem
637 2307 954 2367 potuerunt,
1012 2299 1107 2353 sed
1155 2300 1342 2354 eodem
1395 2299 1560 2354 modo
1586 2299 1822 2354 derelin-

232 2397 475 2461 queutes
503 2387 752 2442 abierunt
781 2386 906 2442 sibi.
931 2386 998 2440 Et
1033 2387 1131 2456 ipsi
1177 2387 1357 2442 cuncti
1388 2387 1653 2459 Spiritum
1684 2387 1738 2441 in
1766 2402 1826 2442 se

236 2491 499 2554 gerentes
523 2480 876 2548 perviderunt
899 2479 1111 2551 plagam
1146 2481 1290 2550 quod
1310 2479 1630 2535 insanabilis
1654 2489 1823 2546 esset,

233 2584 292 2631 et
313 2573 448 2644 quia
480 2585 579 2641 per
642 2569 846 2625 nullam
911 2577 1221 2624 creaturam
1267 2569 1449 2623 curari
1491 2570 1684 2639 possit,
1721 2569 1824 2623 nisi

232 2682 334 2738 per
370 2663 724 2736 Unigenitum
771 2661 864 2731 qui
918 2675 1113 2718 sensus
1165 2671 1251 2717 est
1304 2660 1507 2728 Patris,
1563 2671 1618 2716 et
1651 2662 1828 2732 imago

233 2759 361 2829 ejus
392 2755 614 2811 exsistit
648 2754 750 2820 ";.
774 2751 928 2822 cujus
987 2753 1154 2808 etiam
1214 2754 1473 2824 imaginis
1499 2753 1676 2824 elligie
1717 2763 1826 2809 tota

235 2851 388 2904 facta
449 2855 537 2904 est
596 2853 870 2901 creatura.
902 2842 1282 2914 Agnoscentes
1314 2843 1518 2913 liquido
1545 2843 1689 2914 quod
1739 2843 1830 2898 hic

234 2943 495 2998 Salvator
519 2948 576 2994 et
592 2938 837 2994 medicus
865 2935 1154 2992 exsisteret
1180 2951 1432 3008 magnus,
1453 2935 1664 2992 collecti
1699 2945 1830 2991 sunt

233 3035 292 3089 in
365 3034 601 3103 idipsum
655 3043 868 3094 omnes,
930 3039 986 3083 et
1038 3027 1342 3084 retulerunt
1410 3027 1689 3083 orationes
1728 3042 1827 3097 pro

233 3122 633 3182 commembris
669 3121 817 3187 suis,
853 3120 945 3189 qui
979 3133 1169 3174 sumus
1236 3135 1360 3180 nos.
1421 3119 1829 3189 proclamantes

234 3232 301 3273 ac
333 3209 584 3271 dicentes
610 3229 623 3266 :
656 3211 911 3283 Nunquid
945 3215 1119 3267 resina
1150 3229 1252 3267 non
1291 3224 1367 3267 est
1395 3213 1450 3267 in
1479 3211 1713 3276 Galaad,
1736 3220 1828 3265 aut

238 3311 481 3366 medicus
509 3323 612 3361 non
640 3315 718 3360 est
772 3303 846 3359 ibi
872 3308 896 3361 ?
927 3304 1102 3370 Quare
1131 3321 1252 3375 ergo
1278 3321 1383 3359 non
1422 3305 1655 3359 ascendit
1683 3304 1830 3359 sani-

235 3419 323 3460 tas
345 3404 476 3472 ﬁlim
505 3399 683 3472 populi
717 3399 819 3452 mei
846 3397 933 3452 7‘?
967 3397 1106 3462 Quia
1137 3398 1435 3451 curavimus
1467 3412 1604 3461 eam,
1651 3405 1698 3450 et
1724 3410 1828 3448 non

231 3511 312 3556 est
366 3504 560 3552 sanata
586 3510 605 3547 :
663 3509 802 3547 nunc
859 3507 982 3561 ergo
1031 3491 1223 3544 ibimus
1257 3489 1320 3541 ab
1348 3489 1478 3558 ipsis
1509 3488 1579 3541 ⁷⁵.
1618 3487 1688 3541 At
1713 3486 1830 3555 ipse

235 3595 385 3648 Deus
423 3585 851 3658 superetninenti
899 3595 955 3638 et
989 3598 1097 3638 non
1133 3581 1385 3638 simulata
1420 3580 1710 3635 dilectione
1741 3578 1830 3632 ad-

233 3685 341 3740 fuit
369 3681 530 3737 nobis
554 3694 652 3749 per
671 3688 892 3733 sanctos
915 3690 1066 3737 suos,
1088 3674 1306 3728 dicens:
1332 3670 1443 3725 Fili
1473 3669 1718 3735 hominis,
1744 3669 1831 3738 [a-

233 3779 344 3830 cito
383 3775 476 3827 tibi
509 3770 829 3842 captivitatis
859 3784 986 3822 uasa
1032 3767 1100 3819 ⁷⁸.
1147 3766 1264 3834 Ipse
1301 3777 1518 3834 quoque
1576 3761 1828 3826 informa

233 3870 336 3924 Dei
365 3867 752 3928 exsistensmon
778 3862 1018 3928 rapinam
1049 3857 1336 3912 arbitratus
1357 3871 1468 3910 esse
1494 3870 1550 3909 se
1572 3853 1828 3922 tequalem

233 3961 375 4026 Deo,
399 3963 728 4024 semetipsum
788 3951 1076 4007 exinaniuit
1103 3951 1330 4019 formam
1375 3947 1509 4000 serui
1531 3945 1826 4012 accipiens;

232 4065 286 4107 et
329 4050 575 4106 obediens
607 4047 778 4115 factus
805 4055 879 4098 est
911 4057 1074 4112 usque
1097 4043 1164 4094 ad
1205 4050 1447 4103 mortem,
1477 4047 1695 4090 mortem
1728 4051 1830 4089 au-

233 4153 341 4198 tent
373 4143 546 4196 crucis
573 4157 591 4195 :
615 4147 824 4207 propter
850 4134 991 4205 quod
1021 4145 1068 4186 et
1115 4131 1258 4186 Dens
1298 4130 1451 4184 illum
1475 4129 1751 4193 exultavit,
1777 4136 1828 4181 et

233 4235 453 4290 donavit
484 4232 565 4284 illi
593 4245 779 4283 nomen
827 4227 965 4296 quod
997 4234 1070 4280 est
1122 4239 1278 4292 super
1310 4238 1462 4276 omne
1510 4236 1738 4275 nomen:
1770 4228 1827 4273 ut

235 4333 293 4384 in
339 4327 550 4383 nomine
591 4322 724 4377 Jesu
769 4321 970 4376 Christi
1027 4333 1175 4373 onme
1214 4333 1348 4385 genu
1384 4324 1628 4368 curvetur
1675 4312 1828 4366 rale-

1923 487 1991 539 Διί
2030 486 2280 541 ultimum
2311 489 2484 553 orbis,
2518 490 2726 546 faciens
2752 493 3207 550 resurrectionem
3245 508 3504 551 sensuum

1925 588 2237 633 nostrorum
2261 589 2315 634 et
2340 581 2719 636 remissionem
2759 593 3132 652 peccatorum,
3163 587 3367 642 docens
3402 602 3506 642 nos

1923 669 2250 726 alterutrum
2278 673 2545 728 exsistere
2583 674 2848 730 membra.
2875 675 3243 748 Quapropter,
3283 679 3504 747 fratres,

1921 762 2152 818 obsecro
2212 763 2264 816 in
2315 762 2536 818 nomine
2594 762 2722 820 Jesu
2781 766 3014 833 Christi,
3046 777 3106 824 ut
3156 770 3502 841 cognoscatis

1931 850 2071 906 hanc
2108 861 2217 906 tam
2279 868 2530 924 magnam
2585 854 3079 926 dispensationem,
3129 857 3270 928 quod
3310 858 3507 913 similis

1924 943 2080 999 nobis
2115 959 2210 1014 per
2239 946 2421 999 omnia
2455 945 2640 1009 fuerit,
2696 956 2928 1014 excepto
2965 957 3195 1017 peccato
3222 950 3292 1003 ".
3335 949 3507 1005 Debet

1923 1043 2107 1086 autem
2138 1035 2395 1089 universa
2453 1037 2794 1093 rationabilis
2848 1049 3044 1094 natttra
3095 1049 3314 1110 propter
3341 1056 3504 1111 quam

1923 1123 2162 1177 maxime
2193 1121 2442 1179 Salvator
2476 1126 2716 1191 advenit,
2749 1137 2807 1181 ut
2837 1128 3096 1196 dijudicet
3129 1130 3504 1185 habitudinem

1923 1226 2078 1266 suam
2106 1220 2162 1267 et
2192 1215 2554 1284 ignorantiam
2597 1220 2798 1287 proprii
2831 1235 3044 1287 sensus,
3069 1222 3508 1278 distinctionem-

1923 1317 2030 1372 que
2055 1305 2185 1358 dare
2217 1306 2360 1360 inter
2385 1308 2620 1362 medium
2656 1310 2782 1364 mali
2818 1326 2881 1366 ac
2919 1313 3068 1375 boni,
3110 1312 3326 1369 liberari
3363 1327 3509 1384 qure-

1923 1411 2052 1450 rens
2081 1411 2178 1465 per
2214 1398 2333 1468 ejus
2383 1400 2695 1456 adventum.
2743 1403 2958 1458 Etenim
3010 1414 3277 1475 quotquot
3332 1404 3491 1460 liberi

1923 1485 2054 1541 facti
2087 1498 2214 1544 sunt
2247 1504 2345 1557 per
2396 1491 2540 1547 illius
2563 1493 3046 1563 dispensationem,
3091 1498 3126 1552 ii
3163 1501 3340 1554 vocati
3371 1506 3505 1555 sunt

1925 1582 2067 1636 servi
2103 1581 2218 1635 Dei.
2251 1582 2402 1650 Quod
2435 1592 2613 1640 tamen
2642 1586 2878 1640 necdum
2935 1588 3236 1656 perfectum
3271 1597 3376 1656 est,
3400 1588 3506 1646 nisi

1926 1673 2069 1740 quod
2101 1681 2310 1727 tantum
2339 1675 2394 1728 in
2427 1684 2670 1744 tempore
2697 1692 2798 1732 suo
2832 1678 3040 1746 justum
3073 1679 3310 1745 exsistit,
3336 1689 3392 1735 et
3419 1682 3509 1735 de-

1924 1763 2169 1818 ducetad
2202 1764 2433 1818 ﬁliormn
2460 1765 2835 1834 adoptionem;
2882 1783 3007 1822 nam
3040 1770 3086 1824 is
3133 1769 3386 1833 Salvator
3407 1783 3510 1823 no-

1924 1863 2039 1906 ster
2070 1853 2252 1908 sciens
2275 1855 2419 1923 quod
2449 1856 2913 1926 appropinquaret
2969 1861 3222 1929 accipere
3250 1859 3506 1928 spiritum

1925 1941 2160 1997 filiorum
2219 1943 2550 2012 adoptionis,
2607 1945 2756 2000 dedit
2794 1956 2855 2000 ut
2904 1948 3068 2002 etiam
3117 1959 3511 2019 cognoscerent

1926 2047 2050 2086 enm
2084 2034 2226 2088 docti
2261 2049 2291 2087 a
2322 2033 2527 2104 Spiritu
2557 2045 2775 2105 sancto,
2801 2038 2946 2107 quod
2983 2039 3251 2096 adventus
3283 2041 3410 2097 .Iesu
3435 2043 3509 2097 fa-

1925 2134 2045 2178 ctus
2079 2125 2151 2180 sit
2178 2127 2491 2181 hominibus
2519 2126 2807 2197 judicium.
2841 2127 3000 2185 Unde
3047 2141 3103 2186 et
3145 2145 3263 2197 vos,
3295 2134 3510 2190 charis-

1925 2215 2047 2269 simi
2085 2215 2139 2268 in
2175 2216 2422 2282 Domino,
2459 2219 2767 2289 cognoscite
2796 2221 3177 2291 vosmetipsos,
3217 2233 3278 2278 ut
3309 2224 3376 2277 ad
3394 2224 3510 2279 haec

1925 2319 1980 2362 et
2013 2320 2226 2377 tempus
2264 2311 2484 2380 possitis
2499 2324 2850 2381 cognoscere,
2881 2321 2935 2368 et
2963 2315 3136 2384 parati
3159 2316 3279 2371 sitis
3305 2314 3510 2372 oﬂ'erre

1926 2398 2288 2466 vosmetipsos
2321 2398 2652 2455 sacriﬁcium
2690 2399 2821 2456 Deo.
3491 2407 3502 2413 “

1997 2488 2090 2544 IV.
2137 2489 2298 2555 Vere,
2335 2492 2644 2548 charissimi
2693 2492 2748 2546 in
2789 2493 3040 2563 Domino,
3069 2496 3212 2565 quod
3247 2504 3512 2567 tanquam

1928 2580 2348 2636 rationabilibus
2406 2581 2561 2638 vobis
2599 2582 2802 2649 scribo,
2842 2592 2899 2638 et
2941 2585 3035 2655 qui
3099 2585 3360 2656 potuistis
3416 2599 3512 2642 co-

1929 2687 2192 2741 gnoscere
2242 2674 2621 2744 vosmetipsos.
2659 2674 2784 2730 Scio
2832 2677 2978 2731 enim
3011 2678 3155 2747 quod
3193 2678 3514 2750 quicunque

1928 2766 2243 2834 cognoverit
2313 2766 2686 2837 semetipsum,
2731 2777 2988 2837 agnoscet
3037 2777 3092 2824 et
3141 2769 3329 2825 Deum.
3406 2768 3514 2837 Qui

1929 2871 2061 2911 vero
2083 2859 2403 2925 cognoverit
2440 2857 2629 2924 Deum,
2670 2869 2930 2930 agnoscet
2977 2869 3034 2915 et
3079 2861 3515 2932 dispensationcs

1935 2946 2107 3013 illius,
2146 2961 2282 3017 quas
2307 2947 2470 3003 elﬁcit
2502 2947 2553 3001 in
2595 2949 2832 3018 propriis
2863 2951 3148 3006 creaturis.
3188 2950 3515 3011 Manifestus

1930 3053 2149 3110 quoque
2174 3039 2247 3094 sit
2284 3040 2440 3094 vobis
2466 3040 2571 3096 iste
2619 3053 2825 3105 sermo,
2875 3042 3019 3110 quod
3046 3057 3154 3096 non
3185 3058 3506 3112 corpoream

1933 3131 2282 3185 dilectionem
2316 3129 2492 3185 habeo
2514 3130 2568 3184 in
2591 3131 2771 3195 vobis,
2809 3133 2902 3187 sed
2935 3134 3260 3189 charitatem
3293 3135 3519 3203 spiritus

1931 3222 2158 3276 culturae
2186 3219 2302 3284 Dei,
2323 3219 2446 3290 ejus
2472 3219 2723 3276 videlicet
2754 3220 2871 3288 Dei,
2893 3223 2985 3291 qui
3026 3223 3290 3293 gloriatur
3311 3224 3425 3295 (16)
3458 3225 3516 3279 in

1932 3312 2154 3367 concilio
2169 3311 2440 3380 justorum
2465 3309 2534 3364 ⁸⁸.
2553 3309 2624 3364 Pa
2635 3319 2747 3366 rate
2777 3325 2907 3382 ergo
2920 3327 3015 3367 vos
3044 3312 3191 3382 ipsos
3203 3313 3332 3368 dum
3349 3315 3517 3370 habe-

1934 3403 2003 3457 tis
2033 3403 2123 3472 qui
2157 3416 2257 3470 pro
2291 3402 2445 3456 vobis
2471 3413 2721 3466 exorent,
2763 3412 2818 3458 et
2842 3403 3182 3473 postulantes
3213 3419 3311 3477 pro
3332 3417 3516 3463 vestra

1935 3495 2134 3561 salute,
2160 3504 2217 3547 ut
2244 3495 2420 3564 ignem
2448 3507 2610 3562 quem
2647 3494 2798 3551 venit
2825 3495 2942 3566 ipse
2971 3495 3192 3552 mittere
3223 3510 3388 3566 super
3405 3506 3517 3552 ter-

1934 3603 2048 3640 ram
2071 3587 2140 3650 θ’,
2165 3587 2426 3640 immittat
2452 3585 2710 3641 cordibus
2741 3586 2960 3651 vestris,
2995 3596 3053 3640 ut
3108 3586 3329 3656 possitis
3359 3601 3516 3642 exer-

1930 3693 2057 3733 cere
2092 3676 2438 3732 habitudines
2460 3687 2680 3732 vestras
2707 3693 2723 3744 ;
2758 3685 2812 3732 et
2835 3678 2926 3732 det
2959 3691 3216 3734 sensuum
3242 3677 3417 3734 cilicia
3445 3680 3515 3734 ad

1930 3769 2371 3841 cognoscendum
2412 3769 2729 3826 discernere
2756 3769 3054 3840 malignum
3091 3785 3122 3826 a
3162 3770 3340 3837 bono,
3379 3785 3410 3825 a
3446 3771 3517 3827 si-

1930 3864 2107 3916 nistra
2133 3861 2484 3926 dexteram,a
2519 3861 2828 3916 substantia
2851 3861 3294 3918 insubstantiam.
3323 3860 3516 3919 Sciens

1929 3954 2076 4007 enim
2105 3951 2264 4008 Jesns
2284 3953 2428 4022 quod
2456 3953 2745 4023 imperium
2767 3952 2971 4008 diaboli
3001 3955 3230 4010 materia
3257 3955 3407 4019 facit,
3428 3958 3518 4011 ad-

1931 4061 2133 4101 vocans
2162 4047 2460 4115 discipulos
2477 4045 2614 4100 dixit
2639 4045 2720 4102 eis
2746 4061 2761 4099 :
2787 4045 2965 4100 Nolito
2984 4047 3346 4102 thesaurizare
3370 4049 3514 4103 vobis

1930 4155 2087 4208 super
2116 4150 2311 4193 terram
2333 4139 2379 4171 ⁸²
2410 4154 2539 4193 :nec
2561 4138 2784 4192 solliciti
2831 4139 2949 4192 sitis
2989 4140 3054 4192 de
3089 4141 3352 4202 crastino;
3389 4157 3513 4195 cra-

1930 4232 2102 4284 stinus
2129 4230 2265 4282 enim
2293 4230 2405 4284 dies
2436 4229 2699 4284 sollicitus
2721 4226 2821 4282 erit
2847 4230 2913 4282 de
2942 4229 3074 4282 se”.
3113 4228 3268 4292 Vere,
3292 4228 3512 4294 fratres,

1930 4324 2082 4378 scitis
2113 4321 2255 4390 quod
2287 4332 2530 4388 tempore
2566 4328 2854 4374 ventorum
2907 4319 3304 4386 prosperitatis,
3334 4323 3514 4376 omnis

233 4425 423 4486 stium,
450 4419 777 4472 terreslrt'um
822 4425 870 4468 et
905 4412 1275 4481 infernarum;
1321 4409 1592 4476 ονηηὶεφιϐ
1643 4407 1823 4475 lingua
1857 4433 1902 4488 ι)
1930 4417 2264 4484 gubernator
2289 4411 2496 4479 plaudit
2532 4410 2658 4473 sibi,
2707 4408 2760 4462 in
2815 4410 3092 4463 contraria
3128 4425 3256 4465 vero
3277 4427 3507 4482 qttaeque

235 4514 577 4581 conﬁteatur,
606 4510 730 4578 quia
780 4505 1042 4558 Dominus
1075 4501 1234 4556 Jesus
1267 4499 1510 4555 Christus
1555 4499 1610 4551 in
1654 4495 1826 4566 gloria

234 4617 310 4661 est
345 4605 443 4658 Dei
466 4602 645 4656 Patris
662 4599 731 4654 ⁷⁸.

308 4697 400 4753 IIl.
445 4695 600 4750 Nunc
634 4707 766 4763 ergo
800 4732 815 4758 ,
849 4689 1185 4752 charissimt,
1233 4701 1412 4742 sermo
1439 4685 1541 4740 iste
1571 4683 1645 4739 sit
1677 4680 1830 4736 vobis

235 4787 582 4851 manifestus,
605 4785 749 4854 quod
773 4782 1082 4850 benignitas
1109 4779 1290 4833 Patris
1314 4795 1418 4832 non
1447 4778 1672 4846 pepercit
1701 4773 1828 4829 Uni-

235 4882 413 4952 genito
441 4887 653 4947 propter
675 4889 806 4937 nos;
835 4875 924 4928 sed
956 4871 1180 4924 tradidit
1205 4886 1324 4924 eum
1355 4881 1565 4938 propter
1592 4876 1827 4921 nostram

235 4972 475 5027 omnium
511 4967 761 5031 salutem,
802 4966 1022 5019 tradens
1083 4965 1194 5032 ipse
1236 4964 1570 5023 semetipsum
1619 4969 1831 5029 propter

231 5075 450 5136 peccata
475 5069 656 5114 nostra
682 5058 749 5112 ⁷⁷.
785 5057 852 5111 Ει
890 5055 1208 5125 iniquitates
1239 5055 1456 5122 quidem
1495 5060 1696 5107 nostrae
1726 5051 1830 5104 hu-

230 5153 588 5210 miliaverunt
645 5166 809 5214 eum;
867 5151 963 5202 sed
1022 5149 1184 5201 livore
1220 5146 1334 5214 ejus
1380 5162 1476 5199 nos
1520 5144 1694 5199 sanati
1742 5160 1830 5198 su-

233 5264 353 5302 mus
381 5246 453 5298 ".
479 5244 597 5300 lose
627 5257 847 5313 quoque
881 5239 1049 5295 verbo
1078 5239 1300 5294 virtutis
1331 5254 1442 5294 sua:
1477 5238 1828 5308 congregavit

311 5431 360 5461 ⁷³
380 5429 544 5482 Hebr.
569 5442 610 5489 ι,
639 5427 695 5480 5.
771 5427 816 5458 ⁷³
841 5427 1044 5483 Jerem.
1066 5441 1184 5488 vttt.
1213 5424 1304 5478 22.
1336 5425 1384 5456 ⁷⁸
1418 5423 1620 5480 Jerem.
1665 5428 1814 5488 1.1.9.

327 5500 430 5553 Isa.
461 5515 578 5556 LIII,
615 5497 670 5551 5.
761 5497 809 5529 ⁷⁹
850 5500 1014 5555 Hebr.
1042 5513 1114 5556 tv,
1146 5497 1236 5551 15.
1335 5496 1381 5527 ⁸ο
1420 5494 1564 5553 Psal.
1611 5512 1825 5554 Lxxxvu

1940 5427 2136 5482 Ezech.
2182 5444 2280 5484 xtt.
2313 5426 2366 5479 5.
2398 5426 2444 5455 ⁷⁸
2483 5422 2690 5492 Philipp

1935 5539 1949 5553 .
2047 5500 2086 5530 ⁸¹
2114 5499 2236 5555 Luc.
2274 5512 2374 5556 stt.
2407 5495 2496 5552 49.
2573 5494 2618 5525 ⁸⁷
2658 5494 2690 5549 lt

232 5500 281 5532 ⁷³
327 5500 430 5553 Isa.
461 5515 578 5560 LIII,
615 5497 670 5551 5.
761 5497 809 5529 ⁷⁹
850 5500 1014 5555 Hebr.
1042 5513 1114 5562 tv,
1146 5497 1236 5551 15.

231 5571 284 5603 ⁸⁸
314 5571 474 5626 Prov.
517 5586 594 5633 tx,
628 5567 682 5623 9.

309 5707 422 5782 (I6)
464 5705 758 5764 Gloriatur.
786 5703 948 5760 Forte
969 5700 1325 5773 gloriﬁcatur.

1932 4515 2244 4568 ventorum,
2278 4505 2458 4558 omnis
2496 4504 2831 4574 gubernator
2870 4502 3272 4556 manifestatur.
3305 4505 3512 4573 Intelli-

1929 4601 2040 4670 gite
2078 4610 2210 4668 ergo
2237 4605 2447 4666 tempus
2481 4595 2532 4648 in
2565 4594 2708 4663 quod
2743 4596 3095 4660 advenimus,
3127 4596 3287 4666 quale
3307 4597 3396 4652 sit.
3437 4597 3511 4653 De

1934 4691 2164 4745 minutis
2191 4697 2372 4743 autem
2399 4689 2549 4744 verbi
2578 4687 2868 4754 libertatis,
2918 4697 3076 4741 erant
3130 4687 3359 4756 plurima
3393 4703 3514 4759 qua:

1931 4783 2248 4836 dicerentur
2289 4778 2476 4846 vobis;
2522 4779 2617 4834 sed
2697 4779 2742 4832 si
2791 4779 2990 4834 dedero
3050 4781 3374 4832 occasionem
3425 4797 3513 4833 sa-

1930 4872 2115 4940 pienti,
2149 4870 2444 4938 sapientior
2459 4870 2558 4924 erit
2577 4870 2643 4923 ⁸⁸.
2697 4867 2884 4925 Saluto
2915 4883 3007 4923 vos
3040 4883 3070 4923 a
3095 4868 3320 4925 minimo
3343 4881 3513 4940 usque

1929 4965 1996 5017 ad
2019 4962 2337 5016 maximum.

2472 5053 2810 5110 EPISTOLA
2853 5054 2960 5111 VII.

2001 5151 2290 5213 Antonius,
2321 5148 2574 5203 omnibus
2606 5147 2984 5202 dilectissimis
3011 5147 3275 5201 fratribus
3327 5145 3379 5200 in
3410 5144 3510 5200 Do-

1927 5260 2099 5310 tmno,
2130 5243 2383 5297 salutem.
2437 5239 2552 5294 Non
2609 5240 2804 5294 deﬁcio
2850 5254 3160 5294 memorans
3194 5240 3380 5305 vestri,
3418 5239 3548 5309 qui.

2695 5467 2709 5481 .
2743 5437 2804 5487 tt,
2829 5422 2982 5480 6-H.
3021 5423 3065 5454 ⁷⁷
3110 5418 3509 5485 Ilom.vut,5‘2.

2047 5500 2086 5530 ⁸¹
2114 5499 2236 5555 Luc.
2274 5512 2374 5564 sn,
2407 5495 2496 5552 49.
2573 5488 2635 5525 ⁸¹“
2658 5488 2850 5550 Matth.
2882 5509 2932 5549 vt
2959 5531 2976 5562 ,
3003 5493 3090 5548 l9.
3163 5493 3211 5526 ⁸³
3254 5492 3386 5547 ibid.
3419 5488 3512 5545 39.
