3860 6316
385 276 490 329 999
1481 266 1749 323 PATRES
1788 262 2085 320 IEGYPTII
2127 258 2401 317 SECULI
2434 258 2522 317 IV.
3492 260 3619 319 lbos

383 388 517 442 estis
544 384 802 441 Ecclesiae
836 384 1121 441 catholica:
1157 382 1747 453 membra.Agnoseere
1774 389 1954 435 autem
1976 380 2021 437 Α
2052 381 2168 427 tes:
2203 371 2324 425 Non
2349 374 2486 426 enim
2513 386 2811 440 accepimus
2847 372 3089 439 spiritum
3130 373 3398 428 seruitutis
3444 374 3627 426 iterans

383 494 482 535 vos
508 478 634 531 volo
657 476 1004 532 dilectionem
1030 491 1194 545 quam
1226 476 1402 530 habeo
1421 475 1476 528 in
1493 471 1823 542 vobiszquia
1847 484 1955 523 non
2050 467 2106 520 in
2133 466 2340 526 timore,
2374 466 2464 517 sed
2492 466 2789 532 accepimus
2820 465 3066 532 spiritum
3117 465 3354 532 ﬁliorum
3387 466 3628 532 adoptio-

382 581 469 628 est
493 584 779 640 corporea,
814 569 908 623 sed
942 576 1027 623 est
1056 550 1274 622 dilectio
1313 565 1541 637 spiritus
1574 564 1801 619 culturae
1838 560 1956 616 Dei.
2035 546 2153 621 'nis,
2180 557 2230 608 in
2249 572 2351 625 quo
2375 556 2666 608 statuamus
2692 572 2711 609 :
2742 556 2912 619 Abba,
2962 554 3127 611 Pater
3147 557 3190 588 ⁸⁷
3219 574 3232 609 :
3261 567 3317 610 ut
3341 572 3629 627 coguuSt-a-

383 662 690 733 Corporum
714 664 916 735 quippe
939 672 1254 719 nostrorum
1272 658 1537 719 amicitia,
1558 657 1613 710 in
1639 655 1957 711 insubstan-
2051 665 2175 704 tuus
2198 656 2401 718 quanta
2437 646 2593 700 nobis
2645 648 2930 702 donaverit
2975 648 3137 710 Deus,
3178 648 3305 718 quia
3350 659 3404 702 et
3434 649 3631 715 ﬁliis»-

383 756 459 811 tia
480 765 537 813 et
565 757 931 813 inconstantia
959 766 1065 822 est,
1095 772 1217 827 qua:
1241 762 1490 809 movetur
1518 766 1659 820 smpe
1690 750 1758 804 ab
1782 757 1963 803 extra-

300 898 305 903 .
384 848 506 904 neis
535 848 943 904 ventis.Cuncti
965 863 1097 903 vero
1119 848 1214 917 qui
1234 843 1757 906 timentDominum,
1782 850 1835 895 et
1859 854 1962 896 cu-

370 942 629 995 stodiunt
648 939 903 994 mandata
920 938 1061 1007 ejus,
1087 938 1231 994 servi
1252 946 1381 993 sunt
1401 937 1514 991 Dei.
1542 934 1648 990 Sed
1668 947 1778 988 non
1800 941 1885 987 est
1906 932 1963 987 in

383 1018 500 1085 ipsa
523 1019 794 1074 servitute
828 1019 1112 1089 perfectio,
1132 1018 1235 1073 nisi
1268 1020 1411 1088 quod
1448 1027 1655 1073 tantum
1685 1017 1832 1086 justa
1875 1025 1957 1070 te-

388 1117 499 1173 net,
524 1108 798 1163 deducens
830 1109 898 1162 ad
920 1108 1153 1161 ﬁliorum
1178 1108 1547 1176 adoptionem.
1575 1105 1960 1174 Propterquod

383 1206 438 1252 et
464 1198 740 1268 prophetae
770 1208 825 1253 et
863 1198 1116 1267 apostoli,
1149 1196 1435 1266 omnisque
1474 1207 1790 1252 sanctorum
1825 1198 1958 1252 cho-

383 1306 477 1346 rus
505 1292 615 1345 Deo
650 1290 912 1359 suscepti,
951 1301 1009 1343 ut
1044 1292 1362 1344 crederetur
1412 1290 1460 1343 ci
1498 1290 1795 1357 apostolica
1832 1304 1963 1357 pra:-

383 1380 658 1436 dicatione
681 1395 775 1450 per
794 1381 1125 1435 voluntatem
1149 1380 1347 1442 Patris,
1372 1380 1537 1434 vincti
1562 1380 1763 1435 Christi
1782 1379 1959 1434 eﬂ‘ccti

376 1485 532 1530 sunt.
568 1474 811 1541 Denique
873 1473 1070 1527 Paulus
1121 1473 1248 1526 ait:
1304 1472 1519 1526 Vinctus
1565 1474 1695 1527 Jesu
1740 1474 1959 1537 Christi,

383 1577 595 1621 vocatus
622 1566 890 1633 apostolus
919 1567 985 1619 “.
1033 1566 1247 1635 Scripta
1297 1566 1478 1635 itaque
1504 1566 1587 1620 lex
1622 1567 1961 1637 cooperatris

388 1656 484 1710 liat
507 1656 661 1711 vobis
694 1657 746 1710 in
780 1657 883 1712 hoc
928 1657 1171 1723 servitio,
1228 1673 1506 1726 usquequo
1538 1658 1808 1711 dominari
1838 1673 1961 1727 pos-

2046 757 2170 794 ωε
2194 750 2240 793 st
2275 738 2510 792 hwredes
2532 755 2551 793 :
2572 737 2804 792 hwredes
2833 739 3040 807 quidem
3069 738 3497 801 Dei,cohwredes
3515 757 3632 792 san-

2055 831 2342 887 clarum".
2369 829 2596 885 Fratres
2625 830 2964 885 dilectissimi
2998 830 3384 884 etcobteredes
3416 844 3634 886 saneto-

2052 938 2201 988 rum,
2236 924 2414 979 onmis
2445 926 2622 979 virtus
2659 940 2764 978 non
2795 932 2881 979 est
2901 924 3080 978 aliena
3129 924 3302 988 vobis,
3334 930 3441 979 sed
3463 937 3636 980 vestra

2056 1016 2308 1081 exsistit;
2336 1017 2384 1071 si
2414 1026 2593 1071 tamen
2627 1017 2979 1086 inculpabiles
3001 1016 3120 1070 sitis
3142 1031 3173 1069 a
3205 1016 3344 1070 mala
3362 1018 3498 1081 vita,
3534 1019 3638 1071 Deo

2058 1117 2235 1163 autem
2278 1108 2573 1164 manifesti.
2636 1108 2702 1162 In
2739 1108 2934 1162 malam
2967 1109 3105 1162 enim
3143 1109 3379 1163 animam
3431 1127 3537 1163 non
3561 1112 3638 1162 in-

2060 1202 2217 1253 trabit
2240 1199 2470 1267 Spiritus
2522 1199 2646 1263 Dei,
2671 1216 2765 1253 nec
2802 1198 3059 1254 habitabit
3084 1200 3139 1253 in
3180 1216 3397 1269 corpore
3427 1201 3638 1255 subdito

2058 1293 2284 1360 peccatis
2318 1292 2615 1367 8’:_sancta
2655 1291 2854 1360 quippe
2902 1301 2987 1346 est
3046 1293 3221 1346 virtus
3245 1331 3264 1357 ,
3323 1292 3541 1362 fugiens
3573 1296 3638 1347 ab

2060 1385 2209 1439 omni
2236 1384 2382 1440 dolo.
2417 1384 2575 1451 Vere,
2606 1384 2978 1446 dilectissimi.
3018 1385 3143 1454 quia
3175 1386 3314 1439 sicut
3344 1386 3640 1440 rationabi-

2064 1476 2203 1531 libus
2232 1477 2415 1531 scribo
2465 1477 2618 1531 vobis
2664 1486 2718 1530 et
2748 1478 2901 1547 quasi
2939 1478 3252 1545 potentibus
3310 1492 3644 1548 cognoscere

2065 1569 2422 1635 vosmetipsos
2463 1584 2480 1632 ;
2526 1568 2651 1635 quia
2702 1570 2795 1636 qui
2874 1569 3224 1637 semetipsum
3304 1571 3645 1636 cognoverit,

2071 1658 2234 1711 Deum
2276 1660 2566 1729 cognovit;
2602 1661 2692 1728 qui
2724 1674 2857 1713 vero
2897 1660 3217 1728 cognoverit
3258 1659 3451 1724 Deum,
3506 1662 3648 1715 hunc

385 1748 562 1804 simus
596 1750 743 1832 omni
773 1750 925 1812 vitio,
955 1760 1011 1804 et
1074 1750 1423 1817 perﬁciantur
1475 1751 1527 1802 in
1565 1750 1773 1818 optimo
1803 1749 1963 1803 mini-
1995 1735 2038 1789 Β
2070 1749 2301 1803 adorare
2349 1750 2508 1804 debet
2550 1751 2692 1804 sicut
2754 1760 2986 1820 oportet.
3046 1751 3135 1814 Et,
3204 1752 3522 1807 cbarissimi
3596 1753 3649 1807 in

384 1842 557 1899 sterio
576 1842 793 1897 virtutis
818 1856 916 1910 per
962 1842 1319 1911 apostolicum
1375 1843 1714 1897 mandatum.
1743 1842 1879 1909 Quia
1915 1844 1960 1897 si

385 1951 561 2007 prope
586 1936 849 1991 fuerimus
869 1935 1044 1990 elTecti
1098 1936 1164 1989 ad
1212 1936 1611 2005 accipiendum,
1657 1946 1783 1991 tunc
1819 1936 1965 1991 dicet

386 2028 542 2082 vobis
563 2026 755 2082 Jesus:
789 2026 926 2092 Quia
942 2028 1059 2097 jam
1090 2042 1190 2079 non
1231 2030 1421 2081 vocabo
1457 2043 1545 2081 vos
1593 2044 1769 2081 servos
1799 2044 1963 2091 meos,

387 2118 481 2172 sed
510 2120 709 2172 amicos
730 2127 779 2171 et
808 2118 1024 2187 fratres,
1048 2120 1171 2184 quia
1204 2134 1529 2187 quiscunque
1546 2128 1670 2172 nota
1692 2120 1811 2188 fecit
1835 2120 1965 2174 mihi

390 2206 573 2274 Pater,
600 2210 819 2264 γαυριαυί
849 2210 990 2263 vobis
1010 2210 1076 2263 “.
1097 2209 1373 2278 Quotquot
1386 2212 1528 2264 enim
1548 2221 1962 2281 proposuerunt,

388 2299 569 2354 edocti
600 2309 728 2355 sunt
749 2315 844 2371 per
868 2301 1129 2371 Spiritum
1166 2311 1449 2366 sanctum,
1502 2304 1553 2357 hi
1600 2314 1971 2374 cognoverunt

392 2392 718 2461 semetipsos
778 2395 1073 2447 secundum
1107 2395 1413 2447 sensualem
1446 2408 1597 2448 suam
1625 2396 1973 2461 exstantiam;

370 2480 455 2540 litt
480 2483 595 2554 ipsa
612 2500 753 2541 vero
794 2486 891 2544 sui
932 2485 1241 2555 cognitione
1276 2485 1753 2540 oroclamaverunt
1791 2486 1976 2540 dicen-

467 2676 519 2711 ⁸³
546 2677 741 2748 Ephes.
787 2693 868 2746 ιιι,
900 2679 967 2743 Ι;
1023 2678 1181 2733 Boni.
1217 2694 1255 2745 ι,
1314 2678 1366 2734 l.

2070 1842 2321 1905 Domino,
2363 1844 2670 1909 cognoscite
2724 1844 3107 1912 vosmetipsos,
3142 1845 3270 1913 quia
3315 1844 3408 1913 qui
3445 1854 3649 1900 semet-

2071 1932 2215 2000 ipsos
2242 1943 2597 2003 coguoscunt,
2631 1944 2686 1989 et
2711 1944 2921 2003 tempus
2952 1946 3356 2002 cognoverunt;
3388 1937 3483 2005 qui
3521 1952 3649 1990 vero

2070 2033 2440 2093 cognoverunt
2470 2034 2700 2095 tempus,
2727 2026 2761 2079 ii
2791 2035 3045 2095 poterunt
3089 2036 3329 2086 statuere
3385 2029 3647 2093 semetip-

2071 2128 2161 2170 sos
2185 2114 2490 2173 immobiles
2513 2132 2543 2169 a
2573 2118 2888 2172 diversitate
2920 2118 3247 2187 linguarum.
3271 2119 3344 2172 De
3370 2120 3505 2173 Ario
3526 2135 3655 2175 vero

2067 2204 2157 2273 qui
2179 2204 2232 2257 in
2248 2204 2573 2260 Alexandria
2600 2208 2838 2262 surrexit
2860 2217 2914 2262 et
2933 2209 3174 2279 loquitur
3195 2210 3371 2265 aliena
3395 2214 3563 2266 verba
3581 2216 3649 2264 de

2066 2294 2389 2366 Unigenito;
2418 2298 2528 2362 cui,
2554 2300 2648 2367 qui
2669 2308 2752 2353 est
2780 2310 2829 2354 et
2854 2301 2950 2369 qui
2974 2316 3092 2355 szuc
3116 2311 3359 2371 tempore
3384 2314 3490 2367 est,
3510 2314 3651 2356 tem-

2065 2401 2168 2455 pus
2193 2400 2302 2439 non
2328 2386 2552 2451 ascivit;
2584 2396 2639 2441 et
2669 2388 3035 2454 inccssabilis,
3068 2390 3230 2443 linem
3258 2382 3407 2445 inter
3426 2404 3652 2444 creatu-

2066 2494 2160 2535 ras
2183 2495 2289 2535 non
2317 2479 2499 2545 dedit;
2524 2480 2841 2545 immobilis,
2861 2482 3295 2537 immobilitatem
3319 2497 3431 2537 non
3456 2483 3648 2538 aliisit.

1444 2677 1491 2710 '°
1524 2675 1679 2732 Joan.
1715 2676 1900 2741 “,15.

2081 2677 2229 2733 Rom.
2262 2691 2385 2741 vtu,
2426 2677 2515 2731 15.
2594 2673 2640 2708 ⁸⁸
2681 2672 2814 2732 ibid.
2846 2676 2933 2730 i‘t.
3008 2675 3054 2708 ”
3116 2676 3243 2747 Sap.
3282 2694 3323 2743 ι,
3352 2676 3405 2732 4.

724 3012 886 3167 S.
979 3018 1150 3164 P.
1247 3015 1434 3166 N.
1539 3016 1713 3163 Β.
1838 3007 1976 3163 Α.

2081 3010 2490 3165 ’ΤΟΝ
2501 3015 2641 3163 ΙΙ
2734 3012 3345 3170 MAGNI

1468 3276 1955 3334 MONACIIORUM
1993 3278 2267 3336 OMNIUM
2302 3276 2645 3336 PARENTIS

1256 3460 2078 3629 EPISTOLIE
2135 3461 2822 3601 VIGINTI.
2940 3414 3009 3519 7
3100 3606 3103 3607 ξ

414 3709 597 3773 Nunc
628 3706 905 3788 primum
935 3723 1016 3769 ex
1048 3707 1322 3770 Arabico
1356 3705 1562 3767 Latini
1590 3706 1759 3784 juris
1781 3704 1960 3767 factm
1999 3703 2079 3765 ab
2124 3703 2486 3769 Abrahamo
2519 3706 2945 3783 Ecchellensi,
2980 3710 3290 3771 Maronita
3324 3726 3358 3770 c
3405 3710 3673 3772 Libano.

458 4042 512 4083 IN
548 4042 749 4083 ιιοιιιιιε
783 4043 999 4093 sums,
1040 4043 1111 4082 ετ
1156 4042 1307 4088 ι-ιιιι,
1344 4039 1414 4079 ετ
1458 4040 1705 4081 srtttt'rus
1736 4040 1952 4092 SANC‘I‘I,
2021 4036 2064 4094 (ι
2097 4039 2212 4086 ster
2240 4030 2514 4085 Abraham
2555 4032 2609 4086 in
2653 4032 2771 4101 lege
2807 4043 3056 4087 naturae:
3090 4048 3258 4102 quare
3291 4034 3562 4089 allocutus
3591 4045 3673 4089 est

1048 4113 1129 4151 DEI
1175 4114 1335 4152 UNICI.

415 4232 709 4303 lncipimus
735 4248 828 4299 ope
866 4231 1075 4285 Domini
1106 4234 1270 4286 nostri
1295 4232 1425 4286 Jesu
1454 4234 1650 4287 Christi
1687 4233 1865 4303 (cujus
1891 4248 1995 4285 me-

492 4300 677 4359 moriae
718 4304 981 4366 adoratio)
1024 4305 1250 4357 scribere
1286 4305 1468 4372 viginti
1507 4300 1779 4371 Epistolas
1813 4300 1992 4355 Patris

483 4378 650 4444 sancti
701 4374 907 4427 abbatis
958 4373 1171 4427 Antonii
1213 4376 1280 4426 ad
1321 4375 1461 4444 filios
1506 4392 1628 4429 suos
1688 4375 1992 4428 monachos.

488 4443 678 4498 Oratio
707 4444 817 4513 ejus
840 4444 905 4497 sit
935 4445 1223 4499 uobiscum.
1265 4449 1449 4500 Amen.

998 4552 1330 4608 EPlSTOLA
1367 4554 1407 4617 l,

421 4689 596 4756 Quam
618 4688 753 4741 dixit
782 4688 846 4741 de
880 4689 1025 4741 exitu
1059 4706 1090 4740 a
1120 4688 1313 4741 steculo
1337 4688 1407 4740 ad
1438 4688 1780 4740 monasticam
1807 4687 1991 4741 vitam.

488 4780 687 4837 Tribus
724 4781 913 4849 utique
949 4782 1123 4836 modis
1163 4782 1429 4849 contingit
1461 4783 1641 4835 exitus
1695 4796 1724 4832 a
1776 4779 1993 4834 saeculo.

417 4875 687 4939 Primum,
723 4882 780 4929 et
822 4882 951 4927 ante
983 4874 1165 4928 omnia
1202 4872 1360 4942 cupio
1398 4881 1633 4926 vestram
1664 4872 1892 4925 salutem
1943 4871 1997 4923 in

422 4966 674 5023 Domino.
737 4963 869 5019 Dico
917 4975 1132 5027 autem,
1178 4964 1402 5033 Spiritus
1456 4963 1522 5015 ad
1554 4976 1710 5031 quos
1753 4961 1999 5031 pervenit

420 5056 816 5125 evangelizatio
851 5054 1089 5122 Spiritus
1139 5052 1268 5115 Dei,
1324 5066 1389 5105 ex
1427 5052 1559 5105 viris
1592 5060 1647 5105 et
1683 5050 1998 5105 mulieribus

422 5148 618 5216 triplici
658 5160 782 5201 esse
817 5145 873 5199 iit
912 5145 1124 5199 ordine.
1162 5143 1376 5197 Primus
1424 5143 1641 5212 quidem
1693 5156 1881 5197 eorum
1915 5151 1999 5196 est

420 5239 517 5307 qui
556 5245 913 5307 susceperunt
950 5236 1001 5289 in
1039 5235 1155 5304 lege
1193 5244 1399 5289 natura:
1430 5245 1485 5289 et
1517 5234 1786 5289 libertatis
1815 5233 1998 5287 inditze

425 5328 494 5381 iis
525 5328 704 5391 initio,
733 5325 998 5397 quidquid
1037 5326 1281 5395 pervenit
1322 5326 1387 5379 ad
1424 5342 1516 5381 eos
1554 5342 1619 5380 ex
1659 5323 1998 5395 evangeliza-

428 5419 576 5475 tione
601 5435 696 5489 per
721 5432 1050 5485 sermonem,
1080 5429 1266 5475 etnon
1297 5429 1424 5474 sunt
1455 5418 1669 5485 morati,
1701 5418 1794 5473 sed
1826 5416 1996 5485 parati

425 5510 779 5576 festinarunt,
810 5511 1261 5581 quemadmodum
1294 5522 1412 5565 erat
1454 5521 1674 5580 paratus
1702 5518 1857 5581 pater
1902 5523 1997 5564 no-

495 5690 543 5722 "
576 5688 711 5748 Gen.
744 5706 842 5760 stt,
874 5690 922 5745 l.
1000 5692 1040 5723 ⁹¹
1085 5688 1225 5745 Psal.
1258 5689 1490 5755 svm,8.

2093 4138 2217 4179 cum
2249 4124 2390 4180 Deus
2417 4117 2602 4180 dicc'ns
2626 4144 2640 4179 :
2676 4124 2779 4179 Exi
2808 4128 2873 4179 de
2901 4136 3041 4179 terra
3076 4138 3169 4178 tua
3194 4134 3243 4178 et
3270 4126 3336 4178 de
3363 4127 3678 4193 cognatione

2096 4230 2210 4282 tua,
2239 4228 2288 4273 et
2326 4217 2597 4287 ingredere
2639 4228 2834 4272 terram
2869 4234 3032 4287 quam
3070 4218 3344 4271 ostendero
3377 4218 3469 4269 tibi
3507 4217 3592 4280 “;
3622 4226 3679 4271 et

2096 4326 2165 4365 ne
2207 4310 2284 4365 sis
2318 4310 2547 4380 duplicis
2571 4311 2772 4365 cordis.
2808 4309 2875 4363 Et
2907 4317 3127 4379 paratus
3151 4318 3235 4363 est
3261 4308 3537 4361 Abraham
3575 4307 3681 4362 hac

2096 4403 2406 4466 vocatione,
2436 4412 2491 4456 et
2519 4401 2697 4456 factus
2737 4413 2824 4457 est
2857 4400 3133 4471 exemplar
3163 4399 3581 4469 incipientibus;
3624 4407 3682 4452 et

2099 4510 2248 4549 nunc
2274 4509 2447 4561 usque
2478 4494 2594 4548 htec
2619 4494 2833 4547 vocatio
2861 4490 3163 4562 permansit
3196 4490 3403 4558 ingredi
3436 4489 3677 4542 volenti-

2098 4587 2200 4640 bus
2226 4586 2520 4640 secundum
2552 4585 2694 4639 hunc
2725 4585 2979 4648 modum;
3016 4584 3061 4638 si
3095 4584 3168 4638 ita
3201 4582 3424 4652 proinde
3442 4580 3679 4647 egerint.

2100 4687 2160 4729 ut
2187 4691 2283 4730 cor
2315 4690 2504 4730 eorum
2555 4678 2627 4729 sit
2659 4685 2909 4743 paratum
2944 4674 3093 4744 sequi
3139 4673 3402 4742 Spiritum
3440 4670 3556 4732 Dei,
3601 4670 3681 4723 sic

2101 4768 2289 4836 utique
2314 4767 2616 4835 suscipient
2650 4766 3035 4836 promissiones
3058 4779 3182 4819 cum
3225 4761 3433 4831 requie.
3465 4760 3533 4816 Et
3563 4760 3683 4815 hac

2098 4868 2185 4914 est
2216 4862 2406 4913 horum
2439 4857 2601 4913 ratio.

2173 4951 2460 5006 Secundus
2491 4962 2673 5005 autem
2709 4952 2845 5006 ordo
2868 4964 3056 5005 eorum
3093 4957 3178 5004 est
3211 4947 3304 5018 qui
3336 4945 3567 5000 audiunt
3602 4944 3679 4998 leo

2102 5060 2223 5117 gem
2257 5045 2516 5113 scriptam
2567 5054 2918 5099 attestantem
2959 5042 3031 5097 iis
3075 5041 3337 5111 judicium
3387 5040 3532 5106 quod
3577 5039 3684 5091 erit

2101 5138 2506 5208 peccatoribus,
2532 5148 2588 5191 et
2615 5136 2787 5191 bonas
2809 5134 3196 5205 promissiones
3217 5147 3338 5202 quae
3358 5139 3521 5186 erunt
3546 5130 3683 5183 bene

2104 5228 2491 5299 operantibus;
2520 5239 2576 5283 et
2612 5236 2834 5297 propter
2874 5227 2991 5281 haec
3030 5225 3339 5280 testimonia
3377 5223 3581 5291 scripta
3626 5222 3681 5275 in

2104 5321 2221 5393 lege
2247 5322 2571 5392 evigilarunt
2596 5321 2791 5376 animm
2813 5333 3025 5384 eorum,
3067 5328 3124 5371 et
3150 5332 3369 5386 operam
3415 5315 3685 5369 dederunt

2109 5414 2313 5483 ingredi
2341 5415 2483 5467 hanc
2506 5413 2871 5476 vocationem,
2898 5410 3042 5465 sicut
3063 5410 3139 5462 ait
3172 5407 3339 5461 David
3372 5406 3639 5475 propheta
3664 5419 3680 5457 :

2106 5505 2213 5561 Lex
2245 5505 2455 5559 Domini
2508 5505 2733 5572 vivi/icat
2784 5504 2992 5559 animas
3046 5502 3129 5566 ";
3178 5510 3232 5553 ct
3279 5499 3419 5551 dixit
3458 5498 3681 5551 etiam:
