3860 6380
161 356 290 412 ιιιιιι

1155 354 1209 407 S.
1255 350 1533 406 ΑΝΤΟΝῙΙ
1575 349 1643 405 Μ.
1688 347 1982 404 ABBATIS
2023 350 2408 409 EPISTOLIE.

3281 364 3418 422 1002

170 476 340 531 Verba
367 487 457 529 tua
497 472 671 528 lucent
713 472 868 541 mihi,
899 485 946 525 et
974 473 1058 526 lex
1089 486 1178 525 tua
1214 473 1358 526 docet
1387 471 1634 540 parvulos
1670 470 1738 522 θ’.
1770 470 1820 531 Α
1846 471 1946 525 bus
1981 473 2134 527 malis
2172 474 2238 527 ad
2287 473 2636 528 divertendos
2665 489 2781 538 eos,
2826 477 2917 544 qui
2955 477 3163 546 ingredi
3197 483 3420 550 cupiunt

162 571 223 623 Et
252 567 519 635 ejusmodi
551 566 948 635 quamplurima
1000 567 1203 635 scripta
1231 573 1470 620 exstant.

231 706 451 760 Tertius
484 721 614 760 vero
655 705 788 758 ordo
817 713 899 756 est
933 718 1117 757 eorum
1144 717 1371 771 quorum
1401 701 1565 756 corda
1606 700 1737 754 dura

159 807 308 860 sunt,
335 807 388 850 et
412 795 767 866 perpetrandi
800 795 1006 862 peccati
1034 791 1433 848 assuetudinem
1459 802 1743 848 contraxe-

158 902 283 946 runt
315 909 329 944 ε
356 892 714 958 quamobrem
750 889 913 945 infert
952 891 1094 944 Deus
1123 889 1438 944 misericors
1463 903 1625 957 super
1646 903 1740 941 eos

157 999 431 1038 aerumnas
462 993 520 1036 et
559 983 956 1044 tribulationes,
1004 990 1064 1034 ut
1104 982 1411 1035 excitentur
1444 995 1642 1035 areana
1689 989 1742 1032 et

159 1074 510 1127 t-onscientite
555 1087 740 1127 eorum
802 1087 912 1140 prte
967 1070 1312 1123 multitudine
1359 1069 1572 1122 illorum
1625 1083 1743 1133 qua:

161 1165 237 1217 ris
277 1165 573 1230 accidunt;
615 1178 817 1232 eosque
863 1162 1142 1232 pamitcat.
1181 1171 1236 1214 et
1279 1169 1646 1222 revertantur,
1687 1169 1742 1213 et

159 1266 562 1322 prteparentur,
607 1261 662 1308 et
695 1253 1072 1323 ingrediantur
1112 1252 1251 1305 hanc
1297 1251 1658 1313 vocationem,
1691 1258 1745 1301 et

160 1347 546 1414 pmnilentiam
574 1355 740 1414 agant
762 1359 826 1398 ex
858 1353 970 1398 toto
997 1343 1197 1407 corde;
1222 1352 1276 1396 et
1297 1342 1595 1410 suscipiant
1620 1357 1744 1410 pro-

160 1437 477 1500 missiones,
510 1438 650 1491 sicut
682 1435 769 1490 alii
809 1435 913 1488 duo
950 1435 1185 1495 ordines,
1224 1433 1426 1502 primus
1462 1441 1516 1486 et
1546 1447 1742 1487 secun-

159 1530 279 1584 dus.
317 1528 384 1584 lli
416 1530 634 1600 quidem
679 1539 806 1583 sunt
836 1539 946 1581 tres
988 1527 1210 1580 ordines
1249 1527 1443 1594 quibus
1483 1537 1744 1581 vocantur

160 1621 354 1674 anima:
385 1631 738 1674 revertentes
768 1621 836 1672 ad
869 1620 1178 1682 Dominum,
1207 1619 1272 1671 ad
1305 1619 1740 1686 consequendam

159 1713 393 1776 gratiam
427 1711 524 1768 Dei
547 1710 669 1766 Filii
702 1711 819 1767 Dei.

1843 566 2062 633 jannam
2097 569 2371 637 puritatis.

1924 656 2117 711 Verum
2158 659 2204 712 si
2245 659 2427 712 anima
2480 659 2782 715 instruatur
2827 672 3086 730 perpetua
3135 665 3420 734 patientia,

1849 740 2011 814 atque
2044 746 2369 802 testimoniis
2404 762 2524 816 quae
2567 750 2636 802 ab
2666 749 2895 818 ipsomet
2925 750 3031 804 Deo
3059 763 3206 815 sunt,
3247 753 3423 821 Spiri-

1852 848 1937 890 tus
1959 847 2182 892 sanctus
2205 838 2458 894 edocehit
2489 841 2856 905 intellectum,
2880 851 2938 896 nt
2971 845 3206 897 animam
3236 860 3425 898 emun-

1850 931 1938 980 det
1964 939 2019 980 et
2055 943 2253 996 corpus
2281 944 2348 983 ex
2392 929 2476 984 his
2517 930 2686 984 tribus
2729 932 2981 987 motibus.
3019 932 3074 986 Si
3105 948 3234 988 vero
3265 934 3426 989 homo

1851 1021 2239 1089 contempserit
2264 1021 2377 1075 lucc
2411 1023 2714 1076 testimonia
2749 1032 2804 1077 et
2825 1025 3144 1080 documenta
3167 1041 3286 1094 quae
3311 1026 3423 1096 jam

1852 1113 2077 1178 audivit,
2131 1121 2257 1167 tunc
2301 1114 2668 1183 praevalebunt
2717 1118 2976 1172 adversus
3022 1133 3144 1173 eum
3201 1120 3425 1188 spiritus

1852 1202 2000 1269 mali,
2030 1212 2084 1258 et
2111 1204 2467 1273 inquinabunt
2491 1221 2687 1274 corpus
2715 1207 2850 1274 ejus,
2876 1209 3222 1278 ambigetque
3244 1210 3425 1264 anima

1852 1293 1996 1348 illius
2039 1295 2180 1348 unde
2212 1295 2389 1350 veniat
2419 1297 2518 1350 sibi
2551 1297 2830 1352 auxilium.
2865 1302 2935 1353 At
2976 1301 3020 1355 si
3055 1317 3268 1356 reversa
3313 1302 3425 1357 fue-

1854 1384 1944 1450 rit,
1981 1393 2033 1438 et
2067 1386 2358 1440 adhaeserit
2379 1385 2598 1454 Spiritui
2627 1388 2836 1451 salutis,
2867 1398 2976 1443 tum
3013 1400 3300 1461 cognoscet
3328 1407 3424 1461 pa-

1854 1472 2097 1527 tientiam
2133 1489 2255 1542 quae
2289 1485 2370 1528 est
2412 1478 2464 1530 in
2501 1475 2748 1541 Domino,
2780 1495 2899 1535 esse
2936 1482 3018 1535 sui
3061 1483 3300 1550 requiem
3341 1493 3426 1536 at-

1853 1580 1956 1632 que
2011 1580 2218 1634 pacem.
2257 1565 2382 1622 Hice
2432 1581 2610 1622 autem
2664 1572 2803 1624 dicta
2858 1588 2976 1639 quae
3015 1575 3144 1635 dixi,
3183 1584 3310 1628 sunt
3360 1576 3426 1628 ad

1854 1658 2198 1711 concordiam
2236 1661 2479 1728 corporis
2507 1671 2561 1714 et
2605 1663 2796 1716 anima:
2829 1664 2880 1717 in
2920 1665 3253 1735 poenitentia.
3291 1665 3426 1720 Cum

1853 1763 1983 1803 vero
2036 1761 2359 1804 consecutus
2414 1752 2577 1806 fuerit
2626 1754 2931 1810 intellectus
2979 1757 3208 1822 gratiam
3265 1758 3427 1818 hanc.

230 1845 363 1901 Dico
407 1853 625 1908 autem,
677 1859 868 1900 omnes
919 1844 1012 1915 qui
1067 1844 1299 1915 ingressi
1350 1851 1476 1898 sunt
1524 1857 1590 1896 ex
1636 1850 1746 1894 toto
1778 1829 1822 1883 Β
1855 1850 1964 1894 tum
2001 1852 2202 1910 quazt'et
2242 1844 2502 1912 Spiritum
2543 1856 2812 1912 sanctum,
2851 1857 2905 1902 et
2940 1848 3160 1917 incipiet
3193 1849 3430 1918 abjicere

159 1937 324 1992 corde
349 1951 474 2000 suo,
507 1937 580 1990 ita
621 1935 870 1990 ediscant
918 1935 1260 2004 patientiam,
1293 1943 1348 1988 ut
1379 1933 1520 1988 hosti
1554 1933 1745 1985 adver-

159 2031 269 2084 sari
300 2028 541 2082 valeant.
573 2027 745 2081 Porro
774 2036 901 2080 ante
933 2029 1115 2081 omnia
1144 2026 1379 2095 Spiritus
1403 2035 1625 2079 sanctus
1649 2040 1745 2078 eos

162 2127 343 2180 vocat,
377 2128 435 2171 et
464 2117 652 2171 omnia
691 2116 798 2169 illis
829 2116 1006 2170 facilia
1040 2117 1236 2178 reddit,
1271 2124 1329 2170 ιιι
1361 2115 1427 2170 iis
1463 2114 1744 2169 dulcescat

162 2211 444 2280 ingressus
468 2208 534 2262 ad
565 2207 967 2275 ptenitentiam,
998 2217 1053 2260 et
1083 2207 1322 2262 ostendit
1351 2205 1457 2260 illis
1486 2207 1603 2259 vias
1630 2205 1746 2274 ejus

159 2300 465 2356 secundum
495 2301 805 2364 veritatem,
828 2309 888 2354 nt
910 2314 1007 2356 eos
1036 2299 1300 2368 pceniteat
1329 2299 1525 2368 spiritu
1553 2307 1608 2352 et
1634 2312 1747 2351 cor-

158 2406 326 2459 pore;
367 2400 424 2446 et
451 2401 793 2447 revertantur
821 2392 888 2446 ad
924 2391 1092 2446 Dcmn
1129 2400 1456 2454 creatorem,
1499 2390 1590 2460 qui
1623 2405 1746 2444 cor-

161 2482 448 2536 roborabit
472 2497 569 2537 eos
601 2483 666 2535 ad
697 2484 1054 2536 coercendum
1091 2494 1287 2549 corpus
1309 2488 1364 2533 et
1390 2478 1661 2548 spiritum,
1690 2486 1749 2530 ut

161 2574 430 2628 mundent
475 2575 640 2628 verba
692 2588 820 2637 sua,
875 2581 928 2628 et
975 2572 1221 2627 hmredes
1270 2569 1574 2626 eﬂlciantur
1623 2569 1747 2624 vitm

159 2675 400 2719 κιαι-[ιω.
441 2663 654 2734 Corpus
699 2673 880 2718 autem
916 2672 1198 2718 coercetur
1245 2660 1412 2714 multo
1439 2659 1647 2729 jejunio
1692 2669 1747 2712 et

160 2754 367 2822 vigiliis
403 2761 460 2807 et
489 2753 904 2818 certaminibus,
946 2767 1012 2806 ac
1044 2751 1270 2820 reliquis
1306 2749 1647 2815 ministeriis,
1694 2758 1746 2802 et

162 2847 352 2901 labore
393 2845 667 2900 fructuum
702 2843 1094 2914 corporalium.
1135 2842 1318 2908 Quare
1359 2841 1587 2910 spiritus
1631 2855 1744 2909 poe-

162 2937 406 2991 nitentiae
449 2938 559 2990 erit
609 2936 736 2990 huic
781 2936 835 2990 in
877 2935 1342 3000 consolationem,
1395 2933 1750 3001 edocebitque

161 3043 283 3083 eunt
332 3045 400 3083 ne
451 3037 758 3082 revertatur
799 3031 985 3089 retro',
1027 3035 1084 3080 et
1133 3041 1199 3080 ne
1241 3026 1444 3079 haereat
1500 3025 1748 3092 cuiquam

1849 1932 1918 1984 ab
1948 1933 2124 1984 anima
2153 1933 2332 1985 omnia
2358 1933 2526 1986 ardua
2559 1948 2679 2002 qua:
2706 1935 2961 1989 eveniunt
2985 1951 3014 1988 a
3040 1937 3430 2005 concupiscen-

1853 2022 1939 2076 tiis
1969 2023 2168 2077 cordis.
2202 2022 2299 2078 Hic
2341 2033 2521 2079 autem
2563 2023 2819 2093 Spiritus,
2861 2026 2905 2078 si
2959 2027 3425 2094 participationem

1853 2115 2103 2168 habuerit
2143 2131 2266 2171 cum
2300 2116 2572 2170 intellectu
2605 2119 2675 2170 ob
2710 2129 3097 2187 praeceptorum
3136 2135 3255 2187 qua:
3285 2122 3426 2174 didi-

1850 2209 1926 2261 cit
1963 2208 2388 2272 observantiam,
2425 2207 2573 2262 illum
2615 2210 2814 2278 diriget
2843 2211 2911 2264 ad
2944 2212 3277 2266 am0vendas
3312 2212 3429 2265 sin-

1851 2299 2004 2367 gulas
2059 2300 2127 2353 ab
2178 2300 2359 2354 anima
2399 2301 2694 2370 passiones,
2746 2316 2864 2369 quae
2893 2302 3006 2371 jam
3067 2303 3279 2370 corpori
3332 2305 3429 2357 ad-

1853 2390 2026 2444 mista:
2068 2401 2234 2457 sunt;
2283 2407 2382 2447 nec
2421 2407 2526 2446 non
2564 2393 2844 2460 passiones
2889 2394 2937 2446 ei
2978 2393 3277 2461 peculiares
3307 2408 3427 2462 quae

1855 2481 1928 2534 illi
1975 2483 2181 2545 insunt,
2233 2482 2446 2550 penitus
2484 2482 2667 2537 evellit
2700 2499 2729 2536 ιι
2772 2483 2974 2536 vertice
3019 2483 3213 2552 capitis
3257 2499 3427 2552 usque

1853 2574 1918 2626 ad
1956 2574 2120 2626 imum
2148 2573 2380 2640 pedum;
2415 2583 2470 2628 et
2497 2574 2686 2629 oculos
2725 2575 2930 2645 dirigit,
2973 2585 3029 2630 ut
3056 2576 3270 2630 luceant
3303 2593 3425 2630 cum

1868 2665 2191 2719 rectitudine
2217 2675 2271 2718 et
2293 2665 2513 2722 videant
2545 2681 2665 2721 eum
2687 2668 2946 2736 puritate,
2978 2677 3032 2722 et
3058 2683 3126 2723 ne
3151 2680 3430 2724 remaneat

1860 2755 1914 2807 in
1949 2754 2054 2808 illis
2083 2755 2378 2823 quidquam
2404 2754 2674 2820 alienum;
2707 2767 2761 2812 et
2795 2771 2976 2821 aures,
3012 2766 3070 2812 ut
3110 2757 3334 2812 audiant
3375 2759 3426 2810 in

1820 2885 1834 2909 ,
1863 2860 1994 2916 pace
2015 2884 2032 2909 ,
2070 2859 2176 2899 non
2218 2855 2396 2899 autem
2438 2846 2491 2900 in
2526 2847 2904 2903 susurratione
2938 2863 3118 2918 neque
3138 2852 3429 2920 opprobrio

1856 2951 2118 3017 upquam,
2148 2937 2242 2992 sed
2272 2937 2324 2991 in
2348 2937 2692 3003 rectitudine,
2721 2949 2778 2994 et
2803 2939 3082 2995 intendant
3107 2941 3159 2995 in
3194 2941 3434 3010 puritate

1854 3038 1908 3084 et
1939 3028 2290 3084 miseratione
2314 3029 2366 3083 iu
2398 3030 2703 3084 universam
2735 3038 3078 3098 creaturam;
3103 3042 3157 3086 et
3194 3031 3428 3103 linguam

163 3137 344 3176 rerum
372 3120 563 3176 saeculi
605 3121 786 3189 hujus.
816 3119 1011 3187 Aperit
1052 3127 1314 3188 praeterea
1339 3117 1529 3171 oculos
1556 3118 1750 3170 animae
1779 3152 1825 3216 ϐ
1861 3119 2065 3188 dirigit,
2102 3129 2160 3172 ut
2202 3118 2460 3188 loquatur
2492 3135 2614 3174 cum
2661 3121 2915 3189 puritate,
2961 3131 3126 3191 atque
3155 3131 3216 3176 ut
3249 3125 3432 3177 anima

161 3209 226 3262 ad
268 3209 652 3278 panitentiam
681 3224 896 3278 puram,
935 3216 995 3261 ut
1036 3207 1287 3275 expietur
1315 3221 1417 3258 una
1463 3221 1585 3260 cum
1626 3220 1749 3259 cor-

163 3316 317 3370 pore,
365 3310 423 3357 et
448 3301 558 3356 sint
589 3301 752 3355 ambo
784 3314 948 3353 unum
981 3300 1034 3353 in
1061 3300 1318 3368 puritate.
1353 3298 1474 3352 Haec
1499 3307 1582 3352 est
1603 3299 1746 3351 enim

163 3395 418 3448 doctrina
450 3391 688 3462 Spiritus
719 3392 916 3454 sancti,
945 3392 1037 3459 qui
1067 3405 1162 3445 eos
1187 3389 1440 3459 pra-cedit
1463 3398 1519 3443 et
1554 3404 1748 3443 emun-

169 3489 286 3552 dat,
343 3486 596 3554 deletque
630 3485 700 3538 ab
743 3484 874 3552 ipsis
919 3495 1143 3536 naturas
1197 3483 1395 3535 invidia
1436 3482 1748 3546 permistas,

175 3595 386 3649 eosque
431 3576 691 3632 transfert
742 3576 808 3629 ad
855 3577 1170 3644 primaevam
1227 3573 1590 3629 conditionem
1633 3587 1752 3640 qute

165 3672 268 3725 {uit
327 3679 464 3725 ante
507 3668 955 3731 inobedientiam,
999 3671 1172 3721 donec
1211 3664 1344 3718 nihil
1384 3673 1659 3718 remaneat
1698 3664 1749 3717 in

166 3761 392 3818 homine
431 3775 620 3816 eorum
660 3775 782 3829 qua:
829 3758 1001 3813 hostis
1055 3765 1204 3811 sunt.
1248 3755 1384 3810 Tum
1428 3770 1624 3823 corpus
1668 3771 1754 3809 se-

166 3864 370 3924 quetur
425 3853 765 3906 voluntatem
811 3849 1159 3911 intellectus;
1206 3847 1405 3917 quippe
1449 3846 1753 3901 intellectus

167 3946 400 4002 mundat
436 3944 567 4000 illud
610 3944 664 3997 in
694 3942 816 3996 cibo
851 3952 906 3995 et
952 3949 1082 4009 potu
1125 3948 1176 3994 et
1215 3953 1406 3994 somno
1439 3952 1503 3992 ac
1535 3937 1756 4006 reliquis

168 4038 288 4109 ejus
316 4037 646 4100 actionibus,
689 4045 745 4088 et
785 4043 1045 4104 perpetuo
1087 4047 1153 4087 ex
1193 4030 1402 4100 Spiritu
1427 4038 1616 4084 sancto
1639 4028 1755 4083 edi-

168 4133 292 4194 scit,
337 4128 803 4199 quemadmodum
840 4125 976 4180 dixit
1004 4122 1295 4191 Apostolus
1323 4139 1337 4176 :
1371 4120 1606 4190 Subjicio
1636 4137 1753 4174 cor-

165 4239 264 4291 pus
297 4237 496 4280 meum,
539 4230 586 4274 et
623 4218 801 4287 redigo
829 4217 961 4268 illud
1002 4217 1058 4268 in
1099 4215 1401 4269 seruitutem
1441 4214 1507 4265 ”.
1547 4213 1758 4268 Etenim

171 4312 315 4368 haud
360 4325 453 4365 me
482 4309 634 4371 latet,
687 4319 795 4362 tres
841 4307 1019 4361 inesse
1056 4305 1269 4373 corpori
1303 4315 1504 4358 motus.
1547 4305 1759 4358 Primus

168 4405 392 4477 quidem
441 4417 656 4471 semper
688 4401 738 4454 ei
767 4401 929 4463 inest,
961 4412 1060 4452 nec
1103 4397 1266 4450 ullam
1300 4397 1558 4464 operandi
1598 4397 1760 4449 habet

1859 3212 2094 3279 linguam
2123 3211 2358 3264 instruat
2383 3210 2562 3278 eloqui
2587 3221 2846 3278 perpetuo
2873 3211 3012 3266 bona
3041 3228 3058 3267 ;
3083 3214 3281 3267 etenim
3311 3227 3434 3282 pss-

1859 3303 2043 3356 sinnes
2062 3303 2143 3356 hae
2172 3302 2460 3355 dominata:
2491 3312 2619 3356 sunt
2654 3304 2708 3357 in
2744 3317 2886 3369 eam,
2919 3304 3098 3373 lingua
3134 3305 3426 3364 mediante.

1855 3395 2000 3447 sicut
2031 3393 2110 3448 ait
2141 3393 2418 3460 apostolus
2451 3390 2688 3446 Jacobtts
2718 3411 2730 3444 :
2777 3392 2836 3447 Si
2863 3394 2981 3462 quis
3014 3402 3189 3458 autem
3219 3395 3348 3448 dicit
3378 3411 3432 3449 se

1856 3484 2058 3538 servire
2085 3482 2219 3545 Deo,
2256 3491 2305 3535 et
2353 3497 2457 3534 non
2490 3481 2717 3550 refrenat
2763 3482 2998 3549 linguam
3028 3499 3202 3549 suam,
3231 3485 3430 3538 seducit

1857 3591 1946 3628 cor
1992 3589 2169 3636 suum,
2213 3581 2261 3624 et
2309 3587 2502 3624 vanum
2549 3582 2624 3624 est
2680 3573 3024 3625 ministerium
3069 3573 3180 3641 ejus
3225 3573 3293 3628 ’⁷.
3341 3575 3442 3628 Ait

1857 3666 2020 3719 etiam
2054 3663 2160 3717 alio
2196 3663 2252 3718 in
2291 3662 2412 3718 loco
2441 3685 2452 3718 :
2482 3662 2713 3732 Lingua,
2746 3664 3009 3718 modicum
3040 3667 3248 3734 quidem
3275 3683 3427 3720 mem-

1859 3755 2008 3807 brum
2043 3764 2141 3817 est,
2177 3764 2224 3808 et
2257 3756 2492 3824 inquinat
2533 3771 2722 3822 corpus
2755 3754 2833 3821 ’3;
2869 3763 2924 3810 et
2948 3755 3212 3826 ejusmodi
3244 3772 3436 3828 quant-

1863 3845 2094 3914 plurima
2139 3846 2190 3900 in
2236 3844 2407 3899 sacris
2441 3854 2656 3899 exstant
2706 3845 3022 3916 Scripturis.
3067 3847 3203 3902 Cum
3255 3857 3433 3902 autem

1858 3937 2246 3992 corroboratus
2271 3937 2437 3991 fuerit
2463 3937 2795 4001 intellectus,
2831 3948 2884 3993 et
2913 3941 3186 4009 acceperit
3211 3955 3278 3995 ex
3307 3941 3434 4011 Spi-

1859 4030 2000 4094 ritu,
2051 4029 2462 4096 emundabitur;
2521 4039 2632 4084 tum
2690 4031 3039 4098 iuvestigahit
3091 4035 3156 4087 de
3211 4033 3438 4104 singulis

1859 4123 2042 4177 verbis
2085 4137 2204 4191 quae
2254 4121 2503 4191 loquetur
2545 4122 2760 4193 lingua,
2810 4123 3044 4177 utnulla
3095 4125 3221 4179 insit
3267 4127 3318 4180 in
3373 4142 3436 4179 ea

1861 4215 2097 4270 carnalis
2139 4214 2424 4272 voluntas;
2457 4224 2621 4282 atque
2663 4217 2726 4269 de
2770 4215 2857 4268 illa
2897 4215 3206 4284 implebitur
3235 4218 3436 4272 dictum

1863 4306 2169 4361 Salomonis
2201 4307 2430 4360 dicentis
2463 4326 2476 4358 :
2519 4305 2587 4358 In
2620 4308 2781 4360 verbis
2814 4323 2934 4376 qua:
2979 4310 3104 4361 data
3150 4320 3270 4361 sunt
3315 4311 3439 4362 milii

1862 4415 1894 4450 α
1932 4398 2057 4460 Deo,
2105 4397 2252 4450 nulla
2297 4406 2374 4450 est
2414 4397 2694 4450 declinatio
2739 4410 2828 4450 aut
2868 4399 3146 4463 obliquitas
3194 4403 3260 4451 '9.
3303 4401 3440 4454 Dicit

170 4504 501 4566 potestatem
545 4493 666 4548 sine
707 4492 984 4544 voluntate
1032 4491 1238 4543 animm.
1289 4487 1441 4542 Alter
1477 4502 1606 4540 vero
1638 4501 1757 4541 mo-
1789 4502 1836 4559 ι)
1865 4490 2026 4542 etiam
2063 4507 2075 4540 :
2108 4489 2311 4557 Lingua
2343 4489 2477 4556 justi
2510 4501 2662 4541 sanat
2695 4490 2758 4542 ab
2788 4490 3180 4556 inﬁrmitatibus
3215 4494 3257 4545 ι.
3289 4493 3441 4544 Insu-

171 4601 259 4645 tus
285 4601 490 4656 corpus
531 4593 712 4639 movet
743 4584 808 4636 ad
851 4583 1029 4637 cibum
1062 4592 1115 4636 et
1157 4590 1366 4650 polum,
1413 4579 1756 4650 appetibiles,

169 4677 616 4753 quandoquidem
653 4677 805 4732 calor
834 4676 1114 4746 sanguinis
1143 4676 1231 4744 qui
1263 4689 1325 4729 ex
1357 4675 1508 4738 copia
1534 4673 1760 4726 alimen-

174 4785 358 4829 torum
392 4770 589 4833 oritnr,
628 4767 829 4823 bellum
861 4767 1003 4837 gerit
1030 4766 1293 4820 adversus
1338 4781 1556 4834 corpus,
1593 4764 1753 4817 illud-

169 4878 281 4936 que
311 4859 554 4915 deﬂectit
589 4860 656 4912 ad
684 4857 854 4912 malas
882 4856 1370 4924 concupiscentias.
1394 4854 1577 4921 Quare
1597 4854 1759 4908 Chri-

172 4969 290 5014 stus
345 4953 613 5010 Dominus
656 4959 843 5006 noster
889 4949 1015 5018 (cni
1058 4949 1276 5017 gloria)
1318 4962 1446 5002 suos
1486 4947 1763 5000 admonuit

171 5045 502 5116 discipulos.
539 5042 726 5097 dicens
765 5040 848 5093 eis
891 5056 904 5092 :
942 5037 1024 5091 Ne
1065 5047 1348 5107 graventur
1391 5037 1554 5089 corda
1595 5046 1766 5089 vestra

171 5140 432 5196 satietate
473 5143 523 5189 et
572 5133 820 5188 ebrietate
859 5131 928 5182 θλ.
977 5129 1041 5182 Ει
1075 5128 1275 5181 Paulus
1311 5127 1589 5194 apostolus
1642 5129 1762 5181 ait:

170 5233 305 5288 Non
335 5224 608 5282 ebriemini
636 5222 776 5286 vino,
801 5237 976 5290 exquo
997 5220 1208 5272 luxuria
1227 5219 1372 5271 "'".
1398 5219 1768 5287 Oportetergo

171 5334 234 5380 ut
266 5332 466 5376 omnes
503 5314 595 5386 qui
629 5314 874 5369 habitum
904 5312 1132 5364 induunt
1163 5311 1546 5373 monasticam,
1581 5311 1766 5362 dicant

170 5430 306 5474 cum
346 5409 517 5466 Paulo
552 5426 565 5463 :
602 5406 841 5475 Sttbjicio
873 5420 1060 5471 corpus
1105 5417 1299 5467 meum,
1336 5411 1383 5455 et
1419 5403 1597 5472 redigo
1629 5402 1762 5455 illud

169 5514 228 5567 in
274 5507 609 5564 servitutem.
669 5501 849 5555 Motus
901 5507 1081 5552 autem
1129 5497 1324 5550 tertius
1349 5506 1520 5550 estex
1553 5497 1764 5565 spiriti-

249 5724 299 5752 θ’
340 5716 484 5771 Psal.
514 5728 701 5776 cxvttt,
733 5711 853 5765 150.
931 5711 977 5741 ’³
1017 5711 1031 5761 1
1061 5709 1183 5764 Cor.
1217 5724 1292 5766 ix,
1325 5707 1415 5761 9.7.

261 5794 318 5846 6.
396 5787 442 5819 ’°
473 5787 630 5839 Prov.
661 5798 778 5842 vttt.
807 5784 858 5835 8.
940 5782 952 5809 ¹
985 5780 1139 5834 Prov.
1173 5780 1264 5843 xli,
1295 5779 1374 5832 l8.

439 5883 708 5940 ΡΑτιιοι.
759 5879 877 5937 (in.
929 5879 1063 5937 XL.

1491 5707 1536 5737 9‘
1576 5704 1708 5763 Luc.
1755 5723 1870 5768 xxi,
1904 5703 1993 5757 54.

1457 5781 1473 5808 ²
1509 5777 1645 5831 Psal.
1681 5793 1802 5842 cu,
1835 5778 1889 5829 ‘2.

1866 4597 1984 4653 per,
2017 4591 2069 4634 et
2091 4581 2342 4634 manibus
2369 4579 2457 4632 alii
2489 4591 2614 4633 sunt
2641 4590 2816 4634 motus
2839 4593 3128 4651 operantes
3155 4585 3440 4653 aliquando

1869 4673 2163 4729 secundum
2213 4672 2408 4726 anima:
2450 4673 2860 4740 propensionem
2896 4692 2910 4728 :
2951 4675 3092 4741 quod
3135 4690 3267 4730 sane
3299 4677 3441 4730 haml

1871 4772 2296 4818 consentaneum
2345 4772 2451 4827 est,
2498 4780 2619 4818 cmn
2668 4765 2891 4833 spiritus
2944 4780 3038 4820 cas
3093 4767 3443 4822 destinaverit

1870 4854 2088 4925 puritati
2129 4863 2182 4908 et
2227 4853 2513 4908 elevationi
2565 4853 2616 4909 in
2653 4856 2924 4924 precibus,
2967 4866 3024 4912 et
3052 4859 3443 4912 misericordiae

1871 4956 1926 5000 et
1957 4945 2297 5016 elargitioni;
2335 4954 2387 5000 et
2418 4945 2744 5012 implendum
2780 4947 2851 5000 sit
2891 4949 2956 5002 de
2985 4947 3092 5003 illis
3125 4950 3267 5018 quod
3308 4947 3443 5003 scri-

1875 5047 2026 5106 ptum
2059 5046 2145 5090 est
2174 5036 2238 5090 de
2273 5037 2479 5091 sanctis
2506 5036 2882 5091 orationibus:
2919 5029 3158 5090 Elevatio
3190 5054 3442 5092 manuum

1868 5143 2104 5180 mearum
2152 5128 2286 5180 sicut
2333 5125 2656 5195 sacriﬁcium
2711 5130 3055 5196 vespertinum
3088 5129 3128 5179 ².
3165 5125 3242 5182 De
3287 5130 3447 5183 miso-
3538 5166 3544 5170 .

1869 5221 2102 5274 ricordia
2156 5229 2368 5284 autem,
2415 5229 2466 5272 et
2519 5219 2865 5288 elargitionc,
2899 5220 2976 5274 ait
3017 5237 3030 5273 :
3075 5218 3270 5275 Manus
3319 5239 3445 5276 metr

1872 5311 2037 5381 fortes
2070 5312 2400 5379 elargiuntur
2433 5327 2551 5363 cum
2600 5310 2860 5364 celeritate
2903 5312 2944 5364 ³.
2995 5311 3193 5367 Venter
3233 5329 3446 5383 quoque

1872 5413 2064 5460 caveat
2090 5420 2118 5456 a
2158 5404 2280 5459 cibo
2306 5414 2360 5458 et
2387 5413 2534 5471 potu,
2566 5405 3021 5473 quemadmodum
3049 5407 3180 5460 dicit
3211 5406 3446 5476 Spiritus

1875 5511 1969 5566 per
2004 5497 2242 5566 linguam
2287 5495 2453 5549 David
2497 5514 2508 5548 :
2542 5495 2663 5551 Non
2705 5498 2853 5551 edam
2885 5515 3002 5551 cum
3032 5498 3254 5566 prtrdito
3289 5500 3448 5551 arido

2070 5700 2190 5731 νει-η
2233 5699 2424 5768 Ephcs.
2449 5715 2501 5762 v,
2535 5699 2620 5756 t8.

2697 5701 2739 5732 ’7
2778 5699 2893 5758 Jac.
2929 5718 2966 5762 ι,
2993 5701 3082 5755 9.6.
3149 5701 3328 5755 "Jac.
3360 5718 3443 5766 nt,

1990 5774 2007 5803 ³
2054 5771 2209 5827 Prov.
2247 5788 2297 5837 ς,
2328 5771 2378 5823 «ι.

3091 5869 3168 5928 32
