3860 6318
436 332 574 389 £003

438 539 542 591 cibi
571 544 625 590 et
656 543 813 603 potus
838 542 890 586 et
924 529 1370 590 msatiabilitatis,
1398 539 1449 584 et
1478 529 1724 583 allexerit
1752 529 1897 583 illum
1932 530 1998 581 ad

439 631 552 683 haec
593 627 770 681 anima
815 621 1281 690 concupiscibilis,
1316 620 1701 676 admiscebitur
1748 633 1878 674 sane
1931 620 2004 674 illi

438 718 676 787 potentia
708 715 899 769 hostis.

507 826 699 891 Porro,
752 824 842 894 qui
877 824 1016 878 hanc
1048 837 1357 877 mensuram
1406 831 1459 875 et
1493 821 1783 889 puritatem
1817 835 2005 889 exqm-

441 928 585 981 runt,
634 915 829 985 diriget
863 927 957 968 eos
996 913 1228 982 Spiritus
1277 912 1370 966 Dei
1407 916 1472 965 ad
1524 912 1634 965 vias
1680 920 1898 976 rectas;
1956 920 2010 964 et

440 1009 648 1078 puritas
676 1014 729 1061 et
754 1004 937 1059 carnis
972 1003 1239 1056 rectitudo
1264 1003 1343 1056 eis
1367 1002 1741 1072 opitulabitur,
1769 1001 2010 1071 implebi-

440 1112 633 1168 turque
668 1100 733 1151 de
766 1096 870 1149 illis
902 1095 1105 1149 dictum
1130 1094 1279 1149 Pauli
1316 1094 1546 1164 apostoli
1583 1092 1851 1147 dicentis:
1888 1093 2008 1146 Sive

435 1206 558 1258 ergo
587 1188 917 1242 manducatis
948 1188 1051 1239 sire
1077 1185 1252 1238 bibitis
1284 1194 1331 1238 et
1361 1183 1615 1255 quidquid
1644 1183 1840 1250 facitis,
1868 1182 1921 1234 id
1947 1181 2009 1233 sit

436 1285 492 1338 in
520 1266 742 1354 gloriam
774 1280 871 1334 Dei
899 1280 941 1333 ⁵.
970 1277 1102 1331 Nam
1136 1277 1179 1330 si
1214 1275 1427 1345 corpori
1464 1276 1848 1344 praavaluerint
1873 1286 2011 1342 pra:-

438 1374 722 1431 memorati
759 1384 868 1429 tres
902 1379 1097 1435 motus,
1130 1367 1368 1436 illudque
1405 1382 1435 1419 a
1470 1366 1795 1421 rectitudine
1834 1363 2011 1417 abdu-

440 1470 643 1533 xerint,
679 1467 901 1537 cupiens
942 1464 1169 1519 salutem
1225 1459 1519 1516 secundum
1568 1458 1883 1521 veritatem,
1921 1469 2014 1509 eos

442 1574 569 1613 cum
600 1556 787 1624 requie
809 1570 839 1607 a
871 1569 929 1606 se
957 1550 1251 1614 amovebit,
1287 1548 1651 1618 persistetque
1678 1546 1729 1598 in
1756 1545 2009 1614 puritate.

443 1647 889 1716 Quandoquidem
919 1643 1153 1713 Spiritus
1176 1641 1291 1709 jam
1313 1641 1491 1693 factus
1512 1646 1595 1692 est
1623 1638 1746 1691 huic
1773 1635 2005 1705 asylum,

442 1751 605 1808 atque
656 1737 968 1791 fortitudine
1012 1734 1159 1788 illum
1205 1731 1443 1801 augebit,
1496 1738 1551 1784 et
1592 1730 1896 1797 exstinguat
1946 1728 2013 1781 ab

440 1831 535 1885 illo
565 1830 743 1883 omnia
790 1836 933 1880 mota
966 1826 1017 1879 in
1071 1837 1193 1877 eum
1227 1821 1389 1883 mala,
1422 1819 1873 1889 quemadmodum
1914 1832 2011 1872 nos

444 1925 599 1977 docet
629 1918 826 1973 Paulus
859 1915 1136 1986 apostolus
1177 1914 1361 1968 dicens
1387 1930 1400 1965 :
1431 1908 1753 1977 Mortiﬁcate
1782 1908 2014 1961 membra

442 2028 614 2072 vestra
644 2029 761 2085 qnte
800 2026 958 2079 super
995 2018 1215 2070 terram,
1262 2020 1461 2070 nempe,
1499 2001 1923 2071 fornicationem,
1968 2006 2015 2051 et

443 2105 862 2167 immunditiam,
905 2111 951 2155 et
992 2100 1294 2169 passiones,
1337 2104 1386 2148 et
1434 2093 1604 2147 malas
1646 2091 2019 2159 concupiscen-

444 2203 546 2254 tins
579 2199 634 2264 ‘;
665 2212 729 2251 ac
755 2194 957 2263 reliqua
989 2191 1275 2262 ejusmodi.
1312 2187 1484 2242 Pedes
1516 2200 1756 2255 quoque,
1793 2184 1837 2238 si
1874 2183 2015 2237 baud

443 2289 577 2345 recti
613 2287 830 2351 fuerint,
864 2299 965 2338 nee
1007 2278 1403 2336 ambulaverint
1442 2276 1735 2331 secundum
1790 2273 1881 2329 Dei
1920 2288 2020 2327 vo-

432 2383 706 2438 luntatem
736 2382 790 2434 in
817 2378 1099 2442 libertate;
1123 2389 1218 2429 cor
1241 2372 1386 2439 quod
1411 2369 1688 2437 impletum
1718 2377 1801 2422 est
1822 2367 2016 2437 gratia,

428 2473 795 2536 ~custodit,’et
834 2470 1017 2539 dirigit
1052 2466 1350 2522 secundum
1408 2462 1741 2515 voluntatem
1781 2458 2020 2527 Spiritus

444 2570 737 2634 sancti,-ad
762 2562 1162 2619 inserviendum
1178 2556 1412 2628 optimis
1441 2555 1495 2609 in
1526 2555 1711 2616 rebus,
1742 2561 1799 2605 ut
1822 2566 2022 2617 corpus

428 2658 703 2717 ‘omnibus
724 2656 878 2709 bonis
904 2652 1236 2724 perficiatur,
1267 2658 1321 2704 et
1345 2648 1633 2701 reducatur
1659 2644 1759 2699 sub
1784 2642 2020 2714 Spiritus

426 2752 617 2810 nsancti
651 2757 999 2819 potestatem.
1033 2744 1184 2799 Sane
1216 2742 1359 2805 dico,
1391 2754 1590 2809 corpus
1625 2736 2020 2806 hujuscemodi,

427 2845 552 2914 xjam
587 2841 857 2912 particeps
887 2837 1137 2893 effectum
1168 2849 1289 2889 esse
1312 2832 1538 2901 corpori
1569 2839 1945 2885 resurrectnro
1967 2828 2021 2882 in

432 2932 845 2989 resurrectione
878 2929 1173 2999 justorum.
1210 2923 1336 2978 Hoc
1373 2931 1551 2976 autem
1595 2921 1924 2975 asseruimus
1944 2919 2024 2977 ob

445 3027 642 3080 animae
680 3021 977 3091 passiones,
1010 3031 1129 3085 qua:
1175 3030 1302 3070 cum
1333 3014 1547 3083 corpori
1582 3013 1861 3082 permile
1892 3012 2019 3073 sint,

448 3116 578 3171 iilnd
606 3123 822 3168 movent
849 3120 904 3165 et
939 3108 1203 3164 inclinant
1232 3105 1299 3160 ad
1331 3104 1556 3173 spiritus
1588 3102 1783 3167 malos,
1819 3101 1904 3155 bis
1937 3101 2023 3154 in-
2047 3103 2095 3163 ο

445 3206 753 3261 servientes
798 3200 1051 3255 omnibus
1112 3198 1165 3251 in
1219 3194 1499 3251 membris.
1552 3193 1685 3248 Dico
1732 3202 2018 3262 praeterea,

444 3298 583 3353 alios
612 3290 1074 3349 animam’habere
1105 3295 1302 3351 motus,
1333 3294 1392 3341 ut
1415 3286 1620 3341 dictum
1642 3293 1749 3346 est,
1773 3298 1909 3354 quos
1935 3298 2023 3338 vo-

447 3390 531 3445 bis
564 3388 802 3442 indicare
830 3384 1098 3438 volumus.
1142 3381 1208 3435 Et
1236 3389 1363 3435 sunt
1392 3378 1665 3448 superbia,
1710 3376 1875 3431 variae
1898 3391 2025 3445 pas-

446 3486 626 3541 siones
658 3497 686 3534 a
713 3477 1055 3549 passionibus
1077 3474 1342 3543 corporis,
1370 3469 1570 3540 injuria
1597 3468 1907 3523 hominibus
1938 3467 2023 3521 im-

448 3576 694 3639 ferenda,
724 3574 825 3635 ira,
859 3566 1295 3639 pusillanimitas,
1324 3563 1525 3618 oblivio
1550 3577 1614 3617 ac
1645 3562 1866 3630 reliquae
1896 3574 2022 3630 pas-

447 3668 647 3721 siones.
692 3660 843 3728 Quod
886 3659 930 3713 si
977 3657 1155 3712 anima
1198 3655 1305 3708 Deo
1345 3666 1467 3707 sese
1496 3650 1780 3706 tradiderit
1813 3665 1881 3704 ex
1912 3659 2022 3705 tota

449 3770 544 3811 sua
575 3754 790 3816 virtute,
828 3747 1121 3816 elargietur
1149 3744 1197 3799 ei
1233 3743 1373 3798 Deus
1407 3743 1646 3813 optimus
1684 3756 1867 3796 veram
1901 3755 2020 3810 pm-

449 3846 750 3908 nitentiam,
780 3851 835 3897 et
866 3837 1178 3895 eumndabit
1208 3836 1448 3905 singulas
1479 3835 1595 3904 ejus
1623 3834 1924 3902 passiones,
1958 3842 2021 3889 ut

449 3936 698 3993 deﬂectat
729 3933 795 3986 ab
826 3933 926 3996 eis,
957 3945 1026 3984 ne
1049 3927 1373 3998 praevaleant
1393 3926 1653 3981 adversus
1684 3940 1803 3980 eam
1836 3935 2014 3980 motus

449 4030 818 4091 inimicorum,
856 4022 1217 4078 mediantibus
1251 4017 1637 4075 tentationibus
1672 4034 1684 4071 :
1724 4017 1922 4072 etenim
1957 4032 2021 4071 ea

450 4131 537 4178 est
561 4134 748 4176 eorum
781 4116 1029 4180 intentio,
1068 4124 1126 4168 ut
1155 4114 1223 4168 ab
1255 4112 1336 4166 eis
1376 4110 1597 4164 minime
1635 4111 1919 4179 eripiatur.
1957 4110 2014 4165 Si

450 4225 632 4270 autem
666 4208 1097 4282 perseveraverit
1126 4208 1178 4261 in
1207 4202 1468 4275 patientia
1494 4213 1549 4257 et
1586 4203 1728 4257 bona
1762 4202 2024 4258 obedien-

450 4311 523 4363 tia
548 4308 786 4378 Spiritus
807 4301 1003 4366 sancti,
1026 4300 1116 4370 qui
1142 4314 1260 4353 eam
1286 4296 1350 4350 ad
1377 4295 1752 4364 paenitentiam
1777 4295 2020 4360 attrahit,

449 4402 680 4456 Creator
722 4395 1032 4451 misericors
1064 4392 1182 4462 ejus
1229 4388 1575 4443 miserebitur
1609 4388 1911 4453 laboribus,
1952 4388 2024 4442 la-

449 4491 780 4559 boribusque
827 4484 1106 4554 corporis,
1155 4481 1245 4551 qui
1298 4487 1423 4534 sunt
1475 4479 1700 4533 nimium
1734 4478 2019 4546 jejunium,

448 4584 655 4641 crebrae
688 4579 904 4650 vigiliae,
936 4573 1215 4630 meditatio
1245 4569 1554 4626 divinarum
1587 4568 2018 4639 Scripturarum,

447 4678 627 4733 oratio
669 4674 786 4726 sine
815 4665 1245 4726 intermissione,
1277 4662 1485 4716 servire
1505 4660 1757 4715 omnibus
1790 4660 2025 4714 homini-

445 4767 546 4824 bus
579 4767 631 4818 in
664 4762 898 4831 puritate
928 4756 1130 4822 cordis,
1160 4761 1448 4824 paupertas
1473 4753 1723 4821 spiritus.
1756 4752 1812 4807 Si
1841 4763 2020 4809 autem

449 4861 502 4916 in
535 4860 621 4913 his
669 4851 1119 4925 perseveraverit,
1152 4848 1291 4903 Dens
1318 4848 1556 4916 optimus
1593 4847 1660 4901 ad
1692 4862 1811 4902 eam
1854 4849 2025 4917 respi-

445 4958 575 5020 ciet,
620 4962 851 5017 eamque
888 4943 1181 4998 vindicabit
1212 4941 1280 4996 ab
1323 4940 1575 4996 omnibus
1603 4943 2018 5006 tentationibus,

446 5063 509 5102 ac
528 5061 622 5100 sua
650 5042 842 5109 eripiet
872 5034 1217 5091 miseratione
1244 5051 1257 5086 :
1287 5042 1497 5087 amator
1519 5032 1718 5101 quippe
1743 5033 2017 5087 hominum

445 5148 548 5192 est.
579 5134 748 5200 Quem
788 5132 943 5186 decet
975 5129 1112 5194 laus,
1146 5125 1450 5193 Filiumque
1494 5124 1611 5193 ejus
1657 5127 2012 5197 unigenitum,

447 5246 510 5281 ac
570 5226 829 5295 Spiritum
876 5224 992 5292 ejus
1044 5231 1293 5277 sanctum
1334 5218 1384 5271 in
1429 5218 1624 5273 saecula
1672 5220 2014 5274 saaculorum.

449 5323 640 5376 Amen.

526 5679 545 5709 ⁸
587 5676 725 5732 Psal.
759 5693 805 5732 Ω.
840 5678 893 5731 5.

986 5676 1007 5707 ⁸
1046 5674 1215 5746 lCor.
1244 5676 1403 5739 x,5l.
1482 5675 1726 5746 fColoss.
1762 5692 1844 5746 III,
1868 5676 1923 5734 5.

457 5749 502 5781 ¹⁰
531 5750 733 5805 Ειεοιι.
768 5763 863 5815 xu,
892 5747 947 5801 5.

1026 5748 1067 5779 ἰ
1109 5745 1275 5802 Hebr.
1318 5762 1390 5815 tv,
1434 5744 1519 5801 l5.

1520 320 1791 381 PATRES
1828 325 2124 383 ASGYPTII
2158 326 2426 384 SJECULI
2464 327 2550 382 IV.

436 447 609 505 oculo.
636 439 917 496 insatiabili
949 438 1101 492 corde
1137 438 1176 489 δ.
1208 438 1262 492 Si
1300 452 1426 492 vero
1461 438 1801 506 prmvaluerit
1836 439 1884 492 ei
1913 440 1996 493 vis
2027 440 2076 497 Α

1998 5678 2018 5711 ⁷
2052 5678 2215 5737 Hebr.
2250 5697 2327 5749 ιι,
2355 5682 2444 5751 59,
2470 5682 2559 5738 40.

3540 327 3691 386 1004

2665 437 2996 495 EPISTOLA
3040 438 3101 497 ll.

2111 530 2190 581 Ad
2233 531 2369 604 ﬁlios
2413 534 2859 604 suos-monachos
2886 534 2949 587 de
2988 533 3411 602 promnlgatione
3447 534 3584 604 legis,
3617 549 3673 589 rt

2180 604 2242 673 de
2278 602 2636 673 incarnatione
2672 601 2766 673 Dei
2826 602 3013 666 Verbi;
3042 601 3227 673 eosque
3261 606 3443 657 incitat
3474 601 3537 657 ad
3572 610 3677 658 int-

2177 670 2364 735 plenda
2395 682 2669 734 prwcepta.
2720 671 2902 725 Dixit:

2180 761 2445 815 Antonius
2474 762 2596 815 ﬁliis
2643 763 2756 817 suis
2788 764 3150 817 dilectissimis
3183 764 3233 817 in
3274 765 3502 819 Domino
3542 767 3675 821 scri-
3708 756 3713 768 λ

2112 851 2261 915 bens,
2310 851 2534 905 salutem
2577 853 2724 906 dicit.
2761 853 2920 917 Ecce,
2950 853 3283 908 dilectissimi
3320 872 3334 907 :
3372 871 3476 910 non
3519 872 3677 910 unum

2114 950 2320 996 tantum
2362 955 2448 998 est
2480 952 2709 1014 tempus,
2742 961 2848 1014 quo
2879 961 3032 999 suam
3069 945 3207 1001 Dens
3237 947 3426 1001 invisit
3467 961 3667 1001 creatu-
3710 952 3713 953 ⁷

2113 1047 2227 1086 ram
2251 1049 2264 1098 ;
2286 1047 2468 1088 vermn
2488 1036 2633 1088 omni
2663 1046 2901 1105 tempore
2919 1051 2946 1089 a
2967 1038 3275 1091 conditione
3309 1039 3494 1091 mundi
3520 1044 3687 1109 usque

2115 1126 2181 1177 ad
2225 1125 2381 1179 ﬁnem
2429 1127 2563 1195 ejus.
2599 1127 2918 1198 Quicunque
2964 1129 3131 1197 igitur
3160 1131 3355 1197 Quaerit
3404 1132 3685 1185 Dominum

2115 1230 2237 1269 cum
2287 1216 2653 1271 sollicitudine
2680 1227 2733 1270 et
2763 1219 3071 1285 dilectione,
3107 1232 3261 1287 prout
3295 1222 3361 1274 ab
3399 1221 3538 1275 illius
3564 1238 3683 1291 pcr—

2114 1306 2246 1374 cipit
2289 1306 2649 1373 documentis,
2702 1309 2816 1377 ipse
2848 1310 2952 1364 erit
2982 1327 3102 1365 cum
3148 1327 3214 1366 eo
3255 1324 3311 1366 et
3354 1316 3579 1383 gratiam
3626 1318 3673 1367 ei

2115 1400 2374 1469 largietur
2404 1399 2641 1470 Spiritus
2671 1404 2872 1458 sancti.
2900 1403 3033 1458 Cum
3067 1417 3245 1460 autem
3279 1418 3490 1462 natura:
3529 1409 3685 1460 ratio-

2116 1491 2268 1546 nales
2300 1507 2584 1560 corporum
2609 1494 2920 1564 participes,
2951 1496 3236 1553 inﬁrmata!
3255 1507 3417 1569 atque
3449 1498 3687 1555 alteram:

2116 1582 2222 1635 sint
2252 1584 2320 1637 ob
2342 1584 2536 1638 anima:
2559 1597 2757 1651 motus,
2785 1601 2848 1642 ac
2874 1589 3231 1656 mortiﬁcatzr,
3260 1599 3319 1642 ut
3347 1606 3452 1645 non
3484 1592 3688 1645 valeant

2116 1676 2355 1744 cogitare
2389 1678 2455 1731 de
2496 1679 2751 1747 primaria
2785 1680 2867 1735 sui
2897 1681 3229 1744 conditione,
3262 1682 3356 1738 sed
3389 1684 3545 1738 facta:
3578 1684 3685 1738 sint

2044 1774 2087 1827 Β
2120 1776 2370 1834 tanquam
2417 1768 2747 1837 jmuentnm,
2782 1780 2836 1825 et
2874 1774 3162 1828 servierint
3215 1777 3504 1839 creaturis,
3566 1779 3690 1846 plus

2120 1872 2279 1925 quam
2309 1857 2576 1927 Creatori,
2603 1862 2783 1916 invisit
2810 1862 3034 1918 Creator
3070 1866 3315 1919 omnium
3347 1869 3548 1921 virtute
3581 1885 3691 1923 sum

2120 1949 2377 2004 bonitatis
2405 1966 2557 2006 suam
2581 1964 2885 2009 creaturam
2911 1956 3022 2011 suis
3045 1956 3446 2012 viviﬁcantibus
3468 1961 3692 2030 legibus.

2120 2039 2220 2107 Qui
2246 2055 2374 2095 vero
2413 2043 2551 2098 banc
2578 2057 2885 2100 meruerunt
2915 2049 3167 2117 gratiam,
3201 2058 3254 2105 et
3277 2051 3700 2107 ambulaverunt

2122 2130 2175 2185 in
2202 2130 2407 2199 legibus
2437 2148 2503 2187 ex
2531 2142 2641 2189 tcta
2671 2151 2768 2190 sua
2799 2137 2998 2192 virtute
3020 2148 3075 2193 et
3106 2139 3317 2194 volunta
3332 2150 3405 2205 te,
3430 2153 3480 2195 et
3515 2158 3702 2197 susceo

2122 2234 2322 2290 perunt
2355 2224 2606 2294 spiritum
2642 2227 2937 2295 ﬁliationis,
2968 2238 3024 2285 et
3051 2232 3226 2286 edocti
3256 2243 3383 2288 sunt
3419 2250 3449 2287 a
3488 2234 3699 2304 Spiritu

2125 2325 2333 2377 sancto,
2374 2316 2684 2372 maluerunt
2730 2320 2961 2376 adorare
2994 2322 3330 2390 Creatorem,
3368 2338 3427 2379 ut
3456 2340 3699 2396 oportet,

2116 2404 2272 2474 juxta
2305 2409 2505 2463 dictum
2534 2410 2682 2465 Pauli
2715 2414 2939 2482 apostoli
2970 2434 2984 2470 :
3017 2416 3168 2481 Quod
3199 2419 3252 2471 lii
3272 2421 3362 2489 qui
3394 2422 3703 2475 testimonio

2122 2494 2245 2562 ﬁdei
2302 2513 2412 2550 sua:
2465 2498 2692 2565 probati,
2734 2517 2838 2555 non
2880 2506 3171 2570 acceperint
3218 2510 3700 2575 repromissionem,

2126 2598 2357 2642 nostram
2415 2590 2521 2644 Deo
2569 2593 2869 2660 providente
2914 2586 3231 2664 utilitatem,
3271 2616 3336 2653 ne
3380 2602 3491 2655 sine
3545 2605 3705 2656 nobis

2124 2694 2615 2736 consummarentur
2657 2686 2697 2737 τ.
2751 2683 2831 2740 0b
2881 2688 3305 2757 magnitudinem
3352 2703 3533 2747 autem
3586 2710 3706 2748 sua:

2124 2770 2384 2824 bonitatis
2419 2772 2566 2841 (cum
2612 2773 2684 2827 sit
2710 2774 2856 2830 Deus
2886 2778 3151 2847 omnium)
3189 2791 3426 2834 nostram
3459 2782 3703 2838 invisere

2124 2862 2297 2914 voluit
2346 2861 2739 2932 infirmitatem,
2786 2868 3121 2924 constituens
3171 2871 3325 2926 nobis
3352 2872 3575 2944 Moysen
3622 2878 3703 2931 lc-

2124 2951 2478 3022 gislatorem,
2531 2956 2687 3025 cujus
2723 2960 2968 3015 manilms
3014 2962 3238 3017 tradidit
3293 2966 3447 3019 nobis
3500 2967 3703 3036 legem,

2129 3045 2414 3115 posuitque
2449 3046 2852 3104 fundamentum
2900 3067 3042 3107 verat
3077 3055 3289 3121 domus,
3327 3073 3446 3127 qum
3475 3070 3560 3113 est
3598 3060 3705 3112 Ec~

2129 3136 2289 3192 clesia
2324 3138 2657 3195 rationabilis
2680 3142 2874 3207 unica;
2899 3142 3128 3199 intendit
3154 3162 3385 3218 uanique
3411 3151 3707 3207 restituere

2136 3240 2443 3284 creaturam
2481 3231 2546 3285 ad
2573 3232 2886 3301 primariam
2915 3235 2997 3290 sui
3025 3239 3407 3295 conditionem.
3436 3240 3705 3298 (Ediﬁca-

2123 3322 2202 3375 vit
2239 3323 2424 3391 itaque
2457 3322 2669 3393 Moyses
2703 3326 2945 3391 domum,
2981 3343 3142 3398 quam
3172 3346 3276 3386 non
3305 3334 3565 3389 absolvit:
3606 3339 3703 3391 sed

2124 3428 2188 3467 ea
2230 3413 2512 3481 derelicta,
2550 3417 2818 3473 discessit.
2867 3419 3007 3474 Deus
3039 3429 3219 3476 autem
3264 3423 3540 3479 substituit
3577 3440 3705 3497 post

2124 3520 2249 3561 eum
2283 3507 2511 3562 chorum
2548 3510 2935 3580 prophetarum
2966 3512 3067 3567 hoc
3094 3516 3280 3570 eodem
3316 3517 3519 3586 Spiritu
3556 3538 3571 3573 :
3607 3521 3702 3589 qui

2125 3598 2465 3654 aediﬁcarunt
2512 3612 2566 3656 et
2604 3602 2705 3667 ipsi
2750 3617 2910 3671 super
2959 3605 3063 3660 hoc
3107 3607 3294 3661 eodem
3346 3608 3706 3666 fundamento

2126 3691 2268 3759 quod
2311 3700 2563 3757 posuerat
2602 3692 2837 3762 Moyses,
2877 3709 2979 3749 nec
3016 3695 3362 3765 absolverat;
3405 3711 3461 3754 at
3495 3702 3703 3757 disces-

2128 3789 2317 3834 serunt
2359 3790 2413 3835 et
2445 3782 2570 3850 ipsi,
2603 3800 2663 3837 ea
2711 3785 2994 3841 derelicta.
3034 3787 3168 3843 Hinc
3203 3800 3388 3859 patres
3435 3794 3487 3847 bi
3525 3797 3701 3850 nostri

2128 3872 2644 3941 Spirituales,‘cum
2686 3876 2930 3931 morbum
2991 3879 3133 3935 hunc
3172 3880 3524 3939 insanabilem
3581 3904 3706 3943 esse

2125 3966 2408 4031 vidissent,
2426 3978 2692 4024 noverunt
2712 3969 2908 4024 nullam
2936 3982 3310 4029 creaturarum
3333 3977 3481 4033 illum
3505 3995 3704 4039 sanare

2127 4073 2307 4127 posse,
2341 4072 2568 4130 excepto
2591 4062 2705 4117 solo
2738 4062 2915 4118 Patris
2955 4064 3263 4135 Unigenito,
3293 4074 3382 4141 qui
3413 4085 3495 4129 cst
3524 4077 3701 4134 ferina

2143 4154 2259 4221 ejus
2288 4151 2632 4218 aeternitatis,
2663 4168 2758 4221 per
2793 4170 2950 4222 quem
2984 4167 3090 4210 tota
3133 4159 3271 4213 facta
3302 4172 3383 4217 est
3425 4177 3703 4232 creatura,

2138 4258 2259 4312 qua:
2304 4255 2389 4298 est
2445 4245 2561 4312 ejus
2614 4244 2940 4313 similitudo;
2980 4264 3043 4304 ac
3095 4252 3356 4308 certiores
3398 4256 3521 4312 facti
3576 4274 3707 4316 sunt.

2134 4334 2307 4404 ipsum
2331 4335 2594 4390 duntaXat
2620 4351 2742 4391 esse
2761 4336 3103 4395 liberatorem
3124 4350 3179 4395 et
3210 4344 3493 4401 medicum.
3520 4351 3705 4415 Quare

2055 4458 2099 4513 ο
2129 4425 2287 4479 enixe
2316 4436 2577 4495 rogarunt
2608 4441 2703 4495 pro
2728 4429 2883 4483 nobis
2906 4430 3124 4499 (quippe
3148 4446 3333 4486 eorum
3365 4436 3415 4488 in
3443 4441 3706 4495 membris

2128 4531 2315 4571 sumus
2343 4517 2656 4587 participes)
2689 4518 2931 4575 dicentes
2968 4539 2981 4575 :
3033 4520 3290 4592 Nunquid
3320 4543 3424 4580 non
3464 4540 3539 4581 est
3582 4533 3701 4586 tlte-

2130 4608 2273 4659 riaca
2306 4608 2361 4660 in
2389 4607 2621 4674 Galaad,
2648 4619 2737 4661 aut
2768 4613 3039 4668 medicus?
3074 4614 3250 4678 Quare
3277 4618 3441 4688 igitur
3481 4639 3583 4677 non
3616 4643 3701 4680 re-

2131 4702 2206 4753 nit
2248 4703 2447 4755 sanitas
2476 4701 2605 4768 lilia:
2636 4704 2816 4771 populi
2851 4706 2949 4758 mei
2985 4705 3047 4759 3?
3077 4705 3327 4763 Dedimus
3374 4724 3550 4766 nostra
3585 4734 3696 4771 rne-

2130 4792 2431 4855 dicamina,
2477 4801 2526 4845 et
2572 4808 2675 4845 non
2716 4804 2790 4847 est
2838 4804 3025 4849 sanata
3045 4814 3077 4861 ;.
3109 4799 3535 4871 derelinquamus
3577 4826 3701 4878 ergo

2130 4879 2310 4934 eam’.
2355 4881 2497 4935 Deus
2531 4890 2709 4937 autem
2755 4881 2986 4937 Verbum
3028 4901 3122 4939 sua
3165 4889 3699 4961 incomprehensibili

2131 4972 2398 5025 cbaritate
2431 4973 2577 5026 venit
2618 4974 2684 5027 ad
2720 4990 2820 5029 nos
2859 4975 3015 5044 juxta
3058 4981 3280 5034 oracula
3313 4998 3532 5040 suorum
3568 5004 3697 5044 san-

2132 5072 2340 5117 ctorum
2366 5064 2751 5133 prophetarum
2777 5083 2792 5120 :
2815 5066 2922 5119 Fili
2948 5068 3192 5135 hominis,
3216 5089 3360 5129 sume
3377 5077 3473 5131 tibi
3501 5080 3697 5133 instru-

2130 5162 2360 5206 ntentum
2407 5155 2722 5223 captivitatis
2769 5155 2853 5211 "z
2899 5158 3039 5226 quod
3086 5171 3170 5214 est
3202 5160 3289 5215 ille
3332 5165 3597 5232 perfectus
3646 5172 3696 5222 in

2134 5243 2301 5309 ﬁgura
2340 5243 2456 5311 Dei,
2490 5245 2581 5314 qui
2622 5260 2731 5301 non
2766 5246 3022 5314 rapiendo
3050 5249 3224 5317 rapuit
3260 5249 3314 5303 id
3339 5251 3484 5320 quod
3511 5264 3611 5318 est,
3642 5272 3698 5311 se

2132 5351 2251 5391 esse
2286 5336 2546 5405 aequalem
2589 5337 2731 5405 Deo;
2765 5340 2857 5394 sed
2904 5340 3217 5395 humiliatus
3247 5353 3350 5409 est,
3401 5356 3456 5398 et
3498 5351 3697 5418 accepit

2129 5430 2355 5484 fortnam
2400 5430 2543 5485 servi
2583 5430 2660 5501 (et
2704 5432 3035 5487 assimilatns
3083 5444 3167 5489 est
3201 5435 3354 5490 nobis
3394 5438 3698 5494 hominibus

2128 5529 2356 5589 excepto
2389 5530 2610 5590 peccato
2652 5522 2718 5593 “)
2768 5538 2936 5591 usque
2962 5526 3029 5579 ad
3060 5536 3288 5581 mortem
3321 5531 3500 5584 crucis
3537 5548 3549 5584 :
3580 5546 3697 5600 pro-

2636 5684 2656 5716 ⁸
2690 5681 2889 5740 Jcretn.
2912 5699 3027 5751 vtn,
3070 5682 3161 5741 2-2.
3238 5687 3258 5718 ⁸
3293 5685 3497 5744 .lerem.
3535 5706 3608 5759 ιι,
3635 5692 3669 5747 9
