3860 6376
179 371 326 429 ιοοδ

1176 369 1234 425 S.
1275 369 1552 427 ANTONII
1591 372 1660 426 Μ.
1702 371 1994 428 ABBA'llS
2035 371 2416 428 EPISTOL/E.

3296 381 3430 436 1006

178 498 299 558 pter
325 484 473 556 quod
519 483 774 540 exaltavit
806 482 956 538 illum
1007 481 1146 539 Deus
1177 486 1368 556 magis,
1411 495 1466 540 ct
1500 485 1648 542 dedit
1676 486 1750 541 illi
1786 495 1831 552 Λ
1873 488 2172 552 vobiscum,
2208 486 2354 541 ﬁlioli
2387 485 2742 552 dilectissimi,
2776 485 2827 541 in
2862 487 3056 544 saecula
3083 489 3425 547 saaculorum.

179 593 377 633 nomen
432 577 604 646 majus
646 576 899 631 omnibus
944 576 1287 640 nominibus,
1334 585 1393 632 ut
1438 581 1488 632 in
1536 580 1750 633 nomine

174 668 299 725 Iesu
349 683 515 724 omne
546 683 686 736 genu
732 664 998 730 ﬂectatur,
1045 666 1366 731 cmlestium,
1413 668 1746 723 terrestrium

173 772 226 814 et
275 759 649 824 infernarum;
689 767 749 812 ut
794 758 972 812 omnis
1021 758 1196 827 lingua
1241 759 1580 821 conﬁteatur,
1627 759 1750 826 quia

173 853 334 908 Iesus
359 860 444 905 est
478 848 758 913 Dominus,
789 860 844 904 et
876 850 1044 918 gloria
1077 850 1168 904 Dei
1203 849 1376 906 Patris
1403 852 1465 901 ".

241 942 299 996 In
333 952 608 1012 posterum
653 943 856 1009 itaque,
890 940 1245 1004 dilectissimi,
1275 943 1346 996 sit
1380 943 1531 996 vobis
1574 957 1750 996 sermo

174 1033 261 1087 hic
295 1031 653 1096 manifestus;
691 1031 833 1100 quod
866 1031 1004 1085 Deus
1036 1029 1198 1084 Pater
1227 1047 1321 1085 sua
1364 1031 1603 1086 bonitate
1638 1045 1748 1085 non

174 1125 475 1194 pepercerit
512 1121 649 1177 Filio
677 1137 774 1177 suo
821 1122 1114 1191 unigenito,
1149 1123 1243 1177 sed
1286 1123 1567 1177 tradiderit
1602 1122 1748 1177 illum

173 1229 269 1284 pro
319 1223 505 1270 nostra
554 1214 874 1269 liberatione
914 1213 983 1266 ab
1031 1213 1407 1283 iniquitatibus
1450 1214 1649 1269 nostris
1697 1222 1752 1269 et

171 1309 410 1378 peccatis
455 1309 659 1362 nostris
688 1308 767 1372 ¹³;
802 1317 855 1361 et
891 1305 1200 1360 humiliatus
1234 1315 1315 1360 est
1357 1321 1452 1376 pro
1490 1308 1666 1368 nobis,
1697 1315 1752 1360 et

169 1399 387 1454 satiavit
425 1414 528 1454 nos
575 1399 689 1453 suis
729 1397 1035 1462 doloribus,
1084 1407 1138 1452 et
1180 1397 1344 1452 verbo
1385 1399 1597 1452 virtutis
1640 1412 1751 1451 suae

170 1491 430 1544 adunavit
474 1507 571 1544 nos
617 1505 680 1544 ex
724 1501 955 1558 quatuor
995 1498 1153 1544 terra;
1193 1489 1503 1544 cardinibus
1529 1498 1750 1557 totoque

173 1582 455 1636 babitabili
485 1584 654 1643 orbe;
687 1582 1074 1650 constituitque
1105 1582 1259 1635 nobis
1295 1582 1746 1634 resurrectionem

170 1684 222 1728 et
252 1673 488 1728 salutem
529 1688 559 1725 a
592 1673 791 1726 nostris
835 1672 1105 1741 peccatis,
1142 1687 1204 1726 ac
1241 1671 1468 1726 invicem
1504 1686 1600 1724 nos
1631 1681 1750 1723 esse

172 1764 440 1827 membra,
493 1762 752 1817 certiores
791 1761 936 1816 fecit.
979 1759 1131 1828 Rogo
1175 1762 1355 1829 itaque
1402 1776 1519 1824 vos,
1556 1760 1750 1815 fratres

1862 578 2052 633 Amen.

2420 668 2747 726 EPISTOLA
2781 669 2865 725 IlI.

1860 758 1942 811 Ad
1969 760 2109 826 ﬁlios
2142 778 2264 814 suos
2297 763 2576 832 monachos
2602 777 2618 814 :
2645 779 2773 828 quos
2797 763 2982 816 incitat
3009 764 3079 816 ad
3108 766 3429 832 operandam

1934 832 2332 883 auctoritatibus
2362 847 2425 883 ea:
2461 829 2763 900 Evangelia,
2791 841 2839 885 et
2861 829 3307 900 ApostoloXDixit
3337 851 3356 887 .'

1930 945 2104 1001 Filioli
2153 946 2277 1010 mei,
2328 947 2488 1000 homo
2528 946 2806 1002 rationalis
2837 947 2881 1001 si
2929 958 3260 1016 praeparetur
3312 948 3430 1001 vin-

1859 1038 2039 1093 dicare
2081 1051 2200 1092 sese
2238 1037 2289 1090 in
2335 1037 2643 1094 libertatem
2689 1039 2742 1092 in
2789 1038 2876 1093 die
2907 1040 3171 1093 adventus
3217 1038 3428 1092 Domini

1858 1127 2026 1184 nostri
2094 1125 2216 1182 Iesu
2267 1126 2490 1187 Christi.
2547 1136 2803 1197 agnoscat
2863 1128 3209 1198 semetipsum
3271 1128 3429 1183 intel-

1858 1219 2068 1274 lectuali
2103 1219 2438 1283 substantia;
2495 1234 2615 1270 nam
2649 1220 2736 1285 qui
2767 1220 3011 1287 agnoscit
3047 1220 3422 1288 semetipsum,

1858 1311 2102 1380 agnoscit
2140 1319 2194 1362 et
2222 1309 2652 1377 dispensationes
2681 1310 2957 1365 Creatoris
2987 1312 3040 1365 in
3075 1310 3189 1379 ejus
3215 1321 3427 1366 creatu-

1859 1417 1948 1455 ras
1975 1400 2352 1454 dilectissimus
2385 1399 2436 1452 in
2470 1399 2716 1463 Domino,
2749 1410 2805 1454 et
2839 1415 3024 1455 earum
3055 1402 3426 1472 participatio-

1859 1507 1979 1545 nem
2017 1491 2068 1542 in
2103 1499 2300 1543 aeterna
2345 1489 2659 1542 haereditate
2694 1489 3122 1559 partipipationis
3156 1491 3424 1546 membro-

1858 1595 1974 1633 rum
2007 1590 2340 1634 sanetorum.
2372 1577 2552 1644 Quare
2587 1593 2716 1648 rogo
2745 1595 2840 1634 vos
2875 1580 2926 1633 in
2967 1581 3182 1636 nomine
3213 1581 3422 1634 Domini

1858 1670 2028 1724 nostri
2073 1667 2199 1724 Iesu
2239 1667 2464 1730 Christi,
2503 1678 2558 1720 ut
2606 1668 2832 1738 impigre
2865 1679 3040 1724 vestra
3073 1671 3294 1726 solvatis
3329 1672 3424 1725 de-

1857 1760 1962 1814 bita
2010 1759 2258 1824 Domino,
2304 1768 2362 1813 ut
2400 1759 2695 1828 clargiatur
2721 1760 2873 1814 vobis
2898 1761 3148 1816 omnibus
3176 1762 3425 1830 spiritum

171 1853 536 1920 dilectissin'ti,
567 1853 618 1907 in
664 1853 879 1908 nomine
911 1852 1118 1906 Domini
1153 1851 1319 1906 nostri
1349 1850 1476 1906 Iesu
1523 1851 1745 1916 Christi,
1777 1856 1820 1910 Β
1850 1852 2194 1906 discretionis
2247 1852 2313 1904 ad
2379 1851 2791 1906 discernendum
2851 1861 2908 1906 et
2960 1855 3420 1924 cognoscendum,

171 1957 227 2001 ut
259 1946 576 2016 agnoscatis
609 1945 748 2000 hanc
793 1959 1042 2015 magnam
1077 1944 1532 2014 dispensationem
1553 1983 1568 2008 ,
1604 1943 1749 1998 scili-

171 2047 256 2094 cet
285 2038 455 2092 Denm
492 2034 728 2090 Verbum
764 2036 917 2092 nobis
947 2050 1067 2090 esse
1105 2035 1462 2089 assimilatum
1496 2034 1550 2088 in
1582 2035 1751 2090 omni-

171 2131 270 2185 bus
294 2138 496 2199 przcter
519 2138 823 2197 peceatum.
849 2126 982 2180 Nam
1012 2137 1436 2182 consentaneum
1468 2136 1554 2181 est
1582 2126 1752 2180 omni-

171 2222 270 2276 bus
316 2219 534 2274 ratione
582 2218 843 2290 praeditis,
900 2221 1001 2272 hoc
1029 2220 1169 2273 scire
1203 2220 1499 2272 secundum
1537 2217 1750 2272 intelle-

172 2310 409 2366 ctualem
446 2311 735 2374 rationem,
761 2323 824 2364 ac
855 2317 914 2362 ut
943 2308 1278 2376 distinguant
1297 2307 1439 2360 inter
1468 2307 1667 2360 bonum
1697 2313 1751 2357 et

175 2402 400 2466 malum,
449 2412 508 2455 ut
551 2401 704 2457 liberi
746 2414 867 2455 esse
917 2409 1118 2469 queant
1149 2398 1200 2452 in
1233 2397 1349 2466 ejus
1395 2399 1626 2452 adventu
1683 2394 1750 2448 ad

174 2511 292 2548 nos.
335 2493 439 2560 Qui
473 2502 650 2547 autem
681 2490 834 2545 liberi
867 2497 992 2544 sunt
1025 2486 1201 2542 eﬂecti
1223 2527 1238 2552 ,
1275 2485 1500 2556 ejusque
1532 2484 1751 2552 dispen-

173 2591 386 2644 satione
421 2588 504 2641 nsi
534 2595 680 2649 sunt,
715 2585 768 2638 hi
804 2592 929 2639 sunt
954 2583 1001 2637 ei
1039 2582 1201 2637 servi.
1235 2580 1343 2636 Nec
1375 2592 1508 2635 sane
1539 2576 1751 2634 vocatio

171 2681 287 2736 haec
342 2689 431 2734 est
462 2677 761 2748 perfectio;
796 2689 978 2728 verum
1008 2672 1217 2743 justitia
1260 2685 1357 2725 suo
1397 2681 1639 2738 tempore
1667 2677 1750 2722 est

172 2771 461 2843 perfectio,
485 2783 604 2838 qua:
625 2767 810 2836 dirigit
837 2766 902 2819 ad
926 2763 1261 2818 liliationem.
1288 2761 1466 2829 Quare
1491 2775 1613 2816 cum
1644 2758 1750 2814 Do-

173 2862 357 2917 minus
385 2869 574 2916 noster
604 2858 761 2914 Iesus
799 2855 1052 2912 Christus
1091 2854 1332 2910 novisset
1363 2867 1490 2908 suos
1517 2851 1750 2918 discipuo

173 2953 251 3008 los
283 2953 356 3007 ad
388 2951 706 3006 tiliationem
742 2949 855 3016 jam
881 2945 1198 3009 accessisse,
1231 2943 1516 3015 ipsumque
1546 2956 1750 3012 cogno'

171 3047 341 3108 visse,
387 3053 445 3099 et
485 3059 514 3097 a
557 3041 761 3110 Spiritu
796 3048 986 3095 sancto
1014 3050 1135 3093 esse
1163 3035 1406 3099 edoctos,
1447 3034 1584 3088 dixit
1615 3033 1696 3087 eis
1734 3050 1749 3087 :

169 3137 296 3192 1am
339 3153 446 3190 non
475 3151 598 3189 uoco
632 3150 716 3188 vos
748 3146 942 3196 servos,
977 3130 1065 3184 sed
1100 3129 1296 3182 amicos
1319 3137 1366 3180 et
1390 3125 1603 3193 fratres,
1624 3123 1751 3190 quia

170 3231 352 3282 omnia
381 3240 704 3295 quacunque
731 3221 909 3276 audivi
938 3238 970 3274 a
1011 3217 1195 3282 Patre,
1223 3228 1345 3271 nota
1388 3215 1488 3284 feci
1513 3213 1653 3268 vobis
1685 3213 1748 3266 “.

171 3323 363 3390 Itaque
397 3334 489 3389 qut
521 3323 857 3388 agnoverunt
884 3328 1063 3368 veram
1103 3312 1368 3365 rationem
1402 3323 1512 3362 suae
1539 3307 1752 3362 intelle-

171 3414 373 3470 ctualis
398 3409 741 3473 substantiae,
773 3423 900 3462 suas
922 3404 1260 3475 protulerunt
1289 3416 1448 3456 voces
1471 3401 1711 3455 dicentes
1736 3417 1749 3452 :

175 3505 607 3572 Haudquaquam
636 3499 930 3568 accepimus
957 3497 1204 3564 spiritum
1232 3491 1495 3547 servitutis
1524 3500 1580 3544 ut
1614 3491 1755 3543 time-

170 3612 386 3660 remus,
425 3594 516 3648 sed
564 3593 812 3659 spiritum
853 3587 1130 3658 ﬁliationis
1181 3601 1274 3654 per
1321 3600 1472 3655 quem
1511 3598 1754 3636 vocamus

173 3688 395 3744 Patrem
433 3685 650 3739 Abbana
684 3681 880 3754 (Pater
913 3680 1122 3747 noster)
1155 3677 1222 3732 ¹⁸.
1260 3676 1476 3744 Utique,
1507 3673 1752 3737 Domine,

175 3781 428 3837 novimus
455 3775 637 3832 omnia
665 3789 784 3843 quze
815 3772 968 3826 nobis
1002 3770 1266 3838 elargitus
1294 3782 1388 3831 es;
1427 3780 1550 3820 nam
1583 3765 1628 3820 si
1658 3763 1752 3819 lilii

171 3887 385 3937 sumus,
418 3867 660 3923 baredes
685 3879 898 3934 quoque
929 3878 1140 3927 sumus,
1171 3869 1226 3915 ct
1257 3860 1415 3913 amici
1444 3873 1508 3912 ac
1537 3857 1756 3926 partici-

171 3980 267 4035 pes
315 3960 652 4018 hereditatis
696 3956 820 4012 Jesu
868 3954 1089 4011 Christi.
1137 3952 1308 4006 Notus
1341 3965 1471 4016 ergo
1499 3951 1649 4004 vobis
1685 3949 1756 4002 sit

171 4070 358 4114 sermo
401 4054 526 4118 hic;
573 4050 716 4122 quod
763 4050 1068 4119 quicunque
1117 4045 1242 4100 totis
1287 4044 1490 4097 viribus
1533 4054 1755 4109 surgere

171 4159 396 4220 paratus
453 4160 556 4198 non
608 4141 802 4206 fuerit,
868 4140 913 4194 is
970 4139 1109 4192 sciat
1164 4135 1376 4190 Domini
1443 4135 1754 4190 liberatoris

171 4243 467 4298 adventurm
500 4237 574 4291 illi
609 4235 724 4290 lore
753 4235 818 4288 ad
857 4232 1118 4300 judicium
1148 4248 1160 4284 :
1194 4228 1390 4284 Sumus
1412 4230 1599 4298 quippe
1631 4228 1754 4295 qui»

172 4335 398 4387 busdam
423 4331 554 4383 odor
594 4327 772 4380 mortis
817 4327 869 4378 in
902 4333 1136 4384 mortem,
1171 4322 1292 4374 aliis
1324 4337 1440 4374 vero
1476 4321 1609 4373 odor
1638 4320 1756 4372 vita:

169 4427 226 4478 in
253 4426 420 4478 vitam
453 4421 515 4472 ¹⁶.
551 4419 650 4472 llic
679 4419 816 4472 enim
839 4426 913 4470 est
941 4416 1010 4468 ad
1041 4431 1220 4468 casum
1245 4423 1293 4466 et
1325 4413 1754 4467 resurrectionem

1850 1945 2169 1998 charitatem
2215 1957 2336 2012 quae
2373 1952 2456 1996 est
2493 1943 2543 1996 in
2581 1944 2760 2008 vobis,
2813 1959 2918 1997 non
2966 1960 3089 1999 esse
3128 1946 3421 2010 carnalem,

1851 2038 1944 2092 sed
1970 2034 2309 2106 spiritualem
2337 2035 2675 2088 charitatem.
2707 2032 2913 2089 Idcirco
2944 2035 3165 2089 minime
3197 2053 3290 2090 vos
3329 2052 3426 2105 ap-

1852 2128 2115 2197 pellamus
2144 2127 2339 2182 vestris
2374 2125 2682 2180 carnalibus
2713 2125 3039 2192 nominibus,
3077 2128 3274 2196 quippe
3310 2130 3424 2182 luce

1855 2221 2145 2276 transitura
2176 2229 2323 2284 sunt,
2351 2219 2443 2274 sed
2469 2217 2938 2288 permanentibus.
2971 2218 3418 2288 Quandoquidem

1855 2313 2228 2382 unusquisque
2262 2311 2411 2365 novit
2444 2323 2637 2364 nomen
2674 2323 2859 2363 verum
2895 2324 2992 2378 per
3022 2321 3322 2380 respectum
3355 2314 3422 2366 ad

1854 2418 2050 2459 nomen
2076 2403 2354 2467 veritatis;
2383 2399 2835 2470 quemadmodum
2869 2409 2988 2455 erat
3034 2417 3225 2457 nomen
3256 2402 3423 2458 Iacob

1854 2496 2040 2565 prius.
2083 2494 2300 2564 quando
2332 2507 2452 2548 cum
2489 2491 2679 2560 angelo
2727 2500 2884 2546 noctu
2931 2501 3076 2557 erat;
3119 2493 3295 2562 cujus.
3345 2493 3424 2546 ln-

1853 2597 2102 2644 cescente
2133 2601 2310 2649 mane,
2351 2585 2563 2640 vocavit
2604 2597 2796 2637 nomen
2845 2582 3019 2639 Israel
3043 2585 3111 2639 ".
3153 2588 3425 2655 Interpre-

1855 2681 1989 2735 tatio
2015 2690 2193 2734 autem
2216 2676 2380 2740 Israel
2407 2686 2512 2743 est,
2536 2677 2826 2732 intellectus
2858 2677 3114 2746 aspiciens
3139 2679 3206 2731 ad
3235 2677 3421 2732 Deum.

1853 2770 2115 2842 Equidem
2147 2769 2282 2836 scio,
2319 2783 2417 2825 vos
2457 2767 2679 2823 minime
2713 2767 2900 2834 latere,
2932 2769 3146 2822 virtutis
3169 2769 3426 2823 adversa-

1854 2863 1964 2918 rios
2029 2870 2288 2932 perpetuo
2339 2860 2617 2914 intendere
2675 2859 3096 2915 destructionem
3157 2861 3424 2915 veritatis.

1856 2953 1998 3013 Deus
2033 2967 2163 3007 vero
2198 2951 2346 3007 omni
2401 2961 2642 3018 tempore
2691 2965 2844 3005 suam
2895 2951 3080 3005 invisit
3119 2959 3426 3007 creaturam

1855 3060 1885 3098 a
1929 3043 2238 3100 conditione
2267 3042 2450 3098 mundi
2483 3056 2655 3112 usque
2688 3042 2740 3096 in
2771 3051 3055 3096 aeternum.
3099 3041 3298 3108 Quare,
3335 3045 3427 3112 qui

1856 3136 2118 3190 accedere
2147 3132 2333 3188 volunt
2357 3133 2422 3186 ad
2452 3134 2764 3188 Creatorem
2797 3145 2862 3185 ex
2895 3140 3003 3186 tota
3039 3132 3152 3200 lege
3183 3133 3427 3186 cordium

1855 3240 2112 3286 suorum.
2149 3224 2264 3293 ipse
2298 3224 2512 3278 docebit
2547 3213 2815 3290 eos,'qna
2854 3223 3061 3277 ratione
3100 3237 3220 3276 eum
3253 3223 3429 3278 colere

1855 3317 2107 3371 debeant.
2144 3316 2276 3368 Cum
2307 3324 2483 3368 autem
2528 3329 2638 3383 pra:
2668 3314 2831 3368 nitnia
2866 3313 3180 3367 inﬁrmitate
3208 3331 3272 3367 ac
3305 3331 3430 3382 gra-

1858 3408 2020 3461 vitate
2049 3406 2350 3468 cadaveris,
2375 3415 2429 3460 et
2457 3405 2754 3460 certamine
2784 3405 3142 3470 malignorum
3167 3407 3424 3469 hostium,

1855 3499 2098 3567 corporis
2139 3492 2305 3564 hujus
2341 3497 2654 3566 apparentis
2703 3497 2947 3550 aruerint
2987 3511 3202 3562 sensus,
3229 3508 3283 3552 et
3313 3501 3426 3550 vir-

1857 3598 1970 3646 tute
2000 3590 2239 3644 destituti
2268 3590 2380 3644 sint
2411 3604 2602 3644 sensus
2656 3589 2849 3643 anima:
2895 3588 2912 3654 (
2936 3592 3132 3659 quippe
3159 3605 3278 3658 qua:
3305 3605 3427 3644 cum

1855 3695 2082 3749 corpore
2119 3676 2451 3736 dissolubilis
2495 3697 2598 3735 non
2633 3689 2750 3744 est,
2787 3691 2842 3735 et
2875 3681 3174 3735 substantia
3205 3693 3288 3736 est
3327 3684 3428 3736 im-

1858 3775 2124 3838 mortalis,
2160 3787 2260 3828 nec
2300 3774 2447 3827 valet
2471 3788 2530 3829 se
2557 3787 2652 3827 sua
2691 3774 2898 3841 justitia
2945 3775 3238 3846 vindicare)
3264 3794 3279 3842 ;
3304 3791 3426 3845 pro-

1859 3880 2044 3938 pterea
2095 3875 2370 3935 nequeunt
2402 3866 2655 3934 assequi,
2681 3867 2824 3934 quod
2880 3867 2980 3920 sibi
3017 3867 3285 3936 peculiare
3325 3879 3427 3934 est,
3463 3939 3468 3942 μ

1858 3967 1920 4013 ιιι
1966 3972 2086 4014 sese
2133 3958 2393 4012 reducere
2432 3956 2642 4025 possint
2675 3959 2740 4010 ad
2773 3958 3083 4024 primariam
3117 3958 3198 4011 sui
3239 3959 3429 4012 condi-

1860 4050 2084 4105 tionem.
2131 4048 2472 4116 Quapropter
2504 4056 2758 4116 operatus
2783 4056 2866 4100 est
2899 4047 3038 4102 Dens
3064 4062 3184 4102 cmn
3218 4049 3296 4102 eis
3333 4063 3427 4102 sua

1857 4140 2120 4204 bonitate,
2150 4146 2207 4194 et
2235 4139 2421 4194 docuit
2445 4151 2540 4193 eos
2573 4139 2803 4192 adorare
2829 4137 3068 4200 Patrem,
3099 4149 3155 4192 ut
3179 4149 3427 4209 oportet;

1860 4231 2004 4287 Deus
2027 4232 2172 4286 enim
2201 4223 2340 4286 unus
2363 4240 2484 4296 est;
2515 4231 2814 4286 substantia
2842 4230 3216 4286 intellecmalis
3238 4233 3287 4285 in
3313 4233 3433 4285 uni-

1859 4334 1968 4378 tate
2007 4334 2093 4378 est
2119 4325 2244 4377 item
2277 4323 2471 4391 posita.
2509 4320 2593 4374 Sit
2619 4336 2750 4391 ergo
2788 4336 2970 4375 sermo
3009 4322 3096 4375 hic
3133 4323 3285 4377 vobis
3318 4339 3432 4376 ma-

1860 4416 2110 4477 nifestus,
2134 4412 2277 4481 quod
2301 4426 2492 4466 omnes
2514 4411 2852 4480 congregati,
2882 4411 2985 4465 nisi
3009 4427 3171 4465 unum
3202 4412 3436 4467 habeant

170 4518 466 4572 stultorum
496 4531 560 4567 ex
587 4511 711 4582 ﬁliis
744 4509 934 4574 Israel,
961 4522 1007 4562 et
1038 4509 1091 4561 in
1125 4508 1330 4577 signum
1353 4507 1423 4559 ad
1447 4505 1587 4576 quod
1616 4506 1754 4573 aspi-
1789 4525 1831 4578 ι)
1860 4523 1978 4569 cor,
2005 4505 2292 4559 animabus
2333 4504 2447 4558 suis
2485 4505 2781 4557 certamina
2814 4503 3099 4569 inducent,
3131 4504 3436 4574 lacientque

171 4611 313 4662 citur
345 4606 412 4658 ”.
464 4605 610 4674 Rogo
660 4603 842 4672 itaque
876 4615 1007 4664 vos,
1057 4598 1253 4651 fratres
1287 4596 1664 4658 dilectissimi,
1703 4597 1753 4649 in

173 4699 401 4753 nomine
448 4694 660 4749 Domini
693 4693 861 4746 nostri
893 4689 1020 4745 Iesu
1052 4688 1290 4753 Christi,
1334 4702 1400 4742 ne
1443 4701 1539 4741 vos
1577 4687 1759 4758 pigeat

173 4799 375 4845 vestra:
397 4785 610 4851 salutis,
637 4784 731 4838 sed
762 4783 1134 4851 unusquisque
1156 4791 1396 4834 vestrum
1427 4779 1637 4833 scindat
1663 4793 1758 4832 cor

171 4895 360 4948 suum,
395 4892 503 4933 non
534 4887 716 4932 autem
751 4875 1128 4929 vestimentum
1159 4872 1200 4905 ⁸⁸
1227 4890 1241 4926 z
1269 4887 1338 4926 ne
1366 4872 1537 4926 induti
1573 4871 1758 4925 habitu

173 4970 572 5032 monachatus,
626 4981 993 5038 praeparemus
1050 4964 1206 5020 nobis
1253 4963 1549 5034 judicium;
1591 4976 1757 5031 prope

173 5075 418 5129 namque
455 5069 665 5127 tempus
699 5066 786 5111 est
819 5054 1092 5125 judicandi
1131 5067 1566 5124 unumquemque
1597 5051 1750 5120 juxta

166 5168 342 5225 Opera
376 5167 494 5207 sua.
538 5149 620 5206 0b
652 5148 917 5205 sermonis
941 5157 1120 5201 autem
1161 5146 1318 5214 hujus
1344 5145 1754 5209 obscuritatem,

167 5249 332 5320 plura
394 5244 549 5299 vobis
615 5241 855 5297 scribere
916 5241 1306 5304 decreveram;
1373 5238 1556 5291 destiti
1628 5251 1758 5290 vero

167 5348 398 5411 propter
430 5336 700 5392 dicentem
733 5349 748 5387 :
801 5333 880 5386 Da
911 5328 1136 5400 sapienti
1173 5328 1496 5382 occasionem
1521 5367 1536 5392 ,
1570 5340 1617 5380 et
1660 5344 1760 5380 au-

163 5442 323 5504 getur
350 5428 612 5496 sapientia
657 5425 770 5494 ejus
817 5424 881 5477 ".
921 5421 1052 5475 Dico
1090 5419 1243 5473 vobis
1285 5419 1512 5472 salutem
1560 5417 1613 5470 in
1652 5417 1754 5472 Do-

167 5524 348 5585 mino,
387 5518 642 5573 maximis
685 5515 1068 5584 minimisque;
1108 5522 1163 5566 et
1200 5511 1374 5580 gratia
1424 5507 1635 5562 Domini
1688 5510 1758 5562 sit

240 5717 286 5747 "
332 5713 566 5780 Philipp.
607 5726 669 5778 ιι,
726 5707 896 5780 ϐ-Η.Δ
988 5703 1236 5780 “Item.
1265 5719 1380 5780 vni.
1422 5704 1512 5758 52.

166 5785 206 5820 "
253 5787 392 5842 Luc.
437 5773 665 5845 ιι’.’54.’
705 5780 748 5811 ’⁸
784 5777 901 5834 Jocl
928 5790 989 5842 tt,
1030 5777 1116 5830 15.
1195 5774 1237 5806 "
1271 5773 1432 5831 Prov.
1469 5791 1543 5840 ιγ,
1587 5779 1640 5830 9.

1611 5703 1654 5734 “
1691 5704 1846 5760 .Ioan.
1889 5721 1976 5770 xv,
2025 5703 2111 5757 15.

1735 5775 1780 5806 ¹⁰
1819 5775 1955 5831 Gen.
1998 5790 2173 5837 χχιιι,
2211 5773 2401 5830 24-28.

1861 4597 1962 4652 sibi
1989 4594 2274 4662 judicium.
2306 4591 2440 4648 Cum
2471 4592 2671 4647 viderit
2711 4593 2892 4662 itaque
2920 4594 3145 4649 Creator
3171 4605 3435 4652 creatura:

1859 4688 1969 4757 jam
1999 4686 2284 4740 dilatatam
2320 4698 2443 4740 esse
2477 4683 2695 4750 vulnus,
2718 4694 2775 4740 et
2801 4685 3024 4740 medicis
3049 4685 3116 4740 ad
3145 4686 3434 4742 sanitatem

1863 4777 2279 4850 comparandam
2324 4775 2604 4846 indigere,
2645 4778 2907 4845 prannisit
2947 4777 3207 4834 Dominus
3253 4791 3439 4834 noster

1862 4867 2019 4924 Iesus
2046 4867 2317 4930 Christus,
2341 4864 2433 4936 qui
2455 4875 2540 4921 est
2565 4865 2682 4934 ejus
2706 4865 2934 4922 Creator
2953 4879 3009 4922 et
3030 4867 3290 4933 Medicus,
3313 4880 3439 4922 ante

1864 4975 1922 5014 se
1961 4959 2379 5028 praedicatores;
2418 4972 2519 5014 nec
2560 4972 2806 5013 asserere
2847 4960 3156 5015 dubitamus
3196 4960 3436 5031 Moysen,

1869 5051 2159 5104 maximum
2192 5049 2574 5120 prophetarum
2607 5060 2664 5104 et
2699 5049 3084 5119 legislatorem,
3119 5068 3242 5106 esse
3271 5070 3435 5106 unum

1868 5143 2302 5212 prmdicatorum.
2351 5142 2591 5209 Spiritus
2631 5152 2812 5196 autem
2841 5144 2933 5212 qui
2977 5155 3234 5212 operatus
3269 5159 3350 5199 est
3387 5147 3437 5200 in

1870 5233 2073 5304 Moyse,
2107 5234 2245 5287 idem
2272 5245 2528 5302 operatur
2554 5233 2606 5286 in
2639 5233 2861 5303 reliquis
2889 5236 3093 5289 sanctis
3117 5247 3239 5305 post
3263 5237 3437 5297 illum,

1869 5322 1963 5391 qui
1993 5336 2181 5376 omnes
2212 5321 2376 5377 locuti
2409 5330 2537 5376 sunt
2565 5323 2630 5376 de
2671 5323 2806 5378 Filio
2853 5326 2942 5378 Dei
2987 5326 3438 5396 unigenito.‘Pari

1866 5412 2082 5482 quidem
2119 5411 2331 5467 ratione
2366 5411 2601 5467 Joannes
2658 5429 2791 5469 unus
2826 5425 2909 5470 est
2956 5416 3368 5483 praedicatorum
3427 5437 3440 5472 :

1867 5504 2063 5573 quippe
2089 5504 2176 5556 lex
2199 5519 2359 5573 usque
2385 5505 2452 5557 ad
2486 5504 2768 5568 Joannem,
2795 5518 2840 5560 et
2879 5508 3067 5561 exinde
3104 5512 3202 5563 rim
3241 5511 3445 5577 patitur

2215 5704 2274 5779 ξ’-
2304 5704 2458 5779 liora.
2500 5718 2616 5769 vni,
2680 5703 2765 5759 l5.
2899 5708 2942 5742 ¹⁶
2985 5706 3027 5762 ll
3066 5707 3190 5764 Cor.
3238 5723 3314 5779 ιι,
3359 5707 3445 5764 ιθ.
