3860 6316
481 361 623 416 1007

1481 371 1488 376 ·
1573 353 1842 408 PATRES
1881 342 2177 407 {EGYPTII
2219 350 2490 407 SZECUH
2533 349 2616 405 iV.

3587 353 3606 407 l
3618 355 3714 410 008

481 491 696 544 regnum
723 474 834 537 Dei,
860 483 906 526 et
932 475 1030 526 vim
1054 473 1331 538 inferentes
1361 471 1495 524 illud
1524 473 1733 538 rapiunt
1765 474 1832 523 ¹¹.
1859 470 1919 523 lli
1953 487 2042 523 au-
2076 478 2121 530 Α
2151 485 2326 522 sermo
2375 470 2462 523 hic
2509 469 2661 522 vobis
2706 476 2881 532 notus,
2924 468 3081 522 sicuti
3124 469 3371 538 superius
3412 467 3554 532 dixi,
3581 477 3712 537 quod

487 579 590 619 tem
623 580 808 619 omnes
842 565 949 617 Deo
981 563 1170 628 induti,
1203 570 1463 616 noverunt
1513 563 1710 615 nullam
1770 573 2045 616 creatura-

483 671 604 710 rum
651 654 756 708 tale
787 663 1102 722 tantumque
1134 665 1328 707 sanare
1374 667 1529 721 posse
1575 654 1789 716 vulnus,
1826 665 2048 718 excepta

483 745 600 800 Filii
633 745 723 799 Dei
763 743 1023 813 unigeniti
1056 744 1326 806 bonitate,
1357 759 1514 813 quem
1560 744 1706 796 misit
1740 744 1792 797 in
1823 743 2050 798 salutem

483 836 718 888 universi
751 834 1062 888 habitabilis
1099 836 1267 889 orbis.
1302 833 1416 902 Ipse
1451 850 1682 901 namque
1717 845 1798 886 est
1829 849 2052 903 magnus

481 923 570 976 ille
599 922 859 985 Medicus,
892 923 982 992 qui
1016 938 1207 978 sanare
1255 933 1429 993 potest
1469 925 1662 977 vulnus
1708 925 1807 976 hoc
1839 926 2048 991 ingens.

481 1014 647 1067 Pater
670 1030 800 1068 vero
828 1029 923 1070 sua
964 1015 1238 1079 bonitate,
1287 1017 1428 1068 haud
1470 1031 1563 1068 suo
1601 1016 1820 1083 pepercit
1857 1014 2053 1084 Unige-

482 1107 614 1167 nito,
639 1109 728 1159 sed
760 1106 976 1157 tradidit
1010 1106 1158 1158 illum
1196 1122 1290 1168 pro
1321 1109 1543 1173 peccatis
1571 1110 1761 1159 nostris
1785 1109 1851 1170 ”,
1879 1119 1930 1160 et
1958 1123 2054 1176 pro

481 1207 666 1250 nostra
697 1199 936 1251 omnium
975 1197 1288 1252 liberatione
1325 1197 1391 1249 ab
1420 1199 1796 1265 iniquitatibus
1833 1200 2052 1260 nostris,

467 1299 537 1342 et
581 1304 703 1343 sese
753 1302 850 1356 pro
897 1289 1050 1342 nobis
1102 1288 1297 1342 obtulit
1343 1288 1683 1358 Unigeuitns,
1732 1289 1922 1356 hisque
1959 1303 2055 1342 nos

481 1396 671 1436 Omnes
718 1381 961 1442 sanavit,
1007 1391 1061 1434 et
1113 1382 1308 1434 virtute
1361 1381 1508 1434 verbi
1563 1382 1643 1434 sui
1696 1381 1761 1434 ab
1805 1383 2055 1434 universa

478 1472 701 1537 mundo,
739 1487 767 1524 a
798 1470 1109 1525 cardinibus
1138 1479 1296 1524 terra:
1324 1484 1496 1538 usque
1535 1470 1600 1522 ad
1635 1471 1883 1522 cardines
1923 1484 2052 1523 con-

481 1563 759 1632 gregavit;
809 1571 864 1614 et
911 1561 1193 1614 constituit
1243 1560 1504 1614 cordibus
1555 1563 1757 1614 nostris
1809 1575 2054 1614 resurre-

481 1654 718 1707 ctionem
753 1667 782 1705 e
815 1661 980 1716 terra,
1011 1660 1302 1717 uotumque
1338 1650 1492 1704 nobis
1525 1650 1673 1713 fecit,
1702 1651 1928 1704 invicem
1959 1664 2054 1704 nos

469 1757 602 1796 esse
630 1741 892 1794 membra.

2153 561 2377 625 scilicet,
2405 577 2508 614 non
2543 559 2747 613 carnali
2773 560 3063 614 dilectione
3101 561 3290 629 scripsi
3326 559 3500 624 vobis,
3541 577 3712 613 verum

2161 652 2249 705 Dei
2274 651 2540 720 spirituali
2569 652 2879 715 dilectione,
2916 653 3004 720 qui
3037 663 3118 706 est
3145 652 3481 720 gloritlcatus
3515 652 3567 704 in
3595 668 3714 704 Cull-

2155 742 2278 795 cilio
2326 753 2635 797 sanctorum
2676 744 2743 796 ³⁸.
2795 743 3085 811 Agnoscite
3134 744 3295 796 etiam
3351 743 3479 796 totis
3525 742 3714 795 viribus

2159 835 2357 889 vestris
2391 851 2512 888 eum
2543 835 2633 901 qui
2671 835 2834 887 Deum
2873 849 3034 887 causa
3079 844 3261 889 vestra
3294 836 3634 899 deprecatur,
3665 845 3713 886 ut

2157 925 2328 992 ignem
2363 939 2522 991 quem
2561 923 2742 988 injecit
2787 925 3041 978 Dominus
3066 921 3225 978 Iesus
3269 924 3519 977 Christus
3566 940 3712 992 super

2158 1023 2354 1067 terram
2381 1016 2448 1080 ",
2482 1014 2688 1082 injicial
2726 1015 2775 1066 in
2807 1015 2968 1068 corda
3000 1024 3213 1078 vestra;
3246 1027 3299 1067 ut
3329 1015 3577 1084 dirigatis
3604 1029 3715 1082 pro-

2158 1109 2328 1175 posita
2371 1118 2546 1160 vestra
2576 1123 2639 1160 ac
2682 1122 2874 1160 sensus
2908 1119 3136 1170 vestros,
3186 1118 3348 1175 atque
3393 1108 3714 1176 distinguere

2157 1198 2370 1266 queatis
2415 1197 2558 1250 inter
2608 1197 2802 1249 bonum
2847 1208 2900 1251 et
2950 1198 3175 1260 malum,
3228 1207 3278 1250 et
3323 1213 3416 1251 eos
3457 1199 3546 1266 qui
3603 1209 3714 1251 sunt

2157 1291 2389 1343 dexterae
2437 1301 2488 1342 et
2521 1292 2611 1357 qui
2647 1300 2770 1342 sunt
2807 1289 3065 1352 sinistrae,
3104 1301 3157 1344 ct
3199 1291 3417 1342 stabiles
3454 1292 3519 1343 ab
3559 1292 3714 1342 insta-

2157 1381 2370 1434 bilihus.
2402 1383 2659 1435 Dominus
2699 1383 2864 1446 cnim,
2915 1383 3181 1434 diabolum
3237 1387 3574 1436 seductorem
3611 1402 3716 1440 esse

2156 1475 2353 1538 Sciens,
2404 1473 2630 1541 ideoque
2683 1475 2794 1526 suis
2855 1473 3134 1538 diScipulis
3182 1475 3434 1542 prmccpit
3487 1477 3710 1528 dicens:

2159 1561 2336 1616 Nolite
2402 1565 2760 1616 thesaurizare
2826 1565 2964 1616 vobis
3024 1567 3290 1617 thesauros
3343 1567 3393 1614 in
3452 1575 3591 1616 terra
3645 1566 3712 1627 ";

2156 1653 2298 1706 dixit
2329 1664 2582 1721 praeterea
2615 1671 2629 1708 :
2666 1653 2846 1707 Nolite
2885 1671 3004 1722 ergo
3041 1671 3149 1707 esse
3188 1653 3404 1706 solliciti
3436 1656 3489 1706 in
3535 1658 3713 1707 crasti-

2159 1763 2313 1809 num;
2363 1748 2621 1800 crastinus
2668 1748 2803 1800 enim
2840 1749 3101 1800 sollicitus
3142 1750 3234 1800 erit
3285 1748 3486 1800 sibimet
3537 1748 3712 1816 ipsi".

560 1837 707 1905 Rogo
739 1837 920 1904 itaque
951 1848 1071 1897 vos,
1099 1832 1432 1886 dilectissimi
1467 1832 1518 1883 in
1546 1828 1800 1893 Domino,
1825 1839 1883 1883 ut
1909 1829 2052 1884 Scri-
2083 1816 2126 1870 Β
2165 1836 2418 1904 Equidem
2476 1837 2628 1897 dico.
2673 1838 2865 1890 fratres
2916 1841 3016 1890 inci
3041 1879 3056 1900 ,
3118 1847 3358 1906 tempore
3408 1839 3716 1906 mqnatiouis

484 1938 699 1996 pturam
731 1924 1069 1993 expendatis,
1099 1938 1258 1991 quam
1286 1921 1378 1975 Dei
1408 1931 1672 1992 prtecepta
1701 1935 1821 1974 esse
1847 1921 2050 1974 sciatis.

487 2019 736 2087 Magnum
766 2019 868 2070 hoc
899 2016 1094 2086 quippe
1125 2015 1278 2068 nobis
1306 2021 1412 2076 est,
1445 2014 1584 2081 quod
1614 2021 1698 2066 est
1732 2027 2054 2082 cognoscere

486 2109 715 2164 formam
743 2107 956 2162 Domini
994 2106 1164 2161 nostri
1188 2145 1201 2167 ,
1234 2119 1394 2172 quam
1426 2118 1522 2172 pro
1550 2105 1704 2157 nobis
1732 2105 2051 2171 assumpsit,

483 2211 538 2254 et
561 2199 738 2255 factus
766 2209 849 2253 est
881 2199 1034 2252 nobis
1071 2196 1264 2251 similis
1306 2197 1358 2248 in
1402 2195 1651 2249 omnibus
1692 2206 1885 2262 praeter
1931 2210 2056 2263 pec-

481 2300 662 2348 catum
692 2290 776 2351 ²³;
808 2291 1035 2358 ideoque
1062 2303 1162 2344 nos
1186 2289 1386 2341 liberos
1411 2287 1524 2339 fieri
1551 2296 1785 2354 oportet,
1819 2296 1875 2339 ut
1907 2286 2054 2339 hete-

487 2398 608 2437 mur
640 2383 693 2435 in
726 2381 844 2450 ejus
873 2381 1128 2434 adventu.
1175 2378 1620 2446 Quandoquidem
1649 2377 1766 2444 ejus
1798 2377 2056 2430 stultiori-

487 2475 586 2526 hus
618 2471 745 2526 lacti
787 2485 974 2524 sumus
1014 2468 1308 2536 sapientes,
1343 2476 1398 2520 et
1429 2466 1544 2533 ejus
1589 2475 1900 2534 paupertate
1932 2465 2054 2520 lacti

480 2577 671 2617 smnus
693 2561 908 2623 divites,
936 2569 991 2614 et
1013 2559 1132 2627 ejus
1157 2557 1470 2614 infirmitate
1492 2558 1620 2612 facti
1646 2571 1832 2610 sumus
1855 2557 2053 2622 fortes;

486 2664 543 2708 et
574 2654 688 2718 ipse
722 2651 894 2706 tactus
927 2660 1012 2704 est
1043 2649 1200 2704 nobis
1238 2649 1489 2702 omnibus
1529 2649 1872 2710 resurreCtio,
1907 2663 2056 2703 arno-

485 2760 620 2800 vens
661 2759 689 2796 a
740 2743 896 2798 nobis
929 2752 1251 2810 potestatem
1289 2741 1496 2796 mortis.
1551 2740 1686 2796 Hinc
1733 2741 2051 2810 quievimus,

489 2851 590 2890 nec
619 2834 726 2888 alio
757 2834 1062 2902 indigemus
1089 2833 1214 2887 Jesu
1250 2834 1302 2886 in
1330 2847 1492 2886 carne
1527 2850 1540 2885 :
1573 2832 1771 2886 etenim
1797 2833 2055 2886 adventus

487 2925 699 2978 Domini
759 2922 930 2977 nosui
975 2921 1102 2976 Jesu
1153 2922 1355 2976 Christi
1405 2912 1718 2976 servitutem
1754 2923 1906 2977 nobis
1938 2938 2057 2977 esse

487 3017 744 3084 optimam
771 3013 973 3078 effecit,
1001 3025 1056 3068 et
1082 3015 1284 3070 amovit
1309 3018 1490 3070 omnia
1526 3018 1700 3082 mala;
1737 3027 1846 3070 tum
1875 3019 2008 3072 dixit
2037 3037 2053 3074 :

486 3108 611 3160 1am
639 3123 742 3160 non
767 3121 888 3162 voco
910 3121 997 3160 vos
1021 3107 1248 3176 amplius
1275 3122 1470 3170 servos,
1497 3108 1588 3161 sed
1609 3109 1800 3176 fratres
1827 3125 1967 3163 meos
1988 3111 2052 3166 “.

481 3200 730 3269 Cumque
760 3213 926 3268 prope
961 3199 1206 3267 spiritum
1238 3198 1516 3254 filiationis
1551 3211 1729 3254 essent
1763 3203 2056 3270 accepturi,

486 3292 673 3346 docuit
723 3305 817 3346 eos
867 3291 1100 3360 Spiritus
1157 3303 1380 3346 sanctus
1433 3293 1661 3347 adorare
1705 3293 1959 3359 Patrem,
2003 3303 2060 3348 ut

488 3393 724 3453 oportet.
751 3382 864 3454 Ego
895 3394 1074 3438 autem
1105 3382 1288 3437 infelix
1325 3385 1536 3438 vinctus
1571 3385 1624 3439 in
1656 3385 1784 3440 Jesu
1818 3387 2058 3453 Christo,

490 3478 632 3542 dico,
679 3492 744 3531 ex
789 3478 892 3531 hoc
933 3485 1173 3544 tempore
1219 3476 1275 3532 in
1307 3488 1416 3544 quo
1465 3491 1670 3541 sumus,
1724 3493 1820 3533 nos
1854 3480 2061 3548 cepisse

498 3569 767 3633 lanitium,
802 3577 858 3621 et
887 3567 1351 3631 lamentationem,
1386 3581 1451 3619 ac
1479 3566 1682 3624 ﬂetum.
1712 3569 2060 3640 Quandoqui-

497 3663 620 3717 dem
664 3660 878 3730 generis
925 3659 1098 3714 nostri
1136 3658 1317 3729 plures
1351 3659 1522 3712 indutl
1560 3670 1684 3713 sunt
1715 3661 1901 3716 habitu
1937 3663 2062 3717 reli-

486 3753 665 3823 gionis
696 3769 711 3806 :
743 3767 774 3805 e
797 3750 993 3820 quibus
1018 3750 1236 3818 quidam
1263 3750 1469 3818 operati
1505 3760 1629 3804 sunt
1659 3766 1724 3806 ex
1759 3761 1870 3806 toto
1899 3754 2062 3808 corde

487 3853 613 3913 post
639 3851 982 3898 consecutam
1015 3856 1110 3910 per
1137 3840 1428 3896 adventum
1467 3841 1677 3896 Domini
1707 3842 1909 3898 Christi
1945 3859 2062 3898 ma-

489 3935 916 3997 numissionem;
970 3944 1022 3987 et
1067 3933 1116 3986 hi
1161 3934 1377 4001 quidem
1415 3943 1576 3998 sunt,
1619 3951 1848 4004 quorum
1896 3951 2060 3991 causa

491 4026 667 4080 laetor.
695 4023 797 4077 Alii
828 4038 957 4077 vero
1005 4023 1165 4092 hujus
1209 4034 1400 4093 negata
1429 4025 1626 4078 virtute
1647 4065 1660 4090 ,
1693 4028 1902 4095 operati
1938 4036 2064 4080 sunt

490 4129 657 4187 penes
694 4114 875 4168 cordis
909 4112 989 4166 sui
1027 4114 1314 4181 carnisque
1352 4113 1683 4169 voluntatem
1728 4131 1790 4170 ac
1827 4131 2060 4186 prapen-

490 4207 736 4270 sionem;
777 4205 1057 4271 laetusque
1085 4214 1165 4257 cst
1204 4213 1484 4272 propterea
1520 4205 1587 4259 iis
1620 4206 1828 4261 Domini
1859 4209 2062 4264 adven-

491 4308 577 4353 tus
611 4297 666 4350 in
697 4295 1039 4367 supplicium,
1070 4307 1125 4348 ct
1174 4296 1225 4350 hi
1258 4295 1500 4364 profecto
1541 4306 1686 4360 sunt,
1730 4314 1829 4368 pro
1866 4301 2062 4368 quibus

489 4380 814 4458 conqueror.
867 4386 1037 4442 Porro
1085 4389 1174 4442 alii
1233 4389 1494 4458 temporis
1539 4390 1951 4446 diuturnitatem
1998 4405 2062 4444 ac

2163 1939 2441 1982 ventorum
2495 1944 2681 1982 omnes
2733 1940 2924 1984 nautas
2973 1943 3091 1984 sese
3136 1929 3375 1999 jactare;
3425 1941 3480 1982 at
3516 1931 3715 1983 contiu-

2162 2029 2319 2088 gcnte
2368 2029 2652 2072 ventorum
2705 2018 3036 2082 mutatione,
3092 2017 3384 2086 peritorum
3443 2027 3715 2068 nautarum

2163 2109 2384 2163 scientia
2435 2109 2751 2162 innotescct.
2791 2106 2903 2172 Qua
2934 2107 3001 2162 de
3041 2122 3203 2161 causa
3243 2107 3558 2176 perpendite
3594 2116 3718 2158 tern-

2163 2213 2260 2265 pus
2309 2199 2408 2250 hoc
2451 2198 2502 2250 in
2544 2213 2649 2265 quo
2691 2213 2900 2260 smnus,
2945 2196 3102 2264 quale
3151 2198 3240 2251 sit.
3287 2197 3359 2248 De
3412 2195 3498 2250 his
3549 2207 3717 2249 autem

2167 2290 2346 2344 verbis
2379 2303 2673 2356 eorumque
2704 2289 3033 2342 obscuritate
3068 2288 3216 2357 plura
3251 2287 3377 2340 mihi
3412 2298 3614 2341 restant
3648 2288 3720 2339 dio

2163 2381 2357 2446 cenda,
2413 2380 2506 2434 sed
2543 2382 2666 2448 quia
2718 2382 2905 2435 dicens
2954 2382 3080 2434 dicit
3129 2399 3142 2434 :
3193 2380 3266 2434 Da
3303 2381 3527 2448 sapienti
3577 2398 3719 2434 occa-

2163 2471 2400 2534 sionem,
2461 2482 2506 2524 et
2557 2483 2778 2541 augetur
2825 2473 3079 2539 sapientia
3135 2472 3247 2542 ejus
3277 2473 3360 2537 ”;
3415 2473 3536 2527 dico
3582 2474 3722 2525 vobis

2163 2564 2418 2618 omnibus
2446 2564 2693 2628 salutem,
2723 2564 2972 2618 maximis
2995 2565 3357 2634 minimisque.
3385 2565 3437 2619 in
3463 2564 3682 2620 Domino
3707 2583 3718 2617 :

2165 2655 2251 2709 cui
2281 2655 2395 2710 laus
2427 2671 2638 2726 semper
2669 2657 2720 2710 in
2749 2657 2963 2710 saecula.

2722 2748 3051 2804 EPlSTOLA
3095 2748 3181 2807 IV.

2167 2835 2284 2900 Qua
2326 2837 2474 2891 docet
2515 2839 2809 2891 servitutem
2849 2823 2903 2890 iit
2949 2838 3058 2907 lege
3095 2837 3323 2901 uirtutis,
3373 2837 3582 2889 minime
3619 2854 3723 2890 esse

2306 2911 2624 2973 servitutem,
2651 2910 2741 2961 sed
2770 2907 3076 2976 ﬁliationem
3104 2907 3378 2962 libertatis.
3408 2907 3553 2959 Dixit
3572 2924 3590 2960 :

2233 3023 2496 3076 Antonius
2528 3022 2651 3074 filiis
2679 3021 2791 3075 suis
2832 3021 2882 3074 in
2918 3019 3144 3074 Domino
3185 3020 3548 3075 dilectissimis
3581 3020 3722 3074 salu-

2169 3118 2275 3162 tem
2309 3109 2520 3163 scribit.
2548 3109 2829 3178 Nunquam
2863 3123 3013 3164 cesso
3040 3125 3068 3162 a
3110 3119 3285 3163 vestra
3321 3111 3721 3170 recordatione.

2162 3208 2442 3257 consortes
2519 3200 2772 3254 Ecclesia:
2851 3201 3183 3255 orthodoxae.
3252 3200 3380 3256 Volo
3438 3212 3610 3256 autem
3675 3213 3723 3255 ut

2161 3293 2369 3358 sciatis,
2424 3308 2597 3347 meam
2649 3307 2774 3361 erga
2814 3307 2905 3345 vos
2947 3293 3262 3345 charitatem
3315 3293 3723 3361 haudquaquam

2161 3383 2431 3437 carnalem
2472 3397 2623 3444 esse.
2661 3383 2754 3438 sed
2789 3381 3153 3450 spiritualem;
3190 3396 3308 3434 nam
3344 3382 3580 3436 carnalis
3609 3398 3723 3451 par-

2167 3475 2404 3542 ticipatio
2433 3475 2696 3528 instabilis
2718 3484 2772 3528 et
2803 3475 3112 3528 inconstans
3145 3484 3229 3526 est
3259 3489 3273 3526 :
3306 3481 3554 3528 movetur
3583 3490 3724 3527 nam-

2161 3581 2266 3634 que
2297 3582 2418 3618 cmn
2447 3565 2619 3627 ventis
2648 3566 2903 3619 externis.
2935 3563 3250 3634 Quicunque
3275 3580 3401 3632 ergo
3438 3564 3593 3618 timet
3633 3567 3724 3618 Do-

2165 3660 2396 3720 minum,
2448 3658 2672 3727 ejusque
2713 3666 2889 3711 servat
2923 3667 3218 3726 praecepta.
3258 3658 3344 3710 hic
3383 3658 3490 3711 Deo
3543 3672 3724 3711 serva:

2161 3751 2285 3802 erit.
2335 3749 2460 3803 llmc
2509 3765 2635 3804 vero
2687 3750 2917 3802 servitus
2965 3748 3016 3801 in
3053 3763 3154 3816 qua
3201 3765 3497 3810 versamur,
3531 3766 3727 3814 nequa-

2163 3854 2322 3908 quam
2353 3839 2584 3892 servitus
2614 3847 2719 3901 est,
2745 3838 2834 3892 sed
2865 3837 3070 3908 justitia
3103 3839 3302 3891 ducens
3332 3839 3396 3892 ad
3430 3839 3572 3892 viam
3602 3841 3727 3892 tilia-

2166 3931 2347 3984 tionis.
2379 3917 2737 3997 Quamobrem
2767 3930 2925 3999 elegit
2950 3929 3207 3982 Dominus
3238 3940 3420 3981 noster
3445 3931 3727 3998 prophetas

2163 4031 2216 4076 et
2251 4020 2554 4090 apostolos,
2591 4019 2924 4088 crediditqne
2963 4020 3042 4074 eis
3078 4019 3424 4087 apostolicam
3463 4018 3728 4085 evangeli-

2167 4113 2454 4176 zationem,
2501 4119 2555 4164 et
2598 4110 2761 4164 vincti
2817 4120 2939 4165 sunt
2991 4110 3042 4163 in
3091 4109 3213 4163 Jesu
3263 4109 3500 4163 Christo.
3545 4108 3729 4161 Paulus

2163 4207 2306 4258 cnim
2337 4205 2608 4274 apostolus
2638 4202 2766 4256 dicit
2801 4220 2814 4256 :
2852 4201 2962 4270 Ego
2997 4203 3196 4255 vinctus
3228 4200 3355 4254 Iesu
3390 4199 3616 4263 Christi,
3648 4217 3728 4252 vo-

2165 4306 2312 4348 catus
2346 4293 2622 4364 Apostolus
2648 4293 2714 4346 ³ο.
2750 4291 2912 4347 Liber
2942 4307 3153 4362 quoque
3181 4292 3310 4360 legis
3337 4292 3617 4346 constituit
3644 4307 3728 4344 no-

2167 4389 2248 4442 his
2304 4389 2614 4442 servitutem
2673 4387 2950 4456 Optimam,
3021 4396 3074 4438 ut
3142 4385 3406 4441 dominari
3464 4384 3728 4438 valeamus

487 4481 796 4536 distantiam
862 4479 1215 4549 peusitantes,
1267 4483 1432 4535 corde
1488 4482 1830 4549 ceciderunt;
1891 4495 2060 4550 quare
2089 4493 2139 4553 ι)
2167 4481 2374 4534 cunctis
2409 4478 2749 4548 passionibus
2771 4517 2785 4541 ,
2818 4487 2871 4531 et
2907 4479 3166 4546 optimum
3200 4475 3461 4544 perlicere
3491 4473 3727 4528 ministe-

487 4571 698 4638 abjecto
727 4570 1001 4636 religionis
1032 4569 1242 4633 habitu,
1268 4569 1392 4624 facti
1423 4579 1548 4624 sunt
1575 4579 1828 4639 tanquam
1861 4570 2054 4638 bruta;

487 4673 544 4717 ct
569 4661 623 4717 hi
675 4675 889 4731 quoque
937 4669 1061 4715 sunt
1110 4675 1272 4730 super
1312 4675 1449 4730 quos
1487 4661 1611 4725 ﬂeo.
1644 4677 1764 4717 eum
1797 4664 2060 4717 adventus

490 4754 705 4809 Domini
739 4752 910 4806 nostri
957 4751 1085 4806 Jesu
1119 4751 1324 4806 Christi
1359 4752 1532 4807 factus
1565 4753 1636 4806 sit
1671 4753 1776 4806 illis
1820 4754 1871 4807 in
1909 4754 2059 4824 judi-

487 4849 652 4900 cium.
695 4844 1097 4910 Quamobrem.,
1143 4842 1479 4898 dilectissimi
1520 4846 1572 4898 in
1606 4845 1854 4909 Domino.
1889 4863 2059 4918 agno-

486 4941 619 4993 scite
654 4947 862 5005 tempus
888 4975 902 4998 ,
933 4946 990 4990 et
1027 4945 1202 4990 estote
1246 4951 1312 4989 ex
1350 4945 1462 4989 toto
1507 4937 1675 4991 corde
1711 4938 1884 4993 hostia
1931 4941 2056 4996 Deo.

485 5028 646 5083 Certe
677 5041 907 5096 namque
931 5066 946 5092 ,
976 5026 1310 5082 dilectissimi
1343 5026 1396 5079 in
1441 5026 1700 5092 Domino,
1733 5031 1924 5100 scripsi
1965 5047 2057 5086 vo—

487 5120 589 5184 bis,
650 5119 812 5173 sicuti
871 5117 1130 5172 scribitur
1188 5117 1499 5171 liominibus
1551 5119 1905 5177 rationalibus
1967 5125 2060 5193 qui

489 5211 828 5280 Scripturam
877 5209 1156 5278 percipere
1199 5208 1414 5274 valent;
1467 5224 1587 5262 nam
1624 5226 1710 5266 me
1752 5227 1860 5267 non
1901 5213 2058 5285 fugit,

487 5301 870 5370 percipientem
909 5298 1246 5366 Scripturam
1289 5297 1448 5352 facile
1481 5299 1647 5352 Deum
1677 5315 2006 5370 cognoscere
2041 5320 2054 5355 :

484 5393 575 5460 qui
605 5403 784 5447 autem
815 5392 982 5445 Deum
1031 5390 1348 5458 cognoscit,
1379 5389 1497 5459 ejus
1528 5395 1804 5459 cognoscit
1843 5395 2060 5464 dispen-

484 5484 727 5538 sationes
755 5497 888 5552 quas
913 5488 1170 5550 operatur
1218 5480 1270 5532 in
1315 5481 1430 5534 suis
1465 5483 1754 5537 creaturis.
1806 5485 1888 5537 Sit
1925 5499 2057 5556 ergo

555 5650 596 5679 "
647 5648 777 5701 Luc.
823 5663 933 5710 xvt,
981 5648 1080 5709 lli;
1124 5644 1310 5696 Matth.
1352 5661 1426 5708 χι,
1472 5645 1557 5697 l2.

481 5733 742 5777 unum,
785 5719 837 5769 8.
943 5719 986 5748 ¹⁶
1029 5715 1153 5766 Luc.
1195 5731 1287 5770 su.
1331 5715 1415 5766 l9.

485 5790 640 5840 lium.
688 5801 726 5846 I.
769 5787 816 5840 l.
909 5785 949 5818 ²¹
987 5785 1140 5839 Joan.
1181 5797 1270 5846 xv,
1314 5784 1396 5836 lii.

1522 5717 1564 5746 ’⁷
1611 5717 1794 5772 Matth.
1831 5735 1901 5783 vr,
1950 5722 2026 5773 19.

1655 5650 1697 5678 ⁸³
1741 5649 1895 5702 Rom.
1941 5666 2071 5715 vm,
2113 5651 2202 5706 3'2.

2169 4571 2306 4624 rium
2351 4570 2600 4635 virtutis,
2632 4571 2696 4623 de
2727 4585 2831 4638 qua
2869 4570 3073 4623 locutus
3108 4578 3191 4622 est
3222 4564 3533 4635 Apostolus.
3568 4566 3725 4618 Acce-

2167 4665 2413 4718 dentibns
2443 4673 2622 4717 autem
2657 4662 2808 4716 nobis
2838 4663 3052 4731 propius
3091 4663 3155 4714 ad
3192 4660 3438 4728 gratiam,
3472 4660 3610 4712 dicet
3640 4656 3726 4710 Do-

2167 4757 2344 4810 minus
2374 4765 2556 4810 noster
2579 4756 2734 4810 Jesns
2755 4755 3020 4815 Christus,
3045 4763 3099 4805 ut
3132 4753 3264 4804 dixit
3288 4750 3566 4819 discipulis
3588 4749 3723 4802 suis:

2168 4849 2293 4902 Jam
2328 4864 2431 4901 non
2459 4863 2585 4901 voco
2619 4864 2704 4901 vos
2739 4863 2932 4908 servos,
2957 4845 3043 4898 sed
3079 4846 3275 4896 amicos
3307 4857 3444 4895 meas
3472 4849 3522 4894 et
3551 4842 3725 4908 [ωιτη

2165 4954 2330 5003 meos;
2343 4941 2466 5007 quia
2484 4937 2656 4990 omnia
2685 4952 3000 5004 qutecurtque
3028 4934 3204 4988 audiri
3222 4951 3252 4985 a
3278 4931 3438 4985 Patre
3466 4947 3597 4992 meo,
3617 4940 3724 4981 nata

2173 5027 2272 5096 feci
2318 5030 2457 5082 vobis
2497 5029 2562 5080 ".
2619 5028 2719 5094 Qui
2762 5037 2940 5080 autem
2991 5025 3056 5079 ad
3094 5025 3316 5094 gratiam
3365 5030 3722 5076 accesserunt.

2173 5119 2430 5187 Spiritum
2474 5131 2721 5174 sanctum
2765 5126 3168 5185 cognoveruntj,
3201 5123 3253 5169 et
3287 5129 3438 5168 suam
3480 5117 3724 5165 noverunt

2171 5212 2581 5267 intellectualem
2623 5210 3012 5275 substantiam;
3063 5223 3165 5277 qua
3201 5208 3377 5274 agnita
3409 5217 3463 5258 et
3495 5205 3723 5271 cognita.

2169 5307 2606 5360 exclamaverunt
2655 5305 2949 5359 dicentes:
3003 5301 3116 5355 Nos
3155 5302 3366 5354 minime
3418 5296 3724 5360 suscepimus

2165 5399 2408 5463 spiritum
2449 5397 2710 5448 servitutis
2743 5402 2796 5446 ut
2839 5394 3162 5454 timeremus,
3201 5391 3290 5443 sed
3320 5392 3563 5454 spiritum
3599 5392 3722 5456 ﬁlia-

2164 5490 2320 5542 tionis
2380 5503 2482 5556 quo
2530 5502 2775 5540 vocamus
2830 5483 3042 5536 Patrem
3098 5481 3311 5536 Abbana
3347 5481 3597 5551 (Patrem
3643 5499 3720 5533 un-

2300 5647 2344 5679 ²³
2386 5646 2548 5699 llebr.
2594 5660 2667 5706 tv,
2715 5643 2796 5698 15.
2887 5645 2930 5674 ’⁸
2969 5641 3124 5696 Joan.
3169 5655 3268 5702 xv,
3311 5639 3398 5693 lii.
3514 5641 3558 5670 "
3596 5636 3718 5689 Psal.

2130 5723 2172 5752 ί»
2219 5718 2345 5771 ibid.
2391 5718 2480 5770 δι.
2574 5718 2617 5747 η
2659 5715 2816 5768 Prov.
2859 5729 2934 5778 ιι,
2995 5714 3047 5767 9.
3182 5709 3225 5740 '°
3296 5711 3491 5778 Ευιιεεο
3537 5724 3619 5769 In.
3674 5709 3720 5768 ίῖ
