3860 6316
1112 136 1137 161 Ι

138 269 294 319 ιυυίδ
1136 275 1193 321 S.
1236 271 1362 324 AN!
1377 271 1515 326 ΟΝΙΙ
1553 272 1625 328 Μ.
1663 273 1956 331 ΔΒΒΑΊΊΞ
1996 273 2376 337 ΕΡΙΞΤΟΙιΑΞ.
3291 278 3430 337 1010

137 377 361 447 strum)
386 377 432 411 ”
465 420 480 434 .
509 378 886 451 Agnoscamus
917 379 1079 452 igitur
1108 387 1336 452 gratiam
1362 404 1523 456 quam
1557 390 1754 462 clargi-
1781 397 1829 452 Α
1857 391 1992 447 bona
2025 394 2240 462 egeritis
2258 433 2273 458 ,
2301 384 2580 462 quiescere
2621 391 2831 449 facietis
2863 405 3054 447 omnes
3082 399 3300 449 sanctos
3327 392 3434 449 inv-—

141 474 235 517 tus
262 478 356 520 est
394 465 536 523 Deus
563 468 740 531 nobis,
773 470 1115 528 constituens
1145 490 1245 530 nos
1279 476 1438 542 ﬁlios,
1468 491 1520 533 et
1560 496 1753 537 conse—
1788 482 1792 487 ’
1857 483 2154 539 maculatos
2179 524 2195 547 ,
2227 499 2350 538 eum
2401 482 2582 539 adhuc
2627 497 2810 535 veram
2862 481 3096 551 quietem
3150 497 3257 539 non
3312 484 3423 541 sint

136 570 391 626 quenter
411 561 659 617 hatredes
683 570 849 632 atque
873 574 1161 621 consortes
1184 568 1516 626 hazreditatis
1541 584 1753 629 sancto-

112 642 303 704 ‘rum.
326 650 509 720 Nunc,
546 655 748 712 fratres
780 655 1141 726 dilectissimi,
1167 671 1477 717 sanctorum
1509 656 1753 720 cohaere?

137 741 266 809 des,
310 758 419 799 non
463 745 622 815 longe
669 762 697 801 a
744 746 899 803 vobis
934 759 1143 805 cuneta:
1191 762 1316 805 sunt
1363 754 1619 822 virtutes,
1656 756 1749 811 sed

139 845 357 890 vestra:
401 846 532 893 sunt
578 848 741 907 atque
783 840 837 894 in
883 841 1069 909 vobis;
1104 857 1203 897 nec
1248 844 1496 899 celamiui
1548 848 1601 901 in
1649 847 1751 903 hoc

140 936 548 984 momentaneo
573 932 792 995 mundo,
829 932 923 988 sed
964 931 1074 988 Deo
1124 936 1394 990 manifesti
1431 937 1585 992 estis.
1628 936 1751 1007 Spi-

141 1018 297 1072 ritus
324 1029 512 1074 autem
562 1019 657 1076 Dei
690 1021 915 1078 minime
945 1022 1212 1080 inhabitat
1242 1026 1295 1080 in
1330 1029 1509 1082 anima
1539 1038 1593 1083 et
1620 1044 1746 1084 cor-

139 1124 289 1178 pore
336 1110 561 1179 pollutis
605 1123 831 1185 peccato
862 1116 907 1146 ³³
939 1134 952 1170 :
984 1116 1182 1187 quippe
1209 1130 1432 1173 sanctus
1461 1130 1565 1187 est,
1596 1132 1649 1176 et
1683 1123 1751 1176 ab

140 1200 303 1252 onmi
339 1200 466 1255 dolo
494 1200 725 1258 alienus.
757 1203 870 1274 Ego
899 1216 1080 1260 autem
1109 1208 1290 1263 scribo
1314 1210 1488 1270 vobis,
1515 1212 1753 1267 dilectis-

142 1289 304 1354 simi,
331 1301 589 1361 tanquam
619 1294 925 1351 horninibus
949 1295 1378 1364 rationabilibns,
1408 1312 1577 1355 semet
1607 1303 1749 1372 ipsos

146 1383 378 1437 novisse
420 1383 764 1452 valentibus;
793 1388 993 1441 etenim
1026 1390 1117 1458 qui
1153 1400 1335 1444 semet.
1366 1392 1538 1460 ipsum
1580 1393 1747 1457 novit,

140 1472 264 1541 jam
320 1476 491 1530 Deum
525 1479 692 1533 novit.
729 1480 843 1546 Qua
882 1479 951 1534 de
982 1495 1144 1538 causa
1183 1495 1617 1553 consentaneum
1653 1500 1750 1539 no-

145 1562 240 1617 bis
272 1574 377 1632 est,
411 1567 562 1621 illum
591 1576 651 1621 ut
674 1580 890 1639 oportet
919 1570 1168 1626 adorare.
1203 1571 1352 1641 Jam,
1386 1574 1745 1641 dilectissimi,

146 1657 440 1723 agnoscite
463 1670 670 1714 vosmet
701 1661 881 1730 ipsos:
907 1662 996 1731 qui
1033 1663 1177 1718 enim
1205 1675 1380 1721 semet
1411 1666 1556 1734 ipsos
1580 1680 1749 1738 agno-

1853 575 2064 643 ademi;
2109 590 2233 644 qua:
2285 575 2430 640 erit,
2477 590 2599 630 cum
2656 575 3003 644 perficiemur
3036 590 3175 636 nos;
3221 589 3432 631 necnon

1853 667 2094 725 afl‘eretis
2120 682 2373 735 magnum
2399 668 2655 738 gaudium
2690 666 2988 721 ministerio
3010 666 3344 737 angelorum,
3377 676 3433 722 et

1850 757 2102 813 adventui
2149 758 2359 812 Domini
2403 757 2646 823 Christi,
2682 757 2767 813 cui
2823 756 3029 826 gloria;
3071 756 3202 811 mihi
3251 766 3431 812 autem

1855 846 2196 914 miserrimo,
2244 845 2443 905 luteam
2489 848 2629 902 hanc
2673 846 2929 907 incolenti
2975 847 3208 902 domum.
3236 847 3433 902 dabitis

1852 934 2117 1000 lanitiam,
2139 944 2193 989 et
2222 935 2434 1003 spiritui
2476 951 2618 990 meo.
2648 934 2903 1006 Equidem
2954 935 3069 990 scio
3090 949 3279 989 omnes
3304 949 3431 988 san-

1855 1033 1977 1080 ctos
2009 1025 2383 1081 immaculatos
2410 1026 2759 1092 contriStari,
2791 1040 2913 1080 cum
2950 1039 3049 1082 nos
3079 1026 3271 1097 pigros
3291 1024 3436 1079 iuer-

1856 1124 2051 1189 tesque
2099 1117 2359 1182 videant,
2409 1127 2465 1172 et
2497 1117 2762 1188 lacrymas
2811 1117 3150 1193 gemitusque
3186 1115 3445 1171 Creatori.

1850 1204 2068 1262 offerre.
2139 1206 2399 1261 Dominus
2456 1216 2638 1262 autem
2698 1206 2768 1261 ob
2820 1215 3138 1261 sanctorum
3201 1206 3445 1271 gemitus

1850 1297 2133 1367 spiritibus
2194 1297 2516 1353 adirascitur
2585 1297 2760 1363 malis,
2826 1295 3129 1369 refringens
3189 1312 3220 1351 a
3279 1296 3435 1352 nobis

1851 1388 2021 1443 malas
2078 1403 2269 1444 eorum
2333 1390 2686 1458 operationes.
2747 1389 2884 1444 Cum
2939 1405 3067 1445 vero
3110 1398 3286 1444 rectos
3338 1404 3434 1444 nos

1848 1492 1967 1532 esse
1997 1476 2217 1534 effectos
2253 1480 2486 1533 viderint
2525 1489 2686 1548 atque
2726 1481 3001 1543 crevisse,
3054 1483 3298 1551 impense
3342 1481 3436 1533 la:-

1851 1579 2054 1633 tantur,
2095 1584 2161 1623 ac
2182 1570 2386 1641 jugiter
2415 1584 2536 1625 cum
2573 1571 2768 1640 gaudio
2791 1578 2848 1626 et
2882 1570 3066 1625 laetitia
3108 1569 3432 1639 multiplices

1850 1674 1948 1729 pro
1975 1660 2134 1715 nobis
2169 1660 2418 1716 Creatori
2458 1658 2741 1716 effundunt
2785 1674 2993 1731 preces.
3027 1660 3208 1727 Quare
3248 1660 3440 1714 Domi-

147 1758 342 1811 scunt,
371 1761 674 1819 agnoscunt
698 1762 751 1807 et
785 1763 1035 1824 tempus;
1068 1756 1160 1825 qui
1192 1772 1318 1812 vero
1345 1767 1556 1827 tempus
1582 1773 1749 1828 agno-
1780 1748 1823 1806 Β
1853 1768 1953 1808 nus
1987 1761 2168 1807 uoster
2197 1753 2399 1808 nostris
2439 1753 2597 1808 bouis
2625 1754 2879 1823 operibus
2921 1752 3155 1818 laetetur,
3193 1767 3292 1807 nec
3326 1767 3447 1805 non.

148 1848 339 1904 scunt,
377 1842 696 1911 resurgendi
740 1843 938 1899 habent
972 1856 1295 1915 potestatem
1333 1849 1450 1903 sine
1478 1849 1584 1903 ulla
1626 1866 1750 1918 per-

153 1929 472 1985 turbatione
512 1932 875 1992 innovationis
926 1939 1269 1994 idiomatum.
1317 1940 1597 2010 Siquidem
1627 1957 1741 1997 sur-

153 2023 304 2076 rexit
338 2023 686 2080 Alexandriae
724 2028 885 2083 Arius
909 2067 924 2092 ,
958 2037 1010 2083 et
1043 2038 1299 2085 externas
1330 2046 1489 2087 voces
1519 2033 1585 2087 de
1615 2031 1749 2088 Uni-

151 2114 347 2183 genito
368 2116 638 2184 protulit,
675 2119 1017 2174 conatituens
1046 2119 1371 2189 principium
1400 2138 1503 2175 non
1531 2122 1751 2193 habenti

155 2205 529 2275 pi‘inCiplllm,
579 2217 633 2261 ct
668 2208 1061 2276 imperturbato
1116 2209 1600 2278 perturbationem.
1642 2209 1751 2267 Nos

155 2308 346 2353 autem
387 2300 594 2356 scimus
643 2302 783 2369 quod
839 2301 883 2355 si
939 2302 1100 2356 homo
1155 2303 1359 2357 homini
1410 2307 1750 2373 peccaverit,

159 2387 330 2442 Deum
360 2403 461 2458 pro
507 2389 599 2444 illo
635 2389 925 2459 supplicari
972 2405 1167 2459 posse;
1205 2402 1259 2445 at
1285 2393 1377 2461 qui
1409 2391 1521 2448 Deo
1559 2409 1754 2464 pecea-

158 2478 332 2545 verit,
382 2480 507 2549 quis
541 2496 639 2550 pro
672 2481 765 2535 illo
811 2481 1179 2553 supplicabit?
1221 2481 1394 2540 Ilomo
1435 2495 1615 2541 autem
1662 2488 1753 2542 ille

155 2571 250 2638 qui
288 2582 374 2626 est
400 2571 584 2638 Arius,
627 2574 831 2646 grande
874 2586 957 2631 est
996 2591 1285 2646 aggressus
1317 2592 1473 2647 opus,
1507 2587 1561 2634 et
1608 2577 1770 2633 iusa--

160 2662 324 2719 nabili
361 2677 652 2750 percussus
677 2675 759 2720 est
782 2666 935 2737 plaga
959 2685 975 2735 ;
1001 2670 1093 2738 qui
1124 2683 1275 2731 sane,
1308 2667 1353 2722 si
1377 2667 1748 2740 semetipsum

159 2765 289 2807 vere
331 2755 602 2818 novisset,
633 2755 814 2826 lingua
860 2759 975 2826 ejus
1012 2774 1116 2813 non
1158 2759 1467 2829 protulisset
1514 2760 1655 2828 quod
1692 2760 1753 2813 il-

162 2842 271 2895 lum
318 2843 544 2899 latebat.
576 2844 756 2912 Quare
792 2847 1008 2918 planum
1045 2858 1161 2915 est,
1193 2864 1314 2902 eum
1368 2859 1544 2904 semet
1573 2849 1748 2920 ipsum

164 2950 273 2989 non
299 2937 614 3005 agnovisse,
659 2938 888 3006 ideoque
924 2950 1127 2994 temere
1156 2955 1322 2995 ausus
1349 2950 1432 2996 est
1462 2943 1515 2994 in
1548 2949 1749 3012 myste-

164 3028 306 3082 rium
343 3028 471 3083 Filii
507 3029 791 3099 unigeniti.
826 3030 924 3084 Cui
953 3044 1074 3086 cum
1110 3029 1266 3086 Patre
1299 3046 1426 3095 suo,
1460 3040 1516 3088 et
1545 3031 1750 3102 Spiritu

165 3135 263 3172 suo
284 3130 480 3174 sancto
502 3120 700 3192 gloria,
725 3129 777 3174 et
809 3121 1084 3189 maiestas,
1113 3131 1167 3177 et
1195 3122 1368 3177 honor
1391 3137 1456 3177 ac
1481 3099 1751 3188 adoratio,
1780 3099 1824 3158 (ἶ

165 3225 229 3262 ex
259 3224 410 3264 nunc
442 3219 497 3264 et
533 3211 584 3264 iu
617 3210 813 3264 sa-cnla
846 3212 1187 3265 Steculorum.
1236 3214 1433 3268 Amen.

732 3319 1065 3377 EPISTOLA
1116 3320 1181 3378 V.

166 3408 324 3467 Filii:
368 3412 478 3466 suis
519 3413 816 3479 monachis,
854 3413 1080 3467 incitans
1138 3431 1227 3468 eos
1271 3415 1343 3467 ad
1389 3424 1597 3469 sanctos
1640 3414 1760 3468 imi-

328 3484 541 3546 tandos,
575 3500 854 3553 eorumque
883 3492 1028 3552 gesta
1056 3484 1379 3537 wmufanda.
1425 3484 1570 3538 Dixit
1589 3499 1610 3540 :

233 3575 509 3629 Antonius
550 3576 797 3630 scribens
839 3576 962 3630 filiis
996 3577 1110 3631 suis
1144 3576 1512 3632 dilectissimis
1554 3576 1607 3631 in
1654 3576 1759 3631 Do-

168 3669 338 3732 mino,
364 3667 593 3721 salutem
624 3668 703 3722 eis
723 3667 872 3722 dicit.
905 3666 1078 3722 Filioli
1116 3668 1243 3733 mei,
1278 3670 1450 3722 sancti
1485 3665 1775 3734 Israelitze,

170 3761 220 3812 in
260 3773 362 3813 sua
424 3758 773 3813 intellectuali
817 3746 1152 3824 substantia,
1200 3760 1341 3814 haud
1378 3760 1505 3813 mihi
1545 3774 1764 3815 necesse

168 3861 248 3905 est
307 3862 492 3907 vestra
541 3866 851 3921 nuncupare
904 3853 1142 3907 carnalia
1191 3853 1432 3918 nomina,
1479 3866 1599 3921 quae
1641 3866 1762 3906 cum

171 3959 404 4013 corpore
450 3952 770 4010 transeunt,
826 3947 919 4000 sed
975 3960 1227 4015 nuncupo
1277 3959 1373 3999 vos
1419 3960 1576 3999 veros
1627 3944 1767 3999 ﬁlios

170 4035 470 4092 Israelitas.
504 4036 700 4092 Notum
743 4036 895 4091 vobis
944 4036 1036 4101 sit,
1070 4049 1245 4090 meam
1287 4050 1413 4105 erga
1453 4050 1547 4090 vos
1581 4024 1762 4090 chari-

175 4138 343 4183 tatem
387 4128 528 4181 haud
572 4128 846 4181 carnalem
881 4141 1035 4192 esse;
1075 4124 1278 4180 idcirco
1312 4142 1415 4179 non
1468 4140 1627 4181 cesso
1673 4127 1769 4181 de-

174 4222 385 4290 precari
417 4220 580 4273 Deum
608 4236 707 4289 pro
734 4220 887 4274 vobis
907 4262 920 4284 ,
955 4231 1012 4272 ut
1044 4220 1351 4287 agnoscatis
1377 4218 1609 4288 gratiam
1646 4233 1767 4289 qua:

173 4315 333 4369 vobis
369 4327 626 4367 concessa
667 4322 793 4366 est:
846 4312 988 4363 Deus
1023 4311 1166 4363 enim
1207 4324 1395 4364 omnes
1427 4322 1540 4363 sua:
1581 4309 1769 4378 gratias

1856 1858 2076 1897 suorum
2107 1852 2418 1898 sanctorum
2455 1846 2780 1900 testimoniis
2807 1861 2870 1900 ac
2895 1846 3182 1915 precibus;
3211 1844 3438 1913 ideoque

1855 1936 2007 2002 plura
2030 1935 2188 1989 nobis
2217 1934 2514 2002 elargietur
2541 1936 2704 1990 dona.
2736 1937 2947 1991 Etenim
2975 1936 3230 1991 Dominus
3253 1945 3437 1989 noster

1856 2033 2117 2094 perpetuo
2166 2024 2280 2080 suis
2342 2026 2497 2083 adest
2540 2029 2811 2081 creaturis
2857 2026 2974 2095 ejus
3018 2025 3439 2095 adimplentibus

1857 2117 2345 2186 princepla,,sicuti
2376 2119 2533 2172 vobis
2572 2118 2622 2171 in
2660 2120 2862 2173 nostris
2891 2117 3142 2186 Epistolis
3184 2114 3436 2186 pra’dixi-

1858 2222 1995 2263 mus.
2026 2204 2379 2278 Deploremus
2412 2207 2612 2277 itaque,
2651 2206 2796 2260 filioli
2829 2205 2956 2268 mei,
2989 2220 3170 2261 coram
3200 2203 3438 2258 bonitate

1854 2298 2005 2369 ejus,
2036 2308 2090 2354 et
2120 2300 2360 2354 dicamus
2401 2309 2459 2352 ιιι
2493 2299 2627 2352 dixit
2674 2298 2923 2354 Psalmus
2955 2315 2970 2353 :
3012 2296 3150 2362 Quid
3188 2294 3438 2348 retribue-

1856 2403 1972 2443 m‘us
2009 2406 2103 2459 pro
2145 2390 2292 2443 bonis
2330 2405 2448 2460 qua:
2475 2390 2592 2457 fecit
2638 2389 2783 2444 nobis
2812 2388 2894 2441 “?
2942 2387 3193 2441 Dicamus
3223 2399 3439 2453 quoque

1855 2482 2055 2536 dictum
2084 2480 2302 2536 Davidis
2327 2482 2382 2537 in
2414 2479 2625 2536 Psalmo
2653 2496 2667 2533 :
2706 2480 2838 2545 Quae
2874 2478 3073 2532 utilitas
3104 2478 3157 2531 in
3180 2476 3436 2545 sanguine

1854 2589 1991 2640 meo,
2020 2573 2066 2627 si
2092 2571 2409 2627 descendero
2443 2572 2510 2626 ad
2544 2574 2889 2642 perditionem
2927 2569 3012 2623 ’7?

1932 2663 2104 2735 Cupio
2128 2663 2291 2719 etiam
2316 2703 2333 2729 ,
2363 2672 2419 2716 ιιι
2453 2662 2764 2734 percipiatis
2785 2703 2800 2725 ,
2835 2662 2964 2730 quid
3005 2668 3113 2715 tum
3152 2659 3254 2714 sim
3285 2655 3447 2711 vobis

1859 2755 2102 2811 dicturus
2145 2765 2311 2825 atque
2360 2755 2768 2810 testificaturus.
2796 2752 3066 2815 Profecto,
3105 2749 3252 2804 filioli
3288 2749 3390 2802 mei
3414 2788 3431 2812 ,

1854 2847 2162 2917 quicunque
2188 2847 2314 2903 odio
2355 2862 2464 2901 non
2508 2845 2761 2900 habuerit
2789 2860 2853 2900 ea
2877 2860 2999 2913 quas
3040 2839 3333 2897 materialis
3365 2854 3431 2894 ac

1855 2951 2084 2995 terrenae
2102 2949 2312 2995 naturae
2333 2939 2551 3008 propria
2567 2948 2714 3005 sunt,
2729 2951 3024 3005 omnesque
3039 2935 3155 3006 ejus
3169 2931 3443 3010 Operatio-

1859 3048 1954 3086 nes
1977 3046 2045 3087 ex
2068 3032 2230 3088 corde
2256 3047 2377 3096 suo,
2408 3040 2463 3086 et
2482 3044 2696 3085 sursum
2726 3029 2791 3083 ad
2819 3027 3032 3083 Patrem
3054 3008 3441 3088 omniunifin-

1864 3125 2138 3179 tellectum
2160 3138 2318 3179 suum
2347 3137 2454 3178 non
2483 3121 2789 3186 sustulerit,
2809 3119 3038 3174 salutem
3067 3115 3322 3183 consequi
3342 3113 3445 3166 mi-

1862 3216 2007 3271 nime
2042 3216 2262 3287 poterit.
2312 3215 2417 3281 Qui
2448 3228 2581 3270 vero
2612 3215 2693 3269 sic
2720 3212 2928 3283 egerit,
2967 3209 3227 3264 Dominus
3259 3214 3449 3259 noster

1863 3307 2007 3362 illius
2038 3306 2387 3362 miserebitur
2414 3305 2723 3368 laboribus,
2752 3301 3079 3357 invisibilem
3105 3295 3440 3352 immateria-

1864 3399 2076 3467 lemque
2103 3398 2282 3467 ignem
2317 3397 2587 3466 elargiens
2616 3395 2666 3450 ei
2694 3393 2761 3448 ad
2794 3389 3191 3447 comburendas
3218 3392 3449 3439 cunctas

1865 3489 2144 3559 passiones
2176 3503 2297 3559 quae
2333 3488 2383 3542 ei
2413 3487 2629 3549 insunt,
2660 3481 3107 3554 purgandumque
3139 3476 3257 3548 ejus
3288 3473 3444 3528 intel-

1864 3582 2099 3647 lectum;
2149 3590 2258 3633 tum
2302 3593 2430 3634 vero
2475 3575 2799 3632 inbabitabit
2829 3574 2883 3627 in
2920 3571 3011 3627 illo
3062 3568 3296 3640 Spiritus
3338 3565 3442 3619 Do-

1867 3674 1996 3728 mini
2050 3672 2220 3728 nostri
2267 3670 2394 3726 .lesu
2442 3668 2643 3724 Christi
2671 3707 2689 3732 ,
2717 3666 2932 3736 eritque
2962 3677 3082 3717 cum
3116 3660 3207 3715 illo
3239 3659 3306 3711 ad
3340 3654 3446 3711 Pa-

1867 3778 2002 3821 trem
2024 3766 2358 3821 adorandum
2384 3771 2441 3817 ut
2464 3771 2697 3832 oportet.
2724 3758 2859 3812 Nam
2885 3754 3122 3828 quandiu
3145 3750 3444 3809 concordes

1867 3872 2052 3913 sumus
2080 3872 2202 3912 cum
2232 3857 2334 3911 hac
2358 3852 2622 3909 materiali
2656 3862 2875 3917 natura,
2907 3848 3093 3903 hostes
3119 3859 3307 3901 sumus
3333 3842 3447 3897 Deo

1869 3949 2180 4020 angelisque
2208 3946 2324 4015 ejus
2358 3961 2422 4001 ac
2444 3946 2650 4000 sanctis
2667 3943 2941 3997 omnibus.
2969 3940 3081 4009 Ego
3100 3950 3280 3993 autem
3315 3949 3447 4004 rogo

1867 4056 1963 4096 vos
2006 4041 2061 4095 in
2093 4039 2311 4095 nomine
2349 4036 2558 4092 Domini
2596 4034 2767 4090 nostri
2805 4032 2933 4088 Jesu
2991 4030 3217 4094 Christi,
3250 4042 3319 4080 ne
3355 4039 3448 4079 ve-

1878 4146 2048 4190 stram
2080 4134 2246 4188 vilam
2277 4131 2616 4195 salutemque
2648 4126 2951 4198 negligatis,
2982 4139 3085 4178 nec
3125 4117 3452 4191 permittatis

1872 4226 2139 4281 modicum
2168 4225 2266 4278 hoc
2288 4232 2502 4290 tempus
2532 4231 2967 4274 momentaneum
2992 4214 3277 4283 subripere
3299 4208 3451 4264 vobis

1874 4329 2083 4387 tempus
2113 4327 2405 4382 aeternum,
2429 4313 2513 4367 cui
2547 4312 2666 4365 finis
2692 4327 2796 4365 non
2824 4318 2941 4372 est,
2973 4321 3075 4361 nec
3113 4317 3310 4373 corpus
3347 4302 3450 4354 hoc

174 4404 467 4461 effectibus
500 4404 718 4458 excitat.
753 4401 954 4470 Quare,
981 4400 1130 4455 filioli
1164 4402 1420 4465 niei,nou
1459 4400 1639 4469 pigeat
1676 4408 1759 4453 aut

1873 4421 2127 4463 carneum
2170 4406 2463 4460 deturbare
2513 4417 2606 4457 vos
2653 4418 2683 4454 a
2737 4415 2906 4468 regno
2958 4395 3256 4459 luminutn,
3308 4392 3449 4461 quod

176 4502 377 4555 nedeat
408 4512 502 4552 vos
531 4498 839 4550 exclamare
893 4496 958 4547 ad
1010 4494 1177 4547 Deum
1222 4493 1311 4547 diu
1348 4503 1651 4561 noctuque,
1700 4493 1767 4547 ad

175 4591 477 4662 cogendam
522 4590 616 4643 Dei
652 4588 831 4642 Patris
868 4586 1197 4649 bonitatem,
1244 4592 1301 4640 ut
1352 4584 1507 4638 vobis
1535 4584 1771 4651 desuper

178 4699 336 4754 opem
370 4682 683 4753 elargiatur,
730 4690 789 4734 ut
836 4694 957 4747 qua:
1005 4686 1368 4733 consentanea
1401 4684 1526 4730 sunt
1561 4675 1766 4729 sciatis.

179 4772 667 4843 Quandoquidem,
708 4771 859 4825 ﬁlioli
903 4771 1044 4833 mei,
1107 4783 1205 4823 nos
1238 4781 1365 4822 vere
1401 4766 1769 4821 inhabitamus

182 4870 400 4923 dotnum
445 4866 736 4927 latronum,
765 4873 819 4918 et
842 4862 1072 4917 vinculis
1098 4860 1289 4915 mortis
1318 4875 1416 4916 nos
1435 4872 1627 4913 omnes
1650 4856 1762 4928 (l7)

183 4959 427 5031 cogentis
456 4956 619 5012 vincti
667 4970 875 5013 sumus.
912 4953 1032 5009 Jam
1078 4953 1246 5021 igitur
1286 4966 1354 5006 ne
1398 4949 1765 5014 seducamiui,

186 5067 364 5124 neque
390 5052 529 5107 detis
562 5065 810 5106 somnum
843 5048 1017 5102 oculis
1047 5047 1263 5111 vestris,
1301 5059 1476 5114 neque
1512 5056 1766 5113 saporem

187 5145 459 5219 palpebris
478 5145 677 5200 vestris
698 5144 766 5207 “,
793 5152 851 5197 ut
876 5142 1116 5196 oﬂeratis
1139 5147 1350 5192 vosmet
1373 5137 1517 5207 ipsos
1542 5135 1771 5191 Domino

187 5240 393 5295 hostias
430 5239 575 5292 omni
606 5237 863 5308 puritate,
886 5247 1119 5302 eumque
1145 5230 1495 5292 intueatnini;
1521 5229 1641 5283 sine
1674 5243 1775 5297 pu-

189 5337 348 5388 ritate
379 5333 525 5387 enim
562 5347 719 5386 nemo
751 5330 918 5384 Deum
948 5325 1141 5381 intueri
1172 5331 1385 5394 potest,
1418 5330 1477 5374 ut
1511 5320 1586 5374 ait
1617 5323 1765 5390 Apo-

187 5427 360 5483 stolus
385 5424 453 5485 ’5.
512 5427 711 5494 Itaque,
751 5420 1088 5477 dilectissimi
1136 5417 1265 5480 mei,
1296 5415 1509 5477 scitote,
1555 5412 1695 5480 quod
1729 5411 1774 5465 si

255 5542 302 5573 ³³
348 5542 505 5595 Rom.
544 5556 663 5604 vm,
711 5538 796 5593 15.
872 5535 916 5568 ³³
959 5535 1086 5605 Sap.
1130 5548 1169 5597 ι,
1210 5531 1264 5586 4.

190 5626 345 5674 Xth,
384 5609 471 5665 ιθ.

1340 5529 1387 5560 ⁸⁸
1429 5527 1570 5582 Psal.
1619 5542 1820 5593 exul,
1864 5526 1920 5580 4.

1871 4501 2192 4554 immensum
2248 4507 2411 4565 atque
2464 4492 2734 4548 ineffabile
2790 4501 2910 4555 est;
2961 4503 3136 4557 neque
3195 4486 3451 4539 thronum

1866 4589 2013 4643 hunc
2038 4587 2298 4642 caducum
2325 4584 2559 4654 dejicere
2586 4598 2681 4638 vos
2706 4598 2735 4635 a
2763 4583 2977 4646 throno,
3009 4578 3101 4647 qni
3133 4576 3446 4647 angelorum

1868 4689 1952 4733 est
1979 4677 2333 4732 domicilium.
2392 4674 2684 4737 Profecto,
2730 4673 2878 4727 filioli
2927 4670 3072 4734 mei,
3117 4669 3296 4723 anima
3334 4682 3450 4719 mea

1868 4771 2093 4825 confusa
2124 4778 2178 4823 ct
2209 4769 2438 4840 spiritus
2470 4782 2623 4824 meus
2651 4766 2899 4835 stupidus
2925 4772 3006 4818 est
3027 4802 3042 4827 ,
3075 4775 3140 4815 eo
3171 4758 3316 4830 quod
3355 4772 3452 4811 no-

1875 4864 1958 4919 bis
2002 4861 2254 4919 omnibus
2294 4862 2525 4934 eligendi
2568 4860 2794 4916 libertas
2827 4859 2953 4912 data
2987 4856 3080 4917 sit,
3125 4854 3191 4907 ad
3223 4847 3457 4920 operan-

1876 4959 2000 5013 dum
2043 4970 2209 5026 opera
2262 4965 2607 5017 sanctorum;
2652 4965 2753 5007 nos
2799 4963 2927 5003 vero
2963 4944 3306 5017 passionibus
3341 4942 3457 5010 jam

1873 5051 2009 5108 ebrii
2047 5050 2174 5104 facti
2209 5064 2428 5115 sumus,
2469 5056 2727 5116 tanquam
2766 5045 2801 5098 ii
2831 5044 2923 5113 qui
2956 5042 3065 5097 vini
3096 5036 3458 5094 delectatione

1873 5141 2122 5195 inebriati
2163 5146 2320 5207 sunt;
2353 5140 2563 5208 erigere
2612 5136 2861 5191 nolumus
2893 5131 3200 5187 intellectus
3240 5135 3479 5180 nostros.

1871 5241 1927 5287 et
1973 5245 2266 5300 supernam
2319 5231 2609 5299 exquirere
2658 5226 2925 5297 gloriam,
2987 5236 3085 5276 nec
3143 5229 3458 5274 sanctorum

1873 5323 2116 5377 omnium
2149 5320 2353 5375 imitari
2382 5327 2537 5389 gesta
2572 5325 2667 5371 aut
2696 5328 2883 5370 eorum
2912 5313 3165 5369 insistere
3194 5307 3457 5377 vestigiis,

1877 5412 1943 5466 ad
1977 5427 2165 5467 eorum
2200 5409 2571 5465 haereditanda
2599 5421 2761 5477 opera
2788 5448 2802 5472 ,
2837 5414 2896 5460 ut
2925 5419 3047 5461 cum
3085 5403 3165 5458 eis
3195 5409 3456 5456 :cternam

1997 5526 2042 5559 ³⁵
2084 5527 2249 5582 Hebr.
2287 5541 2361 5581 xu
2387 5565 2400 5591 ,
2458 5526 2544 5582 14.
2620 5525 2666 5558 ³⁸
2706 5521 2851 5580 Psal.
2900 5536 3025 5586 cxv,
3064 5518 3150 5573 l2.
3229 5516 3271 5549 ³⁷
3312 5512 3479 5572 Psalle.

263 5730 380 5805 (l7)
423 5731 637 5789 Vidcsis
674 5730 728 5785 in
760 5728 903 5783 hunc
946 5728 1156 5789 locum,
1203 5735 1320 5790 qtne
1347 5716 1727 5777 adnotavimus
1762 5708 1829 5770 ad
1864 5710 2024 5787 epist.
2059 5725 2171 5766 xta.
