3860 6318
425 277 557 334 ιο.ι

1522 269 1801 327 PATRES
1837 269 2138 327 EGYPTII
2177 269 2452 328 SECULI
2492 269 2582 327 ιγ.

3552 264 3707 323 101‘!

425 406 833 464 consequamur
863 389 1256 444 licereditatem.
1294 388 1502 443 Scitote
1545 400 1746 454 autem,
1771 389 2010 443 dilectis—
2041 397 2086 451 Α
2116 389 2394 445 Creatoris
2419 430 2434 456 ,
2494 387 2718 458 ejusque
2770 387 3114 442 visitationes
3173 385 3344 441 nostri
3400 388 3703 441 secundum

427 485 589 548 simi,
635 483 861 536 virtutes
897 487 1148 544 sanctas,
1183 493 1482 548 supernas,
1519 477 1910 534 intellectuales
1943 494 2007 533 ac

425 575 735 646 splendidas
763 612 778 636 ,
827 581 882 625 et
917 581 1142 624 naturas
1175 569 1435 636 illustres,
1469 573 1535 626 ad
1567 587 1731 625 unum
1762 573 2008 627 conditas

423 683 546 722 esse
579 684 606 718 a
633 665 716 720 sui
747 664 1034 734 principio,
1068 665 1212 733 quod
1245 674 1328 720 est
1359 664 1452 720 Dei
1485 664 1757 729 laudatio;
1797 675 1852 720 et
1883 674 2010 720 sunt

423 760 601 826 angeli
631 769 683 814 et
719 758 1031 826 archangeli
1060 767 1115 812 et
1150 759 1329 813 throni
1353 766 1408 812 et
1434 758 1852 823 dominationes,
1880 773 2010 828 pro—

421 856 602 924 pheta:
629 865 685 908 et
714 851 978 920 apostoli,
1018 861 1073 906 et
1105 843 1307 905 Satana
1341 861 1397 906 et
1438 850 1673 915 diaboli,
1704 859 1756 903 et
1787 849 2008 919 spiritus

423 945 573 1010 mali,
615 954 672 1000 et
721 943 996 1015 principes
1037 943 1198 998 aeris.
1253 941 1317 996 Hi
1371 943 1588 1012 quidem
1639 958 1830 997 omnes
1879 953 2010 996 sunt

421 1055 558 1108 opus
586 1037 871 1092 Trinitatis
911 1036 1272 1092 sanctissima:
1304 1035 1504 1102 Patris,
1536 1046 1588 1091 et
1619 1035 1765 1102 Filii,
1797 1044 1850 1091 et
1879 1035 2008 1106 Spi-

421 1130 563 1185 ritus
593 1130 790 1188 sancti.
835 1129 1076 1197 Quorum
1115 1131 1376 1200 quosdam
1412 1130 1481 1184 oh
1523 1143 1713 1183 eorum
1771 1129 2006 1198 optimos

421 1232 601 1276 :notus
651 1221 981 1290 nuncupavit
1030 1221 1171 1276 Deus
1226 1223 1522 1276 secundum
1565 1236 1730 1291 Opera
1775 1217 2002 1286 eorum;

420 1315 513 1383 qtti
546 1329 675 1368 vero
704 1312 822 1384 plus
848 1323 1157 1376 creverunt,
1201 1314 1321 1382 plus
1349 1314 1633 1384 gloriﬁcati
1659 1324 1781 1368 sunt
1816 1331 1842 1370 a
1875 1313 2002 1378 Deo,

419 1405 508 1458 cui
540 1405 794 1472 majestas
819 1413 871 1458 et
896 1404 1070 1459 honor
1107 1404 1159 1457 in
1198 1404 1393 1459 saecula
1435 1407 1779 1462 saeculorum.
1809 1407 2002 1460 Amen.

981 1521 1320 1578 EPISTULA
1366 1518 1447 1578 Vl.

423 1635 579 1692 Filiis
605 1640 715 1692 suis
747 1639 1018 1692 monac/ris
1041 1679 1055 1700 ,
1084 1647 1209 1692 nota
1242 1638 1316 1690 eis
1339 1637 1540 1706 faciens
1569 1637 1859 1688 certamina
1890 1640 2004 1688 drc-

490 1725 702 1762 monum
727 1751 741 1772 ,
779 1721 824 1762 et
876 1709 1082 1762 auxilia
1124 1718 1432 1760 sanctarum
1467 1709 1714 1759 virtutum
1760 1723 1778 1759 :

492 1797 580 1832 eos
613 1791 868 1844 prtrterea
901 1783 968 1831 ad
996 1779 1330 1844 patientiam,
1363 1788 1408 1829 et
1442 1777 1824 1830 absolutionem
1857 1777 2003 1829 illius

489 1850 558 1901 ad
592 1851 730 1918 quod
757 1850 950 1918 egressi
974 1858 1115 1903 sunt.
1151 1847 1216 1901 In
1256 1864 1380 1916 pace
1408 1846 1634 1900 Domini.
1676 1846 1861 1899 Dixit:

485 1963 755 2019 Antonius
798 1962 922 2018 ﬁliis
961 1961 1074 2018 suis
1122 1960 1490 2018 dilectissimis
1537 1961 1591 2014 in
1642 1960 1913 2027 Domino,
1948 1971 2003 2016 et

419 2057 670 2112 omnibus
705 2057 796 2127 qui
836 2057 901 2110 ad
939 2057 1108 2111 Deum
1147 2055 1413 2110 accedunt
1440 2055 1508 2110 de
1541 2063 1653 2112 toto
1679 2055 1840 2110 corde
1879 2069 1999 2121 suo,

417 2148 644 2204 salutem
682 2149 812 2204 dicit
842 2149 1096 2203 omnibus
1128 2148 1304 2213 vobis,
1340 2147 1591 2202 maximis
1623 2146 1994 2216 minimisque,

417 2242 506 2312 qui
547 2258 669 2296 vere
707 2240 964 2296 Israelita:
995 2241 1149 2296 estis.
1180 2240 1474 2296 Consecuti
1518 2239 1665 2297 enim
1707 2240 1842 2295 estis
1876 2238 2001 2293 feli-

417 2351 533 2390 cem
565 2337 879 2390 beatitatem
913 2335 1084 2405 gratia
1115 2343 1376 2404 operante
1397 2377 1412 2401 ,
1451 2349 1573 2404 qua:
1601 2342 1686 2390 est
1728 2333 1784 2392 in
1819 2332 1997 2389 vobis.

419 2424 805 2482 Verumtamen
857 2436 1108 2496 Oportet,
1157 2435 1214 2479 ut
1262 2426 1475 2497 impigri
1519 2423 1742 2480 certetis
1780 2432 2002 2497 propter

416 2531 538 2570 eum
564 2517 652 2585 qui
679 2517 907 2587 uisitauit
927 2533 1013 2570 vos
1041 2518 1215 2571 oriens
1243 2531 1306 2570 ea:
1337 2515 1446 2572 alto
1463 2514 1532 2584 ³⁸,
1555 2526 1615 2570 ιιι
1635 2513 1933 2570 efﬁciamur
1951 2515 2002 2569 ei

415 2609 592 2665 hostia
631 2619 817 2664 sancta
840 2649 857 2674 ,
888 2607 1259 2664 immaculata.
1306 2605 1521 2662 Scimus
1549 2606 1698 2660 enim
1725 2604 2002 2674 quomodo

416 2701 616 2756 cecidit
664 2711 854 2755 natura
902 2703 1016 2755 lucc
1049 2699 1428 2756 substantialis
1461 2714 1529 2754 ex
1565 2714 1663 2754 sua
1712 2697 2002 2757 altitudine

420 2797 472 2846 iu
519 2793 850 2863 profundum
897 2793 1208 2863 ignominia:
1251 2802 1307 2846 et
1349 2791 1618 2854 miseriae,
1644 2803 1698 2844 et
1726 2791 2002 2861 quomodo

419 2886 658 2939 visitavit
697 2901 815 2938 eam
852 2884 992 2939 Deus
1024 2884 1336 2939 misericors
1371 2883 1486 2938 suis
1517 2883 1725 2955 legibus
1755 2900 1853 2953 per
1885 2900 2000 2937 rna-

418 2995 522 3034 nus
573 2979 805 3050 Moysis,
865 2977 1303 3047 reliquorumque
1351 2975 1756 3046 prophetarum.
1810 2975 2001 3031 Novis-

1821 1708 2002 1794 incitat
2037 1739 2080 1794 Β

2118 484 2387 538 hominem
2417 491 2700 537 externum
2729 490 2782 535 et
2831 480 3106 534 internum
3129 521 3144 545 ,
3184 493 3251 534 eo
3279 479 3426 550 quod
3457 495 3574 532 cum
3605 495 3705 533 ra-

2115 573 2344 628 tionales
2375 573 2570 637 simus,
2602 571 2727 626 lacti
2752 585 2940 627 sumus
2970 570 3320 626 irrationales
3349 571 3422 626 ob
3463 581 3704 625 nostram

2114 665 2520 720 inclinationem
2560 679 2682 718 cum
2711 661 2988 718 voluntate
3014 663 3187 718 hostis
3229 661 3371 716 mala
3401 662 3703 731 operantis.

2111 759 2283 828 patris
2308 757 2594 813 mendacii.
2629 756 2799 828 Cupio
2829 766 3007 812 autem
3035 772 3130 812 vos
3173 758 3340 819 scire,
3370 765 3504 825 quot
3523 770 3702 825 quan-

2116 861 2289 921 tacque
2324 851 2631 906 daemonum
2666 850 2864 904 artium
2899 849 3193 920 myriades,
3228 857 3283 904 et
3311 864 3478 918 quam
3509 862 3697 902 earum

2111 946 2324 1014 species
2376 945 2674 997 innumerae
2725 943 2831 996 sint
2879 960 2893 997 :
2947 942 3038 1011 qui
3087 956 3211 996 cum
3257 942 3556 1007 vidissent,
3598 953 3704 994 nos

2104 1033 2217 1102 jam
2261 1034 2508 1104 proprias
2539 1031 2822 1102 passiones
2847 1032 3310 1102 ignominiamque
3333 1029 3645 1101 cognovisse
3673 1067 3694 1091 ,

2111 1140 2174 1178 ac
2219 1133 2476 1193 praeterea
2528 1137 2715 1177 eorum
2765 1122 2936 1177 malas
2981 1122 3328 1191 operationcs
3361 1137 3500 1191 quas
3543 1121 3701 1174 nobis

2111 1227 2442 1287 suggerunt,
2493 1216 2677 1287 fugere
2720 1227 2949 1270 conatos
2994 1229 3153 1280 esse;
3191 1228 3368 1282 neque
3407 1212 3523 1266 haec
3553 1211 3696 1264 duu-

2113 1321 2282 1376 taxat,
2311 1325 2496 1364 verum
2524 1311 2688 1364 ctiam
2718 1307 2874 1362 malis
2899 1321 3087 1362 eorum
3117 1305 3363 1361 consiliis
3387 1319 3508 1376 quae
3538 1302 3698 1359 nobis

2113 1403 2361 1473 injiciunt
2415 1418 2577 1456 aures
2622 1417 2727 1456 non
2771 1403 2898 1454 dare
2945 1417 2960 1455 :
3005 1414 3142 1469 Opus
3189 1412 3346 1452 suum
3399 1412 3522 1452 cum
3569 1395 3698 1464 joco

2111 1495 2348 1566 aggressi
2400 1505 2546 1549 sunt.
2597 1493 2810 1548 Norunt
2847 1491 2994 1547 enim
3044 1491 3126 1546 sui
3177 1487 3461 1545 Creatoris
3495 1488 3699 1542 donum

2111 1589 2313 1642 lactant
2343 1603 2461 1642 esse
2493 1587 2596 1642 sibi
2625 1586 2715 1641 hic
2749 1587 2800 1639 in
2833 1594 3088 1650 mortem,
3115 1591 3171 1638 et
3197 1582 3306 1653 jam
3338 1581 3406 1635 de
3433 1596 3492 1635 se
3518 1593 3696 1633 actum

2108 1695 2228 1735 esse
2258 1680 2574 1750 prazparari,
2607 1689 2662 1734 et
2692 1693 2812 1733 esse
2840 1679 3080 1732 hmrezles
3115 1675 3414 1732 inferorum
3445 1673 3515 1728 ob
3541 1661 3696 1726 suam

2109 1773 2445 1827 aversiouem
2477 1787 2540 1826 ac
2574 1772 2800 1826 nimiam
2825 1770 3113 1825 malitiam.
3144 1768 3512 1836 Quapropter,
3547 1763 3693 1819 ﬁlioli

2110 1863 2214 1918 mei
2247 1860 2623 1930 dilectissimi,
2653 1875 2932 1930 nunquam
2979 1874 3136 1914 cesso
3169 1869 3328 1912 noctu
3360 1857 3561 1926 diuque
3602 1869 3700 1924 pro

2110 1957 2259 2010 vobis
2284 1955 2598 2023 deprecari,
2631 1963 2691 2007 ut
2717 1953 2962 2008 cordium
2991 1960 3300 2006 vestrorum
3337 1948 3551 2016 aperiat
3591 1945 3698 1998 Do-

2108 2050 2286 2103 minus
2305 2049 2515 2112 oculos,
2539 2057 2594 2102 ut
2628 2048 2809 2102 videre
2836 2045 3048 2117 queatis
3070 2043 3493 2114 magnitudinem
3518 2039 3703 2094 multi-

2109 2142 2307 2197 tudinis
2325 2142 2572 2196 fraudum
2590 2141 2892 2195 dzemonum
2913 2151 3212 2207 eorumque
3234 2135 3497 2191 malitiam
3529 2147 3694 2203 quam

2109 2235 2263 2291 nobis
2290 2235 2545 2304 ingerunt
2575 2231 2839 2302 quotidie,
2871 2245 2934 2285 ac
2965 2238 3024 2285 ut
3056 2228 3209 2283 vobis
3256 2227 3548 2296 elargiatur
3606 2237 3703 2277 cor

2109 2327 2336 2398 vigilans
2396 2336 2451 2380 et
2497 2325 2746 2396 spiritum
2778 2321 3156 2386 discretionis,
3207 2330 3265 2374 ut
3315 2321 3702 2387 vosmetipsos

2104 2421 2302 2476 olferre
2325 2419 2542 2490 possitis
2567 2418 2674 2474 Deo
2698 2417 2926 2471 hostiam
2959 2415 3160 2479 vivam,
3192 2413 3622 2475 immaculatani,
3644 2420 3702 2464 et

2093 2527 2300 2593 cavere
2332 2512 2589 2566 invidiam
2623 2511 2930 2565 daemonum
2968 2507 3114 2564 omni
3144 2518 3388 2576 tempore
3419 2517 3475 2561 et
3503 2519 3697 2560 eorum

2107 2603 2246 2658 mala
2274 2601 2530 2667 consilia,
2557 2600 2881 2670 illorumque
2906 2600 3136 2655 latentes
3165 2598 3600 2654 machinationes
3632 2612 3699 2650 ac

2105 2697 2440 2754 subvelatam
2482 2697 2767 2766 malitiam,
2799 2706 2856 2753 et
2883 2697 3109 2765 spiritus
3149 2713 3339 2754 eorum
3380 2695 3695 2753 subducen-

2107 2802 2225 2858 tes,
2265 2802 2322 2850 et
2368 2793 2731 2864 cogitationes
2770 2792 3120 2863 blasphemas
3145 2834 3160 2857 ,
3202 2803 3257 2846 et
3311 2790 3697 2846 inﬁdelitatem

2106 2901 2268 2957 quam
2308 2885 2511 2957 jugiter
2560 2895 2894 2955 suggerunt,
2941 2894 2994 2940 et
3044 2885 3226 2940 cordis
3274 2883 3650 2953 stupiditatem
3679 2920 3698 2944 ,

2106 2978 2439 3049 subtilesque
2497 2983 2688 3034 eorum
2741 2979 3186 3048 perturbationes
3236 2992 3374 3048 quas
3445 2976 3700 3046 quotidie

420 3075 617 3125 simum
651 3081 830 3124 autem
865 3070 916 3124 id
955 3069 1156 3124 factum
1189 3081 1270 3122 est
1302 3084 1399 3138 per
1441 3068 1633 3122 Filium
1664 3067 1783 3138 ejus
1813 3069 1998 3137 unige-
2027 3100 2071 3158 ε
2108 3071 2346 3126 inferunt
2385 3089 2509 3128 cum
2557 3073 2817 3128 mmstitia
2862 3071 3074 3139 cordis,
3123 3082 3180 3128 et
3229 3086 3419 3126 eorum
3464 3071 3604 3124 iram
3642 3082 3700 3124 et

419 3164 612 3227 nitum,
637 3163 727 3232 qui
762 3172 1069 3218 nostrorum
1094 3161 1406 3230 pontiﬁcum
1434 3159 1693 3229 Princeps
1720 3170 1802 3215 est
1828 3160 2000 3214 niaxi-

417 3269 570 3319 rnus,
599 3263 654 3309 et
699 3253 940 3308 Medicus
983 3262 1170 3308 noster
1196 3269 1388 3318 verus,
1427 3253 1519 3322 qui
1553 3264 1770 3307 nostros
1801 3268 2001 3308 sanare

417 3346 562 3402 valet
602 3346 849 3412 dolores;
906 3354 999 3418 qui
1051 3347 1349 3418 assumpsit
1395 3363 1593 3416 corpus
1622 3356 1902 3409 uestrum,
1946 3353 2002 3403 et

422 3442 644 3496 tradidit
698 3453 870 3497 semet
915 3443 1089 3512 ipsum
1144 3457 1240 3512 pro
1295 3441 1452 3496 nobis
1504 3455 1566 3494 ac
1619 3456 1713 3510 pro
1762 3438 2002 3508 peccatis

418 3535 624 3589 nostris
649 3576 664 3600 ,
695 3534 968 3604 accipiens
1001 3544 1224 3604 propter
1256 3543 1496 3587 nostram
1541 3533 1826 3586 stultitiam
1862 3532 1996 3602 ligu-

418 3644 530 3681 ram
559 3628 822 3692 slultitite,
847 3637 900 3680 et
932 3637 1152 3695 propter
1174 3636 1417 3680 nostrain
1451 3626 1820 3679 inﬁrmitatem
1857 3624 2004 3679 simi-

416 3721 700 3776 litudinem
734 3719 1072 3774 inﬁrmitatis
1095 3758 1109 3782 ,
1145 3727 1200 3772 et
1232 3728 1452 3786 propter
1494 3728 1736 3771 nostram
1774 3729 2000 3785 pauper-

418 3821 582 3876 tatem
606 3812 833 3880 liguram
865 3811 1231 3880 paupertatis,
1257 3820 1310 3863 et
1339 3819 1559 3878 propter
1586 3823 1826 3864 nostram
1857 3823 2003 3862 mor-

419 3903 687 3962 talitatem
729 3903 966 3972 gustavit
1009 3911 1261 3956 mortem.
1309 3904 1439 3969 Qua:
1483 3903 1664 3957 onmia
1694 3916 1886 3971 passus
1920 3912 2000 3956 est

418 4010 516 4064 pro
541 3994 722 4070 nobis,
743 4010 806 4048 ac
829 4010 922 4062 per
947 3993 1066 4064 ejus
1095 4004 1321 4049 mortem
1348 3994 1558 4048 liberati
1582 4009 1792 4048 sumus.
1823 3992 2002 4060 Quare

422 4103 522 4148 pos
550 4071 763 4156 Oportet
800 4088 924 4140 totis
953 4087 1238 4142 decertare
1270 4085 1472 4140 viribus
1513 4097 1676 4155 atque
1716 4086 1916 4150 nervis,
1945 4094 2003 4139 ut

417 4183 666 4234 tutentur
699 4195 796 4250 pro
830 4180 984 4233 nobis
1011 4182 1182 4234 sancti
1211 4193 1421 4243 amnes,
1460 4180 1548 4246 qui
1593 4193 1689 4247 pro
1719 4177 1875 4232 nobis
1909 4179 2001 4233 de-

415 4281 714 4340 precantur
765 4280 1009 4339 tempore
1061 4279 1264 4326 nostra:
1308 4269 1577 4338 pigritiae,
1624 4267 2002 4335 luatabiturque

413 4378 606 4419 serens
639 4375 801 4433 atque
830 4375 1038 4418 metens
1066 4363 1222 4416 simul
1257 4363 1323 4424 ³⁸,
1357 4361 1587 4428 Oportet
1611 4370 1873 4431 prwterea
1906 4376 2002 4416 vos

2105 3166 2532 3222 susurrationem
2569 3180 2734 3234 quam
2772 3164 3022 3235 injiciuut
3054 3165 3234 3228 nobis,
3264 3170 3324 3217 ut
3357 3165 3424 3217 de
3454 3161 3694 3217 invicem

2104 3273 2450 3314 susurremus
2473 3300 2488 3324 ,
2523 3268 2737 3314 nosmet
2779 3259 2926 3328 ipsos
2990 3258 3253 3313 duntaxat
3289 3257 3696 3326 justiﬁcantes,

2097 3352 2408 3420 iudicantes
2442 3352 2621 3418 alios,
2677 3353 2908 3408 invicem
2945 3352 3359 3417 maledicentes,
3408 3351 3559 3404 suavi
3611 3350 3698 3403 lo-

2105 3455 2335 3515 quentes
2389 3445 2604 3516 lingua,
2663 3445 2861 3500 nostris
2914 3445 2964 3498 in
3018 3443 3274 3500 cordibus
3326 3441 3702 3497 amaritudine

2110 3540 2428 3606 recondita;
2462 3540 2696 3610 proximi
2749 3539 3118 3594 cxtrinsecum
3158 3536 3495 3608 judicautes,
3546 3535 3697 3590 intra

2107 3645 2206 3686 nos
2243 3632 2505 3686 habentes
2537 3630 2847 3696 latronem;
2880 3631 3223 3684 decertantes
3254 3637 3307 3682 et
3333 3629 3701 3682 adversantes

2106 3725 2266 3780 nobis
2304 3723 2576 3789 invicem,
2623 3723 2692 3786 ad
2746 3732 2934 3778 nostra
2978 3721 3298 3777 stabilienda
3336 3722 3498 3774 verba
3535 3729 3591 3774 et
3638 3730 3702 3773 ut

2105 3814 2540 3870 honorabiliores
2568 3814 2871 3867 videamur.
2903 3811 3175 3866 Praeterea
3203 3825 3303 3864 nos
3330 3809 3394 3862 ad
3427 3808 3530 3862 alia
3558 3822 3701 3862 con-

2105 3911 2272 3963 citant
2302 3922 2468 3976 opera
2512 3923 2632 3976 quae
2667 3917 2986 3977 perpetrare
3031 3904 3172 3959 haud
3204 3903 3476 3966 valemus,
3511 3901 3701 3957 inver-

2106 4009 2283 4055 tentes
2305 4015 2424 4069 qua:
2445 4008 2644 4053 nostra:
2668 4009 2790 4051 sunt
2821 3996 3093 4052 utilitatis.
3121 3994 3298 4060 Quare
3328 4008 3423 4047 nos
3447 4000 3700 4060 tempore

2105 4089 2323 4160 lugendi
2358 4089 2424 4144 ad
2446 4089 2611 4144 risum
2632 4089 2884 4151 incitant,
2915 4097 2968 4141 et
2990 4085 3174 4156 lugere
3202 4099 3300 4139 uos
3327 4092 3523 4139 curant
3553 4093 3702 4136 teui~

2105 4195 2236 4250 pore
2269 4180 2576 4249 gaudendi,
2625 4187 2886 4248 perpetuo
2933 4176 3278 4232 intendentes
3315 4184 3554 4229 nostram
3599 4174 3704 4228 de-

2104 4273 2452 4329 clinationem
2486 4287 2515 4325 a
2563 4274 2645 4326 via
2695 4279 2841 4325 recta
2887 4280 2948 4324 ut
2986 4285 3085 4324 nos
3113 4270 3216 4324 sibi
3263 4269 3375 4326 suis
3408 4269 3701 4322 fraudibus

2106 4365 2416 4435 subjiciunt.
2468 4363 2621 4418 llaud
2649 4362 2983 4418 enucleanda
3029 4363 3082 4416 in
3115 4375 3356 4429 praesens
3389 4360 3520 4413 mihi
3562 4373 3698 4413 sunt

416 4458 589 4519 scire,
620 4456 767 4509 ﬁlioli
807 4457 943 4519 mei,
975 4471 1137 4524 quam
1172 4455 1223 4508 in
1275 4454 1614 4524 gravissimis
1646 4469 1835 4508 versor
1877 4468 2001 4524 pas-
2034 4447 2079 4504 D
2109 4458 2317 4530 singula
2350 4472 2538 4512 eorum
2572 4456 2712 4510 mala
2752 4465 2980 4526 excepto
3013 4454 3154 4524 quod
3201 4454 3248 4508 si
3293 4453 3456 4508 corda
3503 4462 3698 4506 nostra

417 4544 660 4597 sionibus
691 4559 850 4598 causa
887 4555 1086 4598 vestra.
1129 4542 1261 4597 Nam
1293 4545 1496 4612 aSpicio
1525 4544 1740 4599 labores
1775 4553 2001 4600 sancto-

417 4653 535 4692 rum
569 4652 665 4705 pro
705 4637 856 4690 vobis
880 4675 896 4700 ,
932 4650 1232 4705 eorumque
1261 4639 1496 4705 gemitus
1536 4654 1599 4690 ac
1640 4652 1831 4704 preces
1861 4652 2002 4707 quas

415 4726 562 4784 ntuni
623 4738 866 4793 tempore
917 4742 1101 4780 coram
1163 4725 1272 4778 Deo
1333 4743 1429 4795 pro
1485 4726 1636 4780 vobis
1695 4727 2000 4781 cllundnnt.

417 4821 596 4886 Quare
639 4818 836 4871 imitari
875 4836 970 4872 eos
1009 4818 1242 4888 satagite
1274 4835 1286 4870 :
1338 4818 1539 4886 quippe
1571 4818 1662 4884 qui
1705 4834 2002 4890 prospexe-

418 4922 543 4972 ruut
571 4911 653 4974 sui
686 4910 967 4966 Creatoris
991 4910 1042 4964 in
1075 4926 1172 4965 sua
1208 4910 1443 4965 mirabili
1474 4909 1858 4966 lucarnatione
1891 4915 2004 4967 dis~

417 5004 785 5072 pensationes,
845 5002 1072 5073 ejusque
1122 5003 1336 5058 labores
1394 5017 1494 5072 pro
1547 5013 1732 5058 nostra
1789 5005 2002 5072 salute,

419 5097 697 5166 hostisque
743 5096 899 5151 dolos
934 5097 1233 5166 quaerentis
1273 5109 1490 5164 semper
1532 5107 1775 5150 nostram
1820 5099 2002 5167 perdi-

419 5191 620 5244 tionem
659 5189 713 5244 in
745 5189 958 5244 inferno
989 5189 1168 5260 (quod
1213 5197 1296 5242 est
1335 5187 1454 5258 ejus
1491 5204 1822 5258 suorumque
1849 5206 2003 5245 com-

421 5279 720 5335 militonum
769 5281 944 5350 portio
968 5297 1019 5350 ;;
1072 5294 1289 5349 semper
1341 5294 1574 5348 namque
1630 5282 1856 5348 perdere
1906 5297 2005 5336 nos

422 5375 652 5430 intendit
685 5374 785 5426 hac
817 5389 1008 5442 magna
1042 5374 1366 5443 perditione.

495 5462 644 5531 llogo
677 5463 858 5533 itaque
887 5477 1011 5528 vos,
1045 5464 1196 5518 ﬁlioli
1231 5463 1336 5520 mei
1391 5463 1730 5519 dilectissimi
1759 5501 1774 5527 ,
1813 5473 1873 5516 ut
1903 5463 2005 5518 hoc

423 5555 772 5634 percipiatis,
825 5567 881 5610 et
933 5556 1280 5625 perpendatis
1337 5557 1774 5626 dispensatioues
1834 5555 2001 5608 nostri

494 5736 538 5785 5"
575 5735 705 5806 Luc.
741 5752 778 5804 ι,
814 5738 900 5794 78.
983 5738 1025 5769 ³³
1065 5735 1218 5793 Joan.
1255 5753 1325 5805 tv,
1363 5737 1448 5793 56.

2110 4547 2441 4618 ejusccmodi
2478 4547 2640 4601 rebus
2675 4546 3026 4614 impleantur,
3068 4555 3321 4613 tanquam
3356 4558 3482 4598 esca
3523 4542 3699 4608 ﬁent;

2112 4652 2224 4696 tum
2266 4655 2396 4695 vero
2437 4639 2883 4710 multiplicabitur
2919 4641 2970 4692 in
3007 4639 3164 4694 nobis
3200 4637 3441 4700 malum,
3481 4637 3704 4692 radices

2107 4733 2391 4798 emittens,
2424 4732 2636 4801 eritque
2679 4731 2833 4786 nobis
2867 4733 3198 4786 horrendum
3237 4729 3586 4800 supplicium.

2177 4823 2521 4893 QuaprOpIer
2556 4838 2653 4876 nos
2683 4831 2902 4892 oportet
2934 4821 3184 4875 assiduas
3219 4821 3285 4874 ad
3326 4818 3508 4872 Patris
3544 4817 3702 4872 boni-

2110 4926 2274 4969 tatem
2312 4914 2590 4970 elfundere
2617 4930 2828 4984 preces,
2863 4923 2921 4968 ut
2946 4915 3128 4970 veniat
3160 4912 3279 4981 ejus
3311 4912 3601 4975 auxilium,
3643 4922 3703 4965 et

2108 5007 2162 5062 in
2183 5008 2396 5063 cunctis
2414 5006 2722 5062 actionibus
2743 5006 2944 5062 nostris
2967 5005 3264 5075 opituletur
3289 5005 3467 5058 nobis.
3492 5002 3704 5070 Quippe

2115 5110 2408 5169 apparatus
2446 5099 2532 5154 hic
2563 5100 2629 5154 ad
2671 5109 2912 5154 nostram
2960 5099 3318 5169 perditionem
3354 5110 3439 5152 est
3465 5138 3480 5162 ,
3510 5109 3566 5152 et
3599 5099 3701 5152 do-

2115 5208 2235 5246 nms
2257 5191 2578 5246 confusione
2614 5191 2789 5260 plena.
2828 5191 2957 5246 Dico
2974 5175 3151 5248 alitem
3187 5191 3361 5254 vobis,
3389 5189 3540 5248 ﬁlioli
3572 5191 3697 5254 mei,

2105 5283 2248 5352 quod
2275 5283 2452 5338 omnis
2481 5285 2642 5338 homo
2666 5283 2758 5353 qui
2783 5284 2896 5338 suis
2921 5282 3222 5338 delectatur
3251 5282 3695 5351 cOgitationibus.

2106 5385 2298 5442 sponte
2327 5374 2512 5438 cadit,
2554 5389 2677 5428 cum
2713 5374 2780 5428 iis
2813 5390 2935 5444 qua:
2971 5374 3074 5428 sibi
3103 5371 3432 5440 ,inferuutur
3467 5372 3697 5438 lzetetnr,

2104 5481 2278 5544 eaque
2305 5481 2599 5537 permagna
2632 5482 2753 5522 esse
2787 5467 3045 5538 mysteria
3072 5467 3370 5532 existimet,
3411 5483 3478 5522 ac
3527 5479 3701 5521 semet

2107 5560 2280 5628 ipsum
2309 5558 2565 5628 jastiﬁcet
2609 5560 2660 5615 in
2695 5561 2762 5616 iis
2796 5559 3060 5615 duntaxat
3086 5574 3207 5631 qute
3239 5569 3537 5631 operatur;
3576 5575 3698 5615 cum
