3860 6316
138 244 294 301 1013

1139 255 1195 310 S.
1238 254 1522 314 ANTONII
1560 259 1630 313 Μ.
1672 259 1966 316 ABBATIS
2006 259 2390 318 EPISTOIJE.

3293 257 3432 314 10M

135 363 214 415 sit
251 362 632 418 habitaculum
676 363 801 418 mali
842 366 1066 435 spiritus
1104 369 1192 438 qui
1224 370 1362 426 mala
1398 373 1448 428 ei
1483 373 1737 441 consulit,
1778 377 1825 434 Δ
1852 393 1989 445 quas
2017 379 2248 433 Creator
2276 378 2342 432 de
2369 374 2673 445 privatione
2695 374 2761 429 ad
2791 388 2908 429 esse
2947 371 3230 442 pt‘oduxil;
3263 383 3433 442 θειιοε

136 463 324 522 atque
359 446 560 522 corp'us
608 455 751 512 illius
782 457 1095 527 implebitur
1125 460 1244 530 ejus
1295 466 1572 535 mysteriis
1615 467 1749 521 aboo

139 545 514 602 minabilibus
564 547 915 606 absconditis.
975 551 1077 620 Qui
1125 554 1269 609 enim
1299 557 1560 624 ejusmodi
1624 570 1744 625 est,

138 639 584 705 apprehenduut
625 641 774 696 illum
811 645 1094 712 passiones
1120 647 1449 712 daemonum,
1479 666 1602 705 cum
1645 653 1747 706 mi-

140 730 308 784 nime
339 748 370 784 a
411 746 473 786 se
502 747 596 788 eos
627 735 894 803 abegerit.
929 733 1040 790 Nos
1072 737 1255 807 itaque
1283 754 1512 794 noscere
1533 750 1750 811 oportet

143 821 363 876 diaboli
398 824 624 894 laqueos
649 824 877 896 ejusque
895 827 1240 894 calliditates,
1269 839 1324 884 et
1346 846 1440 886 eas
1473 833 1749 892 declinare

145 925 332 984 atque
362 915 585 987 fugere;
617 919 1054 988 quandoquidem
1090 931 1312 991 peccata
1345 933 1399 978 et
1437 925 1750 995 iniquitates

144 1021 280 1078 qua:
329 1017 460 1063 sunt
501 1023 534 1062 a
577 1010 948 1076 daruonibus,
996 1015 1220 1070 minime
1261 1020 1579 1087 apparentia
1627 1026 1752 1072 sunt

143 1106 250 1151 aut
281 1111 575 1168 corporea.
609 1098 726 1156 Non
762 1103 906 1157 enim
946 1115 1072 1159 sunt
1101 1107 1186 1162 isti
1220 1109 1452 1164 visibilia
1487 1125 1746 1180 corpora;

145 1201 351 1241 verum
389 1203 490 1243 nos
529 1189 635 1245 illis
671 1206 899 1262 corpora
937 1208 1124 1250 sumus
1148 1237 1164 1261 ,
1212 1198 1516 1268 animmque
1556 1210 1754 1256 nostra:

144 1277 221 1332 ab
262 1279 376 1334 illis
410 1282 761 1337 tenebrarum
795 1287 1075 1357 excipiunt
1108 1291 1466 1359 cogitationes
1505 1311 1518 1346 :
1554 1293 1754 1361 quibus

144 1372 429 1442 exceptis,
465 1373 727 1430 elﬁcimns
751 1394 846 1434 eos
880 1378 1199 1435 manilestos
1228 1381 1290 1435 in
1310 1397 1559 1452 corpore.
1625 1384 1752 1440 Sat-

146 1463 308 1533 agite
335 1464 556 1536 itaque,
581 1469 728 1524 ﬁlioli
751 1471 876 1536 mei,
912 1487 980 1527 ne
1011 1471 1189 1527 locum
1216 1473 1324 1529 illis
1359 1476 1410 1530 in
1441 1475 1595 1533 vobis
1626 1493 1758 1533 cou-

149 1553 407 1620 eedatis,
450 1571 517 1610 ne
543 1559 723 1612 veniat
753 1559 833 1614 ira
871 1559 1084 1615 Domini
1113 1576 1278 1632 super
1308 1578 1436 1630 nos,
1469 1566 1756 1633 gaudenti-

149 1646 264 1700 bus
298 1645 410 1702 illis
434 1655 487 1703 et
511 1649 882 1726 irridentibus,
912 1652 1066 1708 nobis
1091 1654 1389 1710 destitutis.
1422 1655 1598 1712 Verba
1638 1675 1754 1714 mea

1850 478 1966 523 scet
2002 470 2166 524 etiam
2200 470 2341 524 hanc
2373 476 2626 522 naturam
2671 463 3114 530 intellectualem,
3149 463 3435 517 immorta-

1850 559 1978 624 lem,
2013 559 2066 613 in
2101 562 2203 614 hoc
2237 559 2541 614 dissolubili
2574 575 2800 629 corpore
2842 559 3177 614 reconditam
3215 573 3340 612 esse
3367 559 3434 612 ad

1851 665 1978 705 suas
2025 650 2382 719 propalandas
2415 652 2760 720 operationes
2810 651 2863 704 in
2911 650 3002 704 illo
3042 665 3107 705 ac
3149 664 3245 718 per
3280 647 3432 702 illud.

1851 741 1950 808 Qui
1982 751 2160 798 autem
2195 743 2296 798 hoc
2339 745 2570 807 noverit,
2604 743 2768 797 Deum
2822 743 2996 798 solum
3032 742 3257 811 diligere
3283 749 3438 810 pote—

1853 833 1956 898 rit;
1985 833 2074 903 qui
2099 848 2230 888 vero
2250 834 2532 888 Dominum
2559 834 2752 902 diligit,
2775 849 2963 888 omnes
2992 834 3186 902 diligit.
3217 832 3439 900 Itaque,

1854 925 2005 980 ﬁlioli
2044 925 2147 979 mei
2177 925 2545 990 dilectissimi,
2585 926 2815 996 impigre
2849 934 3013 994 atque
3054 925 3429 978 indesinenter

1853 1017 2086 1071 invicem
2115 1017 2342 1086 diligite,
2371 1032 2570 1087 corpus
2601 1019 2703 1072 hoc
2731 1032 2839 1084 quo
2869 1015 3038 1070 induti
3074 1014 3226 1077 estis,
3260 1012 3424 1067 tliuri;

1854 1108 2037 1163 bulum
2067 1111 2479 1176 constituentes,
2511 1110 2563 1162 in
2594 1124 2701 1178 quo
2731 1108 2972 1163 olferetis
3004 1122 3193 1162 omnes
3227 1105 3437 1172 cogita-

1858 1201 2033 1256 tiones
2079 1209 2289 1256 vestras
2331 1217 2398 1254 ac
2443 1211 2622 1256 vestra
2669 1200 2808 1254 mala
2853 1199 3096 1260 consilia,
3140 1215 3202 1254 ea
3250 1211 3436 1252 coram

1856 1291 2084 1346 Domino
2109 1301 2432 1358 statuentes,
2467 1291 2780 1346 extollendo
2821 1293 2984 1346 corda
3017 1301 3198 1346 vestra
3241 1297 3436 1358 poten-

1859 1383 2099 1452 tiamque
2134 1383 2552 1439 intellectualem
2601 1385 2668 1440 ad
2703 1385 2875 1450 illum,
2906 1384 3218 1455 ﬂagitantes
3247 1384 3315 1440 ab
3347 1396 3438 1449 eo,

1857 1484 1918 1528 ut
1965 1475 2117 1529 vobis
2174 1475 2472 1542 elargiatur
2522 1475 2591 1530 ab
2639 1477 2748 1532 alto
2815 1491 2972 1532 suum
3022 1476 3436 1532 immaterialem

1860 1565 2038 1633 ignem
2069 1567 2137 1618 ad
2169 1565 2597 1620 comburendum
2625 1566 2888 1636 quidquid
2924 1577 3006 1621 est
3041 1567 3093 1620 in
3131 1566 3222 1621 illo
3261 1567 3436 1621 thuri-

1862 1656 2010 1722 bnlo,
2036 1658 2266 1726 expiatis
2293 1657 2448 1735 illud.
2483 1657 2549 1713 Et
2582 1659 2851 1714 timebunt
2878 1659 3232 1714 adversantes
3257 1673 3447 1715 sacer-.

153 1738 334 1798 nolite
359 1743 897 1810 negligere;etcnim
920 1745 1057 1800 bene
1083 1747 1281 1814 sciunt,
1323 1744 1562 1805 nostram
1589 1754 1754 1807 vitam
1787 1731 1836 1786 θ
1859 1751 2016 1806 dotes
2063 1750 2215 1816 Baal,
2263 1731 2583 1821 fugientque
2622 1767 2654 1806 e
2700 1763 2995 1816 conspectu
3039 1761 3239 1819 vestro,
3280 1752 3456 1809 sicuti.

153 1832 228 1886 ab
255 1832 497 1886 invicem
517 1833 801 1903 impertiri.
829 1834 962 1891 Nam
989 1839 1111 1908 quis
1137 1839 1306 1895 Deum
1332 1843 1467 1897 vidit
1495 1860 1754 1914 unquam,

156 1935 217 1975 et
251 1926 625 1992 apprehendit
653 1927 803 1981 illum
837 1944 905 1982 ne
946 1945 977 1984 a
1027 1944 1086 1986 se
1118 1932 1482 2005 elongaretur,
1523 1946 1576 1991 et
1609 1947 1664 1990 ut
1693 1954 1758 1994 eo

155 2017 476 2082 gauderet,
527 2029 581 2072 et
633 2019 939 2077 salvaretur
982 2038 1012 2076 a
1059 2027 1308 2094 corporis
1365 2027 1525 2097 hujus
1576 2031 1759 2100 gravis

156 2107 679 2164 obluctationibus?
732 2114 836 2167 Aut
901 2115 1019 2184 quis
1073 2117 1345 2174 diabolqu
1401 2124 1761 2191 corporaliter

157 2205 363 2252 contra
405 2214 464 2253 se
504 2210 736 2255 Stantem
767 2204 934 2272 vidit,
965 2216 1025 2261 ut
1057 2222 1180 2262 cum
1208 2208 1504 2281 ellugeret?
1533 2225 1760 2283 excepto

160 2290 350 2358 quod,
401 2307 525 2346 cum
579 2293 775 2350 diaboli
830 2297 938 2352 sint
985 2298 1052 2352 in.
1089 2291 1451 2369 abscondito,
1489 2320 1589 2360 nos
1643 2306 1762 2362 illos

166 2384 384 2438 nostris
440 2384 852 2443 manifestamus
907 2392 1343 2461 Operationibus;
1400 2411 1520 2451 nam
1572 2413 1763 2455 onmes

164 2471 427 2538 ejusdem
475 2484 598 2528 sunt
646 2477 964 2534 substantia:
1009 2481 1423 2550 intellectualis;
1462 2485 1575 2541 sed
1611 2502 1763 2543 rece-

168 2562 374 2620 dentes
404 2583 432 2619 a
470 2566 577 2622 Deo
601 2608 616 2632 ,
644 2568 760 2623 haec
801 2571 948 2626 varia
979 2573 1156 2627 sortiti
1189 2585 1325 2629 sunt;
1346 2579 1596 2646 nomina,
1627 2597 1764 2651 quo-

167 2669 296 2710 rum
335 2657 493 2726 plura
527 2660 592 2714 de
621 2660 687 2715 iis
713 2665 1062 2733 comprobata
1103 2677 1231 2721 sunt
1258 2666 1329 2723 ob
1360 2672 1542 2738 plures
1571 2687 1762 2727 eorum

171 2745 525 2817 iniquitates.
559 2749 626 2805 Et
669 2762 792 2807 sunt
827 2754 994 2809 Satan
1019 2796 1035 2821 ,
1062 2757 1296 2824 diaboli,
1327 2762 1509 2830 genii,
1539 2764 1766 2832 spiritus

175 2840 333 2905 mali,
394 2851 616 2913 turpes,
677 2845 901 2914 perﬁdi,
946 2848 1219 2918 principes
1271 2851 1435 2922 hujus
1489 2856 1777 2912 tenebrosi

176 2933 371 2986 mundi
402 2942 460 2988 et
495 2935 644 3004 plura
701 2936 1030 3003 huiusmodi.
1063 2941 1132 2994 A-t
1164 2942 1481 3001 caelestium-
1501 2948 1762 3003 virtutum

176 3023 406 3078 nomina
461 3034 615 3090 sunt,
663 3028 1014 3099 archangeli,
1066 3030 1287 3099 throni,
1334 3035 1762 3108 dominationes,

175 3122 507 3180 potestates,
532 3115 834 3185 cherubim,
854 3121 1122 3190 seraphim
1146 3139 1161 3189 ;
1186 3133 1240 3178 et
1261 3129 1614 3198 comprobata
1641 3143 1767 3188 sunt

174 3206 247 3258 de
278 3205 347 3260 iis
393 3206 510 3263 inec
534 3210 784 3277 nomina,
825 3214 1080 3282 quoniam
1112 3229 1398 3274 servarunt
1433 3219 1764 3276 voluntatem

178 3295 264 3349 sui
311 3294 614 3355 Creatoris.
663 3300 763 3368 Qui
817 3318 944 3357 vero
989 3303 1113 3360 odio
1162 3306 1473 3363 habuerunt
1522 3315 1768 3382 corporis

179 3387 347 3456 hujus
379 3405 489 3460 quo
526 3406 715 3448 sumus
759 3393 929 3450 induti
959 3399 1268 3464 sarcinam,
1304 3401 1451 3456 illam
1483 3419 1511 3457 a
1541 3420 1600 3458 se
1632 3407 1769 3476 abji-

169 3482 439 3547 -clentes;
474 3498 662 3538 eorum
693 3486 913 3554 quidam
944 3489 1236 3558 nuncupati
1267 3500 1394 3544 sunt
1420 3495 1767 3562 patriarchae,

180 3575 406 3645 quidam
435 3578 710 3648 prophetae
733 3587 787 3633 et
813 3594 990 3648 reges,
1019 3593 1073 3635 et
1098 3585 1428 3652 sacerdotes,
1461 3597 1516 3642 et
1537 3586 1768 3655 judices,

181 3678 238 3721 et
278 3668 534 3735 apostoli.
577 3667 706 3735 Quae
753 3672 970 3740 quidem
1016 3676 1232 3730 nomina
1263 3679 1442 3732 sortiti
1470 3690 1627 3746 sunt,
1658 3682 1772 3738 sive

182 3757 286 3811 viri
334 3757 466 3822 sint,
493 3759 608 3814 sive
648 3760 938 3827 mulieres,
975 3763 1044 3817 ob
1084 3762 1232 3818 varia
1277 3751 1466 3820 eorum
1516 3779 1665 3837 gesta
1710 3785 1775 3824 ac

183 3853 610 3921 propensionem
651 3853 704 3907 iu
734 3853 932 3908 bonum
953 3894 969 3919 ,
1000 3864 1054 3909 et
1087 3856 1239 3926 plura
1267 3858 1530 3927 ejusmodi
1557 3876 1570 3925 ;
1605 3875 1775 3931 quau-

187 3956 356 4018 qqam
389 3956 585 3997 omnes
623 3958 689 3999 ex
722 3959 830 3999 uno
860 3945 1158 4015 eodemque
1184 3949 1292 4002 sint
1326 3950 1596 4018 principio
1624 3964 1678 4006 et
1710 3969 1774 4008 es

186 4035 380 4090 eadem
431 4033 758 4092 substantia.
823 4035 1056 4107 Ideoque
1097 4041 1189 4108 qui
1237 4041 1289 4095 in
1339 4041 1563 4097 fratrem
1618 4061 1775 4100 suum

188 4136 416 4196 peccat,
467 4139 558 4182 aut
607 4128 658 4181 in
711 4129 1012 4198 proximum
1064 4146 1260 4197 suum,
1306 4135 1359 4187 in
1397 4143 1567 4189 semet
1602 4136 1777 4206 ipsum

190 4233 424 4290 peccat;
455 4231 509 4275 et
555 4222 864 4290 quicunque
913 4223 965 4276 in
1015 4225 1320 4292 proximum
1368 4241 1526 4281 suum
1559 4230 1788 4283 molitur

189 4315 396 4368 malum
420 4353 436 4378 ,
473 4315 557 4367 vel
589 4315 640 4368 iu
669 4315 931 4383 aequalem
958 4314 1058 4370 sibi
1097 4317 1148 4370 iu
1184 4333 1404 4386 genere,
1445 4320 1496 4374 id
1537 4323 1782 4388 profecto

1859 1858 1890 1897 e
1914 1855 2206 1912 conspectu
2244 1843 2374 1898 Eliie
2415 1844 2690 1912 prophetae
2708 1844 2775 1896 ⁸ο.
2802 1843 2938 1897 Tum
2980 1843 3231 1898 videbitis
3271 1845 3441 1898 homi-

1862 1949 1986 1988 nem
2027 1943 2400 2003 emergentem
2426 1950 2492 1988 ex
2528 1934 2684 2004 aquis
2712 1935 2877 1990 divini
2920 1936 3105 2000 fontis,
3135 1937 3224 2004 qui
3255 1938 3448 2006 pluere

1861 2027 2029 2083 faciet
2058 2028 2212 2083 vobis
2233 2027 2534 2098 spiritalem
2561 2028 2824 2098 pluviam,
2850 2030 2941 2098 qui
2971 2041 3056 2083 est
3079 2029 3311 2098 Spiritus
3339 2029 3445 2082 Pa-

1864 2119 2075 2174 racleti.
2120 2120 2257 2175 Cum
2297 2133 2478 2176 autem
2509 2122 2786 2176 consecuti
2833 2122 3069 2186 fueritis,
3113 2121 3261 2175 ﬁlioli
3310 2122 3450 2183 mei,

1865 2213 1979 2266 haec
2011 2215 2325 2283 praestantia
2360 2218 2519 2274 dona.
2554 2214 2722 2269 nolite
2759 2223 2950 2283 putare
2971 2229 3034 2268 ea
3064 2229 3185 2268 esse
3215 2228 3281 2267 ex
3318 2227 3445 2282 ope-

1865 2304 2014 2358 ribus
2045 2306 2260 2369 vestris,
2290 2321 2412 2360 cum
2450 2307 2634 2361 adsint
2674 2316 2728 2360 et
2759 2307 2913 2361 vobis
2946 2306 3172 2360 virtutes
3217 2314 3455 2366 sanetae...

1864 2395 2031 2448 vestri
2067 2395 2364 2465 participes
2393 2395 2447 2449 iu
2479 2395 2692 2450 cunctis
2721 2396 2918 2450 vestris
2968 2395 3294 2449 actionibus.
3333 2393 3444 2463 Ege

1867 2496 2048 2541 autem
2081 2503 2177 2542 vos
2205 2488 2455 2554 obsecro,
2486 2497 2544 2542 ut
2567 2488 2897 2542 i‘ncumbatis
2919 2497 2972 2542 et
3001 2487 3363 2557 perseveretis
3392 2487 3445 2537 in

1867 2580 2066 2648 vestris
2104 2581 2326 2650 nptimis
2355 2581 2632 2652 operibus,
2666 2590 2726 2638 ut
2749 2580 2998 2635 laetentur
3029 2579 3081 2632 iti
3124 2579 3278 2634 vobis
3320 2595 3449 2633 san-

1868 2668 1940 2723 cti
1975 2651 2168 2723 omnes
2207 2684 2272 2724 ac
2295 2651 2522 2740 Spiritus
2561 2670 2665 2722 mei
2711 2667 2964 2730 infelicis,
3001 2681 3122 2720 cum
3158 2680 3348 2719 omnes
3379 2679 3449 2718 ex

1868 2776 1978 2815 uno
2009 2760 2277 2831 principio
2306 2770 2362 2816 et
2394 2776 2459 2816 ex
2489 2776 2594 2814 una
2637 2759 2934 2829 eademque
2962 2757 3263 2814 substantia
3293 2755 3450 2810 intel-

1870 2851 2085 2908 lectuali
2125 2852 2380 2907 invisibili
2420 2851 2623 2908 conditi
2684 2851 2874 2907 simus.
2915 2850 3016 2918 Qui
3055 2851 3238 2918 itaque
3278 2857 3462 2903 semet

1873 2945 2048 3015 ipsum
2089 2943 2388 3015 cognoscit,
2433 2959 2495 2999 se
2539 2942 2900 2998 immortalem
2937 2940 3300 2996 substantiam
3329 2955 3467 2997 esse;

1873 3037 2052 3101 novit;
2101 3044 2156 3089 et
2188 3035 2331 3104 quod
2384 3034 2644 3090 Dominus
2686 3043 2874 3090 noster
2907 3033 3063 3088 Jesus
3093 3031 3344 3088 Christus
3377 3033 3449 3086 sit

1875 3143 2035 3182 verus
2066 3127 2243 3182 Patris
2273 3126 2604 3190 intellectus,
2636 3142 2667 3180 a
2698 3142 2806 3196 quo
2833 3135 2917 3180 est
2949 3140 3075 3179 vera
3107 3125 3251 3179 ratio
3283 3125 3466 3178 totius.

1875 3219 2157 3274 rationalis
2186 3229 2416 3280 naturze,
2455 3233 2574 3286 qua:
2602 3217 2670 3269 ad
2701 3215 3111 3270 similitudinem
3155 3213 3274 3283 ejus
3317 3215 3456 3266 ima-

1872 3311 2011 3380 ginis
2045 3310 2256 3364 condita
2291 3309 2410 3361 luit.
2441 3307 2575 3362 Cum
2613 3322 2741 3361 vero
2771 3306 2844 3361 sit
2872 3315 3025 3374 caput
3077 3306 3333 3372 corporis,
3362 3319 3459 3357 ca-

1873 3411 1970 3474 put
2004 3401 2274 3462 Ecclesia},
2319 3409 2377 3454 ut
2421 3399 2620 3455 asserit
2653 3396 2854 3451 Paulus
2892 3395 3167 3465 apostolus
3186 3396 3353 3461 “,et
3377 3395 3456 3448 id—

1874 3497 2021 3550 circo
2053 3508 2244 3548 onmes
2276 3491 2509 3546 invicem
2545 3505 2732 3545 sumus
2767 3489 3033 3552 membra,
3066 3497 3120 3542 et
3142 3502 3305 3541 unum
3330 3501 3457 3540 cor-

1876 3601 1976 3656 pus
1999 3583 2238 3639 Christo.
2287 3580 2400 3636 Nec
2441 3590 2606 3651 potest
2645 3589 2800 3644 caput
2843 3578 3015 3632 dicere
3039 3577 3298 3645 pedibus:
3332 3574 3461 3628 Non

1881 3678 2002 3732 estis
2037 3675 2167 3730 mihi
2208 3674 2521 3738 necessarii;
2549 3674 2640 3726 sed
2682 3688 2800 3725 cum
2838 3686 3001 3724 unum
3045 3669 3249 3737 potitur
3303 3683 3464 3722 ntem-

1879 3771 2052 3834 brum,
2091 3769 2268 3822 omnia
2320 3767 2552 3820 membra
2611 3764 3026 3832 compatiuntur,
3078 3769 3136 3812 ut
3193 3760 3335 3814 idem
3385 3760 3473 3812 ait

1879 3859 2254 3929 Apostolus“.
2288 3857 2439 3913 Unde
2470 3855 2813 3924 potissimum
2849 3867 2948 3908 nos
2974 3860 3193 3918 oportet
3215 3866 3346 3922 erga
3379 3853 3464 3904 in.

1882 3952 2056 4006 vicem
2087 3965 2308 4006 servare
2334 3948 2699 4003 dilectionem.
2726 3945 2963 4007 Etenim,
2985 3946 3072 4015 qui
3099 3944 3316 4014 fratrem
3344 3944 3473 3998 dili-

1884 4043 1957 4112 git
1993 4058 2169 4108 suum,
2201 4041 2246 4095 is
2281 4040 2448 4094 Deum
2492 4039 2703 4109 diligit;
2747 4037 2838 4107 qui
2875 4051 3004 4092 vero
3053 4036 3227 4106 diligit
3278 4035 3470 4100 Deum,

1890 4145 2061 4190 semet
2104 4134 2278 4203 ipsum
2319 4132 2515 4202 diligit,
2563 4130 3023 4200 quemadmodum
3069 4128 3199 4182 dicit
3233 4125 3474 4182 Joannes

1887 4224 2166 4295 apostolus
2184 4224 2247 4277 "'.
2281 4223 2432 4293 Rogo
2455 4237 2548 4276 vos
2580 4230 2864 4289 praeterea,
2905 4218 3057 4273 lilioli
3093 4219 3200 4272 mei
3225 4216 3470 4272 dilectis-

1885 4315 2033 4379 simi,
2074 4323 2133 4368 ut
2166 4312 2503 4382 percipiatis,
2543 4311 2685 4376 quod
2727 4317 3053 4377 potestatem
3110 4307 3162 4360 iu
3225 4315 3484 4363 nostram

190 4408 244 4462 in
280 4406 526 4460 animam
567 4422 720 4461 suam
773 4407 1012 4462 molitur.
1048 4408 1183 4462 Nam
1229 4412 1350 4478 quis
1382 4427 1617 4481 unquam
1669 4414 1778 4469 Deo
1811 4421 1857 4476 ι)
1885 4405 2213 4460 Vollﬂllalem
2273 4402 2533 4455 habentes
2571 4399 2771 4452 COlei
2817 4412 3035 4462 ευηιυεφ
3067 4411 3131 4450 ³ο
3181 4404 3484 4471 Propterea-

190 4498 400 4553 inferre
435 4499 602 4551 valuit
637 4499 878 4554 laborem
917 4509 1008 4554 aut
1035 4500 1311 4570 requiem,
1348 4513 1441 4555 aut
1477 4503 1548 4556 illi
1604 4505 1781 4558 insere

190 4591 308 4644 vire
333 4599 391 4643 ut
422 4604 545 4644 eum
569 4592 744 4654 decet,
773 4603 868 4644 aut
889 4591 1110 4646 laudare
1137 4603 1402 4660 quantum
1429 4595 1477 4648 ei
1503 4598 1780 4661 convenit,

190 4695 286 4738 aut
321 4685 594 4739 honorare
615 4695 880 4752 quantum
908 4694 1168 4750 meretur,
1199 4695 1292 4738 aut
1321 4686 1562 4742 exaltare
1602 4701 1774 4755 quau-

194 4790 309 4834 tum
342 4790 429 4832 est
476 4778 716 4847 dignus?
763 4777 918 4843 Quod
969 4777 1188 4845 quidem
1224 4777 1294 4830 ob
1341 4780 1588 4847 corporis
1625 4779 1785 4848 hujus

191 4872 523 4939 gravitatem
571 4885 679 4938 qua
728 4871 1109 4939 opprimimur,
1152 4870 1368 4928 accidit.
1419 4872 1783 4937 Quamobrem

194 4972 633 5017 consentaneum
663 4959 822 5014 nobis
843 4969 948 5024 est,
969 4960 1322 5030 hiscoguitis,
1345 4962 1588 5016 excitare
1619 4961 1785 5015 Deum

197 5053 604 5110 inhabitantem
630 5054 684 5108 in
717 5052 893 5115 nobis,
927 5055 1129 5108 nostris
1152 5054 1408 5123 operibus
1430 5064 1484 5108 et
1509 5053 1704 5120 gaudio
1735 5060 1791 5106 et

195 5147 646 5203 miserationibus
675 5161 802 5212 erga
831 5146 1064 5200 invicem
1092 5164 1106 5212 ;
1141 5155 1193 5200 et
1221 5161 1286 5200 ue
1311 5146 1483 5201 nostri
1521 5155 1792 5201 amatores

195 5241 558 5306 exsistamus,
601 5254 668 5293 ne
703 5239 830 5293 mali
867 5240 1042 5307 portio
1075 5236 1395 5293 ciliciamur.

273 5334 385 5390 Sed
420 5333 808 5402 nosmetipsos
839 5347 1197 5403 agnoscamus
1223 5347 1236 5382 :
1263 5331 1460 5400 quippe
1498 5332 1587 5398 qui
1621 5340 1794 5384 semet

197 5430 383 5500 ipsum
437 5426 705 5495 agnoscit,
744 5424 985 5495 agnoscit
1019 5438 1236 5494 quoque
1272 5436 1464 5476 omnes
1509 5430 1791 5474 creaturas

280 5642 328 5672 “
362 5638 426 5693 Ill
451 5638 586 5708 Reg.
627 5653 779 5705 xviii,
813 5635 884 5690 ‘25
911 5650 1030 5705 sqq.
1156 5630 1443 5690 “Coloss.
1473 5631 1629 5700 1,18.

200 5728 406 5776 xxxiii,
436 5715 490 5768 8.

1758 5627 1846 5683 "l
1878 5628 2004 5684 Cor.
2040 5641 2142 5690 xu,
2179 5624 2270 5689 2i,
2307 5621 2540 5695 26,127.

1891 4515 1991 4552 nos
2031 4503 2344 4565 Oppugnant
2389 4492 2614 4562 spiritus
2679 4489 2924 4558 maligni,
2985 4502 3086 4542 nos
3135 4486 3486 4542 obsidentes.

1891 4590 2275 4644 Verumtamen
2309 4584 2567 4652 percipite
2584 4582 2726 4658 quod
2759 4581 3022 4650 scriptum
3047 4579 3196 4632 estin
3215 4577 3434 4632 Psaltuo
3460 4596 3474 4630 :

1893 4681 2124 4752 Angelus
2159 4679 2374 4733 Domini
2403 4688 2579 4730 castra
2609 4684 2836 4729 metatur
2867 4675 2922 4727 in
2951 4674 3175 4727 circuitu
3198 4673 3486 4726 electorum.

1895 4773 2033 4841 ejus,
2061 4781 2109 4824 et
2142 4769 2208 4823 ab
2241 4767 2480 4823 omnibus
2515 4766 2826 4819 maeroribus
2867 4764 3052 4831 eripiet
3089 4778 3176 4816 eos
3198 4761 3266 4815 “.
3308 4759 3482 4824 Cupio

1897 4866 2061 4920 etiam
2097 4872 2154 4917 ut
2175 4861 2382 4927 sciatis,
2418 4861 2562 4929 quod
2585 4858 2651 4912 de
2680 4857 2937 4910 omnibus
2966 4855 3056 4923 qui
3087 4853 3323 4924 elongati
3358 4861 3493 4908 sunt-

1898 4974 1926 5010 a
1965 4957 2184 5019 virtute,
2208 4955 2319 5025 jam
2363 4960 2740 5006 consummata
2776 4957 2863 5001 est
2925 4948 3233 5000 daemonum
3306 4945 3484 5012 fraus,

1897 5060 1953 5106 et
2016 5049 2295 5119 Scriptura
2358 5045 2651 5114 adinipleta
2694 5049 2781 5097 est
2815 5040 2882 5095 de
2920 5038 3047 5104 illis,
3085 5039 3231 5107 quod
3275 5037 3489 5092 scilicet

1899 5144 2008 5199 sint
2069 5141 2161 5196 ﬁlii
2193 5137 2424 5202 diaboli;
2455 5133 2702 5190 diabolus
2747 5133 2891 5188 enim
2927 5145 3050 5184 cum
3097 5145 3164 5184 ex
3199 5145 3299 5184 suo
3326 5129 3491 5184 cale-

1898 5235 1966 5289 sti
1993 5234 2182 5288 ordine
2228 5230 2298 5286 ob
2330 5227 2638 5298 superbiam
2661 5225 2968 5285 cecidisset,
3003 5231 3266 5291 perpetuo
3307 5221 3490 5275 inten-

1899 5325 1981 5379 dit
2034 5339 2220 5379 casum
2281 5320 2522 5380 omnium
2596 5317 2688 5388 qui
2747 5317 2815 5370 ad
2878 5313 3167 5370 Dominum
3228 5312 3491 5367 accedere

1903 5417 2129 5486 cupiunt
2193 5415 2318 5470 totis
2382 5414 2606 5476 viribus,
2677 5411 2781 5465 hac
2811 5408 3001 5464 eadem
3064 5417 3181 5462 arte
3221 5421 3326 5476 qua
3378 5407 3492 5474 ipse

2646 5618 2734 5672 “1
2769 5617 2927 5696 Joan.
2961 5633 3034 5672 iv.
3061 5616 3152 5672 2|.
3293 5610 3496 5666 “Pent.
