3860 6384
387 275 526 329 ωιδ

1482 273 1757 331 PATRES
1788 274 2086 332 IEGYPTII
2124 276 2399 334 SECULI
2441 277 2525 334 IV.

3488 279 3637 337 1016

385 385 607 450 cecidit,
634 385 882 451 superbia
921 384 1173 439 videlicet
1209 395 1262 438 et
1289 385 1466 439 inanis
1505 386 1689 455 gloria:
1747 401 1953 442 arnore.
1985 391 2030 448 Δ
2058 389 2149 455 qui
2175 371 2368 458 egenus
2413 390 2584 457 fartus
2621 396 2697 441 est
2741 397 2956 456 propter
2996 406 3091 443 nos
3138 405 3256 442 cum
3289 389 3358 443 sit
3384 391 3540 454 dices,
3564 402 3631 446 ul

459 477 551 532 llis
584 479 765 546 itaque
804 492 900 533 nos
948 487 1257 548 oppugnant
1300 478 1583 545 daemOnes
1627 493 1725 534 nos
1764 493 1795 532 a
1843 479 1955 534 Deo

387 571 472 624 bis
507 570 735 640 aliisque
768 584 1025 638 separare
1075 578 1345 640 putantes.
1384 570 1574 625 Sciunt
1606 571 1775 633 enim,
1813 570 1955 637 quod

384 660 694 726 quicunque
741 659 914 728 diligit
971 658 1195 713 fratrem
1244 674 1423 722 suum,
1469 658 1647 726 diligit
1674 666 1729 713 et
1762 658 1952 712 Deum.

380 736 563 813 'Quare
609 747 852 817 injiciunt
896 749 948 802 in
992 750 1156 804 corda
1211 750 1506 818 nosrra(ob
1544 764 1732 804 eorum
1768 749 1954 803 stulti-

385 841 515 890 tiam
556 848 609 892 et
657 839 1021 905 inimicitiam,
1060 857 1165 909 qua
1210 842 1462 896 virtutem
1504 840 1952 910 prosequuntur.)

387 928 568 984 odium
599 943 728 998 erga
763 930 990 986 invicem
1017 950 1030 985 :
1060 932 1131 985 ita
1167 932 1408 1001 quidem,
1446 943 1504 985 ut
1534 946 1705 1001 neque
1734 932 1954 984 fratrem

385 1022 570 1077 videre
608 1024 893 1099 quisquam
939 1035 1184 1079 nostrum
1231 1024 1493 1080 sustineat
1537 1038 1715 1084 suum,
1740 1030 1836 1076 aut
1876 1022 1957 1077 di-

383 1127 507 1169 cere
532 1114 583 1169 ei
613 1114 856 1169 verbum.
898 1114 1283 1180 Quamobrem,
1319 1113 1468 1170 lilioli
1496 1113 1624 1179 mei,
1653 1121 1838 1168 notum
1864 1126 1956 1166 vo-

384 1203 468 1260 bis
514 1203 677 1270 facio,
712 1206 852 1275 quod
901 1206 1052 1260 multi
1098 1222 1223 1261 vere
1272 1220 1544 1261 summum
1580 1204 1957 1274 impenderunt

386 1298 624 1351 laborem
655 1299 709 1352 in
752 1300 991 1362 virtute;
1035 1298 1104 1353 ob
1150 1313 1304 1351 suam
1354 1310 1483 1350 vero
1537 1294 1954 1364 imprudentiam

385 1397 556 1442 semet
586 1388 727 1457 ipsos
759 1388 1167 1441 interemerunt.
1209 1387 1273 1439 Et
1298 1400 1427 1440 sane
1458 1383 1594 1447 scio,
1629 1385 1731 1437 hoc
1761 1383 1955 1437 mirum

384 1494 494 1534 non
523 1493 664 1544 esse,
693 1495 813 1532 cum
847 1493 942 1534 vos
979 1479 1229 1533 taeduerit
1262 1476 1594 1546 operationis
1640 1473 1958 1529 existiman-

387 1580 468 1624 tes
496 1571 777 1640 possidere
813 1570 865 1627 in
889 1570 1160 1626 vobismet
1198 1570 1327 1639 ipsis
1361 1569 1624 1622 virtutes:
1656 1566 1781 1619 hinc
1812 1564 1957 1619 ccci--

384 1661 542 1716 distis
567 1662 619 1715 in
653 1663 795 1715 hunc
820 1662 1141 1716 diabolicum
1172 1662 1436 1727 morbum,
1477 1660 1567 1730 qui
1597 1666 1680 1713 est
1720 1657 1955 1727 pruden-

388 1755 475 1807 tiae
500 1753 753 1822 privatio,
789 1763 1038 1822 putantes
1060 1753 1390 1823 propinquos
1416 1767 1513 1807 vos
1542 1766 1661 1806 esse
1688 1750 1797 1806 Deo
1818 1758 1871 1803 et
1899 1749 1951 1802 in

385 1841 590 1897 lumine
618 1856 741 1898 esse
773 1845 1117 1909 constitutos,
1153 1859 1274 1897 cum
1307 1860 1363 1899 re
1389 1857 1514 1898 vera
1540 1843 1591 1896 in
1620 1841 1856 1897 tenebris
1878 1842 1952 1895 si-

386 1932 475 1986 tis.
512 1931 689 1987 Filioli
741 1935 868 2001 mei,
896 1935 1047 2004 quid,
1094 1937 1345 1999 obsecro,
1389 1934 1673 1989 Dominum
1707 1942 1951 1987 nostrum

383 2022 568 2078 Jesum
600 2024 876 2080 Christum
924 2027 990 2079 ad
1048 2026 1407 2092 accingendos
1436 2025 1650 2079 lumbos
1686 2038 1815 2079 suos
1839 2023 1953 2078 sin-

385 2115 545 2182 done,
572 2126 627 2171 et
653 2119 963 2188 deponenda
992 2119 1334 2183 vestimenta,
1367 2127 1420 2171 et
1455 2132 1649 2186 aquam
1682 2117 1733 2170 in
1757 2115 1951 2185 pelvim

384 2206 731 2274 fundendum,
760 2221 812 2265 et
840 2210 1003 2279 pedes
1023 2225 1080 2265 se
1112 2210 1428 2265 inferiorum
1449 2209 1708 2264 lavandos
1733 2208 1782 2240 ”
1804 2223 1955 2265 com-

386 2301 556 2370 pulit,
590 2302 692 2358 nisi
728 2314 783 2356 ut
816 2301 1175 2357 humilitatem
1226 2318 1327 2358 nos
1386 2302 1637 2358 doceret?
1666 2300 1836 2369 Quam
1859 2315 1956 2356 no-

386 2392 470 2448 bis
494 2394 594 2448 hoc
623 2394 870 2464 exemplo
892 2395 1032 2464 quod
1058 2403 1312 2464 operatus
1340 2404 1447 2458 est,
1492 2392 1674 2447 retulit
1699 2412 1714 2448 :
1745 2402 1799 2447 et
1824 2406 1955 2446 sane

388 2500 580 2540 omnes
614 2486 707 2555 qui
736 2486 802 2538 ad
835 2486 1121 2554 pristinum
1153 2486 1395 2539 ordinem
1428 2483 1759 2555 postliminio
1788 2483 1955 2553 recipi

389 2578 632 2647 cupiunt,
667 2578 719 2632 id
751 2579 962 2647 assequi
999 2577 1217 2632 minime
1248 2577 1445 2641 valent,
1474 2576 1573 2630 nisi
1609 2575 1909 2631 humilitate
1937 2593 1952 2628 :

384 2669 585 2724 etenim
616 2668 772 2722 initio
802 2679 980 2725 motus
1005 2668 1270 2738 superbia:
1301 2667 1425 2732 fuit,
1458 2682 1577 2736 quae
1611 2665 1720 2738 (l8)
1759 2681 1789 2720 e
1816 2665 1954 2721 creto

386 2761 710 2816 deturbavit.
755 2750 869 2815 Nisi
913 2775 1042 2831 ergo
1094 2759 1283 2830 ingens
1330 2761 1383 2812 in
1424 2759 1644 2815 bornine
1687 2757 1958 2812 exstiterit

389 2853 669 2908 humilitas
696 2853 760 2907 de
790 2861 903 2906 toto
934 2853 1094 2906 corde
1124 2862 1179 2904 et
1205 2851 1271 2904 de
1300 2860 1407 2905 tota
1448 2860 1627 2906 mente
1662 2859 1719 2905 et
1749 2849 1815 2903 de
1844 2858 1955 2903 toto

389 2944 582 3013 spiritu
626 2953 680 2998 et
725 2945 789 2997 de
834 2950 942 2995 tota
978 2941 1156 2995 anima
1208 2952 1262 2995 et
1310 2942 1375 2995 de
1429 2950 1542 2994 toto
1574 2954 1822 3006 corpore,
1849 2954 1953 2992 non

390 3032 731 3087 haereditabit
760 3047 982 3101 regnum
1021 3032 1139 3096 Dei,
1175 3033 1470 3087 secundum
1504 3032 1647 3100 quod
1692 3031 1952 3100 scriptum
1982 3064 2029 3126 ϐ

391 3133 496 3177 est.
530 3123 816 3192 Equidem,
845 3123 990 3177 ﬁlioli
1027 3123 1369 3176 dileCtissimi
1400 3122 1452 3177 in
1486 3122 1734 3188 Domino,
1763 3122 1956 3189 depre-

390 3230 486 3269 cor
517 3213 829 3270 Creatorem
872 3230 1047 3269 meum
1079 3216 1130 3268 in
1164 3215 1317 3285 cujus
1345 3214 1594 3269 manibus
1629 3224 1711 3269 est
1735 3214 1959 3283 spiritus

391 3325 563 3375 meus,
598 3320 756 3364 noctu
798 3308 1018 3377 diuque,
1045 3316 1102 3359 nt
1137 3308 1405 3361 illuminet
1432 3309 1620 3362 oculos
1659 3308 1836 3361 cordis
1865 3321 1959 3361 ve-

393 3402 517 3464 stti,
555 3409 612 3454 ut
635 3399 944 3470 agnoscatis
972 3398 1204 3467 primum
1243 3413 1415 3452 meam
1441 3413 1568 3468 erga
1602 3411 1696 3452 vos
1721 3397 1957 3450 charita—

394 3505 538 3557 tem;
569 3500 678 3545 tam
717 3489 1059 3561 prospiciatis
1097 3499 1259 3558 atque
1305 3490 1651 3559 cognoscatis
1677 3488 1838 3542 eonfu
1877 3488 1956 3541 io-

391 3599 513 3636 nem
556 3592 823 3647 vestram;
872 3597 994 3636 nam
1042 3581 1133 3649 qui
1174 3596 1327 3636 suam
1369 3580 1643 3648 cognoscit
1685 3578 1960 3634 conlusio-

394 3680 540 3739 nem,
573 3675 617 3727 is
643 3674 867 3744 gloriam
898 3674 1127 3729 electam
1158 3688 1340 3727 veram
1377 3674 1572 3740 quaerit
1604 3691 1617 3726 :
1644 3673 1840 3741 quippe
1868 3670 1961 3741 qui

390 3781 540 3819 suam
561 3766 706 3819 novit
724 3764 1120 3829 mortalitatem,
1143 3766 1188 3818 is
1203 3764 1314 3832 jam
1336 3764 1478 3818 novit
1503 3763 1662 3816 vitam
1680 3772 1957 3818 aeternam.

390 3857 582 3910 Timeo
613 3871 765 3921 sane,
793 3855 944 3910 filioli
975 3855 1099 3918 mei,
1131 3869 1197 3909 ne
1220 3854 1640 3923 comprehendat
1672 3868 1767 3906 vos
1787 3852 1961 3906 chari-

391 3960 477 4000 tas
520 3955 571 4000 et
619 3956 908 4014 paupertas
943 3946 994 3997 in
1039 3944 1120 3995 via
1156 3944 1486 4013 perducente
1520 3944 1586 3996 ad
1634 3942 1828 4006 locum,
1852 3958 1960 4013 qua

391 4040 607 4107 assequi
640 4038 827 4091 valetis
855 4037 1090 4090 divitias.
1124 4035 1295 4106 Cupio
1323 4046 1501 4090 autem
1531 4036 1713 4089 videre
1749 4051 1842 4088 vos
1874 4035 1961 4089 hic

390 4131 446 4183 in
486 4142 714 4201 corpore
741 4146 756 4191 ;
786 4137 1021 4181 attamen
1054 4135 1309 4195 exspecto
1333 4126 1585 4181 saeculum
1614 4126 1741 4181 illud
1770 4129 1824 4182 in
1853 4142 1960 4196 quo

393 4221 536 4275 nulla
585 4220 726 4275 inest
766 4220 1019 4274 rnmstitia
1049 4234 1222 4289 neque
1260 4232 1462 4273 interor
1498 4234 1671 4288 neque
1704 4220 1955 4289 gemitus,

389 4315 482 4367 sed
515 4311 699 4367 laetitia
735 4320 790 4367 et
813 4312 1065 4382 gaudium
1101 4311 1350 4365 omnibus
1377 4324 1503 4364 vere
1538 4311 1666 4365 illud
1701 4311 1956 4366 merenti-

2056 478 2170 545 ejus
2202 487 2429 548 egestate
2467 479 2694 532 ditentur
2710 478 2795 542 “;
2838 479 3066 549 ejusque
3114 479 3419 533 muniamnr
3453 481 3637 535 burni—

2059 570 2235 635 litate,
2265 580 2320 625 et
2350 571 2622 637 sapientes
2650 570 2946 624 ellieiamur
2969 571 3021 625 in
3050 569 3388 627 stultioribus
3413 570 3546 637 eius,
3573 584 3621 626 et

2058 658 2202 715 illius
2233 670 2407 714 morte
2431 674 2802 729 resurgamus,
2836 667 2890 714 et
2920 659 3218 715 clamemus
3249 674 3372 714 cum
3404 661 3629 729 Aposto-

2056 750 2108 804 lo
2134 751 2375 806 dicentes
2411 768 2425 804 :
2459 750 2526 804 Et
2553 752 2601 804 si
2632 750 2991 818 cognoscimus
3019 751 3169 804 illum
3198 752 3252 804 in
3304 766 3480 817 carne,
3516 767 3628 804 rno-

2056 841 2124 895 do
2162 858 2265 895 non
2298 842 2655 910 cognoscimus
2685 840 2833 894 illum
2860 842 2937 895 sic
2956 841 3023 895 ⁸⁷.
3055 840 3264 896 Revera
3310 851 3513 908 autem,
3543 842 3628 896 di-

2058 932 2361 995 lectissimi,
2406 932 2526 986 dico
2577 932 2748 997 vobis,
2774 933 2937 988 verba
2994 935 3107 989 haec
3144 935 3365 990 subtilia
3417 936 3623 991 essein

2060 1038 2160 1079 suo
2188 1038 2375 1088 sensu,
2407 1023 2681 1092 multaque
2716 1026 2888 1079 habeo
2913 1027 2980 1081 de
3002 1026 3108 1081 illis
3142 1027 3367 1082 dicenda
3397 1044 3413 1081 :
3444 1044 3628 1083 verum

2062 1115 2165 1169 hoc
2201 1123 2413 1183 tempus
2436 1128 2542 1168 non
2581 1125 2670 1169 est
2690 1116 2995 1185 exponendi
3033 1131 3133 1180 ea;
3171 1119 3266 1172 sed
3294 1127 3354 1172 ut
3378 1106 3633 1187 incipiam

2057 1206 2238 1260 dicere
2289 1204 2441 1259 vobis
2481 1206 2708 1260 salutem
2756 1207 2808 1260 in
2867 1208 3114 1275 Domino,
3144 1208 3293 1263 ﬁlioli
3330 1211 3433 1264 mei
3465 1210 3634 1265 bene-

2058 1296 2207 1357 dicti.
2239 1307 2536 1366 notumque
2561 1297 2719 1352 vobis
2762 1298 2967 1364 facere,
2989 1301 3134 1369 quod
3165 1301 3322 1356 nobis
3345 1302 3435 1371 qui
3478 1316 3637 1357 acce-

2058 1384 2188 1439 dere
2236 1387 2481 1442 volumus
2519 1390 2583 1441 ad
2613 1389 2928 1445 Creatorem
2965 1401 3239 1457 nostrum,
3272 1407 3499 1448 necesse
3529 1394 3625 1455 sit,

2061 1486 2118 1529 ut
2149 1487 2423 1533 certemus
2454 1494 2548 1547 pro
2576 1478 2899 1534 liberatione
2917 1480 3223 1535 animarum
3254 1491 3566 1536 nostrarum
3603 1498 3633 1535 a

2059 1568 2400 1636 passionibus
2427 1570 2725 1625 secundum
2752 1571 3176 1627 intellectualem
3207 1572 3400 1643 legem.
3424 1574 3638 1643 Quippe

2058 1674 2123 1714 ex
2160 1659 2546 1729 adimpletione
2567 1662 2817 1727 (raudum
2849 1674 2906 1718 et
2930 1663 3290 1718 delectatione
3322 1666 3636 1733 passionum

1983 1730 2026 1789 Β
2057 1759 2113 1805 et
2168 1751 2559 1807 diabo’liearum
2611 1752 2970 1808 tentationum
3012 1730 3356 1808 multitudine
3392 1755 3643 1808 inﬁrma-

2057 1854 2168 1897 tum
2202 1854 2288 1898 est
2313 1844 2570 1900 sensibile
2600 1855 2866 1909 nostrum,
2895 1854 2952 1901 et
2976 1844 3244 1901 demortui
3296 1854 3426 1899 sunt
3457 1855 3640 1901 motas

2054 1936 2357 1992 animarum
2390 1946 2737 2003 nostrarum;
2768 1937 2996 2004 ideoque
3030 1951 3134 1991 non
3163 1935 3407 1992 valemus
3436 1945 3644 1992 nostra:

2056 2026 2435 2081 intellectualis
2468 2026 2788 2081 substantiae
2830 2040 3165 2095 cognoscere
3208 2026 3643 2094 magnitudinem

2054 2130 2273 2191 propter
2304 2119 2580 2189 passiones
2610 2119 2665 2171 in
2701 2131 2839 2187 quas
2882 2117 3210 2183 incidimus;
3258 2131 3434 2185 neque
3480 2118 3645 2173 nobis

2053 2213 2198 2267 salus
2227 2222 2331 2279 est,
2375 2212 2476 2268 nisi
2517 2225 2612 2281 per
2648 2210 2933 2266 Dominum
2980 2219 3220 2264 nostrum
3262 2207 3450 2264 Iesum
3482 2209 3645 2264 (21πί-

2055 2315 2221 2363 stum.
2257 2305 2529 2374 Scriptum
2562 2304 2706 2358 enim
2735 2312 2817 2359 est
2849 2303 2904 2356 in
2934 2300 3179 2372 apostolo
3202 2300 3369 2356 Paulo
3391 2301 3463 2364 “,
3492 2301 3647 2372 quod

2056 2412 2153 2465 per
2179 2396 2411 2466 primum
2447 2393 2619 2448 Adam
2660 2393 2763 2449 fuit
2806 2408 2971 2460 mors,
2996 2402 3057 2447 et
3087 2410 3186 2463 per
3207 2391 3492 2449 Christum
3530 2390 3644 2445 Fuit

2055 2490 2186 2543 vita.
2232 2486 2490 2542 Dominus
2517 2485 2684 2554 igitur
2716 2485 2854 2539 Deus
2894 2495 3078 2540 noster
3105 2483 3367 2539 Christus
3396 2492 3483 2538 est
3520 2482 3642 2537 vita

2056 2579 2293 2632 omnium
2333 2576 2675 2632 rationalium
2707 2577 2774 2629 ad
2813 2575 3226 2631 similitudinem
3277 2573 3397 2641 ejus
3436 2575 3643 2643 imagi-

2057 2669 2142 2723 nis
2157 2667 2495 2722 conditorum
2530 2682 2547 2731 ;
2583 2682 2706 2736 qute
2729 2676 2813 2720 est
2839 2681 2997 2720 verus
3021 2665 3196 2721 Patris
3228 2663 3559 2724 intellectus.
3587 2670 3645 2717 et

2060 2760 2237 2829 imago
2284 2757 2461 2812 Patris
2512 2757 2940 2813 inconvertibilis
2977 2764 3031 2809 et
3075 2756 3447 2811 immutabilis.
3495 2753 3628 2809 Hec

2058 2863 2187 2906 vero
2212 2851 2385 2920 imago
2417 2864 2684 2919 apparens
2707 2849 2976 2905 exsistens
3015 2850 3065 2901 in
3092 2848 3357 2903 creaturis
3395 2860 3634 2901 convero

2061 2941 2225 2997 tibilis
2246 2951 2330 2997 est
2360 2941 2607 3004 :,idcirco
2634 2940 2689 2995 in
2718 2953 2781 2995 ea
2811 2939 2951 2995 facta
2973 2950 3059 2994 est
3089 2952 3234 2994 more
3264 2947 3452 2992 nostra
3479 2940 3634 3008 (con-

2060 3043 2143 3087 tra
2178 3046 2304 3087 vero
2332 3039 2415 3087 est
2446 3039 2639 3086 natura
2672 3029 3099 3099 intellectualis),
3125 3038 3183 3083 et
3203 3043 3269 3083 ex
3291 3042 3356 3083 ea
3386 3029 3439 3081 in
3461 3041 3639 3082 carne

2059 3129 2173 3181 nati
2204 3139 2409 3189 smnus,
2459 3133 2515 3180 et
2558 3124 2686 3179 facti
2727 3139 2916 3180 sumus
2955 3125 3146 3179 domus
3177 3124 3333 3194 plena
3375 3123 3641 3179 certat-i-

2059 3218 2164 3273 nis.
2195 3216 2308 3286 Ego
2355 3206 2535 3271 autem
2591 3216 2855 3271 testiﬁcor
2885 3217 3037 3271 vobis
3074 3227 3129 3271 et
3156 3214 3298 3281 dico,
3329 3215 3476 3285 quod
3511 3228 3635 3268 cum

2053 3306 2165 3376 jam
2203 3307 2582 3363 amisissemus
2618 3321 2808 3362 omnes
2850 3306 3102 3372 virtutes,
3135 3306 3465 3374 vidissetque
3494 3301 3639 3358 Deus

2059 3399 2222 3456 Pater
2265 3406 2505 3455 nostram
2551 3398 2942 3463 infirmitatem,
2970 3405 3023 3452 et
3053 3397 3195 3467 quod
3235 3397 3508 3452 sustinere
3537 3395 3641 3449 mi-

2063 3491 2208 3546 nime
2230 3491 2471 3546 valemus
2501 3490 2619 3558 ejus
2653 3490 2706 3545 in
2727 3488 3399 3545 nobismanifestationem
3439 3501 3639 3541 secun-

2060 3585 2186 3638 dum
2222 3581 2489 3650 propriam
2520 3581 2748 3635 lormam
2787 3594 2954 3648 penes
2981 3593 3163 3634 veram
3193 3577 3311 3645 eius
3338 3577 3635 3639 rationem,

2062 3673 2209 3728 misit
2237 3672 2428 3727 Filium
2463 3687 2620 3726 suum
2664 3670 3023 3741 unigenitum,
3056 3670 3148 3739 qui
3191 3668 3487 3737 assumpsit
3513 3682 3639 3723 eur-

2061 3781 2183 3821 nem
2237 3775 2500 3829 nostram,
2540 3774 2591 3818 et
2627 3778 2781 3817 suam
2831 3762 3015 3816 invisit
3055 3769 3363 3815 creaturam
3397 3772 3638 3827 suosque

2061 3856 2339 3912 ministros
2382 3867 2438 3910 et
2477 3864 2696 3911 sanctos
2721 3854 2836 3909 suis
2873 3853 3049 3907 donis.
3086 3852 3295 3921 itaque,
3330 3849 3483 3905 ﬁlioli
3528 3851 3632 3903 mei

2063 3949 2197 4003 mihi
2236 3948 2598 4010 dilectissimi,
2641 3948 2872 4001 obsecro
2923 3960 3015 3999 vos
3050 3959 3144 4014 per
3171 3958 3345 3998 meum
3377 3956 3509 4013 erga
3541 3956 3638 3997 vos

2060 4038 2422 4102 dilectionem,
2462 4045 2519 4093 ut
2558 4037 2829 4091 accedatis
2852 4037 2919 4089 ad
2953 4034 3235 4090 Dominum
3264 4034 3333 4089 de
3362 4045 3475 4088 toto
3501 4048 3629 4088 cor-

2061 4133 2126 4187 de
2157 4141 2356 4194 vestro,
2380 4132 2717 4199 exploratum
2759 4129 3037 4190 habentes,
3077 4128 3219 4197 quod
3254 4128 3435 4181 omnia
3469 4140 3636 4196 Opera

2063 4234 2249 4278 nostra
2278 4236 2399 4292 quae
2434 4221 2662 4276 Domino
2707 4218 3009 4284 oﬂ‘erimus,
3056 4220 3229 4288 gratia
3269 4232 3432 4286 quam
3479 4218 3634 4272 nobis

2062 4316 2320 4383 elargitus
2348 4323 2433 4370 est
2469 4313 2757 4380 mediante,
2787 4311 2905 4378 eius
2942 4326 3040 4380 pro
3088 4309 3245 4365 nobis
3270 4309 3631 4363 bumiliationi

388 4403 523 4468 bus;
563 4418 627 4457 ac
676 4412 733 4456 ut
771 4402 1154 4458 conveniamus
1196 4401 1267 4457 ibi
1311 4416 1472 4470 quam
1502 4401 1609 4456 cito
1646 4412 1702 4457 et
1746 4402 1956 4458 videam
1989 4404 2034 4458 D
2062 4406 2475 4475 haudquaquam
2524 4404 2633 4459 sint
2685 4402 3072 4473 comparanda.
3126 4398 3292 4456 Nobis
3332 4399 3481 4454 enim
3529 4414 3633 4453 non

389 4510 503 4549 vos.
550 4495 770 4548 Demum
818 4494 987 4548 multa
1024 4492 1199 4548 adhuc
1237 4501 1445 4548 restant
1489 4493 1619 4549 mihi
1662 4495 1824 4551 verba
1873 4509 1961 4549 vo-

389 4592 471 4645 bis
495 4590 754 4646 dicenda:
792 4603 978 4643 verum
1014 4598 1223 4658 tempus
1251 4589 1391 4644 haud
1428 4598 1788 4659 opportunum
1813 4604 1959 4644 nunc

386 4691 501 4748 est;
535 4682 627 4736 sed
666 4690 876 4749 tempus
915 4690 1030 4744 est,
1063 4688 1121 4733 ut
1169 4680 1321 4735 vobis
1371 4680 1690 4734 nominatim
1729 4680 1955 4735 salutem

387 4777 586 4835 dcam,
628 4771 774 4826 tilioli
824 4771 929 4825 mei
970 4770 1327 4826 dilectissimi.
1364 4771 1443 4825 Ac
1496 4771 1727 4826 Domino
1773 4781 1960 4826 nostro

386 4861 512 4917 Jesu
537 4862 754 4917 Christo
787 4862 860 4915 sit
883 4860 1048 4931 gloria
1078 4860 1129 4913 in
1150 4860 1342 4914 sarcula
1375 4861 1719 4915 saeculorum.
1756 4865 1951 4916 Amen.

932 4994 1267 5057 EPISTOLA
1308 4993 1419 5047 VII.

394 5110 435 5163 Γ
441 5112 544 5165 iliis
578 5112 687 5166 suis
708 5111 997 5171 monachis,
1021 5111 1074 5163 in
1090 5126 1191 5179 qua
1217 5109 1323 5179 illis
1340 5110 1684 5172 demonstrat,
1724 5120 1959 5162 nostram

453 5182 676 5235 salutem
738 5198 901 5249 neque
939 5196 1030 5243 per
1083 5177 1541 5249 angelum__ne_que
1573 5195 1666 5249 per
1697 5180 1956 5232 hominem

456 5250 652 5316 factum
689 5246 823 5315 esse,
856 5251 945 5305 sed
976 5265 1070 5315 per
1125 5248 1290 5301 Deum
1325 5246 1547 5301 Verbum
1598 5247 1953 5302 incarnatum.

455 5319 682 5385 Insuper
706 5336 791 5373 eos
823 5321 1006 5372 incitat
1038 5319 1105 5370 ad
1139 5317 1512 5371 decertandum
1552 5334 1753 5373 summa
1780 5331 1954 5372 certae

453 5389 611 5447 mine,
645 5399 699 5440 ut
735 5387 953 5441 salutem
984 5396 1388 5456 consequantur.
1425 5385 1569 5440 Dixit
1606 5404 1623 5440 :

458 5497 718 5561 Equidem
750 5500 867 5552 novi
890 5493 1134 5579 gratiam,
1152 5497 1364 5555 Domini
1396 5499 1557 5550 nostri
1576 5497 1705 5553 Jestt
1730 5497 1950 5564 Christi,

456 5611 504 5641 "
526 5611 682 5672 Joan.
717 5628 836 5671 xm.
864 5612 897 5666 4
924 5629 1044 5683 sqq.
1132 5612 1178 5644 “
1209 5609 1250 5666 ll
1274 5609 1398 5666 Cor.
1437 5625 1555 5679 mi,
1586 5611 1637 5665 Ο.

453 5704 567 5776 (18)
595 5706 745 5775 Qum.
786 5705 876 5762 Vel
905 5707 1013 5776 qui.

1717 5613 1759 5642 "
1787 5611 1827 5670 ll
1861 5610 1985 5666 Cor.
2018 5628 2071 5683 ν,
2098 5616 2182 5671 16.

2061 4498 2284 4567 indiget,
2319 4511 2495 4566 neque
2519 4497 2585 4549 ad
2616 4510 2715 4549 nos
2742 4495 2890 4549 venit
2921 4503 3140 4564 propter
3169 4500 3409 4547 nostram
3454 4491 3633 4545 humi-

2059 4590 2285 4653 litatem,
2318 4602 2501 4641 verum
2524 4587 2593 4641 ob
2620 4587 2891 4657 ingentem
2921 4583 3039 4653 ejus
3060 4585 3360 4640 bonitatem
3383 4592 3441 4638 et
3465 4582 3631 4636 humi-

2059 4679 2261 4733 litatum
2293 4677 2729 4745 cbaritatemque
2768 4674 3395 4744 incomprehensibilem.
3442 4671 3626 4741 Neque

2058 4776 2169 4843 egit
2220 4772 2500 4828 nobiscum
2534 4771 2687 4838 juxta
2735 4780 2955 4841 peccata
3013 4779 3224 4833 nostra,
3270 4769 3367 4824 sed
3402 4767 3633 4838 iniunxit

2063 4864 2203 4919 luna:
2245 4874 2302 4919 et
2350 4864 2519 4921 stellis
2576 4863 2840 4918 inservire
2879 4862 3060 4917 domui
3115 4860 3241 4918 huic
3290 4860 3628 4917 tenebrarum

2069 4971 2185 5025 qua:
2213 4966 2295 5011 eat
2328 4956 2581 5020 mundus,
2605 4956 2673 5009 ad
2704 4955 2948 5023 corporis
2976 4951 3409 5008 subsistentiam.

2134 5046 2427 5101 Constituit
2462 5056 2726 5115 przeterea
2772 5049 2875 5099 alia
2914 5043 3178 5115 pertnulta
3232 5041 3445 5099 occulta
3482 5041 3632 5098 nobis

2064 5138 2435 5201 inservientia,
2476 5154 2592 5207 qua:
2626 5137 2901 5206 corporeis
2953 5136 3157 5191 nostris
3196 5134 3370 5189 oculis
3414 5133 3631 5189 minime

2059 5229 2358 5285 cernimus.
2390 5228 2500 5283 Nos
2524 5245 2652 5284 vero
2680 5229 2750 5283 ob
2781 5236 3091 5282 nostrorum
3123 5235 3476 5296 peccatorum
3502 5225 3629 5277 mul-

2061 5319 2370 5385 titudinem,
2401 5334 2591 5374 eorum
2629 5333 2755 5389 erga
2809 5332 2906 5373 nos
2947 5317 3268 5371 servitutem
3305 5314 3521 5369 irritam
3556 5312 3627 5368 ie-

2058 5413 2256 5466 cimus.
2280 5412 2352 5465 At
2392 5411 2542 5480 quid,
2582 5412 2769 5478 sodes,
2807 5409 3036 5465 Domino
3079 5416 3268 5462 nostro
3305 5404 3395 5460 die
3437 5403 3623 5475 iudicii

2058 5505 2340 5561 dicemus?
2372 5504 2505 5561 Nam
2552 5506 2679 5575 quid
2735 5506 3000 5560 bonorum
3056 5500 3342 5556 nobiscum
3403 5498 3624 5568 ipsemet

2318 5618 2402 5671 ⁸⁸1
2434 5617 2560 5675 Cor.
2597 5634 2689 5684 xv,
2713 5616 2803 5671 ‘22.
