3860 6376
151 269 296 328 1017

1162 272 1219 326 S.
1263 271 1545 328 ANTONH
1589 273 1660 328 Μ.
1703 273 1998 331 ABBATlS
2039 277 2422 334 EPISTOLJ‘J.

3298 285 3440 340 1MB

151 394 412 451 operatus
433 397 544 438 non
572 383 694 438 est?
723 382 937 438 Etenim
971 399 1071 439 nec
1106 388 1432 455 patriarcha:
1455 406 1554 460 pro
1594 391 1751 446 nobis
1769 387 1825 449 Ἀ
1857 391 2079 450 dantite.
2108 393 2242 448 Nam
2272 397 2586 464 quicunque
2607 395 2715 449 Deo
2743 391 3072 459 inservierit,
3101 396 3355 467 illumque
3378 401 3446 452 de

150 477 435 548 defatigati
459 488 610 544 sunt,
655 491 755 534 nec
789 480 1104 534 sacerdotes
1135 496 1236 536 nos
1284 483 1608 549 docuerunt,
1647 503 1746 542 nec

147 574 450 641 judices,et
475 585 634 640 reges
655 585 754 640 pro
781 571 937 625 nobis
970 573 1324 628 decertarunt
1378 593 1476 630 nec
1513 579 1745 647 apostoli

154 679 252 729 pro
289 663 447 718 nobis
483 663 928 732 persecutionem
959 665 1106 732 passi
1135 677 1285 731 sunt,
1328 668 1423 720 sed
1451 667 1624 720 Filius
1656 667 1746 721 di-

156 757 348 822 lectus,
382 753 648 818 Verbum,
681 771 781 825 pro
827 756 986 811 nobis
1043 759 1297 812 omnibus
1358 769 1604 813 nitirtuus
1641 770 1745 813 est.

157 847 532 913 Quamobrem
565 848 716 900 omni
760 848 995 917 puritate
1035 863 1134 902 nos
1171 851 1352 918 parari
1380 860 1620 919 oportet,
1652 864 1748 904 ea-

157 943 390 1010 demque
421 941 744 995 ordinantes
781 943 1054 1014 proposita
1091 953 1146 994 ct
1175 958 1368 998 sensus
1417 952 1635 999 nostros
1663 945 1749 995 in-

159 1043 240 1086 ter
271 1034 470 1086 bonum
500 1043 557 1087 et
587 1032 786 1086 malum
825 1034 1144 1097 Variabiles;
1184 1051 1309 1088 cum
1342 1050 1568 1090 necesse
1618 1049 1750 1103 quo-

159 1141 264 1193 que
294 1126 382 1186 sit,
418 1141 522 1180 nos
563 1125 840 1181 immutari
887 1137 940 1182 et
969 1142 1266 1183 occurrere
1305 1127 1532 1183 Domino
1567 1139 1753 1182 nostro

157 1215 288 1271 Jesn
319 1217 563 1278 Christo.
596 1218 687 1287 qui
724 1207 947 1272 veniens
970 1221 1036 1273 ad
1078 1235 1176 1274 nos
1204 1221 1316 1275 suis
1347 1221 1603 1274 omnibus
1632 1219 1751 1272 dis-

161 1311 603 1378 pens;ttionibus,
650 1326 756 1366 nos
799 1311 1090 1374 liberavit,
1129 1323 1186 1367 et
1219 1314 1270 1366 iu
1303 1314 1556 1367 omnibus
1598 1311 1756 1364 nobis

162 1402 506 1457 assimilatas
545 1412 631 1456 est
675 1413 871 1471 printer
924 1414 1207 1472 peccatum
1237 1405 1303 1456 δ’.
1337 1403 1490 1470 Quod
1533 1403 1753 1473 quidem

169 1494 444 1562 aliquibus
468 1493 568 1547 fuit
599 1494 652 1547 in
684 1495 1018 1558 scandalum,
1053 1497 1178 1550 aliis
1205 1511 1334 1550 vero
1366 1498 1418 1550 in
1444 1496 1753 1562 utilitatem,

162 1585 286 1640 aliis
331 1587 384 1637 in
434 1585 756 1654 sapientiam
787 1595 842 1640 et
891 1587 1285 1653 lortitudinem,
1323 1589 1448 1642 aliis
1483 1589 1537 1642 in
1573 1605 1760 1643 resur-

165 1677 464 1729 rectionem
517 1687 572 1729 et
610 1677 798 1732 vitam.
833 1679 1039 1748 itaque,
1087 1680 1234 1734 ﬁlioli
1273 1681 1401 1744 mei,
1434 1690 1619 1734 notum
1657 1682 1758 1736 hoc

1860 491 1976 537 toto
2006 486 2170 538 corde
2192 485 2491 553 quaesierit,
2521 485 2571 537 id
2613 499 2746 538 sane
2771 485 2900 538 facit
2925 501 3020 538 sua
3057 490 3289 540 naturali
3316 489 3444 542 sub-

1858 578 2080 630 stantia.
2126 576 2184 631 Si
2224 590 2404 631 antem
2440 579 2837 647 perpetraverit
2885 589 3165 646 peccatum
3202 579 3443 647 aliquod,

1862 669 2290 736 reprehensione
2325 685 2554 740 poenave
2575 671 2772 739 dignus
2802 673 2926 734 erit,
2964 689 3085 726 cum
3122 673 3175 727 id
3204 673 3444 726 alienum

1858 762 1930 814 sit
1963 776 1992 814 a
2023 763 2251 815 naturali
2295 765 2619 818 substantia.
2657 761 2846 833 Itaque
2890 766 2991 818 hoc
3036 767 3368 832 c0gnoscite,
3393 776 3449 819 et

1859 854 2054 908 Scitote
2083 870 2168 907 tne
2210 855 2341 908 nihil
2386 855 2562 909 celare
2595 871 2714 918 vos,
2749 865 2842 909 aut
2877 857 3171 926 quidquam
3217 858 3450 910 abscon-

1859 946 1989 999 dere
2017 961 2045 999 a
2075 946 2229 1000 vobis
2265 947 2407 1015 quod
2434 946 2499 1001 ad
2535 958 2770 1002 vestram
2805 960 3014 1017 spectet
3042 949 3298 1002 salutem.
3331 949 3446 1002 No-

1863 1047 1974 1090 tqu
2020 1048 2280 1106 praeterea
2327 1041 2481 1094 vobis
2524 1041 2683 1104 facio,
2715 1055 2913 1108 corpus
2942 1051 3205 1110 perpetuo
3236 1041 3450 1110 Spiritui

1862 1130 2159 1193 adversari,
2198 1141 2255 1182 ut
2304 1133 2379 1185 ait
2426 1129 2628 1187 Paulus
2683 1133 2961 1201 apostolus
2987 1133 3055 1187 ⁵³.
3088 1134 3452 1198 Quamobrem

1862 1220 1950 1288 qui
1995 1219 2362 1287 religiositatis
2395 1221 2560 1274 vitam
2591 1222 2643 1274 in
2676 1221 2803 1277 Jesn
2849 1223 3068 1277 Christo
3116 1223 3268 1292 sequi
3303 1225 3457 1291 capi-

1864 1310 1953 1370 tis,
1987 1323 2084 1362 vos
2122 1319 2339 1377 oportet
2373 1308 2536 1378 longe
2585 1312 2857 1379 expellere
2898 1313 3212 1381 corporales
3254 1328 3458 1366 concu-

1865 1401 2160 1468 piscentias
2205 1403 2458 1470 precibus
2496 1402 2562 1456 ad
2619 1405 2905 1458 Dominum
2963 1414 3210 1458 nostrum
3267 1403 3454 1459 Jesum

1865 1491 2138 1545 Christum
2181 1493 2335 1558 lusis,
2365 1493 2457 1560 qui
2501 1510 2596 1546 sua
2641 1494 3014 1548 misericordia
3043 1506 3096 1549 et
3123 1496 3458 1564 benignitate

1865 1585 2138 1637 amovebit
2176 1601 2204 1636 a
2243 1585 2392 1638 vobis
2433 1596 2654 1639 cunctas
2713 1601 2986 1640 aerumnas
3020 1603 3083 1640 ac
3128 1585 3457 1640 lentationcs

1868 1690 1989 1743 qua:
2033 1692 2060 1728 a
2109 1691 2344 1745 corpore
2382 1687 2703 1746 emergunt;
2737 1679 2926 1745 quales
2949 1679 3092 1748 passi
3123 1689 3248 1733 sunt
3275 1689 3459 1747 patres

165 1770 319 1823 vobis
354 1769 454 1829 sit,
495 1769 645 1836 quod
693 1783 888 1838 nempe
921 1771 1130 1823 Domini
1178 1772 1348 1825 nostri
1385 1773 1650 1824 adventus
1679 1772 1758 1824 fa.
1792 1753 1836 1812 Β
1874 1768 2045 1821 nostri
2084 1767 2338 1836 apostoli,
2389 1769 2480 1835 qui
2533 1784 2629 1824 sua
2677 1770 2951 1824 mediante
2995 1771 3261 1838 patientia
3288 1771 3460 1825 hostis

168 1871 288 1912 ctus
312 1860 384 1913 sit
420 1859 528 1914 illis
556 1860 610 1912 in
633 1859 923 1928 judicium,
952 1870 1006 1914 et
1032 1863 1083 1913 in
1116 1863 1286 1914 vitam
1317 1861 1459 1915 istis.
1488 1863 1556 1914 At
1584 1865 1651 1915 de
1677 1863 1758 1916 bis

166 1952 292 2004 dicit
321 1949 596 2006 Jcremias
628 1951 891 2020 propheta
919 1967 932 2003 :
970 1949 1186 2004 Veniant
1237 1952 1372 2015 dies,
1406 1952 1536 2005 dicit
1572 1952 1753 2006 Dami-

163 2059 282 2107 ηιμ,
315 2051 364 2094 et
397 2043 718 2095 constituam
741 2041 902 2110 legem
940 2044 1180 2095 meamin
1211 2044 1507 2108 pectoribus
1533 2059 1733 2106 eorum,

161 2142 210 2185 et
239 2132 468 2185 scribunt
487 2131 639 2184 illam
661 2132 717 2183 in
741 2131 986 2184 cordibus
1015 2148 1234 2195 eorum;
1256 2143 1303 2185 et
1335 2148 1424 2184 ero
1455 2133 1562 2186 illis
1582 2131 1740 2194 Deus,

162 2234 207 2277 et
242 2235 396 2276 erant
431 2222 562 2275 mihi
606 2221 867 2290 populus;
917 2231 967 2276 et
1005 2232 1115 2275 tum
1157 2238 1308 2275 nemo
1342 2223 1545 2276 docebit
1592 2225 1757 2277 cit-ein

165 2331 340 2377 suum,
373 2330 539 2384 neque
571 2313 791 2382 fratrem
820 2330 997 2371 suum.
1027 2316 1205 2368 dicens
1234 2330 1253 2367 :
1283 2313 1550 2383 Cognosce
1576 2313 1758 2366 Domi-

167 2423 328 2472 num;
359 2407 551 2460 etenim
587 2422 764 2460 comes
812 2422 891 2460 me
917 2415 1227 2475 cognoscent
1255 2424 1286 2458 a
1318 2406 1510 2458 minori
1543 2407 1611 2458 ad
1642 2423 1757 2458 ma-

162 2499 356 2568 jorem,
402 2507 452 2551 et
498 2514 667 2552 emam
711 2513 804 2551 eos
835 2513 869 2551 a
899 2498 1126 2565 peccatis
1176 2513 1380 2562 eorum,
1411 2513 1502 2550 nec
1531 2498 1758 2565 amplius

169 2603 400 2645 revertar
452 2589 725 2643 recordari
789 2587 1014 2642 illorunr
1055 2599 1389 2658 peccatorum
1412 2590 1480 2642 ⁸ο.
1524 2589 1600 2643 De
1653 2589 1760 2643 illis

170 2699 294 2736 veto
339 2682 637 2749 Apostolus
693 2682 820 2737 dicit
849 2696 864 2734 :
892 2680 963 2735 Ut
1027 2699 1177 2736 omne
1230 2697 1288 2736 os
1338 2681 1672 2745 obstruetur,
1707 2693 1758 2736 et

168 2777 430 2828 subdatur
465 2775 634 2828 omnis
677 2775 902 2828 mundus
954 2774 1059 2827 Deo
1079 2774 1148 2828 δι.
1185 2774 1395 2843 Quippe
1441 2775 1536 2842 qui
1587 2775 1755 2830 Deum

171 2875 584 2937 cognoverunt,
633 2879 734 2919 nec
777 2863 926 2918 illum
975 2872 1033 2916 ut
1076 2863 1242 2919 Deum
1292 2864 1660 2918 laudaveruut
1687 2867 1759 2919 ob

171 2975 324 3013 suam
370 2957 740 3026 insipientiam
767 2971 888 3026 quae
913 2956 1240 3025 sapientiam
1268 2956 1362 3009 Dei
1387 2957 1642 3026 excipere
1673 2972 1763 3012 ne-

173 3053 310 3118 quit,
341 3051 426 3104 ira
461 3064 627 3116 super
656 3048 779 3103 illos
807 3048 1122 3103 descendet.
1155 3046 1302 3114 Jam,
1331 3047 1486 3102 ﬁlioli
1515 3049 1643 3115 tnei,
1687 3049 1768 3102 vi-

173 3147 270 3200 deo
308 3142 457 3210 quod
504 3142 881 3211 unusquisque
917 3153 1166 3196 nostrum
1213 3155 1336 3196 sese
1371 3141 1530 3196 malis
1571 3152 1766 3211 sponte

171 3237 461 3290 tradiderit
489 3252 504 3288 :
531 3250 652 3304 qure
680 3235 900 3304 quidem
924 3235 977 3288 in
1006 3235 1162 3290 nobis
1193 3245 1566 3289 consummata
1599 3244 1764 3301 sunt;

171 3329 239 3384 ob
269 3339 517 3383 nostram
559 3326 926 3397 insipientiam
954 3328 1111 3382 nobis
1137 3328 1413 3382 dominata
1438 3337 1586 3380 sunt.

243 3422 614 3490 Quamobrem
658 3421 888 3476 formam
940 3422 1086 3476 servi
1123 3432 1308 3475 noster
1340 3421 1630 3489 assumpsit
1668 3419 1770 3472 Do-

174 3516 376 3578 minus,
415 3521 477 3566 ut
511 3527 611 3580 per
647 3527 768 3566 eam
833 3527 930 3566 nos
988 3513 1249 3574 salvaret,
1303 3526 1495 3564 omnes
1543 3509 1770 3578 impletis

177 3623 302 3662 suas
333 3606 775 3675 dispensationes
805 3619 974 3672 usque
997 3605 1061 3657 ad
1090 3612 1317 3657 mortem
1347 3603 1546 3667 crucis,
1573 3611 1628 3654 ut
1653 3600 1772 3670 ejus

179 3711 355 3755 morte
392 3708 560 3766 atque
590 3696 991 3750 resurrectione
1023 3696 1095 3750 sit
1119 3696 1276 3749 nobis
1322 3696 1770 3764 praestantissima

179 3793 535 3854 resurrectio,
563 3798 852 3857 cessetque
890 3803 920 3842 a
963 3789 1122 3842 nobis
1160 3790 1354 3843 mortis
1382 3799 1626 3856 potestas
1652 3787 1774 3854 quae

177 3899 260 3940 est
302 3895 548 3955 potestas
591 3883 820 3946 diaboli,
849 3892 906 3936 ut
939 3891 1152 3935 nosmet
1189 3881 1336 3948 ipsos
1369 3880 1773 3943 absuahentes,

177 3978 719 4050 t-jusqueaimitantes
756 3974 1138 4039 humilitatem,
1175 3988 1305 4028 vere
1335 3973 1505 4028 simus
1533 3975 1582 4027 ei
1611 3974 1775 4028 disci-

180 4074 311 4142 puli.
342 4069 522 4125 Filioli
572 4069 680 4122 mei
715 4067 1056 4122 dilectissimi
1093 4066 1146 4119 in
1187 4067 1436 4132 Domino,
1464 4069 1586 4122 dico
1612 4068 1766 4122 vobis

183 4177 528 4232 tne-corpore
570 4172 734 4230 atque
777 4161 970 4229 spiritu
1013 4159 1167 4213 valde
1208 4174 1329 4214 €536
1368 4162 1774 4228 perturbatum,

179 4278 242 4313 eo
285 4257 436 4328 quod
487 4264 804 4309 sanctorum
854 4252 1150 4320 nuncupati
1218 4254 1389 4306 simus
1444 4253 1773 4316 nominibus,

179 4364 488 4420 eorumque
527 4348 701 4402 induti
740 4345 924 4399 habitu
959 4360 1065 4413 quo
1091 4359 1275 4400 coram
1324 4345 1632 4402 inﬁdelibus
1660 4345 1776 4414 glo-

1862 1868 2206 1927 potestatem,
2228 1858 2864 1926 idololatriamvidelicet
2885 1861 3222 1914 debellarnnt
3247 1880 3258 1914 :
3289 1874 3462 1930 quare

1864 1950 2126 2017 elargitus
2157 1958 2241 2003 est
2266 1951 2347 2003 eis
2380 1948 2641 2004 Dominus
2667 1951 3093 2005 consolationem
3118 1962 3170 2005 et
3203 1953 3460 2006 virtutem

1864 2043 2052 2095 dicens
2077 2041 2182 2096 illis
2217 2060 2229 2094 :
2265 2040 2383 2094 Erit
2403 2042 2545 2095 vobis
2580 2058 2828 2109 pressura
2855 2045 2908 2096 in
2941 2045 3175 2105 mundo;
3205 2046 3295 2097 sed
3332 2062 3458 2098 cor:-

1864 2132 2012 2198 ﬁdite
2049 2148 2067 2185 :
2094 2149 2186 2202 ego
2211 2135 2348 2185 enim
2381 2135 2477 2187 vici
2505 2134 2757 2185 mundum
2779 2133 2844 2186 “.
2877 2133 3024 2188 Dixit
3051 2135 3154 2188 illis
3205 2149 3457 2203 quoque:

1865 2220 1924 2275 Si
1953 2222 2232 2288 prapltetas
2273 2225 2529 2289 persecuti
2559 2233 2702 2288 sunt,
2745 2234 2791 2276 et
2827 2239 2907 2276 me
2931 2235 3050 2276 sunt
3102 2225 3381 2292 persecuti,
3410 2239 3460 2280 et
3535 2221 3547 2230 ’

1867 2329 1953 2366 vos
1995 2324 2371 2382 persequentur
2394 2328 2412 2363 :
2440 2325 2486 2366 et
2516 2315 2562 2366 si
2598 2316 2718 2367 odio
2751 2331 2830 2367 me
2862 2315 3177 2378 habuerunt,
3214 2331 3301 2368 vos
3331 2330 3462 2385 quo-

1862 2421 1960 2474 que
1987 2405 2108 2457 odio
2144 2405 2436 2464 habebunt:
2465 2405 2556 2457 sed
2590 2403 2854 2472 conﬁdite,
2885 2415 2930 2458 et
2964 2407 3144 2457 scitote
3173 2403 3314 2473 quod
3367 2421 3458 2457 ve-

1862 2509 1976 2550 stra
2001 2497 2251 2562 patientia
2285 2495 2490 2549 solvetis
2523 2498 2759 2550 virtutem
2795 2497 2956 2550 hostis
2977 2497 3044 2549 ⁸⁸.
3081 2497 3189 2566 Ego
3223 2511 3459 2565 quoque,

1864 2589 2013 2642 lilioli
2049 2588 2150 2640 mei
2169 2588 2458 2650 benedicti,
2490 2589 2646 2655 cupio
2673 2599 2730 2641 ut
2757 2588 2942 2642 sciatis
2965 2590 3104 2643 hunc
3125 2603 3462 2654 sermonem,

1869 2697 1969 2734 nee
2017 2696 2122 2732 non
2157 2694 2280 2747 qua:
2327 2680 2463 2732 dixit
2509 2679 2707 2734 l’aulus
2741 2681 3039 2748 apostolus,
3066 2682 3207 2750 quod
3254 2681 3466 2734 scilicet

1868 2774 2144 2840 passiones
2179 2772 2338 2840 hujus
2373 2773 2550 2825 saeculi
2598 2788 2703 2825 non
2739 2773 2846 2826 sint
2879 2774 3254 2843 comparanda:
3281 2772 3466 2842 gloria:

1869 2867 1920 2918 iu
1957 2866 2111 2918 nobis
2159 2864 2652 2920 manilestaudze“.
2688 2866 2750 2920 Et
2795 2877 2977 2920 nottnn
3018 2868 3171 2922 vobis
3199 2865 3288 2930 sit,
3322 2867 3466 2934 quod

1869 2970 2087 3030 propter
2115 2975 2290 3012 meam
2323 2974 2450 3028 erga
2487 2974 2581 3014 vos
2602 2959 2926 3014 charitatem
2953 2959 3164 3013 modica
3202 2960 3316 3013 haec
3349 2974 3467 3032 ver-

1870 3056 1934 3107 ba
1965 3053 2269 3122 spiritualia
2299 3069 2394 3108 vos
2422 3069 2541 3108 sum
2570 3053 2856 3117 allocutus,
2884 3062 2942 3107 ut
2963 3068 3118 3122 aequo
3141 3053 3260 3106 sitis
3283 3051 3472 3107 corde.

1871 3148 1998 3201 Mihi
2053 3148 2251 3216 quippe
2288 3155 2506 3200 constat
2552 3145 2896 3215 evigilantem
2951 3143 3284 3198 intellectum
3342 3161 3466 3196 cor-

1869 3239 2037 3308 porali
2103 3241 2388 3292 verborum
2459 3237 2852 3304 multiplicitate
2919 3234 3162 3305 indigere
3221 3233 3466 3287 minime.

1869 3331 2129 3398 Equidem
2156 3330 2364 3399 gattdeo
2402 3331 2452 3382 in
2491 3329 2721 3382 Domino
2757 3337 2977 3398 propter
3003 3343 3118 3389 vos,
3150 3326 3300 3379 lilioli
3334 3325 3468 3379 dile-

1873 3424 2119 3485 ctissimi,
2183 3423 2355 3475 sancti
2407 3421 2459 3474 in
2509 3431 2685 3474 vestra
2740 3420 3083 3474 intellectuali
3129 3418 3467 3483 substantia;

1871 3526 1924 3569 et
1951 3517 2130 3585 cupio,
2168 3526 2227 3569 ut
2273 3514 2456 3569 sciatis
2512 3530 2818 3568 mensuram
2861 3515 3125 3568 donorum
3157 3530 3276 3583 qua:
3314 3511 3470 3566 nobis

1873 3612 2006 3662 liunt
2049 3624 2077 3660 a
2113 3607 2337 3662 Domino
2389 3607 2453 3659 ad
2508 3618 2746 3661 nostram
2799 3606 3273 3660 conservationem
3309 3604 3470 3658 etin-

1875 3712 2233 3762 crementum,
2283 3705 2333 3752 et
2377 3709 2434 3751 ut
2502 3697 2904 3765 amplcctamini
2969 3713 3132 3760 opeia
3201 3694 3469 3749 naturalia

1876 3791 2273 3854 subswntialia,
2303 3806 2407 3844 non
2437 3802 2614 3843 autem
2637 3806 2754 3859 qua:
2777 3789 3150 3843 substantialia
3183 3803 3289 3842 non
3325 3798 3472 3843 sunt.

1948 3887 2060 3942 Nec
2097 3903 2202 3942 non
2243 3903 2343 3956 ego
2376 3885 2562 3940 infelix
2598 3887 2816 3955 planum
2848 3900 3063 3954 quoque
3107 3885 3264 3939 vobis
3299 3883 3472 3949 facio,

1877 3982 2337 4052 tpietnadmodum
2399 3979 2661 4033 Dominus
2701 3995 2852 4033 meus
2877 3994 2973 4032 sua
3002 3979 3177 4048 gratia
3209 3979 3476 4032 excitavit

1878 4078 2212 4134 intellectum
2246 4091 2425 4129 meum
2452 4091 2480 4127 a
2517 4075 2901 4128 dor’mitatione
2952 4072 3163 4136 mortis,
3199 4083 3252 4126 et
3281 4072 3476 4141 ingens

1871 4169 1982 4238 jam
2016 4168 2244 4236 contigit
2275 4167 2405 4219 mihi
2461 4165 2704 4234 ploratus
2739 4176 2903 4232 atque
2941 4161 3174 4230 gemitus
3223 4169 3337 4213 toto
3388 4159 3476 4211 in-

1881 4260 2106 4314 tervallo
2139 4260 2336 4313 tnodici
2375 4259 2635 4328 temporis
2665 4256 2847 4323 hujus,
2883 4255 3025 4323 quod
3069 4253 3200 4306 mihi
3241 4254 3291 4304 in
3334 4263 3474 4303 terra

1885 4363 2158 4421 superest.
2193 4351 2406 4404 Etenim
2436 4365 2646 4403 mecum
2682 4349 2881 4417 cogito,
2921 4346 3050 4414 quid
3088 4343 3337 4398 dabimus
3371 4339 3479 4394 Do-

178 4448 412 4507 riamur,
445 4440 708 4511 operandi
757 4455 886 4493 vero
932 4438 1186 4492 virtutem
1236 4439 1456 4490 minime
1488 4438 1773 4491 habemus.
1810 4465 1854 4519 υ
1885 4447 2032 4498 mino
2085 4459 2178 4512 pro
2222 4443 2289 4496 iis
2339 4458 2459 4510 qua»
2502 4442 2659 4494 nubis
2712 4439 3038 4495 fecit?,t;um
3081 4434 3302 4505 angelos
3349 4446 3478 4486 suos

185 4539 395 4592 Vereor
425 4534 670 4603 quidem,
703 4532 1088 4599 ne'impleatur
1119 4530 1186 4584 de
1219 4530 1376 4584 nobis
1415 4529 1657 4598 Apostoli
1692 4529 1776 4582 tli-

183 4642 332 4684 ctum
362 4644 380 4679 :
410 4625 678 4681 Habentes
720 4625 946 4692 formam
977 4622 1355 4689 religiositatis,
1384 4623 1536 4689 cujus
1567 4621 1776 4684 inlicia-

181 4741 302 4777 mur
337 4722 586 4776 virtutem
607 4720 674 4772 ⁸³.
710 4717 822 4786 Ego
845 4724 1025 4769 autem
1057 4716 1127 4768 ob
1157 4730 1330 4767 meam
1355 4729 1484 4782 erga
1518 4728 1615 4766 vos
1647 4713 1778 4766 cha-
1827 4750 1832 4753 μ

182 4819 428 4877 ritatem,
459 4826 734 4880 nunquam
771 4808 937 4861 Demn
973 4822 1072 4875 pro
1099 4807 1248 4860 vobis
1275 4806 1556 4874 deprecari
1585 4819 1773 4867 cesso,

182 4923 242 4963 ut
290 4905 612 4976 percipiatis
657 4911 892 4956 vestram
929 4901 982 4953 in
1029 4899 1184 4953 vobis
1219 4900 1460 4952 abditam
1493 4899 1688 4960 vitam,
1722 4906 1780 4953 et

182 5019 282 5072 per
317 5016 442 5056 eam
465 4996 767 5067 uperemiui
799 4996 851 5049 id
877 5009 986 5064 quo
1017 4993 1162 5062 digni
1200 4991 1508 5045 eliiciamini
1539 4991 1780 5045 invisibi-

179 5099 290 5151 lem
328 5090 594 5157 consequi
628 5087 1022 5142 litereditatem.
1061 5084 1390 5153 Sciatisque,
1415 5084 1778 5146 dilectissimi,

178 5189 329 5258 quod
382 5194 568 5238 nostra
622 5181 904 5234 absolvere
949 5192 1116 5246 opera
1170 5177 1370 5229 nostris
1424 5191 1521 5243 pro
1576 5176 1782 5230 viribus

179 5277 492 5336 secundum
537 5273 654 5341 ejus
703 5271 1063 5335 voluntatem,
1099 5270 1149 5323 id
1180 5283 1303 5322 esse
1328 5270 1469 5335 quod
1497 5267 1777 5334 debemus,

179 5389 308 5426 cum
344 5379 550 5422 nostra:
580 5365 900 5422 substantia:
925 5363 975 5416 id
1003 5361 1251 5415 naturale
1278 5360 1384 5422 sit;
1421 5375 1484 5412 ac
1515 5369 1778 5426 praeterea

183 5464 414 5521 virtutis
465 5469 668 5514 nostra:
712 5458 854 5513 haud
911 5455 1260 5510 tribuendum
1307 5463 1394 5507 est
1448 5454 1786 5521 superabun-

831 5665 878 5697 ⁸ο
908 5663 1108 5720 Jerem.
1143 5680 1292 5723 xm.
1321 5664 1442 5717 5L5
1458 5663 1501 5718 l.
1579 5663 1617 5695 "
1655 5661 1789 5716 Rom

831 5752 944 5789 )an.
989 5751 1076 5789 xv.
1105 5735 1192 5789 ‘20.
1272 5736 1314 5766 "
1343 5735 1501 5789 Rom.
1538 5748 1652 5789 vni.
1689 5733 1772 5787 l8.

261 5675 306 5704 '9
333 5671 500 5726 llebr.
539 5685 614 5731 tv,
647 5667 732 5721 15.

182 5748 234 5783 ’δ
265 5743 427 5802 Joau.
460 5757 517 5808 ς,
549 5740 638 5794 52.
717 5738 762 5771 "
787 5737 944 5792 Joau.
989 5751 1076 5802 xv,
1105 5735 1192 5789 9.0.

1885 4537 2042 4590 nobis
2081 4535 2288 4588 servire
2328 4533 2540 4594 iecerit,
2571 4541 2627 4584 et
2659 4531 2957 4599 prephelas
2990 4544 3118 4581 suos
3167 4525 3321 4578 nobis
3354 4539 3473 4593 pro-

1886 4628 2129 4695 phetare,
2158 4637 2211 4678 et
2235 4624 2513 4692 apostolos
2547 4637 2675 4677 suos
2709 4623 2863 4676 nobis
2903 4617 3480 4690 evangelizarezquod

1886 4735 2014 4774 vero
2061 4719 2142 4772 his
2190 4719 2442 4772 omnibus
2489 4715 2664 4785 majus
2701 4725 2819 4778 cst,
2869 4715 3012 4767 misit
3073 4711 3268 4765 Filium
3321 4725 3490 4766 suum.

1887 4813 2222 4880 unigenitum
2254 4811 2318 4864 ad
2348 4821 2590 4864 nostram
2618 4809 2870 4863 salutem.
2900 4808 3080 4872 Quare
3112 4818 3205 4858 vos
3229 4801 3492 4868 obsecro,

1887 4917 1944 4959 ut
1968 4907 2133 4960 corda
2171 4916 2351 4958 vestra
2379 4905 2631 4959 excitetis
2670 4904 2721 4956 in
2761 4903 2955 4956 timore
2983 4898 3222 4958 Domini,
3254 4908 3307 4950 et
3342 4893 3486 4948 scias

1885 5000 1974 5061 tis,
2016 4999 2157 5066 quod
2203 4997 2441 5052 Joannes
2483 5009 2790 5066 prtecursor
2829 5007 2966 5062 aqua
3021 4989 3384 5060 haptizaverit
3413 4986 3487 5039 ad

1885 5090 2257 5158 pinnitentiam
2291 5089 2342 5143 in
2376 5087 2827 5158 pra‘parationctn
2859 5084 2926 5137 ad
2960 5083 3226 5150 baptisma
3267 5077 3482 5133 Domini

1889 5182 2062 5235 nostri
2099 5180 2228 5236 Jesu
2260 5181 2488 5246 Christi,
2523 5179 2614 5248 qui
2639 5177 2938 5247 baptizavit
2970 5172 3175 5243 Spiritu
3209 5182 3398 5226 sancto
3427 5177 3483 5223 et
3537 5242 3550 5254 '

1891 5273 2021 5344 igni,
2061 5276 2151 5344 qui
2203 5281 2286 5328 est
2323 5273 2462 5343 ignis
2507 5275 2769 5326 bonorum
2813 5284 3062 5338 operum.
3108 5266 3485 5332 Pra'paremnr

1895 5368 2057 5437 igitur
2112 5370 2177 5420 ad
2230 5367 2632 5421 emundandutn
2691 5361 3081 5429 nosmetipsos
3141 5373 3373 5428 corpore
3428 5365 3482 5408 ct

1895 5459 2089 5526 spiritu
2143 5461 2208 5513 ad
2264 5457 2674 5526 suscipiendum
2714 5455 2984 5526 baptisma
3039 5451 3250 5507 Domini
3309 5447 3481 5504 nostri

1800 5707 1813 5722 .
1845 5680 1926 5728 ιιι,
1955 5661 2039 5716 l9.
2121 5660 2164 5690 ⁸³
2197 5658 2354 5712 Rom.
2391 5673 2450 5724 tt,
2484 5654 2588 5722 ‘20;
2617 5653 2725 5711 Tit.
2760 5669 2796 5720 ι,
2836 5653 2919 5708 16.
3027 5651 3072 5682 ⁸³
3097 5650 3271 5708 Galat.
3302 5664 3354 5716 ν,
3389 5643 3484 5717 με
