  <div class='ocr_page' id='page_1' title='image "/cluster/home/n/w/nwhite01/storage/ocr_20150623/40/hvd.32044019207786/539.png"; bbox 0 0 3860 6320; ppageno 0'>
   <div class='ocr_carea' id='block_1_1' title="bbox 377 245 517 302">
    <p class='ocr_par' dir='ltr' id='par_1_1' title="bbox 377 245 517 302">
     <span class='ocr_line' id='line_1_1' title="bbox 377 245 517 302; baseline -0.007 0"><span class='ocrx_word' id='word_1_1' title='bbox 377 245 517 302; x_wconf 69' lang='grc'><strong>1019</strong></span> 
     </span>
    </p>
   </div>
   <div class='ocr_carea' id='block_1_2' title="bbox 1484 216 2542 280">
    <p class='ocr_par' dir='ltr' id='par_1_2' title="bbox 1484 216 2542 280">
     <span class='ocr_line' id='line_1_2' title="bbox 1484 216 2542 280; baseline -0.008 0"><span class='ocrx_word' id='word_1_2' title='bbox 1484 224 1757 280; x_wconf 76' lang='lat' dir='ltr'><strong>PATRES</strong></span> <span class='ocrx_word' id='word_1_3' title='bbox 1794 219 2096 280; x_wconf 72' lang='grc' dir='ltr'><strong>ᾹΞϐἶΡΤΙΙ</strong></span> <span class='ocrx_word' id='word_1_4' title='bbox 2135 216 2413 279; x_wconf 70' lang='grc' dir='ltr'><strong>ΞᾸΞΟιῖιι</strong></span> <span class='ocrx_word' id='word_1_5' title='bbox 2453 218 2542 274; x_wconf 66' lang='grc' dir='ltr'><strong>Ν.</strong></span> 
     </span>
    </p>
   </div>
   <div class='ocr_carea' id='block_1_3' title="bbox 3499 218 3653 275">
    <p class='ocr_par' dir='ltr' id='par_1_3' title="bbox 3499 218 3653 275">
     <span class='ocr_line' id='line_1_3' title="bbox 3499 218 3653 275; baseline 0.006 -1"><span class='ocrx_word' id='word_1_6' title='bbox 3499 218 3653 275; x_wconf 66' lang='grc' dir='ltr'>ιοεσ</span> 
     </span>
    </p>
   </div>
   <div class='ocr_carea' id='block_1_4' title="bbox 377 336 3652 422">
    <p class='ocr_par' dir='ltr' id='par_1_4' title="bbox 377 336 3652 422">
     <span class='ocr_line' id='line_1_4' title="bbox 377 336 3652 422; baseline -0.004 -14"><span class='ocrx_word' id='word_1_7' title='bbox 377 361 506 415; x_wconf 82' lang='lat' dir='ltr'><strong>Jesu</strong></span> <span class='ocrx_word' id='word_1_8' title='bbox 536 355 775 422; x_wconf 84' lang='lat' dir='ltr'><strong>Christi,</strong></span> <span class='ocrx_word' id='word_1_9' title='bbox 809 364 864 411; x_wconf 88' lang='lat' dir='ltr'><strong>et</strong></span> <span class='ocrx_word' id='word_1_10' title='bbox 906 353 971 407; x_wconf 91' lang='lat' dir='ltr'><strong>ad</strong></span> <span class='ocrx_word' id='word_1_11' title='bbox 1004 348 1360 422; x_wconf 91' lang='lat' dir='ltr'><strong>operandum,</strong></span> <span class='ocrx_word' id='word_1_12' title='bbox 1405 356 1570 415; x_wconf 86' lang='lat' dir='ltr'><strong>atque</strong></span> <span class='ocrx_word' id='word_1_13' title='bbox 1615 341 1954 397; x_wconf 89' lang='lat' dir='ltr'><strong>offerendum</strong></span> <span class='ocrx_word' id='word_1_14' title='bbox 1984 339 2035 398; x_wconf 78' lang='grc' dir='ltr'><strong>Α</strong></span> <span class='ocrx_word' id='word_1_15' title='bbox 2063 352 2199 406; x_wconf 88' lang='lat' dir='ltr'><strong>quos</strong></span> <span class='ocrx_word' id='word_1_16' title='bbox 2225 336 2389 408; x_wconf 79' lang='lat' dir='ltr'><strong>diligo</strong></span> <span class='ocrx_word' id='word_1_17' title='bbox 2416 352 2485 391; x_wconf 89' lang='lat' dir='ltr'><strong>ex</strong></span> <span class='ocrx_word' id='word_1_18' title='bbox 2514 343 2624 391; x_wconf 93' lang='lat' dir='ltr'><strong>toto</strong></span> <span class='ocrx_word' id='word_1_19' title='bbox 2648 336 2813 391; x_wconf 90' lang='lat' dir='ltr'><strong>corde</strong></span> <span class='ocrx_word' id='word_1_20' title='bbox 2851 350 2991 402; x_wconf 82' lang='lat' dir='ltr'><strong>meo,</strong></span> <span class='ocrx_word' id='word_1_21' title='bbox 3023 337 3184 409; x_wconf 85' lang='lat' dir='ltr'><strong>cupio</strong></span> <span class='ocrx_word' id='word_1_22' title='bbox 3211 352 3331 394; x_wconf 86' lang='lat' dir='ltr'><strong>esse</strong></span> <span class='ocrx_word' id='word_1_23' title='bbox 3364 341 3503 408; x_wconf 81' lang='lat' dir='ltr'><strong>apud</strong></span> <span class='ocrx_word' id='word_1_24' title='bbox 3541 357 3652 396; x_wconf 86' lang='lat' dir='ltr'><strong>ros</strong></span> 
     </span>
    </p>
   </div>
   <div class='ocr_carea' id='block_1_5' title="bbox 380 432 1957 517">
    <p class='ocr_par' dir='ltr' id='par_1_5' title="bbox 380 432 1957 517">
     <span class='ocr_line' id='line_1_5' title="bbox 380 432 1957 517; baseline -0.009 -17"><span class='ocrx_word' id='word_1_25' title='bbox 380 457 594 504; x_wconf 88' lang='lat' dir='ltr'><strong>uosmet</strong></span> <span class='ocrx_word' id='word_1_26' title='bbox 640 448 785 517; x_wconf 88' lang='lat' dir='ltr'><strong>ipsos</strong></span> <span class='ocrx_word' id='word_1_27' title='bbox 846 444 923 500; x_wconf 86' lang='lat' dir='ltr'><strong>illi</strong></span> <span class='ocrx_word' id='word_1_28' title='bbox 962 442 1197 498; x_wconf 77' lang='lat' dir='ltr'><strong>hostiam</strong></span> <span class='ocrx_word' id='word_1_29' title='bbox 1250 437 1661 508; x_wconf 86' lang='lat' dir='ltr'><strong>acceptabilem.</strong></span> <span class='ocrx_word' id='word_1_30' title='bbox 1719 432 1957 503; x_wconf 75' lang='lat' dir='ltr'><strong>Spiritus</strong></span> 
     </span>
    </p>
   </div>
   <div class='ocr_carea' id='block_1_6' title="bbox 380 525 1959 611">
    <p class='ocr_par' dir='ltr' id='par_1_6' title="bbox 380 525 1959 611">
     <span class='ocr_line' id='line_1_6' title="bbox 380 525 1959 611; baseline -0.011 -14"><span class='ocrx_word' id='word_1_31' title='bbox 380 556 613 611; x_wconf 83' lang='lat' dir='ltr'><strong>namque</strong></span> <span class='ocrx_word' id='word_1_32' title='bbox 630 540 934 595; x_wconf 78' lang='lat' dir='ltr'><strong>consolator</strong></span> <span class='ocrx_word' id='word_1_33' title='bbox 967 535 1057 607; x_wconf 86' lang='lat' dir='ltr'><strong>qui</strong></span> <span class='ocrx_word' id='word_1_34' title='bbox 1086 533 1379 603; x_wconf 75' lang='lat' dir='ltr'><strong>suscipitur</strong></span> <span class='ocrx_word' id='word_1_35' title='bbox 1407 532 1459 585; x_wconf 92' lang='lat' dir='ltr'><strong>in</strong></span> <span class='ocrx_word' id='word_1_36' title='bbox 1489 528 1780 599; x_wconf 88' lang='lat' dir='ltr'><strong>baptismo,</strong></span> <span class='ocrx_word' id='word_1_37' title='bbox 1803 525 1959 580; x_wconf 89' lang='lat' dir='ltr'><strong>nobis</strong></span> 
     </span>
    </p>
   </div>
   <div class='ocr_carea' id='block_1_7' title="bbox 377 622 1959 701">
    <p class='ocr_par' dir='ltr' id='par_1_7' title="bbox 377 622 1959 701">
     <span class='ocr_line' id='line_1_7' title="bbox 377 622 1959 701; baseline -0.006 -22"><span class='ocrx_word' id='word_1_38' title='bbox 377 632 637 701; x_wconf 57' lang='lat' dir='ltr'><strong>«largitur</strong></span> <span class='ocrx_word' id='word_1_39' title='bbox 675 628 888 699; x_wconf 92' lang='lat' dir='ltr'><strong>operari</strong></span> <span class='ocrx_word' id='word_1_40' title='bbox 926 628 978 682; x_wconf 90' lang='lat' dir='ltr'><strong>in</strong></span> <span class='ocrx_word' id='word_1_41' title='bbox 1022 624 1368 696; x_wconf 63' lang='lat' dir='ltr'><strong>paenitentia,</strong></span> <span class='ocrx_word' id='word_1_42' title='bbox 1411 631 1470 676; x_wconf 92' lang='lat' dir='ltr'><strong>ut</strong></span> <span class='ocrx_word' id='word_1_43' title='bbox 1514 622 1709 675; x_wconf 88' lang='lat' dir='ltr'><strong>iterum</strong></span> <span class='ocrx_word' id='word_1_44' title='bbox 1742 634 1840 674; x_wconf 91' lang='lat' dir='ltr'><strong>nos</strong></span> <span class='ocrx_word' id='word_1_45' title='bbox 1869 631 1959 671; x_wconf 87' lang='lat' dir='ltr'><strong>re-</strong></span> 
     </span>
    </p>
   </div>
   <div class='ocr_carea' id='block_1_8' title="bbox 380 713 1960 793">
    <p class='ocr_par' dir='ltr' id='par_1_8' title="bbox 380 713 1960 793">
     <span class='ocr_line' id='line_1_8' title="bbox 380 713 1960 793; baseline -0.005 -18"><span class='ocrx_word' id='word_1_46' title='bbox 380 724 541 778; x_wconf 85' lang='lat' dir='ltr'><strong>ducat</strong></span> <span class='ocrx_word' id='word_1_47' title='bbox 592 724 657 776; x_wconf 87' lang='lat' dir='ltr'><strong>ad</strong></span> <span class='ocrx_word' id='word_1_48' title='bbox 734 723 1019 793; x_wconf 85' lang='lat' dir='ltr'><strong>pristinum</strong></span> <span class='ocrx_word' id='word_1_49' title='bbox 1074 717 1435 789; x_wconf 85' lang='lat' dir='ltr'><strong>principatum</strong></span> <span class='ocrx_word' id='word_1_50' title='bbox 1497 724 1740 769; x_wconf 90' lang='lat' dir='ltr'><strong>nostrum</strong></span> <span class='ocrx_word' id='word_1_51' title='bbox 1786 722 1839 767; x_wconf 92' lang='lat' dir='ltr'><strong>et</strong></span> <span class='ocrx_word' id='word_1_52' title='bbox 1891 713 1960 767; x_wconf 92' lang='lat' dir='ltr'><strong>ad</strong></span> 
     </span>
    </p>
   </div>
   <div class='ocr_carea' id='block_1_9' title="bbox 381 803 1960 883">
    <p class='ocr_par' dir='ltr' id='par_1_9' title="bbox 381 803 1960 883">
     <span class='ocr_line' id='line_1_9' title="bbox 381 803 1960 883; baseline -0.006 -18"><span class='ocrx_word' id='word_1_53' title='bbox 381 813 754 867; x_wconf 66' lang='lat' dir='ltr'><strong>haereditatem</strong></span> <span class='ocrx_word' id='word_1_54' title='bbox 835 820 1243 883; x_wconf 81' lang='lat' dir='ltr'><strong>permanentem</strong></span> <span class='ocrx_word' id='word_1_55' title='bbox 1300 806 1673 862; x_wconf 91' lang='lat' dir='ltr'><strong>obtinendam.</strong></span> <span class='ocrx_word' id='word_1_56' title='bbox 1753 803 1960 859; x_wconf 89' lang='lat' dir='ltr'><strong>Scitote</strong></span> 
     </span>
    </p>
   </div>
   <div class='ocr_carea' id='block_1_10' title="bbox 382 898 1958 975">
    <p class='ocr_par' dir='ltr' id='par_1_10' title="bbox 382 898 1958 975">
     <span class='ocr_line' id='line_1_10' title="bbox 382 898 1958 975; baseline -0.004 -19"><span class='ocrx_word' id='word_1_57' title='bbox 382 904 585 972; x_wconf 87' lang='lat' dir='ltr'><strong>itaque,</strong></span> <span class='ocrx_word' id='word_1_58' title='bbox 646 907 786 975; x_wconf 90' lang='lat' dir='ltr'><strong>quod</strong></span> <span class='ocrx_word' id='word_1_59' title='bbox 840 918 1029 958; x_wconf 88' lang='lat' dir='ltr'><strong>omnes</strong></span> <span class='ocrx_word' id='word_1_60' title='bbox 1076 903 1167 972; x_wconf 91' lang='lat' dir='ltr'><strong>qui</strong></span> <span class='ocrx_word' id='word_1_61' title='bbox 1223 901 1276 955; x_wconf 92' lang='lat' dir='ltr'><strong>in</strong></span> <span class='ocrx_word' id='word_1_62' title='bbox 1330 899 1548 954; x_wconf 85' lang='lat' dir='ltr'><strong>Christo</strong></span> <span class='ocrx_word' id='word_1_63' title='bbox 1581 898 1958 967; x_wconf 82' lang='lat' dir='ltr'><strong>baptizantnr,</strong></span> 
     </span>
    </p>
   </div>
   <div class='ocr_carea' id='block_1_11' title="bbox 377 988 1959 1063">
    <p class='ocr_par' dir='ltr' id='par_1_11' title="bbox 377 988 1959 1063">
     <span class='ocr_line' id='line_1_11' title="bbox 377 988 1959 1063; baseline -0.004 -13"><span class='ocrx_word' id='word_1_64' title='bbox 377 995 654 1050; x_wconf 88' lang='lat' dir='ltr'><strong>Christum</strong></span> <span class='ocrx_word' id='word_1_65' title='bbox 700 994 958 1061; x_wconf 87' lang='lat' dir='ltr'><strong>induunt,</strong></span> <span class='ocrx_word' id='word_1_66' title='bbox 992 1006 1051 1050; x_wconf 87' lang='lat' dir='ltr'><strong>ut</strong></span> <span class='ocrx_word' id='word_1_67' title='bbox 1099 993 1275 1063; x_wconf 65' lang='lat' dir='ltr'><strong>inquit</strong></span> <span class='ocrx_word' id='word_1_68' title='bbox 1316 991 1513 1048; x_wconf 81' lang='lat' dir='ltr'><strong>Paulus</strong></span> <span class='ocrx_word' id='word_1_69' title='bbox 1559 988 1837 1059; x_wconf 63' lang='lat' dir='ltr'><strong>al’ostolus</strong></span> <span class='ocrx_word' id='word_1_70' title='bbox 1878 988 1959 1053; x_wconf 82' lang='lat'><strong>&quot;,</strong></span> 
     </span>
    </p>
   </div>
   <div class='ocr_carea' id='block_1_12' title="bbox 380 1081 1960 1160">
    <p class='ocr_par' dir='ltr' id='par_1_12' title="bbox 380 1081 1960 1160">
     <span class='ocr_line' id='line_1_12' title="bbox 380 1081 1960 1160; baseline -0.005 -20"><span class='ocrx_word' id='word_1_71' title='bbox 380 1087 742 1158; x_wconf 87' lang='lat' dir='ltr'><strong>adipiscentes</strong></span> <span class='ocrx_word' id='word_1_72' title='bbox 779 1088 1008 1160; x_wconf 88' lang='lat' dir='ltr'><strong>gratiam</strong></span> <span class='ocrx_word' id='word_1_73' title='bbox 1052 1086 1288 1156; x_wconf 86' lang='lat' dir='ltr'><strong>Spiritus</strong></span> <span class='ocrx_word' id='word_1_74' title='bbox 1328 1084 1525 1139; x_wconf 85' lang='lat' dir='ltr'><strong>sancti.</strong></span> <span class='ocrx_word' id='word_1_75' title='bbox 1590 1081 1803 1136; x_wconf 82' lang='lat' dir='ltr'><strong>Etenim</strong></span> <span class='ocrx_word' id='word_1_76' title='bbox 1851 1088 1960 1133; x_wconf 91' lang='lat' dir='ltr'><strong>tam</strong></span> 
     </span>
    </p>
   </div>
   <div class='ocr_carea' id='block_1_13' title="bbox 384 1171 1961 1250">
    <p class='ocr_par' dir='ltr' id='par_1_13' title="bbox 384 1171 1961 1250">
     <span class='ocr_line' id='line_1_13' title="bbox 384 1171 1961 1250; baseline -0.005 -17"><span class='ocrx_word' id='word_1_77' title='bbox 384 1192 579 1234; x_wconf 88' lang='lat' dir='ltr'><strong>servus</strong></span> <span class='ocrx_word' id='word_1_78' title='bbox 616 1196 777 1250; x_wconf 89' lang='lat' dir='ltr'><strong>quam</strong></span> <span class='ocrx_word' id='word_1_79' title='bbox 820 1180 982 1245; x_wconf 90' lang='lat' dir='ltr'><strong>liber,</strong></span> <span class='ocrx_word' id='word_1_80' title='bbox 1019 1189 1128 1231; x_wconf 92' lang='lat' dir='ltr'><strong>tam</strong></span> <span class='ocrx_word' id='word_1_81' title='bbox 1164 1192 1281 1232; x_wconf 88' lang='lat' dir='ltr'><strong>mas</strong></span> <span class='ocrx_word' id='word_1_82' title='bbox 1309 1190 1471 1244; x_wconf 91' lang='lat' dir='ltr'><strong>quam</strong></span> <span class='ocrx_word' id='word_1_83' title='bbox 1502 1173 1728 1237; x_wconf 82' lang='lat' dir='ltr'><strong>femina,</strong></span> <span class='ocrx_word' id='word_1_84' title='bbox 1777 1171 1961 1226; x_wconf 85' lang='lat' dir='ltr'><strong>statim</strong></span> 
     </span>
    </p>
   </div>
   <div class='ocr_carea' id='block_1_14' title="bbox 380 1263 1964 1339">
    <p class='ocr_par' dir='ltr' id='par_1_14' title="bbox 380 1263 1964 1339">
     <span class='ocr_line' id='line_1_14' title="bbox 380 1263 1964 1339; baseline -0.003 -19"><span class='ocrx_word' id='word_1_85' title='bbox 380 1276 545 1338; x_wconf 89' lang='lat' dir='ltr'><strong>atque</strong></span> <span class='ocrx_word' id='word_1_86' title='bbox 576 1270 713 1324; x_wconf 90' lang='lat' dir='ltr'><strong>hanc</strong></span> <span class='ocrx_word' id='word_1_87' title='bbox 734 1270 1086 1339; x_wconf 85' lang='lat' dir='ltr'><strong>consequitur</strong></span> <span class='ocrx_word' id='word_1_88' title='bbox 1110 1266 1366 1337; x_wconf 89' lang='lat' dir='ltr'><strong>gratiam,</strong></span> <span class='ocrx_word' id='word_1_89' title='bbox 1404 1263 1709 1319; x_wconf 86' lang='lat' dir='ltr'><strong>cessantab</strong></span> <span class='ocrx_word' id='word_1_90' title='bbox 1740 1277 1804 1317; x_wconf 94' lang='lat' dir='ltr'><strong>eo</strong></span> <span class='ocrx_word' id='word_1_91' title='bbox 1839 1276 1964 1317; x_wconf 87' lang='lat' dir='ltr'><strong>cor-</strong></span> 
     </span>
    </p>
   </div>
   <div class='ocr_carea' id='block_1_15' title="bbox 382 1352 1965 1427">
    <p class='ocr_par' dir='ltr' id='par_1_15' title="bbox 382 1352 1965 1427">
     <span class='ocr_line' id='line_1_15' title="bbox 382 1352 1965 1427; baseline -0.005 -14"><span class='ocrx_word' id='word_1_92' title='bbox 382 1360 587 1427; x_wconf 87' lang='lat' dir='ltr'><strong>poralia</strong></span> <span class='ocrx_word' id='word_1_93' title='bbox 642 1361 756 1415; x_wconf 68' lang='lat' dir='ltr'><strong>bare</strong></span> <span class='ocrx_word' id='word_1_94' title='bbox 800 1362 1086 1424; x_wconf 86' lang='lat' dir='ltr'><strong>idiomata;</strong></span> <span class='ocrx_word' id='word_1_95' title='bbox 1131 1368 1188 1413; x_wconf 89' lang='lat' dir='ltr'><strong>ct</strong></span> <span class='ocrx_word' id='word_1_96' title='bbox 1260 1356 1495 1427; x_wconf 84' lang='lat' dir='ltr'><strong>Spiritus</strong></span> <span class='ocrx_word' id='word_1_97' title='bbox 1542 1353 1717 1409; x_wconf 88' lang='lat' dir='ltr'><strong>sancti</strong></span> <span class='ocrx_word' id='word_1_98' title='bbox 1767 1352 1965 1420; x_wconf 90' lang='lat' dir='ltr'><strong>accipit</strong></span> 
     </span>
    </p>
   </div>
   <div class='ocr_carea' id='block_1_16' title="bbox 381 1446 1962 1522">
    <p class='ocr_par' dir='ltr' id='par_1_16' title="bbox 381 1446 1962 1522">
     <span class='ocr_line' id='line_1_16' title="bbox 381 1446 1962 1522; baseline -0.004 -17"><span class='ocrx_word' id='word_1_99' title='bbox 381 1451 683 1507; x_wconf 88' lang='lat' dir='ltr'><strong>doctrinam</strong></span> <span class='ocrx_word' id='word_1_100' title='bbox 705 1468 769 1507; x_wconf 91' lang='lat' dir='ltr'><strong>eo</strong></span> <span class='ocrx_word' id='word_1_101' title='bbox 788 1462 1029 1522; x_wconf 90' lang='lat' dir='ltr'><strong>tempore</strong></span> <span class='ocrx_word' id='word_1_102' title='bbox 1056 1466 1163 1521; x_wconf 82' lang='lat' dir='ltr'><strong>quo</strong></span> <span class='ocrx_word' id='word_1_103' title='bbox 1190 1451 1568 1521; x_wconf 88' lang='lat' dir='ltr'><strong>adipiscuntur</strong></span> <span class='ocrx_word' id='word_1_104' title='bbox 1593 1446 1962 1501; x_wconf 65' lang='lat' dir='ltr'><strong>[nereditatem</strong></span> 
     </span>
    </p>
   </div>
   <div class='ocr_carea' id='block_1_17' title="bbox 382 1537 1962 1614">
    <p class='ocr_par' dir='ltr' id='par_1_17' title="bbox 382 1537 1962 1614">
     <span class='ocr_line' id='line_1_17' title="bbox 382 1537 1962 1614; baseline -0.003 -18"><span class='ocrx_word' id='word_1_105' title='bbox 382 1544 533 1613; x_wconf 82' lang='lat' dir='ltr'><strong>regni</strong></span> <span class='ocrx_word' id='word_1_106' title='bbox 563 1545 823 1599; x_wconf 62' lang='lat' dir='ltr'><strong>caelorum</strong></span> <span class='ocrx_word' id='word_1_107' title='bbox 857 1545 1246 1614; x_wconf 83' lang='lat' dir='ltr'><strong>sempiternam</strong></span> <span class='ocrx_word' id='word_1_108' title='bbox 1283 1544 1576 1596; x_wconf 89' lang='lat' dir='ltr'><strong>adorantes</strong></span> <span class='ocrx_word' id='word_1_109' title='bbox 1610 1538 1851 1602; x_wconf 85' lang='lat' dir='ltr'><strong>Patrem,</strong></span> <span class='ocrx_word' id='word_1_110' title='bbox 1882 1537 1962 1591; x_wconf 88' lang='lat' dir='ltr'><strong>uti</strong></span> 
     </span>
    </p>
   </div>
   <div class='ocr_carea' id='block_1_18' title="bbox 382 1632 1963 1706">
    <p class='ocr_par' dir='ltr' id='par_1_18' title="bbox 382 1632 1963 1706">
     <span class='ocr_line' id='line_1_18' title="bbox 382 1632 1963 1706; baseline -0.006 -15"><span class='ocrx_word' id='word_1_111' title='bbox 382 1637 559 1701; x_wconf 84' lang='lat' dir='ltr'><strong>decet,</strong></span> <span class='ocrx_word' id='word_1_112' title='bbox 588 1636 638 1689; x_wconf 92' lang='lat' dir='ltr'><strong>in</strong></span> <span class='ocrx_word' id='word_1_113' title='bbox 671 1638 863 1706; x_wconf 88' lang='lat' dir='ltr'><strong>spiritu</strong></span> <span class='ocrx_word' id='word_1_114' title='bbox 886 1646 940 1692; x_wconf 94' lang='lat' dir='ltr'><strong>et</strong></span> <span class='ocrx_word' id='word_1_115' title='bbox 971 1638 1199 1690; x_wconf 83' lang='lat' dir='ltr'><strong>veritate</strong></span> <span class='ocrx_word' id='word_1_116' title='bbox 1215 1635 1282 1687; x_wconf 81' lang='grc'><strong>⁸⁸.</strong></span> <span class='ocrx_word' id='word_1_117' title='bbox 1304 1632 1414 1689; x_wconf 86' lang='lat' dir='ltr'><strong>Nec</strong></span> <span class='ocrx_word' id='word_1_118' title='bbox 1432 1632 1700 1703; x_wconf 84' lang='lat' dir='ltr'><strong>quispiam</strong></span> <span class='ocrx_word' id='word_1_119' title='bbox 1724 1642 1963 1685; x_wconf 91' lang='lat' dir='ltr'><strong>vestrum</strong></span> 
     </span>
    </p>
   </div>
   <div class='ocr_carea' id='block_1_19' title="bbox 385 1720 1963 1796">
    <p class='ocr_par' dir='ltr' id='par_1_19' title="bbox 385 1720 1963 1796">
     <span class='ocr_line' id='line_1_19' title="bbox 385 1720 1963 1796; baseline -0.003 -16"><span class='ocrx_word' id='word_1_120' title='bbox 385 1726 563 1790; x_wconf 89' lang='lat' dir='ltr'><strong>dicat,</strong></span> <span class='ocrx_word' id='word_1_121' title='bbox 606 1727 755 1781; x_wconf 77' lang='lat' dir='ltr'><strong>filioli</strong></span> <span class='ocrx_word' id='word_1_122' title='bbox 793 1729 922 1791; x_wconf 90' lang='lat' dir='ltr'><strong>mei,</strong></span> <span class='ocrx_word' id='word_1_123' title='bbox 961 1728 1103 1796; x_wconf 88' lang='lat' dir='ltr'><strong>quod</strong></span> <span class='ocrx_word' id='word_1_124' title='bbox 1136 1726 1288 1784; x_wconf 90' lang='lat' dir='ltr'><strong>nobis</strong></span> <span class='ocrx_word' id='word_1_125' title='bbox 1320 1740 1424 1778; x_wconf 94' lang='lat' dir='ltr'><strong>non</strong></span> <span class='ocrx_word' id='word_1_126' title='bbox 1468 1723 1571 1777; x_wconf 90' lang='lat' dir='ltr'><strong>erit</strong></span> <span class='ocrx_word' id='word_1_127' title='bbox 1609 1721 1871 1789; x_wconf 88' lang='lat' dir='ltr'><strong>judicium</strong></span> <span class='ocrx_word' id='word_1_128' title='bbox 1908 1720 1963 1775; x_wconf 89' lang='lat' dir='ltr'><strong>in</strong></span> 
     </span>
    </p>
   </div>
   <div class='ocr_carea' id='block_1_20' title="bbox 385 1814 1959 1879">
    <p class='ocr_par' dir='ltr' id='par_1_20' title="bbox 385 1814 1959 1879">
     <span class='ocr_line' id='line_1_20' title="bbox 385 1814 1959 1879; baseline -0.003 -10"><span class='ocrx_word' id='word_1_129' title='bbox 385 1816 473 1870; x_wconf 91' lang='lat' dir='ltr'><strong>die</strong></span> <span class='ocrx_word' id='word_1_130' title='bbox 513 1816 777 1872; x_wconf 82' lang='lat' dir='ltr'><strong>adventus</strong></span> <span class='ocrx_word' id='word_1_131' title='bbox 826 1817 1038 1871; x_wconf 88' lang='lat' dir='ltr'><strong>Domini</strong></span> <span class='ocrx_word' id='word_1_132' title='bbox 1095 1815 1418 1869; x_wconf 83' lang='lat' dir='ltr'><strong>novissimi:</strong></span> <span class='ocrx_word' id='word_1_133' title='bbox 1460 1829 1645 1867; x_wconf 87' lang='lat' dir='ltr'><strong>verum</strong></span> <span class='ocrx_word' id='word_1_134' title='bbox 1701 1814 1959 1879; x_wconf 87' lang='lat' dir='ltr'><strong>sciamus,</strong></span> 
     </span>
    </p>
   </div>
   <div class='ocr_carea' id='block_1_21' title="bbox 384 1901 1962 1974">
    <p class='ocr_par' dir='ltr' id='par_1_21' title="bbox 384 1901 1962 1974">
     <span class='ocr_line' id='line_1_21' title="bbox 384 1901 1962 1974; baseline -0.001 -15"><span class='ocrx_word' id='word_1_135' title='bbox 384 1908 527 1974; x_wconf 88' lang='lat' dir='ltr'><strong>quod</strong></span> <span class='ocrx_word' id='word_1_136' title='bbox 565 1910 827 1962; x_wconf 84' lang='lat' dir='ltr'><strong>adventus</strong></span> <span class='ocrx_word' id='word_1_137' title='bbox 862 1907 1073 1962; x_wconf 88' lang='lat' dir='ltr'><strong>Domini</strong></span> <span class='ocrx_word' id='word_1_138' title='bbox 1114 1906 1282 1961; x_wconf 94' lang='lat' dir='ltr'><strong>nostri</strong></span> <span class='ocrx_word' id='word_1_139' title='bbox 1326 1903 1527 1961; x_wconf 87' lang='lat' dir='ltr'><strong>Christi</strong></span> <span class='ocrx_word' id='word_1_140' title='bbox 1574 1903 1783 1974; x_wconf 87' lang='lat' dir='ltr'><strong>primus</strong></span> <span class='ocrx_word' id='word_1_141' title='bbox 1848 1901 1962 1972; x_wconf 88' lang='lat' dir='ltr'><strong>jam</strong></span> 
     </span>
    </p>
   </div>
   <div class='ocr_carea' id='block_1_22' title="bbox 385 1995 1963 2066">
    <p class='ocr_par' dir='ltr' id='par_1_22' title="bbox 385 1995 1963 2066">
     <span class='ocr_line' id='line_1_22' title="bbox 385 1995 1963 2066; baseline -0.001 -15"><span class='ocrx_word' id='word_1_142' title='bbox 385 2000 542 2053; x_wconf 91' lang='lat' dir='ltr'><strong>nobis</strong></span> <span class='ocrx_word' id='word_1_143' title='bbox 584 2000 943 2053; x_wconf 87' lang='lat' dir='ltr'><strong>comminatus</strong></span> <span class='ocrx_word' id='word_1_144' title='bbox 984 1998 1146 2052; x_wconf 89' lang='lat' dir='ltr'><strong>fuerit</strong></span> <span class='ocrx_word' id='word_1_145' title='bbox 1190 1998 1451 2066; x_wconf 83' lang='lat' dir='ltr'><strong>judicium</strong></span> <span class='ocrx_word' id='word_1_146' title='bbox 1501 1997 1552 2050; x_wconf 92' lang='lat' dir='ltr'><strong>in</strong></span> <span class='ocrx_word' id='word_1_147' title='bbox 1589 1996 1674 2049; x_wconf 88' lang='lat' dir='ltr'><strong>die</strong></span> <span class='ocrx_word' id='word_1_148' title='bbox 1712 1995 1822 2057; x_wconf 90' lang='lat' dir='ltr'><strong>illa,</strong></span> <span class='ocrx_word' id='word_1_149' title='bbox 1859 1996 1963 2050; x_wconf 90' lang='lat' dir='ltr'><strong>nisi</strong></span> 
     </span>
    </p>
   </div>
   <div class='ocr_carea' id='block_1_23' title="bbox 385 2088 1965 2159">
    <p class='ocr_par' dir='ltr' id='par_1_23' title="bbox 385 2088 1965 2159">
     <span class='ocr_line' id='line_1_23' title="bbox 385 2088 1965 2159; baseline -0.001 -17"><span class='ocrx_word' id='word_1_150' title='bbox 385 2089 531 2142; x_wconf 92' lang='lat' dir='ltr'><strong>illius</strong></span> <span class='ocrx_word' id='word_1_151' title='bbox 568 2090 1043 2159; x_wconf 87' lang='lat' dir='ltr'><strong>adimpleverimus</strong></span> <span class='ocrx_word' id='word_1_152' title='bbox 1083 2100 1372 2159; x_wconf 65' lang='lat' dir='ltr'><strong>praecepta.</strong></span> <span class='ocrx_word' id='word_1_153' title='bbox 1428 2089 1493 2144; x_wconf 86' lang='lat' dir='ltr'><strong>Et</strong></span> <span class='ocrx_word' id='word_1_154' title='bbox 1537 2088 1772 2151; x_wconf 89' lang='lat' dir='ltr'><strong>scitote,</strong></span> <span class='ocrx_word' id='word_1_155' title='bbox 1821 2088 1965 2156; x_wconf 90' lang='lat' dir='ltr'><strong>quod</strong></span> 
     </span>
    </p>
   </div>
   <div class='ocr_carea' id='block_1_24' title="bbox 306 2179 1968 2252">
    <p class='ocr_par' dir='ltr' id='par_1_24' title="bbox 306 2179 1968 2252">
     <span class='ocr_line' id='line_1_24' title="bbox 306 2179 1968 2252; baseline -0.001 -20"><span class='ocrx_word' id='word_1_156' title='bbox 306 2219 321 2231; x_wconf 94' lang='lat'><strong>.</strong></span> <span class='ocrx_word' id='word_1_157' title='bbox 384 2195 574 2235; x_wconf 93' lang='lat' dir='ltr'><strong>omnes</strong></span> <span class='ocrx_word' id='word_1_158' title='bbox 607 2181 797 2252; x_wconf 90' lang='lat' dir='ltr'><strong>spiritu</strong></span> <span class='ocrx_word' id='word_1_159' title='bbox 830 2182 1003 2235; x_wconf 90' lang='lat' dir='ltr'><strong>induti</strong></span> <span class='ocrx_word' id='word_1_160' title='bbox 1040 2183 1282 2250; x_wconf 88' lang='lat' dir='ltr'><strong>impense</strong></span> <span class='ocrx_word' id='word_1_161' title='bbox 1334 2195 1431 2249; x_wconf 92' lang='lat' dir='ltr'><strong>pro</strong></span> <span class='ocrx_word' id='word_1_162' title='bbox 1468 2179 1624 2234; x_wconf 89' lang='lat' dir='ltr'><strong>nobis</strong></span> <span class='ocrx_word' id='word_1_163' title='bbox 1669 2180 1968 2248; x_wconf 83' lang='lat' dir='ltr'><strong>deprecan-</strong></span> 
     </span>
    </p>
   </div>
   <div class='ocr_carea' id='block_1_25' title="bbox 386 2274 1968 2337">
    <p class='ocr_par' dir='ltr' id='par_1_25' title="bbox 386 2274 1968 2337">
     <span class='ocr_line' id='line_1_25' title="bbox 386 2274 1968 2337; baseline 0.001 -9"><span class='ocrx_word' id='word_1_164' title='bbox 386 2284 505 2335; x_wconf 89' lang='lat' dir='ltr'><strong>tur,</strong></span> <span class='ocrx_word' id='word_1_165' title='bbox 551 2284 607 2329; x_wconf 92' lang='lat' dir='ltr'><strong>ut</strong></span> <span class='ocrx_word' id='word_1_166' title='bbox 645 2274 871 2331; x_wconf 89' lang='lat' dir='ltr'><strong>Domino</strong></span> <span class='ocrx_word' id='word_1_167' title='bbox 920 2286 1106 2331; x_wconf 92' lang='lat' dir='ltr'><strong>nostro</strong></span> <span class='ocrx_word' id='word_1_168' title='bbox 1154 2276 1447 2337; x_wconf 87' lang='lat' dir='ltr'><strong>uniamur,</strong></span> <span class='ocrx_word' id='word_1_169' title='bbox 1501 2287 1555 2329; x_wconf 89' lang='lat' dir='ltr'><strong>ct</strong></span> <span class='ocrx_word' id='word_1_170' title='bbox 1591 2274 1968 2329; x_wconf 67' lang='lat' dir='ltr'><strong>haereditemus</strong></span> 
     </span>
    </p>
   </div>
   <div class='ocr_carea' id='block_1_26' title="bbox 385 2364 1970 2433">
    <p class='ocr_par' dir='ltr' id='par_1_26' title="bbox 385 2364 1970 2433">
     <span class='ocr_line' id='line_1_26' title="bbox 385 2364 1970 2433; baseline 0.002 -18"><span class='ocrx_word' id='word_1_171' title='bbox 385 2364 529 2433; x_wconf 88' lang='lat' dir='ltr'><strong>quod</strong></span> <span class='ocrx_word' id='word_1_172' title='bbox 559 2365 715 2419; x_wconf 89' lang='lat' dir='ltr'><strong>nobis</strong></span> <span class='ocrx_word' id='word_1_173' title='bbox 753 2369 820 2420; x_wconf 89' lang='lat' dir='ltr'><strong>ab</strong></span> <span class='ocrx_word' id='word_1_174' title='bbox 849 2366 1002 2423; x_wconf 89' lang='lat' dir='ltr'><strong>initio</strong></span> <span class='ocrx_word' id='word_1_175' title='bbox 1028 2365 1206 2421; x_wconf 81' lang='lat' dir='ltr'><strong>fuerat</strong></span> <span class='ocrx_word' id='word_1_176' title='bbox 1232 2365 1611 2429; x_wconf 86' lang='lat' dir='ltr'><strong>constitutum,</strong></span> <span class='ocrx_word' id='word_1_177' title='bbox 1647 2364 1842 2419; x_wconf 90' lang='lat' dir='ltr'><strong>iterum</strong></span> <span class='ocrx_word' id='word_1_178' title='bbox 1884 2364 1970 2418; x_wconf 81' lang='lat' dir='ltr'><strong>in-</strong></span> 
     </span>
    </p>
   </div>
   <div class='ocr_carea' id='block_1_27' title="bbox 386 2457 1965 2529">
    <p class='ocr_par' dir='ltr' id='par_1_27' title="bbox 386 2457 1965 2529">
     <span class='ocr_line' id='line_1_27' title="bbox 386 2457 1965 2529; baseline 0.002 -20"><span class='ocrx_word' id='word_1_179' title='bbox 386 2457 615 2513; x_wconf 86' lang='lat' dir='ltr'><strong>duentes</strong></span> <span class='ocrx_word' id='word_1_180' title='bbox 666 2470 906 2513; x_wconf 90' lang='lat' dir='ltr'><strong>nostram</strong></span> <span class='ocrx_word' id='word_1_181' title='bbox 946 2459 1229 2529; x_wconf 89' lang='lat' dir='ltr'><strong>pristinam</strong></span> <span class='ocrx_word' id='word_1_182' title='bbox 1272 2458 1679 2514; x_wconf 86' lang='lat' dir='ltr'><strong>substantialem</strong></span> <span class='ocrx_word' id='word_1_183' title='bbox 1733 2458 1965 2512; x_wconf 83' lang='lat' dir='ltr'><strong>formam</strong></span> 
     </span>
    </p>
   </div>
   <div class='ocr_carea' id='block_1_28' title="bbox 386 2548 1969 2619">
    <p class='ocr_par' dir='ltr' id='par_1_28' title="bbox 386 2548 1969 2619">
     <span class='ocr_line' id='line_1_28' title="bbox 386 2548 1969 2619; baseline 0.003 -19"><span class='ocrx_word' id='word_1_184' title='bbox 386 2563 492 2617; x_wconf 89' lang='lat' dir='ltr'><strong>qua</strong></span> <span class='ocrx_word' id='word_1_185' title='bbox 530 2564 626 2619; x_wconf 90' lang='lat' dir='ltr'><strong>per</strong></span> <span class='ocrx_word' id='word_1_186' title='bbox 665 2551 1083 2605; x_wconf 88' lang='lat' dir='ltr'><strong>inobcdientiam</strong></span> <span class='ocrx_word' id='word_1_187' title='bbox 1107 2549 1253 2604; x_wconf 87' lang='lat' dir='ltr'><strong>exuti</strong></span> <span class='ocrx_word' id='word_1_188' title='bbox 1285 2564 1493 2603; x_wconf 89' lang='lat' dir='ltr'><strong>sumus.</strong></span> <span class='ocrx_word' id='word_1_189' title='bbox 1537 2549 1745 2618; x_wconf 87' lang='lat' dir='ltr'><strong>Quippe</strong></span> <span class='ocrx_word' id='word_1_190' title='bbox 1791 2548 1969 2605; x_wconf 87' lang='lat' dir='ltr'><strong>Patris</strong></span> 
     </span>
    </p>
   </div>
   <div class='ocr_carea' id='block_1_29' title="bbox 387 2640 1970 2711">
    <p class='ocr_par' dir='ltr' id='par_1_29' title="bbox 387 2640 1970 2711">
     <span class='ocr_line' id='line_1_29' title="bbox 387 2640 1970 2711; baseline 0.002 -17"><span class='ocrx_word' id='word_1_191' title='bbox 387 2656 494 2694; x_wconf 92' lang='lat' dir='ltr'><strong>vox</strong></span> <span class='ocrx_word' id='word_1_192' title='bbox 538 2641 622 2696; x_wconf 89' lang='lat' dir='ltr'><strong>his</strong></span> <span class='ocrx_word' id='word_1_193' title='bbox 648 2642 839 2711; x_wconf 88' lang='lat' dir='ltr'><strong>spiritu</strong></span> <span class='ocrx_word' id='word_1_194' title='bbox 872 2643 1073 2697; x_wconf 90' lang='lat' dir='ltr'><strong>indutis</strong></span> <span class='ocrx_word' id='word_1_195' title='bbox 1114 2657 1331 2711; x_wconf 79' lang='lat' dir='ltr'><strong>semper</strong></span> <span class='ocrx_word' id='word_1_196' title='bbox 1374 2656 1528 2696; x_wconf 92' lang='lat' dir='ltr'><strong>suam</strong></span> <span class='ocrx_word' id='word_1_197' title='bbox 1574 2640 1789 2710; x_wconf 88' lang='lat' dir='ltr'><strong>planam</strong></span> <span class='ocrx_word' id='word_1_198' title='bbox 1838 2642 1970 2697; x_wconf 90' lang='lat' dir='ltr'><strong>facit</strong></span> 
     </span>
    </p>
   </div>
   <div class='ocr_carea' id='block_1_30' title="bbox 390 2731 1971 2801">
    <p class='ocr_par' dir='ltr' id='par_1_30' title="bbox 390 2731 1971 2801">
     <span class='ocr_line' id='line_1_30' title="bbox 390 2731 1971 2801; baseline 0.001 -15"><span class='ocrx_word' id='word_1_199' title='bbox 390 2735 708 2801; x_wconf 87' lang='lat' dir='ltr'><strong>bonitatem,</strong></span> <span class='ocrx_word' id='word_1_200' title='bbox 738 2735 790 2789; x_wconf 92' lang='lat' dir='ltr'><strong>in</strong></span> <span class='ocrx_word' id='word_1_201' title='bbox 839 2750 1025 2790; x_wconf 88' lang='lat' dir='ltr'><strong>eormn</strong></span> <span class='ocrx_word' id='word_1_202' title='bbox 1061 2735 1325 2789; x_wconf 87' lang='lat' dir='ltr'><strong>reducens</strong></span> <span class='ocrx_word' id='word_1_203' title='bbox 1353 2736 1675 2787; x_wconf 86' lang='lat' dir='ltr'><strong>memoriam</strong></span> <span class='ocrx_word' id='word_1_204' title='bbox 1726 2731 1971 2801; x_wconf 81' lang='lat' dir='ltr'><strong>Scriptu-</strong></span> 
     </span>
    </p>
   </div>
   <div class='ocr_carea' id='block_1_31' title="bbox 394 2824 1968 2892">
    <p class='ocr_par' dir='ltr' id='par_1_31' title="bbox 394 2824 1968 2892">
     <span class='ocr_line' id='line_1_31' title="bbox 394 2824 1968 2892; baseline -0.001 -15"><span class='ocrx_word' id='word_1_205' title='bbox 394 2839 509 2878; x_wconf 88' lang='lat' dir='ltr'><strong>ratn</strong></span> <span class='ocrx_word' id='word_1_206' title='bbox 535 2825 802 2881; x_wconf 88' lang='lat' dir='ltr'><strong>dicentem</strong></span> <span class='ocrx_word' id='word_1_207' title='bbox 840 2842 854 2879; x_wconf 89' lang='lat'><strong>:</strong></span> <span class='ocrx_word' id='word_1_208' title='bbox 888 2824 1239 2881; x_wconf 85' lang='lat' dir='ltr'><strong>Consolemini</strong></span> <span class='ocrx_word' id='word_1_209' title='bbox 1283 2826 1531 2892; x_wconf 81' lang='lat' dir='ltr'><strong>populum</strong></span> <span class='ocrx_word' id='word_1_210' title='bbox 1575 2840 1769 2889; x_wconf 87' lang='lat' dir='ltr'><strong>meum,</strong></span> <span class='ocrx_word' id='word_1_211' title='bbox 1792 2840 1968 2878; x_wconf 82' lang='lat' dir='ltr'><strong>sacer-</strong></span> 
     </span>
    </p>
   </div>
   <div class='ocr_carea' id='block_1_32' title="bbox 388 2913 1967 2985">
    <p class='ocr_par' dir='ltr' id='par_1_32' title="bbox 388 2913 1967 2985">
     <span class='ocr_line' id='line_1_32' title="bbox 388 2913 1967 2985; baseline 0 -18"><span class='ocrx_word' id='word_1_212' title='bbox 388 2913 556 2979; x_wconf 84' lang='lat' dir='ltr'><strong>dotes,</strong></span> <span class='ocrx_word' id='word_1_213' title='bbox 591 2924 639 2969; x_wconf 91' lang='lat' dir='ltr'><strong>et</strong></span> <span class='ocrx_word' id='word_1_214' title='bbox 678 2915 953 2985; x_wconf 81' lang='lat' dir='ltr'><strong>loquimini</strong></span> <span class='ocrx_word' id='word_1_215' title='bbox 992 2916 1045 2969; x_wconf 84' lang='lat' dir='ltr'><strong>in</strong></span> <span class='ocrx_word' id='word_1_216' title='bbox 1081 2918 1236 2969; x_wconf 87' lang='lat' dir='ltr'><strong>corde</strong></span> <span class='ocrx_word' id='word_1_217' title='bbox 1276 2915 1573 2969; x_wconf 78' lang='lat' dir='ltr'><strong>Jerusalem</strong></span> <span class='ocrx_word' id='word_1_218' title='bbox 1610 2930 1630 2966; x_wconf 91' lang='lat'><strong><em>:</em></strong></span> <span class='ocrx_word' id='word_1_219' title='bbox 1667 2931 1761 2984; x_wconf 87' lang='lat' dir='ltr'><strong>ego</strong></span> <span class='ocrx_word' id='word_1_220' title='bbox 1791 2926 1967 2968; x_wconf 80' lang='lat' dir='ltr'><strong>autent</strong></span> 
     </span>
    </p>
   </div>
   <div class='ocr_carea' id='block_1_33' title="bbox 2058 428 3649 504">
    <p class='ocr_par' dir='ltr' id='par_1_33' title="bbox 2058 428 3649 504">
     <span class='ocr_line' id='line_1_33' title="bbox 2058 428 3649 504; baseline 0.005 -25"><span class='ocrx_word' id='word_1_221' title='bbox 2058 428 2205 481; x_wconf 90' lang='lat' dir='ltr'><strong>omni</strong></span> <span class='ocrx_word' id='word_1_222' title='bbox 2235 437 2496 496; x_wconf 88' lang='lat' dir='ltr'><strong>tempore,</strong></span> <span class='ocrx_word' id='word_1_223' title='bbox 2520 434 2573 481; x_wconf 87' lang='lat' dir='ltr'><strong>et</strong></span> <span class='ocrx_word' id='word_1_224' title='bbox 2615 442 2709 481; x_wconf 90' lang='lat' dir='ltr'><strong>vos</strong></span> <span class='ocrx_word' id='word_1_225' title='bbox 2743 428 2928 483; x_wconf 85' lang='lat' dir='ltr'><strong>videre</strong></span> <span class='ocrx_word' id='word_1_226' title='bbox 2965 444 3031 484; x_wconf 88' lang='lat' dir='ltr'><strong>ac</strong></span> <span class='ocrx_word' id='word_1_227' title='bbox 3070 432 3410 488; x_wconf 90' lang='lat' dir='ltr'><strong>benedicere.</strong></span> <span class='ocrx_word' id='word_1_228' title='bbox 3436 434 3649 504; x_wconf 80' lang='lat' dir='ltr'><strong>Quippe</strong></span> 
     </span>
    </p>
   </div>
   <div class='ocr_carea' id='block_1_34' title="bbox 2062 519 3648 593">
    <p class='ocr_par' dir='ltr' id='par_1_34' title="bbox 2062 519 3648 593">
     <span class='ocr_line' id='line_1_34' title="bbox 2062 519 3648 593; baseline 0.006 -20"><span class='ocrx_word' id='word_1_229' title='bbox 2062 519 2236 576; x_wconf 66' lang='lat' dir='ltr'><strong>foedus</strong></span> <span class='ocrx_word' id='word_1_230' title='bbox 2264 530 2503 575; x_wconf 90' lang='lat' dir='ltr'><strong>vestrum</strong></span> <span class='ocrx_word' id='word_1_231' title='bbox 2535 522 2661 576; x_wconf 89' lang='lat' dir='ltr'><strong>mibi</strong></span> <span class='ocrx_word' id='word_1_232' title='bbox 2690 522 3013 591; x_wconf 71' lang='lat' dir='ltr'><strong>prmstitum,</strong></span> <span class='ocrx_word' id='word_1_233' title='bbox 3056 523 3519 593; x_wconf 81' lang='lat' dir='ltr'><strong>imitationemque</strong></span> <span class='ocrx_word' id='word_1_234' title='bbox 3548 542 3648 582; x_wconf 80' lang='lat' dir='ltr'><strong>ve-</strong></span> 
     </span>
    </p>
   </div>
   <div class='ocr_carea' id='block_1_35' title="bbox 2062 611 3648 684">
    <p class='ocr_par' dir='ltr' id='par_1_35' title="bbox 2062 611 3648 684">
     <span class='ocr_line' id='line_1_35' title="bbox 2062 611 3648 684; baseline 0.003 -17"><span class='ocrx_word' id='word_1_235' title='bbox 2062 622 2229 667; x_wconf 81' lang='lat' dir='ltr'><strong>stram</strong></span> <span class='ocrx_word' id='word_1_236' title='bbox 2255 611 2381 677; x_wconf 88' lang='lat' dir='ltr'><strong>mei,</strong></span> <span class='ocrx_word' id='word_1_237' title='bbox 2408 627 2474 669; x_wconf 88' lang='lat' dir='ltr'><strong>ac</strong></span> <span class='ocrx_word' id='word_1_238' title='bbox 2489 624 2727 667; x_wconf 88' lang='lat' dir='ltr'><strong>vestram</strong></span> <span class='ocrx_word' id='word_1_239' title='bbox 2755 614 2821 668; x_wconf 90' lang='lat' dir='ltr'><strong>ad</strong></span> <span class='ocrx_word' id='word_1_240' title='bbox 2846 614 3013 669; x_wconf 91' lang='lat' dir='ltr'><strong>Deum</strong></span> <span class='ocrx_word' id='word_1_241' title='bbox 3048 616 3435 684; x_wconf 82' lang='lat' dir='ltr'><strong>reversionem,</strong></span> <span class='ocrx_word' id='word_1_242' title='bbox 3465 630 3648 672; x_wconf 82' lang='lat' dir='ltr'><strong>rectas</strong></span> 
     </span>
    </p>
   </div>
   <div class='ocr_carea' id='block_1_36' title="bbox 2060 706 3647 777">
    <p class='ocr_par' dir='ltr' id='par_1_36' title="bbox 2060 706 3647 777">
     <span class='ocr_line' id='line_1_36' title="bbox 2060 706 3647 777; baseline 0.004 -18"><span class='ocrx_word' id='word_1_243' title='bbox 2060 706 2276 777; x_wconf 89' lang='lat' dir='ltr'><strong>quidem</strong></span> <span class='ocrx_word' id='word_1_244' title='bbox 2305 722 2426 762; x_wconf 89' lang='lat' dir='ltr'><strong>esse</strong></span> <span class='ocrx_word' id='word_1_245' title='bbox 2446 708 2684 776; x_wconf 85' lang='lat' dir='ltr'><strong>aspicio;</strong></span> <span class='ocrx_word' id='word_1_246' title='bbox 2704 708 2867 762; x_wconf 90' lang='lat' dir='ltr'><strong>etiam</strong></span> <span class='ocrx_word' id='word_1_247' title='bbox 2896 707 3209 764; x_wconf 87' lang='lat' dir='ltr'><strong>inbabitatis</strong></span> <span class='ocrx_word' id='word_1_248' title='bbox 3234 710 3284 763; x_wconf 91' lang='lat' dir='ltr'><strong>in</strong></span> <span class='ocrx_word' id='word_1_249' title='bbox 3326 712 3488 765; x_wconf 90' lang='lat' dir='ltr'><strong>corde</strong></span> <span class='ocrx_word' id='word_1_250' title='bbox 3520 725 3647 765; x_wconf 83' lang='lat' dir='ltr'><strong>meo</strong></span> 
     </span>
    </p>
   </div>
   <div class='ocr_carea' id='block_1_37' title="bbox 2062 799 3646 871">
    <p class='ocr_par' dir='ltr' id='par_1_37' title="bbox 2062 799 3646 871">
     <span class='ocr_line' id='line_1_37' title="bbox 2062 799 3646 871; baseline 0.001 -16"><span class='ocrx_word' id='word_1_251' title='bbox 2062 800 2314 855; x_wconf 89' lang='lat' dir='ltr'><strong>omnibus</strong></span> <span class='ocrx_word' id='word_1_252' title='bbox 2364 800 2561 856; x_wconf 88' lang='lat' dir='ltr'><strong>modis.</strong></span> <span class='ocrx_word' id='word_1_253' title='bbox 2617 799 2756 855; x_wconf 83' lang='lat' dir='ltr'><strong>llinc</strong></span> <span class='ocrx_word' id='word_1_254' title='bbox 2812 809 2995 856; x_wconf 86' lang='lat' dir='ltr'><strong>autem</strong></span> <span class='ocrx_word' id='word_1_255' title='bbox 3046 817 3176 871; x_wconf 86' lang='lat' dir='ltr'><strong>rogo</strong></span> <span class='ocrx_word' id='word_1_256' title='bbox 3244 802 3413 857; x_wconf 89' lang='lat' dir='ltr'><strong>Deum</strong></span> <span class='ocrx_word' id='word_1_257' title='bbox 3462 818 3646 857; x_wconf 88' lang='lat' dir='ltr'><strong>meum</strong></span> 
     </span>
    </p>
   </div>
   <div class='ocr_carea' id='block_1_38' title="bbox 2064 893 3641 971">
    <p class='ocr_par' dir='ltr' id='par_1_38' title="bbox 2064 893 3641 971">
     <span class='ocr_line' id='line_1_38' title="bbox 2064 893 3641 971; baseline 0.002 -25"><span class='ocrx_word' id='word_1_258' title='bbox 2064 907 2226 947; x_wconf 87' lang='lat' dir='ltr'><strong>causa</strong></span> <span class='ocrx_word' id='word_1_259' title='bbox 2261 894 2429 948; x_wconf 88' lang='lat' dir='ltr'><strong>vestri</strong></span> <span class='ocrx_word' id='word_1_260' title='bbox 2460 902 2620 948; x_wconf 91' lang='lat' dir='ltr'><strong>noctu</strong></span> <span class='ocrx_word' id='word_1_261' title='bbox 2662 893 2890 971; x_wconf 73' lang='lat' dir='ltr'><strong>diuque,</strong></span> <span class='ocrx_word' id='word_1_262' title='bbox 2927 908 2982 950; x_wconf 91' lang='lat' dir='ltr'><strong>ut</strong></span> <span class='ocrx_word' id='word_1_263' title='bbox 3021 896 3320 964; x_wconf 84' lang='lat' dir='ltr'><strong>elargiatur</strong></span> <span class='ocrx_word' id='word_1_264' title='bbox 3355 897 3505 951; x_wconf 88' lang='lat' dir='ltr'><strong>vobis</strong></span> <span class='ocrx_word' id='word_1_265' title='bbox 3539 912 3641 951; x_wconf 80' lang='lat' dir='ltr'><strong>sua</strong></span> 
     </span>
    </p>
   </div>
   <div class='ocr_carea' id='block_1_39' title="bbox 2065 983 3638 1058">
    <p class='ocr_par' dir='ltr' id='par_1_39' title="bbox 2065 983 3638 1058">
     <span class='ocr_line' id='line_1_39' title="bbox 2065 983 3638 1058; baseline 0.004 -20"><span class='ocrx_word' id='word_1_266' title='bbox 2065 983 2203 1039; x_wconf 89' lang='lat' dir='ltr'><strong>dona</strong></span> <span class='ocrx_word' id='word_1_267' title='bbox 2234 999 2354 1053; x_wconf 67' lang='lat' dir='ltr'><strong>quae</strong></span> <span class='ocrx_word' id='word_1_268' title='bbox 2398 984 2530 1039; x_wconf 89' lang='lat' dir='ltr'><strong>mihi</strong></span> <span class='ocrx_word' id='word_1_269' title='bbox 2563 985 2786 1041; x_wconf 89' lang='lat' dir='ltr'><strong>indulsit</strong></span> <span class='ocrx_word' id='word_1_270' title='bbox 2832 1002 2928 1042; x_wconf 90' lang='lat' dir='ltr'><strong>sua</strong></span> <span class='ocrx_word' id='word_1_271' title='bbox 2966 988 3227 1042; x_wconf 84' lang='lat' dir='ltr'><strong>duntaxat</strong></span> <span class='ocrx_word' id='word_1_272' title='bbox 3276 990 3448 1058; x_wconf 84' lang='lat' dir='ltr'><strong>gratia</strong></span> <span class='ocrx_word' id='word_1_273' title='bbox 3472 1031 3486 1054; x_wconf 90' lang='lat'><strong>,</strong></span> <span class='ocrx_word' id='word_1_274' title='bbox 3528 1006 3638 1045; x_wconf 87' lang='lat' dir='ltr'><strong>non</strong></span> 
     </span>
    </p>
   </div>
   <div class='ocr_carea' id='block_1_40' title="bbox 2064 1073 3644 1150">
    <p class='ocr_par' dir='ltr' id='par_1_40' title="bbox 2064 1073 3644 1150">
     <span class='ocr_line' id='line_1_40' title="bbox 2064 1073 3644 1150; baseline 0.006 -23"><span class='ocrx_word' id='word_1_275' title='bbox 2064 1081 2247 1127; x_wconf 90' lang='lat' dir='ltr'><strong>autem</strong></span> <span class='ocrx_word' id='word_1_276' title='bbox 2280 1073 2417 1128; x_wconf 89' lang='lat' dir='ltr'><strong>meis</strong></span> <span class='ocrx_word' id='word_1_277' title='bbox 2450 1073 2678 1131; x_wconf 88' lang='lat' dir='ltr'><strong>meritis.</strong></span> <span class='ocrx_word' id='word_1_278' title='bbox 2736 1075 2946 1129; x_wconf 84' lang='lat' dir='ltr'><strong>Etenim</strong></span> <span class='ocrx_word' id='word_1_279' title='bbox 2978 1079 3091 1131; x_wconf 71' lang='lat' dir='ltr'><strong>haec</strong></span> <span class='ocrx_word' id='word_1_280' title='bbox 3116 1087 3243 1132; x_wconf 88' lang='lat' dir='ltr'><strong>sunt</strong></span> <span class='ocrx_word' id='word_1_281' title='bbox 3286 1095 3490 1150; x_wconf 75' lang='lat' dir='ltr'><strong>magna:</strong></span> <span class='ocrx_word' id='word_1_282' title='bbox 3534 1082 3644 1137; x_wconf 74' lang='lat' dir='ltr'><strong>illa:</strong></span> 
     </span>
    </p>
   </div>
   <div class='ocr_carea' id='block_1_41' title="bbox 2063 1167 3643 1244">
    <p class='ocr_par' dir='ltr' id='par_1_41' title="bbox 2063 1167 3643 1244">
     <span class='ocr_line' id='line_1_41' title="bbox 2063 1167 3643 1244; baseline 0.005 -23"><span class='ocrx_word' id='word_1_283' title='bbox 2063 1167 2269 1222; x_wconf 72' lang='lat' dir='ltr'><strong>divitia:</strong></span> <span class='ocrx_word' id='word_1_284' title='bbox 2298 1182 2434 1236; x_wconf 80' lang='lat' dir='ltr'><strong>quas</strong></span> <span class='ocrx_word' id='word_1_285' title='bbox 2465 1167 2595 1221; x_wconf 88' lang='lat' dir='ltr'><strong>mihi</strong></span> <span class='ocrx_word' id='word_1_286' title='bbox 2631 1169 2903 1223; x_wconf 81' lang='lat' dir='ltr'><strong>concessit</strong></span> <span class='ocrx_word' id='word_1_287' title='bbox 2927 1169 3190 1226; x_wconf 88' lang='lat' dir='ltr'><strong>Dominus</strong></span> <span class='ocrx_word' id='word_1_288' title='bbox 3221 1183 3427 1235; x_wconf 89' lang='lat' dir='ltr'><strong>noster,</strong></span> <span class='ocrx_word' id='word_1_289' title='bbox 3478 1189 3643 1244; x_wconf 87' lang='lat' dir='ltr'><strong>quem</strong></span> 
     </span>
    </p>
   </div>
   <div class='ocr_carea' id='block_1_42' title="bbox 2063 1260 3645 1332">
    <p class='ocr_par' dir='ltr' id='par_1_42' title="bbox 2063 1260 3645 1332">
     <span class='ocr_line' id='line_1_42' title="bbox 2063 1260 3645 1332; baseline 0.004 -15"><span class='ocrx_word' id='word_1_290' title='bbox 2063 1261 2307 1331; x_wconf 81' lang='lat' dir='ltr'><strong>supplico</strong></span> <span class='ocrx_word' id='word_1_291' title='bbox 2341 1272 2400 1315; x_wconf 93' lang='lat' dir='ltr'><strong>ut</strong></span> <span class='ocrx_word' id='word_1_292' title='bbox 2426 1276 2519 1317; x_wconf 88' lang='lat' dir='ltr'><strong>eas</strong></span> <span class='ocrx_word' id='word_1_293' title='bbox 2557 1260 2708 1317; x_wconf 88' lang='lat' dir='ltr'><strong>vobis</strong></span> <span class='ocrx_word' id='word_1_294' title='bbox 2736 1278 2949 1332; x_wconf 89' lang='lat' dir='ltr'><strong>quoque</strong></span> <span class='ocrx_word' id='word_1_295' title='bbox 2983 1266 3285 1331; x_wconf 85' lang='lat' dir='ltr'><strong>concedat;</strong></span> <span class='ocrx_word' id='word_1_296' title='bbox 3317 1276 3370 1320; x_wconf 90' lang='lat' dir='ltr'><strong>et</strong></span> <span class='ocrx_word' id='word_1_297' title='bbox 3405 1267 3518 1323; x_wconf 61' lang='lat' dir='ltr'><strong>bare</strong></span> <span class='ocrx_word' id='word_1_298' title='bbox 3561 1279 3645 1323; x_wconf 84' lang='lat' dir='ltr'><strong>est</strong></span> 
     </span>
    </p>
   </div>
   <div class='ocr_carea' id='block_1_43' title="bbox 2064 1354 3641 1426">
    <p class='ocr_par' dir='ltr' id='par_1_43' title="bbox 2064 1354 3641 1426">
     <span class='ocr_line' id='line_1_43' title="bbox 2064 1354 3641 1426; baseline 0.004 -18"><span class='ocrx_word' id='word_1_299' title='bbox 2064 1368 2278 1408; x_wconf 89' lang='lat' dir='ltr'><strong>summa</strong></span> <span class='ocrx_word' id='word_1_300' title='bbox 2332 1354 2723 1409; x_wconf 88' lang='lat' dir='ltr'><strong>desideriorum</strong></span> <span class='ocrx_word' id='word_1_301' title='bbox 2762 1369 3005 1409; x_wconf 88' lang='lat' dir='ltr'><strong>meormn</strong></span> <span class='ocrx_word' id='word_1_302' title='bbox 3046 1365 3102 1410; x_wconf 90' lang='lat' dir='ltr'><strong>et</strong></span> <span class='ocrx_word' id='word_1_303' title='bbox 3155 1359 3467 1426; x_wconf 80' lang='lat' dir='ltr'><strong>deprecatio</strong></span> <span class='ocrx_word' id='word_1_304' title='bbox 3524 1375 3641 1414; x_wconf 85' lang='lat' dir='ltr'><strong>mea</strong></span> 
     </span>
    </p>
   </div>
   <div class='ocr_carea' id='block_1_44' title="bbox 2065 1446 3639 1521">
    <p class='ocr_par' dir='ltr' id='par_1_44' title="bbox 2065 1446 3639 1521">
     <span class='ocr_line' id='line_1_44' title="bbox 2065 1446 3639 1521; baseline 0.003 -20"><span class='ocrx_word' id='word_1_305' title='bbox 2065 1453 2226 1501; x_wconf 90' lang='lat' dir='ltr'><strong>noctu</strong></span> <span class='ocrx_word' id='word_1_306' title='bbox 2252 1446 2470 1515; x_wconf 86' lang='lat' dir='ltr'><strong>diuque,</strong></span> <span class='ocrx_word' id='word_1_307' title='bbox 2517 1455 2575 1501; x_wconf 90' lang='lat' dir='ltr'><strong>ut</strong></span> <span class='ocrx_word' id='word_1_308' title='bbox 2607 1446 2727 1501; x_wconf 89' lang='lat' dir='ltr'><strong>sitis</strong></span> <span class='ocrx_word' id='word_1_309' title='bbox 2763 1462 2971 1502; x_wconf 89' lang='lat' dir='ltr'><strong>mecum</strong></span> <span class='ocrx_word' id='word_1_310' title='bbox 3020 1449 3073 1503; x_wconf 95' lang='lat' dir='ltr'><strong>in</strong></span> <span class='ocrx_word' id='word_1_311' title='bbox 3124 1450 3243 1505; x_wconf 92' lang='lat' dir='ltr'><strong>loco</strong></span> <span class='ocrx_word' id='word_1_312' title='bbox 3288 1451 3340 1504; x_wconf 94' lang='lat' dir='ltr'><strong>in</strong></span> <span class='ocrx_word' id='word_1_313' title='bbox 3386 1466 3494 1521; x_wconf 89' lang='lat' dir='ltr'><strong>quo</strong></span> <span class='ocrx_word' id='word_1_314' title='bbox 3523 1468 3639 1515; x_wconf 91' lang='lat' dir='ltr'><strong>ero,</strong></span> 
     </span>
    </p>
   </div>
   <div class='ocr_carea' id='block_1_45' title="bbox 2064 1538 3641 1614">
    <p class='ocr_par' dir='ltr' id='par_1_45' title="bbox 2064 1538 3641 1614">
     <span class='ocr_line' id='line_1_45' title="bbox 2064 1538 3641 1614; baseline 0.004 -21"><span class='ocrx_word' id='word_1_315' title='bbox 2064 1553 2187 1593; x_wconf 90' lang='lat' dir='ltr'><strong>cum</strong></span> <span class='ocrx_word' id='word_1_316' title='bbox 2229 1538 2534 1595; x_wconf 87' lang='lat' dir='ltr'><strong>discessero</strong></span> <span class='ocrx_word' id='word_1_317' title='bbox 2564 1554 2633 1594; x_wconf 85' lang='lat' dir='ltr'><strong>ex</strong></span> <span class='ocrx_word' id='word_1_318' title='bbox 2678 1540 2781 1596; x_wconf 87' lang='lat' dir='ltr'><strong>hoc</strong></span> <span class='ocrx_word' id='word_1_319' title='bbox 2824 1556 3074 1609; x_wconf 89' lang='lat' dir='ltr'><strong>corpore.</strong></span> <span class='ocrx_word' id='word_1_320' title='bbox 3113 1542 3375 1598; x_wconf 89' lang='lat' dir='ltr'><strong>Dominus</strong></span> <span class='ocrx_word' id='word_1_321' title='bbox 3421 1546 3641 1614; x_wconf 88' lang='lat' dir='ltr'><strong>quidem</strong></span> 
     </span>
    </p>
   </div>
   <div class='ocr_carea' id='block_1_46' title="bbox 2069 1631 3643 1706">
    <p class='ocr_par' dir='ltr' id='par_1_46' title="bbox 2069 1631 3643 1706">
     <span class='ocr_line' id='line_1_46' title="bbox 2069 1631 3643 1706; baseline 0.006 -23"><span class='ocrx_word' id='word_1_322' title='bbox 2069 1638 2255 1693; x_wconf 78' lang='lat' dir='ltr'><strong>noster</strong></span> <span class='ocrx_word' id='word_1_323' title='bbox 2280 1644 2494 1699; x_wconf 85' lang='lat' dir='ltr'><strong>semper</strong></span> <span class='ocrx_word' id='word_1_324' title='bbox 2522 1631 2748 1685; x_wconf 82' lang='lat' dir='ltr'><strong>exaudit</strong></span> <span class='ocrx_word' id='word_1_325' title='bbox 2773 1647 2858 1686; x_wconf 90' lang='lat' dir='ltr'><strong>me</strong></span> <span class='ocrx_word' id='word_1_326' title='bbox 2889 1648 2918 1686; x_wconf 85' lang='lat' dir='ltr'><strong>a</strong></span> <span class='ocrx_word' id='word_1_327' title='bbox 2964 1649 3083 1687; x_wconf 87' lang='lat' dir='ltr'><strong>mea</strong></span> <span class='ocrx_word' id='word_1_328' title='bbox 3126 1636 3354 1703; x_wconf 87' lang='lat' dir='ltr'><strong>pueritia</strong></span> <span class='ocrx_word' id='word_1_329' title='bbox 3387 1652 3560 1706; x_wconf 87' lang='lat' dir='ltr'><strong>usque</strong></span> <span class='ocrx_word' id='word_1_330' title='bbox 3591 1637 3643 1692; x_wconf 92' lang='lat' dir='ltr'><strong>in</strong></span> 
     </span>
    </p>
   </div>
   <div class='ocr_carea' id='block_1_47' title="bbox 2071 1720 3645 1795">
    <p class='ocr_par' dir='ltr' id='par_1_47' title="bbox 2071 1720 3645 1795">
     <span class='ocr_line' id='line_1_47' title="bbox 2071 1720 3645 1795; baseline 0.005 -21"><span class='ocrx_word' id='word_1_331' title='bbox 2071 1720 2391 1774; x_wconf 89' lang='lat' dir='ltr'><strong>hodiernum</strong></span> <span class='ocrx_word' id='word_1_332' title='bbox 2423 1722 2587 1789; x_wconf 92' lang='lat' dir='ltr'><strong>diem,</strong></span> <span class='ocrx_word' id='word_1_333' title='bbox 2640 1733 2696 1777; x_wconf 90' lang='lat' dir='ltr'><strong>et</strong></span> <span class='ocrx_word' id='word_1_334' title='bbox 2733 1724 2847 1777; x_wconf 89' lang='lat' dir='ltr'><strong>scio</strong></span> <span class='ocrx_word' id='word_1_335' title='bbox 2888 1740 3100 1794; x_wconf 87' lang='lat' dir='ltr'><strong>quoque</strong></span> <span class='ocrx_word' id='word_1_336' title='bbox 3151 1727 3295 1795; x_wconf 91' lang='lat' dir='ltr'><strong>quod</strong></span> <span class='ocrx_word' id='word_1_337' title='bbox 3348 1727 3452 1782; x_wconf 90' lang='lat' dir='ltr'><strong>hoc</strong></span> <span class='ocrx_word' id='word_1_338' title='bbox 3500 1728 3645 1782; x_wconf 79' lang='lat' dir='ltr'><strong>aliud</strong></span> 
     </span>
    </p>
   </div>
   <div class='ocr_carea' id='block_1_48' title="bbox 2068 1816 3643 1889">
    <p class='ocr_par' dir='ltr' id='par_1_48' title="bbox 2068 1816 3643 1889">
     <span class='ocr_line' id='line_1_48' title="bbox 2068 1816 3643 1889; baseline 0.003 -19"><span class='ocrx_word' id='word_1_339' title='bbox 2068 1830 2165 1870; x_wconf 88' lang='lat' dir='ltr'><strong>sua</strong></span> <span class='ocrx_word' id='word_1_340' title='bbox 2197 1816 2572 1870; x_wconf 89' lang='lat' dir='ltr'><strong>misericordia</strong></span> <span class='ocrx_word' id='word_1_341' title='bbox 2603 1817 2733 1871; x_wconf 88' lang='lat' dir='ltr'><strong>mihi</strong></span> <span class='ocrx_word' id='word_1_342' title='bbox 2768 1819 3068 1886; x_wconf 59' lang='lat' dir='ltr'><strong>praestabit.</strong></span> <span class='ocrx_word' id='word_1_343' title='bbox 3119 1817 3246 1873; x_wconf 66' lang='lat' dir='ltr'><strong>Haec</strong></span> <span class='ocrx_word' id='word_1_344' title='bbox 3278 1836 3409 1875; x_wconf 88' lang='lat' dir='ltr'><strong>sane</strong></span> <span class='ocrx_word' id='word_1_345' title='bbox 3450 1821 3643 1889; x_wconf 73' lang='lat' dir='ltr'><strong>scripsi</strong></span> 
     </span>
    </p>
   </div>
   <div class='ocr_carea' id='block_1_49' title="bbox 2068 1904 3651 1978">
    <p class='ocr_par' dir='ltr' id='par_1_49' title="bbox 2068 1904 3651 1978">
     <span class='ocr_line' id='line_1_49' title="bbox 2068 1904 3651 1978; baseline 0.004 -21"><span class='ocrx_word' id='word_1_346' title='bbox 2068 1904 2257 1971; x_wconf 86' lang='lat' dir='ltr'><strong>vobis,</strong></span> <span class='ocrx_word' id='word_1_347' title='bbox 2301 1904 2446 1959; x_wconf 85' lang='lat' dir='ltr'><strong>lilioli</strong></span> <span class='ocrx_word' id='word_1_348' title='bbox 2488 1907 2631 1972; x_wconf 91' lang='lat' dir='ltr'><strong>mei,</strong></span> <span class='ocrx_word' id='word_1_349' title='bbox 2676 1907 2747 1961; x_wconf 92' lang='lat' dir='ltr'><strong>ob</strong></span> <span class='ocrx_word' id='word_1_350' title='bbox 2780 1907 3003 1961; x_wconf 90' lang='lat' dir='ltr'><strong>nimiam</strong></span> <span class='ocrx_word' id='word_1_351' title='bbox 3038 1910 3218 1963; x_wconf 80' lang='lat' dir='ltr'><strong>cordis</strong></span> <span class='ocrx_word' id='word_1_352' title='bbox 3250 1909 3353 1963; x_wconf 89' lang='lat' dir='ltr'><strong>mei</strong></span> <span class='ocrx_word' id='word_1_353' title='bbox 3384 1924 3512 1978; x_wconf 81' lang='lat' dir='ltr'><strong>erga</strong></span> <span class='ocrx_word' id='word_1_354' title='bbox 3555 1926 3651 1964; x_wconf 84' lang='lat' dir='ltr'><strong>vos</strong></span> 
     </span>
    </p>
   </div>
   <div class='ocr_carea' id='block_1_50' title="bbox 2068 1994 3653 2069">
    <p class='ocr_par' dir='ltr' id='par_1_50' title="bbox 2068 1994 3653 2069">
     <span class='ocr_line' id='line_1_50' title="bbox 2068 1994 3653 2069; baseline 0.001 -18"><span class='ocrx_word' id='word_1_355' title='bbox 2068 1994 2386 2051; x_wconf 88' lang='lat' dir='ltr'><strong>charitatem</strong></span> <span class='ocrx_word' id='word_1_356' title='bbox 2413 2012 2427 2057; x_wconf 89' lang='lat'><strong>;</strong></span> <span class='ocrx_word' id='word_1_357' title='bbox 2456 1997 2889 2067; x_wconf 87' lang='lat' dir='ltr'><strong>quandoquidem</strong></span> <span class='ocrx_word' id='word_1_358' title='bbox 2921 1999 3113 2053; x_wconf 88' lang='lat' dir='ltr'><strong>vestris</strong></span> <span class='ocrx_word' id='word_1_359' title='bbox 3136 1999 3527 2053; x_wconf 88' lang='lat' dir='ltr'><strong>certaminibus</strong></span> <span class='ocrx_word' id='word_1_360' title='bbox 3550 2015 3653 2069; x_wconf 86' lang='lat' dir='ltr'><strong>pro</strong></span> 
     </span>
    </p>
   </div>
   <div class='ocr_carea' id='block_1_51' title="bbox 2068 2087 3657 2145">
    <p class='ocr_par' dir='ltr' id='par_1_51' title="bbox 2068 2087 3657 2145">
     <span class='ocr_line' id='line_1_51' title="bbox 2068 2087 3657 2145; baseline 0.001 -2"><span class='ocrx_word' id='word_1_361' title='bbox 2068 2087 2297 2143; x_wconf 91' lang='lat' dir='ltr'><strong>Domino</strong></span> <span class='ocrx_word' id='word_1_362' title='bbox 2327 2089 2430 2143; x_wconf 89' lang='lat' dir='ltr'><strong>mei</strong></span> <span class='ocrx_word' id='word_1_363' title='bbox 2454 2090 2755 2145; x_wconf 87' lang='lat' dir='ltr'><strong>imitatores</strong></span> <span class='ocrx_word' id='word_1_364' title='bbox 2790 2090 2842 2143; x_wconf 92' lang='lat' dir='ltr'><strong>in</strong></span> <span class='ocrx_word' id='word_1_365' title='bbox 2870 2090 3123 2144; x_wconf 91' lang='lat' dir='ltr'><strong>omnibus</strong></span> <span class='ocrx_word' id='word_1_366' title='bbox 3155 2090 3463 2145; x_wconf 79' lang='lat' dir='ltr'><strong>exstitistis.</strong></span> <span class='ocrx_word' id='word_1_367' title='bbox 3493 2092 3657 2145; x_wconf 81' lang='lat' dir='ltr'><strong>Scia-</strong></span> 
     </span>
    </p>
   </div>
   <div class='ocr_carea' id='block_1_52' title="bbox 2072 2180 3654 2253">
    <p class='ocr_par' dir='ltr' id='par_1_52' title="bbox 2072 2180 3654 2253">
     <span class='ocr_line' id='line_1_52' title="bbox 2072 2180 3654 2253; baseline 0.002 -19"><span class='ocrx_word' id='word_1_368' title='bbox 2072 2182 2140 2235; x_wconf 90' lang='lat' dir='ltr'><strong>tis</strong></span> <span class='ocrx_word' id='word_1_369' title='bbox 2169 2181 2371 2250; x_wconf 87' lang='lat' dir='ltr'><strong>itaque,</strong></span> <span class='ocrx_word' id='word_1_370' title='bbox 2408 2182 2550 2249; x_wconf 83' lang='lat' dir='ltr'><strong>quod</strong></span> <span class='ocrx_word' id='word_1_371' title='bbox 2579 2180 2839 2236; x_wconf 89' lang='lat' dir='ltr'><strong>Dominus</strong></span> <span class='ocrx_word' id='word_1_372' title='bbox 2854 2192 3036 2236; x_wconf 89' lang='lat' dir='ltr'><strong>noster</strong></span> <span class='ocrx_word' id='word_1_373' title='bbox 3058 2182 3307 2235; x_wconf 82' lang='lat' dir='ltr'><strong>Christus</strong></span> <span class='ocrx_word' id='word_1_374' title='bbox 3333 2182 3515 2253; x_wconf 81' lang='lat' dir='ltr'><strong>(cujus</strong></span> <span class='ocrx_word' id='word_1_375' title='bbox 3538 2198 3654 2237; x_wconf 84' lang='lat' dir='ltr'><strong>me-</strong></span> 
     </span>
    </p>
   </div>
   <div class='ocr_carea' id='block_1_53' title="bbox 2068 2270 3655 2341">
    <p class='ocr_par' dir='ltr' id='par_1_53' title="bbox 2068 2270 3655 2341">
     <span class='ocr_line' id='line_1_53' title="bbox 2068 2270 3655 2341; baseline 0.002 -15"><span class='ocrx_word' id='word_1_376' title='bbox 2068 2274 2254 2327; x_wconf 71' lang='lat' dir='ltr'><strong>moriae</strong></span> <span class='ocrx_word' id='word_1_377' title='bbox 2288 2273 2554 2341; x_wconf 91' lang='lat' dir='ltr'><strong>adoratio)</strong></span> <span class='ocrx_word' id='word_1_378' title='bbox 2589 2270 2659 2328; x_wconf 89' lang='lat' dir='ltr'><strong>ob</strong></span> <span class='ocrx_word' id='word_1_379' title='bbox 2710 2274 2929 2327; x_wconf 81' lang='lat' dir='ltr'><strong>nimiam</strong></span> <span class='ocrx_word' id='word_1_380' title='bbox 2959 2290 3110 2328; x_wconf 90' lang='lat' dir='ltr'><strong>suam</strong></span> <span class='ocrx_word' id='word_1_381' title='bbox 3144 2274 3467 2329; x_wconf 78' lang='lat' dir='ltr'><strong>charitatem</strong></span> <span class='ocrx_word' id='word_1_382' title='bbox 3504 2276 3655 2329; x_wconf 64' lang='lat' dir='ltr'><strong>simio</strong></span> 
     </span>
    </p>
   </div>
   <div class='ocr_carea' id='block_1_54' title="bbox 2068 2365 3653 2436">
    <p class='ocr_par' dir='ltr' id='par_1_54' title="bbox 2068 2365 3653 2436">
     <span class='ocr_line' id='line_1_54' title="bbox 2068 2365 3653 2436; baseline 0 -16"><span class='ocrx_word' id='word_1_383' title='bbox 2068 2365 2191 2420; x_wconf 90' lang='lat' dir='ltr'><strong>liter</strong></span> <span class='ocrx_word' id='word_1_384' title='bbox 2219 2375 2475 2436; x_wconf 87' lang='lat' dir='ltr'><strong>operatus</strong></span> <span class='ocrx_word' id='word_1_385' title='bbox 2524 2374 2607 2421; x_wconf 89' lang='lat' dir='ltr'><strong>est</strong></span> <span class='ocrx_word' id='word_1_386' title='bbox 2647 2365 2761 2420; x_wconf 89' lang='lat' dir='ltr'><strong>suis</strong></span> <span class='ocrx_word' id='word_1_387' title='bbox 2816 2365 3112 2435; x_wconf 83' lang='lat' dir='ltr'><strong>discipulis,</strong></span> <span class='ocrx_word' id='word_1_388' title='bbox 3162 2380 3284 2421; x_wconf 87' lang='lat' dir='ltr'><strong>cmn</strong></span> <span class='ocrx_word' id='word_1_389' title='bbox 3333 2367 3474 2421; x_wconf 86' lang='lat' dir='ltr'><strong>dixit</strong></span> <span class='ocrx_word' id='word_1_390' title='bbox 3516 2369 3600 2422; x_wconf 85' lang='lat' dir='ltr'><strong>eis</strong></span> <span class='ocrx_word' id='word_1_391' title='bbox 3636 2384 3653 2420; x_wconf 89' lang='lat'><strong>:</strong></span> 
     </span>
    </p>
   </div>
   <div class='ocr_carea' id='block_1_55' title="bbox 2070 2456 3657 2528">
    <p class='ocr_par' dir='ltr' id='par_1_55' title="bbox 2070 2456 3657 2528">
     <span class='ocr_line' id='line_1_55' title="bbox 2070 2456 3657 2528; baseline 0.002 -16"><span class='ocrx_word' id='word_1_392' title='bbox 2070 2456 2263 2528; x_wconf 84' lang='lat' dir='ltr'><strong>Utique</strong></span> <span class='ocrx_word' id='word_1_393' title='bbox 2290 2475 2393 2513; x_wconf 83' lang='lat' dir='ltr'><strong>non</strong></span> <span class='ocrx_word' id='word_1_394' title='bbox 2426 2476 2548 2513; x_wconf 82' lang='lat' dir='ltr'><strong>voco</strong></span> <span class='ocrx_word' id='word_1_395' title='bbox 2579 2476 2662 2512; x_wconf 73' lang='lat' dir='ltr'><strong>eos</strong></span> <span class='ocrx_word' id='word_1_396' title='bbox 2692 2462 2887 2521; x_wconf 74' lang='lat' dir='ltr'><strong>serrbs,</strong></span> <span class='ocrx_word' id='word_1_397' title='bbox 2924 2459 3025 2513; x_wconf 84' lang='lat' dir='ltr'><strong>sed-</strong></span> <span class='ocrx_word' id='word_1_398' title='bbox 3045 2460 3260 2527; x_wconf 78' lang='lat' dir='ltr'><strong>fratres,</strong></span> <span class='ocrx_word' id='word_1_399' title='bbox 3283 2468 3333 2513; x_wconf 87' lang='lat' dir='ltr'><strong>et</strong></span> <span class='ocrx_word' id='word_1_400' title='bbox 3356 2461 3580 2523; x_wconf 86' lang='lat' dir='ltr'><strong>amicos,</strong></span> <span class='ocrx_word' id='word_1_401' title='bbox 3603 2470 3657 2515; x_wconf 85' lang='lat' dir='ltr'><strong>et</strong></span> 
     </span>
    </p>
   </div>
   <div class='ocr_carea' id='block_1_56' title="bbox 2068 2548 3658 2622">
    <p class='ocr_par' dir='ltr' id='par_1_56' title="bbox 2068 2548 3658 2622">
     <span class='ocr_line' id='line_1_56' title="bbox 2068 2548 3658 2622; baseline 0.004 -21"><span class='ocrx_word' id='word_1_402' title='bbox 2068 2548 2206 2616; x_wconf 75' lang='lat' dir='ltr'><strong>ﬁlios</strong></span> <span class='ocrx_word' id='word_1_403' title='bbox 2230 2550 2297 2601; x_wconf 71' lang='grc' dir='ltr'><strong>σθ.</strong></span> <span class='ocrx_word' id='word_1_404' title='bbox 2334 2548 2577 2618; x_wconf 88' lang='lat' dir='ltr'><strong>Cumque</strong></span> <span class='ocrx_word' id='word_1_405' title='bbox 2612 2549 2737 2603; x_wconf 88' lang='lat' dir='ltr'><strong>facti</strong></span> <span class='ocrx_word' id='word_1_406' title='bbox 2766 2553 2948 2604; x_wconf 85' lang='lat' dir='ltr'><strong>ess‘ent</strong></span> <span class='ocrx_word' id='word_1_407' title='bbox 2968 2550 3029 2603; x_wconf 87' lang='lat' dir='ltr'><strong>ei</strong></span> <span class='ocrx_word' id='word_1_408' title='bbox 3050 2552 3103 2603; x_wconf 87' lang='lat' dir='ltr'><strong>in</strong></span> <span class='ocrx_word' id='word_1_409' title='bbox 3136 2550 3297 2617; x_wconf 88' lang='lat' dir='ltr'><strong>filios,</strong></span> <span class='ocrx_word' id='word_1_410' title='bbox 3326 2553 3533 2622; x_wconf 80' lang='lat' dir='ltr'><strong>rogavit</strong></span> <span class='ocrx_word' id='word_1_411' title='bbox 3554 2568 3658 2622; x_wconf 70' lang='lat' dir='ltr'><strong>pro</strong></span> 
     </span>
    </p>
   </div>
   <div class='ocr_carea' id='block_1_57' title="bbox 2070 2639 3659 2706">
    <p class='ocr_par' dir='ltr' id='par_1_57' title="bbox 2070 2639 3659 2706">
     <span class='ocr_line' id='line_1_57' title="bbox 2070 2639 3659 2706; baseline 0.001 -10"><span class='ocrx_word' id='word_1_412' title='bbox 2070 2642 2150 2696; x_wconf 87' lang='lat' dir='ltr'><strong>eis</strong></span> <span class='ocrx_word' id='word_1_413' title='bbox 2188 2641 2401 2696; x_wconf 82' lang='lat' dir='ltr'><strong>Patrem</strong></span> <span class='ocrx_word' id='word_1_414' title='bbox 2440 2641 2626 2696; x_wconf 92' lang='lat' dir='ltr'><strong>dicens</strong></span> <span class='ocrx_word' id='word_1_415' title='bbox 2658 2658 2671 2693; x_wconf 91' lang='lat'><strong>:</strong></span> <span class='ocrx_word' id='word_1_416' title='bbox 2708 2639 2887 2706; x_wconf 84' lang='lat' dir='ltr'><strong>Pater,</strong></span> <span class='ocrx_word' id='word_1_417' title='bbox 2915 2641 3029 2695; x_wconf 83' lang='lat' dir='ltr'><strong>volo</strong></span> <span class='ocrx_word' id='word_1_418' title='bbox 3058 2650 3112 2695; x_wconf 80' lang='lat' dir='ltr'><strong>ut</strong></span> <span class='ocrx_word' id='word_1_419' title='bbox 3174 2643 3280 2697; x_wconf 79' lang='lat' dir='ltr'><strong>sint</strong></span> <span class='ocrx_word' id='word_1_420' title='bbox 3319 2644 3407 2697; x_wconf 83' lang='lat' dir='ltr'><strong>isti</strong></span> <span class='ocrx_word' id='word_1_421' title='bbox 3434 2645 3521 2696; x_wconf 88' lang='lat' dir='ltr'><strong>ubi</strong></span> <span class='ocrx_word' id='word_1_422' title='bbox 3559 2662 3659 2698; x_wconf 82' lang='lat' dir='ltr'><strong>ero</strong></span> 
     </span>
    </p>
   </div>
   <div class='ocr_carea' id='block_1_58' title="bbox 2068 2735 3657 2804">
    <p class='ocr_par' dir='ltr' id='par_1_58' title="bbox 2068 2735 3657 2804">
     <span class='ocr_line' id='line_1_58' title="bbox 2068 2735 3657 2804; baseline 0.002 -16"><span class='ocrx_word' id='word_1_423' title='bbox 2068 2744 2118 2788; x_wconf 84' lang='lat' dir='ltr'><strong>et</strong></span> <span class='ocrx_word' id='word_1_424' title='bbox 2148 2749 2243 2803; x_wconf 86' lang='lat' dir='ltr'><strong>ego</strong></span> <span class='ocrx_word' id='word_1_425' title='bbox 2264 2749 2284 2787; x_wconf 90' lang='lat'><strong><em>:</em></strong></span> <span class='ocrx_word' id='word_1_426' title='bbox 2310 2735 2556 2803; x_wconf 84' lang='lat' dir='ltr'><strong>quoniam</strong></span> <span class='ocrx_word' id='word_1_427' title='bbox 2582 2750 2675 2804; x_wconf 87' lang='lat' dir='ltr'><strong>ego</strong></span> <span class='ocrx_word' id='word_1_428' title='bbox 2700 2751 2814 2788; x_wconf 88' lang='lat' dir='ltr'><strong>sum</strong></span> <span class='ocrx_word' id='word_1_429' title='bbox 2839 2736 2980 2799; x_wconf 82' lang='lat' dir='ltr'><strong>inte,</strong></span> <span class='ocrx_word' id='word_1_430' title='bbox 3010 2744 3058 2789; x_wconf 87' lang='lat' dir='ltr'><strong>et</strong></span> <span class='ocrx_word' id='word_1_431' title='bbox 3089 2736 3178 2789; x_wconf 88' lang='lat' dir='ltr'><strong>isti</strong></span> <span class='ocrx_word' id='word_1_432' title='bbox 3190 2736 3244 2789; x_wconf 80' lang='lat' dir='ltr'><strong>in</strong></span> <span class='ocrx_word' id='word_1_433' title='bbox 3269 2753 3370 2800; x_wconf 87' lang='lat' dir='ltr'><strong>me,</strong></span> <span class='ocrx_word' id='word_1_434' title='bbox 3408 2747 3462 2789; x_wconf 81' lang='lat' dir='ltr'><strong>ut</strong></span> <span class='ocrx_word' id='word_1_435' title='bbox 3485 2737 3657 2791; x_wconf 62' lang='lat' dir='ltr'><strong>simus</strong></span> 
     </span>
    </p>
   </div>
   <div class='ocr_carea' id='block_1_59' title="bbox 2072 2821 3657 2892">
    <p class='ocr_par' dir='ltr' id='par_1_59' title="bbox 2072 2821 3657 2892">
     <span class='ocr_line' id='line_1_59' title="bbox 2072 2821 3657 2892; baseline 0 -17"><span class='ocrx_word' id='word_1_436' title='bbox 2072 2839 2251 2877; x_wconf 81' lang='lat' dir='ltr'><strong>omnes</strong></span> <span class='ocrx_word' id='word_1_437' title='bbox 2278 2822 2499 2892; x_wconf 76' lang='lat' dir='ltr'><strong>perfecti</strong></span> <span class='ocrx_word' id='word_1_438' title='bbox 2524 2825 2578 2876; x_wconf 85' lang='lat' dir='ltr'><strong>in</strong></span> <span class='ocrx_word' id='word_1_439' title='bbox 2608 2822 2807 2877; x_wconf 82' lang='lat' dir='ltr'><strong>unitate</strong></span> <span class='ocrx_word' id='word_1_440' title='bbox 2838 2822 2905 2875; x_wconf 86' lang='lat'><strong>“.</strong></span> <span class='ocrx_word' id='word_1_441' title='bbox 2948 2821 3245 2877; x_wconf 85' lang='lat' dir='ltr'><strong>Considera</strong></span> <span class='ocrx_word' id='word_1_442' title='bbox 3283 2822 3445 2891; x_wconf 83' lang='lat' dir='ltr'><strong>igitur</strong></span> <span class='ocrx_word' id='word_1_443' title='bbox 3480 2832 3537 2877; x_wconf 83' lang='lat' dir='ltr'><strong>et</strong></span> <span class='ocrx_word' id='word_1_444' title='bbox 3562 2823 3657 2875; x_wconf 74' lang='lat' dir='ltr'><strong>in-</strong></span> 
     </span>
    </p>
   </div>
   <div class='ocr_carea' id='block_1_60' title="bbox 2078 2911 3662 2984">
    <p class='ocr_par' dir='ltr' id='par_1_60' title="bbox 2078 2911 3662 2984">
     <span class='ocr_line' id='line_1_60' title="bbox 2078 2911 3662 2984; baseline 0.003 -19"><span class='ocrx_word' id='word_1_445' title='bbox 2078 2913 2276 2984; x_wconf 88' lang='lat' dir='ltr'><strong>tellige,</strong></span> <span class='ocrx_word' id='word_1_446' title='bbox 2310 2928 2416 2983; x_wconf 91' lang='lat' dir='ltr'><strong>qua</strong></span> <span class='ocrx_word' id='word_1_447' title='bbox 2471 2913 2682 2968; x_wconf 89' lang='lat' dir='ltr'><strong>ratione</strong></span> <span class='ocrx_word' id='word_1_448' title='bbox 2735 2913 2943 2984; x_wconf 87' lang='lat' dir='ltr'><strong>rogavit</strong></span> <span class='ocrx_word' id='word_1_449' title='bbox 2979 2913 3236 2968; x_wconf 88' lang='lat' dir='ltr'><strong>Dominus</strong></span> <span class='ocrx_word' id='word_1_450' title='bbox 3266 2923 3449 2968; x_wconf 88' lang='lat' dir='ltr'><strong>noster</strong></span> <span class='ocrx_word' id='word_1_451' title='bbox 3490 2911 3662 2969; x_wconf 67' lang='lat' dir='ltr'><strong>lusus</strong></span> 
     </span>
    </p>
   </div>
   <div class='ocr_carea' id='block_1_61' title="bbox 390 3004 3656 3086">
    <p class='ocr_par' dir='ltr' id='par_1_61' title="bbox 390 3004 3656 3086">
     <span class='ocr_line' id='line_1_61' title="bbox 390 3004 3656 3086; baseline 0.002 -31"><span class='ocrx_word' id='word_1_452' title='bbox 390 3004 597 3057; x_wconf 78' lang='lat' dir='ltr'><strong>mittam</strong></span> <span class='ocrx_word' id='word_1_453' title='bbox 641 3006 687 3058; x_wconf 90' lang='lat' dir='ltr'><strong>ei</strong></span> <span class='ocrx_word' id='word_1_454' title='bbox 714 3022 893 3075; x_wconf 87' lang='lat' dir='ltr'><strong>pacem</strong></span> <span class='ocrx_word' id='word_1_455' title='bbox 946 3006 1003 3058; x_wconf 85' lang='lat' dir='ltr'><strong>in</strong></span> <span class='ocrx_word' id='word_1_456' title='bbox 1034 3005 1396 3058; x_wconf 80' lang='lat' dir='ltr'><strong>misericordia</strong></span> <span class='ocrx_word' id='word_1_457' title='bbox 1424 3004 1558 3074; x_wconf 86' lang='lat' dir='ltr'><strong>ejus,</strong></span> <span class='ocrx_word' id='word_1_458' title='bbox 1589 3005 1731 3057; x_wconf 84' lang='lat' dir='ltr'><strong>omni</strong></span> <span class='ocrx_word' id='word_1_459' title='bbox 1772 3015 1967 3073; x_wconf 84' lang='lat' dir='ltr'><strong>tempo-</strong></span> <span class='ocrx_word' id='word_1_460' title='bbox 1999 3029 2043 3086; x_wconf 71' lang='grc' dir='ltr'>ο</span> <span class='ocrx_word' id='word_1_461' title='bbox 2073 3006 2323 3061; x_wconf 83' lang='lat' dir='ltr'><strong>Christus</strong></span> <span class='ocrx_word' id='word_1_462' title='bbox 2369 3006 2582 3061; x_wconf 86' lang='lat' dir='ltr'><strong>Patrem</strong></span> <span class='ocrx_word' id='word_1_463' title='bbox 2612 3021 2769 3061; x_wconf 88' lang='lat' dir='ltr'><strong>suum</strong></span> <span class='ocrx_word' id='word_1_464' title='bbox 2798 3021 2896 3075; x_wconf 89' lang='lat' dir='ltr'><strong>pro</strong></span> <span class='ocrx_word' id='word_1_465' title='bbox 2927 3005 3206 3077; x_wconf 78' lang='lat' dir='ltr'><strong>discipulis</strong></span> <span class='ocrx_word' id='word_1_466' title='bbox 3244 3007 3379 3069; x_wconf 85' lang='lat' dir='ltr'><strong>suis,</strong></span> <span class='ocrx_word' id='word_1_467' title='bbox 3414 3023 3480 3061; x_wconf 89' lang='lat' dir='ltr'><strong>co</strong></span> <span class='ocrx_word' id='word_1_468' title='bbox 3508 3008 3656 3076; x_wconf 83' lang='lat' dir='ltr'><strong>quod</strong></span> 
     </span>
    </p>
   </div>
   <div class='ocr_carea' id='block_1_62' title="bbox 392 3094 1970 3163">
    <p class='ocr_par' dir='ltr' id='par_1_62' title="bbox 392 3094 1970 3163">
     <span class='ocr_line' id='line_1_62' title="bbox 392 3094 1970 3163; baseline 0.003 -16"><span class='ocrx_word' id='word_1_469' title='bbox 392 3094 533 3148; x_wconf 81' lang='lat' dir='ltr'><strong>re”.</strong></span> <span class='ocrx_word' id='word_1_470' title='bbox 566 3096 666 3163; x_wconf 86' lang='lat' dir='ltr'><strong>Qui</strong></span> <span class='ocrx_word' id='word_1_471' title='bbox 708 3098 897 3153; x_wconf 83' lang='lat' dir='ltr'><strong>invisit</strong></span> <span class='ocrx_word' id='word_1_472' title='bbox 935 3108 1215 3153; x_wconf 85' lang='lat' dir='ltr'><strong>creaturas</strong></span> <span class='ocrx_word' id='word_1_473' title='bbox 1248 3112 1377 3152; x_wconf 85' lang='lat' dir='ltr'><strong>suas</strong></span> <span class='ocrx_word' id='word_1_474' title='bbox 1430 3096 1784 3151; x_wconf 81' lang='lat' dir='ltr'><strong>manifestans</strong></span> <span class='ocrx_word' id='word_1_475' title='bbox 1813 3097 1864 3150; x_wconf 90' lang='lat' dir='ltr'><strong>in</strong></span> <span class='ocrx_word' id='word_1_476' title='bbox 1891 3099 1970 3152; x_wconf 88' lang='lat' dir='ltr'><strong>eis</strong></span> 
     </span>
    </p>
   </div>
   <div class='ocr_carea' id='block_1_63' title="bbox 394 3189 1971 3259">
    <p class='ocr_par' dir='ltr' id='par_1_63' title="bbox 394 3189 1971 3259">
     <span class='ocr_line' id='line_1_63' title="bbox 394 3189 1971 3259; baseline 0.001 -18"><span class='ocrx_word' id='word_1_477' title='bbox 394 3201 547 3243; x_wconf 81' lang='lat' dir='ltr'><strong>suam</strong></span> <span class='ocrx_word' id='word_1_478' title='bbox 604 3189 921 3254; x_wconf 87' lang='lat' dir='ltr'><strong>bonitatem,</strong></span> <span class='ocrx_word' id='word_1_479' title='bbox 973 3190 1273 3259; x_wconf 91' lang='lat' dir='ltr'><strong>elargiatur</strong></span> <span class='ocrx_word' id='word_1_480' title='bbox 1333 3190 1483 3244; x_wconf 88' lang='lat' dir='ltr'><strong>vobis</strong></span> <span class='ocrx_word' id='word_1_481' title='bbox 1537 3190 1859 3259; x_wconf 84' lang='lat' dir='ltr'><strong>sapientiam</strong></span> <span class='ocrx_word' id='word_1_482' title='bbox 1916 3200 1971 3243; x_wconf 90' lang='lat' dir='ltr'><strong>et</strong></span> 
     </span>
    </p>
   </div>
   <div class='ocr_carea' id='block_1_64' title="bbox 396 3278 1971 3350">
    <p class='ocr_par' dir='ltr' id='par_1_64' title="bbox 396 3278 1971 3350">
     <span class='ocr_line' id='line_1_64' title="bbox 396 3278 1971 3350; baseline 0.003 -17"><span class='ocrx_word' id='word_1_483' title='bbox 396 3278 681 3334; x_wconf 79' lang='lat' dir='ltr'><strong>scientiam</strong></span> <span class='ocrx_word' id='word_1_484' title='bbox 699 3292 752 3335; x_wconf 90' lang='lat' dir='ltr'><strong>et</strong></span> <span class='ocrx_word' id='word_1_485' title='bbox 787 3283 1016 3350; x_wconf 82' lang='lat' dir='ltr'><strong>gratiam</strong></span> <span class='ocrx_word' id='word_1_486' title='bbox 1052 3294 1103 3336; x_wconf 89' lang='lat' dir='ltr'><strong>et</strong></span> <span class='ocrx_word' id='word_1_487' title='bbox 1126 3283 1373 3350; x_wconf 87' lang='lat' dir='ltr'><strong>spiritmn</strong></span> <span class='ocrx_word' id='word_1_488' title='bbox 1415 3284 1759 3339; x_wconf 88' lang='lat' dir='ltr'><strong>discretionis</strong></span> <span class='ocrx_word' id='word_1_489' title='bbox 1786 3283 1850 3337; x_wconf 90' lang='lat' dir='ltr'><strong>ad</strong></span> <span class='ocrx_word' id='word_1_490' title='bbox 1887 3284 1971 3337; x_wconf 86' lang='lat' dir='ltr'><strong>in-</strong></span> 
     </span>
    </p>
   </div>
   <div class='ocr_carea' id='block_1_65' title="bbox 392 3354 1969 3445">
    <p class='ocr_par' dir='ltr' id='par_1_65' title="bbox 392 3354 1969 3445">
     <span class='ocr_line' id='line_1_65' title="bbox 392 3354 1969 3445; baseline 0.003 -20"><span class='ocrx_word' id='word_1_491' title='bbox 392 3372 739 3441; x_wconf 84' lang='lat' dir='ltr'><strong>tclligendum</strong></span> <span class='ocrx_word' id='word_1_492' title='bbox 770 3390 889 3444; x_wconf 69' lang='lat' dir='ltr'><strong>qua:</strong></span> <span class='ocrx_word' id='word_1_493' title='bbox 932 3354 1131 3442; x_wconf 66' lang='lat' dir='ltr'><strong>scripsi</strong></span> <span class='ocrx_word' id='word_1_494' title='bbox 1160 3374 1311 3429; x_wconf 90' lang='lat' dir='ltr'><strong>vobis</strong></span> <span class='ocrx_word' id='word_1_495' title='bbox 1334 3390 1398 3429; x_wconf 80' lang='lat' dir='ltr'><strong>es</strong></span> <span class='ocrx_word' id='word_1_496' title='bbox 1428 3379 1713 3445; x_wconf 61' lang='lat' dir='ltr'><strong>pra:ceptis</strong></span> <span class='ocrx_word' id='word_1_497' title='bbox 1737 3375 1969 3443; x_wconf 89' lang='lat' dir='ltr'><strong>Domini,</strong></span> 
     </span>
    </p>
   </div>
   <div class='ocr_carea' id='block_1_66' title="bbox 390 3466 1962 3535">
    <p class='ocr_par' dir='ltr' id='par_1_66' title="bbox 390 3466 1962 3535">
     <span class='ocr_line' id='line_1_66' title="bbox 390 3466 1962 3535; baseline 0.004 -18"><span class='ocrx_word' id='word_1_498' title='bbox 390 3473 447 3517; x_wconf 87' lang='lat' dir='ltr'><strong>et</strong></span> <span class='ocrx_word' id='word_1_499' title='bbox 475 3479 537 3518; x_wconf 89' lang='lat' dir='ltr'><strong>ea</strong></span> <span class='ocrx_word' id='word_1_500' title='bbox 567 3466 829 3531; x_wconf 88' lang='lat' dir='ltr'><strong>doceatis,</strong></span> <span class='ocrx_word' id='word_1_501' title='bbox 862 3476 922 3522; x_wconf 91' lang='lat' dir='ltr'><strong>ut</strong></span> <span class='ocrx_word' id='word_1_502' title='bbox 964 3482 1057 3522; x_wconf 87' lang='lat' dir='ltr'><strong>vos</strong></span> <span class='ocrx_word' id='word_1_503' title='bbox 1106 3481 1272 3535; x_wconf 89' lang='lat' dir='ltr'><strong>puros</strong></span> <span class='ocrx_word' id='word_1_504' title='bbox 1309 3476 1530 3521; x_wconf 89' lang='lat' dir='ltr'><strong>servent</strong></span> <span class='ocrx_word' id='word_1_505' title='bbox 1563 3482 1732 3535; x_wconf 78' lang='lat' dir='ltr'><strong>usque.</strong></span> <span class='ocrx_word' id='word_1_506' title='bbox 1762 3468 1828 3521; x_wconf 87' lang='lat' dir='ltr'><strong>ad</strong></span> <span class='ocrx_word' id='word_1_507' title='bbox 1872 3483 1962 3523; x_wconf 87' lang='lat' dir='ltr'><strong>no-</strong></span> 
     </span>
    </p>
   </div>
   <div class='ocr_carea' id='block_1_67' title="bbox 394 3556 1975 3627">
    <p class='ocr_par' dir='ltr' id='par_1_67' title="bbox 394 3556 1975 3627">
     <span class='ocr_line' id='line_1_67' title="bbox 394 3556 1975 3627; baseline 0.003 -19"><span class='ocrx_word' id='word_1_508' title='bbox 394 3556 676 3610; x_wconf 88' lang='lat' dir='ltr'><strong>vissimum</strong></span> <span class='ocrx_word' id='word_1_509' title='bbox 723 3559 998 3627; x_wconf 86' lang='lat' dir='ltr'><strong>spiritum.</strong></span> <span class='ocrx_word' id='word_1_510' title='bbox 1031 3558 1255 3626; x_wconf 84' lang='lat' dir='ltr'><strong>Ipseque</strong></span> <span class='ocrx_word' id='word_1_511' title='bbox 1288 3557 1546 3625; x_wconf 90' lang='lat' dir='ltr'><strong>suscipiat</strong></span> <span class='ocrx_word' id='word_1_512' title='bbox 1578 3572 1606 3609; x_wconf 88' lang='lat' dir='ltr'><strong>a</strong></span> <span class='ocrx_word' id='word_1_513' title='bbox 1663 3572 1747 3612; x_wconf 88' lang='lat' dir='ltr'><strong>me</strong></span> <span class='ocrx_word' id='word_1_514' title='bbox 1786 3573 1975 3627; x_wconf 86' lang='lat' dir='ltr'><strong>preces</strong></span> 
     </span>
    </p>
   </div>
   <div class='ocr_carea' id='block_1_68' title="bbox 397 3646 1973 3720">
    <p class='ocr_par' dir='ltr' id='par_1_68' title="bbox 397 3646 1973 3720">
     <span class='ocr_line' id='line_1_68' title="bbox 397 3646 1973 3720; baseline 0.004 -21"><span class='ocrx_word' id='word_1_515' title='bbox 397 3646 498 3700; x_wconf 83' lang='lat' dir='ltr'><strong>bas</strong></span> <span class='ocrx_word' id='word_1_516' title='bbox 521 3663 668 3702; x_wconf 88' lang='lat' dir='ltr'><strong>meas</strong></span> <span class='ocrx_word' id='word_1_517' title='bbox 692 3664 810 3717; x_wconf 67' lang='lat' dir='ltr'><strong>qua:</strong></span> <span class='ocrx_word' id='word_1_518' title='bbox 834 3660 959 3703; x_wconf 92' lang='lat' dir='ltr'><strong>sunt</strong></span> <span class='ocrx_word' id='word_1_519' title='bbox 987 3666 1084 3720; x_wconf 88' lang='lat' dir='ltr'><strong>pro</strong></span> <span class='ocrx_word' id='word_1_520' title='bbox 1116 3660 1292 3703; x_wconf 86' lang='lat' dir='ltr'><strong>vestra</strong></span> <span class='ocrx_word' id='word_1_521' title='bbox 1323 3649 1565 3702; x_wconf 89' lang='lat' dir='ltr'><strong>onmium</strong></span> <span class='ocrx_word' id='word_1_522' title='bbox 1591 3649 1787 3714; x_wconf 89' lang='lat' dir='ltr'><strong>salute,</strong></span> <span class='ocrx_word' id='word_1_523' title='bbox 1825 3651 1973 3706; x_wconf 91' lang='lat' dir='ltr'><strong>lilioli</strong></span> 
     </span>
    </p>
   </div>
   <div class='ocr_carea' id='block_1_69' title="bbox 397 3742 1975 3817">
    <p class='ocr_par' dir='ltr' id='par_1_69' title="bbox 397 3742 1975 3817">
     <span class='ocr_line' id='line_1_69' title="bbox 397 3742 1975 3817; baseline 0.007 -24"><span class='ocrx_word' id='word_1_524' title='bbox 397 3742 500 3795; x_wconf 92' lang='lat' dir='ltr'><strong>mei</strong></span> <span class='ocrx_word' id='word_1_525' title='bbox 540 3743 881 3798; x_wconf 90' lang='lat' dir='ltr'><strong>dilectissimi</strong></span> <span class='ocrx_word' id='word_1_526' title='bbox 918 3745 970 3798; x_wconf 92' lang='lat' dir='ltr'><strong>in</strong></span> <span class='ocrx_word' id='word_1_527' title='bbox 1003 3746 1249 3800; x_wconf 90' lang='lat' dir='ltr'><strong>Domino.</strong></span> <span class='ocrx_word' id='word_1_528' title='bbox 1292 3744 1393 3799; x_wconf 87' lang='lat' dir='ltr'><strong>Cui</strong></span> <span class='ocrx_word' id='word_1_529' title='bbox 1430 3745 1601 3815; x_wconf 90' lang='lat' dir='ltr'><strong>gloria</strong></span> <span class='ocrx_word' id='word_1_530' title='bbox 1636 3756 1688 3800; x_wconf 91' lang='lat' dir='ltr'><strong>et</strong></span> <span class='ocrx_word' id='word_1_531' title='bbox 1717 3748 1975 3817; x_wconf 88' lang='lat' dir='ltr'><strong>majestas</strong></span> 
     </span>
    </p>
   </div>
   <div class='ocr_carea' id='block_1_70' title="bbox 397 3833 982 3889">
    <p class='ocr_par' dir='ltr' id='par_1_70' title="bbox 397 3833 982 3889">
     <span class='ocr_line' id='line_1_70' title="bbox 397 3833 982 3889; baseline 0.007 -4"><span class='ocrx_word' id='word_1_532' title='bbox 397 3833 450 3885; x_wconf 87' lang='lat' dir='ltr'><strong>in</strong></span> <span class='ocrx_word' id='word_1_533' title='bbox 472 3840 749 3887; x_wconf 66' lang='lat' dir='ltr'><strong>aeternum.</strong></span> <span class='ocrx_word' id='word_1_534' title='bbox 789 3837 982 3889; x_wconf 80' lang='lat' dir='ltr'><strong>Amen.</strong></span> 
     </span>
    </p>
   </div>
   <div class='ocr_carea' id='block_1_71' title="bbox 932 3970 1443 4026">
    <p class='ocr_par' dir='ltr' id='par_1_71' title="bbox 932 3970 1443 4026">
     <span class='ocr_line' id='line_1_71' title="bbox 932 3970 1443 4026; baseline 0 -1"><span class='ocrx_word' id='word_1_535' title='bbox 932 3971 1261 4025; x_wconf 77' lang='lat' dir='ltr'><strong>EI’ISTOLA</strong></span> <span class='ocrx_word' id='word_1_536' title='bbox 1308 3970 1443 4026; x_wconf 85' lang='lat' dir='ltr'><strong>Vill.</strong></span> 
     </span>
    </p>
   </div>
   <div class='ocr_carea' id='block_1_72' title="bbox 401 4082 1978 4158">
    <p class='ocr_par' dir='ltr' id='par_1_72' title="bbox 401 4082 1978 4158">
     <span class='ocr_line' id='line_1_72' title="bbox 401 4082 1978 4158; baseline 0.006 -23"><span class='ocrx_word' id='word_1_537' title='bbox 401 4082 561 4139; x_wconf 75' lang='lat' dir='ltr'><strong>Filiis</strong></span> <span class='ocrx_word' id='word_1_538' title='bbox 593 4087 701 4140; x_wconf 84' lang='lat' dir='ltr'><strong>suis</strong></span> <span class='ocrx_word' id='word_1_539' title='bbox 733 4090 996 4141; x_wconf 79' lang='lat' dir='ltr'><strong>monachis</strong></span> <span class='ocrx_word' id='word_1_540' title='bbox 1019 4132 1030 4150; x_wconf 84' lang='lat'><strong>,</strong></span> <span class='ocrx_word' id='word_1_541' title='bbox 1080 4090 1303 4142; x_wconf 77' lang='lat' dir='ltr'><strong>incitans</strong></span> <span class='ocrx_word' id='word_1_542' title='bbox 1333 4106 1419 4141; x_wconf 78' lang='lat' dir='ltr'><strong>eos</strong></span> <span class='ocrx_word' id='word_1_543' title='bbox 1461 4092 1529 4142; x_wconf 83' lang='lat' dir='ltr'><strong>ad</strong></span> <span class='ocrx_word' id='word_1_544' title='bbox 1560 4092 1888 4158; x_wconf 79' lang='lat' dir='ltr'><strong>certandum,</strong></span> <span class='ocrx_word' id='word_1_545' title='bbox 1922 4103 1978 4145; x_wconf 89' lang='lat' dir='ltr'><strong>ut</strong></span> 
     </span>
    </p>
   </div>
   <div class='ocr_carea' id='block_1_73' title="bbox 472 4158 1971 4229">
    <p class='ocr_par' dir='ltr' id='par_1_73' title="bbox 472 4158 1971 4229">
     <span class='ocr_line' id='line_1_73' title="bbox 472 4158 1971 4229; baseline 0.005 -20"><span class='ocrx_word' id='word_1_546' title='bbox 472 4170 852 4229; x_wconf 77' lang='lat' dir='ltr'><strong>consequamur</strong></span> <span class='ocrx_word' id='word_1_547' title='bbox 902 4160 985 4211; x_wconf 81' lang='lat' dir='ltr'><strong>hic</strong></span> <span class='ocrx_word' id='word_1_548' title='bbox 1028 4158 1280 4229; x_wconf 76' lang='lat' dir='ltr'><strong>Spiritum</strong></span> <span class='ocrx_word' id='word_1_549' title='bbox 1337 4173 1571 4213; x_wconf 85' lang='lat' dir='ltr'><strong>sanctum</strong></span> <span class='ocrx_word' id='word_1_550' title='bbox 1624 4162 1872 4229; x_wconf 87' lang='lat' dir='ltr'><strong>igneum,</strong></span> <span class='ocrx_word' id='word_1_551' title='bbox 1922 4174 1971 4217; x_wconf 81' lang='lat' dir='ltr'><strong>et</strong></span> 
     </span>
    </p>
   </div>
   <div class='ocr_carea' id='block_1_74' title="bbox 470 4227 1970 4286">
    <p class='ocr_par' dir='ltr' id='par_1_74' title="bbox 470 4227 1970 4286">
     <span class='ocr_line' id='line_1_74' title="bbox 470 4227 1970 4286; baseline 0.004 -6"><span class='ocrx_word' id='word_1_552' title='bbox 470 4227 626 4280; x_wconf 82' lang='lat' dir='ltr'><strong>simul</strong></span> <span class='ocrx_word' id='word_1_553' title='bbox 662 4231 963 4281; x_wconf 78' lang='lat' dir='ltr'><strong>com-cuiam</strong></span> <span class='ocrx_word' id='word_1_554' title='bbox 999 4230 1128 4282; x_wconf 85' lang='lat' dir='ltr'><strong>illic.</strong></span> <span class='ocrx_word' id='word_1_555' title='bbox 1163 4227 1273 4283; x_wconf 78' lang='lat' dir='ltr'><strong>Nec</strong></span> <span class='ocrx_word' id='word_1_556' title='bbox 1305 4246 1408 4283; x_wconf 80' lang='lat' dir='ltr'><strong>non</strong></span> <span class='ocrx_word' id='word_1_557' title='bbox 1458 4232 1510 4282; x_wconf 84' lang='lat' dir='ltr'><strong>in</strong></span> <span class='ocrx_word' id='word_1_558' title='bbox 1555 4227 1736 4283; x_wconf 76' lang='lat' dir='ltr'><strong>eorum</strong></span> <span class='ocrx_word' id='word_1_559' title='bbox 1766 4243 1970 4286; x_wconf 79' lang='lat' dir='ltr'><strong>revocat</strong></span> 
     </span>
    </p>
   </div>
   <div class='ocr_carea' id='block_1_75' title="bbox 469 4299 1977 4370">
    <p class='ocr_par' dir='ltr' id='par_1_75' title="bbox 469 4299 1977 4370">
     <span class='ocr_line' id='line_1_75' title="bbox 469 4299 1977 4370; baseline 0.004 -21"><span class='ocrx_word' id='word_1_560' title='bbox 469 4299 772 4349; x_wconf 85' lang='lat' dir='ltr'><strong>memoriam</strong></span> <span class='ocrx_word' id='word_1_561' title='bbox 811 4316 906 4351; x_wconf 86' lang='lat' dir='ltr'><strong>sua</strong></span> <span class='ocrx_word' id='word_1_562' title='bbox 937 4301 1249 4359; x_wconf 78' lang='lat' dir='ltr'><strong>certamina,</strong></span> <span class='ocrx_word' id='word_1_563' title='bbox 1294 4300 1600 4367; x_wconf 79' lang='lat' dir='ltr'><strong>signi/imus</strong></span> <span class='ocrx_word' id='word_1_564' title='bbox 1633 4301 1707 4354; x_wconf 87' lang='lat' dir='ltr'><strong>eis</strong></span> <span class='ocrx_word' id='word_1_565' title='bbox 1755 4318 1872 4370; x_wconf 83' lang='lat' dir='ltr'><strong>qua:</strong></span> <span class='ocrx_word' id='word_1_566' title='bbox 1901 4314 1977 4357; x_wconf 82' lang='lat' dir='ltr'><strong>est</strong></span> 
     </span>
    </p>
   </div>
   <div class='ocr_carea' id='block_1_76' title="bbox 468 4366 2055 4441">
    <p class='ocr_par' dir='ltr' id='par_1_76' title="bbox 468 4366 2055 4441">
     <span class='ocr_line' id='line_1_76' title="bbox 468 4366 2055 4441; baseline 0.005 -22"><span class='ocrx_word' id='word_1_567' title='bbox 468 4378 860 4441; x_wconf 72' lang='lat' dir='ltr'><strong>consecuturus,</strong></span> <span class='ocrx_word' id='word_1_568' title='bbox 893 4380 946 4421; x_wconf 86' lang='lat' dir='ltr'><strong>ut</strong></span> <span class='ocrx_word' id='word_1_569' title='bbox 979 4374 1058 4423; x_wconf 82' lang='lat' dir='ltr'><strong>his</strong></span> <span class='ocrx_word' id='word_1_570' title='bbox 1082 4370 1197 4422; x_wconf 85' lang='lat' dir='ltr'><strong>illos</strong></span> <span class='ocrx_word' id='word_1_571' title='bbox 1224 4366 1674 4441; x_wconf 13' lang='lat' dir='ltr'><strong>incit’et.70portet</strong></span> <span class='ocrx_word' id='word_1_572' title='bbox 1702 4366 1894 4441; x_wconf 65' lang='lat' dir='ltr'><strong>autem,</strong></span> <span class='ocrx_word' id='word_1_573' title='bbox 1922 4385 1977 4426; x_wconf 89' lang='lat' dir='ltr'><strong>ut</strong></span> <span class='ocrx_word' id='word_1_574' title='bbox 2013 4366 2055 4421; x_wconf 86' lang='grc' dir='ltr'><strong>ῐ)</strong></span> 
     </span>
    </p>
   </div>
   <div class='ocr_carea' id='block_1_77' title="bbox 470 4438 1335 4509">
    <p class='ocr_par' dir='ltr' id='par_1_77' title="bbox 470 4438 1335 4509">
     <span class='ocr_line' id='line_1_77' title="bbox 470 4438 1335 4509; baseline 0.003 -19"><span class='ocrx_word' id='word_1_575' title='bbox 470 4438 673 4508; x_wconf 83' lang='lat' dir='ltr'><strong>legatur</strong></span> <span class='ocrx_word' id='word_1_576' title='bbox 695 4440 777 4491; x_wconf 82' lang='lat' dir='ltr'><strong>die</strong></span> <span class='ocrx_word' id='word_1_577' title='bbox 795 4439 906 4509; x_wconf 84' lang='lat' dir='ltr'><strong>ejus</strong></span> <span class='ocrx_word' id='word_1_578' title='bbox 932 4441 1120 4493; x_wconf 80' lang='lat' dir='ltr'><strong>obitus.</strong></span> <span class='ocrx_word' id='word_1_579' title='bbox 1145 4441 1290 4494; x_wconf 77' lang='lat' dir='ltr'><strong>Dixit</strong></span> <span class='ocrx_word' id='word_1_580' title='bbox 1316 4454 1335 4493; x_wconf 90' lang='lat'><strong><em>:</em></strong></span> 
     </span>
    </p>
   </div>
   <div class='ocr_carea' id='block_1_78' title="bbox 470 4574 1970 4646">
    <p class='ocr_par' dir='ltr' id='par_1_78' title="bbox 470 4574 1970 4646">
     <span class='ocr_line' id='line_1_78' title="bbox 470 4574 1970 4646; baseline 0.004 -19"><span class='ocrx_word' id='word_1_581' title='bbox 470 4574 809 4629; x_wconf 83' lang='lat' dir='ltr'><strong>Dilectissimi</strong></span> <span class='ocrx_word' id='word_1_582' title='bbox 842 4576 890 4628; x_wconf 93' lang='lat' dir='ltr'><strong>in</strong></span> <span class='ocrx_word' id='word_1_583' title='bbox 947 4575 1193 4637; x_wconf 84' lang='lat' dir='ltr'><strong>Domino,</strong></span> <span class='ocrx_word' id='word_1_584' title='bbox 1237 4575 1417 4630; x_wconf 89' lang='lat' dir='ltr'><strong>scribo</strong></span> <span class='ocrx_word' id='word_1_585' title='bbox 1471 4576 1654 4642; x_wconf 69' lang='lat' dir='ltr'><strong>vobis,</strong></span> <span class='ocrx_word' id='word_1_586' title='bbox 1716 4588 1970 4646; x_wconf 86' lang='lat' dir='ltr'><strong>tanquam</strong></span> 
     </span>
    </p>
   </div>
   <div class='ocr_carea' id='block_1_79' title="bbox 400 4667 1978 4737">
    <p class='ocr_par' dir='ltr' id='par_1_79' title="bbox 400 4667 1978 4737">
     <span class='ocr_line' id='line_1_79' title="bbox 400 4667 1978 4737; baseline 0.004 -16"><span class='ocrx_word' id='word_1_587' title='bbox 400 4667 542 4733; x_wconf 90' lang='lat' dir='ltr'><strong>filiis,</strong></span> <span class='ocrx_word' id='word_1_588' title='bbox 585 4669 697 4721; x_wconf 88' lang='lat' dir='ltr'><strong>suis</strong></span> <span class='ocrx_word' id='word_1_589' title='bbox 725 4670 1042 4737; x_wconf 89' lang='lat' dir='ltr'><strong>parentibus</strong></span> <span class='ocrx_word' id='word_1_590' title='bbox 1089 4670 1446 4725; x_wconf 82' lang='lat' dir='ltr'><strong>cltarissimis.</strong></span> <span class='ocrx_word' id='word_1_591' title='bbox 1476 4670 1691 4724; x_wconf 84' lang='lat' dir='ltr'><strong>Etenim</strong></span> <span class='ocrx_word' id='word_1_592' title='bbox 1731 4671 1822 4725; x_wconf 86' lang='lat' dir='ltr'><strong>filii</strong></span> <span class='ocrx_word' id='word_1_593' title='bbox 1856 4688 1978 4727; x_wconf 90' lang='lat' dir='ltr'><strong>car-</strong></span> 
     </span>
    </p>
   </div>
   <div class='ocr_carea' id='block_1_80' title="bbox 399 4762 1977 4833">
    <p class='ocr_par' dir='ltr' id='par_1_80' title="bbox 399 4762 1977 4833">
     <span class='ocr_line' id='line_1_80' title="bbox 399 4762 1977 4833; baseline 0.003 -18"><span class='ocrx_word' id='word_1_594' title='bbox 399 4762 569 4827; x_wconf 90' lang='lat' dir='ltr'><strong>nales,</strong></span> <span class='ocrx_word' id='word_1_595' title='bbox 596 4763 641 4815; x_wconf 90' lang='lat' dir='ltr'><strong>si</strong></span> <span class='ocrx_word' id='word_1_596' title='bbox 666 4778 883 4816; x_wconf 90' lang='lat' dir='ltr'><strong>suorum</strong></span> <span class='ocrx_word' id='word_1_597' title='bbox 922 4774 1202 4833; x_wconf 85' lang='lat' dir='ltr'><strong>parentum</strong></span> <span class='ocrx_word' id='word_1_598' title='bbox 1230 4764 1529 4817; x_wconf 84' lang='lat' dir='ltr'><strong>imitatores</strong></span> <span class='ocrx_word' id='word_1_599' title='bbox 1554 4762 1977 4833; x_wconf 85' lang='lat' dir='ltr'><strong>obedientesque</strong></span> 
     </span>
    </p>
   </div>
   <div class='ocr_carea' id='block_1_81' title="bbox 400 4855 1973 4926">
    <p class='ocr_par' dir='ltr' id='par_1_81' title="bbox 400 4855 1973 4926">
     <span class='ocr_line' id='line_1_81' title="bbox 400 4855 1973 4926; baseline 0.003 -20"><span class='ocrx_word' id='word_1_600' title='bbox 400 4855 741 4922; x_wconf 79' lang='lat' dir='ltr'><strong>chtiterint,</strong></span> <span class='ocrx_word' id='word_1_601' title='bbox 792 4872 885 4909; x_wconf 88' lang='lat' dir='ltr'><strong>eos</strong></span> <span class='ocrx_word' id='word_1_602' title='bbox 934 4856 1161 4926; x_wconf 74' lang='lat' dir='ltr'><strong>diligunt</strong></span> <span class='ocrx_word' id='word_1_603' title='bbox 1210 4870 1460 4924; x_wconf 63' lang='lat' dir='ltr'><strong>parentes</strong></span> <span class='ocrx_word' id='word_1_604' title='bbox 1512 4872 1574 4910; x_wconf 89' lang='lat' dir='ltr'><strong>ex</strong></span> <span class='ocrx_word' id='word_1_605' title='bbox 1611 4867 1723 4911; x_wconf 75' lang='lat' dir='ltr'><strong>tota</strong></span> <span class='ocrx_word' id='word_1_606' title='bbox 1768 4860 1973 4924; x_wconf 84' lang='lat' dir='ltr'><strong>corde,</strong></span> 
     </span>
    </p>
   </div>
   <div class='ocr_carea' id='block_1_82' title="bbox 401 4947 1975 5017">
    <p class='ocr_par' dir='ltr' id='par_1_82' title="bbox 401 4947 1975 5017">
     <span class='ocr_line' id='line_1_82' title="bbox 401 4947 1975 5017; baseline 0.004 -19"><span class='ocrx_word' id='word_1_607' title='bbox 401 4961 723 5015; x_wconf 75' lang='lat' dir='ltr'><strong>summoqae</strong></span> <span class='ocrx_word' id='word_1_608' title='bbox 749 4961 1152 5016; x_wconf 76' lang='lat' dir='ltr'><strong>prosequuntur</strong></span> <span class='ocrx_word' id='word_1_609' title='bbox 1194 4948 1421 5011; x_wconf 81' lang='lat' dir='ltr'><strong>honore,</strong></span> <span class='ocrx_word' id='word_1_610' title='bbox 1449 4947 1567 5017; x_wconf 86' lang='lat' dir='ltr'><strong>plus</strong></span> <span class='ocrx_word' id='word_1_611' title='bbox 1592 4964 1753 5017; x_wconf 90' lang='lat' dir='ltr'><strong>quam</strong></span> <span class='ocrx_word' id='word_1_612' title='bbox 1787 4950 1975 5005; x_wconf 87' lang='lat' dir='ltr'><strong>inube-</strong></span> 
     </span>
    </p>
   </div>
   <div class='ocr_carea' id='block_1_83' title="bbox 400 5034 1960 5111">
    <p class='ocr_par' dir='ltr' id='par_1_83' title="bbox 400 5034 1960 5111">
     <span class='ocr_line' id='line_1_83' title="bbox 400 5034 1960 5111; baseline 0.006 -22"><span class='ocrx_word' id='word_1_613' title='bbox 400 5038 609 5093; x_wconf 90' lang='lat' dir='ltr'><strong>dicntes</strong></span> <span class='ocrx_word' id='word_1_614' title='bbox 660 5040 761 5093; x_wconf 90' lang='lat' dir='ltr'><strong>sibi</strong></span> <span class='ocrx_word' id='word_1_615' title='bbox 821 5038 978 5093; x_wconf 82' lang='lat' dir='ltr'><strong>ﬁlios.</strong></span> <span class='ocrx_word' id='word_1_616' title='bbox 1040 5040 1097 5094; x_wconf 85' lang='lat' dir='ltr'><strong>Si</strong></span> <span class='ocrx_word' id='word_1_617' title='bbox 1150 5040 1277 5108; x_wconf 87' lang='lat' dir='ltr'><strong>qttid</strong></span> <span class='ocrx_word' id='word_1_618' title='bbox 1310 5055 1435 5093; x_wconf 88' lang='lat' dir='ltr'><strong>vero</strong></span> <span class='ocrx_word' id='word_1_619' title='bbox 1466 5034 1960 5111; x_wconf 55' lang='lat' dir='ltr'><strong>pulcltri&#39;boniqne</strong></span> 
     </span>
    </p>
   </div>
   <div class='ocr_carea' id='block_1_84' title="bbox 400 5131 1972 5204">
    <p class='ocr_par' dir='ltr' id='par_1_84' title="bbox 400 5131 1972 5204">
     <span class='ocr_line' id='line_1_84' title="bbox 400 5131 1972 5204; baseline 0.004 -19"><span class='ocrx_word' id='word_1_620' title='bbox 400 5131 579 5200; x_wconf 81' lang='lat' dir='ltr'><strong>adt-pli</strong></span> <span class='ocrx_word' id='word_1_621' title='bbox 622 5133 842 5197; x_wconf 81' lang='lat' dir='ltr'><strong>fuerint,</strong></span> <span class='ocrx_word' id='word_1_622' title='bbox 886 5133 937 5185; x_wconf 89' lang='lat' dir='ltr'><strong>id</strong></span> <span class='ocrx_word' id='word_1_623' title='bbox 976 5134 1159 5188; x_wconf 85' lang='lat' dir='ltr'><strong>liberis</strong></span> <span class='ocrx_word' id='word_1_624' title='bbox 1204 5132 1306 5188; x_wconf 91' lang='lat' dir='ltr'><strong>sibi</strong></span> <span class='ocrx_word' id='word_1_625' title='bbox 1355 5132 1732 5187; x_wconf 87' lang='lat' dir='ltr'><strong>obedientibns</strong></span> <span class='ocrx_word' id='word_1_626' title='bbox 1778 5136 1972 5204; x_wconf 87' lang='lat' dir='ltr'><strong>suique</strong></span> 
     </span>
    </p>
   </div>
   <div class='ocr_carea' id='block_1_85' title="bbox 403 5223 1970 5294">
    <p class='ocr_par' dir='ltr' id='par_1_85' title="bbox 403 5223 1970 5294">
     <span class='ocr_line' id='line_1_85' title="bbox 403 5223 1970 5294; baseline 0.004 -19"><span class='ocrx_word' id='word_1_627' title='bbox 403 5223 760 5278; x_wconf 84' lang='lat' dir='ltr'><strong>imitatoribus</strong></span> <span class='ocrx_word' id='word_1_628' title='bbox 810 5236 1089 5293; x_wconf 87' lang='lat' dir='ltr'><strong>reponunt.</strong></span> <span class='ocrx_word' id='word_1_629' title='bbox 1148 5224 1202 5276; x_wconf 90' lang='lat' dir='ltr'><strong>Si</strong></span> <span class='ocrx_word' id='word_1_630' title='bbox 1258 5238 1388 5292; x_wconf 88' lang='lat' dir='ltr'><strong>ergo</strong></span> <span class='ocrx_word' id='word_1_631' title='bbox 1421 5224 1667 5277; x_wconf 83' lang='lat' dir='ltr'><strong>carnales</strong></span> <span class='ocrx_word' id='word_1_632' title='bbox 1718 5236 1970 5294; x_wconf 83' lang='lat' dir='ltr'><strong>parentes</strong></span> 
     </span>
    </p>
   </div>
   <div class='ocr_carea' id='block_1_86' title="bbox 402 5313 1980 5387">
    <p class='ocr_par' dir='ltr' id='par_1_86' title="bbox 402 5313 1980 5387">
     <span class='ocr_line' id='line_1_86' title="bbox 402 5313 1980 5387; baseline 0.003 -19"><span class='ocrx_word' id='word_1_633' title='bbox 402 5313 454 5368; x_wconf 90' lang='lat' dir='ltr'><strong>id</strong></span> <span class='ocrx_word' id='word_1_634' title='bbox 484 5325 759 5383; x_wconf 71' lang='lat' dir='ltr'><strong>praestant,</strong></span> <span class='ocrx_word' id='word_1_635' title='bbox 788 5331 853 5369; x_wconf 90' lang='lat' dir='ltr'><strong>eo</strong></span> <span class='ocrx_word' id='word_1_636' title='bbox 882 5318 1054 5387; x_wconf 81' lang='lat' dir='ltr'><strong>magis</strong></span> <span class='ocrx_word' id='word_1_637' title='bbox 1088 5325 1269 5386; x_wconf 86' lang='lat' dir='ltr'><strong>patres</strong></span> <span class='ocrx_word' id='word_1_638' title='bbox 1304 5316 1473 5369; x_wconf 91' lang='lat' dir='ltr'><strong>nostri</strong></span> <span class='ocrx_word' id='word_1_639' title='bbox 1502 5316 1815 5383; x_wconf 88' lang='lat' dir='ltr'><strong>spirituales</strong></span> <span class='ocrx_word' id='word_1_640' title='bbox 1845 5333 1980 5385; x_wconf 69' lang='lat' dir='ltr'><strong>prte-</strong></span> 
     </span>
    </p>
   </div>
   <div class='ocr_carea' id='block_1_87' title="bbox 402 5406 1977 5475">
    <p class='ocr_par' dir='ltr' id='par_1_87' title="bbox 402 5406 1977 5475">
     <span class='ocr_line' id='line_1_87' title="bbox 402 5406 1977 5475; baseline 0.003 -16"><span class='ocrx_word' id='word_1_641' title='bbox 402 5415 551 5459; x_wconf 87' lang='lat' dir='ltr'><strong>stare</strong></span> <span class='ocrx_word' id='word_1_642' title='bbox 580 5408 801 5475; x_wconf 90' lang='lat' dir='ltr'><strong>cupiunt</strong></span> <span class='ocrx_word' id='word_1_643' title='bbox 848 5409 1081 5462; x_wconf 85' lang='lat' dir='ltr'><strong>honores</strong></span> <span class='ocrx_word' id='word_1_644' title='bbox 1119 5407 1243 5460; x_wconf 85' lang='lat' dir='ltr'><strong>tiliis</strong></span> <span class='ocrx_word' id='word_1_645' title='bbox 1291 5407 1404 5460; x_wconf 91' lang='lat' dir='ltr'><strong>suis</strong></span> <span class='ocrx_word' id='word_1_646' title='bbox 1451 5407 1551 5460; x_wconf 88' lang='lat' dir='ltr'><strong>sibi</strong></span> <span class='ocrx_word' id='word_1_647' title='bbox 1604 5406 1977 5463; x_wconf 84' lang='lat' dir='ltr'><strong>obedientibus</strong></span> 
     </span>
    </p>
   </div>
   <div class='ocr_carea' id='block_1_88' title="bbox 404 5496 1974 5565">
    <p class='ocr_par' dir='ltr' id='par_1_88' title="bbox 404 5496 1974 5565">
     <span class='ocr_line' id='line_1_88' title="bbox 404 5496 1974 5565; baseline 0 -13"><span class='ocrx_word' id='word_1_648' title='bbox 404 5496 597 5565; x_wconf 83' lang='lat' dir='ltr'><strong>suique</strong></span> <span class='ocrx_word' id='word_1_649' title='bbox 632 5498 1010 5554; x_wconf 89' lang='lat' dir='ltr'><strong>imitatoribus.</strong></span> <span class='ocrx_word' id='word_1_650' title='bbox 1048 5497 1601 5565; x_wconf 85' lang='lat' dir='ltr'><strong>Quare,dileclissimi</strong></span> <span class='ocrx_word' id='word_1_651' title='bbox 1641 5499 1693 5553; x_wconf 92' lang='lat' dir='ltr'><strong>in</strong></span> <span class='ocrx_word' id='word_1_652' title='bbox 1728 5498 1974 5565; x_wconf 91' lang='lat' dir='ltr'><strong>Domino,</strong></span> 
     </span>
    </p>
   </div>
   <div class='ocr_carea' id='block_1_89' title="bbox 472 5672 2177 5763">
    <p class='ocr_par' dir='ltr' id='par_1_89' title="bbox 472 5672 2177 5763">
     <span class='ocr_line' id='line_1_89' title="bbox 472 5672 2177 5763; baseline -0.021 2"><span class='ocrx_word' id='word_1_653' title='bbox 472 5672 521 5710; x_wconf 56' lang='lat' dir='ltr'><strong>ﬂ</strong></span> <span class='ocrx_word' id='word_1_654' title='bbox 545 5675 726 5763; x_wconf 49' lang='lat' dir='ltr'><strong>ﬁala&quot;</strong></span> <span class='ocrx_word' id='word_1_655' title='bbox 758 5697 837 5745; x_wconf 73' lang='grc' dir='ltr'><strong>¹¹¹ν</strong></span> <span class='ocrx_word' id='word_1_656' title='bbox 876 5682 967 5751; x_wconf 59' lang='grc'><strong>27,</strong></span> <span class='ocrx_word' id='word_1_657' title='bbox 1008 5683 1097 5736; x_wconf 60' lang='grc'><strong>98.</strong></span> <span class='ocrx_word' id='word_1_658' title='bbox 1175 5683 1220 5714; x_wconf 83' lang='grc'><strong>⁸⁸</strong></span> <span class='ocrx_word' id='word_1_659' title='bbox 1246 5682 1399 5738; x_wconf 81' lang='lat' dir='ltr'><strong>Jnatt.</strong></span> <span class='ocrx_word' id='word_1_660' title='bbox 1433 5700 1505 5749; x_wconf 81' lang='lat' dir='ltr'><strong>tv,</strong></span> <span class='ocrx_word' id='word_1_661' title='bbox 1542 5683 1633 5738; x_wconf 63' lang='lat'><strong>95.</strong></span> <span class='ocrx_word' id='word_1_662' title='bbox 1711 5683 1757 5715; x_wconf 72' lang='grc' dir='ltr'><strong>δ’</strong></span> <span class='ocrx_word' id='word_1_663' title='bbox 1786 5682 1885 5737; x_wconf 83' lang='lat' dir='ltr'><strong>lsa.</strong></span> <span class='ocrx_word' id='word_1_664' title='bbox 1921 5698 2005 5747; x_wconf 70' lang='lat' dir='ltr'><strong>XL,</strong></span> <span class='ocrx_word' id='word_1_665' title='bbox 2042 5681 2093 5746; x_wconf 79' lang='grc'><strong>1,</strong></span> <span class='ocrx_word' id='word_1_666' title='bbox 2122 5678 2177 5730; x_wconf 70' lang='lat'><strong>‘2.</strong></span> 
     </span>
    </p>
   </div>
   <div class='ocr_carea' id='block_1_90' title="bbox 2077 3099 3660 3169">
    <p class='ocr_par' dir='ltr' id='par_1_90' title="bbox 2077 3099 3660 3169">
     <span class='ocr_line' id='line_1_90' title="bbox 2077 3099 3660 3169; baseline 0.001 -16"><span class='ocrx_word' id='word_1_667' title='bbox 2077 3101 2201 3155; x_wconf 86' lang='lat' dir='ltr'><strong>facti</strong></span> <span class='ocrx_word' id='word_1_668' title='bbox 2234 3110 2361 3155; x_wconf 90' lang='lat' dir='ltr'><strong>sunt</strong></span> <span class='ocrx_word' id='word_1_669' title='bbox 2391 3100 2441 3155; x_wconf 93' lang='lat' dir='ltr'><strong>ei</strong></span> <span class='ocrx_word' id='word_1_670' title='bbox 2466 3100 2584 3164; x_wconf 88' lang='lat' dir='ltr'><strong>lilii,</strong></span> <span class='ocrx_word' id='word_1_671' title='bbox 2610 3108 2669 3153; x_wconf 92' lang='lat' dir='ltr'><strong>ut</strong></span> <span class='ocrx_word' id='word_1_672' title='bbox 2694 3102 2800 3155; x_wconf 91' lang='lat' dir='ltr'><strong>sint</strong></span> <span class='ocrx_word' id='word_1_673' title='bbox 2827 3099 3076 3154; x_wconf 84' lang='lat' dir='ltr'><strong>videlicet</strong></span> <span class='ocrx_word' id='word_1_674' title='bbox 3098 3115 3220 3154; x_wconf 84' lang='lat' dir='ltr'><strong>cum</strong></span> <span class='ocrx_word' id='word_1_675' title='bbox 3250 3115 3315 3154; x_wconf 87' lang='lat' dir='ltr'><strong>eo</strong></span> <span class='ocrx_word' id='word_1_676' title='bbox 3346 3099 3660 3169; x_wconf 88' lang='lat' dir='ltr'><strong>ubicunque</strong></span> 
     </span>
    </p>
   </div>
   <div class='ocr_carea' id='block_1_91' title="bbox 2075 3191 3660 3260">
    <p class='ocr_par' dir='ltr' id='par_1_91' title="bbox 2075 3191 3660 3260">
     <span class='ocr_line' id='line_1_91' title="bbox 2075 3191 3660 3260; baseline -0.001 -13"><span class='ocrx_word' id='word_1_677' title='bbox 2075 3194 2199 3247; x_wconf 89' lang='lat' dir='ltr'><strong>erit.</strong></span> <span class='ocrx_word' id='word_1_678' title='bbox 2233 3192 2409 3246; x_wconf 88' lang='lat' dir='ltr'><strong>Simili</strong></span> <span class='ocrx_word' id='word_1_679' title='bbox 2443 3194 2603 3246; x_wconf 91' lang='lat' dir='ltr'><strong>modo</strong></span> <span class='ocrx_word' id='word_1_680' title='bbox 2636 3200 2717 3246; x_wconf 87' lang='lat' dir='ltr'><strong>est</strong></span> <span class='ocrx_word' id='word_1_681' title='bbox 2742 3192 3049 3260; x_wconf 89' lang='lat' dir='ltr'><strong>deprecatio</strong></span> <span class='ocrx_word' id='word_1_682' title='bbox 3078 3191 3192 3245; x_wconf 69' lang='lat' dir='ltr'><strong>haec</strong></span> <span class='ocrx_word' id='word_1_683' title='bbox 3237 3206 3379 3254; x_wconf 89' lang='lat' dir='ltr'><strong>mea,</strong></span> <span class='ocrx_word' id='word_1_684' title='bbox 3410 3191 3660 3246; x_wconf 81' lang='lat' dir='ltr'><strong>dilectis-</strong></span> 
     </span>
    </p>
   </div>
   <div class='ocr_carea' id='block_1_92' title="bbox 2076 3270 3662 3353">
    <p class='ocr_par' dir='ltr' id='par_1_92' title="bbox 2076 3270 3662 3353">
     <span class='ocr_line' id='line_1_92' title="bbox 2076 3270 3662 3353; baseline -0.003 -11"><span class='ocrx_word' id='word_1_685' title='bbox 2076 3285 2199 3342; x_wconf 88' lang='lat' dir='ltr'><strong>simi</strong></span> <span class='ocrx_word' id='word_1_686' title='bbox 2232 3284 2385 3347; x_wconf 86' lang='lat' dir='ltr'><strong>milti,</strong></span> <span class='ocrx_word' id='word_1_687' title='bbox 2419 3295 2476 3337; x_wconf 86' lang='lat' dir='ltr'><strong>ut</strong></span> <span class='ocrx_word' id='word_1_688' title='bbox 2509 3284 2681 3339; x_wconf 90' lang='lat' dir='ltr'><strong>simus</strong></span> <span class='ocrx_word' id='word_1_689' title='bbox 2703 3270 3148 3337; x_wconf 84' lang='lat' dir='ltr'><strong>omnessimulin</strong></span> <span class='ocrx_word' id='word_1_690' title='bbox 3177 3282 3295 3337; x_wconf 92' lang='lat' dir='ltr'><strong>loco</strong></span> <span class='ocrx_word' id='word_1_691' title='bbox 3325 3283 3436 3347; x_wconf 86' lang='lat' dir='ltr'><strong>illo,</strong></span> <span class='ocrx_word' id='word_1_692' title='bbox 3467 3284 3662 3353; x_wconf 86' lang='lat' dir='ltr'><strong>inquo</strong></span> 
     </span>
    </p>
   </div>
   <div class='ocr_carea' id='block_1_93' title="bbox 2077 3375 3663 3445">
    <p class='ocr_par' dir='ltr' id='par_1_93' title="bbox 2077 3375 3663 3445">
     <span class='ocr_line' id='line_1_93' title="bbox 2077 3375 3663 3445; baseline -0.003 -13"><span class='ocrx_word' id='word_1_693' title='bbox 2077 3376 2219 3432; x_wconf 90' lang='lat' dir='ltr'><strong>nulla</strong></span> <span class='ocrx_word' id='word_1_694' title='bbox 2242 3387 2324 3432; x_wconf 87' lang='lat' dir='ltr'><strong>est</strong></span> <span class='ocrx_word' id='word_1_695' title='bbox 2359 3376 2639 3439; x_wconf 71' lang='lat' dir='ltr'><strong>mtestitia,</strong></span> <span class='ocrx_word' id='word_1_696' title='bbox 2670 3390 2843 3445; x_wconf 84' lang='lat' dir='ltr'><strong>neque</strong></span> <span class='ocrx_word' id='word_1_697' title='bbox 2872 3375 3173 3437; x_wconf 79' lang='lat' dir='ltr'><strong>inﬁrmitas.</strong></span> <span class='ocrx_word' id='word_1_698' title='bbox 3201 3391 3372 3445; x_wconf 89' lang='lat' dir='ltr'><strong>neque</strong></span> <span class='ocrx_word' id='word_1_699' title='bbox 3395 3376 3663 3440; x_wconf 77' lang='lat' dir='ltr'><strong>tenebrze,</strong></span> 
     </span>
    </p>
   </div>
   <div class='ocr_carea' id='block_1_94' title="bbox 2078 3465 3661 3538">
    <p class='ocr_par' dir='ltr' id='par_1_94' title="bbox 2078 3465 3661 3538">
     <span class='ocr_line' id='line_1_94' title="bbox 2078 3465 3661 3538; baseline -0.003 -15"><span class='ocrx_word' id='word_1_700' title='bbox 2078 3484 2252 3538; x_wconf 89' lang='lat' dir='ltr'><strong>neque</strong></span> <span class='ocrx_word' id='word_1_701' title='bbox 2284 3468 2507 3537; x_wconf 89' lang='lat' dir='ltr'><strong>spiritus</strong></span> <span class='ocrx_word' id='word_1_702' title='bbox 2550 3467 2707 3531; x_wconf 89' lang='lat' dir='ltr'><strong>mali;</strong></span> <span class='ocrx_word' id='word_1_703' title='bbox 2755 3467 2849 3521; x_wconf 88' lang='lat' dir='ltr'><strong>sed</strong></span> <span class='ocrx_word' id='word_1_704' title='bbox 2885 3476 2981 3520; x_wconf 73' lang='lat' dir='ltr'><strong>est</strong></span> <span class='ocrx_word' id='word_1_705' title='bbox 3004 3468 3149 3520; x_wconf 92' lang='lat' dir='ltr'><strong>omni</strong></span> <span class='ocrx_word' id='word_1_706' title='bbox 3184 3465 3416 3521; x_wconf 89' lang='lat' dir='ltr'><strong>refertus</strong></span> <span class='ocrx_word' id='word_1_707' title='bbox 3443 3466 3661 3531; x_wconf 66' lang='lat' dir='ltr'><strong>laetitia,</strong></span> 
     </span>
    </p>
   </div>
   <div class='ocr_carea' id='block_1_95' title="bbox 2076 3557 3661 3627">
    <p class='ocr_par' dir='ltr' id='par_1_95' title="bbox 2076 3557 3661 3627">
     <span class='ocr_line' id='line_1_95' title="bbox 2076 3557 3661 3627; baseline -0.002 -13"><span class='ocrx_word' id='word_1_708' title='bbox 2076 3570 2132 3614; x_wconf 90' lang='lat' dir='ltr'><strong>et</strong></span> <span class='ocrx_word' id='word_1_709' title='bbox 2162 3560 2384 3622; x_wconf 87' lang='lat' dir='ltr'><strong>lumine,</strong></span> <span class='ocrx_word' id='word_1_710' title='bbox 2416 3569 2471 3612; x_wconf 90' lang='lat' dir='ltr'><strong>et</strong></span> <span class='ocrx_word' id='word_1_711' title='bbox 2502 3560 2608 3611; x_wconf 91' lang='lat' dir='ltr'><strong>vita</strong></span> <span class='ocrx_word' id='word_1_712' title='bbox 2645 3568 2869 3622; x_wconf 67' lang='lat' dir='ltr'><strong>aeterna,</strong></span> <span class='ocrx_word' id='word_1_713' title='bbox 2911 3567 2967 3611; x_wconf 91' lang='lat' dir='ltr'><strong>et</strong></span> <span class='ocrx_word' id='word_1_714' title='bbox 3006 3557 3223 3612; x_wconf 91' lang='lat' dir='ltr'><strong>coronis</strong></span> <span class='ocrx_word' id='word_1_715' title='bbox 3269 3558 3661 3627; x_wconf 84' lang='lat' dir='ltr'><strong>incorruptibi-</strong></span> 
     </span>
    </p>
   </div>
   <div class='ocr_carea' id='block_1_96' title="bbox 2080 3648 3665 3719">
    <p class='ocr_par' dir='ltr' id='par_1_96' title="bbox 2080 3648 3665 3719">
     <span class='ocr_line' id='line_1_96' title="bbox 2080 3648 3665 3719; baseline -0.001 -14"><span class='ocrx_word' id='word_1_716' title='bbox 2080 3652 2239 3715; x_wconf 91' lang='lat' dir='ltr'><strong>libus,</strong></span> <span class='ocrx_word' id='word_1_717' title='bbox 2281 3651 2510 3719; x_wconf 87' lang='lat' dir='ltr'><strong>aliisque</strong></span> <span class='ocrx_word' id='word_1_718' title='bbox 2547 3666 2668 3719; x_wconf 86' lang='lat' dir='ltr'><strong>quae</strong></span> <span class='ocrx_word' id='word_1_719' title='bbox 2702 3648 2897 3703; x_wconf 89' lang='lat' dir='ltr'><strong>ibidem</strong></span> <span class='ocrx_word' id='word_1_720' title='bbox 2944 3658 3196 3714; x_wconf 74' lang='lat' dir='ltr'><strong>exstant,</strong></span> <span class='ocrx_word' id='word_1_721' title='bbox 3247 3664 3368 3717; x_wconf 68' lang='lat' dir='ltr'><strong>quae</strong></span> <span class='ocrx_word' id='word_1_722' title='bbox 3420 3649 3665 3703; x_wconf 74' lang='lat' dir='ltr'><strong>humana</strong></span> 
     </span>
    </p>
   </div>
   <div class='ocr_carea' id='block_1_97' title="bbox 2078 3740 3665 3809">
    <p class='ocr_par' dir='ltr' id='par_1_97' title="bbox 2078 3740 3665 3809">
     <span class='ocr_line' id='line_1_97' title="bbox 2078 3740 3665 3809; baseline -0.002 -13"><span class='ocrx_word' id='word_1_723' title='bbox 2078 3743 2259 3809; x_wconf 84' lang='lat' dir='ltr'><strong>lingua</strong></span> <span class='ocrx_word' id='word_1_724' title='bbox 2284 3756 2543 3797; x_wconf 90' lang='lat' dir='ltr'><strong>enarrare</strong></span> <span class='ocrx_word' id='word_1_725' title='bbox 2570 3756 2674 3794; x_wconf 92' lang='lat' dir='ltr'><strong>non</strong></span> <span class='ocrx_word' id='word_1_726' title='bbox 2716 3749 2928 3808; x_wconf 80' lang='lat' dir='ltr'><strong>potest;</strong></span> <span class='ocrx_word' id='word_1_727' title='bbox 2963 3740 3221 3794; x_wconf 86' lang='lat' dir='ltr'><strong>duratura</strong></span> <span class='ocrx_word' id='word_1_728' title='bbox 3264 3755 3501 3809; x_wconf 85' lang='lat' dir='ltr'><strong>namque</strong></span> <span class='ocrx_word' id='word_1_729' title='bbox 3529 3751 3665 3793; x_wconf 86' lang='lat' dir='ltr'><strong>sunt</strong></span> 
     </span>
    </p>
   </div>
   <div class='ocr_carea' id='block_1_98' title="bbox 2080 3832 2727 3888">
    <p class='ocr_par' dir='ltr' id='par_1_98' title="bbox 2080 3832 2727 3888">
     <span class='ocr_line' id='line_1_98' title="bbox 2080 3832 2727 3888; baseline -0.003 0"><span class='ocrx_word' id='word_1_730' title='bbox 2080 3834 2133 3888; x_wconf 85' lang='lat' dir='ltr'><strong>in</strong></span> <span class='ocrx_word' id='word_1_731' title='bbox 2160 3834 2356 3888; x_wconf 57' lang='lat' dir='ltr'><strong>sarcula</strong></span> <span class='ocrx_word' id='word_1_732' title='bbox 2387 3832 2727 3888; x_wconf 67' lang='lat' dir='ltr'><strong>smCttlorum.</strong></span> 
     </span>
    </p>
   </div>
   <div class='ocr_carea' id='block_1_99' title="bbox 2152 3922 3668 3991">
    <p class='ocr_par' dir='ltr' id='par_1_99' title="bbox 2152 3922 3668 3991">
     <span class='ocr_line' id='line_1_99' title="bbox 2152 3922 3668 3991; baseline -0.001 -13"><span class='ocrx_word' id='word_1_733' title='bbox 2152 3924 2332 3991; x_wconf 86' lang='lat' dir='ltr'><strong>Quare</strong></span> <span class='ocrx_word' id='word_1_734' title='bbox 2362 3934 2535 3988; x_wconf 87' lang='lat' dir='ltr'><strong>orate,</strong></span> <span class='ocrx_word' id='word_1_735' title='bbox 2574 3922 2718 3977; x_wconf 82' lang='lat' dir='ltr'><strong>filioli</strong></span> <span class='ocrx_word' id='word_1_736' title='bbox 2766 3923 2892 3987; x_wconf 91' lang='lat' dir='ltr'><strong>mei,</strong></span> <span class='ocrx_word' id='word_1_737' title='bbox 2918 3922 3224 3987; x_wconf 88' lang='lat' dir='ltr'><strong>Dominum,</strong></span> <span class='ocrx_word' id='word_1_738' title='bbox 3276 3932 3333 3975; x_wconf 93' lang='lat' dir='ltr'><strong>ut</strong></span> <span class='ocrx_word' id='word_1_739' title='bbox 3362 3922 3520 3977; x_wconf 89' lang='lat' dir='ltr'><strong>facile</strong></span> <span class='ocrx_word' id='word_1_740' title='bbox 3552 3922 3668 3977; x_wconf 86' lang='lat' dir='ltr'><strong>iter</strong></span> 
     </span>
    </p>
   </div>
   <div class='ocr_carea' id='block_1_100' title="bbox 2082 4014 3664 4083">
    <p class='ocr_par' dir='ltr' id='par_1_100' title="bbox 2082 4014 3664 4083">
     <span class='ocr_line' id='line_1_100' title="bbox 2082 4014 3664 4083; baseline -0.001 -14"><span class='ocrx_word' id='word_1_741' title='bbox 2082 4032 2259 4069; x_wconf 89' lang='lat' dir='ltr'><strong>meum</strong></span> <span class='ocrx_word' id='word_1_742' title='bbox 2308 4015 2377 4069; x_wconf 90' lang='lat' dir='ltr'><strong>ad</strong></span> <span class='ocrx_word' id='word_1_743' title='bbox 2432 4030 2528 4069; x_wconf 93' lang='lat' dir='ltr'><strong>vos</strong></span> <span class='ocrx_word' id='word_1_744' title='bbox 2563 4016 2757 4068; x_wconf 88' lang='lat' dir='ltr'><strong>iterum</strong></span> <span class='ocrx_word' id='word_1_745' title='bbox 2799 4015 3009 4079; x_wconf 89' lang='lat' dir='ltr'><strong>reddat,</strong></span> <span class='ocrx_word' id='word_1_746' title='bbox 3046 4023 3102 4066; x_wconf 91' lang='lat' dir='ltr'><strong>ut</strong></span> <span class='ocrx_word' id='word_1_747' title='bbox 3138 4028 3480 4081; x_wconf 78' lang='lat' dir='ltr'><strong>permaneant</strong></span> <span class='ocrx_word' id='word_1_748' title='bbox 3512 4014 3664 4083; x_wconf 86' lang='lat' dir='ltr'><strong>apud</strong></span> 
     </span>
    </p>
   </div>
   <div class='ocr_carea' id='block_1_101' title="bbox 2085 4103 3662 4175">
    <p class='ocr_par' dir='ltr' id='par_1_101' title="bbox 2085 4103 3662 4175">
     <span class='ocr_line' id='line_1_101' title="bbox 2085 4103 3662 4175; baseline -0.003 -16"><span class='ocrx_word' id='word_1_749' title='bbox 2085 4123 2180 4161; x_wconf 90' lang='lat' dir='ltr'><strong>vos</strong></span> <span class='ocrx_word' id='word_1_750' title='bbox 2209 4106 2410 4175; x_wconf 87' lang='lat' dir='ltr'><strong>aliqttid</strong></span> <span class='ocrx_word' id='word_1_751' title='bbox 2447 4105 2727 4173; x_wconf 88' lang='lat' dir='ltr'><strong>temporis.</strong></span> <span class='ocrx_word' id='word_1_752' title='bbox 2758 4103 2909 4157; x_wconf 80' lang='lat' dir='ltr'><strong>[laud</strong></span> <span class='ocrx_word' id='word_1_753' title='bbox 2965 4103 3110 4157; x_wconf 85' lang='lat' dir='ltr'><strong>enim</strong></span> <span class='ocrx_word' id='word_1_754' title='bbox 3142 4118 3227 4156; x_wconf 90' lang='lat' dir='ltr'><strong>me</strong></span> <span class='ocrx_word' id='word_1_755' title='bbox 3254 4103 3402 4165; x_wconf 85' lang='lat' dir='ltr'><strong>latet,</strong></span> <span class='ocrx_word' id='word_1_756' title='bbox 3445 4104 3545 4156; x_wconf 88' lang='lat' dir='ltr'><strong>hoc</strong></span> <span class='ocrx_word' id='word_1_757' title='bbox 3585 4104 3662 4157; x_wconf 78' lang='lat' dir='ltr'><strong>ad</strong></span> 
     </span>
    </p>
   </div>
   <div class='ocr_carea' id='block_1_102' title="bbox 2084 4192 3662 4265">
    <p class='ocr_par' dir='ltr' id='par_1_102' title="bbox 2084 4192 3662 4265">
     <span class='ocr_line' id='line_1_102' title="bbox 2084 4192 3662 4265; baseline -0.001 -15"><span class='ocrx_word' id='word_1_758' title='bbox 2084 4207 2317 4251; x_wconf 84' lang='lat' dir='ltr'><strong>vestram</strong></span> <span class='ocrx_word' id='word_1_759' title='bbox 2342 4196 2755 4255; x_wconf 66' lang='lat' dir='ltr'><strong>aediﬁcationem</strong></span> <span class='ocrx_word' id='word_1_760' title='bbox 2795 4208 2850 4251; x_wconf 91' lang='lat' dir='ltr'><strong>et</strong></span> <span class='ocrx_word' id='word_1_761' title='bbox 2874 4194 3129 4264; x_wconf 89' lang='lat' dir='ltr'><strong>gaudium</strong></span> <span class='ocrx_word' id='word_1_762' title='bbox 3156 4194 3209 4248; x_wconf 94' lang='lat' dir='ltr'><strong>in</strong></span> <span class='ocrx_word' id='word_1_763' title='bbox 3248 4194 3352 4248; x_wconf 81' lang='lat' dir='ltr'><strong>fide</strong></span> <span class='ocrx_word' id='word_1_764' title='bbox 3380 4192 3517 4247; x_wconf 78' lang='lat' dir='ltr'><strong>fore.</strong></span> <span class='ocrx_word' id='word_1_765' title='bbox 3544 4195 3662 4265; x_wconf 80' lang='lat' dir='ltr'><strong>Ego</strong></span> 
     </span>
    </p>
   </div>
   <div class='ocr_carea' id='block_1_103' title="bbox 2082 4287 3664 4361">
    <p class='ocr_par' dir='ltr' id='par_1_103' title="bbox 2082 4287 3664 4361">
     <span class='ocr_line' id='line_1_103' title="bbox 2082 4287 3664 4361; baseline 0 -18"><span class='ocrx_word' id='word_1_766' title='bbox 2082 4306 2299 4361; x_wconf 85' lang='lat' dir='ltr'><strong>quoque</strong></span> <span class='ocrx_word' id='word_1_767' title='bbox 2332 4290 2597 4359; x_wconf 87' lang='lat' dir='ltr'><strong>gaudebo,</strong></span> <span class='ocrx_word' id='word_1_768' title='bbox 2632 4304 2754 4343; x_wconf 91' lang='lat' dir='ltr'><strong>cmn</strong></span> <span class='ocrx_word' id='word_1_769' title='bbox 2795 4302 2993 4342; x_wconf 89' lang='lat' dir='ltr'><strong>venero</strong></span> <span class='ocrx_word' id='word_1_770' title='bbox 3018 4287 3084 4340; x_wconf 92' lang='lat' dir='ltr'><strong>ad</strong></span> <span class='ocrx_word' id='word_1_771' title='bbox 3121 4301 3238 4351; x_wconf 91' lang='lat' dir='ltr'><strong>vos,</strong></span> <span class='ocrx_word' id='word_1_772' title='bbox 3274 4296 3335 4340; x_wconf 88' lang='lat' dir='ltr'><strong>ut</strong></span> <span class='ocrx_word' id='word_1_773' title='bbox 3377 4288 3664 4355; x_wconf 86' lang='lat' dir='ltr'><strong>gaudeatis</strong></span> 
     </span>
    </p>
   </div>
   <div class='ocr_carea' id='block_1_104' title="bbox 2085 4379 3661 4450">
    <p class='ocr_par' dir='ltr' id='par_1_104' title="bbox 2085 4379 3661 4450">
     <span class='ocr_line' id='line_1_104' title="bbox 2085 4379 3661 4450; baseline -0.006 -10"><span class='ocrx_word' id='word_1_774' title='bbox 2085 4397 2138 4440; x_wconf 80' lang='lat' dir='ltr'><strong>et</strong></span> <span class='ocrx_word' id='word_1_775' title='bbox 2164 4401 2279 4450; x_wconf 86' lang='lat' dir='ltr'><strong>vos,</strong></span> <span class='ocrx_word' id='word_1_776' title='bbox 2302 4380 2678 4438; x_wconf 76' lang='lat' dir='ltr'><strong>etaﬂluentius</strong></span> <span class='ocrx_word' id='word_1_777' title='bbox 2706 4380 2969 4435; x_wconf 84' lang='lat' dir='ltr'><strong>crescatis</strong></span> <span class='ocrx_word' id='word_1_778' title='bbox 3001 4379 3053 4431; x_wconf 91' lang='lat' dir='ltr'><strong>in</strong></span> <span class='ocrx_word' id='word_1_779' title='bbox 3084 4380 3187 4433; x_wconf 89' lang='lat' dir='ltr'><strong>lide</strong></span> <span class='ocrx_word' id='word_1_780' title='bbox 3211 4397 3223 4432; x_wconf 93' lang='lat'>:</span> <span class='ocrx_word' id='word_1_781' title='bbox 3246 4396 3341 4431; x_wconf 86' lang='lat' dir='ltr'><strong>nec</strong></span> <span class='ocrx_word' id='word_1_782' title='bbox 3377 4379 3661 4446; x_wconf 82' lang='lat' dir='ltr'><strong>nonplura</strong></span> 
     </span>
    </p>
   </div>
   <div class='ocr_carea' id='block_1_105' title="bbox 2086 4466 3666 4544">
    <p class='ocr_par' dir='ltr' id='par_1_105' title="bbox 2086 4466 3666 4544">
     <span class='ocr_line' id='line_1_105' title="bbox 2086 4466 3666 4544; baseline -0.008 -15"><span class='ocrx_word' id='word_1_783' title='bbox 2086 4474 2325 4544; x_wconf 88' lang='lat' dir='ltr'><strong>aperiam</strong></span> <span class='ocrx_word' id='word_1_784' title='bbox 2366 4471 2519 4525; x_wconf 88' lang='lat' dir='ltr'><strong>vobis</strong></span> <span class='ocrx_word' id='word_1_785' title='bbox 2558 4484 2776 4532; x_wconf 85' lang='lat' dir='ltr'><strong>arcana,</strong></span> <span class='ocrx_word' id='word_1_786' title='bbox 2802 4483 2923 4536; x_wconf 66' lang='lat' dir='ltr'><strong>quae</strong></span> <span class='ocrx_word' id='word_1_787' title='bbox 2947 4468 3049 4520; x_wconf 87' lang='lat' dir='ltr'><strong>hac</strong></span> <span class='ocrx_word' id='word_1_788' title='bbox 3080 4466 3133 4519; x_wconf 92' lang='lat' dir='ltr'><strong>in</strong></span> <span class='ocrx_word' id='word_1_789' title='bbox 3159 4466 3383 4535; x_wconf 83' lang='lat' dir='ltr'><strong>epistola</strong></span> <span class='ocrx_word' id='word_1_790' title='bbox 3420 4467 3666 4519; x_wconf 73' lang='lat' dir='ltr'><strong>scribere</strong></span> 
     </span>
    </p>
   </div>
   <div class='ocr_carea' id='block_1_106' title="bbox 2087 4559 3665 4639">
    <p class='ocr_par' dir='ltr' id='par_1_106' title="bbox 2087 4559 3665 4639">
     <span class='ocr_line' id='line_1_106' title="bbox 2087 4559 3665 4639; baseline -0.008 -16"><span class='ocrx_word' id='word_1_791' title='bbox 2087 4583 2315 4639; x_wconf 88' lang='lat' dir='ltr'><strong>ncqueo.</strong></span> <span class='ocrx_word' id='word_1_792' title='bbox 2378 4564 2643 4621; x_wconf 83' lang='lat' dir='ltr'><strong>Gaudebit</strong></span> <span class='ocrx_word' id='word_1_793' title='bbox 2686 4578 2899 4631; x_wconf 87' lang='lat' dir='ltr'><strong>quoque</strong></span> <span class='ocrx_word' id='word_1_794' title='bbox 2951 4560 3002 4613; x_wconf 90' lang='lat' dir='ltr'><strong>in</strong></span> <span class='ocrx_word' id='word_1_795' title='bbox 3055 4559 3205 4613; x_wconf 89' lang='lat' dir='ltr'><strong>vobis</strong></span> <span class='ocrx_word' id='word_1_796' title='bbox 3255 4569 3427 4611; x_wconf 90' lang='lat' dir='ltr'><strong>matcr</strong></span> <span class='ocrx_word' id='word_1_797' title='bbox 3476 4568 3665 4611; x_wconf 81' lang='lat' dir='ltr'><strong>vestra</strong></span> 
     </span>
    </p>
   </div>
   <div class='ocr_carea' id='block_1_107' title="bbox 2086 4650 3665 4727">
    <p class='ocr_par' dir='ltr' id='par_1_107' title="bbox 2086 4650 3665 4727">
     <span class='ocr_line' id='line_1_107' title="bbox 2086 4650 3665 4727; baseline -0.006 -15"><span class='ocrx_word' id='word_1_798' title='bbox 2086 4661 2246 4723; x_wconf 89' lang='lat' dir='ltr'><strong>Sara,</strong></span> <span class='ocrx_word' id='word_1_799' title='bbox 2283 4673 2402 4727; x_wconf 70' lang='lat' dir='ltr'><strong>qua:</strong></span> <span class='ocrx_word' id='word_1_800' title='bbox 2426 4665 2509 4711; x_wconf 72' lang='lat' dir='ltr'><strong>est</strong></span> <span class='ocrx_word' id='word_1_801' title='bbox 2539 4656 2719 4708; x_wconf 88' lang='lat' dir='ltr'><strong>anima</strong></span> <span class='ocrx_word' id='word_1_802' title='bbox 2758 4670 2899 4718; x_wconf 90' lang='lat' dir='ltr'><strong>mea,</strong></span> <span class='ocrx_word' id='word_1_803' title='bbox 2939 4653 3053 4706; x_wconf 62' lang='lat' dir='ltr'><strong>btec</strong></span> <span class='ocrx_word' id='word_1_804' title='bbox 3080 4667 3199 4721; x_wconf 80' lang='lat' dir='ltr'><strong>qua:</strong></span> <span class='ocrx_word' id='word_1_805' title='bbox 3228 4650 3465 4720; x_wconf 87' lang='lat' dir='ltr'><strong>perfecta</strong></span> <span class='ocrx_word' id='word_1_806' title='bbox 3495 4662 3582 4703; x_wconf 85' lang='lat' dir='ltr'><strong>est</strong></span> <span class='ocrx_word' id='word_1_807' title='bbox 3607 4650 3665 4703; x_wconf 85' lang='lat' dir='ltr'><strong>in</strong></span> 
     </span>
    </p>
   </div>
   <div class='ocr_carea' id='block_1_108' title="bbox 2085 4742 3663 4817">
    <p class='ocr_par' dir='ltr' id='par_1_108' title="bbox 2085 4742 3663 4817">
     <span class='ocr_line' id='line_1_108' title="bbox 2085 4742 3663 4817; baseline -0.008 -11"><span class='ocrx_word' id='word_1_808' title='bbox 2085 4768 2183 4806; x_wconf 89' lang='lat' dir='ltr'><strong>suo</strong></span> <span class='ocrx_word' id='word_1_809' title='bbox 2222 4766 2431 4813; x_wconf 85' lang='lat' dir='ltr'><strong>amore,</strong></span> <span class='ocrx_word' id='word_1_810' title='bbox 2470 4759 2523 4802; x_wconf 92' lang='lat' dir='ltr'><strong>et</strong></span> <span class='ocrx_word' id='word_1_811' title='bbox 2567 4746 2773 4817; x_wconf 83' lang='lat' dir='ltr'><strong>peperit</strong></span> <span class='ocrx_word' id='word_1_812' title='bbox 2828 4746 2879 4799; x_wconf 93' lang='lat' dir='ltr'><strong>in</strong></span> <span class='ocrx_word' id='word_1_813' title='bbox 2918 4745 3070 4798; x_wconf 88' lang='lat' dir='ltr'><strong>vobis</strong></span> <span class='ocrx_word' id='word_1_814' title='bbox 3098 4743 3336 4796; x_wconf 81' lang='lat' dir='ltr'><strong>divinum</strong></span> <span class='ocrx_word' id='word_1_815' title='bbox 3374 4742 3663 4810; x_wconf 79' lang='lat' dir='ltr'><strong>Spiritum,</strong></span> 
     </span>
    </p>
   </div>
   <div class='ocr_carea' id='block_1_109' title="bbox 2087 4836 3666 4913">
    <p class='ocr_par' dir='ltr' id='par_1_109' title="bbox 2087 4836 3666 4913">
     <span class='ocr_line' id='line_1_109' title="bbox 2087 4836 3666 4913; baseline -0.007 -14"><span class='ocrx_word' id='word_1_816' title='bbox 2087 4844 2351 4913; x_wconf 88' lang='lat' dir='ltr'><strong>cupitque</strong></span> <span class='ocrx_word' id='word_1_817' title='bbox 2374 4858 2471 4896; x_wconf 91' lang='lat' dir='ltr'><strong>vos</strong></span> <span class='ocrx_word' id='word_1_818' title='bbox 2497 4843 2761 4910; x_wconf 79' lang='lat' dir='ltr'><strong>perlicere</strong></span> <span class='ocrx_word' id='word_1_819' title='bbox 2783 4878 2799 4903; x_wconf 95' lang='lat'><strong>,</strong></span> <span class='ocrx_word' id='word_1_820' title='bbox 2844 4837 3293 4907; x_wconf 82' lang='lat' dir='ltr'><strong>quemadmodum</strong></span> <span class='ocrx_word' id='word_1_821' title='bbox 3350 4836 3532 4903; x_wconf 79' lang='lat' dir='ltr'><strong>rogavi</strong></span> <span class='ocrx_word' id='word_1_822' title='bbox 3566 4850 3666 4903; x_wconf 80' lang='lat' dir='ltr'><strong>pro</strong></span> 
     </span>
    </p>
   </div>
   <div class='ocr_carea' id='block_1_110' title="bbox 2087 4932 3661 5006">
    <p class='ocr_par' dir='ltr' id='par_1_110' title="bbox 2087 4932 3661 5006">
     <span class='ocr_line' id='line_1_110' title="bbox 2087 4932 3661 5006; baseline -0.006 -16"><span class='ocrx_word' id='word_1_823' title='bbox 2087 4940 2270 5001; x_wconf 75' lang='lat' dir='ltr'><strong>Vobis,</strong></span> <span class='ocrx_word' id='word_1_824' title='bbox 2319 4950 2375 4991; x_wconf 88' lang='lat' dir='ltr'><strong>ut</strong></span> <span class='ocrx_word' id='word_1_825' title='bbox 2421 4936 2682 5006; x_wconf 82' lang='lat' dir='ltr'><strong>Spiritum</strong></span> <span class='ocrx_word' id='word_1_826' title='bbox 2730 4933 2879 4986; x_wconf 88' lang='lat' dir='ltr'><strong>illum</strong></span> <span class='ocrx_word' id='word_1_827' title='bbox 2924 4932 3140 5001; x_wconf 76' lang='lat' dir='ltr'><strong>igneum</strong></span> <span class='ocrx_word' id='word_1_828' title='bbox 3196 4944 3445 4997; x_wconf 82' lang='lat' dir='ltr'><strong>magnum</strong></span> <span class='ocrx_word' id='word_1_829' title='bbox 3495 4944 3661 4995; x_wconf 80' lang='lat' dir='ltr'><strong>quem</strong></span> 
     </span>
    </p>
   </div>
   <div class='ocr_carea' id='block_1_111' title="bbox 2086 5021 3663 5098">
    <p class='ocr_par' dir='ltr' id='par_1_111' title="bbox 2086 5021 3663 5098">
     <span class='ocr_line' id='line_1_111' title="bbox 2086 5021 3663 5098; baseline -0.006 -14"><span class='ocrx_word' id='word_1_830' title='bbox 2086 5031 2324 5098; x_wconf 86' lang='lat' dir='ltr'><strong>suscepi,</strong></span> <span class='ocrx_word' id='word_1_831' title='bbox 2345 5026 2654 5098; x_wconf 87' lang='lat' dir='ltr'><strong>suscipiatis</strong></span> <span class='ocrx_word' id='word_1_832' title='bbox 2683 5036 2739 5080; x_wconf 89' lang='lat' dir='ltr'><strong>et</strong></span> <span class='ocrx_word' id='word_1_833' title='bbox 2770 5042 2864 5078; x_wconf 83' lang='lat' dir='ltr'><strong>vos</strong></span> <span class='ocrx_word' id='word_1_834' title='bbox 2885 5040 3074 5092; x_wconf 73' lang='lat' dir='ltr'><strong>:qucm</strong></span> <span class='ocrx_word' id='word_1_835' title='bbox 3100 5023 3144 5075; x_wconf 90' lang='lat' dir='ltr'><strong>si</strong></span> <span class='ocrx_word' id='word_1_836' title='bbox 3173 5022 3450 5089; x_wconf 83' lang='lat' dir='ltr'><strong>suscipere</strong></span> <span class='ocrx_word' id='word_1_837' title='bbox 3475 5021 3663 5084; x_wconf 79' lang='lat' dir='ltr'><strong>vultis,</strong></span> 
     </span>
    </p>
   </div>
   <div class='ocr_carea' id='block_1_112' title="bbox 2087 5114 3666 5181">
    <p class='ocr_par' dir='ltr' id='par_1_112' title="bbox 2087 5114 3666 5181">
     <span class='ocr_line' id='line_1_112' title="bbox 2087 5114 3666 5181; baseline -0.008 -5"><span class='ocrx_word' id='word_1_838' title='bbox 2087 5124 2158 5176; x_wconf 89' lang='lat' dir='ltr'><strong>ita</strong></span> <span class='ocrx_word' id='word_1_839' title='bbox 2196 5133 2253 5174; x_wconf 89' lang='lat' dir='ltr'><strong>ut</strong></span> <span class='ocrx_word' id='word_1_840' title='bbox 2282 5130 2497 5174; x_wconf 89' lang='lat' dir='ltr'><strong>maneat</strong></span> <span class='ocrx_word' id='word_1_841' title='bbox 2528 5121 2579 5173; x_wconf 94' lang='lat' dir='ltr'><strong>in</strong></span> <span class='ocrx_word' id='word_1_842' title='bbox 2624 5118 2797 5179; x_wconf 87' lang='lat' dir='ltr'><strong>vobis,</strong></span> <span class='ocrx_word' id='word_1_843' title='bbox 2839 5114 3030 5169; x_wconf 70' lang='lat' dir='ltr'><strong>offerte</strong></span> <span class='ocrx_word' id='word_1_844' title='bbox 3077 5116 3226 5181; x_wconf 88' lang='lat' dir='ltr'><strong>prius</strong></span> <span class='ocrx_word' id='word_1_845' title='bbox 3258 5128 3422 5181; x_wconf 87' lang='lat' dir='ltr'><strong>opera</strong></span> <span class='ocrx_word' id='word_1_846' title='bbox 3468 5128 3666 5181; x_wconf 79' lang='lat' dir='ltr'><strong>corpo-</strong></span> 
     </span>
    </p>
   </div>
   <div class='ocr_carea' id='block_1_113' title="bbox 2086 5205 3665 5279">
    <p class='ocr_par' dir='ltr' id='par_1_113' title="bbox 2086 5205 3665 5279">
     <span class='ocr_line' id='line_1_113' title="bbox 2086 5205 3665 5279; baseline -0.006 -12"><span class='ocrx_word' id='word_1_847' title='bbox 2086 5214 2180 5279; x_wconf 88' lang='lat' dir='ltr'><strong>ris,</strong></span> <span class='ocrx_word' id='word_1_848' title='bbox 2212 5223 2265 5267; x_wconf 82' lang='lat' dir='ltr'><strong>et</strong></span> <span class='ocrx_word' id='word_1_849' title='bbox 2296 5213 2475 5267; x_wconf 91' lang='lat' dir='ltr'><strong>cordis</strong></span> <span class='ocrx_word' id='word_1_850' title='bbox 2512 5210 2897 5271; x_wconf 85' lang='lat' dir='ltr'><strong>hmnilitatem,</strong></span> <span class='ocrx_word' id='word_1_851' title='bbox 2938 5218 2994 5262; x_wconf 89' lang='lat' dir='ltr'><strong>et</strong></span> <span class='ocrx_word' id='word_1_852' title='bbox 3012 5217 3235 5261; x_wconf 80' lang='lat' dir='ltr'><strong>vestras</strong></span> <span class='ocrx_word' id='word_1_853' title='bbox 3262 5205 3473 5259; x_wconf 85' lang='lat' dir='ltr'><strong>elevate</strong></span> <span class='ocrx_word' id='word_1_854' title='bbox 3510 5206 3665 5274; x_wconf 80' lang='lat' dir='ltr'><strong>cogi-</strong></span> 
     </span>
    </p>
   </div>
   <div class='ocr_carea' id='block_1_114' title="bbox 2087 5296 3665 5369">
    <p class='ocr_par' dir='ltr' id='par_1_114' title="bbox 2087 5296 3665 5369">
     <span class='ocr_line' id='line_1_114' title="bbox 2087 5296 3665 5369; baseline -0.005 -10"><span class='ocrx_word' id='word_1_855' title='bbox 2087 5306 2321 5361; x_wconf 83' lang='lat' dir='ltr'><strong>lationes</strong></span> <span class='ocrx_word' id='word_1_856' title='bbox 2362 5307 2414 5359; x_wconf 91' lang='lat' dir='ltr'><strong>in</strong></span> <span class='ocrx_word' id='word_1_857' title='bbox 2460 5304 2654 5358; x_wconf 61' lang='lat' dir='ltr'><strong>caelum</strong></span> <span class='ocrx_word' id='word_1_858' title='bbox 2700 5313 2861 5356; x_wconf 89' lang='lat' dir='ltr'><strong>noctu</strong></span> <span class='ocrx_word' id='word_1_859' title='bbox 2902 5302 3134 5369; x_wconf 84' lang='lat' dir='ltr'><strong>diuque,</strong></span> <span class='ocrx_word' id='word_1_860' title='bbox 3179 5307 3235 5353; x_wconf 89' lang='lat' dir='ltr'><strong>et</strong></span> <span class='ocrx_word' id='word_1_861' title='bbox 3270 5296 3499 5365; x_wconf 62' lang='lat' dir='ltr'><strong>quaarite</strong></span> <span class='ocrx_word' id='word_1_862' title='bbox 3538 5311 3665 5351; x_wconf 90' lang='lat' dir='ltr'><strong>cum</strong></span> 
     </span>
    </p>
   </div>
   <div class='ocr_carea' id='block_1_115' title="bbox 2085 5392 3667 5464">
    <p class='ocr_par' dir='ltr' id='par_1_115' title="bbox 2085 5392 3667 5464">
     <span class='ocr_line' id='line_1_115' title="bbox 2085 5392 3667 5464; baseline -0.006 -11"><span class='ocrx_word' id='word_1_863' title='bbox 2085 5399 2267 5454; x_wconf 91' lang='lat' dir='ltr'><strong>cordis</strong></span> <span class='ocrx_word' id='word_1_864' title='bbox 2294 5398 2618 5453; x_wconf 90' lang='lat' dir='ltr'><strong>rectitudine</strong></span> <span class='ocrx_word' id='word_1_865' title='bbox 2650 5396 2911 5464; x_wconf 88' lang='lat' dir='ltr'><strong>Spiritum</strong></span> <span class='ocrx_word' id='word_1_866' title='bbox 2966 5394 3110 5447; x_wconf 86' lang='lat' dir='ltr'><strong>hunc</strong></span> <span class='ocrx_word' id='word_1_867' title='bbox 3156 5392 3394 5460; x_wconf 82' lang='lat' dir='ltr'><strong>igneum,</strong></span> <span class='ocrx_word' id='word_1_868' title='bbox 3441 5397 3667 5458; x_wconf 84' lang='lat' dir='ltr'><strong>tumque</strong></span> 
     </span>
    </p>
   </div>
   <div class='ocr_carea' id='block_1_116' title="bbox 2088 5484 3669 5549">
    <p class='ocr_par' dir='ltr' id='par_1_116' title="bbox 2088 5484 3669 5549">
     <span class='ocr_line' id='line_1_116' title="bbox 2088 5484 3669 5549; baseline -0.008 0"><span class='ocrx_word' id='word_1_869' title='bbox 2088 5494 2309 5549; x_wconf 91' lang='lat' dir='ltr'><strong>dabitur</strong></span> <span class='ocrx_word' id='word_1_870' title='bbox 2341 5494 2513 5547; x_wconf 87' lang='lat' dir='ltr'><strong>vobis.</strong></span> <span class='ocrx_word' id='word_1_871' title='bbox 2577 5490 2691 5545; x_wconf 86' lang='lat' dir='ltr'><strong>Hac</strong></span> <span class='ocrx_word' id='word_1_872' title='bbox 2721 5488 2864 5543; x_wconf 90' lang='lat' dir='ltr'><strong>enim</strong></span> <span class='ocrx_word' id='word_1_873' title='bbox 2904 5486 3115 5540; x_wconf 89' lang='lat' dir='ltr'><strong>ratione</strong></span> <span class='ocrx_word' id='word_1_874' title='bbox 3150 5484 3297 5537; x_wconf 91' lang='lat' dir='ltr'><strong>illum</strong></span> <span class='ocrx_word' id='word_1_875' title='bbox 3338 5493 3669 5537; x_wconf 81' lang='lat' dir='ltr'><strong>consecutus</strong></span> 
     </span>
    </p>
   </div>
   <div class='ocr_carea' id='block_1_117' title="bbox 2253 5661 3467 5736">
    <p class='ocr_par' dir='ltr' id='par_1_117' title="bbox 2253 5661 3467 5736">
     <span class='ocr_line' id='line_1_117' title="bbox 2253 5661 3467 5736; baseline -0.016 -6"><span class='ocrx_word' id='word_1_876' title='bbox 2253 5676 2298 5707; x_wconf 73' lang='grc'><strong>⁸⁸</strong></span> <span class='ocrx_word' id='word_1_877' title='bbox 2337 5674 2491 5729; x_wconf 80' lang='lat' dir='ltr'><strong>Juan.</strong></span> <span class='ocrx_word' id='word_1_878' title='bbox 2532 5688 2649 5736; x_wconf 67' lang='lat' dir='ltr'><strong>snt,</strong></span> <span class='ocrx_word' id='word_1_879' title='bbox 2682 5670 2764 5724; x_wconf 79' lang='lat' dir='ltr'><strong>l3.</strong></span> <span class='ocrx_word' id='word_1_880' title='bbox 2845 5670 2886 5701; x_wconf 77' lang='lat'>&quot;</span> <span class='ocrx_word' id='word_1_881' title='bbox 2911 5668 3065 5724; x_wconf 81' lang='lat' dir='ltr'><strong>Joan.</strong></span> <span class='ocrx_word' id='word_1_882' title='bbox 3098 5680 3227 5732; x_wconf 85' lang='lat' dir='ltr'><strong>xvn,</strong></span> <span class='ocrx_word' id='word_1_883' title='bbox 3255 5662 3344 5726; x_wconf 57' lang='grc' dir='ltr'><strong>ξι,</strong></span> <span class='ocrx_word' id='word_1_884' title='bbox 3379 5661 3467 5719; x_wconf 75' lang='grc' dir='ltr'><strong>ίὶι.</strong></span> 
     </span>
    </p>
   </div>
  </div>
