3860 6316
211 240 338 302 illi!

1206 248 1265 304 S.
1306 249 1591 307 ANTONII
1630 251 1702 306 Μ.
1745 252 2038 312 ABBATIS
2078 257 2460 316 EPISTOLE.

3335 269 3477 327 1022

205 375 285 420 est
319 363 470 419 Elias
505 360 824 432 Thesbites,
860 372 919 419 et
957 363 1185 422 Elismus
1226 381 1350 422 cum
1399 369 1624 439 reliquis
1668 385 1794 440 pro-
1823 376 1867 434 Α
1899 375 1965 430 de
2012 385 2127 432 toto
2167 381 2352 445 corde,
2400 389 2455 436 et
2495 380 2564 436 de
2611 388 2722 436 tota
2764 381 3109 452 cogitatione,
3149 395 3203 439 et
3245 387 3311 442 de
3363 397 3477 444 tota

207 457 403 526 pltetis.
437 453 552 511 Nec
572 455 826 526 cogitetis
856 455 912 510 in
945 456 1202 513 cordibus
1223 459 1439 525 vestris,
1461 470 1515 516 et
1539 461 1793 532 ancipitis

203 545 390 602 cordis
416 545 563 612 sitis,
598 546 846 600 dicentes
880 563 897 601 :
927 545 1061 613 Quis
1103 547 1246 603 valet
1288 549 1433 604 hunc
1466 551 1744 621 suscipere
1768 552 1794 606 Υ

210 637 607 707 Nequaquam,
653 636 805 692 lllioli
851 637 996 702 mei,
1048 653 1391 710 nequaquam
1436 643 1631 699 sinatis
1693 644 1793 699 has

203 731 562 800 cogitationes
613 730 667 784 in
721 738 900 785 vestra
953 733 1140 787 venire
1172 733 1359 799 corda,
1415 737 1509 789 sed
1566 735 1794 805 quaerite

204 837 327 875 cum
362 821 694 876 rectitudine
717 823 919 886 cordis,
947 833 1003 878 et
1019 823 1332 894 suscipietis
1352 824 1502 880 illum
1527 826 1790 896 profecto.

209 912 322 982 Ego
353 922 538 967 autem
570 911 737 968 Pater
777 922 961 970 vester
1001 930 1105 970 una
1136 931 1352 986 quoque
1382 917 1662 973 vobiscum
1697 919 1790 973 de-

203 1013 379 1069 certo,
413 1020 512 1074 pro
550 1005 704 1059 vobis
751 1020 948 1075 rogans
993 1016 1052 1060 ut
1084 1005 1235 1061 illum
1277 1008 1630 1076 suscipiatis;
1669 1006 1793 1062 novi

205 1112 442 1165 namque
479 1112 578 1152 vos
607 1096 884 1166 perfectos
911 1112 1053 1165 esse,
1085 1098 1349 1168 illumque
1376 1101 1658 1170 suscipere
1695 1115 1792 1154 va-

201 1188 398 1245 lentes.
440 1189 758 1259 Quicunque
798 1189 943 1246 enim
971 1199 1147 1246 semet
1191 1191 1368 1262 ipsum
1423 1192 1526 1246 hac
1579 1192 1794 1246 cultura

204 1284 362 1349 colit,
403 1284 622 1338 dabitur
642 1285 691 1339 ei
724 1282 964 1352 Spiritus
1001 1283 1092 1339 ille
1124 1299 1340 1355 semper
1366 1294 1533 1353 atque
1553 1285 1606 1339 in
1638 1294 1795 1339 ater-

201 1393 355 1432 num.
387 1375 517 1432 Scio
547 1384 728 1430 autem
768 1378 1055 1446 quosdam,
1130 1377 1221 1447 qui
1257 1392 1378 1438 cum
1415 1377 1565 1432 illum
1607 1391 1794 1432 susce-

200 1469 444 1538 pissent,
480 1479 535 1521 et
560 1467 704 1521 hanc
741 1480 844 1521 non
885 1465 1247 1535 perfecissent
1280 1467 1576 1532 culturam,
1606 1468 1658 1522 in
1685 1467 1794 1523 illis

199 1563 430 1618 minime
456 1559 846 1630 permansisse.
874 1560 946 1614 At
973 1561 1445 1626 vos,dilectissimi
1480 1560 1636 1632 mihi,
1660 1575 1796 1630 quos

198 1654 392 1708 videre
420 1652 580 1722 cupio
596 1661 817 1721 propter
840 1651 1210 1720 intellectuum
1247 1663 1550 1708 vestrorum
1575 1654 1796 1708 rectitu-

197 1746 412 1812 dinem,
451 1743 729 1814 persistite
768 1744 820 1798 in
864 1745 1116 1814 precibus
1164 1759 1286 1800 cum
1328 1745 1696 1800 sollicitudine
1724 1760 1793 1800 ex
1823 1731 1870 1792 Β

200 1839 334 1894 totis
379 1838 637 1894 cordibus
677 1839 909 1904 vestris,
958 1847 1012 1892 et
1053 1839 1273 1893 dabitur
1319 1841 1512 1897 vobis.
1558 1840 1795 1910 Spiritus

198 1944 443 2000 namque
485 1929 576 1985 ille
604 1930 674 1983 -in
701 1930 956 1986 cordidus
988 1930 1258 1985 inhabitat
1303 1931 1485 1986 rectis.
1525 1931 1626 1998 Qui
1661 1945 1795 1986 sane

196 2033 490 2092 susceptus
507 2022 766 2077 revelabit
785 2023 936 2078 vobis
957 2023 1171 2078 excelsa
1194 2039 1416 2092 arcana,
1440 2024 1611 2080 aliave
1631 2039 1793 2093 quam

196 2115 360 2187 plura
404 2130 524 2184 qua:
564 2115 776 2182 charta,
820 2113 1030 2170 calamo
1062 2125 1478 2187 atramentoque
1523 2131 1796 2185 exponere

197 2222 310 2260 non
337 2205 528 2272 valeo;
565 2215 622 2260 et
654 2207 928 2261 atnovebit
951 2221 982 2260 a
1013 2207 1168 2263 vobis
1207 2207 1457 2263 timorem
1490 2209 1793 2275 hominum,

193 2309 254 2354 et
285 2297 612 2365 bestiarum,
645 2306 700 2353 et
730 2299 1058 2353 charitatum
1107 2299 1447 2370 aliorumque
1489 2299 1789 2370 ejusmodi;

192 2405 246 2447 et
276 2393 385 2446 erit
413 2391 571 2447 vobis
592 2391 816 2460 caeleste
854 2393 1103 2461 gaudium
1139 2402 1298 2447 noctu
1337 2394 1560 2463 diuque,
1605 2390 1791 2449 eritis-

193 2498 308 2554 que
352 2482 408 2537 in
451 2483 553 2537 hoc
594 2496 823 2550 corpore
872 2493 1130 2552 tanquam
1168 2481 1244 2536 illi
1281 2484 1372 2554 qui
1402 2482 1515 2552 jam
1563 2491 1691 2538 sunt
1737 2483 1792 2537 in

197 2591 395 2647 regno.
436 2573 550 2631 Nec
604 2589 704 2645 pro
755 2575 1038 2630 animabus
1071 2575 1272 2631 vestris
1327 2575 1595 2646 rogabitis
1652 2576 1792 2630 dun-

197 2677 376 2733 taxat,
428 2683 618 2723 verum
648 2668 812 2723 etiam
841 2681 941 2738 pro
975 2665 1119 2732 aliis,
1151 2682 1272 2722 cum
1301 2669 1614 2738 quicunque
1651 2668 1795 2723 hunc

195 2759 510 2831 susceperit
558 2761 820 2828 Spiritum
880 2775 978 2830 pro
1041 2775 1101 2816 se
1146 2774 1336 2830 rogare
1391 2759 1532 2813 haud
1592 2755 1795 2828 indiget

195 2852 459 2922 amplius.
482 2851 574 2906 sed
605 2865 702 2920 pro
736 2849 1366 2918 aliis.Quemadmodum
1399 2846 1788 2920 fecitMoyses;

195 2945 291 3014 qui
329 2959 454 3000 cum
493 2944 643 2998 hunc
676 2944 918 3013 suscepit
953 2940 1254 3012 Spiritum,
1299 2943 1509 3011 rogavit
1561 2957 1658 3012 pro
1696 2956 1793 3010 po-

1896 477 2096 534 mente,
2144 480 2199 525 et
2247 472 2314 527 de
2345 480 2454 527 tota
2489 472 2689 529 virtute
2731 489 2851 541 sua,
2892 475 3140 531 timorem
3188 479 3478 548 consequi-

1897 565 2015 621 tur;
2041 559 2204 613 timor
2233 567 2414 616 autem
2453 573 2678 633 generat
2714 563 2932 631 ﬂetum;
2964 565 3120 620 ﬂetus
3150 581 3280 621 vero
3309 582 3476 638 gene-

1895 655 1982 701 rat
2019 646 2440 706 fortitudinem:
2481 654 2677 722 quibus
2721 655 3114 710 consummatis
3156 656 3211 710 in
3271 658 3476 719 anima,

1895 740 2103 797 fructus
2135 743 2274 798 feret
2308 744 2361 798 in
2399 747 2674 802 omnibus.
2719 746 2863 803 Deus
2893 757 3074 802 autem
3107 747 3352 817 pulchris
3391 749 3477 804 his

1900 834 2168 892 fructibus
2219 837 2271 892 in
2304 839 2486 895 anima
2527 843 2828 911 perspectis
2861 842 3084 896 attrahit
3123 840 3270 896 illam
3312 842 3379 896 ad
3419 857 3479 896 se

1905 933 2162 997 tauquam
2186 930 2410 986 odorem
2449 932 2624 988 thuris
2651 933 2832 999 electi,
2866 933 3062 1002 illaque
3093 935 3306 987 laetatur
3351 948 3474 987 cum

1894 1020 2102 1088 angelis
2128 1021 2276 1076 omni
2315 1029 2580 1092 tempore,
2631 1023 2906 1094 elargiens
2953 1023 3029 1078 illi
3074 1037 3290 1092 quoque
3343 1021 3475 1076 lacti-

1898 1112 2053 1175 tiatn,
2080 1126 2309 1180 eamque
2334 1115 2572 1169 custodit
2601 1114 2654 1168 in
2684 1115 2936 1171 omnibus
2965 1115 3065 1168 viis
3091 1114 3226 1184 ejus,
3257 1123 3314 1166 ut
3352 1128 3476 1184 pcr-

1896 1204 2076 1257 veniat
2111 1205 2179 1257 ad
2217 1204 2396 1260 locum
2441 1221 2554 1261 sua:
2599 1207 2844 1276 requiei;
2897 1216 2953 1262 et
3004 1221 3108 1262 non
3162 1204 3476 1276 praevalebit

1895 1297 2154 1351 adversus
2186 1311 2304 1353 eam
2333 1298 2599 1362 diabolus,
2629 1299 2820 1353 videns
2838 1299 3155 1353 altissimum
3184 1297 3468 1353 custodem

1897 1386 2042 1441 illam
2100 1387 2570 1454 circumdantem;
2613 1389 2819 1444 idcirco
2859 1388 3063 1444 homini
3107 1387 3181 1441 illi
3215 1387 3476 1440 accedere

1896 1491 2123 1547 prorsus
2173 1479 2348 1545 timet,
2399 1479 2468 1533 ob
2517 1493 2770 1549 magnam
2822 1479 2967 1532 illam
3009 1478 3289 1532 virtutem.
3321 1473 3476 1529 Nunc

1897 1582 2103 1633 autem,
2158 1570 2500 1626 dilectissimi
2556 1571 2660 1625 mei
2709 1571 2762 1625 in
2818 1571 3070 1633 Domino,
3119 1583 3254 1638 quos
3302 1565 3477 1633 diligit

1903 1665 2084 1719 anima
2112 1680 2228 1720 mea
2261 1666 2520 1734 novitque
2547 1680 2670 1719 esse
2701 1663 2798 1718 Dei
2834 1672 3126 1726 amatores,
3164 1667 3478 1729 comparate

1897 1754 2052 1810 vobis
2090 1755 2344 1810 virtutem
2394 1756 2555 1819 hanc,
2591 1763 2650 1808 ιιι
2697 1766 2931 1824 paveant
2961 1768 3058 1808 vos
3099 1753 3390 1812 daemones,
3424 1757 3480 1803 ct

1898 1846 2178 1901 laboribus
2217 1861 2354 1915 quos
2396 1845 2678 1916 peragitis,
2723 1845 2997 1910 lcvemini,
3032 1854 3086 1898 et
3116 1840 3478 1897 divinavobis

1899 1937 2218 1992 dulcescant
2249 1953 2266 1989 :
2296 1936 2561 2005 siquidem
2610 1936 2777 1992 divini
2833 1935 3036 1990 amoris
3085 1933 3308 1988 dulcedo
3356 1932 3479 1987 favo

1905 2030 2061 2100 longe
2089 2030 2299 2085 dulcior
2327 2039 2429 2084 est.
2473 2030 2621 2084 Multi
2647 2045 2777 2085 sane
2810 2045 2876 2085 ex
2911 2030 3192 2084 monachis
3225 2036 3280 2082 et
3305 2027 3476 2098 virgi—

1899 2122 2056 2176 nibus
2095 2121 2187 2191 qui
2231 2121 2282 2174 in
2315 2121 2824 2192 congregationibus
2856 2128 3000 2182 sunt,
3052 2133 3176 2174 cum
3215 2118 3356 2172 hanc
3403 2116 3481 2170 di-

1901 2211 2008 2265 vini
2043 2212 2246 2267 amoris
2273 2211 2613 2267 dulcedinem
2653 2213 2876 2267 minime
2912 2213 3287 2283 degustassent
3310 2253 3325 2278 ,
3378 2224 3480 2265 nec

1900 2304 2140 2359 divinam
2171 2303 2540 2359 fortitudinem
2569 2314 2755 2360 essent
2779 2304 3078 2368 consecuti,
3097 2301 3478 2370 autumabant,

1897 2411 1957 2451 se
1977 2411 2095 2451 eam
2114 2395 2224 2466 jam
2281 2407 2468 2453 nactos
2495 2412 2637 2464 esse,
2669 2413 2832 2468 quam
2870 2406 3047 2450 tamen
3071 2395 3268 2450 lucrari
3300 2394 3476 2448 haud-

1899 2505 2169 2558 quaquam
2201 2500 2328 2545 sunt
2355 2491 2535 2545 conati
2572 2507 2586 2544 :
2625 2490 2853 2561 ideoque
2876 2489 3098 2544 minime
3136 2503 3254 2542 eam
3280 2485 3478 2557 elargi-

1899 2589 1984 2634 tus
2017 2591 2102 2636 est
2136 2581 2245 2637 illis
2294 2583 2454 2638 Deus.
2501 2581 2754 2638 Profecto
2797 2581 2940 2637 enim
2974 2581 3286 2650 quicunque
3329 2579 3477 2633 illam

1897 2672 2097 2729 lucrari
2125 2684 2378 2740 conatur,
2420 2687 2539 2728 eam
2570 2673 2929 2746 consequitur
2951 2672 3042 2728 Dei
3075 2673 3426 2728 concessione
3458 2685 3475 2723 :

1853 2788 1858 2794 ί
1896 2766 2334 2836 quandoquidem
2363 2780 2720 2837 personarum
2773 2782 2877 2821 non
2906 2775 2988 2820 est
3015 2774 3267 2834 acceptor
3294 2763 3476 2828 Deus;

1895 2873 2083 2913 verum
2114 2858 2370 2913 omnibus
2391 2859 2445 2912 in
2475 2858 2939 2929 generationibus,
2973 2857 3322 2928 generatione
3357 2864 3480 2925 post

1885 2925 2346 3024 generationem,
2408 2925 2557 3005 illam
2621 2951 2851 3022 largitur
2912 2925 3262 3019 operantibus
3311 2959 3476 3016 opera

196 3037 327 3110 pulo
350 3039 540 3092 dicens
563 3038 706 3091 Deo:
739 3036 801 3092 Si
829 3036 1127 3106 deperderis
1148 3035 1262 3101 hos,
1279 3035 1392 3090 dele
1417 3051 1603 3089 nomen
1621 3049 1790 3089 meum

1899 3047 2061 3101 illius.
2093 3043 2270 3111 Nunc,
2297 3044 2631 3101 dilectissimi
2667 3043 2771 3098 mei
2801 3043 2854 3097 in
2889 3041 3127 3106 Christo,
3165 3041 3304 3096 bene
3340 3038 3479 3106 scio,

194 3131 263 3184 de
285 3131 422 3184 libro
446 3129 645 3184 vitaz“.
680 3127 956 3199 Ejusmodi
992 3143 1208 3199 quoque
1229 3136 1313 3182 est
1344 3126 1654 3194 deprecatio
1675 3141 1791 3178 om-

196 3225 351 3278 nium
389 3231 726 3286 sanctorum,
754 3221 1094 3290 aliorumque
1124 3221 1216 3291 qui
1254 3222 1319 3274 ad
1354 3220 1497 3274 hunc
1529 3231 1790 3287 pervene-

195 3323 332 3368 runt
393 3312 712 3376 terminum,
766 3325 904 3380 quos
959 3309 1280 3373 nominatim
1340 3322 1631 3362 recensere
1679 3321 1788 3361 non

195 3409 398 3471 valeo;
442 3421 540 3460 vos
571 3419 700 3459 vero
734 3418 856 3457 cum
887 3403 1166 3472 sapientes
1199 3401 1344 3464 sitis,
1376 3414 1471 3454 eos
1516 3396 1792 3467 cognosci-

199 3501 293 3554 tis.
323 3497 444 3553 Mea
477 3505 658 3550 autem
706 3493 1016 3563 deprecatio
1049 3501 1210 3546 noctu
1239 3490 1440 3559 diuque
1471 3498 1573 3552 est,
1607 3503 1665 3541 ut
1718 3486 1791 3540 sit

195 3595 251 3648 in
281 3592 442 3646 vobis
478 3589 794 3658 magnitudo
830 3585 1068 3654 Spiritus
1110 3585 1305 3655 lmjus,
1341 3598 1500 3653 quem
1536 3597 1788 3651 suscepe-

196 3695 327 3739 runt
348 3681 528 3738 sancti
551 3693 760 3737 omnes.
795 3679 1081 3746 Equidem,
1119 3675 1264 3730 lilioli
1293 3675 1395 3730 mei
1425 3674 1786 3737 dilectissimi,

193 3787 488 3846 postquam
522 3770 808 3842 epistolam
849 3769 986 3823 hanc
1031 3768 1402 3835 scripseram,
1445 3764 1651 3836 Spiritu
1694 3762 1787 3817 Dei

193 3877 380 3922 motus
410 3880 554 3929 sum,
588 3871 644 3917 ut
677 3862 971 3917 scriberem
1019 3861 1171 3915 vobis
1224 3861 1276 3914 in
1329 3859 1488 3928 hujus
1525 3857 1675 3912 calce
1719 3856 1785 3911 de

195 3960 406 4031 Spiritu
467 3959 572 4013 hoc
631 3959 819 4028 igneo,
852 3969 1012 4028 atque
1052 3960 1119 4012 de
1159 3957 1337 4010 divina
1384 3955 1668 4010 charitate.
1719 3952 1791 4007 At

194 4067 323 4106 cum
348 4063 554 4105 venero
590 4049 658 4104 ad
679 4064 773 4104 vos
801 4048 1010 4103 Domini
1034 4063 1157 4118 ope,
1183 4047 1285 4101 alia
1306 4046 1642 4117 quamplura
1663 4056 1788 4100 nom

193 4143 351 4199 vobis
380 4142 580 4198 faciam
609 4145 675 4198 de
703 4143 805 4197 hoc
838 4142 1068 4211 Spiritu,
1103 4151 1162 4195 ut
1181 4155 1242 4195 ea
1271 4142 1454 4196 omnia
1483 4153 1787 4210 consequa-

192 4236 350 4290 tnini.
424 4233 897 4302 Quemadmodum
953 4248 1084 4288 vero
1139 4232 1371 4288 salutem
1423 4234 1577 4288 vobis
1633 4232 1788 4286 initio

189 4329 444 4400 epistola:
478 4329 643 4395 hujus
676 4343 795 4382 sunt
828 4327 1168 4396 impcrtitus;
1201 4325 1459 4381 similiter
1484 4325 1606 4378 dico
1636 4322 1790 4377 vobis

1898 3153 1992 3193 vos
2014 3137 2181 3193 Deum
2207 3137 2466 3206 diligere;
2498 3151 2686 3191 verum
2715 3135 2967 3206 satagite,
2990 3142 3047 3186 ut
3073 3133 3124 3187 id
3157 3131 3228 3186 sit
3255 3146 3322 3186 ex
3347 3129 3476 3184 totis

1895 3230 2149 3284 cordibus
2182 3230 2416 3294 vestris;
2448 3229 2500 3282 in
2533 3243 2639 3297 quo
2673 3227 2889 3297 quidem
2925 3226 3134 3280 lzetatur
3148 3238 3243 3278 cor
3271 3237 3472 3289 meum,

1851 3364 1854 3369 .
1895 3331 1954 3376 ιιι
1988 3321 2214 3375 valeatis
2243 3319 2492 3375 obtinere
2519 3319 2774 3372 virtutem
2804 3316 2921 3382 Dei,
2969 3327 3025 3372 et
3056 3315 3317 3384 reliquum
3351 3314 3477 3366 vitae

1895 3421 2088 3468 vestra:
2106 3428 2226 3466 cutn
2251 3411 2447 3480 gaudio
2466 3421 2521 3465 et
2557 3410 2741 3465 laetitia
2771 3409 3089 3476 transigere,
3113 3417 3166 3461 et
3187 3415 3248 3462 ut
3271 3404 3480 3459 leviora

1897 3506 2052 3562 vobis
2082 3505 2376 3560 reddantur
2404 3519 2570 3577 opera
2611 3501 2844 3563 Domini.
2883 3517 3003 3556 eum
3035 3501 3204 3554 virtus
3232 3513 3352 3568 quae
3380 3497 3479 3549 ho-

1904 3596 2036 3650 mini
2074 3596 2272 3659 datur,
2316 3610 2379 3649 ea
2421 3595 2533 3663 ipsa
2569 3596 2640 3649 sit
2679 3610 2800 3664 qua:
2835 3593 2979 3647 illum
3021 3591 3205 3660 dirigit
3247 3590 3313 3642 ad
3356 3587 3473 3642 loca

1895 3688 2139 3757 requiei,
2194 3687 2456 3756 illumque
2496 3687 2736 3741 custodit
2797 3699 3079 3756 quousque
3135 3686 3478 3752 pertranseat

1894 3791 2088 3832 omnes
2123 3793 2313 3833 aereas
2346 3780 2606 3842 virtutes,
2669 3776 2810 3830 sicut
2841 3775 2916 3829 ait
2947 3773 3192 3828 Psatmus
3221 3787 3234 3822 :
3278 3768 3476 3823 Beatus

1894 3871 1994 3936 vir,
2018 3887 2106 3939 qut
2135 3869 2352 3938 complet
2375 3869 2691 3924 desiderium
2719 3883 2873 3922 suum
2895 3882 2959 3921 ex
2993 3867 3120 3935 ipsis
3141 3879 3161 3928 ;
3193 3873 3315 3917 tunc
3338 3860 3476 3915 enim

1895 3976 1998 4013 non
2028 3959 2404 4030 confundetur,
2444 3977 2563 4014 cum
2611 3959 2910 4030 alloquetur
2960 3957 3203 4011 inimicos
3242 3971 3364 4008 suos
3402 3952 3474 4006 'in

1889 4058 2057 4125 portis
2078 4056 2147 4112 ⁸³.
2177 4056 2384 4111 Scitote
2417 4055 2622 4122 itaque,
2658 4052 2806 4107 tilioli
2841 4051 2966 4118 mei,
2992 4050 3134 4121 quod
3157 4051 3283 4102 dum
3313 4047 3477 4102 habet

1894 4147 2062 4202 homo
2094 4147 2273 4202 lumen
2295 4146 2388 4202 Dei
2408 4147 2776 4214 virtutemque
2796 4145 2934 4213 ejus,
2963 4141 3249 4212 opprobria
3290 4139 3473 4193 mundi

1904 4238 2061 4307 hujus
2095 4239 2400 4295 contemnit
2442 4247 2604 4306 atque
2631 4238 2795 4290 etiam
2829 4237 3065 4291 honores
3099 4225 3240 4303 ejus,
3273 4242 3329 4287 et
3353 4231 3478 4286 odio

1895 4330 2058 4386 habet
2089 4330 2273 4385 omnia
2307 4346 2428 4400 quae
2473 4341 2600 4386 sunt
2650 4331 2702 4385 in
2741 4331 2844 4384 hoc
2871 4328 3095 4393 mundo,
3127 4336 3183 4380 et
3229 4323 3478 4393 corporis

189 4420 428 4474 salutem
461 4419 516 4472 in
553 4417 823 4472 charitate
855 4415 1068 4471 Domini
1113 4416 1164 4470 in
1210 4415 1317 4470 fine
1341 4415 1486 4469 illius
1509 4429 1601 4483 per
1636 4414 1781 4468 hunc
1816 4423 1861 4478 D
1892 4422 2135 4490 requiem
2159 4462 2174 4488 ,
2220 4423 2588 4493 emundatque
2613 4437 2708 4477 cor
2736 4435 2892 4476 suum
2933 4419 3001 4473 ab
3029 4417 3282 4472 omnibus
3319 4415 3477 4470 malis

191 4511 466 4582 Spiritum
514 4509 759 4582 igneum,
811 4523 971 4580 quem
1042 4508 1383 4578 suscepimus
1429 4523 1527 4576 ego
1580 4516 1635 4561 et
1686 4521 1786 4562 vos

191 4603 373 4674 gratia
415 4603 652 4658 Domini.
695 4602 847 4672 Rogo
886 4602 1104 4657 demum
1161 4615 1291 4665 vos,
1348 4609 1406 4655 ut
1468 4599 1788 4670 relinquatis

191 4707 433 4751 vestram
466 4694 774 4749 sensualem
809 4693 1178 4757 voluntatem,
1220 4700 1277 4746 et
1314 4692 1482 4762 quieti
1536 4692 1787 4747 omnibus

191 4789 370 4843 modis
412 4788 764 4850 incumbatis,
799 4795 858 4840 ut
891 4785 1197 4840 inhabitent
1241 4786 1383 4855 apud
1428 4800 1526 4841 vos
1559 4771 1786 4839 excelsae

188 4885 425 4936 virtutes
463 4879 623 4946 hujus
656 4879 894 4948 Spiritus
950 4879 1122 4933 sancti
1165 4877 1369 4944 alllatu,
1424 4893 1582 4948 0pctn
1631 4877 1785 4933 vobis

188 4971 435 5025 ferentes
483 4972 548 5022 ad
596 4969 935 5039 operandum
987 4967 1141 5036 juxta
1205 4968 1536 5022 voluntatem
1582 4978 1786 5023 saneta:

197 5065 508 5128 l‘rinitatis,
547 5063 743 5127 Patris,
780 5071 835 5117 et
865 5061 1011 5127 Filii,
1047 5072 1100 5117 et
1139 5060 1378 5132 Spiritus
1427 5061 1601 5117 sancti
1639 5078 1652 5113 :
1695 5060 1780 5116 cui

191 5160 308 5214 laus
341 5173 561 5226 semper
596 5158 649 5211 in
681 5169 963 5212 aeternum.

768 5247 1096 5302 EPISTOLA
1123 5245 1213 5300 IX.

192 5317 354 5373 Filii:
377 5320 488 5371 suis
507 5317 806 5371 monachis:
826 5331 998 5372 notant
1019 5320 1092 5372 eis
1112 5319 1241 5384 facit
1259 5334 1554 5371 mensuram
1575 5318 1784 5373 uirtutis

261 5389 365 5444 Dei
395 5389 450 5442 in
481 5392 701 5444 sanctis.
723 5388 985 5441 Hortatur
1018 5406 1104 5442 eos
1118 5398 1374 5456 prwterea
1400 5391 1470 5442 att
1501 5389 1648 5442 illam
1667 5405 1787 5442 con-

255 5463 602 5530 sequendam,
618 5471 670 5512 ut
688 5460 956 5514 obtineant
975 5476 1189 5530 regnum
1205 5462 1596 5529 sempiternum.
1616 5459 1783 5515 Dixit:

262 5552 619 5608 Dilectissimi
654 5552 706 5606 in
735 5551 988 5616 Domino,
1036 5552 1080 5606 si
1124 5552 1286 5606 homo
1328 5551 1498 5608 Deum
1529 5553 1782 5609 dilexerit

268 5713 315 5744 “
353 5712 523 5767 Exod.
551 5727 725 5778 χχιιι,
933 5711 977 5744 ⁸³
1002 5710 1143 5768 Psal.
1177 5729 1366 5777 chVl,_
1393 5714 1450 5775 5.

1891 4509 2354 4580 cogitationibus;
2408 4520 2520 4565 tum
2561 4509 2826 4580 jejunium
2881 4509 3041 4564 oll'ert
3098 4515 3152 4563 et
3207 4506 3478 4578 lacrymas

1891 4611 2054 4656 noctu
2091 4601 2329 4671 diuque,
2380 4616 2481 4658 nec
2515 4617 2622 4657 non
2665 4618 2832 4674 puras
2880 4616 3068 4672 preces
3100 4615 3126 4652 ει
3171 4614 3338 4669 quare
3370 4599 3479 4652 lar-

1890 4695 2068 4766 gietur
2100 4694 2349 4754 ei.Deus
2381 4696 2640 4750 virtutem
2690 4694 2871 4750 illam.
2913 4694 3136 4764 Itaque,
3179 4690 3327 4745 lilioli
3371 4693 3473 4745 mei

1892 4791 2194 4856 benedicti,
2248 4791 2392 4845 hanc
2437 4789 2688 4846 obtinere
2731 4789 2990 4844 virtutem
3037 4787 3306 4855 satagite,
3365 4799 3470 4854 qua

1893 4885 2167 4938 mediante
2188 4882 2546 4953 operabimini
2564 4883 2744 4938 omnia
2765 4897 2930 4951 opera
2950 4889 3131 4936 vestra
3150 4894 3274 4934 cum
3291 4879 3486 4947 requie,

1892 4986 1947 5030 ct
1991 4976 2280 5051 levamjne,
2317 4991 2678 5046 magnamque
2718 4974 3106 5030 nanciscemini
3149 4988 3334 5027 coram
3373 4973 3461 5024 Da-

1895 5068 2041 5123 mino
2091 5068 2375 5136 fiduciam,
2419 5076 2474 5124 et
2528 5066 2770 5138 implebit
2809 5067 2988 5146 vobis”
3020 5081 3212 5122 omnes
3267 5073 3478 5118 vest..~s

1893 5161 2201 5246 petitiones.
2254 5161 2522 5217 Praeterea
2579 5162 2777 5218 scitote
2829 5162 2973 5232 quod
3033 5159 3186 5230 plura
3233 5159 3472 5213 scribere

1891 5254 2047 5310 vobis
2079 5253 2244 5309 verba
2274 5253 2626 5310 decreveram
2655 5255 2726 5309 ob
2749 5269 2925 5310 meam
2964 5269 3094 5325 erga
3128 5269 3226 5308 vos
3243 5253 3476 5308 charita-

1894 5362 2026 5421 tem,
2063 5369 2251 5410 verum
2284 5356 2438 5412 brevi
2462 5359 2562 5412 hac
2591 5358 2828 5427 epitome
2847 5367 3135 5414 contentus
3159 5348 3265 5412 fui.‘
3290 5355 3474 5411 Domi-

1894 5471 2019 5510 Itum
2074 5463 2253 5511 autem
2307 5456 2568 5526 deprecor
2609 5453 2794 5513 Jesum
2857 5453 3202 5524 Christum,’
3233 5465 3292 5511 ut
3340 5470 3470 5510 eam

1892 5557 2188 5614 constituat
2227 5558 2280 5615 in
2321 5569 2554 5618 vestram
2602 5560 2831 5619 salutem
2872 5569 2929 5617 et
2971 5560 3249 5633 gaudium.
3300 5557 3471 5627 Quem
