3860 6318
411 222 551 284 14125

412 325 569 382 decet
612 326 731 385 laus
770 342 826 387 et
869 332 1046 390 honor
1098 340 1167 393 ab
1205 342 1458 399 omnibus
1487 347 1848 406 rationalibus
1875 369 1996 409 cum

415 413 577 474 Patre
610 436 733 488 suo,
767 433 823 479 et
857 424 1062 495 Spiritu
1094 442 1287 488 sancto
1318 434 1369 488 in
1398 436 1618 493 samula.
1642 440 1837 497 Amen.

982 540 1326 600 EPISTULA
1361 547 1430 602 X.

413 596 569 685 Filii}
601 605 716 695 suis
747 608 1015 695 "igneolus
1041 627 1058 665 :
1102 615 1165 668 de
1192 632 1326 695 tanta
1358 619 1550 687 gloria,
1583 624 1799 695 ejusque
1828 640 2001 682 certa-

482 674 729 757 minibus.
770 673 1034 757 I’rrylereu
1067 701 1151 757 eos
1178 685 1322 757 (locet
1347 673 1498 757 .aqua
1535 673 1738 751 'ratlion‘e
1766 699 1872 751 illis
1912 703 2003 752 (le-

477 746 928 837 ccrloltlzttnt‘lll,
979 761 1035 804 ut
1066 752 1131 805 ab
1170 755 1264 808 illa
1304 746 1609 829 eripiantur
1642 746 1697 819 in
1733 785 1860 837 pace
1892 769 2001 822 Do-

477 813 625 865 mini.
665 814 807 869 Dixit
840 832 861 870 :

476 903 673 960 Scribo
694 909 868 974 vobis,
896 911 1050 969 ﬁlioli
1074 917 1181 971 mei
1209 917 1501 987 benedicti,
1522 926 1809 995 epistolam
1838 931 1998 996 ltant‘,

404 1003 466 1047 ut
493 997 803 1067 percipiatis
835 1004 977 1070 quod
1010 1005 1157 1061 Deus
1211 1026 1270 1063 se
1301 1012 1608 1081 diligentes,
1661 1030 1715 1073 et
1755 1034 1999 1088 quaeren-

404 1095 489 1139 tes
536 1086 603 1141 de
649 1097 760 1145 toto
815 1094 981 1148 corde
1028 1112 1151 1166 suo,
1198 1105 1441 1171 exaudit,
1486 1086 1840 1182 conceditque
1899 1116 2000 1170 illis

400 1192 594 1234 omnes
631 1196 821 1238 eorum
862 1187 1172 1254 petitiones.
1217 1192 1863 1259 Verumtamen'illorum
1906 1208 1998 1277 qui

404 1273 471 1324 ad
497 1271 647 1326 illum
679 1274 751 1330 de
781 1286 895 1334 toto
927 1283 1095 1337 conte
1127 1300 1225 1339 suo
1259 1304 1363 1342 non
1395 1295 1675 1357 accedunt,
1716 1298 1808 1351 sed
1845 1301 1997 1354 anci-

399 1362 530 1431 pitis
558 1377 683 1420 sunt
709 1371 910 1435 cordis,
944 1382 997 1426 et
1029 1376 1288 1446 quidquid
1319 1393 1486 1450 agunt
1511 1423 1526 1445 .
1558 1386 1608 1438 id
1645 1387 1820 1455 palam
1856 1404 1983 1460 prte-

399 1465 552 1510 ntant
578 1458 644 1512 ad
668 1466 1109 1533 consequendam
1138 1469 1364 1537 gloriam
1385 1473 1666 1532 laudemve
1693 1478 1995 1551 hominum,

400 1548 693 1615 petitiones
742 1570 846 1609 non
901 1560 1148 1626 exaudit,
1200 1564 1294 1617 sed
1336 1567 1516 1634 potius
1553 1569 1813 1628 irascitur
1852 1575 1994 1631 illis:

402 1637 468 1692 ad
516 1645 937 1701 ostentationem
973 1650 1171 1719 quippe
1199 1669 1386 1709 eorum
1414 1671 1542 1712 sunt
1601 1677 1784 1727 opera.
1813 1667 1995 1731 Quare

1525 246 1800 305 PATRES
1838 250 2145 313 IECYP'I‘H
2188 259 2460 318 SJECULI
2502 265 2591 319 iV.

3550 284 3696 339 “22‘

2026 362 2072 420 Α
2105 368 2295 427 putant
2347 363 2441 429 qui
2478 379 2598 418 eam
2644 382 2673 418 a
2714 365 2875 435 longe
2922 369 3300 442 conspiciunt;
3351 390 3515 449 prope
3560 397 3695 436 vero

2104 453 2428 508 accedentes
2473 456 2541 509 ad
2574 456 2751 524 ilium,
2782 469 2982 527 pt‘trter
3019 474 3309 533 corruptos
3336 466 3535 528 fructus
3570 474 3695 529 dul-

2105 544 2312 601 cedinis
2341 558 2628 615 expertes,
2670 550 2803 605 nihil
2838 555 3249 612 naiiciscuntur.
3295 558 3512 619 Similes
3551 581 3695 621 sane

2102 640 2347 706 suntqui
2383 641 2600 694 inanem
2621 643 2927 713 suscipiunt
2966 647 3227 726 gloriam‘;
3261 666 3384 706 nam
3417 657 3691 710 arbitran-

2104 737 2195 781 tnr
2227 730 2499 796 homines,
2552 733 2652 787 hos
2690 736 2943 803 plurimis
2979 753 3105 795 esse
3137 744 3394 811 prmditos
3426 746 3693 805 fructibus

2102 821 2430 890 gratissimis
2468 820 2718 893 Domino,
2751 844 2875 884 cum
2914 840 3090 887 tamen
3122 835 3298 892 nullos
3321 838 3535 893 omnino
3574 842 3692 893 fru-

2104 918 2225 966 ctus
2256 912 2512 971 habeant.
2545 916 2799 985 Quinimo
2827 925 3123 981 exsiccavit
3150 944 3245 983 eos
3272 930 3429 996 Deus,
3456 948 3516 987 eo
3539 937 3692 1004 quod

2104 1004 2307 1060 nullum
2338 1007 2391 1062 in
2414 1009 2480 1064 iis
2507 1010 2705 1066 bonum
2735 1000 2968 1072 fructum
2999 1034 3190 1078 metus
3224 1026 3328 1080 sit:
3360 1020 3690 1098 ac‘prOpler-

2098 1110 2164 1153 ea
2191 1114 2302 1155 sum
2334 1101 2635 1159 divinitatis
2679 1107 2959 1165 dulcedine
3000 1114 3412 1186 incomparabili
3449 1136 3540 1174 eos
3574 1121 3689 1189 pri-

2100 1192 2262 1246 vavit.
2293 1194 2363 1248 At
2396 1210 2514 1263 vos,
2552 1198 2700 1253 ﬁlioli
2727 1204 2864 1268 mei,
2896 1206 3258 1273 decertantes,
3283 1209 3544 1267 obsistere
3571 1222 3680 1268 sat-

2100 1273 2241 1353 agite
2286 1288 2495 1355 spiritui
2553 1291 2728 1347 inanis
2802 1295 3027 1366 glorize,
3085 1310 3137 1354 et
3195 1300 3269 1356 illi
3326 1304 3689 1361 adversemini

2100 1386 2264 1445 atque
2297 1381 2583 1447 prmvalete
2606 1393 2793 1440 contra
2825 1388 2993 1446 illum.
3040 1390 3251 1448 Eienim
3296 1398 3544 1453 adveniet
3569 1399 3682 1452 vir-

2100 1476 2187 1522 tus
2226 1468 2341 1535 Dei,
2378 1472 2644 1544 vobisque
2670 1491 2827 1547 opem
2864 1479 3001 1536 feret
3028 1498 3093 1538 ac
3122 1487 3359 1541 Inanebit
3381 1489 3684 1557 vobiscum,

2098 1568 2154 1614 et
2183 1560 2520 1630 diligentiam
2550 1567 2701 1623 vobis
2736 1569 3029 1642 elargietur
3077 1585 3239 1644 atque
3268 1578 3500 1636 calorem
3534 1586 3684 1638 omni

2100 1659 2365 1719 tempore.
2407 1654 2519 1724 Ego
2545 1672 2764 1728 quoque
2794 1676 2927 1731 rogo
2952 1679 3048 1732 pro
3076 1664 3251 1735 vobis,
3285 1680 3342 1723 ut
3370 1684 3682 1739 permaneat

400 1730 728 1800 tulimpletur
782 1736 851 1791 de
900 1739 1008 1794 illis
1057 1742 1260 1798 dictum
1302 1745 1503 1803 Psahni
1550 1729 1977 1811 dicentis:_Deui

2100 1740 2153 1794 lu
2190 1744 2344 1799 vobis
2379 1746 2467 1801 hic
2511 1749 2660 1804 calor
2685 1750 2736 1804 in
2775 1760 3071 1822 mternum;
3118 1771 3239 1811 nam
3276 1774 3443 1814 verax
3477 1772 3598 1827 est,
3631 1774 3680 1818 et

403 1819 663 1891 disperget
696 1840 814 1879 ossa
842 1830 1238 1898 hypocrimrum
1261 1836 1328 1890 “.
1374 1837 1511 1895 Deus
1547 1856 1779 1913 namque
1820 1844 1994 1915 (cujus

401 1914 682 1968 memoriae
706 1916 900 1989 honor)
922 1936 1110 1977 eorum
1140 1922 1467 1982 adirascitur
1486 1933 1743 2001 Operihus
1762 1935 1995 1992 illorum-

400 2015 509 2069 que
538 2007 787 2071 precibus
815 2009 954 2066 haud
981 2014 1211 2080 letatur,
1246 2028 1301 2072 et
1332 2034 1677 2091 summopere
1703 2026 1769 2080 iis
1801 2028 1995 2083 adver-

397 2100 591 2161 satur;
628 2109 789 2166 opera
825 2100 968 2155 enim
998 2116 1097 2158 sua
1130 2105 1251 2161 sine
1280 2109 1387 2164 ﬁde
1419 2123 1621 2181 agunt,
1657 2130 1722 2169 eo
1748 2118 1892 2187 quod
1923 2118 1990 2173 ad

396 2188 817 2245 ostentationem
854 2191 1150 2250 itutnanam
1187 2214 1248 2254 ea
1300 2213 1628 2272 perpetrent.
1665 2209 1840 2278 Atque
1888 2211 1990 2268 hac

396 2274 465 2330 de
491 2289 656 2333 causa
692 2281 863 2339 virtus
894 2283 984 2339 Dei
1016 2285 1069 2339 in
1098 2288 1202 2344 illis
1238 2306 1344 2347 non
1369 2305 1648 2364 operatur,
1674 2314 1796 2354 cum
1825 2303 1990 2359 corde

394 2364 505 2420 sint
533 2367 732 2425 inlirmi
764 2373 815 2427 in
844 2377 1098 2434 omnibus
1131 2382 1389 2450 operibus
1411 2401 1531 2454 qua:
1573 2392 1983 2461 aggrediuntur.

394 2453 610 2514 Idcirco
634 2461 872 2518 divinam
909 2466 1162 2535 ignorant
1186 2453 1526 2532 dulcedinem
1547 2519 1562 2543 ,
1594 2453 1819 2551 ejusque
1852 2486 1986 2543 leni.

396 2556 562 2603 tatem
594 2559 654 2608 et
689 2555 966 2623 gaudium.
1023 2559 1279 2627 Quiuimo
1328 2580 1693 2638 aggravantur
1722 2589 1886 2645 opera
1921 2578 1986 2633 il-

391 2637 567 2697 lorum
615 2658 779 2714 super
812 2649 1024 2707 animas
1055 2669 1268 2721 eorum,
1318 2637 1573 2730 tanquam
1612 2681 1750 2721 unus
1784 2684 1973 2737 grave.

391 2729 586 2789 Multos
640 2737 964 2805 quidem-ex
1015 2758 1214 2814 genere
1274 2758 1497 2816 vestro,
1546 2756 1639 2823 qui
1687 2729 1826 2815 hanc
1866 2762 1981 2817 vir-

391 2832 561 2879 tutem
620 2842 741 2897 quae
790 2833 989 2888 anima:
1055 2841 1376 2898 suavitatem
1445 2848 1680 2914 praebet.
1750 2866 1981 2926 eamque

390 2913 445 2967 in
479 2917 594 2972 dies
617 2921 819 2987 gaudio
836 2934 893 2979 et
917 2925 1104 2983 laetitia
1135 2941 1313 3003 auget,
1343 2913 1508 3005 atque
1534 2939 1589 2992 in
1623 2940 1710 2995 illa
1737 2913 1978 3003 divinum

391 3012 640 3065 accendit
671 3013 908 3072 calorem
934 3058 954 3085 ,
986 3035 1092 3076 non
1135 3034 1264 3080 sunt
1298 3032 1575 3085 consecuti
1601 3048 1618 3098 ;
1658 3049 1857 3106 eosque
1885 3039 1979 3094 de-

389 3103 536 3172 cepit
567 3106 793 3175 spiritus
835 3112 937 3169 iste
981 3115 1186 3185 malus,
1244 3133 1311 3175 eo
1358 3125 1502 3192 quod
1559 3142 1655 3181 sua
1696 3103 1858 3199 opera
1909 3133 1975 3188 ad

388 3201 806 3258 ostentationem
838 3205 1152 3265 hominibus
1184 3227 1528 3285 peregerunt.
1558 3220 1630 3274 At
1676 3237 1774 3277 vos
1795 3262 1811 3289 ,
1842 3224 1977 3281 dile-

387 3288 619 3346 ctissimi
657 3295 762 3350 mel
791 3307 845 3352 et
868 3300 1020 3355 cordi
1071 3318 1192 3359 meo
1217 3306 1565 3378 charissimi,
1599 3313 1691 3383 qui
1727 3313 1974 3372 laborum

387 3391 689 3441 vestrorum
740 3387 951 3448 fructus
981 3409 1163 3451 coram
1209 3398 1440 3456 Domino
1477 3402 1748 3462 obtulistis
1770 3449 1785 3474 ,
1821 3425 1969 3466 rece-

318 3514 324 3523 .
385 3474 514 3530 dere
562 3480 794 3551 satagite
823 3499 853 3537 a
888 3488 1169 3554 spiritibus
1201 3490 1389 3560 gloria:
1424 3495 1641 3564 inanis,
1678 3509 1732 3554 et
1770 3501 1972 3572 jugiter

384 3568 648 3627 adversus
689 3587 809 3629 eam
856 3588 1092 3646 pugnate
1116 3620 1132 3645 ,
1170 3592 1228 3635 ut
1258 3586 1490 3655 accipiat
1515 3588 1727 3647 fruetus
1763 3568 1972 3652 vestros

383 3655 647 3718 Dominus
689 3680 825 3731 quos
870 3683 1054 3724 coram
1105 3671 1220 3741 ipso
1262 3676 1572 3745 obtulistis,
1614 3692 1670 3736 et
1720 3684 1969 3741 virtutem

381 3765 503 3819 qua:
528 3753 646 3823 ejus
671 3756 827 3843 datur
848 3760 1057 3827 electis,
1090 3764 1406 3822 obtineatis.
1431 3770 1537 3826 Cor
1561 3782 1741 3829 autem
1768 3793 1968 3845 meum,

380 3833 718 3903 dilectissimi
756 3851 881 3916 mei,
912 3863 1091 3909 vestra
1116 3874 1281 3915 causa
1306 3863 1690 3921 conﬁrmatum
1717 3878 1822 3935 est,
1844 3886 1966 3925 cum

379 3936 575 4002 sciam,
612 3956 708 3996 vos
731 3944 944 4012 spiritui
983 3950 1167 4017 gloria:
1196 3953 1375 4009 inanis
1420 3958 1645 4013 minime
1674 3964 1927 4018 assentiri
1950 4005 1964 4031 ,

378 4027 474 4080 sed
518 4040 778 4099 perpetuo
824 4036 894 4089 illi
929 4040 1234 4108 adversari;
1272 4044 1503 4116 ideoque
1545 4051 1752 4108 fructus
1789 4027 1969 4110 vester

377 4130 598 4177 sanctus
643 4137 806 4193 atque
859 4130 1013 4184 vivus
1069 4145 1174 4189 est.
1214 4137 1575 4202 Quamobrem
1626 4145 1840 4214 spiritui
1890 4148 1964 4201 illi

376 4212 520 4267 malo
579 4215 857 4273 adversari
904 4224 1205 4292 persistite;
1247 4244 1369 4281 nam
1430 4230 1581 4288 initis
1629 4212 1700 4290 ab
1748 4236 1967 4293 homine

372 4301 536 4372 justis
566 4308 846 4376 operibus,
879 4317 1195 4386 optimoque
1224 4323 1543 4390 certamine,
1574 4327 1641 4381 ad
1673 4330 1961 4385 ineundum

2097 1833 2229 1888 nihil
2267 1845 2352 1891 est
2399 1853 2464 1892 eo
2516 1844 2880 1910 praestantius.
2939 1845 2994 1901 Si
3034 1848 3158 1915 quis
3219 1860 3395 1906 autem
3440 1862 3682 1908 vestrum

2097 1925 2517 1995 deprehenderit
2544 1948 2604 1988 se
2636 1934 2860 1990 minime
2886 1937 2984 1991 hoc
3016 1939 3298 2007 prmditnm
3332 1958 3454 1998 esse
3474 1944 3700 2011 calore,

2096 2016 2245 2073 illutn
2284 2036 2533 2091 quaerere
2557 2034 2801 2097 satagat;
2831 2030 2920 2098 qui
2944 2032 3161 2101 quidem
3198 2037 3458 2103 qumrcnti
3483 2040 3681 2092 aderit.

2095 2106 2307 2164 Etenim
2357 2112 2463 2183 igni
2496 2116 2691 2172 similis
2708 2129 2788 2173 est
2811 2158 2826 2184 ,
2855 2122 2907 2175 in
2940 2137 3100 2191 quem
3138 2125 3379 2180 volentes
3429 2128 3682 2186 homines

2090 2200 2292 2271 aliquid
2334 2204 2542 2261 olerum
2593 2223 2970 2278 concoquere,
3018 2214 3201 2272 inllant
3260 2219 3430 2274 donec
3481 2237 3682 2276 arcen—

2090 2292 2291 2350 datur:
2371 2312 2478 2365 quo
2528 2309 2709 2356 autem
2763 2317 3030 2370 accenso,
3090 2307 3233 2362 illius
3293 2312 3525 2381 acquirit
3583 2331 3679 2367 na-

2091 2394 2295 2452 turam,
2339 2387 2636 2460 ebullitqne
2697 2393 2994 2451 ascendens
3049 2408 3103 2451 et
3152 2402 3496 2458 comburens.
3553 2404 3679 2461 Pari

2086 2475 2307 2544 quidem
2376 2480 2614 2547 ratione,
2682 2485 2828 2541 lilioli
2884 2488 3021 2556 mei,
3063 2506 3185 2545 rum
3248 2493 3494 2551 videritis
3556 2499 3676 2553 ani-

2088 2580 2205 2620 mas
2267 2577 2473 2625 vestras
2536 2572 2793 2642 lrigelieri
2859 2590 2956 2646 per
3015 2579 3277 2635 incuriam
3368 2592 3529 2655 atque
3594 2590 3678 2657 pi-

2085 2657 2331 2726 gritiam,
2382 2676 2479 2716 eas
2526 2664 2735 2733 erigere
2789 2672 3028 2736 smdete,
3080 2687 3243 2740 super
3290 2672 3407 2730 illas
3451 2676 3677 2746 ploran-

2088 2756 2189 2804 tes.
2242 2749 2434 2806 Procul
2465 2753 2628 2809 dubio
2674 2766 2830 2813 eltlltl'
2868 2761 3015 2816 calor
3062 2762 3152 2819 ille
3205 2767 3418 2835 veniet,
3473 2779 3528 2824 et
3561 2770 3674 2826 illis

2085 2837 2291 2893 scilicet
2315 2842 2598 2899 animabus
2623 2848 2826 2903 vestris
2850 2850 3097 2905 unietur:
3138 2854 3291 2921 cujus
3321 2859 3675 2927 acquirentes

2085 2942 2358 2997 naturam,
2386 2935 2541 2990 bouis
2567 2940 2825 3006 operibus
2845 2941 3127 2998 ebullient.
3163 2944 3300 3001 Hinc
3336 2949 3501 3004 David
3533 2966 3665 3005 cum

2084 3022 2563 3080 animadvertisset
2594 3030 2829 3084 animam
2857 3046 3007 3085 suam
3026 3031 3136 3100 jam
3171 3047 3517 3105 aggravatam
3544 3054 3674 3096 esse

2084 3124 2247 3183 atque
2275 3114 2613 3187 frigel'actam
2635 3160 2651 3184 ,
2692 3123 2771 3176 sic
2814 3122 2890 3177 ait
2921 3139 2936 3176 :
2984 3122 3194 3193 Proieci
3231 3128 3464 3181 animum
3498 3147 3673 3184 meum

2082 3220 2259 3260 coram
2290 3216 2359 3273 te,
2395 3221 2443 3262 et
2475 3209 2787 3267 recordatus
2812 3229 2929 3273 sunt
2961 3217 3349 3283 prwtei'itorum
3367 3218 3599 3285 dierum,
3624 3231 3673 3275 et

2079 3302 2364 3356 meditatus
2392 3321 2507 3358 sum
2534 3321 2691 3375 opera
2725 3324 2976 3362 incitatam
3002 3319 3238 3364 tuartmt.
3276 3308 3543 3366 Prtclereo
3570 3329 3672 3367 ει-

2075 3395 2238 3458 pendi
2266 3411 2455 3450 manus
2484 3413 2625 3452 meus
2648 3440 2661 3466 ,
2689 3412 2734 3453 et
2766 3402 2909 3469 facta
2951 3413 3025 3456 est
3058 3405 3239 3459 anima
3274 3423 3388 3461 utea
3410 3417 3671 3478 tanquam

2076 3493 2218 3538 terra
2243 3487 2427 3541 sitiens
2451 3505 2629 3543 coram
2669 3499 2719 3545 te
2756 3492 2823 3547 ⁸⁸.
2858 3495 3036 3560 Quare
3085 3497 3379 3567 percipite,
3419 3498 3669 3556 dilectis-

2076 3576 2197 3630 simi
2234 3579 2373 3642 utei,
2415 3594 2534 3649 quae
2576 3582 2703 3637 fecit
2738 3585 2943 3650 David,
2988 3589 3104 3656 qui,
3134 3602 3255 3643 cum
3312 3601 3669 3662 nggravatum

2077 3680 2226 3724 esset
2270 3686 2368 3725 cor
2406 3673 2559 3741 ejus,
2595 3678 2731 3731 adeo
2760 3679 2976 3747 quidem
3014 3681 3277 3737 sollicitus
3308 3682 3407 3737 fuit
3430 3725 3445 3750 ,
3489 3686 3669 3739 ilonec

2076 3773 2339 3816 accensus
2368 3772 2450 3818 est
2478 3764 2630 3818 calor
2659 3766 2710 3820 in
2733 3770 2896 3822 corde
2923 3768 3060 3837 ejus,
3100 3770 3169 3823 ita
3198 3778 3259 3825 ut
3287 3771 3521 3827 dixerit:
3555 3771 3668 3826 Cor

2072 3868 2242 3907 meum
2268 3865 2515 3924 paratum
2554 3869 2649 3923 est,
2678 3858 2837 3924 Deus,
2870 3877 2961 3914 cor
2993 3877 3161 3915 meum
3201 3874 3449 3931 paratum
3479 3877 3552 3919 est
3590 3866 3664 3920 “.

2074 3944 2144 3998 Et
2175 3947 2460 4002 restitutus
2483 3958 2568 4004 est
2601 3951 2923 4015 ministerio,
2957 3953 3230 4009 mediante
3251 3951 3368 4023 ejus
3394 3966 3665 4010 nocturna

2072 4036 2378 4108 diurnaquc
2409 4053 2538 4093 cura
2587 4048 2643 4094 et
2681 4042 3066 4099 sollicitudine.
3103 4044 3371 4101 Similiter
3399 4048 3561 4102 l'acite
3606 4060 3668 4102 et

2070 4142 2167 4182 vos
2191 4168 2205 4194 ,
2241 4140 2299 4183 ut
2333 4133 2618 4186 unanimes
2649 4135 2768 4187 sitis
2809 4136 2860 4187 in
2898 4138 3290 4206 pru‘paratinse
3321 4138 3537 4203 cordis,
3576 4141 3664 4195 di-

2070 4222 2195 4276 vino
2222 4225 2523 4292 opitulante
2550 4226 2753 4281 lumine
2787 4240 2843 4283 et
2871 4229 3050 4283 calore
3070 4268 3087 4296 ,
3123 4240 3178 4283 et
3223 4239 3280 4283 ut
3311 4246 3501 4301 magna
3524 4246 3667 4301 ape.

2073 4312 2179 4368 riat
2230 4315 2372 4370 Dens
2431 4318 2584 4372 vobis
2631 4335 2832 4375 arcana
2878 4335 2997 4391 qucc
3051 4322 3311 4389 explicari
3353 4334 3664 4394 nequeunt.

374 4410 496 4450 cum
540 4397 632 4453 illo
660 4402 1129 4472 participationem
1153 4412 1390 4467 accurrit
1414 4414 1522 4482 hic,
1547 4426 1602 4471 et
1628 4418 1699 4472 ab
1732 4420 1814 4474 his
1839 4434 1962 4476 cum

2084 4403 2184 4473 Ego
2220 4420 2401 4460 autem
2454 4424 2585 4479 rogo
2620 4409 2767 4464 illum
2793 4451 2807 4475 ,
2842 4421 2901 4465 ut
2930 4426 3158 4481 corpora
3197 4414 3517 4483 intimasque
3561 4428 3667 4469 ve-

372 4503 625 4545 atnovere
669 4506 929 4564 conatur;
983 4499 1059 4554 ita
1105 4505 1363 4572 quidem,
1392 4517 1453 4562 ut
1492 4511 1787 4581 quidquam
1829 4514 1960 4581 justi

370 4581 520 4635 illum
552 4597 713 4653 agere
745 4603 849 4642 non
884 4590 1049 4653 sinat.
1074 4609 1194 4649 cum
1221 4598 1533 4669 sitspiritns
1561 4605 1735 4659 malus
1769 4605 1962 4661 adver-

368 4682 630 4741 seturque
682 4680 935 4734 omnibus
977 4685 1069 4753 qui
1121 4684 1457 4744 lidelesesse
1515 4694 1760 4764 cupiunt.
1806 4694 1959 4751 Multi

366 4857 648 4927 tidelibus,
686 4870 744 4915 et
770 4865 861 4931 qui
902 4869 1086 4922 statim
1139 4882 1484 4927 cotnmutaut
1523 4875 1955 4934 misericordiam

364 4949 653 5015 egentibus
677 4987 695 5018 ,
738 4954 939 5021 quibus
979 4973 1194 5029 quoque
1221 4961 1545 5019 adversatur
1571 4967 1798 5039 spiritus
1831 4970 1954 5028 iste.

364 5041 499 5096 Aliis
537 5058 668 5100 vero
698 5046 847 5103 inter
873 5052 1211 5119 operandam
1238 5069 1365 5111 sese
1396 5057 1700 5125 immiscet,
1734 5077 1951 5118 eorum.

361 5146 471 5202 que
493 5134 742 5205 deperdit
776 5138 992 5198 fructus
1029 5143 1300 5216 obicitque
1343 5153 1784 5220 retrocedentes,
1812 5167 1867 5211 et
1894 5167 1955 5213 ut

362 5238 492 5279 suae
517 5239 746 5287 Virtutes
776 5241 833 5287 et
867 5234 1298 5293 misericordiam
1342 5241 1494 5297 iuaui
1529 5243 1714 5315 gloriae
1748 5250 1949 5315 peruri.

361 5327 478 5372 stus
508 5334 823 5386 operentur.

437 5408 545 5463 llus
573 5424 752 5469 autem
779 5417 1049 5477 fructibus
1086 5439 1208 5482 esse
1242 5430 1503 5498 prteditos
1546 5432 1793 5490 homines
1835 5439 1950 5490 exl-

361 5504 619 5567 saimaut,
655 5520 777 5562 cum
831 5513 1071 5581 profecto
1119 5531 1381 5575 careant:
1427 5534 1554 5580 sunt
1602 5527 1746 5581 enim
1778 5528 1949 5584 instar

359 5600 667 5669 sycotuuri,
717 5617 876 5672 quam
927 5609 1173 5668 dulcibus
1220 5615 1487 5673 fructibus
1527 5622 1780 5675 refertam
1829 5639 1949 5678 esse

436 5714 481 5748 “
500 5715 644 5775 i’Sal.
672 5735 766 5783 tu.
793 5721 847 5777 6.
936 5726 979 5758 ⁸⁵
1000 5725 1141 5783 Psal.
1170 5747 1335 5801 chII,
1371 5733 1425 5799 5,
1452 5736 1507 5793 6.

1583 5737 1628 5768 “
1649 5737 1787 5794 Psal.
1810 5754 1943 5806 cvn,
1975 5740 2027 5796 2.

2063 4507 2204 4551 stras
2235 4505 2399 4567 atque
2425 4501 2647 4568 spiritus
2685 4503 2982 4559 incolumes
3012 4500 3196 4559 scriet
3218 4544 3236 4572 ,
3262 4506 3435 4560 donec
3466 4514 3658 4560 trans-

2063 4589 2203 4643 ierat
2254 4607 2349 4646 vos
2390 4594 2455 4645 ad
2496 4608 2610 4648 suae
2640 4595 3029 4651 misericordia:
3066 4598 3448 4662 mansionem,
3478 4600 3660 4654 locum

2068 4697 2230 4749 quem
2254 4684 2431 4738 sancti
2460 4687 2626 4740 nostri
2661 4687 2899 4741 incolunt
2925 4700 3127 4759 patres.
3154 4690 3340 4745 Estote
3360 4694 3662 4762 gaudentes

2061 4773 2115 4828 in
2141 4773 2389 4842 Domino,
2414 4778 2499 4832 cui
2532 4779 2704 4849 gloria
2734 4795 2950 4851 semper
2990 4783 3041 4835 in
3066 4793 3330 4837 ualernnm

2619 4892 2959 4950 EPiSTOLA
2998 4894 3089 4951 XI.

2201 4983 2280 5039 De
2306 4986 2644 5051 discretione,
2674 4988 2889 5060 ejusque
2917 4992 3281 5061 acquisilioue.
3323 4993 3509 5048 Dixit:

2130 5073 2357 5142 Scitote,
2381 5078 2528 5133 iilioli
2563 5080 2669 5135 mei
2700 5082 3008 5149 benedicti,
3044 5086 3187 5152 quod
3218 5087 3533 5154 scripserim
3559 5101 3656 5140 νος

2057 5167 2141 5222 bis
2178 5177 2434 5239 tanquam
2485 5171 2613 5227 ﬁliis
2642 5172 3009 5229 dilectissimis
3036 5215 3050 5240 ,
3082 5175 3462 5235 benedictione
3490 5190 3655 5249 atque

2059 5261 2211 5331 regni
2233 5261 2549 5319 haereditate
2573 5265 2771 5335 dignis.
2800 5266 3167 5335 Quamobrem
3202 5286 3296 5326 vos
3326 5272 3507 5337 decet,
3527 5289 3651 5328 cum

2052 5351 2188 5406 tales
2233 5350 2411 5408 eliceti
2448 5354 2610 5421 sitis,
2655 5370 2714 5412 ut
2763 5375 3034 5417 memores
3074 5362 3200 5417 sitis
3240 5371 3403 5419 noctu
3446 5363 3652 5435 diuque

2050 5443 2302 5511 istorum,
2338 5463 2462 5502 cum
2491 5449 2586 5504 lilii
2618 5452 2767 5519 regni
2813 5453 2928 5508 lleri
2964 5454 3195 5524 cupiatis
3216 5495 3230 5519 ,
3285 5465 3345 5511 ut
3371 5458 3650 5512 custodiat

2053 5549 2157 5591 vos
2190 5538 2448 5595 Dominus
2473 5543 2542 5597 ab
2583 5546 2839 5602 omnibus
2868 5546 3026 5602 ntalis
3052 5588 3067 5613 ,
3111 5559 3168 5601 ut
3209 5552 3391 5603 omnia
3436 5551 3645 5605 discer-

2055 5638 2245 5682 nrntcs
2268 5671 2283 5696 ,
2321 5632 2547 5687 meliora
2582 5634 2800 5703 eligatis
2840 5647 2897 5690 ct
2939 5637 3073 5692 bona
3101 5638 3264 5709 justis
3297 5649 3490 5695 carata
3516 5653 3640 5694 CCII-
