3860 6316
169 339 326 399 1095
1183 339 1239 392 S.

1284 335 1564 390 ANTONII
1605 337 1672 390 M.
1717 335 2008 390 ABBATIS
2046 334 2428 390 EPISTOLIE.

3296 332 3437 389 ιοεϋ

153 463 496 532 sequamini.
530 462 662 517 Cum
691 469 901 524 autem,
933 460 1080 514 lilioli
1118 460 1259 523 mei,
1296 459 1428 514 mihi
1465 459 1592 514 lacti
1633 459 1752 514 sitis
1781 467 1827 524 Α
1857 457 2243 526 sempiternum
2271 469 2301 508 a
2327 456 2438 508 Deo
2461 464 2666 518 nostro,
2701 462 2754 508 et
2778 461 3036 521 augeatur
3062 451 3231 518 gloria
3259 462 3436 504 vestra

152 553 560 617 dilectissimi,
588 561 644 606 et
673 551 766 604 lilii
799 549 977 618 regni,
1013 564 1110 618 pro
1155 549 1306 604 vobis
1341 549 1456 604 sine
1483 549 1756 603 intermis-

153 646 326 698 sione
377 645 666 711 deprecor,
713 653 770 695 ut
807 642 1103 710 elargiatnr
1148 641 1300 694 vobis
1342 641 1480 694 Deus
1530 639 1754 708 gratiam

156 735 496 803 providendi
545 744 601 788 et
649 735 986 788 discernendi
1037 733 1216 785 omnia
1245 774 1260 797 ,
1307 742 1365 785 ut
1414 731 1757 801 distinguatis

128 829 310 890 :inter
364 827 568 879 bonum
613 835 669 878 et
723 825 940 878 malmn.
995 823 1207 876 Etenim
1267 822 1528 888 scriptum
1579 832 1661 876 est
1704 825 1755 874 in

135 901 340 972 'Paulo
387 917 657 987 apostolo,
709 917 855 986 quod
892 932 1011 970 esca
1046 915 1199 984 fortis
1226 915 1567 983 perfectorum
1593 927 1664 968 est
1689 915 1752 968 ".

157 1013 220 1065 lli
252 1024 447 1065 autem
493 1020 621 1065 sunt
647 1053 660 1072 ,
706 1011 794 1077 qui
831 1023 956 1062 suo".
1001 1019 1295 1061 erexerunt
1325 1023 1516 1062 sensus
1552 1022 1614 1061 ac
1659 1021 1754 1059 sua

154 1101 450 1168 proposita
479 1101 644 1153 nimia
674 1099 1026 1167 inquisitione
1049 1098 1191 1151 circa
1219 1101 1415 1150 bonum
1439 1105 1492 1151 et
1518 1099 1716 1150 malum
1740 1109 1754 1158 ;

157 1206 211 1245 et
246 1202 543 1261 propterea
581 1191 671 1244 lilii
711 1191 860 1258 regni
892 1190 1018 1243 facti
1051 1199 1193 1253 sunt,
1223 1200 1278 1242 ει
1309 1190 1506 1250 divinae
1533 1188 1755 1255 ascripti

159 1284 467 1336 liiiationi:
518 1284 722 1336 idcirco
771 1283 909 1334 hanc
953 1281 1056 1334 illis
1089 1281 1275 1333 tribuit
1319 1279 1660 1349 prudentiam
1704 1288 1758 1331 et

160 1373 560 1427 discretionem
614 1372 667 1423 in
717 1371 971 1424 onmihus
1005 1385 1194 1422 eorum
1241 1371 1528 1436 Operibus,
1565 1383 1633 1421 ne
1667 1383 1754 1420 se-

161 1464 340 1517 ducat
369 1479 467 1518 eos
494 1463 607 1515 sive
636 1463 800 1516 homo
823 1462 941 1514 sive
968 1462 1231 1514 diabolus.
1262 1461 1552 1514 Sciendum
1575 1461 1758 1528 itaque

163 1555 332 1608 vobis
371 1563 454 1608 est
505 1554 713 1606 hostem
775 1553 1020 1606 lidelibus
1078 1551 1350 1605 adversari
1399 1551 1520 1604 boni
1554 1551 1754 1618 specie,

161 1646 466 1712 pluresque
507 1643 790 1709 decipere,
818 1655 882 1694 eo
902 1641 1042 1708 quod
1084 1640 1305 1692 minime
1348 1638 1453 1691 illis
1499 1652 1756 1690 concessa

161 1743 253 1788 est
296 1733 587 1801 prudentia
615 1742 666 1784 et
710 1731 985 1784 discretio.
1019 1728 1156 1783 illnc
1180 1769 1194 1792 ,
1230 1745 1352 1782 cum
1392 1730 1488 1781 has
1523 1728 1760 1781 novisset

1863 550 1918 603 in
1954 549 2203 603 omnibus
2228 587 2242 610 ,
2272 556 2327 600 et
2375 547 2464 598 det
2493 545 2646 599 vobis
2679 543 2782 598 alia
2823 544 3089 612 permulta
3139 558 3256 612 qtiie
3299 559 3440 596 nun~

1861 655 2023 710 quam
2078 639 2425 707 cognovistis.
2479 636 2589 706 Ego
2638 646 2816 691 autem
2871 635 3032 689 Pater
3078 645 3251 688 vester
3309 649 3443 703 rogo

1861 732 2022 785 etiam
2053 745 2148 798 pro
2181 731 2350 794 vobis,
2379 739 2437 782 nt
2471 731 2536 781 ad
2573 731 2714 782 hanc
2747 743 3059 783 mensuram
3086 742 3205 795 qua:
3236 735 3320 780 est
3346 741 3442 780 no-

1863 823 1966 884 bis,
1997 823 2342 890 pcrveniatis.
2383 820 2592 874 Etenim
2631 820 2781 872 multi
2824 819 3208 873 monachorum
3241 826 3292 870 et
3330 818 3441 870 vir~

1861 911 2043 980 ginum
2075 911 2164 978 qui
2200 921 2326 964 sunt
2373 911 2422 963 in
2455 909 3000 977 congregationibus,
3047 909 3185 961 hanc
3225 923 3439 959 mensu-

1863 1017 1979 1055 ram
2023 1018 2126 1055 non
2157 1003 2477 1070 attigerunt.
2519 1000 2623 1056 Vos
2667 1009 2847 1055 autem
2887 1001 2930 1054 si
2967 1001 3106 1054 hanc
3135 1013 3438 1053 mensuram

1863 1095 2126 1163 attingere
2176 1095 2404 1162 cupitis,
2438 1109 2558 1162 qua:
2607 1104 2691 1148 est
2731 1092 3030 1162 perfectio,
3086 1091 3322 1145 recedite
3372 1091 3440 1141 ab

1863 1185 2114 1238 omnibus
2157 1185 2222 1236 iis
2250 1186 2340 1253 qui
2389 1185 2692 1252 huiusmodi
2745 1185 2946 1241 habent
3004 1200 3218 1247 nomen,
3251 1199 3441 1238 mona-

1864 1279 2055 1331 chatns
2085 1278 2333 1332 videlicet
2365 1289 2419 1331 ει
2442 1278 2792 1346 virginitatis,
2826 1293 2926 1331 nec
2956 1277 3224 1345 reperitur
3257 1276 3309 1328 in
3339 1274 3443 1326 illis

1867 1369 1978 1422 haec
2008 1369 2342 1436 providentia
2373 1377 2425 1421 et
2451 1369 2738 1432 discretio;
2780 1384 2901 1421 nam
2934 1368 2976 1420 si
3008 1383 3132 1420 cum
3165 1366 3270 1420 illis
3296 1380 3445 1420 com-

1865 1462 2288 1526 municaveritis,
2353 1463 2616 1530 prolicere
2676 1477 2769 1514 vos
2808 1476 2912 1513 non
2957 1462 3300 1530 permittent,
3337 1459 3447 1511 imo

1863 1553 2209 1620 exs1inguent
2247 1552 2481 1605 calorem
2536 1567 2601 1604 ex
2638 1553 2796 1604 vobis
2822 1591 2836 1615 ,
2872 1567 2992 1604 cum
3034 1553 3085 1603 in
3131 1551 3234 1603 illis
3272 1552 3446 1602 nullus

1864 1653 2041 1698 exstet
2068 1644 2235 1706 calor,
2269 1645 2362 1697 sed
2398 1644 2570 1711 algor,
2605 1643 2944 1697 ambulantes
2991 1643 3284 1697 secundum
3319 1656 3448 1693 suas

1867 1734 2192 1788 voluntates.
2227 1734 2283 1788 Si
2313 1751 2441 1802 ergo
2467 1735 2799 1787 vent-rintad
2823 1749 2939 1797 vos,
2978 1744 3030 1787 et
3053 1733 3213 1786 locuti
3250 1733 3449 1784 fuerint

167 1831 368 1879 beatus
396 1824 604 1878 Paulus
626 1823 844 1877 divitias
873 1837 992 1890 quae
1022 1831 1180 1875 erunt
1221 1821 1502 1882 lidelibus,
1533 1835 1757 1886 quarmn
1797 1826 1834 1878 Β
1868 1826 2142 1879 vobiscum
2179 1827 2342 1878 verba
2398 1826 2556 1894 huius
2592 1826 2773 1878 suun
2819 1835 2874 1879 οι
2922 1841 3042 1893 quae
3091 1839 3278 1877 eorum
3317 1841 3446 1876 υυη-

168 1916 570 1986 magnitudinis
621 1929 726 1969 non
771 1925 855 1968 est
911 1915 1174 1968 terminus
1201 1951 1218 1976 ,
1256 1912 1473 1980 scripsit
1515 1911 1761 1978 Ephesiis

168 2011 290 2078 (qui
326 2011 480 2063 liberi
510 2009 559 2062 ei
606 2009 734 2062 lacti
776 2017 926 2061 erant
959 2049 970 2068 .
1003 2017 1058 2060 et
1107 2005 1199 2058 tilii
1245 2005 1413 2075 regni)
1438 2006 1507 2056 ob
1541 2006 1759 2057 niniiam

170 2103 322 2154 illius
349 2115 481 2169 erga
521 2114 614 2153 eos
642 2099 963 2153 charilatem
1000 2099 1200 2150 licens:
1237 2095 1508 2148 Fidelibns
1547 2097 1759 2157 sanuis,

168 2195 264 2262 qui
314 2203 440 2246 sunt
485 2192 700 2259 Ephesi.
753 2189 838 2243 Ea:
882 2205 984 2257 quo
1017 2189 1194 2241 audivi
1239 2189 1393 2254 ﬁdem
1444 2196 1664 2240 vestram
1709 2189 1761 2238 in

175 2286 464 2339 Dominum
509 2293 745 2336 nostrum
791 2281 972 2334 Iesum
1018 2280 1320 2342 Christum,
1351 2290 1399 2332 et
1431 2280 1762 2332 dilectionem

172 2387 406 2431 uestram
434 2390 557 2445 erga
602 2391 778 2426 omnes
811 2385 1019 2428 sanctos
1041 2413 1054 2436 ,
1087 2388 1187 2425 non
1211 2388 1354 2425 cesso
1384 2373 1580 2441 gratias
1611 2386 1764 2438 agere

173 2483 272 2535 pro
310 2467 477 2531 vobis,
505 2476 551 2518 et
583 2465 854 2519 recordari
887 2463 1048 2518 vestri
1078 2465 1132 2517 in
1166 2464 1490 2516 orationibus
1525 2465 1672 2527 meis,
1708 2473 1761 2515 ut

179 2559 350 2612 Pater
383 2557 600 2611 Domini
646 2557 813 2610 nostri
855 2553 985 2609 Jesu
1017 2555 1233 2619 Christi,
1265 2555 1424 2608 Pater
1451 2555 1651 2624 gloriae.
1677 2556 1761 2608 det

176 2649 324 2703 vobis
362 2649 607 2715 spiritum
655 2649 926 2718 sapientiae
961 2656 1010 2700 et
1048 2647 1403 2716 intelligentia:
1428 2686 1443 2710 ,
1480 2658 1532 2699 ut
1566 2647 1764 2700 illumi-

178 2751 373 2793 nentur
399 2740 539 2792 oculi
572 2739 809 2811 sordium
839 2746 1128 2792 vestrorum
1155 2778 1169 2801 ,
1199 2749 1242 2792 et
1274 2740 1454 2791 sciatis
1495 2739 1763 2805 qniddita-

179 2841 284 2882 tem
314 2830 430 2899 (l9)
469 2831 577 2897 spei
608 2841 792 2884 vestris
825 2831 1112 2883 vocationis
1136 2871 1151 2894 ,
1201 2839 1246 2883 et
1277 2831 1623 2898 quiaditatem
1648 2835 1732 2899 glo

183 2923 276 2975 rite
312 2922 621 2975 divitiarum
667 2921 993 2975 Iucreditatis
1033 2922 1145 2990 ejus
1178 2923 1232 2974 in
1261 2923 1454 2975 sanctis
1487 2922 1552 2974 ⁸⁸.
1600 2921 1666 2975 Ει
1692 2925 1766 2976 ait

179 3017 347 3067 etiam
376 3054 391 3067 .
426 3011 681 3080 Equidem
707 3015 857 3082 ﬂecto
877 3030 1047 3084 genua
1077 3016 1307 3068 adorans
1348 3015 1580 3077 Patrem,
1603 3032 1634 3068 a
1661 3005 1764 3084 quo

183 3107 556 3158 denominatur
577 3105 743 3158 omnis
777 3105 1085 3171 paternitas,
1131 3115 1236 3157 tam
1279 3106 1331 3157 in
1361 3105 1486 3158 ((2/0
1523 3121 1680 3174 quam
1710 3107 1765 3157 in

182 3209 361 3258 terra,
407 3207 461 3249 ut
512 3195 763 3248 concedat
800 3195 940 3248 vobis
998 3198 1282 3249 secundum
1330 3197 1540 3249 divitias
1581 3196 1764 3264 glorite

183 3307 314 3356 sure,
347 3301 404 3342 ut
439 3291 780 3356 conﬁrmetur
807 3289 936 3357 ﬁdes
959 3299 1162 3350 vestra,
1196 3298 1243 3341 et
1276 3289 1570 3340 corroboret
1604 3290 1762 3340 auxi-

185 3382 312 3433 lium
342 3379 574 3447 Spiritus
608 3381 690 3431 sui
741 3382 796 3430 in
834 3381 1007 3440 vobis,
1056 3387 1110 3431 ut
1143 3379 1394 3431 inhabitet
1441 3378 1678 3433 Christus
1713 3380 1765 3431 in

185 3473 394 3526 homine
421 3486 584 3526 vestro
613 3473 820 3525 interno
850 3487 940 3537 per
960 3471 1136 3534 ﬁdem,
1168 3483 1213 3523 et
1247 3472 1303 3522 in
1323 3471 1564 3522 cordibus
1587 3471 1766 3523 vestris

187 3580 276 3632 per
297 3564 630 3616 dilectionem
653 3603 668 3625 ,
699 3563 908 3630 ﬁrmant
936 3563 1179 3615 habentes
1225 3561 1454 3615 radicem
1485 3573 1533 3616 et
1567 3562 1768 3630 funda-

188 3669 423 3710 mentum
451 3665 694 3715 vestrum,
728 3665 780 3706 ut
809 3653 1022 3722 possitis
1051 3654 1478 3720 comprehendere
1504 3669 1622 3706 cum
1656 3670 1765 3705 om-

190 3747 341 3799 nibus
394 3747 591 3798 sanctis
636 3747 883 3816 gnidnam
921 3745 986 3797 sit
1026 3743 1275 3807 latitudo,
1307 3753 1352 3796 et
1382 3745 1686 3813 longitudo,
1719 3753 1769 3797 et

189 3836 439 3901 altitudo,
468 3845 516 3889 et
547 3835 882 3904 profunditas
905 3834 972 3891 ".

257 3929 585 3982 lntueamini
613 3930 816 4002 itaque,
846 3927 991 3981 lilioli
1019 3929 1146 3990 mei,
1180 3931 1324 3983 hunc
1352 3945 1601 3996 magnum
1630 3930 1769 3998 Apo—

189 4020 388 4076 stolutn
412 4059 426 4084 ,
475 4021 563 4088 qui
595 4037 718 4074 enm
751 4021 1093 4088 cognovisset
1123 4023 1543 4090 magnitudinem
1579 4023 1770 4076 harum

191 4113 527 4178 divitiarum,
553 4128 688 4181 quas
710 4112 1030 4180 ignorabant
1055 4112 1128 4165 illi
1157 4115 1244 4180 qui
1278 4113 1328 4165 in
1362 4113 1498 4167 lilios
1521 4114 1568 4168 ei
1594 4129 1651 4169 se
1679 4116 1774 4167 ad-

192 4214 612 4261 numeraverant
638 4219 733 4275 per
759 4206 962 4258 aditum
992 4205 1056 4257 ad
1084 4205 1269 4266 lidem,
1298 4209 1504 4276 rogavit
1523 4222 1622 4276 pro
1646 4207 1771 4274 illis,

191 4309 248 4352 ut
285 4299 484 4352 harum
530 4297 838 4350 divitiarum
878 4296 1267 4364 magnitudinis
1312 4308 1774 4366 consequerentur

191 4390 559 4462 c0gnitioncm
597 4403 753 4457 quam
786 4389 897 4458 ipse
930 4395 1155 4441 noverat
1175 4427 1190 4450 ,
1217 4403 1336 4456 qua:
1379 4398 1463 4442 εει
1493 4404 1618 4442 vera
1646 4403 1773 4457 pro-

198 4481 472 4545 videntia,
511 4496 632 4549 quae
666 4489 748 4533 est
788 4480 1073 4544 discretio,
1115 4495 1219 4548 qua
1262 4479 1436 4548 majus
1471 4489 1552 4535 est
1588 4480 1639 4533 in
1673 4479 1775 4534 lide

192 4573 502 4629 Christiana
545 4572 697 4625 nihil.
737 4569 848 4626 Hoc
888 4580 1067 4625 autem
1109 4579 1326 4641 propter
1361 4572 1629 4643 ingentem
1659 4572 1776 4642 ejus

193 4665 520 4720 cbaritatem
545 4677 670 4732 erga
711 4663 864 4727 illos;
891 4663 1066 4717 sciens
1096 4663 1240 4716 enim
1263 4663 1406 4732 quod
1443 4664 1486 4718 si
1519 4678 1636 4717 eam
1664 4667 1777 4719 lue-

193 4758 302 4810 rint
347 4753 662 4818 consecuti,
699 4753 872 4807 nullus
903 4753 1007 4807 erit
1042 4752 1146 4806 illis
1177 4753 1324 4808 labor
1365 4754 1416 4807 in
1464 4770 1732 4825 quoquam
1761 4795 1776 4819 ,

193 4864 289 4903 nec
346 4847 696 4909 terrebuutur
737 4845 930 4897 timore
971 4843 1116 4906 ullo,
1166 4853 1218 4896 et
1255 4844 1508 4913 gaudium
1566 4843 1779 4899 Domini

192 4939 566 4996 consolabitur
597 4937 714 4992 illos
743 4949 904 4992 noctu
937 4937 1166 5006 diuque,
1193 4947 1246 4991 et
1283 4953 1444 5007 Opera
1487 4949 1648 4993 erunt
1674 4938 1780 4993 illis

192 5033 371 5087 dulcia
411 5044 629 5100 semper
655 5040 708 5084 et.
738 5031 989 5084 omnibus
1027 5031 1373 5099 temporibus.
1417 5031 1641 5100 Ideoque
1675 5035 1778 5085 im-

193 5127 428 5194 pertitur
454 5123 535 5177 eis
557 5122 700 5178 Deus
731 5123 1089 5178 revelationes
1115 5140 1432 5194 magnorum
1457 5141 1778 5180 arcanorum

194 5218 364 5271 tntnri
395 5216 599 5280 saeculi,
643 5232 764 5287 qua:
806 5232 1001 5270 carnea
1029 5209 1208 5286 lingua
1244 5219 1516 5286 exlilicare
1549 5233 1650 5271 non
1688 5233 1782 5271 va-

194 5312 391 5366 lemus.
427 5308 633 5378 Itaque,
668 5309 1005 5364 dilecdssimi
1041 5311 1093 5364 in
1127 5309 1372 5373 Domino,
1410 5311 1498 5380 qui
1529 5310 1619 5364 lilii
1653 5310 1779 5364 lacti

193 5405 351 5466 estis,
381 5410 565 5472 rogate
599 5412 757 5456 noctu
790 5402 990 5472 diuque
1017 5401 1377 5473 lacrymarum
1409 5404 1653 5456 ubertate
1686 5419 1784 5472 pro

197 5500 296 5551 hac
337 5493 678 5564 providentia
709 5505 764 5549 et
803 5496 1164 5558 discretione,
1202 5502 1259 5548 ut
1283 5497 1354 5549 sit
1397 5497 1546 5550 vobis
1579 5497 1779 5550 bonum

271 5610 512 5681 Vllebr.
543 5624 602 5681 v,
628 5610 714 5662 M.
829 5611 873 5642 “
897 5610 1092 5681 Ephes.
1117 5625 1155 5675 ι,
1182 5609 1360 5664 15-18.

195 5681 239 5716 ³³
261 5680 305 5734 ιι
337 5679 479 5737 Titii.
507 5696 544 5742 I,
573 5680 688 5734 5-5.

270 5776 388 5837 (l9)
429 5771 819 5826 Suhstantiam.

1475 5611 1518 5642 °’
1542 5610 1735 5680 Ephcs.
1799 5628 1880 5675 ill,
1914 5613 2088 5668 l't-lS.

1866 1926 2068 1984 grnunt
2101 1917 2491 1980 voluntatibus,
2529 1917 2695 1970 nolite
2727 1917 2833 1969 illis
2866 1917 3142 1970 assentiri.
3172 1916 3447 1983 Scriptum

1864 2011 2008 2061 enim
2043 2018 2128 2062 est
2155 2010 2209 2062 in
2245 2009 2416 2062 Paulo
2470 2009 2715 2078 apostolo
2742 2027 2756 2064 :
2787 2007 2910 2062 Non
2950 2009 3293 2077 exstinguatis
3323 2007 3447 2076 Spi-

1863 2101 2045 2164 ritum,
2077 2117 2169 2153 nec
2196 2102 2545 2154 contemnatis
2580 2102 2881 2167 praphetias
2901 2101 2970 2152 "°.
3005 2098 3212 2152 Scitote
3241 2107 3446 2162 autem,

1864 2191 2014 2245 ﬁlioli
2054 2192 2180 2254 mei,
2212 2193 2357 2260 quod
2385 2190 2621 2261 Spiritus
2650 2205 2757 2244 non
2783 2190 3144 2260 exstinguitur
3173 2203 3242 2242 ex
3273 2188 3446 2249 nobis,

1865 2282 1969 2335 nisi
2009 2282 2189 2336 verbis
2218 2281 2470 2335 inanibus
2521 2279 2751 2348 aliisque
2788 2279 3161 2347 hujuscemodi
3191 2278 3451 2346 operibus

1864 2375 2166 2443 permultis,
2194 2389 2314 2443 qua:
2334 2374 2546 2445 singula
2577 2375 2819 2429 scribere
2850 2389 2958 2428 non
2983 2374 3158 2428 valeo.
3186 2373 3320 2428 Cum
3351 2387 3448 2424 au—

1867 2477 1972 2521 tem
2017 2468 2136 2520 illos
2169 2469 2447 2539 fugeritis,
2481 2482 2574 2522 eos
2627 2478 2979 2522 contemnere
3029 2467 3227 2532 nolite;
3261 2479 3449 2542 verum

1868 2559 1972 2612 illis
2007 2559 2348 2624 henel‘acite,
2387 2573 2493 2612 non
2533 2568 2713 2613 tamen
2740 2574 2863 2612 cum
2905 2558 3010 2612 illis
3040 2558 3450 2612 communicau-

1869 2659 1968 2714 tes,
2013 2663 2080 2702 ne
2110 2663 2206 2702 vos
2239 2647 2583 2702 retrocedere
2617 2649 2841 2702 faciant.
2889 2647 2947 2700 Et
2983 2661 3083 2723 pax
3113 2646 3321 2721 Domini
3356 2661 3454 2698 no-

1867 2740 1964 2793 stri
1996 2739 2068 2792 sit
2101 2753 2222 2792 cum
2256 2739 2540 2806 spiritibus
2575 2738 2772 2792 vestris
2811 2738 3106 2792 mansuetis
3127 2778 3141 2800 ,
3168 2737 3313 2790 lilioli
3347 2735 3453 2789 mei

1870 2829 2234 2883 dilectissimi.
2262 2828 2362 2882 Cui
2399 2829 2516 2882 laus
2543 2838 2595 2882 et
2627 2830 2799 2883 honor
2821 2831 2890 2884 ab
2912 2831 3164 2884 erunibus
3188 2829 3458 2884 creaturis

1870 2923 1921 2976 in
1950 2931 2236 2976 aeternum.
2262 2920 2456 2974 Amen.

2420 3027 2756 3085 EPISTOLA
2807 3029 2921 3084 XII.

1873 3122 1943 3175 De
1990 3123 2264 3176 charitate.
2315 3121 2760 3190 Cupitprwterea
2804 3139 2890 3175 eos
2941 3121 3138 3183 videre,
3183 3133 3238 3174 ut
3293 3121 3452 3174 simul

2091 3208 2266 3245 omnes
2299 3194 2659 3245 consolatione
2684 3193 3022 3260 participem.
3054 3191 3198 3244 Dixit
3219 3207 3237 3244 :

1942 3284 2170 3349 Scitote,
2207 3285 2543 3338 dilectissimi
2584 3285 2688 3337 mei
2731 3287 2783 3336 in
2830 3284 3080 3347 Domino,
3108 3285 3250 3353 quod
3277 3282 3458 3337 chari-

1873 3388 1954 3430 tas
1989 3379 2194 3431 bonum
2228 3386 2492 3446 perpetuo
2524 3387 2732 3430 mentes
2760 3385 2978 3429 nostras
3018 3377 3228 3440 invisit,
3276 3376 3456 3430 omni-

1873 3471 2082 3538 busque
2119 3468 2441 3536 epitulatur,
2475 3469 2564 3536 qui
2601 3468 2782 3522 cordis
2815 3469 2895 3521 sui
2929 3469 3282 3537 cogitationes
3313 3481 3454 3536 pra:-

1873 3574 2132 3630 pararunt
2187 3561 2250 3615 ad
2332 3559 2760 3613 recordationem
2823 3560 3075 3614 Ecclesia:
3137 3561 3460 3630 primogeni-

1875 3662 2047 3706 torum
2077 3653 2120 3682 ⁷¹
2149 3663 2310 3706 noctu
2363 3651 2585 3719 diuque,
2616 3666 2716 3705 nec
2755 3653 2821 3705 ad
2867 3651 2968 3705 alia
3009 3667 3103 3706 eas
3147 3654 3456 3709 admovent.

1871 3747 2332 3812 Quemadmodum
2364 3754 2548 3801 autem
2584 3747 2773 3799 horum
2809 3749 3108 3802 recordatio
3136 3763 3348 3816 semper
3374 3760 3460 3804 est

1873 3837 1965 3892 Dei
2003 3837 2255 3906 Spiritus,
2285 3838 2398 3913 ipse
2429 3837 2766 3906 potissimum
2791 3853 2887 3906 pro
2915 3839 3017 3892 illis
3057 3850 3228 3907 rogat,
3261 3840 3464 3910 quippe

1872 3932 1966 3999 qui
2003 3931 2128 3985 lacti
2162 3940 2290 3984 sunt
2341 3932 2389 3984 ei
2446 3929 2564 3994 lilii,
2600 3944 2800 4000 eosque
2847 3933 2898 3984 in
2948 3932 3055 3986 Deo
3093 3934 3296 4001 genuit.
3333 3933 3458 3988 Pari

1873 4026 2086 4095 quidem
2111 4025 2320 4080 ratione
2347 4040 2450 4078 non
2473 4040 2628 4080 cesso
2656 4026 2818 4079 vestri
2852 4027 3122 4080 recordari
3149 4027 3239 4080 diu
3266 4037 3458 4082 noctua

1874 4131 1980 4187 que
2013 4117 2063 4170 in
2107 4118 2449 4172 orationibus
2485 4117 2641 4183 meis,
2684 4125 2740 4170 ut
2775 4117 2928 4170 lirma
2971 4118 3040 4171 sit
3085 4118 3217 4172 lides
3256 4133 3458 4185 vestra,

1875 4221 1929 4264 et
1964 4211 2225 4263 virtutum
2279 4209 2534 4277 operibus
2573 4211 2902 4278 angeamini,
2936 4221 3099 4279 atque
3135 4224 3187 4265 ut
3223 4214 3464 4266 stabiliat

1876 4301 2139 4356 Dominus
2175 4310 2360 4354 noster
2392 4311 2629 4354 vestram
2669 4303 3061 4368 providentiam
3095 4312 3147 4354 et
3179 4304 3462 4357 discretio-

1877 4403 2129 4458 nem,.et
2181 4406 2432 4458 magnam
2486 4393 2689 4444 tribuat
2731 4391 2885 4444 vobis
2935 4393 3306 4447 fortitudinem
3343 4395 3462 4464 plus

1811 4512 1850 4564 ι)
1880 4501 2040 4555 quam
2071 4484 2280 4554 praediti
2313 4484 2463 4537 estis.
2500 4482 2623 4537 llmc
2658 4488 2876 4552 quidem
2909 4495 2996 4538 est
3026 4502 3140 4538 mea
3183 4503 3282 4556 pro
3310 4489 3464 4546 vobis

1882 4579 2095 4632 assidua
2138 4576 2468 4644 deprecatio,
2519 4590 2638 4628 cum
2677 4591 2772 4630 vos
2821 4577 2872 4630 in
2907 4577 3124 4633 Christo
3155 4583 3458 4650 genuerim,

1884 4681 1939 4726 et
1971 4671 2101 4724 mihi
2138 4667 2230 4722 lilii
2261 4668 2385 4723 lacti
2430 4667 2570 4723 sitis.
2606 4668 2696 4722 Sic
2733 4667 3037 4733 Timotheo,
3067 4685 3187 4723 cum
3219 4688 3340 4726 eum
3371 4689 3462 4744 ge-

1887 4763 2063 4818 nuerit
2095 4760 2293 4816 Paulus
2345 4763 2617 4830 apustolus
2663 4762 2713 4814 in
2767 4761 2894 4827 Deo,
2930 4771 2983 4814 et
3020 4761 3193 4816 lactus
3221 4763 3294 4818 sit
3321 4765 3368 4818 ei
3404 4765 3466 4818 li-

1888 4857 2010 4918 lius,
2042 4856 2261 4923 scripsit
2297 4855 2366 4907 ita
2404 4855 2629 4908 dicens:
2658 4853 3019 4906 Recordortui
3050 4854 3102 4906 in
3139 4856 3467 4911 orationibus

1888 4953 2013 5006 meis
2060 4961 2212 5004 noctu
2257 4952 2473 5018 diuque,
2528 4959 2576 5003 et
2627 4951 2780 5018 cupio
2814 4963 2862 5001 te
2894 4949 3093 5012 videre;
3145 4957 3192 5001 et
3224 4951 3469 5002 recordor

1889 5044 2241 5115 lacrymarum
2291 5053 2502 5094 tuarum
2523 5079 2538 5102 ,
2575 5051 2631 5094 ut
2664 5039 2883 5104 implear
2914 5041 3144 5110 gaudiis,
3175 5056 3469 5095 memorans

1889 5137 2010 5204 ﬁdei
2062 5144 2166 5188 tua:
2219 5135 2436 5187 verte".
2478 5133 2836 5187 Considerate
2884 5133 3089 5202 itaque,
3141 5131 3288 5190 lilioli
3338 5135 3470 5201 mei,

1893 5229 2032 5280 hunc
2057 5227 2398 5298 Apostolum,
2429 5237 2482 5280 et
2517 5226 2786 5294 quomodo
2819 5241 2915 5295 pro
2949 5225 3232 5280 Timotheo
3265 5227 3356 5296 qui
3396 5227 3472 5281 fa-

1891 5328 2011 5370 ctus
2062 5328 2146 5372 est
2185 5320 2234 5370 ei
2283 5317 2423 5370 lilius
2464 5331 2699 5386 cumque
2734 5317 2785 5370 in
2825 5315 2935 5372 Deo
2977 5319 3180 5386 genuit,
3223 5320 3334 5372 lucc
3371 5321 3470 5372 tria

1891 5409 2164 5464 faciebat:
2194 5424 2384 5478 nempe
2418 5409 2560 5463 illius
2598 5418 2758 5463 noctu
2812 5409 3011 5479 diuque
3058 5410 3470 5472 recordabatur,

1892 5515 1988 5570 pro
2017 5501 2108 5554 illo
2135 5501 2347 5563 orabat,
2382 5516 2446 5555 ac
2473 5502 2647 5572 ipsum
2680 5502 2862 5556 videre
2891 5503 3162 5574 cupiebat.
3204 5502 3322 5556 Pari
3357 5505 3469 5572 qni-

2198 5614 2288 5667 ⁷⁰Ι
2328 5615 2518 5671 Thess.
2548 5631 2578 5668 v
2637 5614 2721 5672 19.
2775 5615 2865 5668 20.
2977 5615 3019 5645 ⁷⁸
3054 5613 3216 5668 llcbr.
3253 5629 3350 5675 xu,
3375 5614 3467 5667 ‘25.
