3860 6318
417 326 553 383 1027

1500 318 1769 374 PATRES
1812 314 2107 372 {EGYPTII
2148 316 2419 374 SECULI
2464 320 2550 376 lV.

3517 321 3681 373 1028

414 448 538 501 dem
571 445 799 507 ratione,
838 438 1171 496 dilectissimi
1203 439 1329 498 mei,
1360 454 1495 507 quos
1517 441 1586 493 ob
1624 438 1868 494 cordium
1901 449 1984 489 vc-
2012 436 2058 492 A
2089 443 2146 486 ut
2178 434 2456 502 aperiatur
2492 433 2645 489 vobis
2697 431 3005 503 magnitudo
3039 446 3362 486 arcanorqu
3392 432 3504 496 Dei,
3542 451 3682 502 qua:

416 549 653 592 strorunt
686 532 1055 588 rectitudinem
1085 545 1180 584 cor
1208 545 1381 582 meum
1416 530 1611 600 diligit,
1643 528 1781 583 facio
1807 538 1859 584 et
1880 542 1981 598 ego

411 624 863 699 quemadmodum
905 622 1032 676 fecit
1071 621 1265 675 Paulus
1309 621 1612 683 Timotheo,
1650 624 1762 675 haec
1792 622 1979 675 eadem

414 721 545 781 tria;
582 718 743 770 vestri
783 715 987 769 scilicet
1022 715 1299 777 recordor,
1336 728 1431 766 oro
1484 730 1578 782 pro
1608 713 1757 765 vobis
1805 724 1859 766 et
1902 713 1980 765 vi-

412 813 537 864 dere
567 826 659 862 vos
684 808 861 875 cupio.
894 807 1020 870 Quae
1072 819 1201 858 sane
1245 817 1459 874 priesto.
1494 821 1701 859 memor
1733 806 1976 859 laborum

410 911 707 955 vestrorum
739 900 1010 967 vestrique
1038 898 1269 966 gemitus
1302 908 1355 952 et
1388 898 1568 952 cordis
1594 897 1755 951 vestri
1786 910 1980 950 mcero-

410 994 504 1055 ris,
538 1007 600 1045 ac
631 1005 834 1059 magna:
865 999 1053 1044 vestra:
1102 989 1370 1058 patientiae
1407 974 1568 1052 atque
1617 986 1981 1040 mansuetudi-

411 1085 513 1148 nis,
546 1099 666 1137 cum
698 1085 809 1136 haec
838 1081 1049 1136 faciatis
1074 1079 1237 1134 corde
1277 1078 1453 1131 valido
1486 1087 1648 1144 atque
1687 1076 1975 1144 sapientia.

408 1173 724 1243 Quicunque
748 1173 892 1233 enim
923 1186 1082 1239 opera
1112 1170 1206 1225 Dei
1232 1177 1513 1238 operatur,
1548 1168 1735 1235 spiritu
1762 1167 1977 1233 sapien-

407 1266 495 1320 tiae
511 1277 781 1332 Operatur.
814 1264 945 1316 llinc
969 1265 1045 1315 ait
1067 1261 1264 1315 Paulus
1309 1258 1583 1328 apostolus
1603 1276 1616 1312 :
1638 1257 1773 1309 Deus
1803 1257 1976 1309 haud-

404 1373 666 1425 quaquam
690 1355 834 1408 nobis
859 1354 1001 1407 dedit
1024 1354 1265 1420 spiritum
1293 1350 1515 1413 timoris,
1533 1366 1708 1403 verum
1734 1349 1975 1414 spiritum

404 1448 674 1516 sapientia:
726 1463 786 1499 ac
832 1447 1073 1499 virtutem
1117 1442 1469 1497 cltaritatis”.
1502 1441 1757 1495 Dominus
1793 1450 1973 1493 autem

409 1545 589 1590 noster
626 1533 883 1588 rationem
910 1534 977 1587 ab
999 1547 1317 1599 unoquoque
1346 1542 1584 1584 nostrum
1616 1529 1815 1599 exiget,
1848 1545 1972 1581 num

404 1639 568 1692 opera
598 1624 711 1691 ejus
736 1624 844 1678 sint
873 1623 1168 1678 secundum
1203 1622 1339 1675 hanc
1378 1621 1719 1688 sapientiam.

478 1713 589 1785 Ego
624 1716 801 1778 modo,
838 1714 982 1768 ﬁlioli
1035 1713 1161 1776 mei,
1197 1726 1323 1780 rogo
1368 1711 1672 1777 Dominum,
1703 1720 1759 1764 ut
1789 1712 1974 1766 faciles

409 1805 598 1858 reddat
622 1806 734 1858 vias
772 1818 921 1857 meas
974 1804 1039 1857 ad
1087 1817 1200 1867 vos,
1261 1811 1318 1854 ut
1368 1802 1560 1854 iterum
1613 1801 1832 1854 veniens
1880 1818 1972 1854 vos

408 1897 638 1951 videam.
665 1896 870 1965 Quippe
898 1896 1036 1949 haud
1080 1911 1165 1950 me
1195 1895 1343 1957 latet,
1386 1909 1480 1947 vos
1512 1910 1596 1948 me
1630 1895 1842 1949 videndi
1877 1893 1974 1946 ﬁa-

407 2004 565 2057 grare
597 1988 884 2053 desiderio,
908 1988 1352 2056 quemadmodum
1379 2003 1476 2056 ego
1503 1986 1672 2056 magis
1698 1988 1972 2056 magisque

409 2096 502 2134 vos
528 2082 707 2134 videre
726 2081 897 2147 cupio.
940 2079 1251 2141 Hocbautem
1285 2079 1563 2148 percipite,
1586 2080 1726 2147 quod
1753 2079 1880 2132 nihil
1919 2079 1970 2131 in

409 2183 548 2226 terra
580 2175 669 2234 sit,
701 2172 843 2242 quod
878 2170 1047 2224 amori
1082 2181 1366 2238 parentum
1398 2186 1524 2237 erga
1560 2153 1801 2233 ﬁlios,'et
1832 2169 1971 2223 ﬁlio-

408 2280 527 2318 rum
557 2279 683 2334 erga
717 2272 965 2333 parentes
994 2264 1293 2331 comparari
1329 2263 1534 2330 possit;
1568 2262 1620 2315 hi
1652 2262 1795 2317 enim
1822 2262 1969 2317 omni

410 2364 652 2425 tempore
677 2371 735 2410 se
769 2356 994 2410 invicem
1025 2356 1207 2409 videre
1230 2354 1473 2421 cupiunt.
1509 2352 1565 2407 Si
1597 2362 1850 2420 parentes
1881 2352 1973 2422 igi-

406 2456 495 2500 tur
517 2449 716 2516 liliique
741 2448 989 2501 carnales
1017 2445 1119 2500 hac
1156 2457 1283 2499 sunt
1317 2444 1525 2513 praediti
1549 2445 1835 2509 charitate,
1862 2458 1971 2512 quo

408 2539 575 2608 magis
609 2536 914 2606 spirituales
958 2546 1206 2603 parentes
1248 2548 1542 2601 eorumque
1577 2534 1628 2586 in
1680 2534 1787 2588 Deo
1837 2532 1970 2586 filii?

406 2627 768 2695 Quamobrem
813 2642 871 2681 se
919 2627 1146 2682 invicem
1193 2640 1314 2680 cum
1369 2625 1561 2677 timore
1605 2624 1697 2678 Dei
1748 2624 1971 2694 ejusque

402 2720 669 2773 charitate
700 2719 880 2771 videre
901 2716 1143 2784 cupiunt,
1170 2731 1293 2771 cum
1326 2724 1580 2785 parentes
1622 2717 1673 2770 in
1719 2714 1826 2769 Deo
1852 2731 1969 2769 ma—

399 2811 547 2881 jores
579 2811 686 2864 sint
724 2809 1036 2877 parentibus
1074 2808 1128 2878 in
1175 2821 1362 2861 carne.
1391 2807 1556 2861 Amor
1594 2806 1722 2861 item
1773 2819 1971 2876 paren-

402 2911 514 2953 tmn
537 2915 664 2970 erga
698 2901 836 2953 tilius
868 2898 1037 2965 major
1073 2908 1157 2953 est
1202 2913 1387 2953 amore
1434 2899 1666 2953 ﬁliorum
1709 2914 1839 2968 erga
1881 2914 1970 2968 pa-

406 3001 605 3045 rentes.
642 2991 774 3047 llinc
817 2992 896 3045 ait
929 2990 1140 3044 divinus
1167 2990 1364 3044 Paulus
1392 2990 1703 3059 apostolus:
1743 2988 1803 3044 Si
1826 2989 1969 3044 vobis

2085 541 2295 593 nequeo
2351 526 2531 596 lingua
2580 539 2696 579 mea
2741 523 3049 594 explicare;
3109 524 3310 579 etenim
3365 524 3418 578 in
3446 540 3680 581 summa

2081 626 2205 670 sunt
2233 617 2497 671 collocata
2522 614 2827 670 altitudine.
2854 614 2970 669 Non
2998 616 3213 683 quidem
3232 617 3375 670 sicut
3405 631 3489 676 ea,
3526 633 3679 686 qua-

2083 709 2149 761 lia
2184 710 2485 777 snntlmjus
2543 708 2756 772 mundi;
2792 722 2966 775 neque
3020 707 3311 761 immundis
3348 708 3678 763 revelantur

2081 799 2386 861 animabus,
2413 800 2505 853 sed
2544 800 2647 853 illis
2672 798 2763 867 qui
2819 798 2978 851 corda
3007 813 3099 850 sua
3130 797 3418 865 expiarunt
3445 800 3515 853 ab
3541 814 3637 853 om

2080 890 2243 944 nibus
2265 892 2515 944 sordibus
2544 902 2597 944 et
2624 893 2879 960 operibus
2931 891 3088 960 hujus
3120 892 3300 945 mundi
3338 893 3630 945 transituri
3655 912 3669 947 :

2081 978 2204 1032 istis
2229 980 2477 1033 videlicet
2503 980 2593 1049 qui
2622 981 2878 1033 mundum
2898 980 3021 1034 odio
3051 980 3359 1033 habuerunt
3385 995 3564 1049 usque
3593 984 3667 1035 ad

2078 1071 2288 1124 animas
2320 1086 2535 1140 quoque
2590 1088 2751 1136 suas,
2805 1081 2860 1125 et
2903 1086 3117 1126 crucem
3163 1082 3441 1141 portantes
3482 1075 3670 1127 secuti

2077 1172 2202 1217 sunt
2254 1164 2559 1241 Dominum,
2615 1165 2667 1219 itt
2735 1164 2987 1218 omnibus
3027 1173 3317 1232 operantes
3347 1166 3665 1219 secundum

2078 1253 2197 1318 ejus
2228 1252 2579 1307 voluntatem.
2615 1254 2795 1320 Quare
2832 1254 3155 1308 inhabitavit
3192 1256 3243 1308 in
3278 1256 3343 1308 iis
3372 1255 3665 1319 divinitas,

2077 1353 2131 1398 et
2155 1346 2234 1398 eis
2267 1344 2491 1415 elargita
2510 1358 2592 1399 est
2618 1346 2957 1400 dulcedinem
2980 1357 3143 1415 atque
3174 1346 3419 1400 lanitium
3442 1348 3495 1400 in
3516 1346 3666 1410 Deo,

2076 1452 2197 1504 qua:
2224 1435 2465 1505 profecto
2502 1438 2683 1491 ltetitia
2723 1439 2933 1492 animas
2963 1438 3080 1504 alit,
3123 1453 3323 1506 easque
3356 1440 3534 1493 satius
3559 1455 3667 1492 au-

2076 1535 2186 1597 get.
2244 1528 2310 1581 Et
2357 1530 2809 1597 quemadmodum
2880 1530 3103 1584 arbores
3138 1530 3240 1584 nisi
3306 1531 3541 1585 biberint
3590 1548 3661 1585 ex

2080 1629 2271 1673 natura
2314 1635 2489 1688 aquae,
2550 1634 2799 1675 crescere
2844 1630 3157 1689 nequeunt:
3203 1621 3282 1675 sic
3310 1624 3511 1686 anima,
3546 1623 3659 1674 nisi

2075 1710 2623 1779 suaceperitcmleste
2670 1711 2946 1779 gaudium,
3010 1727 3183 1780 neque
3228 1727 3478 1767 crescere
3505 1714 3661 1766 valet

2076 1816 2249 1869 neque
2273 1816 2491 1856 sursum
2527 1802 2825 1856 extollitur.
2882 1804 2954 1856 At
3009 1804 3200 1857 anima:
3247 1819 3365 1871 qua:
3394 1804 3659 1871 spiritum

2074 1903 2449 1962 susceperunt,
2477 1893 2798 1961 cmlestique
2840 1894 3056 1950 imbuta:
3106 1896 3298 1964 gaudio
3325 1906 3485 1959 sunt;
3525 1912 3663 1965 quae

2071 1998 2286 2037 sursum
2336 1998 2581 2037 crescere
2634 1984 2835 2047 valent,
2900 1998 3020 2037 cum
3080 1982 3439 2037 custodierint
3500 1987 3658 2051 quod

2072 2082 2200 2126 ante
2232 2074 2496 2128 diximus:
2526 2083 2688 2144 atque
2734 2075 2868 2129 adeo
2926 2085 3110 2141 aperta
3152 2084 3277 2128 sunt
3308 2074 3411 2127 illis
3442 2090 3656 2128 arcana

2074 2163 2222 2228 regni
2256 2164 2513 2218 caelorum
2547 2166 2724 2218 adhuc
2754 2165 2805 2218 in
2840 2165 2939 2219 hac
2964 2180 3127 2219 carne
3157 2166 3566 2229 essistentibus,
3599 2177 3659 2218 et

2072 2253 2318 2307 ﬁduciam
2345 2270 2527 2309 coram
2560 2255 2668 2310 Deo
2708 2255 2763 2309 in
2798 2256 3045 2311 omnibus
3096 2257 3166 2311 ita
3204 2267 3332 2311 sunt
3385 2260 3551 2324 nacti,
3594 2268 3656 2311 ut

2073 2346 2445 2414 adimpleverit
2475 2346 2581 2399 illis
2635 2355 2860 2401 cunctas
2912 2363 3100 2401 eorum
3144 2349 3455 2416 petitiones.
3490 2349 3655 2403 Nunc

2074 2434 2275 2502 itaque,
2303 2434 2641 2488 dilectissimi
2678 2438 2779 2489 mei
2808 2445 2859 2489 et
2897 2437 3218 2498 honorandi,
3263 2438 3376 2491 haec
3415 2447 3498 2493 est
3523 2454 3653 2491 mea

2070 2534 2331 2591 perpetua
2405 2527 2734 2593 deprecatio,
2790 2536 2848 2579 ut
2893 2529 2958 2581 ad
2982 2528 3119 2581 hanc
3163 2512 3417 2581 nimirum
3455 2544 3654 2598 perve—

2072 2615 2234 2667 niatis
2272 2624 2489 2680 metant,
2522 2624 2579 2668 ut
2604 2616 2789 2670 sciatis
2823 2628 2985 2685 atque
3028 2619 3366 2685 cognoscatis
3408 2618 3638 2672 divitias

2072 2706 2220 2773 regni
2256 2705 2371 2771 Dei,
2402 2706 2556 2777 cujus
2581 2724 2682 2761 non
2716 2720 2798 2762 ρει
2824 2699 3073 2762 mensura
3122 2724 3295 2776 neque
3336 2709 3477 2763 ﬁnis.
3511 2708 3644 2763 Scio

2073 2797 2316 2866 quidem,
2342 2801 2444 2852 hoc
2476 2799 2617 2852 haud
2656 2799 2976 2868 promereri,
3030 2800 3134 2855 nisi
3181 2800 3388 2868 aliquos
3422 2816 3492 2856 ex
3520 2818 3644 2855 mo-

2070 2887 2259 2942 nachis
2281 2897 2337 2942 et
2371 2889 2669 2956 virginibus
2699 2891 2788 2959 qui
2824 2900 2951 2945 sunt
3002 2892 3055 2945 in
3101 2893 3638 2961 congregationibus,

2071 2981 2210 3047 quod
2239 2982 2584 3049 pervenerint
2614 2982 2680 3035 ad
2749 2980 3037 3036 terminum
3073 2984 3440 3051 perfectionis,
3474 3000 3641 3054 para-

402 3092 479 3137 cst
502 3099 625 3153 erga
654 3098 733 3136 me
764 3083 966 3135 modica
998 3082 1227 3145 dilectio,
1253 3082 1465 3134 dilectio
1489 3098 1600 3135 mea
1629 3098 1752 3151 erga
1787 3098 1873 3136 vos
1898 3087 1967 3136 in-

2075 3082 2248 3141 tarque
2272 3084 2395 3127 sunt
2423 3074 2503 3127 eis
2545 3074 2722 3138 sedes,
2768 3084 2825 3128 ut
2857 3075 3081 3129 sedeant
3123 3091 3284 3145 super
3321 3076 3437 3131 illas
3466 3079 3519 3130 in
3547 3078 3641 3131 die

404 3175 605 3242 gentior
631 3173 841 3243 quidem
881 3172 1034 3225 est".
1072 3170 1193 3226 Pari
1238 3187 1368 3227 sane
1413 3173 1622 3226 ratione
1657 3173 1759 3227 mei
1791 3172 1968 3229 Patris

406 3262 590 3330 vestri,
642 3263 815 3329 ﬁlioli,
862 3279 1016 3318 amor
1058 3279 1183 3331 erga
1222 3279 1316 3318 vos
1351 3265 1618 3333 ingentior
1656 3273 1739 3318 est
1782 3280 1968 3322 amore

402 3363 582 3409 vestro
612 3368 738 3424 erga
782 3368 884 3419 me,
923 3369 1029 3422 qua
1071 3354 1202 3407 mihi
1248 3353 1341 3406 ﬁlii
1383 3353 1511 3408 facti
1551 3354 1704 3408 estis.
1738 3352 1968 3410 Oremus

401 3443 562 3512 igitur
578 3442 738 3497 simul
756 3457 943 3497 onmes
969 3451 1026 3496 ut
1048 3443 1201 3498 nobis
1223 3443 1481 3497 concedat
1497 3442 1757 3499 Dominus
1780 3458 1967 3500 noster

402 3533 592 3586 iterum
668 3531 895 3586 invicem
966 3532 1169 3586 videre.
1225 3531 1475 3587 Profecto
1530 3534 1643 3588 scio
1713 3550 1964 3604 magnum

398 3623 652 3692 gaudium
677 3631 837 3693 atque
868 3624 1105 3678 laetitiam
1130 3625 1278 3678 vobis
1306 3626 1593 3678 allaturum
1624 3625 1741 3679 fore
1775 3627 1874 3680 mei
1899 3627 1963 3680 ad

400 3731 496 3769 vos
536 3716 845 3777 adventum,
881 3717 1336 3785 quetnadmodum
1374 3718 1448 3769 ait
1497 3718 1822 3785 Apostolus:
1865 3718 1964 3773 Ve-

398 3808 660 3861 hementer
686 3824 770 3861 vos
797 3809 967 3862 videre
996 3809 1168 3876 cupio,
1193 3808 1434 3875 vobisque
1452 3809 1724 3861 utilitatem
1749 3811 1982 3874 spiritus-

399 3901 610 3968 afferre,
652 3910 785 3952 utea
819 3900 1156 3965 conﬁrmetur
1177 3899 1306 3964 ﬁdes
1338 3911 1524 3961 vestra,
1566 3910 1609 3951 et
1640 3902 1966 3953 consolemur

400 4006 575 4043 omnes
601 3990 755 4043 simul
789 3991 891 4058 ﬁde
939 4007 1050 4043 mea
1086 4007 1147 4042 ac
1173 3992 1277 4057 ﬁde
1310 3990 1557 4044 uestra".
1596 3990 1805 4046 Etenim
1837 4007 1967 4046 con-

399 4081 697 4145 venientes,
765 4082 867 4135 alia
913 4082 1308 4151 quamplurima
1354 4092 1480 4135 nota
1531 4082 1685 4137 vobis
1748 4082 1959 4148 faciam,

397 4187 517 4238 qua:
541 4171 732 4225 litteris
761 4174 825 4225 ad
859 4188 953 4226 vos
976 4172 1105 4226 dare
1135 4188 1239 4225 non
1278 4171 1449 4235 valeo,
1484 4182 1541 4226 ut
1564 4173 1632 4226 sit
1674 4174 1774 4227 hoc
1816 4175 1965 4229 vobis

397 4262 545 4316 salus
571 4265 621 4314 itt
650 4261 876 4316 Domino
900 4260 1025 4317 Jesu
1058 4262 1293 4317 Christo.
1319 4262 1415 4318 Cui
1447 4263 1638 4333 gloria,
1666 4276 1720 4317 et
1770 4264 1960 4331 honor,

395 4365 451 4410 et
476 4357 769 4421 veneratio,
800 4365 856 4410 et
887 4356 1003 4410 laus
1036 4357 1085 4408 in
1124 4367 1407 4410 aeternum.
1432 4359 1623 4411 Amen.

924 4446 1256 4502 EPISTULA
1296 4446 1433 4503 Xlll.

395 4537 586 4592 Incitat
612 4556 696 4593 eos
726 4540 794 4592 ad
827 4542 1241 4608 consequendum
1281 4543 1554 4611 gaudium,
1594 4543 1733 4611 quod
1776 4559 1959 4597 conse-

796 4622 1028 4679 quuntur
1056 4612 1360 4663 militantes.
1387 4610 1530 4663 Dixit
1570 4627 1589 4663 ε

462 4698 579 4753 Jatn
607 4700 780 4764 scitis,
813 4699 1148 4755 dilectissimi
1181 4703 1283 4755 mei
1317 4703 1366 4754 in
1401 4702 1643 4767 Domino,
1681 4703 1821 4769 quod
1848 4705 1960 4758 uni-

390 4807 562 4847 versa:
590 4802 853 4847 creaturae
884 4793 1154 4855 rationali,
1188 4794 1302 4848 sive
1354 4808 1467 4847 mas
1498 4794 1609 4847 sive
1640 4794 1835 4849 femina
1870 4797 1959 4850 illa

391 4883 575 4947 fuerit,
604 4884 732 4939 insit
758 4899 1020 4952 organum
1048 4886 1252 4939 amoris
1280 4885 1345 4937 ad
1396 4896 1706 4952 utrumque,
1764 4888 1827 4940 ad
1880 4889 1962 4941 di-

390 4978 513 5029 vina
539 4976 791 5031 videlicet
821 4989 874 5031 et
894 4979 1125 5031 humana
1160 4978 1527 5045 amplectenda
1556 4997 1568 5042 ;
1607 4979 1776 5034 divini
1813 4983 1957 5036 enim

392 5069 571 5122 divina
619 5069 866 5137 diligunt,
925 5068 1174 5122 carnales
1224 5082 1353 5122 vero
1414 5070 1642 5139 diligunt
1691 5074 1953 5127 carnalia.

390 5159 655 5223 Quoniam
696 5174 825 5213 vero
873 5158 1048 5212 divina
1092 5158 1145 5211 iu
1198 5159 1347 5213 vobis
1378 5169 1523 5223 sunt,
1560 5160 1721 5230 diligo
1753 5177 1845 5217 vos
1885 5180 1951 5217 ex

390 5260 503 5304 toto
531 5252 720 5317 spiritu
755 5266 894 5315 meo,
927 5264 990 5306 eo
1034 5253 1174 5321 quod
1208 5252 1372 5307 Deum
1430 5255 1480 5307 in
1536 5255 1687 5309 vobis
1720 5256 1950 5323 habetis,

388 5342 571 5408 etjam
610 5358 772 5408 penes
803 5359 887 5397 me
934 5359 1129 5412 magno
1181 5347 1235 5399 in
1290 5346 1405 5400 loco
1458 5349 1732 5403 constituti
1788 5353 1942 5417 estis,

386 5446 705 5502 semperque
740 5433 900 5488 Deum
927 5451 1103 5491 memn
1134 5454 1230 5508 pro
1279 5442 1426 5495 voltis
1457 5457 1606 5512 rogo,
1652 5454 1708 5496 ut
1736 5445 1787 5498 in
1831 5462 1950 5498 cor-

387 5520 545 5578 dibus
568 5525 760 5581 vestris
794 5527 990 5585 divinis
1010 5533 1309 5602 attgeamini
1349 5532 1401 5587 iu
1446 5533 1537 5588 Dei
1569 5536 1854 5603 charitate,
1894 5544 1947 5589 ct

452 5702 500 5737 "
532 5702 575 5759 ll
602 5702 740 5763 Tim.
775 5723 814 5772 ι,
849 5708 900 5762 7.
979 5708 1023 5739 ”
1053 5708 1089 5762 ll
1125 5710 1246 5764 Cor.
1279 5725 1346 5775 ιι,
1389 5711 1469 5763 l2.

1548 5713 1591 5743 ⁷³
1635 5713 1787 5765 'lom.
1822 5729 1862 5777 ι,
1906 5714 1986 5779 ιι,
2018 5714 2101 5767 12.

2065 3160 2254 3232 judicii
2288 3162 2742 3230 adjudicaudum.
2794 3162 2951 3219 Certe
2999 3171 3122 3220 novi
3171 3168 3379 3237 aliquos
3407 3169 3504 3222 hac
3533 3186 3637 3223 no-

2068 3264 2181 3307 stra
2216 3262 2397 3318 tetate,
2429 3255 2520 3323 qui
2549 3256 2614 3307 ad
2646 3255 2787 3309 hunc
2828 3256 3106 3312 liliationis
3149 3257 3241 3313 Dei
3278 3272 3637 3326 pervenerunt

2071 3343 2377 3396 terminum.
2414 3343 2519 3397 Nec
2550 3343 2653 3397 ulla
2684 3360 2815 3398 sane
2858 3356 2989 3400 aetas
3035 3360 3099 3399 ex
3150 3349 3397 3401 mtatibus
3439 3363 3635 3416 expers

2070 3434 2169 3487 fuit
2190 3436 2403 3499 horum,
2431 3436 2520 3504 qui
2546 3438 2612 3489 ad
2652 3438 2794 3490 hunc
2818 3450 3175 3505 pervenerunt
3200 3442 3633 3503 terminummec

2070 3524 2263 3579 futura:
2286 3528 2447 3580 etiam
2476 3538 2665 3581 aetates
2703 3528 2893 3581 horum
2924 3538 3083 3584 erunt
3119 3542 3385 3599 expertes,
3420 3548 3522 3585 non
3551 3534 3633 3585 vi-

2077 3632 2259 3670 rorum
2290 3618 2575 3681 duntaxat,
2613 3634 2798 3673 verum
2826 3632 2879 3674 et
2907 3621 3212 3677 mulierum.
3238 3623 3335 3689 Qui
3388 3639 3509 3678 cum
3541 3640 3629 3680 se-

2068 3709 2245 3763 derint
2273 3724 2432 3778 super
2465 3711 2641 3776 sedes,
2670 3720 2727 3764 ut
2753 3715 3241 3781 praecessitsermo,
3262 3717 3628 3785 unusquisque

2065 3803 2533 3870 eorumjudicahit
2578 3805 2830 3861 homines
2881 3824 2991 3862 sua:
3023 3810 3222 3873 atatis,
3262 3826 3326 3863 eo
3357 3813 3496 3877 quod
3537 3812 3628 3864 de-

2066 3903 2345 3947 certarunt
2395 3895 2565 3948 donec
2618 3894 2837 3963 perfecti
2882 3908 3043 3963 sunt;
3095 3915 3215 3952 nam
3265 3902 3355 3967 qui
3400 3897 3625 3969 perfecti

2065 3995 2196 4038 sunt
2220 4026 2233 4047 ,
2260 3984 2588 4052 judicabunt
2612 3988 2820 4042 orbem.
2851 3988 3028 4057 Atque
3050 3981 3167 4044 'boc
3185 3999 3267 4044 est
3295 3992 3346 4043 id
3372 3992 3512 4059 quod
3529 4006 3626 4060 pro

2068 4077 2217 4131 vobis
2248 4077 2511 4144 deprecor
2545 4086 2704 4132 noctu
2740 4079 2961 4147 diuque,
2985 4081 3379 4148 utperveniatis
3405 4082 3468 4133 ad
3490 4082 3627 4135 hanc

2068 4182 2381 4221 mensuram
2409 4169 2685 4237 judicandi
2726 4170 2971 4225 homines
3021 4182 3213 4224 vestrze
3250 4173 3443 4225 aetatis.
3473 4174 3624 4238 Quod

2067 4274 2201 4312 sane
2229 4270 2311 4313 est
2356 4260 2425 4313 ob
2470 4260 2692 4313 nimiam
2735 4276 2908 4314 meam
2960 4277 3087 4331 erga
3149 4278 3240 4317 vos
3281 4265 3621 4327 charitatcm,

2064 4364 2226 4418 quam
2263 4344 2536 4417 explicare
2558 4350 2741 4404 verbis
2783 4366 2886 4404 non
2921 4367 3158 4421 possum,
3187 4369 3355 4424 neque
3380 4369 3471 4409 vos
3488 4370 3623 4423 quo-

2065 4458 2169 4511 que
2200 4442 2444 4511 potestis.
2469 4441 2604 4494 Nam
2658 4451 2714 4495 ut
2764 4441 2958 4497 Paulus
3018 4445 3287 4512 apostolus
3316 4446 3390 4498 ait
3429 4447 3494 4500 iis
3532 4448 3619 4514 qui

2066 4534 2168 4587 sibi
2210 4534 2263 4586 in
2324 4533 2462 4586 Iilios
2505 4533 2725 4600 ascripti
2773 4544 2975 4589 erant:
3030 4532 3166 4588 Nolo
3204 4538 3439 4590 exhibere
3485 4540 3621 4590 vobis

2064 4626 2555 4693 evangelisatiouem
2580 4634 2804 4687 tantum,
2847 4625 2936 4676 sed
2972 4637 3018 4678 et
3053 4638 3232 4679 memet
3258 4628 3447 4695 ipsum,
3495 4646 3622 4699 quo-

2074 4719 2219 4777 niam
2252 4716 2378 4783 facti
2407 4718 2529 4768 estis
2556 4717 2681 4768 mihi
2704 4716 2995 4769 cimrissimi
3021 4720 3075 4770 in
3102 4718 3323 4771 Domino
3344 4720 3409 4772 ⁷⁸.
3433 4720 3616 4789 Etjam

2068 4808 2187 4859 misi
2221 4806 2371 4859 vobis
2406 4806 2522 4859 loco
2550 4806 2650 4858 mei
2689 4806 2879 4860 Filium
2938 4822 3113 4861 meum
3144 4809 3421 4877 dilectmu,
3451 4812 3615 4867 donec

2065 4894 2284 4949 facilem
2316 4896 2503 4949 reddat
2538 4895 2677 4950 Deus
2708 4898 3046 4965 praesentiam
3085 4913 3254 4952 meam
3282 4900 3419 4970 apud
3452 4917 3541 4957 vos
3568 4904 3616 4955 in

2063 5000 2308 5054 corpore,
2345 4986 2672 5057 sfferamque
2698 4988 2849 5042 vobis
2885 4991 3134 5059 gaudium
3164 5007 3270 5060 pra:
3309 4994 3498 5061 gaudio
3525 5011 3609 5048 ve-

2065 5088 2178 5131 stro
2204 5096 2218 5144 ;
2250 5095 2371 5133 nam
2404 5080 2593 5134 videns
2619 5080 2874 5134 Dominus
2892 5082 3029 5137 ﬁlios
3052 5082 3193 5152 diligi
3226 5100 3254 5137 a
3296 5096 3536 5153 parente,
3562 5087 3616 5141 ﬁt

2071 5169 2176 5223 illis
2208 5171 2457 5225 omnibus
2486 5172 2596 5237 ipse
2623 5172 2898 5240 gaudium,
2943 5175 3187 5230 tribuens
3229 5176 3336 5230 illis
3373 5193 3612 5247 magnam

2069 5263 2319 5317 virtutem
2354 5273 2408 5318 et
2438 5279 2623 5332 pacem
2660 5267 2713 5319 in
2743 5266 2860 5320 loco
2889 5268 3195 5325 solitudinis
3220 5286 3234 5332 ;
3265 5272 3406 5338 quod
3434 5282 3514 5326 est
3539 5288 3613 5325 re-

2064 5370 2225 5422 gnum
2265 5364 2550 5420 mternum,
2584 5360 2724 5425 quod
2760 5358 2892 5412 estis
2944 5362 3281 5415 consecuturi
3324 5364 3493 5431 gratia
3519 5363 3612 5417 Do-

2070 5444 2199 5497 mini
2236 5446 2399 5499 nostri
2425 5444 2548 5499 Jesu
2584 5449 2804 5502 Christi.
2833 5447 2928 5503 Cui
2960 5449 3093 5515 laus,
3123 5462 3175 5505 et
3206 5452 3397 5522 gloria,
3439 5462 3493 5527 et
3516 5470 3592 5508 tua

2058 5533 2231 5602 jestas
2266 5536 2317 5589 in
2349 5538 2620 5593 sa'culum.
2660 5541 2848 5594 Amen.

2177 5714 2222 5746 "‘
2262 5715 2510 5772 lTltess.
2562 5734 2623 5781 ll,
2671 5717 2719 5772 8.
