3860 6350
161 334 317 394 1029

707 456 1039 514 EPISTOLA
1087 458 1226 515 XIV.

166 548 248 604 De
277 545 545 616 implendi}
568 547 886 611 obedientia,
915 562 968 602 ut
995 551 1248 605 inhabitet
1272 555 1324 606 in
1346 555 1451 608 illis
1477 555 1764 612 benedictio

627 630 834 688 patrum
870 637 1109 676 suorum.
1139 623 1285 676 Dixit
1326 639 1346 677 :

239 731 591 793 Dilectissimi
625 734 758 788 mihi
817 734 870 789 in
935 734 1166 790 Domino
1192 738 1409 806 quidem
1455 743 1606 806 estis,
1638 743 1762 812 quia

164 832 384 876 vosmet
419 821 567 893 ipsos
591 826 824 894 parastis
856 826 921 880 ad
963 842 1187 897 regnum
1222 829 1504 897 ctelorum,
1529 833 1763 888 etDeum

165 914 407 981 rogastis
437 923 492 966 ιιι
524 924 672 968 esset
720 917 895 981 vobis,
945 919 1105 972 sicuti
1159 929 1244 974 est
1292 920 1439 976 Patri
1477 934 1678 990 vestro,
1710 936 1766 978 ιιι

167 1006 402 1063 abirctis
435 1009 502 1062 ad
533 1009 710 1062 locum
747 1013 812 1064 ad
863 1027 1026 1081 quem
1061 1013 1309 1070 abiturus
1356 1027 1438 1071 est
1470 1018 1632 1073 Pater
1670 1035 1766 1074 ve-

166 1110 309 1164 ster,
336 1111 392 1156 et
415 1113 474 1156 ut
503 1102 811 1158 benedictio
851 1121 972 1174 qum
1003 1106 1332 1162 inbabitavit
1361 1110 1415 1164 in
1456 1110 1568 1176 illo,
1603 1112 1764 1168 inha-

166 1191 310 1244 bitet
339 1191 394 1245 in
427 1192 608 1259 vobis,
641 1202 695 1247 et
721 1195 950 1264 gloriam
1001 1212 1186 1264 quam.
1219 1208 1304 1253 est
1347 1213 1763 1268 consecuturus,

165 1285 608 1351 consequamini,
644 1301 711 1339 eo
744 1289 886 1357 quod
930 1289 1060 1342 facti
1095 1291 1228 1345 estis
1251 1294 1300 1346 ei
1342 1293 1434 1348 ﬁlii
1467 1296 1763 1349 secundum

171 1375 498 1428 lilialioucut
533 1379 781 1433 veritatis
810 1389 864 1434 et
887 1379 1284 1438 benedictionis
1302 1395 1468 1455 atque
1505 1386 1765 1442 obedien-

167 1467 284 1519 tite.
313 1461 533 1521 Etenim
569 1469 661 1523 lilii
695 1471 1013 1527 obedientes
1044 1485 1506 1542 patrum‘suorum
1527 1480 1765 1545 divitias,

167 1554 448 1625 justitiam
482 1566 538 1612 et
567 1558 1003 1616 benedictionem
1054 1573 1110 1618 ut
1164 1566 1406 1622 baeredcs
1429 1585 1768 1640 consequun—

168 1656 263 1701 tur
295 1649 795 1721 bmreditatisjure.
830 1653 1127 1711 Enimvero
1158 1673 1349 1726 preces
1371 1674 1508 1729 quas
1531 1661 1760 1717 fundunt

171 1734 267 1792 ﬁlii
295 1754 481 1793 coram
508 1740 640 1806 Deo,
677 1742 882 1798 similes
910 1753 1040 1798 sunt
1093 1746 1344 1814 precibus
1396 1759 1612 1816 patrum
1640 1765 1768 1804 suo-

170 1845 332 1898 rum;
379 1832 556 1902 iisque
606 1835 970 1890 mediantibus
1020 1836 1359 1894 liaareditatis
1401 1839 1523 1907 jure
1575 1856 1769 1898 conse-

171 1935 422 1992 quuntur
473 1933 731 1992 paternas
783 1927 1033 1983 virtutes.
1081 1929 1149 1984 Et
1183 1945 1315 1986 sane
1371 1947 1565 2002 pret-es
1597 1933 1766 1990 Jacob

172 2012 392 2068 similes
414 2025 576 2068 erant
613 2015 868 2084 precibus
897 2028 1108 2086 patrum
1141 2034 1364 2074 suorum
1395 2023 1446 2074 in
1471 2023 1724 2078 onmibus
1754 2044 1766 2079 :

174 2105 412 2175 ideoque
464 2107 866 2164 descenderunt
924 2126 1087 2180 super
1117 2111 1267 2166 illum
1305 2128 1498 2170 oumes
1547 2114 1770 2170 benedi-

173 2197 392 2251 ctiones
420 2207 636 2268 patrum
670 2215 921 2265 suorum,
972 2201 1281 2271 meruitque
1312 2202 1575 2257 visionem
1613 2203 1772 2260 scala:

173 2289 505 2360 spiritualis,
570 2293 993 2349 ascendentibus
1047 2303 1104 2347 et
1163 2296 1622 2352 descendentibus
1671 2312 1770 2366 per

175 2379 325 2434 illam
354 2380 584 2450 angelis.
621 2383 928 2454 Antequam
954 2399 1084 2439 vero
1117 2387 1449 2456 suscepisset
1483 2397 1768 2455 parentum

175 2486 407 2527 suorum
467 2474 937 2541 benedictionem,
1004 2493 1104 2534 nec
1155 2494 1322 2532 unum
1387 2481 1606 2550 quidem
1638 2481 1773 2535 vidit

176 2563 435 2629 angelum
461 2575 484 2617 ξ
521 2575 576 2618 at
633 2580 754 2620 cum
814 2566 1254 2623 benedictionem
1289 2579 1508 2640 patrum
1545 2587 1768 2626 suorum

184 2665 335 2710 esset
368 2670 719 2722 consecutus,
755 2661 974 2730 angelos
1031 2663 1188 2726 vidit,
1261 2675 1315 2716 et
1345 2665 1661 2720 benedictus
1689 2676 1774 2720 est

184 2745 408 2800 abillis.
438 2746 565 2802 Pari
593 2749 810 2817 quidem
845 2751 1060 2807 ratione
1095 2754 1204 2808 veri
1239 2753 1335 2808 ﬁlii
1371 2766 1770 2826 cognoverunt,

178 2845 240 2886 se
270 2831 480 2886 nullam
511 2834 766 2890 virtutem
806 2835 993 2893 videre
1024 2853 1206 2907 posse,
1237 2839 1342 2894 nisi
1376 2842 1616 2896 assecuti
1653 2841 1772 2896 fue-

179 2923 292 2978 rint
323 2925 757 2982 benedictionem
787 2941 1074 2998 parentum
1125 2947 1371 2988 suorum.
1427 2933 1606 3000 Quare
1641 2935 1774 2991 obe-

181 3016 448 3072 dientiam
471 3020 790 3088 parentibus
836 3033 1093 3092 praestare
1123 3026 1302 3080 conati
1339 3035 1490 3090 sunt,
1524 3042 1617 3082 eos
1648 3042 1774 3098 sup-

181 3107 453 3178 plicantes
479 3117 538 3162 ut
587 3110 658 3165 ab
689 3111 795 3167 illis
849 3113 1324 3178 benedicerentur,
1355 3127 1412 3170 ut
1442 3133 1629 3171 eormn
1664 3134 1773 3173 me-

183 3197 464 3255 diantibus
489 3199 962 3259 benedictionibus
1020 3209 1202 3262 videre
1233 3221 1574 3263 mererentur
1611 3226 1771 3266 exer-

183 3290 326 3348 citus
353 3291 694 3364 angelorum,
726 3297 922 3364 quibus
949 3296 1074 3351 visis
1105 3297 1244 3352 lirmi
1278 3298 1618 3356 edicerentur
1653 3302 1772 3356 sine

182 3383 603 3451 perturbatione
633 3387 886 3442 omnibus
919 3389 969 3442 in
997 3389 1236 3445 saeculis.
1288 3391 1557 3446 Similiter
1577 3392 1778 3448 Paulus

182 3472 489 3542 apostolus,
525 3489 646 3529 cum
681 3475 780 3531 bos
819 3476 1063 3543 vidisset,
1112 3477 1468 3536 continuatus
1500 3493 1556 3536 et
1583 3498 1772 3536 corro-

183 3565 410 3621 boratus
441 3576 548 3633 est,
577 3575 630 3623 et
671 3568 1001 3624 exclamavit
1044 3571 1270 3626 dicens:
1301 3571 1426 3626 Non
1450 3584 1658 3642 separat
1695 3591 1777 3629 me

181 3676 214 3713 a
241 3661 508 3714 charitate
533 3659 728 3715 Christi
749 3671 1140 3727 nocumentam,
1172 3673 1262 3717 aut
1283 3681 1484 3729 carcer,
1533 3675 1623 3718 aut
1654 3683 1778 3735 per-

183 3753 412 3817 sautio,
437 3764 529 3806 aut
554 3753 743 3820 fames,
785 3766 874 3807 aut
918 3754 1154 3819 auditas,
1180 3766 1270 3808 aut
1317 3756 1641 3822 adversatio,
1686 3766 1777 3810 aut

185 3847 400 3916 gladius
423 3845 492 3902 ".
536 3846 630 3900 Ait
684 3863 946 3917 quoque:
985 3845 1168 3916 Neque
1213 3863 1376 3912 mors,
1435 3864 1599 3918 neque
1647 3849 1779 3915 vita,

187 3955 358 4009 neque
378 3939 575 4008 angeli,
605 3955 766 4008 neque
806 3942 1064 4010 principes
1097 3981 1111 4007 ,
1160 3957 1322 4011 neque
1350 3952 1658 4011 potestates,
1695 3958 1783 3996 ne-

185 4046 286 4100 que
317 4031 435 4084 ham
461 4031 920 4101 instantia,neqae
945 4031 1152 4100 futura,
1193 4049 1357 4101 neque
1403 4037 1644 4100 uirtutes,
1685 4049 1780 4087 ne-

187 4138 290 4191 que
309 4121 564 4186 altitudo,
591 4138 754 4192 neque
795 4123 1156 4191 profunditas,
1179 4140 1343 4194 neque
1383 4141 1443 4179 ea
1494 4125 1603 4179 alia
1635 4143 1784 4179 crea-

188 4225 314 4268 tura
346 4213 573 4285 inferior
613 4223 779 4283 potest
825 4231 906 4268 me
947 4215 1185 4270 decidere
1235 4233 1267 4268 a
1304 4217 1562 4270 charitate
1591 4216 1685 4271 Dei
1726 4218 1782 4272 in

189 4307 426 4363 Domino
465 4318 643 4361 nostra
690 4307 820 4362 Jesu
855 4307 1066 4362 Christo
1113 4309 1180 4364 ⁷⁸.
1215 4309 1411 4364 Videte
1466 4311 1670 4380 itaque,
1704 4312 1786 4365 di-

190 4399 479 4456 lectiSsimi
507 4400 634 4466 mei,
666 4400 939 4470 quomodo
970 4417 1159 4456 omnes
1182 4402 1273 4471 qui
1305 4401 1662 4457 decertarunt
1689 4402 1786 4456 do-

1160 338 1218 396 S.
1261 339 1543 398 ANTONII
1582 344 1651 398 M.
1692 345 1988 403 ABBATIS
2029 348 2411 408 EPISTOLE.

1802 3158 1850 3220 C

3315 363 3338 416 1
3349 363 3458 452 050⁸

1796 469 1837 524 Α
1869 476 1974 522 tem
2006 470 2182 534 vobis,
2211 473 2354 542 quod
2408 486 2680 543 nunquam
2709 489 2868 530 cesso
2899 477 3179 546 deprecari
3223 493 3321 548 pro
3351 494 3467 541 vo-i

1869 559 1975 623 bis,
2010 571 2071 615 ut
2095 562 2216 616 sitis
2265 578 2477 618 mecum
2527 566 2616 620 ubi
2652 565 2836 632 fulcro;
2876 569 2999 622 facti
3045 586 3277 639 namque
3321 567 3471 658 mihi;

1867 649 2000 704 estis
2031 649 2150 718 ﬁlii,
2182 661 2235 707 et
2261 653 2628 709 obedientiam
2661 657 2790 710 mihi
2850 657 2904 710 in
2958 661 3210 715 omnibus
3235 649 3477 732 praestk',

1871 739 2030 795 tistis.
2058 740 2190 795 Nam
2223 757 2344 797 cum
2375 745 2603 800 vidisset
2633 745 2892 803 Dominus
2912 759 3099 805 noster
3117 730 3277 806 Jesus
3291 754 3451 808 Cltri-
3473 730 3486 806 ί

1868 842 1985 885 stus
2021 834 2316 902 discipulos
2341 852 2468 892 suos
2501 838 2602 892 sibi
2635 839 2972 902 obedientcs,
3003 846 3212 915 rogavit
3236 845 3452 900 Patrem

1868 937 2024 976 suum
2067 925 2289 980 dicens:
2327 925 2509 996 Pater,
2534 929 2587 982 in
2613 931 2726 984 loco
2750 933 2805 985 in
2833 950 2933 1001 quo
2955 951 3064 1000 ero,
3105 936 3220 990 vola
3256 946 3314 990 ut
3349 939 3455 992 sint

1868 1011 1923 1064 hi
1954 1029 2150 1068 mecum
2177 1033 2195 1079 ;
2221 1021 2468 1086 quoniam
2531 1022 2814 1075 audierunt
2870 1024 3026 1078 verba
3071 1042 3206 1091 mea,
3251 1036 3301 1080 et
3361 1044 3455 1097 ego

1869 1105 2023 1157 trado
2065 1119 2247 1161 memet
2281 1109 2450 1178 ipsum
2492 1127 2586 1179 pro
2610 1111 2739 1169 illis.
2768 1113 2951 1181 Pater,
3004 1133 3056 1169 es
3083 1118 3137 1170 in
3158 1134 3260 1180 me,
3287 1130 3333 1172 et
3361 1135 3455 1188 ego

1867 1193 1923 1246 in
1983 1205 2068 1252 te:
2098 1205 2146 1248 et
2181 1197 2235 1249 hi
2284 1199 2337 1251 in
2405 1201 2549 1253 nobis
2611 1204 2715 1256 sint
2777 1203 2946 1272 igitur
2987 1206 3041 1260 in
3093 1206 3294 1260 unitate
3319 1211 3456 1262 sicut

1868 1303 1964 1340 nos
1992 1288 2057 1342 ⁷⁸.
2085 1287 2410 1344 lutueamini
2438 1292 2640 1362 itaque,
2684 1293 2830 1348 ﬁlioli
2863 1298 2990 1360 mei,
3017 1299 3453 1368 deprecationem

1870 1376 2083 1432 Domini
2114 1381 2284 1434 nostri
2330 1396 2426 1450 pro
2465 1383 2746 1453 discipulis
2775 1385 2912 1448 suis,
2965 1396 3024 1440 ut
3051 1389 3158 1443 sint
3192 1389 3280 1443 ubi
3313 1391 3452 1455 erit;

1873 1482 1975 1521 nec
2019 1484 2126 1523 non
2160 1471 2596 1539 deprecationem
2644 1474 2761 1542 ejus
2792 1477 2857 1529 ad
2902 1476 3151 1542 Patrem,
3189 1489 3246 1533 ut
3276 1489 3458 1534 custo-

1869 1556 1981 1610 diat
2007 1572 2102 1614 eos
2134 1575 2163 1614 a
2194 1562 2354 1628 malo,
2389 1562 2564 1619 donec
2602 1567 2920 1634 perveniant
2961 1570 3027 1621 ad
3068 1570 3184 1624 loca
3224 1572 3454 1641 requiei,

1869 1663 1934 1702 eo
1962 1649 2102 1718 quod
2139 1651 2262 1706 facti
2329 1662 2453 1708 sunt
2481 1655 2554 1710 illi
2604 1657 2786 1711 amici.
2843 1657 3051 1715 Scitote
3097 1673 3273 1717 autem
3313 1664 3458 1732 ejus-

1871 1741 2014 1794 modi
2047 1757 2219 1796 meam
2245 1759 2368 1799 esse
2398 1761 2496 1814 pro
2537 1748 2688 1802 vobis
2705 1750 3145 1819 deprecationem
3171 1757 3237 1807 ad
3265 1753 3456 1818 Deum,

1874 1843 1932 1886 ut
1968 1845 2150 1890 servet
2177 1851 2330 1891 vosa
2393 1839 2559 1905 malo,
2617 1841 2786 1896 donec
2833 1845 3160 1911 perveniatis
3215 1848 3282 1900 ad
3339 1846 3458 1901 loca

1874 1927 2109 1997 requiei,
2139 1938 2194 1982 et
2250 1939 2310 1982 ttt
2374 1931 2528 1985 vobis
2584 1931 2848 2002 largiatur
2888 1936 3320 1992 benedictionem
3362 1953 3459 2007 pa-

1875 2025 2014 2068 trum
2047 2026 2379 2071 nostrorum.
2431 2019 2640 2074 Etenim
2701 2021 3108 2079 benedictiones
3169 2025 3286 2080 ista:
3319 2028 3365 2080 si
3400 2029 3456 2080 in

1872 2105 2026 2158 vobis
2054 2106 2496 2171 iultabitaverint,
2523 2113 2755 2165 maxima
2809 2112 2961 2168 vobis
3011 2115 3200 2183 gratia:
3245 2115 3337 2169 lict
3368 2131 3462 2171 ac—

1873 2197 2068 2251 cessio.
2095 2196 2542 2268 Quandoquidem
2574 2199 2744 2256 Jacob
2772 2202 3215 2272 Mesopotamiam
3247 2214 3458 2275 petens,

1875 2295 1993 2356 post
2025 2297 2304 2355 acceptam
2346 2290 2804 2358 benedictionem,
2845 2295 2982 2350 vidit
3014 2298 3258 2366 angelos,
3292 2297 3459 2352 bene-

1875 2379 2120 2448 dixitque
2157 2395 2281 2434 eum
2339 2381 2482 2436 Deus
2520 2385 2590 2438 ob
2641 2387 2938 2454 praestitam
2988 2387 3305 2455 parentibus
3329 2390 3462 2442 obe-

1875 2467 2156 2532 dientiam,
2190 2483 2492 2539 eorumque
2519 2470 2945 2529 benedictiones.
2974 2473 3110 2528 Cum
3163 2485 3348 2530 autem
3378 2475 3462 2529 vi-

1874 2555 2049 2611 disset
2081 2559 2304 2628 angelos
2334 2561 2475 2616 facie
2512 2564 2581 2616 ad
2625 2561 2822 2618 faciem
2875 2564 2976 2619 sibi
3010 2573 3356 2635 apparentes,
3385 2573 3466 2621 te-

1876 2651 1992 2704 nuit
2025 2667 2189 2705 unum
2226 2667 2442 2717 eormn,
2507 2655 2681 2710 donec
2759 2655 3113 2724 multiplicem
3162 2659 3468 2728 accepisset

1878 2731 1945 2796 ab
1982 2741 2072 2796 illo
2100 2743 2559 2812 benedictionem,
2603 2762 2709 2817 qua
2759 2747 3044 2802 benedixit
3078 2749 3222 2804 ﬁlios
3249 2762 3468 2819 quoqse

1877 2849 2029 2888 suos.
2063 2834 2330 2892 Similiter
2357 2838 2521 2892 etiam
2551 2837 2740 2892 infelix
2786 2853 2887 2910 ego
2936 2839 3105 2895 Deum
3158 2855 3336 2897 meum
3370 2840 3468 2896 de-

1877 2941 2090 2998 precor,
2121 2929 2206 2982 cui
2244 2945 2272 2982 a
2303 2929 2538 2998 pueritia
2577 2944 2695 2983 mea
2721 2945 2896 3000 usque
2941 2945 3084 2985 nunc
3120 2931 3380 2998 inservio,
3415 2942 3470 2987 .ιι

1879 3035 1973 3076 vos
1997 3021 2302 3084 benedicat,
2357 3032 2660 3092 augeatque
2695 3022 3201 3096 benedictionibus,
3237 3032 3296 3077 ut
3324 3025 3469 3080 ﬁalis

1881 3111 2021 3179 patri
2056 3120 2243 3165 nostro
2279 3109 2451 3166 Jacob
2488 3111 2958 3166 benedictionibus
3002 3112 3200 3166 referto
3231 3151 3246 3175 ,
3281 3112 3334 3166 in
3362 3115 3470 3183 spi-

1882 3202 2075 3256 ritibus
2096 3212 2151 3256 et
2177 3203 2498 3272 corporibus
2543 3203 2744 3257 vestris
2775 3203 3004 3258 similes.
3051 3202 3260 3258 Scitote
3286 3203 3471 3273 itaque

1881 3294 2021 3363 quod
2052 3306 2209 3364 pater
2237 3301 2423 3350 noster
2442 3292 2611 3348 Jacob
2639 3294 2766 3346 dum
2811 3301 2959 3348 esset
2981 3293 3032 3347 in
3051 3353 3058 3360 _
3076 3294 3470 3363 MesOpotamia

1883 3387 2198 3441 recordatus
2226 3397 2314 3440 est
2340 3394 2624 3454 parentum
2653 3401 2900 3452 suorum,
2926 3395 2980 3440 et
3017 3399 3266 3440 reversus
3294 3396 3379 3440 est
3415 3385 3470 3438 in

1883 3485 2082 3531 terram
2118 3492 2315 3549 suam;
2352 3486 2408 3532 et
2431 3477 2627 3531 timens
2670 3477 2900 3531 fratrem
2941 3492 3120 3542 suum,
3174 3475 3369 3530 obtulit
3412 3475 3462 3530 ei

1883 3578 2176 3638 antequam
2200 3568 2392 3624 obvius
2423 3568 2499 3623 illi
2527 3579 2696 3634 esset,
2723 3578 2958 3638 quatuor
2992 3584 3216 3622 munera
3239 3585 3252 3632 ;
3280 3579 3335 3624 et
3359 3569 3474 3639 qui-

1883 3662 2004 3716 dem
2039 3661 2124 3716 bis
2175 3661 2398 3716 minime
2440 3661 2719 3731 indigebat
2770 3660 2890 3729 ejus
2936 3661 3124 3725 frater,
3161 3676 3284 3716 cum
3326 3671 3472 3716 esset

1883 3752 2042 3806 valde
2071 3753 2262 3818 dives;
2292 3766 2479 3806 verum
2509 3751 2613 3806 hoc
2648 3743 2780 3807 fecit
2831 3756 2900 3806 ad
2947 3752 3348 3807 dissolvendam
3372 3753 3477 3808 ini-

1887 3845 2151 3899 micitiam
2181 3859 2303 3914 quae
2332 3846 2476 3899 inter
2521 3852 2817 3916 utrumque
2854 3845 3269 3912 intercedebat,
3319 3855 3374 3901 et
3407 3847 3475 3902 ad

1887 3937 2334 4006 consequendam
2397 3946 2686 4006 parentum
2735 3951 2957 3991 suorum
3002 3937 3476 4006 benedictionem;

1887 4032 2095 4087 sciebat
2121 4032 2267 4084 enim
2297 4030 2556 4085 virtutem
2591 4029 2988 4086 benedictionis
3028 4040 3313 4101 parentum
3345 4047 3472 4088 su-o-

1891 4141 2006 4180 rum
2040 4125 2334 4178 maximam
2368 4139 2512 4180 esse.
2565 4121 2839 4191 Scriptum
2893 4138 3128 4192 namque
3151 4134 3234 4179 est
3262 4143 3276 4180 :
3305 4123 3479 4179 Bene-

1887 4217 2048 4270 dictio
2071 4228 2280 4286 patrnm
2317 4215 2591 4268 descendet
2627 4214 2683 4267 in
2709 4215 2851 4282 ﬁlios
2877 4215 2945 4267 ⁸ο.
2974 4215 3051 4268 Es
3097 4231 3242 4270 nunc
3273 4216 3479 4284 itaque,

1889 4308 2234 4362 dilectissimi
2260 4308 2386 4372 mei,
2427 4307 2479 4360 in
2514 4305 2770 4375 gaudium
2800 4307 2933 4360 mibi
2992 4307 3120 4372 crit,
3155 4315 3214 4360 ut
3243 4322 3374 4361 mea:
3400 4308 3482 4360 in-

1891 4399 2165 4455 felicitatis
2205 4415 2475 4454 metueres
2507 4398 2663 4464 sitis;
2694 4413 2795 4452 nec
2819 4412 2925 4452 non
2959 4405 3248 4468 parentum
3273 4412 3481 4453 vestro-

188 4509 294 4550 nec
327 4494 811 4562 imperturbabiles
844 4504 973 4549 sunt
1001 4493 1210 4560 eﬂecli,
1258 4495 1326 4551 de
1387 4494 1531 4551 nullo
1563 4495 1784 4564 penitus
1818 4499 1861 4554 Ι)
1892 4509 2007 4546 rum
2028 4491 2326 4546 carnaliqu
2354 4491 2736 4554 recordemini,
2762 4499 2822 4545 ut
2849 4491 3185 4546 descendant
3206 4507 3368 4560 super
3385 4508 3482 4546 vos

190 4586 412 4643 solliciti
443 4596 590 4641 sunt.
629 4587 723 4643 Sic
756 4602 848 4642 vos
874 4602 994 4643 esse
1038 4587 1217 4658 cupio,
1266 4603 1331 4644 ac
1360 4603 1456 4643 vos
1481 4588 1666 4644 videre
1690 4590 1787 4644 de-

191 4682 380 4736 sidero
411 4679 482 4734 ob
508 4681 730 4734 nimiam
763 4681 928 4736 vestri
957 4681 1010 4735 in
1047 4680 1158 4737 Deo
1214 4681 1538 4737 charitatem
1560 4721 1576 4746 ,
1620 4681 1785 4752 quem

191 4790 326 4846 rogo
349 4782 513 4829 noctu
565 4773 768 4845 diuque
793 4814 810 4840 ,
839 4783 900 4828 ut
951 4774 1256 4830 inltabitent
1295 4775 1347 4829 in
1381 4776 1532 4830 vobis
1564 4775 1789 4829 benedi-

188 4867 409 4922 ctiones
441 4874 654 4936 patrum
711 4876 1052 4931 nosuorum,
1110 4875 1165 4920 et
1225 4867 1532 4922 benedictio
1566 4880 1785 4938 quoque

191 4959 698 5033 mei_inl'elicis,;ut
747 4960 1024 5015 resideaut
1083 4959 1136 5013 in
1172 4960 1325 5015 vobis
1381 4957 1781 5014 intellectuales

189 5058 453 5120 virtutes,
479 5063 534 5108 et
582 5053 896 5123 transigatis
933 5053 1200 5122 reliquum
1252 5053 1374 5105 vitae
1406 5061 1604 5106 vestrae
1637 5051 1785 5106 omni

188 5149 418 5221 gaudio.
489 5145 701 5199 Etenim
752 5144 1065 5214 quicunque
1122 5145 1262 5199 banc
1315 5160 1625 5198 mensuram
1680 5160 1787 5199 nou

187 5239 470 5312 attigerit,
496 5237 917 5306 haudquaquam
941 5236 1245 5292 cwlesuum
1281 5235 1476 5306 gaudia
1510 5237 1791 5292 nancisci-

190 5348 306 5394 tur.

264 5427 487 5483 Scitote
516 5424 669 5490 item,
711 5421 859 5478 ﬁlioli
893 5421 1020 5482 mei,
1068 5431 1337 5494 nrazccpta
1397 5436 1574 5490 neque
1606 5422 1793 5491 gravia

187 5535 324 5579 esse
348 5531 530 5586 neque
559 5515 853 5580 laboriosa,
883 5515 976 5570 sed
1022 5515 1201 5568 lumen
1233 5528 1422 5567 verum
1447 5522 1502 5568 et
1535 5513 1792 5583 gaudium

124 5619 146 5647 δ
189 5611 599 5675 sempiternum
628 5608 1054 5680 adimpleutibus
1107 5607 1497 5663 obedientiam.
1533 5607 1663 5662 Dico
1690 5621 1793 5660 au-

265 5797 319 5832 "
363 5793 521 5851 Rom.
549 5810 670 5865 vui,
705 5792 794 5849 55.
872 5793 917 5826 ⁷⁸
953 5791 1086 5848 ibid.
1113 5790 1203 5847 38.
1227 5790 1413 5890 ’ἄξιε

1393 5791 1458 5847 ..τ’
1497 5790 1654 5848 Joan.
1695 5807 1829 5859 xvu,
1861 5787 2137 5858 8,19,95,
2175 5786 2264 5842 9.4.

1891 4600 2078 4640 eorum
2106 4583 2518 4639 benedictiones
2572 4583 2720 4636 omni
2763 4593 3028 4652 tempore.
3059 4583 3170 4638 lloc
3203 4583 3355 4638 vobis
3380 4600 3478 4636 no-

1895 4687 2005 4731 tum
2045 4677 2137 4731 sit.
2167 4677 2231 4730 Et
2275 4691 2378 4745 pax
2411 4675 2623 4732 Domini
2645 4687 2826 4732 servet
2861 4676 3024 4731 corda
3053 4685 3258 4739 vestra,
3284 4686 3338 4730 et
3359 4691 3485 4745 gra-
3558 4715 3568 4723 .

1895 4772 1967 4825 tia
1995 4769 2112 4840 ejus
2145 4771 2296 4825 vobis
2329 4769 2647 4839 opituletur.
2675 4769 2774 4825 Cui
2801 4769 2922 4824 laus
2957 4769 3025 4824 ab
3048 4767 3299 4824 onmibus
3326 4768 3486 4821 ratio-

1897 4864 2167 4920 nabilibus
2199 4865 2251 4918 in
2276 4876 2568 4920 mternum.
2592 4865 2794 4919 Amen.

2444 4956 2779 5014 EPISTOLA
2823 4956 2940 5012 XV.

2605 5050 2752 5104 Dixit
2788 5066 2805 5104 :

1969 5143 2109 5198 Ante
2135 5143 2341 5207 omnia,
2374 5142 2524 5197 ﬁlioli
2585 5144 2690 5198 mei
2753 5142 3048 5205 benedicti,
3081 5142 3251 5196 Deum
3289 5141 3484 5209 depre-

1899 5252 2012 5301 cor,
2045 5247 2103 5290 ut
2133 5236 2286 5290 vobis
2311 5235 2606 5304 elargiatur
2634 5235 2930 5291 invisibilia
2969 5255 2980 5290 :
3021 5233 3232 5289 Etenim
3257 5235 3485 5288 visibitia

1895 5329 2027 5392 ha'c,
2057 5327 2367 5396 temporalia
2393 5338 2514 5382 sunt
2566 5337 2613 5380 et
2648 5329 2882 5392 caduca;
2914 5328 3007 5380 illa
3030 5343 3149 5382 vero
3176 5326 3486 5392 inuisibilia,

1897 5428 2120 5481 (eterna,
2164 5419 2531 5488 permanentia
2553 5417 2622 5472 ⁸⁸.
2662 5418 2726 5472 Et
2757 5433 2875 5472 mea
2899 5419 3115 5487 quidem
3163 5418 3278 5474 lucc
3297 5419 3487 5484 depre-

1895 5508 2042 5563 catio
2066 5524 2164 5579 pro
2189 5510 2343 5564 vobis
2367 5521 2472 5576 est,
2503 5510 2649 5580 quod
2696 5509 2952 5564 vidissem
3015 5510 3226 5568 fructus
3276 5520 3488 5565 vestros

1894 5601 2049 5655 vivos
2081 5602 2454 5668 rationabiles,
2478 5612 2532 5658 et
2557 5603 2700 5674 quod
2753 5602 2878 5659 lacti
2925 5605 3122 5660 essetis
3157 5604 3265 5658 Deo
3311 5600 3488 5656 Verbo

2325 5856 2328 5858 γ
2377 5787 2424 5820 ⁸⁸
2466 5787 2629 5843 Eccli.
2673 5803 2756 5857 ιιι,
2786 5789 2869 5845 ll.
2972 5790 3014 5822 ⁸³
3059 5788 3102 5845 ιι
3144 5789 3270 5845 Cor.
3299 5802 3370 5853 tv,
3400 5786 3484 5840 l8.
