3860 6324
394 350 530 410 ωδε

1503 337 1781 397 PATRES
1818 335 2117 393 [EGYPTH
2159 333 2436 393 SECULI
2475 332 2563 392 IV.

3530 348 3552 402 l
3566 346 3687 403 03?

328 486 337 527 :
396 466 639 525 haeredes
672 476 835 534 atque
864 463 1178 533 participes.
1208 460 1575 524 Quamobrem
1623 460 1977 514 vehementer
2003 458 2053 517 Α
2081 454 2283 510 Christi
2314 438 2583 510 inhabitet
2620 456 2670 509 iu
2705 457 2958 511 omnibus
2984 458 3157 513 vobis.
3190 459 3290 514 Cui
3326 460 3443 516 laus
3468 479 3687 533 semper

326 569 339 577 ‘
393 574 492 615 cur
522 573 702 613 meum
730 557 974 611 laetatum
1003 564 1117 610 est:
1149 554 1262 607 scio
1294 552 1494 622 quippe
1517 551 1684 606 Deum
1725 552 1894 605 hctari
1931 551 1985 606 in

399 651 468 705 iis
501 664 731 719 quorum
769 647 981 701 fructus
1027 654 1154 699 sunt
1206 646 1276 699 ita
1309 645 1416 699 vivi
1452 644 1827 704 rationabiles,
1860 659 1986 697 eos-

394 756 501 811 que
525 741 631 795 sibi
662 739 909 794 heredes
959 754 1025 793 ac
1064 736 1358 807 participes
1407 734 1642 791 edicere.
1674 737 1746 789 At
1798 749 1990 789 omnes

392 847 627 902 quorum
685 831 898 886 fruetus
952 830 1155 884 mortui
1195 837 1343 892 sunt,
1400 829 1824 897 haudquaquam
1878 829 1989 882 Dvo

396 923 697 993 participes
723 930 1084 992 repetantur;
1138 934 1323 975 verum
1359 919 1478 990 ipse
1512 919 1693 987 magis
1748 918 1869 972 illos
1903 932 1988 973 re-

397 1016 724 1083 prehendet,
782 1015 924 1069 sicut
978 1014 1131 1068 dixit
1164 1013 1448 1080 propheta,
1473 1011 1523 1065 id
1556 1012 1663 1064 illis
1686 1021 1875 1065 notum
1906 1010 1987 1063 ῆιο

395 1107 791 1163 cieusdieeute
815 1106 865 1159 ei
922 1104 1034 1158 Deo
1082 1121 1095 1157 :
1135 1102 1321 1159 Clama
1350 1118 1468 1156 cum
1517 1102 1845 1171 fortitudine,
1899 1117 1990 1155 nec

393 1214 603 1267 parcas,
629 1207 679 1249 et
724 1196 904 1251 exalto
933 1210 1109 1249 vocem
1151 1205 1297 1248 tuam
1335 1196 1487 1265 quasi
1533 1196 1679 1254 tuba,
1738 1206 1785 1247 et
1814 1194 1989 1246 indica

396 1290 589 1359 populo
618 1306 731 1344 meo
774 1298 989 1358 peccata
1042 1304 1247 1350 eorum,
1297 1296 1346 1340 et
1390 1285 1572 1339 domui
1593 1282 1763 1338 Jacob
1789 1285 1990 1338 scelera

398 1396 622 1439 eorum:
658 1384 850 1451 quippe
882 1381 1034 1449 longe
1102 1396 1205 1433 non
1261 1388 1400 1441 sunt,
1452 1389 1499 1431 et
1550 1387 1782 1449 qumrent
1824 1393 1903 1430 me
1936 1378 1989 1431 in

399 1476 694 1529 novissimis
718 1465 925 1528 diebus.
985 1473 1101 1541 Ipsi
1155 1488 1275 1526 vero
1301 1488 1400 1525 sua
1454 1471 1711 1524 irascibili
1741 1473 1991 1537 concupi-

398 1567 599 1623 scentia
635 1567 883 1619 dixerunt
915 1578 933 1616 .'
968 1565 1149 1629 Quare
1165 1564 1549 1633 jejunavimus,
1580 1573 1628 1617 et
1660 1564 1873 1616 nescisti
1900 1578 1918 1624 ;
1941 1573 1988 1615 et

398 1658 799 1713 humiliaoimus
854 1660 1064 1712 animas
1119 1670 1346 1715 nostras.
1380 1668 1427 1710 et
1469 1671 1572 1710 non
1600 1655 1894 1725 aspexisti!
1926 1655 1989 1709 Et

404 1750 691 1818 respondit
737 1750 1089 1805 dicentibus:
1160 1748 1423 1814 Quoniam
1484 1748 1540 1801 in
1590 1747 1770 1800 diebus
1792 1746 1988 1815 jejunii

401 1840 560 1894 vestri
588 1841 900 1894 invenimini
930 1841 1180 1910 facientes
1216 1839 1533 1893 voluntatem
1563 1850 1851 1893 vestrorum
1880 1857 1991 1893 ma-

402 1931 536 1995 lunt,
574 1942 624 1987 et
660 1934 715 1987 in
749 1950 837 1987 eos
865 1935 957 2003 qui
1017 1935 1073 1987 in
1112 1941 1283 1987 vestra
1319 1941 1441 1986 sum
1478 1943 1733 1999 potestate
1755 1933 1992 1987 crudeles

399 2026 546 2091 suis,
580 2029 758 2093 capita
780 2043 960 2082 eorum
983 2031 1228 2082 radentes
1249 2044 1268 2082 :
1292 2041 1338 2083 et
1363 2029 1635 2098 jejunium
1668 2040 1893 2083 vestrum
1916 2041 1990 2082 est

402 2117 475 2171 ad
502 2116 762 2184 judicium
826 2130 874 2173 et
905 2120 1287 2176 contentiones.
1329 2120 1460 2173 Cum
1522 2130 1697 2173 autem
1746 2119 1994 2190 hujusce-

400 2208 544 2262 modi
563 2209 703 2274 sitis,
727 2208 995 2278 jejunium
1010 2219 1240 2264 vestrum
1266 2227 1369 2264 non
1400 2213 1716 2266 exaudiam:
1742 2213 1993 2280 quoniam

399 2296 499 2350 hoc
527 2312 632 2353 non
677 2307 754 2351 est
803 2296 1073 2367 jejunium
1120 2300 1261 2367 quod
1310 2299 1477 2370 elegi,
1524 2300 1657 2352 dixit
1717 2300 1992 2354 Dominus.

398 2384 669 2443 Pmterea
698 2388 776 2443 ait
823 2387 1103 2443 :Etiamsi
1129 2390 1346 2444 torseris
1396 2390 1587 2444 collum
1636 2399 1786 2444 tuum
1841 2390 1994 2462 quasi

399 2477 678 2544 circulum,
708 2490 761 2533 et
794 2497 948 2535 sacco
974 2482 1191 2535 indutus
1220 2482 1403 2551 fueris.
1456 2490 1507 2535 et
1553 2483 1780 2536 cinerem
1804 2494 1995 2538 strave-

400 2568 512 2635 ris;
535 2571 752 2624 minime
778 2571 876 2625 hoc
887 2571 1154 2642 jejunium
1177 2570 1496 2640 acceptabile
1523 2580 1601 2625 est
1619 2573 1690 2626 ⁸³.

477 2660 687 2718 Scitote
714 2663 916 2734 itaque,
964 2664 1117 2718 lilioli
1152 2664 1283 2731 mei,
1315 2665 1429 2719 haec
1454 2679 1576 2720 esse
1603 2664 1814 2719 fructus
1838 2681 1993 2725 mor-

401 2759 527 2807 tuos
552 2767 569 2806 :
611 2753 739 2808 hinc
760 2767 952 2808 omnes
974 2768 1039 2809 ea
1066 2764 1452 2825 perpetrantes
1476 2770 1583 2810 non
1608 2758 1830 2811 exaudit
1855 2757 1996 2814 Dens

398 2855 523 2898 cum
561 2843 932 2913 deprecantur
956 2844 1130 2909 illum,
1157 2847 1251 2900 sed
1285 2847 1459 2914 magis
1490 2861 1584 2902 eos
1611 2849 1991 2915 reprehendet.

405 2935 762 3005 Evangelium
799 2950 1015 3006 quoque
1054 2947 1305 2992 sanctum
1338 2939 1440 2993 hoc
1473 2939 1630 2994 nobis
1652 2942 1889 2995 ostendit
1916 2943 1996 2995 di-

405 3039 543 3081 cens
563 3043 577 3079 :
601 3025 660 3080 Si
684 3042 807 3096 ergo
846 3027 1023 3081 lumen
1045 3029 1188 3095 quod
1216 3030 1268 3082 in
1303 3031 1445 3084 vobis
1473 3040 1571 3094 est,
1598 3033 1821 3086 tenebrtc
1841 3050 1992 3101 sunt;

402 3116 771 3182 ipstctenebrte
814 3119 941 3188 quid
966 3129 1119 3173 erunt
1166 3119 1255 3175 ⁸³2
1283 3120 1554 3191 Propheta
1588 3123 1752 3178 etiam
1788 3125 1896 3179 alio
1935 3127 1987 3181 in
2017 3161 2061 3219 ο

401 3209 527 3266 loco
561 3212 725 3267 dicit:
765 3212 951 3268 Omnis
994 3216 1200 3284 quidem
1248 3215 1466 3285 justitia
1515 3228 1685 3272 vestra
1712 3237 1866 3288 penes
1910 3238 1991 3275 nte

400 3314 479 3359 est
518 3315 766 3375 tanquam
801 3317 1162 3361 assumentum
1193 3319 1535 3364 menstruam:
1551 3308 1618 3362 ⁸⁵.
1642 3310 1775 3366 Cum
1810 3312 1993 3382 itaque

400 3399 808 3469 coguoveritis,
850 3400 1004 3454 lilioli
1031 3400 1137 3455 mei
1186 3401 1574 3468 dilectissimi,
1640 3404 1736 3458 hos
1783 3404 1994 3463 fruetus

402 3500 680 3558 mortuos;
715 3494 781 3547 de
817 3506 1089 3562 quoquam
1117 3492 1331 3548 illorum
1369 3493 1586 3550 solliciti
1616 3510 1739 3550 esse
1779 3497 1990 3564 nolitis,

404 3595 473 3636 ne
528 3578 883 3652 corrumpant
930 3584 1140 3639 fructus
1188 3597 1401 3640 vestros
1442 3587 1594 3642 vivos
1621 3589 1990 3645 rationabiles.

402 3672 514 3744 Ego
539 3683 717 3729 autem
751 3674 977 3745 supplex
1025 3676 1194 3731 Deum
1248 3692 1347 3731 oro
1378 3692 1477 3746 pro
1510 3679 1663 3732 vobis
1687 3719 1703 3743 ,
1734 3688 1845 3733 uta
1871 3697 1994 3735 cor—

405 3767 655 3835 ruptione
677 3778 861 3822 servet
890 3766 1100 3824 fructus
1158 3779 1393 3838 vestros,
1434 3785 1637 3841 eosque
1662 3758 1993 3848 inultiplicet

402 3858 776 3928 adaugeatque
842 3858 897 3913 in
958 3858 1193 3928 gratiam
1234 3870 1473 3916 vestram
1525 3874 1580 3917 et
1608 3864 1863 3934 gaudium
1897 3882 1991 3921 ve-

406 3956 578 4002 strum
607 3956 663 4002 et
694 3949 1041 4005 dilectionem
1096 3950 1325 4005 fratrum
1368 3963 1421 4007 et
1454 3968 1749 4020 pauperum
1776 3971 1792 4020 ;
1821 3967 1993 4024 etnp.

405 4041 566 4096 timus
587 4050 798 4096 vestras
821 4044 1050 4097 virtutes
1086 4053 1413 4112 vestrosque
1447 4044 1654 4099 fructus
1679 4059 1835 4100 veros
1869 4063 1991 4116 per-

403 4129 574 4196 ﬁciat,
611 4132 790 4187 donec
816 4133 1172 4203 egrediamiui
1196 4134 1264 4188 ab
1293 4135 1394 4189 hoc
1420 4135 1693 4190 domicilio
1722 4148 1779 4192 et
1828 4139 1990 4193 simul

402 4224 742 4279 conveniatis
782 4225 833 4280 in
876 4227 1051 4281 locum
1080 4226 1253 4293 illum,
1292 4228 1345 4282 in
1382 4244 1488 4299 quo
1522 4244 1628 4284 non
1661 4240 1746 4285 est
1769 4234 1991 4287 morbus

406 4331 582 4386 neque
613 4318 866 4387 angustia
916 4333 1090 4389 neque
1136 4320 1357 4384 malum,
1394 4320 1486 4375 sed
1519 4323 1796 4392 gaudium,
1820 4334 1872 4378 et
1908 4325 1992 4378 la:-

404 4410 547 4476 titia,
576 4420 631 4464 et
668 4411 858 4480 gloria.
892 4421 947 4465 et
979 4426 1220 4476 coronte,
1255 4424 1308 4467 et
1336 4413 1666 4477 diademata,
1697 4421 1751 4467 et
1778 4413 1988 4468 fructus

2090 547 2146 601 in
2182 558 2471 602 internum.

2626 636 2964 695 EPISTOLA
3006 641 3146 697 XVI.

2805 733 2955 787 Dixit
2989 750 3008 788 :

2167 820 2501 878 lleeenseam
2558 823 2737 889 vobis,
2775 825 2921 880 ﬁlioli
2956 828 3061 881 mei
3094 827 3455 891 dilectissimi,
3489 845 3683 898 parum

2091 928 2157 967 ex
2201 914 2372 983 gestis
2404 924 2618 983 patrum
2645 927 2955 972 sanctorum
2981 933 3239 987 purorum
3264 959 3279 984 ,
3308 935 3443 987 quos
3468 920 3644 973 exaltu
3662 950 3680 959 ο

2092 1006 2168 1058 vit
2202 1006 2345 1059 Deus
2390 1018 2613 1076 propter
2665 1007 3132 1074 humiliatiouem,
3191 1018 3247 1062 et
3302 1010 3535 1076 pristina:
3561 1026 3685 1064 sm?

2095 1098 2433 1165 paupertatis
2458 1096 2642 1167 jngem
2674 1100 3105 1154 recordationem
3133 1116 3149 1165 ;
3185 1100 3443 1170 deditque
3473 1101 3685 1156 illishic

2094 1189 2323 1257 gloriam
2353 1200 2407 1246 et
2434 1191 2673 1255 divitias,
2701 1206 2767 1245 eu
2802 1193 2946 1260 quod
2985 1192 3254 1247 humiliati
3312 1206 3436 1247 sunt
3467 1208 3527 1248 ex
3560 1204 3685 1247 toto

2092 1282 2260 1335 corde
2295 1295 2415 1346 suo,
2434 1293 2726 1352 antequam
2768 1284 3141 1354 magnificaret
3170 1300 3265 1339 eos
3313 1286 3469 1339 Deus.
3501 1285 3684 1339 Euar-

2094 1387 2277 1427 remus
2303 1373 2486 1444 itaque
2512 1376 2668 1430 vobis
2720 1377 2953 1446 primum
2992 1378 3059 1431 tle
3089 1384 3241 1447 patre
3270 1388 3480 1448 patrum
3507 1379 3686 1430 Abra-

2095 1464 2238 1530 ham,
2274 1479 2434 1534 quem
2463 1466 2605 1521 Deus
2625 1467 2885 1521 cxaltavit
2920 1468 2986 1521 de
3018 1480 3335 1538 paupertate
3360 1471 3425 1522 ad
3440 1469 3680 1529 divitias.

2090 1568 2147 1612 et
2183 1559 2251 1614 de
2279 1570 2591 1630 contemptu
2629 1562 2693 1615 ad
2726 1562 2951 1633 gloriam
2984 1582 2996 1617 :
3032 1579 3192 1617 omne
3226 1575 3407 1618 autem
3440 1566 3686 1620 hoceor-

2093 1640 2371 1720 puraliter.
2410 1652 2517 1709 Nec
2540 1655 2659 1709 ideo
2692 1656 2929 1724 pristina:
2981 1671 3091 1710 sua:
3117 1659 3448 1726 paupertatis
3469 1659 3669 1713 oblitus

2094 1752 2177 1798 est
2206 1745 2496 1812 Abraham,
2529 1763 2716 1801 verum
2750 1749 3062 1802 umbracula
3120 1749 3391 1804 incolebat
3431 1770 3444 1804 :
3481 1752 3684 1806 simili~

2025 1817 2067 1871 Β
2100 1844 2287 1903 terque
2320 1835 2489 1900 Isaac,
2523 1848 2576 1890 et
2607 1836 2795 1892 .l‘acoh.

2172 1924 2389 1979 l’oterat
2421 1929 2619 1997 quippe
2646 1931 2915 1983 Abraham
2955 1931 3151 1997 ubique
3184 1933 3283 1985 sibi
3321 1934 3515 2000 palatia
3545 1936 3682 1987 auli-

2100 2015 2261 2070 licare
2288 2015 2357 2070 ob
2392 2018 2587 2071 multas
2616 2017 2852 2083 divitias,
2883 2036 3001 2089 qua:
3031 2022 3077 2073 ei
3118 2022 3273 2075 facta:
3307 2035 3430 2076 sunt
3459 2025 3510 2075 in
3543 2039 3684 2077 aruo

2097 2115 2152 2159 et
2207 2117 2433 2177 argento
2488 2116 2539 2162 et
2593 2108 2764 2168 servis
2813 2120 2867 2165 et
2920 2111 3132 2166 ancillis
3180 2123 3235 2167 et
3275 2114 3572 2183 jnmentis;
3620 2124 3681 2168 at

2098 2197 2279 2251 sciens
2340 2199 2483 2267 quod
2514 2199 2558 2251 si
2614 2200 2775 2253 corde
2840 2203 3171 2271 paupertatis
3218 2218 3431 2274 semper
3475 2219 3685 2258 memor

2102 2295 2272 2353 esset,
2308 2303 2593 2358 .nunquam
2629 2290 3043 2347 oblivisceretur
3088 2292 3447 2349 multitudinis
3501 2295 3682 2349 boun-

2095 2393 2215 2431 rum
2261 2394 2382 2448 quas
2418 2381 2491 2434 illi
2526 2380 2653 2437 fecit
2687 2383 2849 2448 Deus,
2886 2384 3089 2440 idcirco
3128 2386 3231 2440 hoc
3275 2386 3496 2442 minime
3540 2402 3679 2456 pne-

2098 2472 2259 2536 stitit,
2288 2473 2386 2528 sed
2416 2472 2728 2528 umbracula
2773 2475 3020 2530 incoluit.
3050 2476 3165 2543 Qua
3212 2478 3277 2531 de
3306 2493 3471 2532 causa
3506 2493 3679 2547 appa-

2098 2565 2207 2617 ruit
2247 2564 2295 2618 ei
2340 2564 2478 2620 Deus
2514 2567 2647 2621 duos
2696 2567 2902 2622 habens
2945 2580 3128 2623 set:qu
3172 2569 3422 2638 angelos,
3475 2569 3682 2623 sedenti

2092 2654 2249 2723 juxta
2282 2657 2534 2710 arborem
2564 2655 2827 2712 Mambre.
2855 2658 3099 2729 Cumque
3129 2659 3394 2715 sollicitus
3423 2672 3570 2714 esset
3611 2661 3681 2713 de

2098 2745 2328 2801 Domino
2360 2760 2546 2803 nostro
2581 2751 2900 2821 angelisque
2944 2752 3086 2822 ejus,
3142 2753 3342 2806 nemini
3397 2767 3685 2807 servorum

2097 2852 2319 2893 suorum
2352 2842 2608 2912 przecepit
2652 2853 2715 2898 ut
2755 2854 2940 2914 ageret
2972 2844 3023 2899 id
3063 2845 3206 2914 quod
3248 2855 3510 2913 prastare
3540 2862 3677 2901 con-

2096 2931 2382 2997 stituerat,
2430 2948 2498 2987 ne
2541 2933 2955 2990 oblivisceretur
2998 2937 3186 3006 gratia:
3229 2953 3388 3006 quam
3422 2935 3499 2991 illi
3541 2952 3682 2993 con-

2098 3032 2336 3077 cesserat
2365 3033 2488 3094 post
2526 3041 2676 3080 suam
2711 3016 3141 3083 humiliationem
3170 3039 3226 3083 et
3257 3038 3639 3100 paupertatem
3668 3050 3682 3084 :

2096 3129 2282 3170 verum
2315 3117 2543 3187 ipsemet
2576 3134 2672 3173 sua
2714 3121 3008 3176 venerabili
3041 3132 3345 3189 senectute,
3388 3138 3514 3193 qua:
3554 3138 3687 3179 ccu-

2095 3208 2347 3261 tesimum
2399 3208 2692 3265 excedebat
2747 3226 2982 3275 annum,
3032 3216 3099 3269 ad
3143 3230 3238 3269 sua
3291 3216 3535 3284 perrexit
3586 3232 3684 3273 ar-

2094 3307 2306 3364 menta,
2363 3300 2735 3371 optimumque
2782 3303 2962 3358 attulit
3003 3305 3263 3372 vitulum,
3312 3317 3365 3360 et
3420 3312 3685 3364 mactavit

2094 3389 2263 3445 illum.
2291 3390 2356 3445 Et
2390 3393 2605 3463 ipsimet
2639 3393 2786 3448 Sarte
2818 3397 2972 3451 uxori
3005 3412 3115 3451 suae
3142 3400 3398 3470 praecepit
3447 3411 3509 3454 ut
3542 3417 3689 3455 οοηι-

2094 3485 2350 3540 misceret
2383 3486 2485 3541 tria
2513 3497 2628 3541 sata
2661 3488 2875 3555 similte,
2905 3491 3383 3548 circumstantibus
3417 3495 3678 3549 omnibus

2092 3591 2280 3631 eorum
2313 3579 2488 3633 servis
2535 3580 2861 3649 cunctisque
2891 3582 3134 3638 ancillis:
3170 3585 3440 3640 Abraham
3471 3599 3686 3654 autem,

2093 3687 2216 3725 eum
2239 3673 2351 3728 illis
2395 3675 2461 3727 ad
2508 3676 2895 3729 comedendum
2940 3676 3246 3742 obtulisset,
3276 3681 3455 3734 stabat
3488 3698 3683 3739 coram

2092 3760 2177 3820 eis
2198 3776 2452 3836 tanquam
2486 3782 2689 3839 pauper
2721 3770 2812 3838 qui
2848 3769 3023 3824 nullos
3053 3771 3275 3827 haberet
3306 3787 3517 3830 servos.
3546 3771 3681 3827 Pro-

2093 3865 2215 3926 pter
2258 3873 2418 3926 quam
2448 3859 2664 3927 quidem
2701 3872 3075 3930 paupertatem
3106 3877 3265 3932 quam
3303 3874 3545 3933 apertam
3581 3864 3688 3919 ba-

2094 3950 2257 4004 bebat
2295 3964 2479 4005 coram
2518 3950 2766 4019 Domino,
2812 3970 2934 4010 sese.
2976 3956 3049 4009 illi
3084 3956 3319 4025 aperuit,
3353 3968 3408 4012 et
3440 3957 3687 4028 implevit

2092 4044 2140 4095 ei
2183 4056 2398 4097 omnem
2449 4059 2599 4098 suam
2654 4045 3021 4113 voluntatem,
3051 4049 3294 4118 dixitque
3341 4049 3417 4102 illi
3465 4050 3522 4105 in
3592 4053 3687 4108 die

2093 4131 2226 4187 illo:
2272 4131 2388 4187 Hoc
2433 4137 2613 4188 eodem
2664 4145 2892 4204 tempore
2932 4141 3171 4192 vertentis
3212 4141 3339 4193 anni
3380 4124 3478 4194 erit
3525 4139 3686 4196 Sara:

2090 4223 2234 4292 ﬁlius
2258 4224 2321 4281 “.
2358 4222 2417 4277 Et
2449 4224 2520 4278 ita
2559 4223 2679 4292 fuit,
2719 4227 3129 4299 habueruutque
3158 4227 3331 4285 Isaac.
3367 4228 3464 4285 Hic
3493 4242 3684 4289 autem

2092 4315 2243 4372 Isaac
2270 4328 2387 4373 erat
2412 4319 2561 4373 (lives
2592 4320 2764 4381 valde,
2793 4331 2849 4375 et
2875 4336 3077 4390 pauper
3108 4322 3282 4376 factus
3304 4333 3388 4378 est
3422 4324 3475 4378 iu
3498 4327 3678 4382 corde

2091 4423 2211 4471 suo,
2256 4409 2331 4462 ita
2368 4418 2425 4461 ιιι
2453 4407 2728 4464 Paltestiui
2779 4410 2927 4464 illum
2982 4422 3233 4481 tauquam
3266 4428 3554 4483 pauperem
3585 4433 3685 4486 np.

403 4502 550 4571 puri,
577 4511 633 4556 et
657 4502 896 4557 Ecclesia
942 4512 1277 4566 sanctorum,
1331 4514 1385 4558 ei,
1423 4505 1716 4559 mei-editas
1774 4519 1989 4574 parma-
2022 4505 2065 4560 υ
2095 4500 2387 4567 p‘ritnercut
2411 4542 2424 4564 ,
2476 4516 2573 4555 nec
2628 4512 2908 4571 propterea
2952 4518 3076 4557 cum
3113 4505 3217 4559 illis
3268 4506 3629 4561 contendebat
3664 4526 3680 4561 :

411 4610 567 4658 ueus,
593 4604 646 4648 et
681 4593 887 4664 reliqua
930 4595 1065 4648 bona
1105 4611 1224 4663 quc
1254 4596 1435 4650 oculus
1472 4611 1574 4650 non
1601 4595 1751 4659 vidit,
1779 4605 1824 4647 et
1845 4596 1991 4649 auris

404 4701 508 4739 non
538 4685 764 4751 audivit,
811 4703 904 4741 nec
951 4700 1197 4743 venerunt
1242 4690 1297 4741 in
1325 4704 1418 4741 cor
1449 4689 1676 4741 hominis
1701 4687 1767 4741 ".
1816 4685 1991 4754 Cupio

402 4788 627 4842 autem,
677 4779 828 4834 lilioli
885 4780 988 4834 mei
1039 4780 1335 4844 benedicti,
1397 4790 1456 4834 ttt
1499 4779 1833 4847 opitulemini
1866 4779 1990 4833 huic

404 4886 541 4926 ιιιυω
571 4873 821 4941 petitioni
848 4884 903 4926 et
942 4872 1302 4943 magnitudini
1348 4871 1657 4926 dilectionis
1698 4886 1831 4925 mea:
1862 4885 1985 4941 erga

397 4978 521 5030 sos,
547 4967 599 5018 in
628 4964 883 5034 operibus
904 4963 1115 5019 Domini
1140 4963 1314 5020 ﬁrmis
1334 4964 1587 5018 cordibus
1610 4964 1983 5033 persistentes.

405 5054 675 5121 Praeterea
708 5057 855 5111 illum
890 5071 1041 5127 rogo,
1074 5065 1132 5110 ut
1178 5070 1275 5110 vos
1323 5056 1427 5109 hoc
1463 5064 1702 5125 tempore
1727 5055 1867 5109 malo
1894 5070 1988 5109 eu-

404 5147 628 5213 stodiat,
668 5157 724 5202 et
752 5159 815 5201 ut
844 5148 1140 5202 incolumes
1176 5146 1295 5201 sitis
1343 5161 1573 5215 corpore
1623 5155 1679 5201 et
1713 5146 1893 5200 anima
1925 5162 1989 5201 ac

407 5237 626 5308 spiritu,
644 5249 699 5293 et
723 5238 1021 5309 elargiatur
1044 5237 1196 5292 vobis
1224 5237 1511 5293 scientiam
1542 5237 1595 5292 in
1623 5237 1895 5304 omnibus,
1933 5247 1992 5292 ut

405 5331 717 5398 eripiamiui
739 5346 771 5385 a
812 5330 1091 5383 fraudibus
1119 5330 1301 5385 saeculi
1331 5331 1489 5400 hujus
1507 5341 1565 5387 et
1592 5331 1665 5387 sit
1691 5332 1845 5387 vobis
1884 5346 1989 5401 pax

406 5430 464 5477 et
485 5422 737 5493 gaudium
769 5432 825 5477 et
853 5423 1083 5477 salvatio
1112 5424 1165 5477 iu
1200 5421 1432 5480 Domino
1462 5425 1530 5477 ab
1570 5423 1691 5480 istis
1726 5423 1990 5479 fructibus

410 5516 639 5571 mortuis
670 5516 849 5581 malis,
872 5531 1102 5586 quorum
1132 5516 1375 5570 omnium
1409 5517 1583 5579 radix,
1610 5516 1789 5571 inanis
1821 5515 1987 5585 gloria

406 5620 493 5666 est
523 5620 578 5665 et
616 5611 863 5681 corporis
913 5611 1090 5681 quies.
1130 5609 1194 5664 Et
1230 5625 1331 5680 pax
1390 5608 1601 5665 Domini
1647 5609 1818 5663 nostri
1857 5608 1985 5663 Jesu

482 5793 528 5833 "
549 5795 653 5851 lsa.
690 5811 844 5868 Lvnt,
880 5796 995 5854 1-3.
1067 5795 1114 5829 ³³
1154 5795 1345 5852 Matth.
1410 5813 1485 5863 vl,
1523 5797 1611 5851 2'5.

1689 5796 1735 5827 °'°
1775 5794 1873 5850 lsa.
1914 5809 2036 5850 LXIV
2086 5793 2137 5849 6.

2098 4591 2223 4643 hiut:
2259 4590 2762 4660 multiplicabuntur
2810 4592 2927 4662 ejus
2962 4594 3165 4648 divitia:
3213 4610 3322 4664 prae
3353 4595 3477 4649 illis.
3510 4596 3683 4651 Simi-

2094 4684 2217 4737 liter
2253 4693 2308 4738 et
2338 4681 2508 4738 Jacob
2545 4697 2667 4737 cum
2729 4668 3357 4754 tlecrevisset'prolicisci
3404 4688 3459 4741 in
3496 4685 3680 4742 Meso-

2091 4776 2383 4845 potamiam
2436 4786 2562 4830 ante
2607 4775 2812 4832 obitum
2860 4777 3008 4832 lsaac
3059 4779 3228 4850 patris
3278 4780 3389 4844 sui,
3436 4784 3681 4851 acceptis

2094 4872 2160 4923 ab
2191 4883 2258 4923 eo
2303 4868 2806 4936 benedictionibus,
2855 4869 3057 4925 dimisit
3091 4888 3119 4925 a
3167 4885 3227 4926 se
3274 4872 3678 4928 multitudinem

2094 4961 2307 5017 illarqu
2355 4962 2665 5016 divitiarum
2726 4963 3013 5019 ambulans
3059 4964 3112 5018 in
3161 4974 3497 5034 paupertate,
3542 4964 3680 5019 nihil

2088 5057 2291 5109 habens
2331 5062 2526 5121 praeter
2569 5068 2727 5108 suum
2779 5056 3029 5111 baculum
3062 5065 3119 5110 et
3168 5056 3422 5111 viaticum
3471 5058 3538 5111 ad
3576 5058 3678 5111 iter

2087 5146 2395 5214 subiciens;
2444 5146 2770 5204 recumbens
2823 5163 2971 5216 vero,
3011 5147 3176 5219 capiti
3214 5149 3444 5220 lapidem
3475 5166 3677 5221 suppo~

2097 5243 2281 5296 nebat.

2168 5334 2510 5404 Quapropter
2573 5334 2745 5402 magis
2796 5346 2959 5404 atque
3014 5333 3183 5403 magis
3239 5333 3443 5388 ditatus
3491 5343 3575 5388 est
3622 5334 3675 5388 in

2099 5425 2258 5480 domo
2291 5425 2542 5479 avunculi
2586 5426 2669 5481 sui
2704 5425 2909 5479 Labau.
2942 5423 3134 5479 Volens
3170 5433 3351 5477 autem
3384 5422 3582 5478 reverti
3624 5424 3674 5476 in

2099 5518 2316 5571 domum
2358 5519 2527 5589 patris
2578 5518 2684 5580 sui,
2735 5518 3069 5587 paupertatis
3118 5532 3222 5571 non
3259 5524 3341 5571 cst
3377 5514 3579 5570 oblitus
3609 5516 3674 5570 ob

2101 5610 2427 5681 multiplices
2456 5627 2577 5681 qua:
2606 5611 2762 5666 factae
2792 5622 2950 5665 erant
2978 5609 3028 5663 ci
3072 5608 3291 5664 divitias
3319 5630 3330 5665 :
3363 5607 3560 5678 quippe
3589 5610 3673 5679 qui

2216 5794 2263 5827 ⁸⁸
2290 5791 2307 5846 1
2334 5793 2456 5848 Cor.
2492 5809 2548 5853 tt.
2579 5793 2630 5846 9.
2693 5792 2739 5823 ⁸⁵
2772 5791 2905 5848 Cen.
2945 5805 3096 5857 svnt,
3132 5788 3215 5844 l0.
