3860 6316
196 263 343 326 1033

1207 263 1266 322 S.
1307 261 1590 320 ANTONII
1628 262 1698 318 Μ.
1743 260 2037 317 ABBATIS
2078 258 2458 317 EPISTOLAS.

3337 264 3478 320 ιοδι

195 376 508 454 paupertati
553 390 770 446 semper
809 373 908 432 fuit
957 375 1224 443 addictus,
1256 378 1500 448 quinimo
1532 394 1650 433 eam
1701 393 1796 434 co-
1821 390 1872 447 Α
1899 376 1969 432 ob
1999 376 2450 446 inultiplicitatem
2483 375 2810 432 mirabilium
2844 391 2964 448 quae
2992 391 3059 434 eo
3091 381 3433 448 perpetrabat
3459 399 3473 414 ο

194 489 314 530 nm
346 469 576 527 Domino
597 471 820 540 aperuit
865 469 1052 526 dicetis
1083 488 1096 525 :
1134 468 1371 527 Τωηείυὲ
1402 470 1690 526 Iordanem
1735 473 1789 526 in

194 565 386 620 baculo
413 580 548 629 meo,
573 571 624 618 et
656 579 795 617 nunc
829 562 1002 632 factus
1024 579 1139 618 sum
1171 563 1311 618 inter
1334 565 1466 618 duas
1497 575 1698 618 turmas
1722 563 1788 617 δ’.

190 657 442 728 Aspicite
485 671 704 726 quoque
754 656 937 724 illum,
979 657 1254 727 quomodo
1298 672 1402 712 non
1459 665 1545 712 est
1590 657 1791 725 oblitus

193 751 536 823 paupertatis
586 764 758 820 usque
803 751 871 805 ad
923 760 1134 820 tempus
1178 749 1262 805 sui
1308 751 1516 816 obitus;
1561 751 1654 821 qui
1707 749 1790 804 itt-

190 842 460 898 cumbens
501 855 664 912 super
697 840 871 896 baculi
917 841 1000 895 sui
1030 840 1379 896 extremitate
1419 839 1782 894 circumstan-

200 933 349 988 tibus
392 931 544 998 ﬁliis,
590 930 670 986 eis
723 930 1003 986 mandavit
1049 928 1239 984 dicens
1269 948 1283 984 :
1319 928 1495 984 Nolite
1541 929 1791 985 oblivisci

188 1023 436 1094 pristina
474 1020 830 1092 paupertatis,
869 1019 962 1074 ﬁlii
1011 1017 1138 1084 mei,
1179 1026 1398 1089 propter
1431 1020 1531 1072 has
1573 1017 1791 1072 divitias

188 1131 316 1187 qua
366 1114 523 1170 vobis
589 1113 742 1168 facta:
790 1123 936 1168 sunt.
998 1111 1126 1166 Erat
1175 1121 1354 1164 autem
1407 1109 1628 1164 baculus
1676 1109 1794 1177 ejus

186 1221 414 1278 semper
447 1206 596 1262 onmi
640 1215 882 1275 tempore
926 1204 978 1258 in
1030 1218 1191 1257 manu
1226 1202 1392 1268 illius,
1438 1217 1506 1257 ne
1545 1202 1794 1271 magniﬁ-

187 1308 421 1356 caretur
458 1313 556 1354 cor
603 1297 718 1366 ejus
773 1296 1120 1352 multitudine
1171 1310 1393 1350 suarum
1454 1294 1790 1361 divitiarum,

191 1391 322 1446 illas
355 1391 699 1460 aspiciendo;
735 1399 790 1446 et
828 1400 886 1444 ut
935 1389 1314 1444 recordaretur
1340 1403 1454 1443 suae
1493 1389 1791 1454 servitutis,

191 1498 365 1553 quam
394 1483 641 1538 exercuit
669 1482 724 1538 itt
765 1483 923 1538 domo
949 1482 1198 1538 avunculi
1226 1482 1308 1537 sui
1345 1481 1526 1536 Laban
1551 1500 1564 1544 ;
1597 1481 1794 1551 quippe

188 1576 251 1630 in
297 1591 462 1631 manu
492 1575 607 1648 ejus
645 1584 762 1630 erat
790 1575 915 1630 dum
960 1576 1219 1646 pascebat
1262 1589 1456 1645 greges
1500 1574 1667 1628 illius.
1708 1573 1794 1628 Si-

191 1669 410 1742 militer
456 1678 512 1722 et
547 1667 747 1737 Joseph
795 1683 917 1722 cum
957 1676 1206 1738 regnaret
1258 1682 1423 1738 super
1465 1665 1789 1739 Aigyptum,

1891 468 2061 534 altera
2105 478 2190 524 est
2235 470 2302 523 ad
2342 469 2574 538 propria:
2615 470 2952 540 paupertatis
3001 473 3358 535 memoriam.
3411 493 3478 530 ne

1892 559 2215 630 gloriaretur
2249 562 2302 616 iu
2341 562 2506 617 corde
2538 577 2658 626 suo,
2703 563 2798 620 sed
2848 563 3100 620 diceret:
3133 565 3259 622 llaec
3305 567 3479 623 virtus

1893 665 1998 705 non
2027 658 2110 706 est.
2145 667 2284 718 mea,
2316 653 2409 708 sed
2441 654 2674 709 Domini.

1964 741 2157 796 Fertur
2182 745 2346 798 etiam
2390 743 2616 800 Debora:
2641 759 2737 800 cor
2777 743 3074 802 exaltatum
3122 761 3225 802 nou
3275 745 3472 813 fuisse,

1893 849 2018 889 cum
2052 834 2382 894 obtinuisset
2411 852 2440 890 a
2476 835 2587 892 Deo
2614 853 2861 908 magnam
2896 838 3040 894 illam
3067 838 3478 903 exaltationem,

1893 927 2035 997 quod
2067 936 2152 983 est
2182 942 2372 998 regere
2399 928 2710 985 universum
2741 929 3030 1000 populum;
3057 944 3242 986 verum
3272 945 3480 985 memor

1895 1029 2014 1076 erat
2049 1019 2330 1078 muliebris
2371 1021 2599 1088 ordinis,
2633 1021 2920 1091 virumque
2953 1030 3114 1093 caput
3153 1037 3312 1077 suum
3357 1037 3480 1078 esse

1896 1113 2192 1170 fatebatur.
2229 1113 2408 1180 Quare
2447 1129 2571 1170 cum
2605 1115 2908 1170 decreverit
2961 1130 3084 1171 cum
3127 1115 3309 1170 Sisara
3355 1130 3480 1185 rege

1897 1207 2200 1272 decertare,
2233 1206 2405 1262 Barac
2441 1208 2753 1274 accersivit,
2788 1208 3043 1278 deditque
3073 1207 3122 1262 ei
3156 1215 3476 1278 potestatem

1897 1307 1954 1353 ut
1984 1299 2450 1368 proficisceretur,
2485 1307 2538 1353 et
2567 1300 2872 1355 decertaret
2916 1302 3177 1358 adversus
3209 1300 3476 1358 Sisaram.

1898 1390 2002 1447 Sed
2044 1406 2221 1461 neque
2261 1399 2512 1446 sanctum
2562 1392 2730 1448 Barac
2767 1393 2984 1448 seduxit
3019 1395 3192 1452 honor
3221 1395 3323 1452 iste
3362 1411 3482 1450 ma-

1899 1484 2100 1549 ximus,
2140 1500 2316 1553 neque
2360 1484 2452 1539 Dei
2499 1484 2962 1553 dispensationum
2993 1497 3080 1542 est
3111 1486 3342 1552 oblitus,
3385 1489 3481 1542 sed

1899 1573 2178 1644 respondit
2219 1575 2308 1629 ei:
2341 1572 2398 1628 Si
2446 1575 2616 1629 venies
2665 1591 2887 1641 mecum,
2935 1578 3120 1631 vadum
3142 1577 3209 1632 ⁹¹.
3261 1577 3482 1632 Sciebat

1897 1667 2042 1720 enim
2083 1665 2250 1720 Deum
2281 1683 2402 1721 cum
2435 1680 2496 1720 ea
2526 1681 2668 1732 esse,
2709 1675 2762 1722 et
2794 1667 3031 1736 regimen
3063 1669 3350 1725 tradidisse
3382 1671 3479 1733 illi,

195 1775 308 1814 non
351 1768 441 1816 est
471 1758 672 1815 oblitus
718 1759 799 1814 sui
833 1759 1021 1829 ipsius,
1059 1775 1157 1815 nec
1185 1773 1309 1814 eum
1345 1757 1536 1829 puduit
1571 1758 1621 1812 id
1668 1773 1790 1828 ape-
1825 1742 1867 1798 Β
1897 1759 1968 1812 ita
2020 1766 2078 1812 ut
2112 1773 2243 1814 sane
2287 1756 2499 1812 Debora
2550 1759 2623 1812 illi
2665 1758 2870 1814 diceret
2908 1779 2922 1816 :
2969 1759 3030 1815 Si
3077 1760 3284 1830 egressa
3332 1761 3482 1831 fuero

203 1851 316 1906 rire
365 1849 682 1917 Pharaoni,
737 1851 965 1906 dicendo
1015 1852 1277 1908 fratribus
1320 1869 1334 1907 :
1387 1849 1446 1906 Si
1494 1851 1790 1906 sciscitatus

193 1947 362 2013 fuerit
405 1961 491 2000 uos
529 1944 763 2009 Pharao,
792 1944 952 1999 dicite
979 1947 1069 1999 ei:
1096 1944 1247 2002 Servi
1277 1945 1376 2008 tui,
1409 1955 1644 2014 pastores
1670 1955 1789 1999 sunt

186 2033 558 2103 iumentorum
580 2035 646 2091 ⁸⁸.
679 2035 830 2102 Quod
869 2050 1000 2090 sane
1049 2034 1320 2105 praestitit,
1357 2049 1422 2088 ne
1465 2034 1794 2104 gloriaretur

189 2142 366 2199 penes
395 2127 760 2184 Pharaonem.
792 2127 1036 2198 Aspicite
1065 2127 1340 2196 quomodo
1375 2141 1597 2196 regnum
1631 2133 1794 2194 atque

195 2218 409 2275 divitia:
438 2233 562 2274 eum
591 2218 839 2273 oblivisci
873 2234 985 2273 suae
1018 2217 1339 2272 humilitatis
1369 2225 1424 2271 et
1457 2215 1792 2287 paupertatis

192 2311 618 2382 haudquaquam
651 2311 908 2366 inducere
953 2318 1262 2387 potuerunt.
1302 2308 1424 2364 Pari
1461 2323 1677 2379 quoque
1713 2323 1794 2362 ra-

191 2401 349 2456 tione
410 2398 624 2471 lloyses
677 2399 1064 2470 prophetarum
1138 2397 1406 2452 maximus
1460 2411 1580 2452 cum
1649 2394 1794 2449 ﬁlius

190 2492 376 2550 factus
408 2500 556 2549 esset
617 2490 742 2546 ﬁlia:
791 2489 1123 2556 Pharaonis,
1177 2498 1232 2544 et
1277 2487 1529 2544 omnibus
1571 2485 1792 2558 Egypti

190 2586 401 2656 potitus
433 2592 582 2640 esset
631 2584 935 2650 thesauris,
993 2582 1291 2638 recordans
1337 2590 1513 2636 tamen
1565 2578 1794 2634 fratrum

195 2693 427 2735 suorum
461 2685 870 2748 procreatarum
904 2691 968 2730 ex
1001 2675 1303 2741 Abraham,
1337 2689 1496 2744 quem
1525 2671 1790 2728 exaltavit

195 2772 345 2828 Deus
379 2771 449 2827 ob
490 2770 606 2840 ejus
653 2767 1083 2824 humiliationem
1130 2776 1186 2822 et
1225 2773 1631 2836 paupertatem,
1669 2764 1796 2820 vita)

198 2879 396 2919 eorum
439 2845 662 2932 operam
720 2859 964 2924 navavit,
1020 2859 1285 2914 recedens
1326 2859 1392 2913 ab
1437 2857 1696 2928 IEgypto,
1743 2865 1798 2911 et

193 2957 379 3014 factus
409 2965 494 3011 est
521 2956 727 3009 advena
766 2953 818 3007 in
861 2962 1006 3008 terra
1054 2950 1266 3006 Madian
1303 2949 1660 3020 quadraginta
1697 2963 1794 3002 au-

197 3050 318 3117 nis;
351 3058 580 3118 eratque
616 3047 770 3119 panis
803 3045 922 3116 ejus
956 3055 1010 3100 et
1047 3059 1189 3114 aqua
1217 3046 1334 3112 ejus
1362 3056 1524 3111 super
1569 3040 1799 3095 humero

196 3142 319 3213 ejus
361 3155 590 3213 pascens
633 3153 784 3196 oves.
835 3136 1033 3193 Videtis
1065 3145 1244 3191 autem
1301 3135 1442 3189 Deus
1491 3130 1796 3188 multitudi-

197 3252 327 3294 nem
360 3235 502 3291 illius
532 3232 945 3296 hutniliationis,
973 3230 1240 3285 allocutus
1268 3235 1358 3282 est
1405 3241 1529 3280 eum
1559 3225 1746 3279 dicens
1774 3240 1788 3277 :

196 3327 481 3384 Reuertere
515 3328 568 3382 in
600 3325 912 3396 1Egyptum,
957 3333 1005 3378 et
1038 3333 1149 3379 esto
1178 3323 1418 3393 princeps
1451 3334 1608 3387 super
1634 3333 1799 3387 popu-

194 3420 312 3477 lum
347 3419 441 3474 Dei
463 3422 532 3472 ε’.
575 3417 721 3473 Dixit
759 3417 974 3490 Moyses
1016 3415 1286 3472 Domino:
1326 3412 1457 3467 Vide
1499 3411 1593 3465 tibi
1631 3409 1797 3463 alium

195 3522 396 3583 prcter
429 3526 510 3564 me
547 3510 670 3564 huic
713 3511 787 3565 rei
822 3508 987 3579 magis
1027 3508 1273 3561 idoneum
1297 3543 1314 3572 ,
1356 3505 1544 3575 quippe
1580 3502 1799 3556 idoneus

196 3621 304 3660 non
331 3619 456 3660 sum
481 3603 551 3658 ὀ.
595 3601 664 3657 Et
709 3600 948 3656 irritavit
992 3598 1280 3654 Dominum
1325 3595 1495 3651 verbo
1546 3592 1802 3663 hujusce-

196 3695 368 3754 modi.
405 3694 563 3762 Quod
597 3694 825 3750 verbum
854 3691 1070 3762 quidem
1115 3689 1182 3744 ad
1206 3688 1287 3744 sui
1340 3688 1510 3758 ipsius
1553 3695 1799 3741 conteru-

195 3799 354 3860 ptum
393 3789 514 3852 fuit,
548 3785 773 3842 minime
801 3799 922 3840 sese
955 3782 1200 3838 exaltare
1226 3780 1436 3843 volens,
1470 3779 1695 3835 nimiam
1729 3776 1799 3833 ob

195 3880 282 3934 sui
320 3878 758 3934 bumiliatiouem
790 3891 916 3947 erga
967 3874 1058 3931 Dei
1109 3872 1493 3942 majestatem:
1526 3871 1618 3940 qui
1655 3869 1803 3925 dedit

199 3973 276 4030 illi
324 3974 543 4041 signum
576 3972 630 4028 in
669 3972 889 4043 prOprio
923 3969 1139 4036 baculo,
1174 3983 1242 4024 ne
1291 3967 1626 4038 paupertatis
1663 3966 1801 4021 obli-

198 4067 528 4134 visceretur,
573 4065 666 4120 sed
717 4064 920 4136 gratias
963 4071 1147 4133 ageret
1194 4059 1579 4116 beneﬁciorum
1630 4057 1800 4130 largi-

214 4159 355 4223 tori;
387 4143 445 4214 et
473 4157 730 4228 praecepit
769 4156 816 4211 ei
852 4165 911 4211 ut
949 4154 1143 4211 baculo
1173 4167 1334 4224 quem
1367 4167 1526 4206 manu
1562 4152 1797 4218 tenebat,

199 4251 362 4323 signa
382 4257 439 4305 et
461 4249 724 4304 mirabilia
747 4256 1105 4320 perpetraret.
1127 4246 1190 4301 Et
1211 4245 1390 4300 oumia
1414 4244 1631 4314 quidem
1650 4244 1800 4312 signa

199 4353 256 4404 et
304 4341 582 4396 mirabilia
634 4340 839 4395 ﬁebant
888 4341 942 4394 in
989 4338 1219 4394 Domino
1259 4336 1536 4391 mediante
1582 4335 1798 4398 baculo,

1895 1861 2088 1915 tecum,
2127 1859 2249 1904 tuus
2284 1866 2388 1904 non
2425 1851 2521 1904 erit
2557 1850 2759 1915 honor;
2797 1853 2886 1906 sed
2929 1852 3152 1917 dicetur,
3185 1855 3325 1922 quod
3371 1864 3483 1906 tra-

1893 1943 2038 1996 ditus
2069 1941 2136 1995 sit
2167 1944 2220 1995 in
2241 1959 2442 2005 manus
2487 1943 2723 1998 mulieris
2749 1944 2811 1997 θ’.
2857 1944 3234 2009 Considerate,
3269 1961 3478 2014 quaeso,

1898 2034 2048 2088 ﬁlioli
2095 2034 2230 2098 mei,
2274 2044 2514 2088 mutuam
2570 2035 2760 2089 hormn
2830 2037 3210 2091 reverentiam.
3262 2037 3485 2092 Deboras

1896 2138 2134 2194 namque
2169 2141 2265 2196 par
2290 2132 2407 2180 erat
2437 2126 2657 2182 dicere:
2694 2127 2953 2184 Dominus
2983 2128 3128 2184 dedit
3167 2130 3297 2186 mihi
3340 2131 3484 2186 hunc

1895 2217 2176 2283 honorem,
2209 2231 2369 2286 quem
2439 2216 2594 2273 alteri
2639 2234 2742 2273 non
2789 2218 2963 2286 dabo;
2990 2235 3175 2278 verum
3208 2220 3485 2276 enimvero

1896 2323 2106 2364 memor
2138 2308 2240 2362 fuit
2273 2307 2554 2364 muliebris
2600 2310 2811 2365 ordinis
2857 2311 2926 2365 ob
2959 2311 3138 2366 cordis
3167 2312 3249 2366 sui
3299 2313 3479 2368 humi-

1895 2399 2126 2456 litatem.
2161 2399 2268 2455 Par
2299 2415 2513 2470 quoque
2559 2412 2679 2456 erat
2721 2401 2913 2465 Barac,
2961 2412 3018 2462 ut
3054 2413 3274 2475 accepta
3326 2414 3483 2476 pote-

1897 2500 2036 2547 state
2067 2507 2095 2545 a
2136 2491 2346 2548 Debora
2381 2503 2630 2565 pergeret
2685 2493 2834 2551 solus
2876 2496 2943 2550 ad
2998 2496 3214 2563 bellum,
3259 2508 3317 2552 ut
3365 2499 3486 2570 glo-

1899 2585 2152 2650 riaretur,
2206 2596 2262 2640 et
2319 2587 2584 2641 diceret:
2635 2587 2744 2658 Ego
2797 2588 2896 2643 vici
2961 2587 3226 2647 Sisaram.
3285 2591 3484 2648 Verum

1900 2677 2074 2748 magis
2117 2677 2397 2746 magisque
2442 2679 2804 2734 humilitatem
2852 2679 2954 2735 sibi
2999 2682 3210 2749 ascivit,
3246 2694 3304 2739 ut
3345 2700 3486 2754 pra:-

1897 2779 1982 2824 sto
2021 2769 2069 2824 ei
2121 2779 2267 2826 esset
2317 2769 2559 2826 divinum
2613 2773 2898 2830 auxilium.
2954 2773 3219 2832 Similiter
3271 2793 3491 2848 quoaue

1898 2859 2199 2927 Gedeonis,
2250 2877 2372 2917 eum
2421 2865 2618 2919 dixerit
2668 2865 2716 2920 ei
2760 2867 2986 2936 angelus
3038 2869 3304 2925 Domini:
3349 2871 3488 2926 Ecce

1899 2953 2057 3008 mitto
2090 2963 2142 3008 te
2181 2954 2248 3008 ad
2299 2955 2676 3010 debellandum
2721 2971 2901 3029 regem
2945 2957 3190 3026 Madian,
3243 2977 3349 3016 non
3403 2971 3494 3020 est

1901 3045 2200 3100 exaltatum
2240 3061 2354 3109 cor.
2387 3047 2480 3101 sed
2525 3063 2734 3104 memor
2779 3048 2883 3103 fuit
2931 3051 3163 3120 proprize
3209 3053 3492 3108 humilita-

1901 3137 2002 3203 tis,
2041 3147 2096 3192 et
2141 3137 2491 3206 semetipsum
2545 3139 2786 3208 pluribus
2835 3143 3008 3197 modis
3065 3143 3289 3201 vilitatis
3331 3161 3492 3201 aecu-

1898 3227 2066 3292 savit,
2119 3235 2178 3280 ut
2225 3241 2253 3280 a
2303 3227 2554 3296 superbia
2601 3229 2990 3286 vindicaretur.
3046 3231 3290 3287 Primum
3343 3237 3488 3290 enim

1897 3318 2073 3372 dixit:
2108 3318 2350 3383 Domine,
2398 3330 2508 3373 esto
2552 3336 2754 3374 mecum
2798 3333 2889 3375 tua
2934 3325 3201 3391 potentia,
3253 3336 3310 3379 ut
3359 3327 3492 3382 libe-

1900 3422 2043 3473 retur
2093 3410 2307 3477 Israel;
2359 3412 2549 3466 etenim
2591 3428 2686 3482 ego
2725 3422 2776 3466 et
2822 3414 3106 3486 multitudo
3152 3415 3264 3470 lucc
3303 3433 3488 3474 sumus

1900 3504 2154 3574 Oppressi,
2187 3513 2234 3557 et
2287 3519 2379 3573 ego
2426 3503 2674 3558 minimus
2709 3521 2824 3558 sum
2860 3507 3090 3560 omnium
3141 3509 3232 3576 qui
3278 3510 3491 3563 suntin

1899 3597 2055 3650 domo
2098 3596 2263 3665 patris
2307 3595 2440 3661 mei,
2487 3596 2576 3665 qui
2615 3606 2690 3650 est
2730 3611 2795 3650 ea:
2839 3596 2981 3650 tribu
3022 3597 3268 3654 Manasse
3289 3600 3356 3654 ⁹³.
3390 3599 3490 3656 Cui

1901 3687 2125 3758 angelus
2159 3687 2238 3742 ait
2269 3703 2283 3741 :
2323 3686 2514 3756 Perge,
2553 3704 2648 3757 ego
2693 3704 2781 3743 ero
2814 3691 3066 3742 tecum”.
3103 3690 3356 3747 Attamen
3391 3693 3493 3747 hu-

1903 3778 2135 3834 miliatio
2163 3778 2342 3836 cordis
2372 3777 2490 3847 ejus
2525 3794 2630 3833 non
2661 3781 2865 3835 dimisit
2897 3796 3018 3836 eum
3049 3797 3177 3838 cura
3205 3799 3435 3840 vacuum
3474 3803 3489 3842 :

1909 3871 2038 3926 hinc
2073 3872 2226 3943 signa
2257 3871 2325 3925 ab
2354 3869 2547 3940 angelo
2581 3872 2894 3926 sciscitatus
2926 3881 3029 3939 est,
3057 3887 3121 3928 eo
3151 3876 3293 3944 quod
3327 3891 3493 3945 penes

1901 3964 2252 4033 semetipsum
2304 3972 2456 4017 tanto
2490 3963 2696 4018 hOuore
2755 3963 2982 4018 minime
3012 3981 3072 4020 se
3109 3967 3329 4035 dignum
3375 3983 3498 4027 esse

1902 4058 2268 4113 existimabat.
2314 4057 2494 4124 Quare
2551 4055 2838 4126 prinvaluit
2893 4066 3083 4113 contra
3137 4058 3346 4115 Madian
3393 4075 3497 4130 ope

1903 4159 2064 4220 atque
2092 4148 2288 4204 virtute
2325 4146 2558 4212 Domini,
2592 4162 2914 4218 semperque
2949 4150 3192 4219 pristinae
3221 4167 3332 4205 suae
3361 4167 3496 4218 pau-

1903 4241 2129 4312 pertatis
2179 4255 2390 4296 memor
2422 4249 2574 4304 erat,
2613 4242 2922 4310 superbiam
2979 4241 3208 4311 fugiens.
3259 4241 3496 4313 Roganti

1904 4341 2082 4388 autem
2126 4332 2356 4401 populo,
2404 4341 2462 4385 ut
2513 4341 2661 4386 esset
2712 4333 2964 4402 princeps
3016 4348 3182 4402 super
3227 4347 3357 4399 eos,
3405 4350 3497 4389 re-

217 4441 279 4484 ut
330 4429 568 4501 prOpria:
609 4429 949 4502 paupertatis
998 4428 1377 4483 recordaretur
1416 4441 1512 4495 per
1552 4425 1800 4482 baculum
1836 4453 1880 4508 ι)
1905 4424 2124 4496 spondit
2159 4423 2468 4478 humilitate
2514 4424 2737 4478 cordis:
2773 4425 2898 4478 Non
2931 4442 3020 4479 ero
3064 4427 3304 4495 princeps
3341 4443 3498 4498 super

204 4535 371 4591 quem
408 4535 624 4591 semper
668 4537 830 4576 manu
885 4521 1100 4576 tenebat
1136 4539 1149 4576 :
1183 4535 1355 4591 eoque
1390 4516 1575 4572 divisit
1625 4532 1795 4582 mare,

205 4628 271 4667 ac
313 4612 508 4668 eodem
539 4621 796 4682 operatus
837 4621 921 4668 est
957 4612 1226 4667 mirabilia
1277 4612 1328 4666 in
1366 4609 1622 4682 Egypto.
1653 4609 1802 4664 Mare

202 4701 427 4774 quidem
453 4718 552 4773 par
578 4711 715 4770 erat,
743 4711 802 4757 ut
833 4713 944 4758 tum
980 4703 1212 4770 divisum
1241 4702 1434 4757 fuisset
1453 4709 1510 4756 et
1542 4699 1798 4772 fugisset,

204 4806 332 4846 cum
381 4790 610 4846 vidisset
651 4805 834 4846 coram
886 4789 1083 4862 populo
1137 4791 1445 4860 praecedere
1496 4787 1802 4845 columriam

207 4883 351 4955 ignis
379 4900 394 4938 :
430 4891 607 4938 tamen
634 4883 714 4938 sic
742 4898 847 4937 non
878 4881 1000 4948 fuit,
1033 4898 1221 4938 verum
1253 4881 1418 4954 Moysi
1446 4882 1610 4952 jussit
1633 4881 1800 4950 Deus,

205 4987 264 5032 ut
305 4975 578 5030 divideret
634 4991 786 5030 mare
825 4975 1019 5031 baculo
1056 4991 1154 5030 suo
1180 4990 1342 5045 quem
1375 4991 1538 5030 tnanu
1571 4974 1810 5038 tenebat,

203 5081 263 5126 ut
305 5071 349 5124 si
383 5068 832 5138 magniﬁcaretur
875 5085 971 5124 cor
1005 5068 1226 5141 Moysis,
1256 5085 1321 5125 eo
1366 5070 1509 5139 quod
1561 5084 1710 5124 mare
1746 5068 1813 5122 ti-

206 5161 443 5215 muisset
472 5159 643 5225 illum,
671 5159 944 5228 aspiceret
982 5159 1235 5214 baculum
1267 5173 1426 5228 quem
1458 5173 1618 5211 manu
1665 5165 1814 5212 lene-

212 5255 340 5317 bat,
391 5252 883 5322 recordareturque
935 5250 1082 5305 illum
1117 5252 1364 5306 eumdem
1410 5264 1531 5305 esse
1577 5264 1686 5319 quo
1718 5264 1814 5319 pa-

212 5346 404 5401 scebat
431 5359 564 5400 oves
607 5345 659 5398 in
693 5345 934 5411 deserto,
963 5351 1234 5399 cum-erat
1267 5343 1472 5396 advena
1501 5350 1556 5396 et
1590 5357 1812 5412 pauper.

213 5450 268 5492 et
322 5438 724 5492 humiliaretur.
775 5437 877 5504 Qui
932 5437 1149 5507 quidem
1203 5434 1426 5488 baculus
1472 5443 1590 5488 erat
1636 5432 1803 5499 Moysi

217 5531 420 5602 duplici
456 5533 522 5588 de
543 5547 704 5588 causa
740 5547 756 5588 :
791 5533 962 5588 altera
984 5541 1067 5589 est
1087 5532 1151 5587 ad
1181 5531 1325 5587 illius
1349 5529 1812 5601 magniﬁcentiam

290 5669 336 5699 ⁸⁷
371 5668 511 5724 Gen.
543 5685 714 5733 xxvii,
748 5670 835 5724 10.
947 5671 995 5704 ⁸⁸
1024 5671 1159 5728 Gen.
1206 5687 1352 5733 vat,
1399 5671 1488 5733 33,
1541 5670 1632 5725 54.

221 5741 264 5784 θ’
296 5741 428 5799 ibid.
460 5741 516 5797 9.
591 5741 638 5773 ⁸³
664 5739 935 5808 JttdiCJt,
968 5745 1160 5800 13-15.
1237 5746 1284 5778 9‘
1310 5742 1440 5800 ibid.
1477 5743 1558 5796 l6.

549 5835 824 5895 ΡΑτιιοι..
875 5835 992 5896 Gn.
1042 5836 1172 5897 XL.

1748 5669 1792 5701 ⁸³
1826 5669 1994 5725 Exod.
2026 5687 2109 5733 ιιι,
2142 5672 2229 5728 10.

1639 5741 1683 5774 θ’
1710 5739 1886 5798 Judic.
1921 5757 2014 5797 viti
2070 5744 2199 5810 23.,

1906 4532 2016 4581 vos,
2042 4530 2204 4585 neque
2243 4513 2386 4582 ﬁlius
2426 4530 2568 4568 meus
2607 4515 2796 4578 etiam;
2827 4514 2917 4568 sed
2959 4514 3218 4571 Dominus
3251 4525 3327 4572 est
3353 4517 3500 4588 prin-

1909 4624 2027 4676 ceps
2075 4622 2230 4676 super
2269 4605 2447 4660 ros”.
2500 4606 2566 4660 Et
2606 4606 2803 4675 eripuit
2849 4622 2909 4663 se
2941 4623 2970 4661 a
3012 4609 3352 4680 principatu,
3399 4624 3502 4665 nec

1910 4701 2169 4755 seducere
2202 4698 2350 4751 illum
2387 4698 2560 4768 potuit
2605 4698 2779 4754 honor
2809 4699 2863 4754 in
2905 4715 3200 4770 quoquam.
3232 4700 3502 4757 Similiter

1911 4805 2126 4861 quoque
2176 4791 2328 4845 Anna
2381 4799 2554 4844 mater
2603 4788 2873 4848 Samuelis
2921 4793 3202 4862 proliheta:
3256 4793 3500 4848 faciebat

1918 4885 1994 4939 illi
2031 4883 2415 4938 vestimentum
2443 4882 2673 4954 singulis
2701 4883 2861 4939 annis
2887 4886 3186 4939 secundum
3222 4885 3503 4956 prepriam

1919 4975 2291 5031 conditionem
2325 4976 2532 5045 (notum
2565 4974 2710 5029 enim
2746 4983 2830 5029 cst
2865 4974 3121 5045 templum
3156 4974 3366 5030 Domini
3397 4991 3504 5030 non

1921 5079 2100 5136 egere,
2152 5073 2212 5118 ut
2263 5073 2435 5118 mater
2484 5067 2760 5134 prephetaa
2793 5081 2857 5120 ex
2915 5067 3135 5136 proprio
3185 5065 3406 5122 afferret
3455 5069 3507 5124 ei

1919 5154 2359 5225 vestimentum);
2393 5171 2580 5211 verum
2614 5157 2714 5211 hoc
2750 5158 3004 5228 praestitit
3053 5169 3228 5213 mater
3273 5160 3414 5228 ejus,
3443 5177 3510 5216 eo

1921 5250 2061 5320 quod
2099 5250 2356 5320 templum
2405 5251 2473 5305 ab
2511 5251 2735 5306 ineunte
2781 5261 2940 5308 aetate
2988 5253 3269 5325 ingressus
3320 5255 3507 5321 fuerit,

1921 5360 1986 5397 nc
2015 5344 2258 5399 diceret;
2293 5343 2404 5414 Ego
2435 5360 2552 5399 sum
2587 5346 2831 5416 angelus,
2865 5361 2957 5403 aut
2989 5350 3184 5415 virtus,
3219 5350 3365 5420 quod
3401 5349 3509 5402 vidi

1921 5436 2278 5492 revelationes
2313 5437 2365 5491 in
2401 5437 2621 5506 templo.
2673 5437 2977 5495 Prmstabat
3024 5453 3204 5495 autem
3239 5443 3342 5498 hoc
3387 5443 3504 5496 sin-

1921 5530 2060 5602 gulis
2096 5531 2280 5598 anuis,
2320 5540 2378 5586 ut
2416 5531 2462 5588 is
2511 5543 2764 5592 nosceret
2795 5537 3104 5609 certiorque
3159 5538 3317 5595 ﬁeret
3352 5537 3508 5607 cujus

2342 5674 2389 5712 σο
2427 5673 2596 5734 Exod.
2650 5691 2723 5745 Iv,
2781 5677 2868 5734 10.
3002 5678 3249 5735 "Judic.
3319 5694 3392 5741 tv,
3451 5675 3509 5732 8.

3198 5839 3277 5900 33
