3860 6318
369 259 509 316 1055

1480 257 1756 315 PATRES
1795 253 2095 314 IEGYPTH
2135 254 2407 315 SECULI
2444 255 2536 313 ιν.

3499 263 3669 321 1036

369 392 516 439 esset
549 381 711 450 illius,
740 392 791 438 et
830 396 1040 439 memor
1086 390 1233 438 esset
1279 381 1598 438 humilitatis
1637 391 1692 438 et
1739 381 1951 452 generis
1983 389 2025 444 Α
2058 379 2314 434 fundatur
2372 391 2427 434 et
2492 378 2881 448 confringatur,
2945 388 2998 434 et
3050 379 3463 451 exstinguantur
3520 384 3664 452 ejus

367 477 474 533 sui.
499 477 702 533 Idcirco
724 477 892 548 magis
921 487 1078 546 atque
1100 478 1269 546 magis
1286 477 1563 532 crescebat
1581 476 1692 532 Deo
1715 475 1952 546 placens.

370 570 523 624 Anna
543 585 756 641 quoque
772 579 945 625 mater
969 569 1086 639 ejus
1107 569 1326 624 humilis
1351 578 1512 639 atque
1530 576 1807 624 mansueta
1832 566 1952 622 fuit.

365 656 675 726 Eodemque
728 659 889 713 modo
940 655 1108 711 David
1143 656 1241 710 fuit
1286 656 1502 712 humilis
1531 663 1585 711 et
1617 663 1950 713 mansuetus.

434 748 844 819 Amplectamur
881 763 1011 819 ergo
1057 759 1112 804 et
1143 763 1262 813 nos,
1303 748 1660 812 dilectissimi,
1700 763 1953 805 mansue-

367 840 604 894 tudinem
635 847 689 894 et
724 837 1085 893 humilitatem
1128 838 1271 894 sicut
1301 838 1415 894 isti.
1449 837 1586 892 Nam
1638 837 1804 894 David
1833 839 1948 894 ait:

366 931 648 996 Memento,
686 931 923 998 Domine,
961 931 1159 997 David,
1193 942 1240 985 et
1273 931 1620 986 multitudinis
1648 943 1952 987 mansuetu-

366 1025 509 1080 dinis
536 1024 729 1093 ejus“.
758 1023 1002 1098 Dumque
1033 1023 1290 1094 pascebat
1310 1040 1438 1080 oves
1460 1026 1629 1094 patris
1661 1025 1767 1090 sui,
1791 1025 1952 1094 elegit

363 1131 486 1171 enim
535 1115 681 1171 Deus
730 1129 909 1184 regem
960 1115 1062 1171 sibi
1113 1116 1494 1171 charissimam
1551 1131 1661 1186 prae
1694 1117 1948 1172 omnibus

363 1211 555 1264 domus
600 1210 765 1280 patris
807 1209 912 1265 sui.
958 1208 1194 1279 Pergens
1227 1220 1411 1265 autem
1451 1211 1519 1266 ad
1569 1209 1945 1266 debellandum

363 1302 603 1366 Goliath,
637 1312 744 1358 tres
776 1302 980 1373 lapides
1008 1318 1075 1358 ex
1109 1311 1348 1358 torrente
1395 1302 1625 1373 accepit,
1659 1312 1712 1357 et
1747 1303 1798 1356 in
1849 1317 1945 1358 sua

362 1395 548 1466 posuit
594 1410 764 1468 pera;
815 1396 980 1451 sumit
1034 1410 1250 1466 quoque
1299 1394 1552 1450 baculum
1609 1409 1766 1450 suum
1836 1409 1947 1464 quo

362 1501 490 1544 oves
522 1487 796 1557 pascebat,
844 1489 1181 1557 accessitque
1212 1487 1279 1542 ad
1315 1485 1531 1542 Goliath
1563 1487 1860 1556 gigantem,
1892 1495 1946 1542 et

364 1581 654 1636 debellavit
699 1595 845 1645 eum,
877 1591 931 1634 et
973 1581 1026 1636 in
1063 1579 1273 1634 Domini
1306 1579 1504 1633 virtute
1532 1579 1660 1633 vicit
1703 1593 1860 1642 eum;
1890 1587 1946 1632 et

362 1673 474 1745 regi
508 1672 636 1728 Sanl
684 1673 884 1740 astitit,
936 1672 1074 1743 apud
1125 1687 1284 1741 quem
1339 1671 1673 1727 honorabilis
1723 1669 1944 1727 eﬂ‘ectns

367 1776 469 1820 est.
516 1764 626 1820 Nec
658 1763 862 1819 dimisit
899 1779 927 1818 a
959 1779 1019 1820 se
1052 1763 1123 1819 ob
1153 1762 1335 1833 palatii
1381 1763 1515 1833 regii
1563 1761 1943 1828 reverentiam,
1978 1738 2023 1793 Β

360 1856 613 1912 baculum
640 1867 732 1911 aut
767 1872 949 1927 peram
985 1872 1167 1923 suam;
1202 1871 1389 1910 verum
1423 1865 1519 1910 eos
1550 1869 1717 1925 penes
1747 1869 1806 1911 se
1836 1869 1944 1910 ser-

363 1950 542 2016 vavit,
587 1959 645 2004 ut
676 1958 823 2006 esset
872 1964 964 2004 cor
999 1948 1116 2017 ejus
1149 1963 1362 2018 semper
1417 1947 1657 2016 humile,
1705 1957 1758 2003 et
1791 1947 1946 2004 nobis

361 2041 639 2111 exemplar
665 2056 772 2111 quo
811 2041 1140 2097 erudiamur.
1172 2039 1378 2096 Unctns
1423 2050 1600 2096 autem
1650 2052 1940 2112 unguento,

363 2142 418 2187 et
468 2149 560 2188 rex
614 2131 873 2198 eﬂ‘ectus,
923 2133 997 2187 ait
1041 2151 1053 2186 :
1106 2131 1220 2186 Non
1274 2132 1563 2190 obliviscar
1611 2133 1945 2204 paupertatis

360 2236 416 2282 et
458 2227 780 2282 humilitatis
810 2241 959 2291 metu,
991 2241 1164 2296 neque
1193 2225 1477 2282 exaltabor
1506 2226 1560 2280 in
1591 2226 1755 2282 corde
1791 2241 1934 2281 meo.

360 2319 428 2374 Et
477 2319 814 2374 manifestius
857 2320 923 2374 de
972 2318 1076 2373 hoc
1126 2318 1313 2374 eodem
1365 2318 1441 2373 ait
1481 2334 1497 2374 :
1546 2317 1797 2383 Domine,
1841 2334 1944 2371 non

359 2424 436 2467 est
467 2412 756 2466 exaltatum
791 2429 882 2466 cor
923 2427 1115 2480 meum,
1149 2428 1310 2481 neque
1335 2411 1459 2464 elati
1489 2421 1608 2466 sunt
1641 2411 1780 2465 oculi
1811 2412 1942 2474 mei;

359 2522 527 2575 mque
584 2505 854 2559 ambulavi
902 2505 958 2558 in
1025 2504 1263 2573 magnis,
1307 2520 1469 2575 neque
1517 2504 1570 2557 in
1617 2501 1942 2558 mirabilibus

358 2612 468 2665 pm
499 2611 600 2651 me.
633 2593 694 2650 Si
724 2605 899 2650 autem
937 2595 1242 2648 humiliatus
1275 2611 1376 2648 non
1415 2593 1584 2664 fuero,
1619 2595 1708 2648 setl
1750 2593 1944 2648 elevavi

359 2704 531 2742 vocem
593 2703 796 2750 meam;
853 2688 988 2741 sicut
1040 2687 1288 2740 ablactati
1321 2703 1350 2740 a
1389 2688 1522 2740 lacte
1569 2687 1752 2740 matris
1807 2701 1939 2748 sure,

357 2779 434 2833 ita
486 2780 552 2833 sit
608 2778 880 2832 retributio
928 2778 980 2831 in
1038 2778 1214 2831 anima
1270 2777 1480 2830 mea".
1537 2775 1647 2830 llos
1721 2775 1940 2844 quidem

359 2870 598 2940 psalmos
631 2870 1048 2939 haudquaquam
1082 2870 1216 2923 dixit
1250 2869 1440 2936 David,
1474 2869 1575 2923 nisi
1617 2869 1742 2924 dum
1772 2884 1942 2936 regno

366 2969 515 3014 esset
544 2960 768 3030 potitus.
812 2957 923 3012 Nec
957 2957 1197 3027 pristinae
1223 2957 1420 3013 oblitus
1450 2967 1534 3014 est
1567 2973 1679 3014 suae
1713 2973 1942 3028 pauper-

359 3052 513 3118 tatis,
548 3053 639 3107 sed
671 3052 785 3106 ait:
825 3051 1076 3105 Minimus
1115 3067 1260 3105 eram
1297 3051 1436 3106 inter
1469 3052 1664 3122 fratres
1705 3067 1866 3116 meos,
1893 3064 1939 3106 et

2065 473 2221 540 ignea
2257 471 2432 542 jacula
2468 471 2942 527 intlarnmantia”.
2971 469 3158 542 Neque
3191 473 3246 528 hi
3291 476 3466 530 sancti
3497 492 3665 543 prae-

2057 563 2154 618 fati
2210 564 2493 628 duntaxat,
2540 563 2714 633 iisque
2760 562 2986 629 similes,
3020 563 3254 634 propria:
3298 568 3655 634 paupertatis

2061 672 2335 713 memores
2391 656 2639 722 luerunt;
2690 670 2878 710 verum
2927 655 3090 711 etiam
3153 655 3416 712 Dominus
3456 670 3665 713 noster

2057 751 2223 805 tilimn
2287 750 2451 805 David
2495 750 2849 820 semetipsum
2894 750 3206 820 appellavit,
3258 760 3314 806 et
3344 750 3413 806 de
3442 767 3502 807 se
3531 753 3666 823 ipso

2055 841 2192 896 dixit
2225 861 2237 895 :
2268 838 2438 894 Filius
2469 841 2694 894 hominis
2732 857 2836 894 non
2869 842 3003 894 venit
3028 840 3342 902 ministrari,
3369 842 3462 895 sed
3490 843 3664 896 mini-

2055 934 2289 986 strare‘.
2349 931 2483 988 Cum
2535 943 2720 988 autem
2785 932 3069 988 dicebatur
3123 934 3216 990 ei:
3255 934 3332 988 Tu
3373 953 3426 990 es
3465 935 3659 991 Filius

2055 1023 2151 1078 Dei
2172 1025 2217 1091 ’,
2248 1023 2562 1093 increpabat
2595 1021 2902 1092 hujusmodi
2941 1025 3232 1081 dicentem.
3266 1027 3334 1080 Et
3380 1042 3508 1081 eum
3547 1028 3662 1080 mi-

2055 1117 2244 1172 rabilia
2278 1117 2624 1188 perpetrabat
2652 1128 2705 1172 et
2735 1119 3018 1178 sanitates.
3057 1118 3404 1189 praecipiebat
3431 1122 3515 1175 eis
3552 1120 3662 1174 di-

2053 1223 2181 1266 cens
2208 1228 2220 1264 :
2257 1209 2475 1264 Nemini
2525 1209 2892 1264 indicaveritis
2914 1209 2953 1263 ³.
2985 1208 3114 1277 Qua:
3141 1211 3359 1280 quidem
3388 1213 3511 1281 ejus
3539 1212 3658 1267 hu-

2054 1302 2280 1356 miliatio
2325 1304 2492 1358 nostri
2536 1319 2700 1360 causa
2742 1314 2904 1371 erat;
2947 1321 3121 1376 neque
3166 1308 3217 1362 id
3255 1309 3324 1363 ob
3371 1309 3656 1380 superbiae

2055 1393 2398 1464 jactantiaeve
2436 1396 2680 1451 timorem
2716 1399 3005 1467 praestitit;
3031 1400 3232 1454 etenim
3279 1411 3498 1470 poterat
3532 1417 3655 1457 suae

2051 1487 2354 1544 divinitatis
2405 1489 2642 1560 pandere
2695 1493 2989 1557 virtutem,
3054 1495 3489 1564 quotiescunque
3555 1510 3654 1548 vo-

2049 1578 2273 1648 luisset;
2312 1596 2501 1637 verum
2547 1598 2644 1637 nos
2692 1585 2924 1640 erudivit
2954 1587 3223 1656 propriam
3261 1601 3482 1642 servare
3511 1601 3655 1655 pau-

2049 1679 2311 1739 pertatem
2356 1681 2412 1726 ct
2455 1671 2886 1730 imbecillitatem
2915 1716 2930 1742 ,
2961 1685 3019 1731 ut
3067 1678 3309 1733 videntes
3349 1677 3649 1731 Dominum

2049 1772 2258 1818 nosmet
2305 1764 2451 1834 ipsos
2504 1765 2934 1824 humiliaremus.
2983 1771 3240 1839 Apertum
3291 1771 3491 1840 quippe
3535 1783 3650 1834 est,

2047 1859 2321 1911 neminem
2359 1873 2417 1914 se
2450 1858 2738 1915 humiliare
2770 1877 2930 1931 posse
2971 1863 3021 1916 in
3052 1865 3280 1918 veritate
3319 1863 3503 1920 cordis
3531 1867 3648 1928 sui,

2049 1946 2156 2002 nisi
2189 1945 2336 2001 illum
2363 1947 2522 2018 cujus
2558 1950 2736 2005 anima
2773 1952 2886 2022 jam
2922 1953 3205 2010 Dominum
3244 1955 3397 2010 vidit.
3429 1955 3651 2010 Scitote

2045 2046 2245 2104 autem,
2280 2037 2429 2094 filioli
2476 2042 2603 2108 mei,
2629 2044 2772 2114 quod
2803 2044 2956 2100 multi
2998 2045 3285 2101 ambulant
3315 2048 3368 2101 in
3418 2047 3650 2102 humili-

2046 2137 2175 2195 tate,
2208 2146 2313 2186 non
2345 2142 2522 2188 tamen
2557 2135 2612 2189 in
2657 2135 2888 2192 veritate
2930 2137 3112 2193 cordis
3147 2139 3228 2193 sui
3262 2157 3277 2193 :
3307 2137 3511 2210 quippe
3541 2141 3643 2208 qni

2045 2223 2387 2281 extrinsecus
2421 2243 2606 2282 coram
2645 2229 2956 2286 hominibus
3011 2230 3242 2287 humiles
3275 2241 3422 2296 sunt,
3470 2231 3646 2286 mini-

2046 2329 2133 2370 me
2164 2332 2293 2373 vero
2333 2317 2596 2374 honorem
2649 2321 2744 2376 Dei
2792 2331 2990 2378 curant
3017 2344 3029 2379 :
3059 2326 3200 2394 quod
3231 2325 3446 2394 quidem
3479 2340 3648 2378 nemo

2049 2410 2411 2480 consequitur
2435 2413 2488 2467 vi
2525 2413 2643 2469 auri
2671 2425 2727 2470 et
2750 2417 2958 2486 argenti
2987 2426 3041 2471 et
3075 2417 3217 2482 teris,
3247 2432 3423 2488 neque
3449 2418 3519 2472 ad
3552 2433 3647 2472 re-

2044 2512 2163 2568 gem
2215 2508 2488 2556 terrenum
2530 2505 3056 2574 appropinquatione
3106 2517 3196 2562 aut
3231 2511 3298 2562 ad
3350 2510 3643 2564 exercitus

2045 2600 2101 2647 et
2148 2593 2311 2650 duces
2343 2594 2477 2663 ejus.
2533 2597 2867 2653 Memoratur
2913 2601 3058 2655 enim
3091 2600 3156 2656 de
3185 2601 3427 2670 patribus
3475 2609 3638 2672 puris

2045 2687 2271 2756 sanctis,
2323 2689 2464 2758 quod
2521 2690 2864 2747 decertantes
2905 2701 2960 2748 et
3004 2692 3292 2749 Dominum
3349 2695 3625 2761 videntes,

2045 2778 2217 2849 magis
2275 2791 2440 2851 atque
2484 2783 2655 2852 magis
2715 2797 2838 2839 sese
2883 2785 3260 2843 ltumiliarunt.
3311 2786 3639 2842 Audivimns

2046 2881 2282 2938 namque
2327 2870 2589 2940 scriptum
2644 2872 2710 2927 de
2757 2871 2881 2941 Job,
2913 2875 3058 2945 quod
3089 2875 3320 2931 Domino
3353 2876 3627 2932 dixisset:

2047 2958 2274 3025 Tuscis,
2311 2960 2550 3029 Domine,
2582 2965 2704 3034 quia
2733 2965 2886 3020 homo
2932 2975 3173 3034 peccator
3205 2983 3355 3034 sum;
3413 2979 3462 3023 et
3515 2970 3637 3038 quis

2046 3051 2267 3120 eripitur
2293 3053 2355 3106 de
2376 3069 2537 3107 manu
2569 3064 2658 3108 tua
2683 3057 2710 3110 Γ
2747 3053 2963 3110 Utinam
2992 3067 3122 3112 esset
3146 3059 3282 3113 inter
3311 3076 3402 3114 nos
3429 3061 3635 3114 media-

360 3144 662 3200 adolescens
699 3145 754 3198 in
782 3145 936 3198 domo
967 3145 1131 3213 patris
1159 3145 1279 3210 mei,
1318 3145 1592 3212 pascebam
1625 3160 1740 3198 oves
1772 3145 1939 3212 patris
1969 3112 2015 3176 c
2044 3152 2126 3196 tor
2150 3144 2219 3196 ad
2255 3143 2690 3213 judicandum‘l
2763 3157 2816 3201 et
2869 3146 3135 3218 reliquum
3192 3151 3478 3210 sermonis.
3528 3149 3637 3206 Job

357 3241 457 3296 mei
493 3239 627 3312 (20).
658 3241 804 3306 Quos
835 3237 1051 3310 quidem
1084 3251 1364 3293 sermones
1399 3236 1559 3303 dixit,
1596 3245 1656 3290 ut
1682 3237 1939 3292 universo

356 3333 758 3388 inualescerent
792 3331 1010 3396 mundo,
1061 3329 1152 3400 qui
1199 3329 1430 3385 disceret
1467 3331 1534 3384 ab
1582 3329 1672 3384 illo
1723 3329 1938 3383 humili-

355 3431 522 3478 tatem
564 3431 617 3478 et
648 3430 1043 3493 paupertatem.
1083 3420 1348 3477 Similiter
1384 3438 1598 3494 quoque
1631 3423 1776 3478 Elias
1821 3437 1943 3492 pro-

353 3517 513 3586 pheta
562 3532 684 3571 cum
717 3514 1032 3585 multiplicia
1074 3525 1440 3586 perpetrasset
1485 3515 1779 3580 mirabilia,
1827 3531 1935 3570 non

353 3610 557 3664 dimisit
591 3625 620 3664 a
655 3623 715 3664 se
749 3608 970 3679 pallium
1017 3601 1208 3673 suum,
1253 3625 1322 3664 ne
1376 3609 1674 3664 ascendens
1717 3606 1935 3678 quidem

352 3699 406 3753 in
447 3699 784 3767 paradisum,
829 3712 896 3752 ne
930 3697 1372 3767 magniﬁcaretur
1402 3713 1496 3752 cor
1535 3695 1652 3766 ejus
1699 3697 1939 3751 multitu-

351 3793 476 3849 dine
510 3791 842 3846 mirabiliutn
871 3806 992 3861 qua:
1021 3789 1289 3858 faciebat;
1321 3791 1415 3847 sed
1453 3807 1574 3847 cum
1602 3793 1717 3864 jam
1755 3807 1934 3847 ascen-

352 3884 513 3949 derit,
541 3882 767 3954 projecit
791 3883 939 3938 illum
959 3896 1121 3953 super
1141 3882 1385 3938 Elisaeum
1407 3879 1727 3952 discipulum
1751 3899 1933 3939 suum.

350 3976 647 4032 Accinctus
677 3989 894 4046 quoque
924 3984 1042 4029 erat
1069 3975 1325 4031 coriaceo
1356 3976 1596 4045 cingulo,
1627 3991 1838 4032 memor
1875 3991 1936 4031 se

351 4067 626 4124 hominem
659 4080 780 4122 esse
830 4079 1142 4135 pauperem,
1169 4074 1224 4120 et
1257 4074 1315 4120 ut
1342 4067 1603 4121 memoria
1642 4065 1784 4122 illius
1817 4069 1936 4122 cin-

349 4158 460 4230 guli
503 4158 760 4224 coriaeei,
794 4172 904 4212 suae
946 4156 1190 4229 pristina:
1215 4159 1554 4229 paupertatis
1595 4174 1700 4215 non
1742 4159 1935 4215 oblivi-

347 4263 617 4308 sceretur.
656 4251 921 4307 Similiter
960 4250 1125 4307 etiam
1158 4251 1350 4307 Patres
1387 4252 1615 4322 apostoli
1647 4253 1933 4309 Dominum

347 4353 598 4402 nostrum
633 4345 817 4401 Jesum
850 4343 1128 4401 Christum
1155 4347 1304 4416 sequi
1340 4345 1685 4419 incipientes,
1720 4361 1937 4416 semper

349 4455 462 4495 suae
501 4440 744 4510 pristina:
779 4439 1115 4512 paupertatis
1155 4454 1426 4497 memores
1449 4447 1626 4508 erant,
1663 4451 1723 4495 ut
1751 4440 1935 4495 Domi-

346 4549 449 4588 nus
499 4541 682 4588 noster
732 4533 964 4604 principi
1003 4531 1374 4602 apostolorum
1415 4531 1578 4588 Petro
1630 4532 1834 4590 diceret
1876 4532 1927 4587 in

345 4625 750 4695 Capharuaum,
787 4641 911 4681 cum
963 4625 1223 4682 tributum
1269 4625 1338 4680 ab
1387 4624 1480 4681 illo
1509 4635 1654 4681 esset
1684 4624 1928 4696 postula-

346 4730 457 4773 tum
488 4736 502 4772 :
544 4717 690 4773 Vade
725 4719 794 4772 ad
820 4735 986 4786 mare,
1018 4728 1069 4774 et
1101 4721 1250 4774 mitte
1272 4720 1487 4773 hamum
1524 4729 1714 4786 tuum;
1743 4729 1790 4775 et
1815 4721 1930 4789 pri-

343 4827 427 4863 mo
471 4813 605 4879 pisci
649 4813 736 4881 qui
767 4812 1083 4878 ascenderit,
1108 4813 1255 4880 aperi
1286 4827 1367 4878 os,
1404 4811 1733 4880 inveniesque
1769 4820 1932 4866 state-

343 4915 484 4963 rem;
525 4902 648 4954 tolle
674 4901 845 4965 illum,
880 4910 928 4955 et
963 4903 1036 4956 da
1069 4918 1164 4966 pro
1195 4918 1276 4956 me
1303 4911 1351 4955 et
1393 4901 1522 4956 te”.

413 4991 619 5063 Itaque,
659 4994 806 5049 tilioli
836 4993 964 5060 mei,
994 4994 1221 5064 aspicite
1252 4991 1708 5064 quemadmodum
1741 4991 1932 5049 Petrus

343 5085 568 5140 minime
591 5101 621 5138 a
652 5099 712 5140 se
741 5086 1024 5141 dimiserat
1053 5087 1273 5140 hamum
1321 5099 1501 5149 suum,
1535 5097 1602 5138 ne
1633 5084 1927 5140 oblivisce-

344 5186 494 5230 retur
541 5177 862 5232 humilitatis
907 5185 962 5232 et
997 5177 1334 5247 paupertatis
1375 5191 1504 5231 suae.
1559 5175 1696 5231 llinc
1735 5176 1930 5233 scitote

342 5253 630 5322 Dominum
662 5270 762 5324 hos
785 5285 1016 5340 quorum
1051 5269 1254 5325 mentio
1285 5269 1580 5339 praecessit,
1618 5269 1926 5338 protulisse,

343 5369 402 5410 ut
453 5359 817 5428 nosmetipsos
851 5358 1287 5424 humiliaremus,
1331 5371 1384 5415 et
1416 5369 1473 5414 ut
1511 5360 1760 5415 diabolus
1803 5374 1932 5414 con-

401 5491 446 5522 "
473 5489 612 5546 Psal.
644 5507 831 5558 cum,
871 5492 918 5547 l.
994 5494 1038 5525 ⁸⁷
1066 5491 1208 5547 Psal.
1245 5507 1408 5554 cxxx,
1438 5492 1490 5554 t,
1524 5492 1578 5546 2.
1656 5492 1702 5522 ’⁸
1732 5489 1920 5545 Matth.

405 5603 420 5618 .
452 5562 538 5616 41.
627 5562 648 5592 ³
681 5563 847 5618 Marc.
879 5579 918 5618 1.
947 5563 1036 5618 μ.
1113 5565 1133 5594 ⁸
1165 5564 1263 5617 Job
1295 5579 1349 5618 χ.
1379 5565 1433 5618 t5.
1470 5563 1520 5616 7.
1600 5563 1620 5593 ⁸
1643 5561 1743 5618 Job
1776 5578 1939 5615 xxxix

2045 5507 2091 5558 ηι,
2117 5491 2209 5548 26.
2287 5495 2330 5529 "
2359 5497 2554 5567 Ephes.
2585 5507 2662 5556 vr,
2695 5488 2780 5544 l6.

2045 5596 2072 5618 ι.
2106 5563 2195 5617 55.
2274 5567 2295 5598 ⁸
2327 5567 2425 5618 lsa.
2463 5579 2536 5618 vt.
2571 5563 2625 5618 5.

344 5575 420 5629 ἓν,
452 5562 538 5616 ﬂ.
627 5562 648 5592 ’
681 5563 847 5619 Marc.
879 5579 918 5631 t,
947 5563 1036 5619 tt.
1113 5565 1133 5594 ⁸
1165 5564 1263 5617 Job
1295 5579 1349 5627 x,
1379 5565 1433 5627 t5,
1470 5563 1520 5616 7.

2043 3235 2174 3288 item
2216 3251 2336 3290 cum
2379 3237 2601 3294 vidisset
2636 3239 2920 3294 Dominum
2950 3243 3002 3295 in
3041 3243 3200 3308 nube,
3243 3251 3298 3298 et
3340 3259 3462 3298 cum
3491 3243 3631 3298 allo-

2041 3337 2200 3382 cutus
2235 3337 2400 3395 esset,
2429 3339 2482 3384 et
2512 3329 2692 3386 cordis
2735 3331 2822 3386 sui
2873 3333 3074 3402 apertis
3115 3333 3287 3390 oculis
3329 3336 3633 3406 aspexisset

2043 3417 2216 3484 illum,
2257 3434 2376 3474 sese
2408 3420 2681 3489 pulverem
2725 3431 2780 3476 et
2809 3423 3044 3479 cinerem
3076 3425 3364 3493 reputavit,
3395 3439 3633 3498 eumque

2058 3508 2312 3578 paenituit
2360 3509 2501 3576 quod
2542 3509 2805 3566 allocutus
2859 3520 3002 3567 esset
3039 3511 3349 3577 Dominum,
3401 3523 3456 3568 et
3505 3514 3624 3568 ait:

2055 3599 2259 3655 Ponant
2289 3617 2477 3656 manus
2499 3618 2645 3658 meas
2684 3619 2841 3674 super
2879 3620 2936 3659 os
2983 3620 3176 3670 meum,
3203 3605 3451 3674 quoniam
3481 3605 3630 3660 locu-

2042 3703 2126 3746 tus
2151 3709 2265 3746 sum
2289 3693 2468 3760 semel,
2502 3710 2592 3749 nec
2624 3706 2859 3750 revertar
2886 3699 3075 3752 iterum
3099 3698 3144 3750 '.
3186 3695 3310 3752 Pari
3338 3698 3505 3754 etiam
3541 3715 3628 3752 ra-

2053 3784 2199 3840 tione
2227 3783 2392 3840 Isaias
2421 3786 2682 3857 propheta
2720 3788 2955 3858 primum
2991 3791 3339 3860 reprehendit
3367 3790 3620 3862 populum

2041 3878 2108 3933 de
2138 3878 2384 3947 peccatis
2409 3893 2596 3933 eorum
2627 3897 2640 3934 :
2671 3889 2961 3951 postquam
3005 3895 3136 3936 vero
3181 3881 3467 3938 Dominum
3512 3882 3620 3938 Sa-

2044 3970 2210 4025 baoth
2240 3970 2398 4034 vidit,
2435 3979 2489 4026 et
2521 3974 2794 4040 seraphim
2822 3983 3033 4029 stantes
3055 3975 3199 4030 circa
3238 3974 3414 4040 illum,
3452 3975 3623 4045 magis

2040 4072 2283 4135 apertam
2312 4064 2440 4121 fecit
2473 4080 2622 4120 suam
2668 4065 3032 4122 humilitatem
3079 4069 3264 4124 dicens
3296 4087 3310 4124 :
3345 4067 3438 4122 Va:
3464 4069 3616 4136 mihi,

2037 4157 2286 4227 quoniam
2315 4156 2469 4211 homo
2495 4175 2611 4212 sum
2637 4159 2830 4215 habent
2850 4159 2994 4215 labia
3023 4163 3294 4216 immunda
3311 4161 3352 4216 ⁸.
3382 4161 3489 4216 Nec
3515 4177 3619 4217 non

2038 4249 2286 4319 discipuli
2311 4249 2522 4305 Domini
2563 4251 2732 4306 nostri
2759 4250 2886 4308 Jesu
2921 4252 3125 4308 Christi
3157 4253 3390 4308 edebant
3433 4264 3488 4308 et
3532 4255 3618 4308 bi-

2038 4337 2242 4394 bebant
2273 4354 2398 4394 cum
2433 4337 2544 4404 illo,
2579 4355 2678 4397 nec
2707 4355 2831 4396 eum
2881 4341 3084 4413 alloqui
3117 4344 3417 4411 timebant;
3452 4354 3624 4400 trans-

2042 4430 2272 4501 ﬁgurata
2299 4444 2427 4487 vero
2472 4431 2525 4487 in
2575 4443 2762 4489 monte
2793 4433 3034 4502 Thabor,
3070 4445 3125 4490 et
3163 4435 3348 4491 habitu
3383 4446 3617 4502 mutato,

2040 4523 2358 4579 ceciderunt
2387 4539 2550 4594 super
2581 4523 2774 4581 faciem
2806 4541 2983 4594 suam,
3013 4527 3287 4599 propriam
3327 4544 3622 4600 agnoscen-

2041 4625 2123 4670 tes
2162 4624 2542 4686 paupertatem
2587 4626 2642 4671 et
2671 4618 3057 4683 humilitatem,
3087 4627 3375 4676 noscentes
3404 4634 3463 4676 se
3488 4621 3619 4675 nihil

2041 4723 2161 4763 esse
2189 4722 2372 4764 coram
2414 4709 2582 4776 gloria
2614 4708 2826 4765 Domini
2859 4710 3091 4768 Christi.
3121 4712 3188 4767 Et
3219 4713 3369 4782 plura
3403 4713 3616 4784 quidem

2041 4798 2184 4870 apud
2217 4813 2318 4854 nos
2351 4807 2568 4853 exstant
2615 4800 2927 4856 testimonia
2984 4801 3377 4872 hujuscemodi.
3415 4804 3616 4859 Etenim

2041 4892 2220 4946 nimiae
2249 4891 2640 4949 humiliationis
2665 4904 2974 4951 sanctorum
3007 4911 3171 4951 causa
3191 4910 3255 4952 ex
3274 4910 3340 4951 eo
3360 4907 3461 4962 est,
3483 4896 3617 4967 quod

2043 4985 2310 5040 vidissent
2338 4983 2568 5054 gloriam
2603 4986 2838 5042 Domini.
2869 4987 3017 5058 Opus
3045 5000 3227 5045 autem
3273 4992 3416 5060 quod
3443 5005 3616 5059 opera-

2042 5087 2130 5133 tus
2153 5085 2236 5132 est
2262 5077 2520 5133 Doiuinus
2543 5091 2668 5133 eum
2705 5081 3006 5151 discipulis,
3043 5083 3180 5138 satis
3225 5097 3495 5153 superque
3525 5099 3616 5137 no-

2040 5169 2124 5225 bis
2154 5168 2351 5225 sutlicit
2381 5170 2448 5224 ad
2477 5173 2878 5240 agnoscendum
2915 5190 3097 5230 veram
3144 5174 3508 5230 humilitatem
3545 5178 3616 5230 in~

2038 5280 2158 5321 esse
2189 5264 2385 5319 anima:
2415 5263 2468 5318 in
2499 5265 2600 5320 hoc
2625 5268 2846 5334 mundo,
2882 5267 3137 5323 intuendo
3163 5282 3192 5320 a
3221 5266 3376 5337 longe
3403 5265 3616 5335 gloriam

2041 5373 2203 5428 quam
2261 5364 2345 5411 est
2390 5369 2772 5414 consecutura.
2817 5358 3042 5415 Sacrum
3097 5372 3335 5429 namque
3389 5357 3615 5428 Evange-

2897 5490 2911 5520 ¹
2937 5489 3126 5548 Matth.
3159 5507 3252 5562 xx,
3277 5491 3372 5548 28.
3448 5494 3470 5524 ¹
3495 5491 3616 5549 Luc.

2274 5567 2295 5598 ⁸
2327 5563 2425 5621 Ιεθζ
2463 5579 2536 5627 Vt,
2571 5563 2625 5618 5.

417 5698 530 5771 (20)
571 5696 679 5772 llic
721 5701 961 5770 psalmus
996 5711 1074 5758 est
1121 5699 1407 5772 pet-aliaris
1454 5697 1623 5752 David
1661 5708 1715 5753 et
1744 5707 1898 5752 extra
1937 5713 2244 5764 ntnuerum,
2303 5707 2356 5754 et
2416 5706 2597 5756 exstat
2644 5695 2756 5754 fere
2809 5695 2862 5752 in
2917 5695 3171 5754 omnibus
3227 5694 3614 5766 exemplaribus

347 5769 720 5827 Orientalium.
