3860 6316
224 301 259 357 1
275 301 376 358 057

225 505 434 570 sciens,
465 508 610 574 quod
642 505 806 560 Pater
836 506 1150 561 tradidisset
1197 507 1250 562 in
1301 522 1492 575 nmnus
1533 524 1660 564 suas
1689 523 1808 563 orn-

227 597 345 663 nia,
381 599 622 653 surrexit
657 598 726 653 de
754 613 930 664 ctena,
959 607 1011 655 et
1038 599 1380 658 vestimentis
1405 601 1682 671 depositis,
1713 601 1814 656 lin-

192 735 206 758 ,
229 699 326 744 teo
354 690 627 752 accincto,
657 700 712 746 et
751 690 928 746 infusa
957 691 1012 746 in
1047 691 1245 761 pelvirn
1288 707 1450 762 aqua,
1481 695 1708 765 coeperit
1738 694 1816 749 la-

165 785 196 809 ’
221 794 362 835 vare
391 782 562 851 pedes
589 781 977 852 discipulorum
1001 797 1248 848 suorum,
1274 793 1330 839 et
1357 795 1569 855 tergere
1597 800 1690 842 eos
1713 786 1815 840 lin»

229 881 322 927 teo
351 888 462 942 quo
487 873 913 931 erataceinctus
937 875 958 907 ⁷
1013 891 1080 932 eo
1112 877 1260 947 quod
1288 877 1538 949 discipuli
1574 878 1811 936 humiles

227 964 358 1019 facti
385 973 565 1020 erant.

304 1055 426 1111 Pari
457 1057 676 1128 quidem
715 1058 946 1126 ratione,
971 1059 1307 1116 dilectissimi
1339 1062 1392 1116 in
1413 1061 1659 1128 Domino,
1689 1079 1812 1120 cum

215 1148 335 1218 jam
362 1149 613 1204 videritis
641 1150 865 1222 gloriam
897 1151 1134 1218 Domini,
1160 1160 1216 1208 et
1243 1156 1607 1223 cognoveritis
1638 1157 1813 1211 luere-

229 1241 459 1294 ditatem
509 1241 627 1310 ejus
675 1256 838 1311 quam
892 1244 1024 1298 estis
1078 1247 1443 1313 consecuturi,
1482 1248 1734 1306 dimittite
1783 1265 1812 1304 a

226 1329 385 1384 vobis
422 1330 651 1400 gloriam
687 1332 989 1401 hominum,
1019 1345 1074 1391 et
1097 1336 1372 1405 persistite
1399 1337 1451 1392 in
1483 1340 1585 1394 hac
1617 1357 1813 1410 magna

226 1421 562 1486 humilitate,
601 1438 702 1479 nec
755 1426 1023 1481 secedatis
1056 1426 1122 1482 de
1154 1426 1272 1482 loco
1305 1431 1356 1483 in
1390 1429 1567 1484 locum
1599 1445 1817 1502 propter

225 1513 458 1583 gloriam
491 1515 811 1583 hominum;
847 1518 1406 1574 oblivisceminienirn
1427 1530 1620 1577 vestra:
1635 1524 1818 1592 pristi-

225 1621 312 1662 nae
345 1609 706 1678 paupertatis.
736 1609 872 1666 Nam
913 1613 1070 1668 video
1117 1612 1403 1682 quosdam,
1437 1629 1666 1684 quorum
1703 1617 1817 1672 haec

225 1707 314 1753 est
367 1698 571 1770 imago,
632 1702 912 1757 hominum
967 1703 1181 1759 scilicet
1233 1704 1458 1774 gloriam
1515 1718 1813 1777 appetere:

1246 303 1302 357 S.
1343 302 1620 360 ANTONII
1661 300 1729 360 Μ.
1771 299 2066 359 ΔΒΒᾹΤΙδ
2104 301 2483 362 EPISTOLAE.

226 414 368 470 lium
402 413 624 479 asserit,
655 416 802 484 quod
852 415 1112 471 Dominus
1150 425 1332 473 noster
1360 417 1518 474 Jesus
1560 418 1809 474 Christus
1837 427 1883 482 Α
1915 429 2227 487 peccatum,

3352 309 3376 364 1
3386 305 3491 366 033

2303 419 2389 474 cui
2473 417 2832 490 nosmetipsos
2889 418 3216 489 subjecimus
3274 435 3488 492 sponte.

1993 509 2318 574 Satagamns
2344 509 2507 580 igitur
2539 518 2736 565 terram
2767 510 3142 579 promissionis
3162 512 3392 582 ingredi,
3421 513 3489 566 ad

1915 615 2076 670 quam
2117 601 2343 672 ingressi
2385 600 2662 657 servitutis
2693 611 2891 657 nostrae
2923 616 3029 656 non
3073 602 3490 672 obliviscamur;

1916 705 2101 746 verum
2153 706 2366 761 semper
2414 692 2555 747 illius
2593 693 3031 756 reminiscamur,
3066 707 3135 748 ne
3183 693 3407 749 edentes
3437 703 3494 750 et

1917 781 2162 836 bibentes
2213 781 2408 850 ingrati
2449 781 2766 836 elIiriamur.
2819 781 2929 838 Nec
2973 783 3180 854 Moyses
3229 784 3494 840 duntaxat

1916 871 2030 926 haec
2057 887 2155 927 nos
2189 873 2378 937 docet;
2417 875 2510 929 sed
2539 884 2591 930 et
2628 873 2820 944 reliqui
2854 875 3130 946 propheta:
3157 877 3359 944 pariter
3390 891 3489 933 nos

1917 962 2116 1018 docent
2145 973 2202 1018 ut
2231 980 2336 1018 non
2371 965 2754 1020 obliviscamur
2784 974 3092 1020 nostrorum
3122 975 3490 1036 peccatorum,

1917 1069 2036 1124 qum
2063 1056 2175 1126 jam
2213 1057 2366 1112 nobis
2400 1058 2728 1112 condonavit
2773 1057 2943 1121 Deus,
2983 1073 3322 1130 quorumque
3351 1059 3494 1116 obli-

1919 1155 2005 1202 tus
2035 1156 2119 1202 est
2152 1146 2318 1211 Deus;
2364 1151 2458 1204 sed
2491 1158 2548 1203 ιιι
2593 1164 2780 1204 eorum
2814 1165 3028 1220 semper
3058 1151 3493 1215 reminiscamur,

1919 1251 1976 1294 ut
2025 1249 2281 1308 perpetuo
2333 1242 2561 1297 humiles
2617 1243 2787 1296 sinms
2827 1257 3011 1296 coram
3061 1243 3312 1307 Domino,
3348 1244 3490 1299 sicut

1918 1332 2009 1403 qui
2042 1341 2189 1387 stant
2215 1347 2396 1387 coram
2429 1348 2513 1397 eo,
2540 1335 2625 1388 cui
2658 1335 2836 1391 debito
2863 1347 2990 1390 sunt
3018 1337 3248 1392 astricti.
3278 1335 3495 1394 intuea-

1920 1425 2049 1478 miui
2094 1425 2256 1479 etiam
2308 1423 2474 1478 David
2510 1427 2854 1494 prophetam,
2897 1429 2988 1498 qui
3027 1444 3149 1484 cum
3190 1431 3498 1500 peccaverit

1918 1513 1970 1566 in
2005 1527 2226 1567 uxorem
2257 1512 2418 1576 Uriaa,
2450 1522 2503 1568 et
2533 1515 2942 1583 reprehenderit
2969 1531 3092 1572 eum
3124 1517 3335 1574 Nathan
3365 1535 3497 1590 pro.

1917 1604 2078 1672 pheta
2112 1605 2254 1659 illius
2285 1621 2470 1670 causa,
2498 1615 2553 1660 et
2584 1619 2804 1678 propter
2837 1609 2888 1662 id
2918 1610 3060 1677 quod
3091 1611 3144 1665 in
3175 1612 3348 1666 virum
3381 1612 3498 1684 ejus

1919 1705 2343 1765 perpetraverat,
2393 1697 2576 1752 audita
2615 1699 3036 1768 reprehensione
3069 1702 3352 1759 confestim
3383 1720 3498 1774 pm-

225 1806 394 1862 quam
431 1803 612 1847 autem
664 1793 708 1846 si
741 1795 1018 1850 consecuti
1052 1796 1255 1851 iuerint
1295 1798 1346 1852 in
1397 1800 1817 1871 congregatione

1928 1789 2144 1842 nitentia
2174 1790 2366 1844 ductus
2417 1800 2520 1855 est,
2573 1802 2628 1846 et
2680 1791 3014 1848 humiliatus.
3062 1793 3243 1862 Quare
3273 1795 3411 1851 dixit
3448 1796 3499 1852 ei

223 1896 338 1937 suae
375 1883 753 1949 habitationis,
781 1887 848 1940 ad
874 1887 1012 1943 alias
1040 1902 1162 1943 sese
1196 1889 1437 1959 recipere
1463 1903 1656 1946 curant
1682 1908 1816 1948 con-

227 1975 599 2043 grcgationes,
642 1987 702 2030 ιιι
745 1978 998 2034 humana:
1060 1980 1244 2050 gloriae
1289 1982 1370 2037 eis
1421 1985 1513 2037 liat
1552 1986 1812 2040 accessio.

233 2066 616 2135 Aguosccutes
650 2069 835 2139 itaque
864 2070 986 2133 hoc,
1036 2070 1184 2124 ﬁlioli
1221 2073 1347 2139 mei,
1389 2074 1556 2129 nolite
1585 2075 1651 2130 de
1687 2091 1817 2131 con-

232 2159 554 2226 grcgatiouc
591 2161 641 2212 in
683 2162 1155 2231 congregationem
1193 2179 1287 2219 vos
1321 2169 1560 2236 recipere
1596 2183 1819 2240 propter

228 2247 512 2303 hominum
565 2250 827 2320 gloriam;
854 2267 1038 2308 verum
1072 2262 1242 2310 estote
1267 2271 1433 2326 penes
1459 2262 1818 2332 vosmetipsos

224 2340 369 2398 sicut
399 2342 574 2415 pueri,
623 2352 674 2397 et
730 2343 1013 2400 imitemini
1049 2345 1183 2401 duos
1219 2348 1338 2404 illos
1370 2348 1596 2407 Joannis
1637 2355 1818 2422 Bapti»

224 2445 324 2491 sla;
377 2437 690 2508 discipulos,
740 2437 828 2506 qui
876 2451 1218 2507 nequaquam
1255 2440 1401 2495 illum
1433 2444 1814 2512 destituerunt,

223 2526 572 2584 intendentes
619 2528 762 2598 apud
809 2527 970 2582 alium
1002 2529 1230 2600 gloriam
1271 2535 1558 2602 aucupari;
1597 2538 1690 2592 sed
1721 2553 1818 2593 co-

226 2631 574 2688 gnoscentes,
625 2620 770 2690 quod
830 2619 1090 2675 Dominus
1148 2621 1305 2678 Jesus
1355 2624 1606 2683 Christus
1667 2639 1818 2685 esset

223 2712 404 2776 major
449 2708 678 2778 Joanne,
715 2712 1028 2769 testimonio
1073 2710 1314 2782 ejusdem
1348 2713 1574 2773 Joannis
1625 2719 1692 2776 de
1731 2720 1818 2775 illo

223 2801 526 2869 perhibito,
562 2805 731 2859 secuti
769 2811 900 2859 sunt
932 2816 1054 2858 eum
1102 2813 1158 2857 ut
1194 2804 1386 2860 ﬁerent
1430 2822 1494 2861 ex
1545 2812 1820 2866 renovatis

226 2893 436 2961 pueris.
484 2895 561 2946 Ita
610 2911 740 2967 ergo
778 2895 945 2952 facile
977 2896 1124 2950 omni
1178 2905 1440 2966 tempore,
1473 2901 1822 2970 quotiescun-

225 2999 333 3052 que
370 2984 437 3036 ad
483 2986 739 3053 majorem
777 2983 932 3041 vobis
966 2987 1326 3051 accesserit-is,
1369 2999 1426 3043 ut
1461 2991 1820 3061 adimpleatur

227 3075 284 3128 iu
352 3076 507 3130 vobis
557 3078 816 3146 scriptum
851 3097 865 3132 :
906 3073 1264 3132 Renovabitur
1312 3079 1550 3147 iuventus
1597 3092 1710 3150 tua,
1761 3096 1816 3140 ut

1919 1881 2128 1937 Nathan
2168 1898 2181 1935 :
2213 1879 2339 1934 1am
2370 1883 2567 1936 dimisit
2601 1884 2696 1938 tibi
2723 1884 2860 1939 Deus
2882 1889 3098 1954 peccata
3127 1896 3217 1942 tua
3238 1887 3302 1942 ¹¹.
3331 1888 3500 1944 David

1921 1987 2050 2026 vero
2083 1983 2430 2041 peccatorum
2457 1975 2612 2029 venia
2662 1987 2979 2042 consecuta,
3016 1975 3227 2032 illorum
3258 1979 3500 2048 profecto

1919 2063 2119 2118 oblitus
2169 2078 2275 2117 non
2311 2072 2412 2127 est,
2462 2079 2562 2120 nec
2613 2083 2642 2120 a
2691 2081 2749 2120 se
2789 2069 3103 2124 memoriam
3145 2068 3372 2135 dimisit,
3406 2072 3500 2126 sed

1921 2171 2039 2210 eam
2072 2156 2376 2226 posteritati
2410 2158 2804 2227 consignavit"
2835 2175 2849 2214 :
2876 2158 3186 2232 factumque
3219 2171 3302 2218 est
3333 2163 3384 2218 id
3433 2166 3501 2218 ad

1921 2249 2237 2304 memoriam
2262 2250 2316 2304 in
2346 2250 2596 2305 omnibus
2622 2251 3064 2321 generationibus
3087 2266 3116 2307 a
3147 2255 3501 2322 generatione

1922 2342 1974 2393 in
2017 2337 2448 2409 generationem.
2494 2341 2558 2396 Et
2588 2351 2881 2397 consecuta
2924 2344 3140 2413 quidem
3170 2345 3350 2408 venia,
3379 2347 3457 2400 ait
3481 2339 3506 2402 :i

1926 2429 2126 2484 Docebo
2153 2431 2360 2500 iniquos
2381 2432 2489 2485 vias
2512 2441 2705 2497 tuas,et
2731 2434 2879 2501 impii
2903 2436 2972 2488 ad
2989 2443 3038 2488 te
3051 2444 3416 2490 convertentur
3434 2436 3500 2488 ¹³.

1921 2519 2052 2587 Quae
2086 2523 2273 2591 utique
2301 2522 2481 2576 omnia
2511 2523 2649 2578 dixit
2678 2525 2867 2592 David,
2913 2535 2970 2580 ut
2997 2527 3282 2582 addiscant
3317 2529 3385 2584 ab
3413 2528 3501 2584 illo

1921 2627 2110 2668 omnes
2160 2623 2494 2683 peccatores,
2544 2629 2750 2686 eosque
2785 2619 3045 2688 poeniteat
3071 2619 3135 2674 ad
3162 2620 3279 2689 ejus
3313 2621 3500 2676 simili-

1923 2704 2194 2770 tudinem;
2233 2715 2287 2760 et
2319 2714 2376 2759 ut
2405 2721 2627 2760 suorum
2659 2718 3004 2777 peccatorum
3036 2725 3155 2780 quae
3182 2710 3287 2766 illis
3315 2711 3501 2766 diruit-

1924 2804 2110 2850 tuntur
2151 2811 2256 2852 non
2304 2797 2718 2865 obliviscantur,
2765 2801 2858 2856 sed
2906 2801 3120 2857 illorum
3153 2818 3369 2874 semper
3392 2805 3504 2860 siut

1930 2904 2216 2959 memores.
2239 2889 2502 2947 Similiter
2517 2893 2653 2947 dixit
2669 2893 2812 2948 Deus
2827 2893 3126 2963 perlsaiam
3147 2896 3460 2966 prOphctam
3487 2915 3500 2951 :
3521 2901 3526 2910 '

1927 2979 2061 3034 Ecce
2102 2981 2247 3036 deleo
2293 2983 2596 3053 iniquitates
2632 2996 2775 3051 tuas,
2809 2995 2858 3040 et
2895 2996 3227 3054 peccatorum
3271 3003 3374 3041 non
3417 3001 3502 3042 re-

1925 3071 2297 3126 cordabuntu
2345 3089 2463 3128 vero
2512 3075 2725 3128 illorum
2773 3084 2893 3130 ante
2932 3077 3110 3130 omnia
3150 3079 3503 3145 reminiscere,

225 3167 487 3238 aquilis".
546 3168 611 3222 Et
657 3169 820 3224 dicite
853 3187 867 3224 :
900 3166 1224 3228 Peccatores
1279 3172 1463 3242 utique
1506 3189 1714 3244 sumus,
1761 3185 1817 3234 et

1928 3172 1979 3214 ut
2003 3161 2392 3231 justiﬁceris“.
2412 3163 2592 3230 Quare
2620 3167 2892 3234 peccatori
2925 3182 3024 3238 par
3051 3177 3154 3232 est,
3185 3180 3241 3223 ut
3264 3185 3386 3224 cum
3418 3170 3505 3226 di-

224 3263 442 3331 plorate
506 3263 861 3333 vosmetipsos
913 3271 1134 3334 propter
1179 3277 1242 3317 ea
1287 3278 1415 3332 quae
1464 3265 1655 3322 inscite
1689 3267 1820 3324 feei-

225 3353 352 3408 stis.
387 3353 454 3408 Et
484 3366 708 3426 propter
742 3357 844 3412 hoc
873 3355 1094 3427 quidem
1126 3369 1253 3410 vere
1282 3356 1384 3410 erit
1417 3359 1690 3414 vobiscum
1719 3376 1816 3416 vo-

225 3445 416 3502 luntas
464 3447 700 3511 Domini,
730 3457 783 3504 et
827 3449 878 3504 in
915 3447 1069 3502 vobis
1111 3462 1345 3517 operans
1376 3469 1389 3505 :
1420 3450 1617 3520 quippe
1649 3451 1819 3510 bonus

226 3547 313 3593 est
335 3553 400 3594 ac
429 3538 708 3596 dimittens
733 3555 955 3611 peccata
979 3539 1218 3595 onmium
1251 3545 1635 3600 revertentium
1663 3550 1729 3600 ad
1759 3562 1818 3603 se

225 3646 293 3684 ex
331 3631 588 3686 omnibus
636 3633 977 3698 hominibus,
1014 3647 1113 3687 nec
1151 3633 1364 3688 illorum
1401 3636 1594 3690 iterum
1633 3653 1817 3693 recor-

226 3724 474 3780 dabitur.
515 3723 899 3781 Verumtamen
935 3725 1069 3785 vult,
1119 3733 1178 3780 ut
1233 3725 1334 3795 ipsi
1391 3741 1658 3784 memores
1712 3730 1822 3784 sint

227 3830 459 3870 suorum
489 3826 836 3885 peccatorum
877 3833 996 3886 qum
1028 3816 1295 3872 hactenus
1327 3826 1727 3888 perpetrarunt,
1755 3835 1822 3876 ne

226 3921 422 3962 eorum
469 3907 875 3973 obliviscentes,
908 3910 1170 3963 rationem
1211 3909 1435 3964 reddere
1465 3922 1728 3980 cogantur
1753 3912 1822 3967 de

228 3998 302 4053 iis
341 3998 582 4068 peccatis
610 4014 729 4068 qua:
757 3997 868 4068 jam
902 4001 1002 4054 sibi
1047 4009 1177 4056 sunt
1202 4003 1503 4056 condonata
1542 4021 1554 4057 :
1589 4019 1711 4058 nam
1747 4003 1819 4059 ita

227 4105 368 4146 sane
394 4091 597 4145 accidit
639 4105 796 4147 servo
830 4090 927 4167 illi,
959 4092 1045 4146 cui
1081 4091 1365 4146 remiserat
1411 4095 1658 4150 dominus
1689 4112 1820 4152 suns

227 4197 355 4252 qua:
390 4181 466 4236 illi
511 4181 742 4236 debebat
789 4181 1016 4236 talenta.
1052 4180 1416 4240 Obliviscente
1450 4200 1580 4240 vero
1607 4188 1681 4243 rei
1719 4191 1821 4245 bu-

222 4271 561 4345 juscemodi,
603 4279 660 4326 et
703 4271 886 4341 inique
929 4282 1125 4342 agente
1176 4274 1230 4327 in
1280 4288 1606 4330 conservum
1639 4293 1818 4344 suum,

231 4367 454 4436 repetiit
485 4368 554 4419 ab
593 4364 684 4418 illo
729 4364 983 4420 dominus
1034 4380 1164 4421 suus
1207 4365 1468 4437 quidquid
1511 4368 1561 4423 ei
1591 4370 1825 4426 debebat

229 4459 378 4529 quod
425 4458 476 4512 ei
519 4457 630 4528 ja-m
671 4459 968 4525 dimiserat,
1005 4473 1072 4514 eo
1117 4459 1260 4528 quod
1301 4460 1556 4516 misertus
1602 4477 1706 4518 non
1751 4464 1822 4518 sit

231 4566 504 4610 conservo
548 4567 672 4619 suo,
703 4552 1026 4606 dimittendo
1049 4553 1097 4607 ei
1129 4562 1346 4608 centum
1378 4554 1674 4622 denarios;
1702 4571 1822 4626 qua:

233 4660 450 4702 summa
482 4660 651 4716 parva
684 4652 804 4699 erat
833 4653 1078 4711 respectu
1108 4643 1254 4700 illius
1285 4644 1428 4713 quod
1454 4645 1502 4699 ei
1535 4646 1820 4702 dimissum

230 4739 482 4796 fuerat’.
526 4737 738 4810 Moyses
787 4753 1004 4808 quoque
1051 4739 1311 4809 praecepit
1364 4739 1559 4808 p0pulo
1607 4754 1728 4807 suo,
1769 4751 1825 4794 ιιι

231 4847 342 4888 non
391 4831 808 4888 oblivisceretur
855 4846 1076 4885 suorum
1137 4831 1376 4902 priorum
1439 4843 1820 4902 peccatorum,

232 4927 429 4980 dicens
473 4925 553 4979 eis
582 4943 596 4979 :
626 4923 992 4994 Ingredientes
1033 4925 1088 4979 in
1137 4934 1333 4978 terram
1379 4925 1706 4980 ha’reditatis
1743 4943 1826 4980 re-

230 5028 382 5082 strw,
413 5028 609 5082 carete,
644 5025 702 5070 ut
733 5033 798 5071 ne
823 5032 942 5070 cum
969 5005 1125 5070 ditari
1168 5015 1400 5085 fueritis,
1441 5018 1608 5073 edatis
1653 5028 1701 5072 et
1746 5019 1824 5072 bi-

231 5112 396 5173 bulis,
423 5118 472 5163 et
516 5109 711 5179 ingrati
746 5109 1046 5178 e/ﬁciamini
1064 5126 1084 5174 ;
1113 5110 1203 5164 sed
1232 5111 1632 5165 reminiscimini
1656 5111 1824 5167 serui-

232 5205 367 5259 tutis
409 5213 592 5257 vesme
625 5202 680 5256 in
707 5201 966 5272 Egypto,
1002 5210 1158 5269 atque
1187 5217 1369 5255 eorum
1405 5217 1609 5271 quoque
1637 5201 1826 5272 quibus

230 5299 306 5350 ad
335 5294 673 5348 iracundiam
702 5295 1024 5364 prorocastis
1070 5291 1354 5347 Dominum
1391 5293 1448 5346 in
1483 5294 1682 5348 deserto
1716 5306 1736 5345 :
1775 5301 1828 5347 et

231 5391 350 5451 huc
381 5388 634 5440 memoria
672 5387 740 5440 sit
767 5385 908 5441 nobis
941 5384 1403 5454 totaperdurante
1428 5396 1596 5440 vestra
1634 5385 1824 5440 vita".

215 5459 233 5492 ’
305 5479 376 5538 Et
407 5479 511 5534 hoc
548 5493 702 5544 sane,
739 5477 888 5532 ﬁlioli
919 5478 1047 5544 mei,
1082 5476 1150 5532 ad
1180 5484 1422 5531 nostram
1465 5474 1825 5532 eruditionem

228 5586 342 5641 est,
373 5588 500 5633 cum
533 5571 623 5627 diu
675 5571 819 5626 servi
873 5569 1135 5626 fuerimus
1178 5569 1231 5624 iu
1279 5567 1517 5640 ngypto
1576 5585 1698 5640 qua:
1748 5578 1832 5626 est

302 5689 508 5746 ’.Ιυειηι
564 5702 683 5752 xm,
730 5685 765 5740 3
813 5700 934 5755 sqq.
1043 5684 1234 5741 °Psa|.
1287 5699 1384 5749 cu,
1425 5685 1481 5740 5.

223 5781 331 5829 ni,
367 5765 452 5821 l3.
535 5757 750 5814 "Psal.
805 5773 858 5822 ι,
900 5758 925 5811 1
978 5771 1099 5827 sqq.
1205 5757 1248 5788 ¹⁸
1299 5756 1430 5814 ibid.
1471 5756 1557 5811 l5.

1598 5685 1618 5717 ⁹
1644 5681 1835 5754 Matth.
1876 5697 2032 5746 mu,
2080 5680 2172 5754 2i
2205 5697 2326 5754 sqq.

1639 5754 1684 5788 “
1713 5753 1817 5810 lsa.
1850 5769 2006 5822 scut,
2033 5753 2126 5822 ‘25,
2153 5753 2244 5811 26.

1927 3254 2137 3308 miserit
2166 3253 2240 3308 illi
2273 3255 2413 3309 Deus
2442 3264 2662 3324 peccata
2693 3272 2812 3323 sua,
2841 3257 2952 3326 ipse
2983 3258 3196 3315 illorum
3229 3276 3334 3316 non
3366 3261 3505 3316 obli-

1927 3347 2187 3410 viscatur,
2215 3346 2310 3402 sed
2345 3361 2551 3400 memor
2582 3347 2674 3410 sit,
2705 3355 2763 3402 ut
2789 3348 3132 3414 iustiﬁcetur.
3163 3351 3255 3408 Ait
3294 3368 3508 3424 quoque

1928 3452 2024 3507 per
2045 3436 2334 3492 Jercmiam
2365 3434 2678 3506 prophetam
2705 3456 2720 3493 :
2754 3437 3094 3495 Rerertimini
3120 3445 3190 3497 ad
3217 3461 3318 3512 me,
3339 3448 3507 3500 omnis

1927 3532 2112 3584 domus
2143 3529 2351 3594 Israel;
2373 3517 2424 3586 et
2456 3547 2558 3584 non
2587 3531 2835 3584 inducant
2864 3535 3311 3602 reprehensionem
3341 3555 3508 3594 meam

1927 3639 2083 3692 super
2110 3639 2196 3676 vos
2221 3641 2239 3688 ;
2269 3625 2516 3694 quoniam
2563 3625 2863 3679 misericors
2896 3642 3035 3691 sum,
3064 3628 3200 3683 dixit
3230 3630 3509 3698 Dominus,

1927 3729 1974 3772 et
2005 3732 2110 3770 non
2139 3716 2344 3770 irascor
2371 3716 2508 3770 vobis
2539 3715 2595 3768 in
2624 3726 2970 3786 perpetuum;
2996 3731 3348 3777 uerumtamen
3381 3726 3510 3779 scito

1928 3810 2260 3879 iniquitatem
2289 3818 2455 3874 tuam,
2490 3824 2550 3862 eo
2575 3809 2713 3880 quod
2747 3811 2824 3862 tui
2870 3812 3035 3878 ipsius
3061 3813 3257 3866 inscius
3287 3830 3362 3882 es,
3388 3827 3436 3870 et
3460 3819 3534 3869 in

1929 3901 2097 3958 Deum
2128 3912 2277 3956 tuum
2315 3902 2509 3971 impius
2545 3902 2759 3972 effectus
2782 3904 2911 3957 es".

2005 3994 2206 4049 Eadem
2245 3988 2475 4060 ratidne,
2501 3993 2649 4050 ﬁlioli
2681 3997 2809 4062 mei,
2845 4012 2944 4052 nos
2969 4007 3206 4068 oportet,
3239 4009 3298 4055 ut
3328 4000 3516 4056 dimit-

1934 4095 2082 4142 tente
2131 4087 2289 4143 nobis
2321 4087 2550 4143 Domino
2583 4101 2771 4147 nostro
2801 4101 3021 4161 peccata
3053 4103 3262 4161 nostra,
3292 4096 3515 4151 minime

1931 4196 1993 4234 ea
2024 4181 2294 4236 nobismet
2331 4181 2462 4251 ipsis
2496 4182 2856 4251 dimittamus,
2886 4185 2982 4240 sed
3025 4200 3212 4241 eorum
3247 4189 3514 4256 paeniten-

1935 4273 2023 4328 tiae
2051 4273 2402 4330 renovatione
2431 4289 2649 4344 semper
2676 4291 2944 4332 memores
2969 4277 3160 4333 simus.
3189 4276 3325 4334 Hinc
3349 4278 3514 4334 Joan-

1934 4380 2030 4420 nes
2049 4363 2309 4435 Baptista,
2335 4367 2460 4420 dum
2483 4366 2737 4436 populum
2773 4369 2840 4421 ad
2867 4368 3242 4427 remissionem
3273 4371 3515 4440 baptiza-

1933 4453 2046 4518 bat,
2079 4456 2330 4524 praecepit
2377 4456 2458 4510 eis
2491 4456 2716 4512 dicens:
2747 4455 2925 4513 Nolite
2967 4473 3219 4516 cnrarum
3253 4477 3374 4518 esse
3417 4478 3516 4518 ex-

1933 4556 2113 4617 pertes
2142 4547 2213 4602 ob
2243 4549 2620 4604 remissionem
2653 4561 3001 4618 peccatorum
3048 4563 3378 4624 vestrorum,
3420 4559 3516 4612 sed

1932 4634 2118 4692 Facite
2147 4637 2350 4706 fructus
2384 4641 2572 4708 dignos
2619 4641 2970 4708 pwnitentiw;
2995 4645 3115 4714 jam
3143 4648 3281 4700 enim
3318 4649 3518 4702 securis

1931 4729 2105 4798 posita
2141 4739 2216 4784 est
2263 4732 2333 4784 ad
2387 4731 2592 4785 radices
2637 4731 2884 4789 arborum
2905 4753 2924 4800 ;
2956 4738 3126 4791 omnis
3156 4751 3331 4793 autem
3360 4742 3521 4794 arbor

1932 4835 2034 4874 non
2054 4820 2387 4890 fructi/icons
2403 4822 2635 4892 fructum
2658 4826 2870 4893 bonum,
2891 4828 3162 4883 excidetur
3192 4840 3239 4885 et
3271 4832 3325 4885 in
3347 4832 3519 4902 ignem

1933 4912 2251 4967 mittetur“.
2279 4911 2410 4979 Quae
2436 4916 2653 4984 quidem
2685 4918 2738 4972 in
2765 4929 2998 4974 vestram
3033 4923 3280 4976 revocavi
3311 4929 3489 4978 mento
3515 4953 3519 4957 ε

1935 5007 2095 5073 riam,
2150 5007 2489 5064 dilectissimi
2533 5012 2660 5076 mei,
2723 5027 2845 5067 cum
2906 5022 3207 5070 vestrarum
3255 5017 3517 5072 virtutum

1935 5098 2327 5170 magnitudinis
2358 5114 2568 5156 memor
2593 5102 2728 5169 sim;
2760 5113 2898 5160 etne
2923 5106 3318 5177 negligentibus
3345 5111 3518 5176 vobis,

1935 5193 2260 5249 obscuretur
2300 5193 2480 5248 lumen
2528 5205 2803 5262 vestrum;
2841 5213 2904 5252 ac
2945 5210 3230 5268 praeterea,
3267 5210 3324 5254 nt
3358 5203 3522 5274 .vohis

1937 5285 2179 5341 accessio
2240 5289 2334 5340 ﬁat
2392 5286 2661 5342 fructuum
2708 5288 2996 5359 dignorum
3043 5300 3227 5348 vestro
3277 5295 3523 5367 angelico

1939 5379 2126 5434 habitu
2158 5393 2268 5450 quo
2297 5381 2431 5436 estis
2455 5381 2649 5436 induti.
2684 5381 2797 5439 Hoc
2821 5384 2986 5439 etiam
3012 5385 3216 5450 sciatis,
3249 5389 3523 5458 quomodo

1939 5472 2214 5538 videlicet,
2251 5473 2532 5528 inveniens
2565 5476 2726 5532 homo
2761 5476 2849 5533 ille
2886 5458 3194 5534 thesaurum
3231 5481 3522 5538 abscondi-

1941 5574 2052 5620 tum
2085 5567 2138 5621 in
2167 5581 2318 5637 agro,
2349 5567 2586 5623 vendidit
2609 5570 2788 5624 omnia
2821 5588 2940 5641 qua!
2966 5575 3524 5643 possidebat,etemit

2419 5684 2507 5757 _“°
2538 5682 2691 5739 Deut.
2735 5701 2851 5749 vm,
2891 5687 2952 5741 Η
2998 5702 3119 5757 sqq.
3232 5687 3270 5717 “
3311 5685 3350 5740 ll
3386 5688 3518 5757 Reg.

2325 5754 2371 5787 ¹⁵
2395 5752 2600 5810 Jercm.
2636 5772 2717 5825 ιιι,
2751 5757 2837 5823 l2,
2867 5757 2948 5814 l5.
3028 5752 3234 5813 1Visne.
3261 5773 3342 5825 ιιι,
3379 5755 3432 5825 8,
3461 5758 3518 5815 9.
