3860 6342
326 302 467 360 Ιθὸθ

1414 296 1687 352 PATRES
1726 293 2028 351 ᾸΞΟῩΡΤΙΙ
2071 293 2341 351 ΒᾸΞΟΟΙᾸ
2384 292 2472 349 lV.

3430 289 3599 348 ιοω

325 437 515 492 agrum
557 420 786 477 illum".
815 420 1005 475 Vestra
1052 427 1230 474 autem
1269 434 1430 484 nunc,
1461 419 1798 474 dilectissimi
1834 418 1887 472 in
1919 424 1962 480 Α
1995 427 2141 485 ptum
2184 425 2265 471 est
2303 436 2315 471 :
2354 414 2420 469 Et
2462 412 2684 468 Verbum
2729 428 2850 466 mro
2889 411 3084 481 factum
3116 420 3212 473 est,
3239 409 3598 466 et'habitavit

327 510 575 575 Domino,
605 509 773 581 gloria
801 508 911 577 jam
938 507 1111 578 palam
1146 508 1283 562 facta
1309 516 1392 563 est
1419 508 1470 561 in
1495 508 1744 561 universa
1772 521 1893 576 par-

328 598 642 669 ticipatione
665 616 681 653 :
708 606 1075 653 verumtamen
1112 596 1176 651 de
1218 597 1317 650 hoc
1343 595 1507 650 nolite
1536 596 1794 666 cogitare,
1825 610 1892 650 ne

328 688 656 756 gloriemini,
690 688 780 743 sed
816 687 1136 743 humilitatis
1164 696 1217 741 et
1251 686 1677 765 mansuetudinis
1701 685 1890 754 pristi-

330 797 414 836 nae
441 789 634 837 vestra:
667 780 1002 849 paupertatis
1037 778 1480 845 reminiscimini;
1513 789 1566 833 et
1593 778 1744 832 eritis
1768 792 1893 846 pro-

330 872 474 929 fecto
505 882 758 941 tanquam
804 870 855 925 id
894 870 1223 939 ignorantes.
1260 868 1469 924 Etenim
1515 869 1742 940 Moyses,
1774 884 1894 923 cum

333 962 666 1034 gloriﬁcatus
690 970 854 1027 esset,
888 960 1167 1030 ignorabat
1192 959 1530 1028 splendorem
1567 959 1751 1028 gloriae
1780 956 1896 1011 vul-

334 1067 421 1111 tus
441 1056 522 1109 sui
547 1065 762 1124 propter
783 1053 1139 1107 humilitatem
1155 1059 1209 1107 et
1230 1050 1693 1105 mansuetudinem
1708 1064 1895 1105 suam:

330 1145 557 1219 populus
580 1160 707 1199 vero
731 1144 782 1198 id
810 1153 1064 1211 noverat;
1095 1157 1262 1213 quare
1288 1143 1430 1197 illius
1464 1141 1724 1197 timebant
1752 1156 1899 1207 aspe-

330 1249 511 1304 ctum;
544 1245 598 1292 et
621 1239 719 1292 hac
741 1237 805 1291 de
828 1251 987 1290 causa
1014 1250 1163 1289 suam
1189 1235 1382 1290 velavit
1399 1232 1609 1305 Moyses
1633 1233 1898 1288 faciem“.

236 1392 249 1399 Α
332 1329 441 1386 Vos
480 1344 693 1400 quoque
731 1328 1064 1383 dilectissimi
1102 1328 1231 1391 mei,
1266 1326 1311 1381 si
1354 1325 1658 1394 abjeceritis
1689 1336 1718 1379 ει
1749 1327 1901 1380 vobis

332 1423 519 1479 caduci
548 1422 729 1478 mundi
760 1420 918 1489 hujus
946 1420 1102 1483 bona,
1131 1419 1221 1489 qui
1254 1426 1336 1472 est
1364 1427 1507 1473 terra
1537 1427 1898 1481 mortuorum,

330 1511 783 1584 quemadmodum
832 1524 953 1563 eum
1005 1508 1318 1576 abjeceruut
1351 1508 1385 1561 ii
1427 1522 1654 1577 quorum
1700 1509 1902 1562 mentio

333 1606 629 1676 prtecessit,
672 1604 825 1659 lirma
885 1604 956 1657 sit
1001 1617 1122 1673 spes
1174 1611 1374 1667 vestra,
1417 1600 1558 1670 quod
1610 1615 1639 1653 a
1675 1599 1905 1659 Domino

333 1697 649 1752 obtinebitis
696 1695 833 1749 bona
863 1692 915 1748 in
962 1701 1105 1748 terra
1143 1693 1451 1747 viventium.
1490 1690 1664 1746 Nolite
1693 1692 1892 1774 itaque,

1997 511 2053 563 in
2098 508 2331 563 nobis".
2380 507 2576 561 Paulus
2608 506 2770 560 etiam
2812 505 3084 573 apostolus
3126 501 3403 572 perlectus
3434 519 3598 574 pra-

1992 602 2160 670 ceptis
2192 614 2312 669 qua:
2359 606 2684 669 prteceperat
2717 597 2766 651 ei
2800 595 3079 660 Dominus,
3110 611 3234 649 cum
3270 595 3603 650 humilitate

1993 692 2127 745 dixit
2157 710 2171 745 :
2206 688 2408 745 Factus
2445 705 2557 741 sum
2594 704 2713 741 cum
2742 703 2844 742 non
2872 686 3091 740 habente
3117 685 3303 755 legem,
3325 694 3602 754 tanquam

1993 783 2154 853 legem
2183 800 2284 837 non
2309 782 2535 846 habens;
2566 782 2641 835 ita
2672 790 2729 834 ut
2758 781 2870 835 sine
2891 779 2997 849 lege
3024 778 3218 847 factus,
3240 777 3602 840 lucrifaciam

1994 890 2080 928 eos
2108 873 2199 941 qui
2231 888 2334 924 non
2357 872 2547 925 habent
2580 869 2829 940 legem".
2859 867 2967 922 Nec
2997 879 3259 938 praeterea
3292 867 3475 921 factus
3503 877 3606 922 est

1994 962 2285 1033 Apostolus
2321 970 2471 1015 extra
2504 975 2654 1014 suam
2685 957 3091 1028 perfectionem,
3118 956 3600 1027 quemadmodum

2000 1067 2173 1121 neque
2206 1060 2289 1106 est
2341 1049 2515 1105 factus
2547 1049 2805 1104 Dominus
2839 1057 2989 1102 extra
3034 1064 3185 1103 suam
3234 1048 3604 1103 divinitatem

1983 1160 2097 1215 .per
2129 1160 2278 1200 suam
2314 1142 2763 1225 incarnationem,
2798 1157 2920 1211 quae
2946 1143 3170 1196 omnino
3196 1141 3244 1195 ei
3273 1143 3604 1195 necessaria

1999 1246 2137 1300 erat,
2183 1236 2341 1291 sicuti
2393 1235 2588 1291 dicitur
2619 1235 2671 1288 in
2705 1233 2837 1303 lege,
2887 1243 2942 1288 et
2991 1242 3051 1286 ut
3098 1232 3359 1302 scriptum
3408 1242 3498 1287 est
3539 1235 3605 1286 in

2006 1327 2314 1398 Evangelio,
2346 1326 2489 1394 quod
2535 1323 2755 1379 Verbum
2783 1340 2907 1377 caro
2939 1324 3141 1393 factum
3170 1331 3270 1386 est,
3297 1335 3344 1377 et
3369 1324 3606 1377 habita—

2002 1420 2071 1473 vit
2099 1421 2153 1471 in
2181 1417 2351 1472 nobis.
2374 1416 2541 1487 Igitur
2561 1415 2849 1484 Apostolus
2878 1422 2996 1470 erat
3026 1414 3077 1468 iu
3102 1428 3199 1468 sua
3229 1413 3604 1483 perfectione,

2006 1511 2264 1580 quoniam
2308 1510 2541 1578 primum
2592 1507 2850 1563 liberatus
2892 1516 2973 1560 est
3023 1510 3091 1560 ab
3115 1505 3369 1560 omnibus
3400 1505 3601 1559 malis.

2010 1605 2260 1660 Secundo
2305 1604 2465 1659 nullis
2501 1603 2756 1670 deinceps
2793 1600 3073 1656 inservivit
3106 1600 3603 1669 concupiscentiis,

2008 1712 2072 1751 eo
2102 1696 2242 1766 quod
2273 1696 2553 1764 religiosus
2578 1694 2749 1748 factus
2770 1702 2938 1747 esset.
2969 1691 3269 1747 Novissime
3293 1706 3423 1746 vero
3450 1691 3610 1745 liber

336 1787 484 1843 filioli
538 1787 642 1842 mei
687 1785 974 1848 benedicti,
1026 1793 1271 1852 satagere
1319 1782 1536 1853 placere
1592 1782 1903 1836 hominibus
1939 1790 1980 1843 Β
2012 1785 2236 1841 elfectus
2269 1792 2353 1839 est
2386 1784 2579 1838 intuitu
2627 1782 2837 1836 Domini
2869 1780 2994 1837 Jesu
3028 1780 3262 1844 Christi;
3299 1796 3410 1850 quo
3449 1782 3605 1843 viso,

333 1879 429 1950 qui
460 1887 587 1935 sunt
627 1878 679 1933 in
718 1877 937 1947 regione
963 1882 1316 1940 mortuorum,
1345 1890 1410 1929 ne
1438 1876 1574 1930 forte
1600 1873 1708 1929 Deo
1735 1874 1787 1928 in
1822 1890 1908 1929 re-

336 1973 499 2040 gione
537 1970 828 2026 viventium
859 1969 1073 2039 placere
1108 1967 1409 2038 nequeatis.
1453 1964 1680 2022 Ohtenta
1724 1973 1905 2021 autem

334 2062 605 2120 solutione
648 2076 680 2115 a
728 2062 921 2117 vestris
991 2060 1256 2129 peceatis,
1302 2058 1466 2114 nolite
1510 2059 1908 2128 vobismetipsis

336 2170 559 2225 parcere
587 2153 710 2220 soli,
744 2169 813 2209 ne
856 2154 1179 2223 impotentes
1204 2152 1313 2207 sint
1355 2152 1689 2222 paenitentiae
1715 2164 1909 2209 vestrae

335 2247 576 2315 fructus;
611 2262 796 2303 verum
837 2247 1116 2302 imitemini
1160 2248 1435 2302 doctorem
1467 2246 1615 2300 orbis
1646 2255 1906 2301 terrarum

336 2337 560 2393 Paulum
583 2338 904 2409 apostolum,
933 2338 1025 2408 qui
1051 2346 1334 2409 postquam
1362 2338 1664 2407 pepercerit
1692 2339 1738 2393 ei
1770 2338 1910 2392 Deus

338 2426 647 2495 apparendo
686 2426 785 2494 illi,
831 2443 1064 2497 euntque
1106 2427 1450 2496 alloquendo,
1502 2429 1719 2483 sibimet
1764 2429 1910 2483 solus

338 2533 445 2571 non
483 2519 739 2589 pepercit,
769 2532 867 2574 nec
910 2520 1148 2588 pristina:
1174 2520 1373 2575 oblitus
1397 2530 1479 2574 cst
1504 2520 1747 2575 stultitiae
1776 2536 1910 2584 sum,

337 2606 490 2673 cujus
528 2605 786 2661 Dominus
835 2620 932 2661 sna
970 2608 1341 2663 misericordia
1387 2599 1588 2662 oblitus
1632 2616 1772 2673 erat,
1816 2607 1911 2661 sed

339 2695 417 2749 ait
443 2712 457 2750 :
492 2694 843 2765 Pet-sequebar
872 2695 1163 2751 Ecciesiam
1191 2696 1287 2751 Dei
1307 2698 1349 2732 ὀ
1373 2715 1387 2752 :
1414 2705 1467 2751 et
1492 2698 1575 2752 his
1603 2696 1822 2751 similia.
1851 2696 1915 2750 Et

345 2786 603 2843 Dominus
634 2798 822 2844 noSter
850 2788 1009 2844 Jesus
1030 2788 1279 2845 Christus
1312 2790 1583 2847 custodiat
1621 2774 1789 2846 vos'iu
1814 2804 1913 2845 sua

342 2880 658 2937 obedientia
684 2880 736 2937 in
772 2888 1055 2937 aeternum.
1083 2882 1281 2938 Amen.

865 2994 1194 3052 EPISTOLA
1229 2994 1389 3053 XVII.

1048 3089 1190 3145 Dixit
1207 3104 1227 3143 :

2016 1879 2198 1931 statim
2239 1884 2469 1932 secutus
2500 1886 2584 1930 est
2625 1875 2740 1944 ejus
2787 1875 2930 1930 dicta
2965 1875 3083 1931 sine
3116 1889 3288 1940 mora,
3322 1884 3377 1931 et
3412 1872 3608 1929 factus

2014 1982 2098 2029 est
2122 1985 2330 2024 summe
2359 1969 2600 2026 humilis.

2089 2084 2350 2140 Similiter
2392 2098 2581 2139 omnes
2613 2082 2702 2152 qui
2748 2080 3146 2151 amplectuntur
3177 2081 3317 2135 dicta
3353 2081 3607 2143 Domini,

2015 2189 2344 2252 cognoscunt
2378 2179 2695 2242 veritatem;
2732 2178 2931 2232 veritas
2962 2191 3091 2232 vero
3118 2175 3314 2230 liberos
3353 2189 3448 2229 eos
3477 2173 3609 2228 elli-

2016 2275 2109 2338 cit,
2141 2282 2193 2326 et
2220 2272 2430 2326 animas
2454 2285 2641 2325 eorum
2672 2270 2833 2340 eripit
2860 2270 2927 2324 ab
2952 2268 3097 2323 omni
3132 2266 3292 2330 malo,
3324 2267 3605 2337 quemad-

2018 2363 2234 2417 modum
2265 2362 2435 2415 factus
2464 2369 2547 2414 est
2570 2359 2769 2414 Paulus
2815 2358 3123 2428 apostolus;
3159 2356 3355 2410 etenim
3390 2355 3607 2411 libera-

2022 2466 2106 2510 tor
2138 2463 2337 2519 noster,
2358 2454 2585 2509 liberum
2618 2451 2765 2506 illum
2793 2448 3072 2515 exhibuit;
3103 2448 3331 2517 ideoque
3355 2446 3490 2500 dixit
3523 2447 3604 2499 de

2019 2544 2353 2613 semetipso:
2388 2542 2577 2597 Nonne
2618 2541 2748 2595 liber
2806 2538 2965 2593 sum?
3021 2553 3193 2593 annon
3269 2536 3375 2591 vidi
3408 2535 3605 2589 Domi-

2019 2652 2144 2690 nam
2173 2650 2367 2700 meum,
2396 2634 2552 2687 sicuti
2590 2632 2827 2687 viderunt
2857 2628 3004 2683 illum
3046 2629 3127 2680 tllt‘
3153 2627 3407 2697 primi"?
3443 2626 3603 2681 Multi

2021 2737 2200 2781 autem
2237 2726 2420 2780 dicunt
2454 2725 2508 2779 in
2557 2723 2785 2779 stultitia
2837 2736 2971 2776 sua:
3004 2718 3244 2774 Vidimus
3274 2719 3461 2789 utique
3489 2718 3605 2772 Do-

2023 2819 2224 2873 minum
2267 2817 2451 2873 Jesum
2496 2817 2799 2881 Christum,
2848 2815 2987 2871 sicut
3037 2811 3286 2883 apostoli.
3337 2811 3436 2880 Qui
3471 2812 3603 2883 qui-

2023 2910 2166 2971 dem,
2188 2907 2331 2961 lilioli
2359 2907 2485 2970 mei,
2508 2906 2848 2976 decipiuntur
2869 2914 2922 2961 ct
2948 2906 3297 2971 seducuutur,
3323 2912 3377 2958 et
3410 2903 3603 2957 oculos

2024 3015 2130 3054 non
2176 2999 2377 3054 habent
2424 2998 2617 3067 quibus
2652 2998 2889 3061 videant,
2933 2996 3094 3051 sicuti
3147 2997 3280 3049 vidit
3312 2994 3603 3065 Apostolus

2025 3088 2328 3144 Dominum.
2349 3089 2558 3145 Etenim
2578 3088 2872 3158 Apostolus
2899 3088 3032 3143 vidit
3067 3087 3374 3151 Dominum,
3406 3102 3600 3156 quem-

424 3178 651 3247 Scitote,
678 3180 829 3238 lilioli
866 3182 991 3249 mei,
1026 3199 1130 3238 non
1158 3197 1280 3237 eum
1305 3195 1426 3239 esse
1464 3184 1798 3257 religiosum,
1826 3185 1914 3255 qui
1941 3163 1986 3220 (ἶ
2020 3181 2307 3235 admodum
2343 3180 2595 3235 videbant
2619 3180 2767 3233 illum
2790 3180 3014 3249 apostoli
3038 3178 3129 3249 qui
3170 3192 3293 3233 cum
3314 3192 3379 3233 eo
3417 3186 3599 3241 erant,

344 3271 402 3327 in
439 3289 540 3327 una
569 3282 879 3343 perseverat
917 3288 1012 3339 re;
1058 3287 1232 3344 neque
1259 3288 1383 3328 eum
1411 3275 1500 3344 qui
1530 3291 1688 3329 unam
1716 3276 1920 3345 ample-

343 3364 511 3419 ctitur
540 3379 678 3431 rem,
703 3365 978 3422 adversari
1015 3365 1223 3421 virtuti.
1268 3367 1325 3422 Si
1351 3369 1495 3423 enim
1529 3370 1720 3439 religio
1750 3369 1919 3439 gloria

341 3466 428 3511 est
450 3456 686 3523 virtutis,
717 3456 869 3512 multi
908 3458 1125 3527 quidem
1155 3458 1278 3514 mali
1307 3460 1353 3514 ei
1378 3460 1756 3536 adversantur.
1791 3462 1921 3528 Qui-

345 3561 563 3616 cunque
608 3562 741 3617 ergo
787 3545 902 3602 vult
949 3546 1222 3614 perfectus
1270 3563 1392 3603 esse
1445 3550 1496 3603 in
1545 3550 1915 3618 religiositate,

343 3639 475 3697 nulli
517 3640 731 3709 penitus
778 3640 1037 3695 inserviat
1083 3640 1248 3696 malo.
1287 3641 1500 3696 Etenim
1527 3643 1618 3712 qui
1647 3643 1806 3699 alicui
1837 3644 1922 3698 in-

343 3734 512 3790 servit
540 3732 706 3797 malo,
742 3733 899 3803 longe
925 3734 1169 3804 profecto
1211 3736 1376 3791 distat
1420 3751 1449 3790 a
1491 3737 1724 3791 termino
1749 3737 1923 3806 perfe-

343 3824 559 3880 otionis.
588 3824 722 3880 Nam
756 3824 1016 3896 perfectio
1051 3835 1156 3891 est,
1196 3837 1255 3881 ιιι
1288 3826 1522 3881 dicitur:
1554 3827 1708 3882 Liber
1752 3826 1923 3898 [nctus

341 3931 461 3970 sum
514 3915 581 3969 ab
635 3918 894 3981 omnibus,
947 3929 1006 3971 ut
1063 3918 1239 3987 plures
1282 3920 1725 3996 lucrifacerem”.
1771 3920 1923 3987 Quod

344 4005 561 4076 quidem
603 4006 807 4062 dictum
847 4009 1043 4063 asserit
1086 4010 1285 4064 Paulus
1337 4010 1632 4079 apostolus,
1673 4026 1739 4067 eo
1779 4013 1923 4083 quod

345 4084 491 4152 malo
534 4096 757 4152 minime
805 4105 938 4155 tunc
976 4100 1252 4170 subjectus
1290 4111 1428 4165 erat,
1465 4102 1681 4158 autsibi
1716 4103 1923 4159 dimissi

347 4187 579 4257 utnplius
602 4199 721 4244 erat
744 4191 1016 4247 conscius.
1044 4191 1178 4247 Cum
1210 4201 1391 4247 autem
1424 4192 1561 4248 liber
1590 4194 1764 4250 factus
1782 4204 1927 4250 esset

347 4292 381 4334 ε
410 4277 572 4346 malo,
595 4288 649 4333 et
672 4294 846 4351 usque
871 4285 938 4336 ad
966 4283 1129 4338 tinctu
1158 4294 1305 4339 esset
1352 4284 1676 4353 vindicatus,
1716 4287 1925 4358 rogavit

345 4383 447 4439 pro
476 4368 781 4427 humilitate
821 4371 1113 4428 multorum
1164 4374 1256 4444 qui
1308 4375 1453 4431 malo
1500 4390 1619 4432 sese
1658 4377 1926 4447 subjicere

346 4458 618 4525 volebant,
646 4470 700 4516 et
726 4475 757 4516 a
789 4472 1012 4530 peccato
1034 4477 1255 4518 suorum
1281 4463 1545 4518 malorum
1572 4480 1693 4520 sese
1713 4466 1927 4534 eripere

2018 3282 2074 3327 et
2099 3272 2189 3341 qui
2216 3272 2557 3327 crediderant
2586 3272 2638 3326 in
2667 3269 2814 3325 illum
2840 3285 2905 3326 eo
2935 3281 3198 3341 tempore,
3226 3270 3442 3338 quando
3470 3284 3590 3322 am-

2023 3364 2242 3419 bulabat
2274 3365 2670 3433 circumseptus
2711 3364 2884 3420 turbis
2915 3380 3037 3435 qua:
3068 3365 3319 3419 videbant
3362 3364 3508 3417 illum
3536 3371 3600 3417 ut

2023 3457 2316 3511 hominem.
2365 3455 2535 3523 Quem
2589 3471 2712 3511 cum
2765 3456 2993 3511 vidisset
3042 3470 3160 3525 qua:
3203 3465 3318 3509 erat
3360 3455 3414 3509 in
3452 3454 3599 3509 llum

2022 3548 2300 3619 sanguinis
2343 3547 2517 3603 oculis
2564 3548 2745 3604 cordis
2788 3549 2895 3616 sui,
2940 3557 2994 3604 et
3030 3548 3257 3604 credidit
3296 3547 3443 3601 illum
3478 3560 3602 3602 esse

2026 3639 2219 3703 Deum,
2244 3648 2300 3692 et
2328 3638 2508 3707 tetigit
2532 3654 2653 3693 cum
2681 3637 2785 3693 llde
2807 3650 3110 3693 extremum
3135 3638 3438 3694 vestimenti
3462 3638 3599 3704 ejus,

2022 3732 2245 3787 liberata
2277 3740 2380 3788 est.
2415 3731 2532 3801 Ipse
2564 3742 2744 3787 autem
2772 3732 2908 3786 dixit
2934 3750 2946 3786 ε
2975 3730 3106 3797 Quis
3140 3732 3310 3801 tetigit
3338 3731 3461 3787 me!
3484 3731 3599 3786 Non

2022 3825 2166 3895 quod
2200 3824 2493 3894 ignoraret,
2536 3825 2630 3879 sed
2672 3832 2731 3877 ut
2776 3824 3117 3880 manifestam
3153 3824 3358 3879 faceret
3383 3825 3501 3894 ejus
3532 3826 3600 3878 li-

2024 3916 2168 3972 dem.
2204 3914 2383 3984 Quare
2410 3915 2546 3970 dixit
2572 3916 2621 3970 ei
2654 3915 2846 3970 Petrus
2872 3932 2887 3971 :
2919 3915 3096 3970 Turba
3121 3927 3169 3970 te
3196 3917 3401 3985 premit,
3434 3927 3481 3971 et
3512 3917 3595 3969 di-

2024 4010 2097 4063 cis
2128 4022 2146 4062 :
2177 4009 2309 4075 Quis
2352 4025 2430 4062 me
2473 4008 2687 4079 tetigit?
2715 4008 3066 4065 Manifestans
3098 4019 3276 4064 autem
3323 4011 3435 4076 illa,
3461 4011 3600 4079 quod

2026 4110 2215 4155 sanata
2250 4109 2417 4166 esset,
2447 4100 2585 4155 dixit
2611 4102 2657 4154 ei
2691 4100 2948 4157 Dominus
2977 4120 2991 4156 :
3032 4100 3175 4156 Vade
3209 4102 3263 4154 in
3293 4118 3438 4170 pace,
3467 4102 3596 4169 ﬁdes

2032 4201 2123 4246 tua
2161 4191 2360 4246 salvam
2390 4201 2439 4246 te
2469 4192 2673 4262 fecit".
2700 4191 2962 4249 Similiter
2982 4193 3211 4259 Pilatus,
3232 4195 3386 4249 Anna
3412 4205 3465 4250 et
3486 4194 3598 4249 Cai-

2030 4284 2163 4354 phas
2198 4284 2450 4339 viderunt
2485 4284 2791 4350 Dominum,
2826 4285 2918 4341 sed
2954 4296 3010 4340 ut
3044 4285 3247 4353 reliqua
3276 4286 3449 4346 turba,
3486 4300 3598 4355 qua:

2029 4378 2243 4435 videbat
2276 4379 2423 4434 illum
2457 4380 2574 4435 sine
2609 4379 2732 4446 lide,
2763 4390 2819 4434 et
2850 4394 2953 4433 non
2990 4379 3133 4434 sicut
3166 4378 3416 4434 viderunt
3458 4376 3597 4433 illum

2030 4471 2254 4539 apostoli
2291 4488 2305 4526 :
2341 4470 2543 4527 idcirco
2596 4471 2799 4525 nullam
2860 4470 3051 4525 lucrati
3108 4480 3235 4524 sunt
3285 4456 3597 4535 utilitatem,

349 4549 568 4606 minime
596 4552 875 4618 valebant,
916 4569 1040 4608 cum
1071 4565 1325 4623 expertes
1364 4566 1548 4613 essent
1582 4559 1801 4612 virtutis
1840 4559 1921 4614 di-
1959 4538 2002 4593 θ
2033 4538 2175 4631 quod
2205 4561 2356 4616 illum
2387 4562 2668 4617 vidissent.
2692 4559 3074 4630 AtApostolus
3096 4560 3229 4613 vidit
3261 4558 3412 4614 illum
3441 4561 3598 4615 oculis

344 4640 521 4698 cetttis
562 4645 616 4698 in
670 4644 922 4701 Psalmo:
950 4646 1326 4716 Dirumpamus
1369 4649 1577 4703 vincula
1616 4665 1821 4716 eorum,
1876 4660 1925 4707 et

346 4731 690 4801 proficiamus
730 4750 767 4787 α
801 4736 953 4811 nobis
976 4736 1164 4807 jugum
1209 4740 1519 4806 ipsorum“.
1562 4739 1697 4795 Cuut
1744 4751 1926 4799 autem

352 4822 582 4881 vidisset
602 4826 799 4885 Paulus
820 4829 1094 4897 apostolus
1108 4831 1395 4885 Dominum
1418 4831 1602 4888 Iesum
1626 4832 1924 4903 Christum,

350 4918 577 4986 adeptus
622 4928 707 4973 est
756 4922 1174 4989 perfectionem;
1226 4932 1446 4994 tumque
1492 4925 1787 4995 opitulatus
1844 4939 1929 4983 est

349 5009 757 5081 impotentibus.
806 5025 866 5070 ut
903 5017 1251 5084 pervenirent
1297 5022 1364 5074 ad
1411 5020 1571 5074 linem
1609 5032 1662 5075 et
1709 5036 1925 5079 sursum

348 5113 636 5173 pergerent
664 5121 679 5160 :
709 5106 812 5162 hoc
839 5118 1020 5163 autem
1066 5109 1232 5165 nimia
1279 5110 1395 5180 ejus
1435 5111 1739 5168 humilitate
1770 5114 1823 5169 in
1856 5115 1929 5169 si-

349 5193 706 5252 militudinem
736 5196 948 5254 Domini
979 5201 1149 5255 nostri
1176 5199 1306 5255 Jesu
1336 5202 1561 5269 Christi,
1592 5205 1684 5273 qui
1718 5205 1924 5276 ingenti

350 5276 653 5339 humilitate
698 5300 854 5345 suam
888 5286 1223 5343 divinitatem
1273 5290 1609 5345 humanitate
1662 5292 1928 5360 pertexit;

349 5371 713 5444 videbamque
748 5376 895 5433 illum
938 5388 997 5434 ut
1036 5378 1335 5446 hominem,
1368 5396 1491 5437 cum
1528 5398 1632 5439 non
1666 5385 1737 5439 sit
1767 5385 1930 5439 homo

356 5472 587 5532 tantum,
616 5468 711 5522 sed
734 5468 878 5525 Deus
912 5470 1266 5541 humauatus,
1294 5475 1595 5531 secundum
1626 5477 1768 5547 quod
1796 5477 1932 5533 scri-

2035 4652 2215 4708 cordis
2242 4652 2323 4707 sui
2355 4666 2562 4721 suaque
2586 4651 2918 4707 validissima
2954 4652 3078 4718 lide,
3113 4653 3254 4707 sicut
3295 4651 3431 4707 vidit
3461 4652 3595 4707 illum

2034 4761 2155 4816 quae
2187 4754 2303 4801 erat
2350 4746 2401 4800 in
2450 4745 2597 4800 ﬂuxu
2646 4744 2946 4817 sanguinis,
2993 4752 3048 4800 et
3093 4744 3267 4817 tetigit
3306 4743 3456 4799 illum
3488 4760 3594 4800 cum

2038 4838 2163 4902 lide,
2188 4846 2241 4893 et
2272 4846 2460 4893 sanata
2493 4847 2597 4893 est.
2626 4836 2694 4891 Et
2737 4837 3191 4907 quemadmodum
3222 4837 3472 4908 apparuit
3512 4836 3596 4892 Do-

2040 4928 2217 4983 minus
2264 4939 2450 4984 noster
2501 4928 2657 4985 Jesus
2705 4929 2957 4985 Christus
3003 4928 3247 5000 apostolo
3296 4927 3464 4984 Paulo
3494 4937 3595 4999 post

2037 5028 2319 5087 superatas
2349 5020 2648 5089 passiones,
2705 5020 3048 5091 liberumque
3078 5020 3225 5074 illum
3256 5019 3457 5075 elfecit.
3486 5019 3595 5074 Pari

2035 5112 2251 5181 quidem
2297 5114 2507 5167 ratione
2554 5113 2861 5182 quicunque
2908 5112 3044 5167 liber
3086 5112 3148 5167 lit
3194 5127 3221 5166 a
3251 5112 3595 5181 passioniltus,

2038 5203 2324 5259 Dominum
2370 5204 2569 5259 videbit
2597 5204 2781 5261 cordis
2809 5205 2891 5260 sui
2921 5204 3117 5270 oculis,
3150 5207 3318 5274 litque
3365 5204 3527 5273 liber;
3552 5214 3595 5259 at

2038 5296 2227 5351 videre
2258 5310 2363 5351 non
2402 5297 2545 5352 valet
2582 5297 2756 5353 oculis
2781 5298 3057 5366 corporeis
3085 5296 3266 5352 lumen
3292 5295 3424 5351 illud
3444 5296 3594 5366 splen-

2041 5386 2402 5454 didissimum,
2449 5390 2592 5459 quod
2628 5389 2762 5444 vidit
2806 5388 3009 5445 Paulus
3039 5388 3338 5458 apostolus.
3378 5387 3457 5442 Illi
3492 5403 3596 5443 rem

2039 5478 2131 5546 qui
2184 5479 2394 5534 animas
2440 5494 2567 5535 suas
2622 5480 2886 5535 seducunt
2938 5488 3105 5550 atque
3148 5477 3444 5549 decipiunt,
3477 5479 3596 5549 quod

423 5649 682 5734 "_l_la_tth.
722 5671 840 5734 xm,
863 5657 962 5734 μ,
987 5658 1079 5734 ηιξ
1112 5657 1279 5734 Exod.
1308 5675 1490 5734 Xtﬁtv,
1518 5660 1607 5723 29,
1634 5663 1722 5717 '50.
1802 5663 1843 5695 ⁸³
1877 5662 1897 5716 ι

2026 5680 2052 5717 ·.
2086 5678 2174 5729 xv,
2203 5664 2254 5729 9;
2331 5664 2507 5720 Galat.
2545 5682 2580 5731 ι,
2616 5667 2698 5723 l5.
2774 5665 2997 5724 "lCor.
3031 5681 3109 5734 tx,
3146 5664 3231 5722 l9.
3308 5666 3353 5697 ³⁸
3379 5662 3513 5731 Psal.
3545 5678 3596 5729 tt,

350 5720 405 5779 3.
483 5724 528 5755 "
553 5722 709 5788 Joan,
742 5743 781 5790 ι.
816 5727 904 5784 14.
984 5729 1028 5761 ’³
1055 5729 1074 5783 l
1102 5729 1225 5788 Cor.
1259 5746 1334 5793 ιχ,
1368 5720 1489 5786 ἐι(
1538 5720 1743 5789 “ibid.
1774 5734 1821 5787 l.

1938 5736 1980 5765 ⁸⁵
2014 5734 2146 5791 Lac.
2181 5752 2293 5799 \‘ltl,
2330 5735 2428 5800 45,
2460 5738 2552 5795 48.
