  <div class='ocr_page' id='page_1' title='image "/cluster/home/n/w/nwhite01/storage/ocr_20150623/40/hvd.32044019207786/550.png"; bbox 0 0 3860 6318; ppageno 0'>
   <div class='ocr_carea' id='block_1_1' title="bbox 199 306 352 364">
    <p class='ocr_par' dir='ltr' id='par_1_1' title="bbox 199 306 352 364">
     <span class='ocr_line' id='line_1_1' title="bbox 199 306 352 364; baseline -0.02 0"><span class='ocrx_word' id='word_1_1' title='bbox 199 306 352 364; x_wconf 60' lang='grc' dir='ltr'>ποδί</span> 
     </span>
    </p>
   </div>
   <div class='ocr_carea' id='block_1_2' title="bbox 1222 298 2486 372">
    <p class='ocr_par' dir='ltr' id='par_1_2' title="bbox 1222 298 2486 372">
     <span class='ocr_line' id='line_1_2' title="bbox 1222 298 2486 372; baseline 0.002 -2"><span class='ocrx_word' id='word_1_2' title='bbox 1222 313 1280 370; x_wconf 91' lang='lat' dir='ltr'><strong>s.</strong></span> <span class='ocrx_word' id='word_1_3' title='bbox 1322 313 1606 372; x_wconf 85' lang='lat' dir='ltr'><strong>AN&#39;I‘ONII</strong></span> <span class='ocrx_word' id='word_1_4' title='bbox 1649 317 1718 372; x_wconf 90' lang='lat' dir='ltr'><strong>M.</strong></span> <span class='ocrx_word' id='word_1_5' title='bbox 1765 313 2062 372; x_wconf 84' lang='lat' dir='ltr'><strong>ABDATIS</strong></span> <span class='ocrx_word' id='word_1_6' title='bbox 2102 298 2486 372; x_wconf 69' lang='lat' dir='ltr'><strong>Episro&#39;mz.</strong></span> 
     </span>
    </p>
   </div>
   <div class='ocr_carea' id='block_1_3' title="bbox 3347 317 3493 375">
    <p class='ocr_par' dir='ltr' id='par_1_3' title="bbox 3347 317 3493 375">
     <span class='ocr_line' id='line_1_3' title="bbox 3347 317 3493 375; baseline 0 -1"><span class='ocrx_word' id='word_1_7' title='bbox 3347 317 3493 375; x_wconf 64' lang='grc' dir='ltr'><strong>1οη</strong></span> 
     </span>
    </p>
   </div>
   <div class='ocr_carea' id='block_1_4' title="bbox 197 420 3490 508">
    <p class='ocr_par' dir='ltr' id='par_1_4' title="bbox 197 420 3490 508">
     <span class='ocr_line' id='line_1_4' title="bbox 197 420 3490 508; baseline 0.005 -34"><span class='ocrx_word' id='word_1_8' title='bbox 197 433 352 476; x_wconf 66' lang='grc' dir='ltr'><strong>ωηο</strong></span> <span class='ocrx_word' id='word_1_9' title='bbox 383 420 682 478; x_wconf 75' lang='lat' dir='ltr'><strong>maximum</strong></span> <span class='ocrx_word' id='word_1_10' title='bbox 720 432 809 480; x_wconf 90' lang='lat' dir='ltr'><strong>est</strong></span> <span class='ocrx_word' id='word_1_11' title='bbox 853 428 1078 496; x_wconf 88' lang='lat' dir='ltr'><strong>malmn,</strong></span> <span class='ocrx_word' id='word_1_12' title='bbox 1131 434 1390 503; x_wconf 80' lang='lat' dir='ltr'><strong>consequi</strong></span> <span class='ocrx_word' id='word_1_13' title='bbox 1421 435 1667 505; x_wconf 81' lang='lat' dir='ltr'><strong>profecto</strong></span> <span class='ocrx_word' id='word_1_14' title='bbox 1697 451 1796 491; x_wconf 88' lang='lat' dir='ltr'><strong>nc-</strong></span> <span class='ocrx_word' id='word_1_15' title='bbox 1827 443 1872 498; x_wconf 86' lang='grc' dir='ltr'><strong>Λ</strong></span> <span class='ocrx_word' id='word_1_16' title='bbox 1904 435 2181 507; x_wconf 88' lang='lat' dir='ltr'><strong>signorum</strong></span> <span class='ocrx_word' id='word_1_17' title='bbox 2216 435 2699 505; x_wconf 88' lang='lat' dir='ltr'><strong>perpetrationem.</strong></span> <span class='ocrx_word' id='word_1_18' title='bbox 2730 433 2927 505; x_wconf 89' lang='lat' dir='ltr'><strong>Utique</strong></span> <span class='ocrx_word' id='word_1_19' title='bbox 2960 433 3168 499; x_wconf 80' lang='lat' dir='ltr'><strong>sciatis,</strong></span> <span class='ocrx_word' id='word_1_20' title='bbox 3195 434 3339 491; x_wconf 91' lang='lat' dir='ltr'><strong>ﬁlioli</strong></span> <span class='ocrx_word' id='word_1_21' title='bbox 3362 439 3490 508; x_wconf 84' lang='lat' dir='ltr'><strong>mei,</strong></span> 
     </span>
    </p>
   </div>
   <div class='ocr_carea' id='block_1_5' title="bbox 203 515 1801 592">
    <p class='ocr_par' dir='ltr' id='par_1_5' title="bbox 203 515 1801 592">
     <span class='ocr_line' id='line_1_5' title="bbox 203 515 1801 592; baseline 0.013 -28"><span class='ocrx_word' id='word_1_22' title='bbox 203 519 420 581; x_wconf 75' lang='lat' dir='ltr'><strong>queunt</strong></span> <span class='ocrx_word' id='word_1_23' title='bbox 442 527 638 581; x_wconf 82' lang='lat' dir='ltr'><strong>panem</strong></span> <span class='ocrx_word' id='word_1_24' title='bbox 664 515 788 571; x_wconf 81' lang='lat' dir='ltr'><strong>vitae</strong></span> <span class='ocrx_word' id='word_1_25' title='bbox 814 536 827 572; x_wconf 94' lang='lat'>:</span> <span class='ocrx_word' id='word_1_26' title='bbox 854 518 1056 590; x_wconf 82' lang='lat' dir='ltr'><strong>quippe</strong></span> <span class='ocrx_word' id='word_1_27' title='bbox 1075 523 1166 592; x_wconf 87' lang='lat' dir='ltr'><strong>qui</strong></span> <span class='ocrx_word' id='word_1_28' title='bbox 1191 524 1578 583; x_wconf 86' lang='lat' dir='ltr'><strong>obtenehratos</strong></span> <span class='ocrx_word' id='word_1_29' title='bbox 1601 530 1801 585; x_wconf 85' lang='lat' dir='ltr'><strong>habent</strong></span> 
     </span>
    </p>
   </div>
   <div class='ocr_carea' id='block_1_6' title="bbox 201 600 1800 681">
    <p class='ocr_par' dir='ltr' id='par_1_6' title="bbox 201 600 1800 681">
     <span class='ocr_line' id='line_1_6' title="bbox 201 600 1800 681; baseline 0.014 -28"><span class='ocrx_word' id='word_1_30' title='bbox 201 600 424 666; x_wconf 68' lang='lat' dir='ltr'><strong>mulos,</strong></span> <span class='ocrx_word' id='word_1_31' title='bbox 455 615 558 658; x_wconf 88' lang='lat' dir='ltr'><strong>nec</strong></span> <span class='ocrx_word' id='word_1_32' title='bbox 585 604 800 674; x_wconf 78' lang='lat' dir='ltr'><strong>placent</strong></span> <span class='ocrx_word' id='word_1_33' title='bbox 820 608 951 676; x_wconf 88' lang='lat' dir='ltr'><strong>Deo,</strong></span> <span class='ocrx_word' id='word_1_34' title='bbox 971 624 1135 681; x_wconf 85' lang='lat' dir='ltr'><strong>quem</strong></span> <span class='ocrx_word' id='word_1_35' title='bbox 1161 615 1389 670; x_wconf 85' lang='lat' dir='ltr'><strong>adorant</strong></span> <span class='ocrx_word' id='word_1_36' title='bbox 1414 633 1604 674; x_wconf 87' lang='lat' dir='ltr'><strong>omnes</strong></span> <span class='ocrx_word' id='word_1_37' title='bbox 1627 622 1800 676; x_wconf 90' lang='lat' dir='ltr'><strong>sancti</strong></span> 
     </span>
    </p>
   </div>
   <div class='ocr_carea' id='block_1_7' title="bbox 205 691 1800 781">
    <p class='ocr_par' dir='ltr' id='par_1_7' title="bbox 205 691 1800 781">
     <span class='ocr_line' id='line_1_7' title="bbox 205 691 1800 781; baseline 0.016 -35"><span class='ocrx_word' id='word_1_38' title='bbox 205 691 270 747; x_wconf 88' lang='lat' dir='ltr'><strong>in</strong></span> <span class='ocrx_word' id='word_1_39' title='bbox 289 695 458 750; x_wconf 88' lang='lat' dir='ltr'><strong>corde</strong></span> <span class='ocrx_word' id='word_1_40' title='bbox 479 711 581 752; x_wconf 87' lang='lat' dir='ltr'><strong>suo</strong></span> <span class='ocrx_word' id='word_1_41' title='bbox 601 713 836 770; x_wconf 82' lang='lat' dir='ltr'><strong>eumque</strong></span> <span class='ocrx_word' id='word_1_42' title='bbox 859 703 1137 762; x_wconf 76' lang='lat' dir='ltr'><strong>intuentur</strong></span> <span class='ocrx_word' id='word_1_43' title='bbox 1159 724 1174 762; x_wconf 91' lang='lat'><strong>:</strong></span> <span class='ocrx_word' id='word_1_44' title='bbox 1200 709 1285 764; x_wconf 91' lang='lat' dir='ltr'><strong>his</strong></span> <span class='ocrx_word' id='word_1_45' title='bbox 1310 725 1540 781; x_wconf 81' lang='lat' dir='ltr'><strong>namque</strong></span> <span class='ocrx_word' id='word_1_46' title='bbox 1565 723 1617 768; x_wconf 92' lang='lat' dir='ltr'><strong>et</strong></span> <span class='ocrx_word' id='word_1_47' title='bbox 1643 714 1800 770; x_wconf 89' lang='lat' dir='ltr'><strong>simi-</strong></span> 
     </span>
    </p>
   </div>
   <div class='ocr_carea' id='block_1_8' title="bbox 202 781 1802 875">
    <p class='ocr_par' dir='ltr' id='par_1_8' title="bbox 202 781 1802 875">
     <span class='ocr_line' id='line_1_8' title="bbox 202 781 1802 875; baseline 0.018 -38"><span class='ocrx_word' id='word_1_48' title='bbox 202 781 353 875; x_wconf 81' lang='lat' dir='ltr'><strong>libus</strong></span> <span class='ocrx_word' id='word_1_49' title='bbox 368 800 499 870; x_wconf 72' lang='lat' dir='ltr'><strong>sese</strong></span> <span class='ocrx_word' id='word_1_50' title='bbox 519 788 778 849; x_wconf 84' lang='lat' dir='ltr'><strong>Dominus</strong></span> <span class='ocrx_word' id='word_1_51' title='bbox 799 796 1042 864; x_wconf 78' lang='lat' dir='ltr'><strong>exhibet,</strong></span> <span class='ocrx_word' id='word_1_52' title='bbox 1067 813 1190 856; x_wconf 90' lang='lat' dir='ltr'><strong>cum</strong></span> <span class='ocrx_word' id='word_1_53' title='bbox 1219 803 1440 860; x_wconf 88' lang='lat' dir='ltr'><strong>minime</strong></span> <span class='ocrx_word' id='word_1_54' title='bbox 1462 807 1802 875; x_wconf 87' lang='lat' dir='ltr'><strong>passionibus</strong></span> 
     </span>
    </p>
   </div>
   <div class='ocr_carea' id='block_1_9' title="bbox 202 874 1800 970">
    <p class='ocr_par' dir='ltr' id='par_1_9' title="bbox 202 874 1800 970">
     <span class='ocr_line' id='line_1_9' title="bbox 202 874 1800 970; baseline 0.016 -41"><span class='ocrx_word' id='word_1_55' title='bbox 202 874 320 970; x_wconf 74' lang='lat' dir='ltr'><strong>sint</strong></span> <span class='ocrx_word' id='word_1_56' title='bbox 359 877 617 947; x_wconf 84' lang='lat' dir='ltr'><strong>subjecti.</strong></span> <span class='ocrx_word' id='word_1_57' title='bbox 653 881 928 954; x_wconf 87' lang='lat' dir='ltr'><strong>Scriptum</strong></span> <span class='ocrx_word' id='word_1_58' title='bbox 976 891 1122 945; x_wconf 91' lang='lat' dir='ltr'><strong>enim</strong></span> <span class='ocrx_word' id='word_1_59' title='bbox 1162 901 1248 948; x_wconf 87' lang='lat' dir='ltr'><strong>est</strong></span> <span class='ocrx_word' id='word_1_60' title='bbox 1285 895 1364 951; x_wconf 90' lang='lat' dir='ltr'><strong>sic</strong></span> <span class='ocrx_word' id='word_1_61' title='bbox 1402 874 1474 953; x_wconf 87' lang='lat' dir='ltr'><strong>de</strong></span> <span class='ocrx_word' id='word_1_62' title='bbox 1503 897 1638 953; x_wconf 89' lang='lat' dir='ltr'><strong>lsaia</strong></span> <span class='ocrx_word' id='word_1_63' title='bbox 1673 915 1800 970; x_wconf 88' lang='lat' dir='ltr'><strong>pro-</strong></span> 
     </span>
    </p>
   </div>
   <div class='ocr_carea' id='block_1_10' title="bbox 204 967 1801 1064">
    <p class='ocr_par' dir='ltr' id='par_1_10' title="bbox 204 967 1801 1064">
     <span class='ocr_line' id='line_1_10' title="bbox 204 967 1801 1064; baseline 0.019 -43"><span class='ocrx_word' id='word_1_64' title='bbox 204 967 402 1036; x_wconf 79' lang='lat' dir='ltr'><strong>pheta,</strong></span> <span class='ocrx_word' id='word_1_65' title='bbox 443 974 590 1041; x_wconf 85' lang='lat' dir='ltr'><strong>quod</strong></span> <span class='ocrx_word' id='word_1_66' title='bbox 647 975 908 1037; x_wconf 88' lang='lat' dir='ltr'><strong>Dominus</strong></span> <span class='ocrx_word' id='word_1_67' title='bbox 954 997 1062 1038; x_wconf 89' lang='lat' dir='ltr'><strong>non</strong></span> <span class='ocrx_word' id='word_1_68' title='bbox 1110 995 1195 1041; x_wconf 91' lang='lat' dir='ltr'><strong>est</strong></span> <span class='ocrx_word' id='word_1_69' title='bbox 1236 1000 1486 1048; x_wconf 77' lang='lat' dir='ltr'><strong>reversus</strong></span> <span class='ocrx_word' id='word_1_70' title='bbox 1540 967 1801 1064; x_wconf 76' lang='lat' dir='ltr'><strong>apparere</strong></span> 
     </span>
    </p>
   </div>
   <div class='ocr_carea' id='block_1_11' title="bbox 205 1063 1801 1146">
    <p class='ocr_par' dir='ltr' id='par_1_11' title="bbox 205 1063 1801 1146">
     <span class='ocr_line' id='line_1_11' title="bbox 205 1063 1801 1146; baseline 0.018 -31"><span class='ocrx_word' id='word_1_71' title='bbox 205 1063 516 1133; x_wconf 65' lang='lat' dir='ltr'><strong>prophetae,</strong></span> <span class='ocrx_word' id='word_1_72' title='bbox 551 1081 619 1124; x_wconf 92' lang='lat' dir='ltr'><strong>eo</strong></span> <span class='ocrx_word' id='word_1_73' title='bbox 675 1071 820 1139; x_wconf 86' lang='lat' dir='ltr'><strong>quod</strong></span> <span class='ocrx_word' id='word_1_74' title='bbox 867 1087 970 1128; x_wconf 92' lang='lat' dir='ltr'><strong>non</strong></span> <span class='ocrx_word' id='word_1_75' title='bbox 1006 1078 1444 1146; x_wconf 78' lang='lat' dir='ltr'><strong>reprehendisset</strong></span> <span class='ocrx_word' id='word_1_76' title='bbox 1488 1063 1673 1140; x_wconf 54' lang='lat' dir='ltr'><strong>Ozi‘am</strong></span> <span class='ocrx_word' id='word_1_77' title='bbox 1717 1105 1801 1142; x_wconf 87' lang='lat' dir='ltr'><strong>re-</strong></span> 
     </span>
    </p>
   </div>
   <div class='ocr_carea' id='block_1_12' title="bbox 203 1158 1800 1241">
    <p class='ocr_par' dir='ltr' id='par_1_12' title="bbox 203 1158 1800 1241">
     <span class='ocr_line' id='line_1_12' title="bbox 203 1158 1800 1241; baseline 0.019 -34"><span class='ocrx_word' id='word_1_78' title='bbox 203 1167 356 1221; x_wconf 84' lang='lat' dir='ltr'><strong>gem,</strong></span> <span class='ocrx_word' id='word_1_79' title='bbox 391 1167 450 1212; x_wconf 89' lang='lat' dir='ltr'><strong>et</strong></span> <span class='ocrx_word' id='word_1_80' title='bbox 475 1158 761 1218; x_wconf 84' lang='lat' dir='ltr'><strong>interdicta</strong></span> <span class='ocrx_word' id='word_1_81' title='bbox 795 1175 880 1221; x_wconf 88' lang='lat' dir='ltr'><strong>est</strong></span> <span class='ocrx_word' id='word_1_82' title='bbox 904 1166 981 1222; x_wconf 81' lang='lat' dir='ltr'><strong>illi</strong></span> <span class='ocrx_word' id='word_1_83' title='bbox 1013 1171 1310 1241; x_wconf 83' lang='lat' dir='ltr'><strong>prophetia.</strong></span> <span class='ocrx_word' id='word_1_84' title='bbox 1341 1175 1470 1231; x_wconf 83' lang='lat' dir='ltr'><strong>Post</strong></span> <span class='ocrx_word' id='word_1_85' title='bbox 1493 1177 1641 1233; x_wconf 78' lang='lat' dir='ltr'><strong>Ozias</strong></span> <span class='ocrx_word' id='word_1_86' title='bbox 1669 1197 1800 1237; x_wconf 88' lang='lat' dir='ltr'><strong>vero</strong></span> 
     </span>
    </p>
   </div>
   <div class='ocr_carea' id='block_1_13' title="bbox 205 1244 1802 1344">
    <p class='ocr_par' dir='ltr' id='par_1_13' title="bbox 205 1244 1802 1344">
     <span class='ocr_line' id='line_1_13' title="bbox 205 1244 1802 1344; baseline 0.019 -45"><span class='ocrx_word' id='word_1_87' title='bbox 205 1244 427 1344; x_wconf 65' lang='lat' dir='ltr'><strong>obitum</strong></span> <span class='ocrx_word' id='word_1_88' title='bbox 474 1255 725 1344; x_wconf 77' lang='lat' dir='ltr'><strong>apparuit</strong></span> <span class='ocrx_word' id='word_1_89' title='bbox 769 1256 819 1311; x_wconf 88' lang='lat' dir='ltr'><strong>ei</strong></span> <span class='ocrx_word' id='word_1_90' title='bbox 859 1260 1085 1330; x_wconf 80' lang='lat' dir='ltr'><strong>angelus</strong></span> <span class='ocrx_word' id='word_1_91' title='bbox 1138 1264 1372 1335; x_wconf 85' lang='lat' dir='ltr'><strong>Domini,</strong></span> <span class='ocrx_word' id='word_1_92' title='bbox 1414 1272 1802 1344; x_wconf 79' lang='lat' dir='ltr'><strong>mandavitque</strong></span> 
     </span>
    </p>
   </div>
   <div class='ocr_carea' id='block_1_14' title="bbox 207 1335 1205 1420">
    <p class='ocr_par' dir='ltr' id='par_1_14' title="bbox 207 1335 1205 1420">
     <span class='ocr_line' id='line_1_14' title="bbox 207 1335 1205 1420; baseline 0.02 -32"><span class='ocrx_word' id='word_1_93' title='bbox 207 1335 362 1391; x_wconf 85' lang='lat' dir='ltr'><strong>illum</strong></span> <span class='ocrx_word' id='word_1_94' title='bbox 392 1341 584 1408; x_wconf 88' lang='lat' dir='ltr'><strong>prunis</strong></span> <span class='ocrx_word' id='word_1_95' title='bbox 611 1350 669 1398; x_wconf 88' lang='lat' dir='ltr'><strong>et</strong></span> <span class='ocrx_word' id='word_1_96' title='bbox 693 1342 987 1416; x_wconf 77' lang='lat' dir='ltr'><strong>forcipibus</strong></span> <span class='ocrx_word' id='word_1_97' title='bbox 1013 1351 1205 1420; x_wconf 81' lang='lat' dir='ltr'><strong>igneis.</strong></span> 
     </span>
    </p>
   </div>
   <div class='ocr_carea' id='block_1_15' title="bbox 282 1426 1801 1524">
    <p class='ocr_par' dir='ltr' id='par_1_15' title="bbox 282 1426 1801 1524">
     <span class='ocr_line' id='line_1_15' title="bbox 282 1426 1801 1524; baseline 0.018 -43"><span class='ocrx_word' id='word_1_98' title='bbox 282 1426 472 1524; x_wconf 77' lang='lat' dir='ltr'><strong>Quare</strong></span> <span class='ocrx_word' id='word_1_99' title='bbox 485 1432 703 1499; x_wconf 89' lang='lat' dir='ltr'><strong>scitote,</strong></span> <span class='ocrx_word' id='word_1_100' title='bbox 722 1438 864 1504; x_wconf 90' lang='lat' dir='ltr'><strong>quod</strong></span> <span class='ocrx_word' id='word_1_101' title='bbox 883 1439 1166 1499; x_wconf 90' lang='lat' dir='ltr'><strong>demortuo</strong></span> <span class='ocrx_word' id='word_1_102' title='bbox 1190 1444 1243 1500; x_wconf 93' lang='lat' dir='ltr'><strong>in</strong></span> <span class='ocrx_word' id='word_1_103' title='bbox 1262 1446 1366 1502; x_wconf 92' lang='lat' dir='ltr'><strong>hoc</strong></span> <span class='ocrx_word' id='word_1_104' title='bbox 1392 1447 1609 1506; x_wconf 81' lang='lat' dir='ltr'><strong>homine</strong></span> <span class='ocrx_word' id='word_1_105' title='bbox 1632 1466 1801 1524; x_wconf 87' lang='lat' dir='ltr'><strong>regno</strong></span> 
     </span>
    </p>
   </div>
   <div class='ocr_carea' id='block_1_16' title="bbox 208 1519 1800 1612">
    <p class='ocr_par' dir='ltr' id='par_1_16' title="bbox 208 1519 1800 1612">
     <span class='ocr_line' id='line_1_16' title="bbox 208 1519 1800 1612; baseline 0.019 -43"><span class='ocrx_word' id='word_1_106' title='bbox 208 1519 446 1612; x_wconf 81' lang='lat' dir='ltr'><strong>peccati,</strong></span> <span class='ocrx_word' id='word_1_107' title='bbox 470 1533 694 1592; x_wconf 81' lang='lat' dir='ltr'><strong>apparet</strong></span> <span class='ocrx_word' id='word_1_108' title='bbox 719 1525 860 1582; x_wconf 89' lang='lat' dir='ltr'><strong>Deus</strong></span> <span class='ocrx_word' id='word_1_109' title='bbox 885 1530 1100 1598; x_wconf 69' lang='lat' dir='ltr'><strong>animae,</strong></span> <span class='ocrx_word' id='word_1_110' title='bbox 1136 1533 1392 1604; x_wconf 85' lang='lat' dir='ltr'><strong>illamque</strong></span> <span class='ocrx_word' id='word_1_111' title='bbox 1422 1553 1547 1594; x_wconf 92' lang='lat' dir='ltr'><strong>cum</strong></span> <span class='ocrx_word' id='word_1_112' title='bbox 1571 1519 1800 1612; x_wconf 78' lang='lat' dir='ltr'><strong>corpore</strong></span> 
     </span>
    </p>
   </div>
   <div class='ocr_carea' id='block_1_17' title="bbox 205 1611 1796 1704">
    <p class='ocr_par' dir='ltr' id='par_1_17' title="bbox 205 1611 1796 1704">
     <span class='ocr_line' id='line_1_17' title="bbox 205 1611 1796 1704; baseline 0.019 -43"><span class='ocrx_word' id='word_1_113' title='bbox 205 1611 496 1666; x_wconf 83' lang='lat' dir='ltr'><strong>emundat.</strong></span> <span class='ocrx_word' id='word_1_114' title='bbox 548 1614 604 1670; x_wconf 88' lang='lat' dir='ltr'><strong>Si</strong></span> <span class='ocrx_word' id='word_1_115' title='bbox 643 1631 774 1674; x_wconf 89' lang='lat' dir='ltr'><strong>vero</strong></span> <span class='ocrx_word' id='word_1_116' title='bbox 806 1633 1029 1691; x_wconf 88' lang='lat' dir='ltr'><strong>regnum</strong></span> <span class='ocrx_word' id='word_1_117' title='bbox 1066 1628 1272 1694; x_wconf 84' lang='lat' dir='ltr'><strong>peccati</strong></span> <span class='ocrx_word' id='word_1_118' title='bbox 1302 1631 1433 1686; x_wconf 89' lang='lat' dir='ltr'><strong>vivit</strong></span> <span class='ocrx_word' id='word_1_119' title='bbox 1466 1633 1518 1687; x_wconf 89' lang='lat' dir='ltr'><strong>in</strong></span> <span class='ocrx_word' id='word_1_120' title='bbox 1549 1611 1796 1704; x_wconf 85' lang='lat' dir='ltr'><strong>corpore,</strong></span> 
     </span>
    </p>
   </div>
   <div class='ocr_carea' id='block_1_18' title="bbox 205 1705 1798 1797">
    <p class='ocr_par' dir='ltr' id='par_1_18' title="bbox 205 1705 1798 1797">
     <span class='ocr_line' id='line_1_18' title="bbox 205 1705 1798 1797; baseline 0.018 -43"><span class='ocrx_word' id='word_1_121' title='bbox 205 1713 344 1797; x_wconf 68' lang='lat' dir='ltr'><strong>sane</strong></span> <span class='ocrx_word' id='word_1_122' title='bbox 377 1705 572 1775; x_wconf 85' lang='lat' dir='ltr'><strong>nequit</strong></span> <span class='ocrx_word' id='word_1_123' title='bbox 603 1707 766 1764; x_wconf 91' lang='lat' dir='ltr'><strong>homo</strong></span> <span class='ocrx_word' id='word_1_124' title='bbox 815 1712 999 1771; x_wconf 91' lang='lat' dir='ltr'><strong>videre</strong></span> <span class='ocrx_word' id='word_1_125' title='bbox 1023 1714 1190 1772; x_wconf 89' lang='lat' dir='ltr'><strong>Deum</strong></span> <span class='ocrx_word' id='word_1_126' title='bbox 1217 1737 1230 1775; x_wconf 95' lang='lat'><strong>:</strong></span> <span class='ocrx_word' id='word_1_127' title='bbox 1259 1723 1456 1776; x_wconf 90' lang='lat' dir='ltr'><strong>etenim</strong></span> <span class='ocrx_word' id='word_1_128' title='bbox 1491 1726 1669 1780; x_wconf 85' lang='lat' dir='ltr'><strong>anima</strong></span> <span class='ocrx_word' id='word_1_129' title='bbox 1699 1742 1798 1797; x_wconf 89' lang='lat' dir='ltr'><strong>po-</strong></span> 
     </span>
    </p>
   </div>
   <div class='ocr_carea' id='block_1_19' title="bbox 1910 528 3488 600">
    <p class='ocr_par' dir='ltr' id='par_1_19' title="bbox 1910 528 3488 600">
     <span class='ocr_line' id='line_1_19' title="bbox 1910 528 3488 600; baseline 0.001 -16"><span class='ocrx_word' id='word_1_130' title='bbox 1910 529 2010 584; x_wconf 90' lang='lat' dir='ltr'><strong>hos</strong></span> <span class='ocrx_word' id='word_1_131' title='bbox 2040 528 2132 585; x_wconf 91' lang='lat' dir='ltr'><strong>Dei</strong></span> <span class='ocrx_word' id='word_1_132' title='bbox 2163 529 2344 584; x_wconf 89' lang='lat' dir='ltr'><strong>varios</strong></span> <span class='ocrx_word' id='word_1_133' title='bbox 2371 539 2620 600; x_wconf 89' lang='lat' dir='ltr'><strong>aspectus</strong></span> <span class='ocrx_word' id='word_1_134' title='bbox 2671 529 3110 600; x_wconf 87' lang='lat' dir='ltr'><strong>imperfectorum</strong></span> <span class='ocrx_word' id='word_1_135' title='bbox 3141 544 3286 596; x_wconf 88' lang='lat' dir='ltr'><strong>esse,</strong></span> <span class='ocrx_word' id='word_1_136' title='bbox 3327 530 3488 586; x_wconf 72' lang='lat' dir='ltr'><strong>sicuti</strong></span> 
     </span>
    </p>
   </div>
   <div class='ocr_carea' id='block_1_20' title="bbox 1909 620 3493 692">
    <p class='ocr_par' dir='ltr' id='par_1_20' title="bbox 1909 620 3493 692">
     <span class='ocr_line' id='line_1_20' title="bbox 1909 620 3493 692; baseline 0.001 -18"><span class='ocrx_word' id='word_1_137' title='bbox 1909 620 2201 675; x_wconf 76' lang='lat' dir='ltr'><strong>videntium</strong></span> <span class='ocrx_word' id='word_1_138' title='bbox 2236 622 2289 676; x_wconf 93' lang='lat' dir='ltr'><strong>in</strong></span> <span class='ocrx_word' id='word_1_139' title='bbox 2324 623 2546 692; x_wconf 88' lang='lat' dir='ltr'><strong>speculo</strong></span> <span class='ocrx_word' id='word_1_140' title='bbox 2578 638 2592 676; x_wconf 89' lang='lat'><strong>:</strong></span> <span class='ocrx_word' id='word_1_141' title='bbox 2628 621 2792 690; x_wconf 82' lang='lat' dir='ltr'><strong>alqui</strong></span> <span class='ocrx_word' id='word_1_142' title='bbox 2820 631 3184 691; x_wconf 90' lang='lat' dir='ltr'><strong>pervenerunt</strong></span> <span class='ocrx_word' id='word_1_143' title='bbox 3216 621 3283 675; x_wconf 91' lang='lat' dir='ltr'><strong>ad</strong></span> <span class='ocrx_word' id='word_1_144' title='bbox 3313 621 3493 691; x_wconf 89' lang='lat' dir='ltr'><strong>pcrfc—</strong></span> 
     </span>
    </p>
   </div>
   <div class='ocr_carea' id='block_1_21' title="bbox 1911 713 3553 799">
    <p class='ocr_par' dir='ltr' id='par_1_21' title="bbox 1911 713 3553 799">
     <span class='ocr_line' id='line_1_21' title="bbox 1911 713 3553 799; baseline 0.001 -32"><span class='ocrx_word' id='word_1_145' title='bbox 1911 713 2168 781; x_wconf 87' lang='lat' dir='ltr'><strong>ctionem,</strong></span> <span class='ocrx_word' id='word_1_146' title='bbox 2196 715 2378 770; x_wconf 81' lang='lat' dir='ltr'><strong>cordis</strong></span> <span class='ocrx_word' id='word_1_147' title='bbox 2405 730 2593 771; x_wconf 89' lang='lat' dir='ltr'><strong>eorum</strong></span> <span class='ocrx_word' id='word_1_148' title='bbox 2621 715 2940 784; x_wconf 89' lang='lat' dir='ltr'><strong>aperiuntur</strong></span> <span class='ocrx_word' id='word_1_149' title='bbox 2967 713 3133 777; x_wconf 85' lang='lat' dir='ltr'><strong>oculi,</strong></span> <span class='ocrx_word' id='word_1_150' title='bbox 3157 725 3494 785; x_wconf 88' lang='lat' dir='ltr'><strong>apparetque</strong></span> <span class='ocrx_word' id='word_1_151' title='bbox 3545 771 3553 799; x_wconf 39' lang='grc' dir='ltr'>ι</span> 
     </span>
    </p>
   </div>
   <div class='ocr_carea' id='block_1_22' title="bbox 1909 805 3550 876">
    <p class='ocr_par' dir='ltr' id='par_1_22' title="bbox 1909 805 3550 876">
     <span class='ocr_line' id='line_1_22' title="bbox 1909 805 3550 876; baseline 0 -16"><span class='ocrx_word' id='word_1_152' title='bbox 1909 805 2015 860; x_wconf 90' lang='lat' dir='ltr'><strong>illis</strong></span> <span class='ocrx_word' id='word_1_153' title='bbox 2037 805 2329 860; x_wconf 79' lang='lat' dir='ltr'><strong>maximum</strong></span> <span class='ocrx_word' id='word_1_154' title='bbox 2362 805 2544 862; x_wconf 90' lang='lat' dir='ltr'><strong>lumen</strong></span> <span class='ocrx_word' id='word_1_155' title='bbox 2575 821 2698 862; x_wconf 91' lang='lat' dir='ltr'><strong>cum</strong></span> <span class='ocrx_word' id='word_1_156' title='bbox 2729 807 2911 876; x_wconf 87' lang='lat' dir='ltr'><strong>requie</strong></span> <span class='ocrx_word' id='word_1_157' title='bbox 2930 805 3048 862; x_wconf 86' lang='lat' dir='ltr'><strong>sine</strong></span> <span class='ocrx_word' id='word_1_158' title='bbox 3077 805 3280 863; x_wconf 88' lang='lat' dir='ltr'><strong>lahorc.</strong></span> <span class='ocrx_word' id='word_1_159' title='bbox 3309 805 3493 874; x_wconf 85' lang='lat' dir='ltr'><strong>Quan-</strong></span> <span class='ocrx_word' id='word_1_160' title='bbox 3546 810 3550 816; x_wconf 85' lang='lat'>&#39;</span> 
     </span>
    </p>
   </div>
   <div class='ocr_carea' id='block_1_23' title="bbox 1911 897 3488 971">
    <p class='ocr_par' dir='ltr' id='par_1_23' title="bbox 1911 897 3488 971">
     <span class='ocr_line' id='line_1_23' title="bbox 1911 897 3488 971; baseline 0.004 -23"><span class='ocrx_word' id='word_1_161' title='bbox 1911 897 2198 968; x_wconf 88' lang='lat' dir='ltr'><strong>doquidem</strong></span> <span class='ocrx_word' id='word_1_162' title='bbox 2231 899 2284 954; x_wconf 92' lang='lat' dir='ltr'><strong>in</strong></span> <span class='ocrx_word' id='word_1_163' title='bbox 2318 901 2684 971; x_wconf 77' lang='lat' dir='ltr'><strong>perfectorum</strong></span> <span class='ocrx_word' id='word_1_164' title='bbox 2731 901 2902 956; x_wconf 90' lang='lat' dir='ltr'><strong>oculis</strong></span> <span class='ocrx_word' id='word_1_165' title='bbox 2951 899 3084 954; x_wconf 86' lang='lat' dir='ltr'><strong>nihil</strong></span> <span class='ocrx_word' id='word_1_166' title='bbox 3125 910 3488 968; x_wconf 29' lang='lat' dir='ltr'><strong>remanet-re-</strong></span> 
     </span>
    </p>
   </div>
   <div class='ocr_carea' id='block_1_24' title="bbox 1907 989 3489 1062">
    <p class='ocr_par' dir='ltr' id='par_1_24' title="bbox 1907 989 3489 1062">
     <span class='ocr_line' id='line_1_24' title="bbox 1907 989 3489 1062; baseline -0.001 -16"><span class='ocrx_word' id='word_1_167' title='bbox 1907 990 2286 1059; x_wconf 88' lang='lat' dir='ltr'><strong>prehensionis</strong></span> <span class='ocrx_word' id='word_1_168' title='bbox 2307 991 2514 1061; x_wconf 81' lang='lat' dir='ltr'><strong>peccati</strong></span> <span class='ocrx_word' id='word_1_169' title='bbox 2555 1000 2646 1046; x_wconf 88' lang='lat' dir='ltr'><strong>aut</strong></span> <span class='ocrx_word' id='word_1_170' title='bbox 2693 992 3062 1056; x_wconf 83' lang='lat' dir='ltr'><strong>tenebrarum,</strong></span> <span class='ocrx_word' id='word_1_171' title='bbox 3089 991 3342 1062; x_wconf 86' lang='lat' dir='ltr'><strong>quoniam</strong></span> <span class='ocrx_word' id='word_1_172' title='bbox 3369 989 3489 1045; x_wconf 70' lang='lat' dir='ltr'><strong>hate</strong></span> 
     </span>
    </p>
   </div>
   <div class='ocr_carea' id='block_1_25' title="bbox 1907 1081 3486 1154">
    <p class='ocr_par' dir='ltr' id='par_1_25' title="bbox 1907 1081 3486 1154">
     <span class='ocr_line' id='line_1_25' title="bbox 1907 1081 3486 1154; baseline -0.001 -17"><span class='ocrx_word' id='word_1_173' title='bbox 1907 1083 2014 1139; x_wconf 90' lang='lat' dir='ltr'><strong>duo</strong></span> <span class='ocrx_word' id='word_1_174' title='bbox 2033 1083 2077 1139; x_wconf 88' lang='lat' dir='ltr'><strong>si</strong></span> <span class='ocrx_word' id='word_1_175' title='bbox 2113 1085 2260 1139; x_wconf 89' lang='lat' dir='ltr'><strong>cordi</strong></span> <span class='ocrx_word' id='word_1_176' title='bbox 2299 1083 2458 1138; x_wconf 86' lang='lat' dir='ltr'><strong>insita</strong></span> <span class='ocrx_word' id='word_1_177' title='bbox 2495 1083 2632 1152; x_wconf 84' lang='lat' dir='ltr'><strong>sint,</strong></span> <span class='ocrx_word' id='word_1_178' title='bbox 2655 1098 2994 1154; x_wconf 81' lang='lat' dir='ltr'><strong>nequaquam</strong></span> <span class='ocrx_word' id='word_1_179' title='bbox 3038 1085 3232 1139; x_wconf 84' lang='lat' dir='ltr'><strong>animae</strong></span> <span class='ocrx_word' id='word_1_180' title='bbox 3256 1081 3486 1153; x_wconf 90' lang='lat' dir='ltr'><strong>permit-</strong></span> 
     </span>
    </p>
   </div>
   <div class='ocr_carea' id='block_1_26' title="bbox 1911 1173 3490 1246">
    <p class='ocr_par' dir='ltr' id='par_1_26' title="bbox 1911 1173 3490 1246">
     <span class='ocr_line' id='line_1_26' title="bbox 1911 1173 3490 1246; baseline 0 -17"><span class='ocrx_word' id='word_1_181' title='bbox 1911 1182 2027 1229; x_wconf 90' lang='lat' dir='ltr'><strong>tunt</strong></span> <span class='ocrx_word' id='word_1_182' title='bbox 2064 1175 2247 1230; x_wconf 88' lang='lat' dir='ltr'><strong>videre</strong></span> <span class='ocrx_word' id='word_1_183' title='bbox 2276 1175 2536 1231; x_wconf 87' lang='lat' dir='ltr'><strong>visionem</strong></span> <span class='ocrx_word' id='word_1_184' title='bbox 2570 1173 2920 1245; x_wconf 78' lang='lat' dir='ltr'><strong>perfectionis</strong></span> <span class='ocrx_word' id='word_1_185' title='bbox 2957 1191 3077 1246; x_wconf 66' lang='lat' dir='ltr'><strong>quae</strong></span> <span class='ocrx_word' id='word_1_186' title='bbox 3102 1184 3180 1231; x_wconf 88' lang='lat' dir='ltr'><strong>est</strong></span> <span class='ocrx_word' id='word_1_187' title='bbox 3203 1174 3490 1244; x_wconf 82' lang='lat' dir='ltr'><strong>perfecto-</strong></span> 
     </span>
    </p>
   </div>
   <div class='ocr_carea' id='block_1_27' title="bbox 1907 1267 3470 1340">
    <p class='ocr_par' dir='ltr' id='par_1_27' title="bbox 1907 1267 3470 1340">
     <span class='ocr_line' id='line_1_27' title="bbox 1907 1267 3470 1340; baseline 0.001 -18"><span class='ocrx_word' id='word_1_188' title='bbox 1907 1283 2048 1336; x_wconf 88' lang='lat' dir='ltr'><strong>rum,</strong></span> <span class='ocrx_word' id='word_1_189' title='bbox 2075 1267 2250 1337; x_wconf 84' lang='lat' dir='ltr'><strong>qualis</strong></span> <span class='ocrx_word' id='word_1_190' title='bbox 2289 1277 2406 1325; x_wconf 86' lang='lat' dir='ltr'><strong>erat</strong></span> <span class='ocrx_word' id='word_1_191' title='bbox 2440 1269 2576 1325; x_wconf 80' lang='lat' dir='ltr'><strong>visio</strong></span> <span class='ocrx_word' id='word_1_192' title='bbox 2621 1269 2772 1324; x_wconf 88' lang='lat' dir='ltr'><strong>Pauli</strong></span> <span class='ocrx_word' id='word_1_193' title='bbox 2831 1279 2886 1325; x_wconf 87' lang='lat' dir='ltr'><strong>et</strong></span> <span class='ocrx_word' id='word_1_194' title='bbox 2931 1269 3227 1335; x_wconf 81' lang='lat' dir='ltr'><strong>similium,.</strong></span> <span class='ocrx_word' id='word_1_195' title='bbox 3268 1268 3335 1326; x_wconf 91' lang='lat' dir='ltr'><strong>de</strong></span> <span class='ocrx_word' id='word_1_196' title='bbox 3380 1286 3470 1340; x_wconf 51' lang='lat' dir='ltr'><strong>qua</strong></span> 
     </span>
    </p>
   </div>
   <div class='ocr_carea' id='block_1_28' title="bbox 1905 1360 3495 1434">
    <p class='ocr_par' dir='ltr' id='par_1_28' title="bbox 1905 1360 3495 1434">
     <span class='ocr_line' id='line_1_28' title="bbox 1905 1360 3495 1434; baseline 0.002 -20"><span class='ocrx_word' id='word_1_197' title='bbox 1905 1360 2351 1431; x_wconf 78' lang='lat' dir='ltr'><strong>dixitApostolus</strong></span> <span class='ocrx_word' id='word_1_198' title='bbox 2380 1379 2393 1414; x_wconf 92' lang='lat'>:</span> <span class='ocrx_word' id='word_1_199' title='bbox 2441 1360 2605 1416; x_wconf 82' lang='lat' dir='ltr'><strong>Vultu</strong></span> <span class='ocrx_word' id='word_1_200' title='bbox 2638 1362 2807 1417; x_wconf 84' lang='lat' dir='ltr'><strong>velato</strong></span> <span class='ocrx_word' id='word_1_201' title='bbox 2831 1363 3062 1418; x_wconf 81' lang='lat' dir='ltr'><strong>uidemus</strong></span> <span class='ocrx_word' id='word_1_202' title='bbox 3104 1363 3330 1434; x_wconf 71' lang='lat' dir='ltr'><strong>gloriam</strong></span> <span class='ocrx_word' id='word_1_203' title='bbox 3367 1363 3495 1426; x_wconf 73' lang='lat' dir='ltr'><strong>Dei,</strong></span> 
     </span>
    </p>
   </div>
   <div class='ocr_carea' id='block_1_29' title="bbox 1905 1446 3495 1527">
    <p class='ocr_par' dir='ltr' id='par_1_29' title="bbox 1905 1446 3495 1527">
     <span class='ocr_line' id='line_1_29' title="bbox 1905 1446 3495 1527; baseline 0.002 -20"><span class='ocrx_word' id='word_1_204' title='bbox 1905 1446 2154 1524; x_wconf 84' lang='lat' dir='ltr'><strong>tanquam</strong></span> <span class='ocrx_word' id='word_1_205' title='bbox 2182 1458 2270 1526; x_wconf 85' lang='lat' dir='ltr'><strong>qui</strong></span> <span class='ocrx_word' id='word_1_206' title='bbox 2293 1455 2426 1510; x_wconf 81' lang='lat' dir='ltr'><strong>videt</strong></span> <span class='ocrx_word' id='word_1_207' title='bbox 2460 1456 2514 1509; x_wconf 89' lang='lat' dir='ltr'><strong>in</strong></span> <span class='ocrx_word' id='word_1_208' title='bbox 2543 1454 2775 1526; x_wconf 82' lang='lat' dir='ltr'><strong>speculo,</strong></span> <span class='ocrx_word' id='word_1_209' title='bbox 2802 1462 2854 1511; x_wconf 84' lang='lat' dir='ltr'><strong>et</strong></span> <span class='ocrx_word' id='word_1_210' title='bbox 2876 1457 3220 1510; x_wconf 85' lang='lat' dir='ltr'><strong>immutantur</strong></span> <span class='ocrx_word' id='word_1_211' title='bbox 3249 1473 3280 1510; x_wconf 92' lang='lat' dir='ltr'><strong>a</strong></span> <span class='ocrx_word' id='word_1_212' title='bbox 3317 1457 3495 1527; x_wconf 80' lang='lat' dir='ltr'><strong>gloria</strong></span> 
     </span>
    </p>
   </div>
   <div class='ocr_carea' id='block_1_30' title="bbox 1904 1544 2296 1614">
    <p class='ocr_par' dir='ltr' id='par_1_30' title="bbox 1904 1544 2296 1614">
     <span class='ocr_line' id='line_1_30' title="bbox 1904 1544 2296 1614; baseline 0.015 -17"><span class='ocrx_word' id='word_1_213' title='bbox 1904 1544 1958 1597; x_wconf 89' lang='lat' dir='ltr'><strong>in</strong></span> <span class='ocrx_word' id='word_1_214' title='bbox 1980 1545 2203 1614; x_wconf 81' lang='lat' dir='ltr'><strong>gloriam</strong></span> <span class='ocrx_word' id='word_1_215' title='bbox 2228 1547 2296 1603; x_wconf 76' lang='grc' dir='ltr'><strong>³ο.</strong></span> 
     </span>
    </p>
   </div>
   <div class='ocr_carea' id='block_1_31' title="bbox 1979 1637 3485 1712">
    <p class='ocr_par' dir='ltr' id='par_1_31' title="bbox 1979 1637 3485 1712">
     <span class='ocr_line' id='line_1_31' title="bbox 1979 1637 3485 1712; baseline 0.003 -20"><span class='ocrx_word' id='word_1_216' title='bbox 1979 1637 2110 1693; x_wconf 84' lang='lat' dir='ltr'><strong>item</strong></span> <span class='ocrx_word' id='word_1_217' title='bbox 2143 1638 2351 1711; x_wconf 83' lang='lat' dir='ltr'><strong>Moyses</strong></span> <span class='ocrx_word' id='word_1_218' title='bbox 2408 1655 2512 1695; x_wconf 90' lang='lat' dir='ltr'><strong>non</strong></span> <span class='ocrx_word' id='word_1_219' title='bbox 2561 1639 2969 1712; x_wconf 82' lang='lat' dir='ltr'><strong>transmigravit</strong></span> <span class='ocrx_word' id='word_1_220' title='bbox 2997 1639 3067 1696; x_wconf 91' lang='lat' dir='ltr'><strong>de</strong></span> <span class='ocrx_word' id='word_1_221' title='bbox 3101 1657 3208 1696; x_wconf 91' lang='lat' dir='ltr'><strong>uno</strong></span> <span class='ocrx_word' id='word_1_222' title='bbox 3240 1641 3290 1695; x_wconf 90' lang='lat' dir='ltr'><strong>in</strong></span> <span class='ocrx_word' id='word_1_223' title='bbox 3322 1639 3485 1696; x_wconf 84' lang='lat' dir='ltr'><strong>alium</strong></span> 
     </span>
    </p>
   </div>
   <div class='ocr_carea' id='block_1_32' title="bbox 1907 1728 3490 1802">
    <p class='ocr_par' dir='ltr' id='par_1_32' title="bbox 1907 1728 3490 1802">
     <span class='ocr_line' id='line_1_32' title="bbox 1907 1728 3490 1802; baseline 0.003 -19"><span class='ocrx_word' id='word_1_224' title='bbox 1907 1728 2103 1793; x_wconf 89' lang='lat' dir='ltr'><strong>locum,</strong></span> <span class='ocrx_word' id='word_1_225' title='bbox 2135 1746 2309 1801; x_wconf 89' lang='lat' dir='ltr'><strong>neque</strong></span> <span class='ocrx_word' id='word_1_226' title='bbox 2337 1734 2402 1787; x_wconf 89' lang='lat' dir='ltr'><strong>de</strong></span> <span class='ocrx_word' id='word_1_227' title='bbox 2431 1747 2538 1786; x_wconf 88' lang='lat' dir='ltr'><strong>una</strong></span> <span class='ocrx_word' id='word_1_228' title='bbox 2582 1732 2803 1802; x_wconf 86' lang='lat' dir='ltr'><strong>regione</strong></span> <span class='ocrx_word' id='word_1_229' title='bbox 2857 1734 2910 1788; x_wconf 90' lang='lat' dir='ltr'><strong>in</strong></span> <span class='ocrx_word' id='word_1_230' title='bbox 2965 1732 3154 1797; x_wconf 89' lang='lat' dir='ltr'><strong>aliam,</strong></span> <span class='ocrx_word' id='word_1_231' title='bbox 3187 1733 3280 1788; x_wconf 90' lang='lat' dir='ltr'><strong>sed</strong></span> <span class='ocrx_word' id='word_1_232' title='bbox 3313 1743 3490 1788; x_wconf 89' lang='lat' dir='ltr'><strong>trans-</strong></span> 
     </span>
    </p>
   </div>
   <div class='ocr_carea' id='block_1_33' title="bbox 207 1790 3486 1896">
    <p class='ocr_par' dir='ltr' id='par_1_33' title="bbox 207 1790 3486 1896">
     <span class='ocr_line' id='line_1_33' title="bbox 207 1790 3486 1896; baseline 0.005 -32"><span class='ocrx_word' id='word_1_233' title='bbox 207 1790 315 1846; x_wconf 63' lang='grc'><strong>⁸⁵⁸³</strong></span> <span class='ocrx_word' id='word_1_234' title='bbox 348 1802 439 1896; x_wconf 55' lang='grc' dir='ltr'><strong>ςδξ</strong></span> <span class='ocrx_word' id='word_1_235' title='bbox 466 1794 810 1896; x_wconf 47' lang='grc' dir='ltr'><strong>Ῑξιεξηξίξτῖε,</strong></span> <span class='ocrx_word' id='word_1_236' title='bbox 848 1817 949 1859; x_wconf 84' lang='lat' dir='ltr'><strong>nec</strong></span> <span class='ocrx_word' id='word_1_237' title='bbox 995 1819 1220 1876; x_wconf 80' lang='lat' dir='ltr'><strong>apparet</strong></span> <span class='ocrx_word' id='word_1_238' title='bbox 1249 1809 1301 1864; x_wconf 91' lang='lat' dir='ltr'><strong>in</strong></span> <span class='ocrx_word' id='word_1_239' title='bbox 1346 1825 1410 1867; x_wconf 87' lang='lat' dir='ltr'><strong>ea</strong></span> <span class='ocrx_word' id='word_1_240' title='bbox 1444 1812 1624 1870; x_wconf 89' lang='lat' dir='ltr'><strong>lumen</strong></span> <span class='ocrx_word' id='word_1_241' title='bbox 1655 1821 1798 1886; x_wconf 89' lang='lat' dir='ltr'><strong>quod</strong></span> <span class='ocrx_word' id='word_1_242' title='bbox 1829 1806 1874 1867; x_wconf 84' lang='grc' dir='ltr'><strong>Β</strong></span> <span class='ocrx_word' id='word_1_243' title='bbox 1905 1821 2153 1892; x_wconf 82' lang='lat' dir='ltr'><strong>migravit</strong></span> <span class='ocrx_word' id='word_1_244' title='bbox 2212 1790 2691 1894; x_wconf 49' lang='lat' dir='ltr'><strong>iransmigrationue</strong></span> <span class='ocrx_word' id='word_1_245' title='bbox 2764 1837 2952 1896; x_wconf 89' lang='lat' dir='ltr'><strong>aperte</strong></span> <span class='ocrx_word' id='word_1_246' title='bbox 3018 1825 3278 1881; x_wconf 79' lang='lat' dir='ltr'><strong>mirabili.</strong></span> <span class='ocrx_word' id='word_1_247' title='bbox 3337 1823 3486 1880; x_wconf 82' lang='lat' dir='ltr'><strong>Vidit</strong></span> 
     </span>
    </p>
   </div>
   <div class='ocr_carea' id='block_1_34' title="bbox 206 1888 1802 1968">
    <p class='ocr_par' dir='ltr' id='par_1_34' title="bbox 206 1888 1802 1968">
     <span class='ocr_line' id='line_1_34' title="bbox 206 1888 1802 1968; baseline 0.016 -27"><span class='ocrx_word' id='word_1_248' title='bbox 206 1895 294 1942; x_wconf 82' lang='lat' dir='ltr'><strong>est</strong></span> <span class='ocrx_word' id='word_1_249' title='bbox 321 1888 466 1945; x_wconf 83' lang='lat' dir='ltr'><strong>visio</strong></span> <span class='ocrx_word' id='word_1_250' title='bbox 500 1888 617 1947; x_wconf 90' lang='lat' dir='ltr'><strong>Dei.</strong></span> <span class='ocrx_word' id='word_1_251' title='bbox 650 1892 791 1950; x_wconf 89' lang='lat' dir='ltr'><strong>Dicit</strong></span> <span class='ocrx_word' id='word_1_252' title='bbox 825 1912 1058 1968; x_wconf 86' lang='lat' dir='ltr'><strong>namque</strong></span> <span class='ocrx_word' id='word_1_253' title='bbox 1103 1901 1268 1958; x_wconf 87' lang='lat' dir='ltr'><strong>David</strong></span> <span class='ocrx_word' id='word_1_254' title='bbox 1303 1922 1317 1959; x_wconf 91' lang='lat'><strong>:</strong></span> <span class='ocrx_word' id='word_1_255' title='bbox 1357 1904 1574 1963; x_wconf 85' lang='lat' dir='ltr'><strong>Lumine</strong></span> <span class='ocrx_word' id='word_1_256' title='bbox 1603 1920 1692 1966; x_wconf 89' lang='lat' dir='ltr'><strong>tuo</strong></span> <span class='ocrx_word' id='word_1_257' title='bbox 1722 1913 1802 1966; x_wconf 79' lang='lat' dir='ltr'><strong>vi-</strong></span> 
     </span>
    </p>
   </div>
   <div class='ocr_carea' id='block_1_35' title="bbox 208 2161 1788 2255">
    <p class='ocr_par' dir='ltr' id='par_1_35' title="bbox 208 2161 1788 2255">
     <span class='ocr_line' id='line_1_35' title="bbox 208 2161 1788 2255; baseline 0.019 -41"><span class='ocrx_word' id='word_1_258' title='bbox 208 2161 396 2219; x_wconf 86' lang='lat' dir='ltr'><strong>minus</strong></span> <span class='ocrx_word' id='word_1_259' title='bbox 421 2175 606 2223; x_wconf 87' lang='lat' dir='ltr'><strong>noster</strong></span> <span class='ocrx_word' id='word_1_260' title='bbox 620 2167 778 2227; x_wconf 71' lang='lat' dir='ltr'><strong>Iesus</strong></span> <span class='ocrx_word' id='word_1_261' title='bbox 795 2171 1040 2232; x_wconf 88' lang='lat' dir='ltr'><strong>Christus</strong></span> <span class='ocrx_word' id='word_1_262' title='bbox 1064 2177 1115 2232; x_wconf 90' lang='lat' dir='ltr'><strong>in</strong></span> <span class='ocrx_word' id='word_1_263' title='bbox 1146 2177 1437 2252; x_wconf 80' lang='lat' dir='ltr'><strong>Evangelio</strong></span> <span class='ocrx_word' id='word_1_264' title='bbox 1451 2185 1498 2217; x_wconf 76' lang='grc'><strong>’⁷</strong></span> <span class='ocrx_word' id='word_1_265' title='bbox 1516 2203 1530 2240; x_wconf 90' lang='lat'><strong>:</strong></span> <span class='ocrx_word' id='word_1_266' title='bbox 1546 2187 1754 2244; x_wconf 85' lang='lat' dir='ltr'><strong>scilicet</strong></span> <span class='ocrx_word' id='word_1_267' title='bbox 1771 2228 1788 2255; x_wconf 97' lang='lat'><strong>,</strong></span> 
     </span>
    </p>
   </div>
   <div class='ocr_carea' id='block_1_36' title="bbox 209 2255 1801 2352">
    <p class='ocr_par' dir='ltr' id='par_1_36' title="bbox 209 2255 1801 2352">
     <span class='ocr_line' id='line_1_36' title="bbox 209 2255 1801 2352; baseline 0.021 -47"><span class='ocrx_word' id='word_1_268' title='bbox 209 2261 271 2306; x_wconf 90' lang='lat' dir='ltr'><strong>ut</strong></span> <span class='ocrx_word' id='word_1_269' title='bbox 303 2255 380 2352; x_wconf 78' lang='lat' dir='ltr'><strong>sit</strong></span> <span class='ocrx_word' id='word_1_270' title='bbox 405 2257 568 2315; x_wconf 91' lang='lat' dir='ltr'><strong>homo</strong></span> <span class='ocrx_word' id='word_1_271' title='bbox 598 2270 742 2319; x_wconf 90' lang='lat' dir='ltr'><strong>totus</strong></span> <span class='ocrx_word' id='word_1_272' title='bbox 770 2264 1092 2336; x_wconf 82' lang='lat' dir='ltr'><strong>luminosus,</strong></span> <span class='ocrx_word' id='word_1_273' title='bbox 1125 2287 1225 2328; x_wconf 86' lang='lat' dir='ltr'><strong>nec</strong></span> <span class='ocrx_word' id='word_1_274' title='bbox 1249 2274 1321 2330; x_wconf 89' lang='lat' dir='ltr'><strong>sit</strong></span> <span class='ocrx_word' id='word_1_275' title='bbox 1360 2277 1412 2331; x_wconf 92' lang='lat' dir='ltr'><strong>in</strong></span> <span class='ocrx_word' id='word_1_276' title='bbox 1440 2291 1506 2333; x_wconf 90' lang='lat' dir='ltr'><strong>eo</strong></span> <span class='ocrx_word' id='word_1_277' title='bbox 1540 2279 1644 2334; x_wconf 88' lang='lat' dir='ltr'><strong>ulla</strong></span> <span class='ocrx_word' id='word_1_278' title='bbox 1674 2297 1801 2352; x_wconf 89' lang='lat' dir='ltr'><strong>pars</strong></span> 
     </span>
    </p>
   </div>
   <div class='ocr_carea' id='block_1_37' title="bbox 209 2346 1799 2430">
    <p class='ocr_par' dir='ltr' id='par_1_37' title="bbox 209 2346 1799 2430">
     <span class='ocr_line' id='line_1_37' title="bbox 209 2346 1799 2430; baseline 0.02 -31"><span class='ocrx_word' id='word_1_279' title='bbox 209 2346 524 2407; x_wconf 83' lang='lat' dir='ltr'><strong>tenebrosa.</strong></span> <span class='ocrx_word' id='word_1_280' title='bbox 552 2353 621 2408; x_wconf 86' lang='lat' dir='ltr'><strong>Et</strong></span> <span class='ocrx_word' id='word_1_281' title='bbox 643 2361 1096 2426; x_wconf 79' lang='lat' dir='ltr'><strong>quemadmodum</strong></span> <span class='ocrx_word' id='word_1_282' title='bbox 1121 2365 1256 2421; x_wconf 80' lang='lat' dir='ltr'><strong>dixit</strong></span> <span class='ocrx_word' id='word_1_283' title='bbox 1277 2368 1440 2424; x_wconf 88' lang='lat' dir='ltr'><strong>etiam</strong></span> <span class='ocrx_word' id='word_1_284' title='bbox 1467 2389 1481 2425; x_wconf 76' lang='grc' dir='ltr'>ε</span> <span class='ocrx_word' id='word_1_285' title='bbox 1513 2346 1689 2428; x_wconf 74' lang='lat' dir='ltr'><strong>Nemo</strong></span> <span class='ocrx_word' id='word_1_286' title='bbox 1709 2391 1799 2430; x_wconf 89' lang='lat' dir='ltr'><strong>co-</strong></span> 
     </span>
    </p>
   </div>
   <div class='ocr_carea' id='block_1_38' title="bbox 205 2442 1797 2532">
    <p class='ocr_par' dir='ltr' id='par_1_38' title="bbox 205 2442 1797 2532">
     <span class='ocr_line' id='line_1_38' title="bbox 205 2442 1797 2532; baseline 0.019 -38"><span class='ocrx_word' id='word_1_287' title='bbox 205 2444 413 2510; x_wconf 68' lang='lat' dir='ltr'><strong>gnoscit</strong></span> <span class='ocrx_word' id='word_1_288' title='bbox 446 2442 688 2513; x_wconf 86' lang='lat' dir='ltr'><strong>Patrem,</strong></span> <span class='ocrx_word' id='word_1_289' title='bbox 713 2451 816 2506; x_wconf 83' lang='lat' dir='ltr'><strong>nisi</strong></span> <span class='ocrx_word' id='word_1_290' title='bbox 839 2451 1036 2529; x_wconf 76' lang='lat' dir='ltr'><strong>Filius,</strong></span> <span class='ocrx_word' id='word_1_291' title='bbox 1069 2467 1118 2512; x_wconf 86' lang='lat' dir='ltr'><strong>et</strong></span> <span class='ocrx_word' id='word_1_292' title='bbox 1155 2461 1446 2532; x_wconf 83' lang='lat' dir='ltr'><strong>cuicunque</strong></span> <span class='ocrx_word' id='word_1_293' title='bbox 1474 2465 1580 2520; x_wconf 79' lang='lat' dir='ltr'><strong>vult</strong></span> <span class='ocrx_word' id='word_1_294' title='bbox 1616 2465 1797 2524; x_wconf 78' lang='lat' dir='ltr'><strong>Filius</strong></span> 
     </span>
    </p>
   </div>
   <div class='ocr_carea' id='block_1_39' title="bbox 207 2536 1796 2622">
    <p class='ocr_par' dir='ltr' id='par_1_39' title="bbox 207 2536 1796 2622">
     <span class='ocr_line' id='line_1_39' title="bbox 207 2536 1796 2622; baseline 0.018 -34"><span class='ocrx_word' id='word_1_295' title='bbox 207 2536 635 2605; x_wconf 67' lang='lat' dir='ltr'><strong>manifestare&quot;.</strong></span> <span class='ocrx_word' id='word_1_296' title='bbox 680 2541 851 2601; x_wconf 85' lang='lat' dir='ltr'><strong>Filius</strong></span> <span class='ocrx_word' id='word_1_297' title='bbox 897 2557 1101 2614; x_wconf 89' lang='lat' dir='ltr'><strong>autem,</strong></span> <span class='ocrx_word' id='word_1_298' title='bbox 1132 2551 1282 2608; x_wconf 89' lang='lat' dir='ltr'><strong>ﬁlioli</strong></span> <span class='ocrx_word' id='word_1_299' title='bbox 1313 2556 1440 2622; x_wconf 89' lang='lat' dir='ltr'><strong>mei,</strong></span> <span class='ocrx_word' id='word_1_300' title='bbox 1473 2571 1581 2614; x_wconf 91' lang='lat' dir='ltr'><strong>non</strong></span> <span class='ocrx_word' id='word_1_301' title='bbox 1616 2562 1796 2616; x_wconf 86' lang='lat' dir='ltr'><strong>mani-</strong></span> 
     </span>
    </p>
   </div>
   <div class='ocr_carea' id='block_1_40' title="bbox 208 2627 1795 2721">
    <p class='ocr_par' dir='ltr' id='par_1_40' title="bbox 208 2627 1795 2721">
     <span class='ocr_line' id='line_1_40' title="bbox 208 2627 1795 2721; baseline 0.018 -39"><span class='ocrx_word' id='word_1_302' title='bbox 208 2627 375 2721; x_wconf 80' lang='lat' dir='ltr'><strong>festat</strong></span> <span class='ocrx_word' id='word_1_303' title='bbox 409 2629 628 2689; x_wconf 81' lang='lat' dir='ltr'><strong>Patrem</strong></span> <span class='ocrx_word' id='word_1_304' title='bbox 667 2649 826 2692; x_wconf 91' lang='lat' dir='ltr'><strong>suum</strong></span> <span class='ocrx_word' id='word_1_305' title='bbox 862 2637 991 2696; x_wconf 82' lang='lat' dir='ltr'><strong>ﬁliis</strong></span> <span class='ocrx_word' id='word_1_306' title='bbox 1035 2643 1402 2713; x_wconf 90' lang='lat' dir='ltr'><strong>tenebrarum,</strong></span> <span class='ocrx_word' id='word_1_307' title='bbox 1437 2651 1532 2705; x_wconf 90' lang='lat' dir='ltr'><strong>sed</strong></span> <span class='ocrx_word' id='word_1_308' title='bbox 1578 2667 1795 2721; x_wconf 89' lang='lat' dir='ltr'><strong>perma-</strong></span> 
     </span>
    </p>
   </div>
   <div class='ocr_carea' id='block_1_41' title="bbox 208 2720 1798 2813">
    <p class='ocr_par' dir='ltr' id='par_1_41' title="bbox 208 2720 1798 2813">
     <span class='ocr_line' id='line_1_41' title="bbox 208 2720 1798 2813; baseline 0.017 -40"><span class='ocrx_word' id='word_1_309' title='bbox 208 2720 468 2777; x_wconf 77' lang='lat' dir='ltr'><strong>nentihus</strong></span> <span class='ocrx_word' id='word_1_310' title='bbox 515 2722 570 2778; x_wconf 90' lang='lat' dir='ltr'><strong>in</strong></span> <span class='ocrx_word' id='word_1_311' title='bbox 615 2723 841 2794; x_wconf 85' lang='lat' dir='ltr'><strong>lumine,</strong></span> <span class='ocrx_word' id='word_1_312' title='bbox 875 2731 1078 2801; x_wconf 88' lang='lat' dir='ltr'><strong>quique</strong></span> <span class='ocrx_word' id='word_1_313' title='bbox 1105 2744 1231 2789; x_wconf 88' lang='lat' dir='ltr'><strong>sunt</strong></span> <span class='ocrx_word' id='word_1_314' title='bbox 1259 2735 1354 2792; x_wconf 88' lang='lat' dir='ltr'><strong>ﬁlii</strong></span> <span class='ocrx_word' id='word_1_315' title='bbox 1389 2720 1629 2807; x_wconf 84' lang='lat' dir='ltr'><strong>luminis,</strong></span> <span class='ocrx_word' id='word_1_316' title='bbox 1663 2757 1798 2813; x_wconf 88' lang='lat' dir='ltr'><strong>quo-</strong></span> 
     </span>
    </p>
   </div>
   <div class='ocr_carea' id='block_1_42' title="bbox 209 2814 1800 2905">
    <p class='ocr_par' dir='ltr' id='par_1_42' title="bbox 209 2814 1800 2905">
     <span class='ocr_line' id='line_1_42' title="bbox 209 2814 1800 2905; baseline 0.019 -41"><span class='ocrx_word' id='word_1_317' title='bbox 209 2825 331 2866; x_wconf 87' lang='lat' dir='ltr'><strong>rum</strong></span> <span class='ocrx_word' id='word_1_318' title='bbox 371 2814 596 2872; x_wconf 81' lang='lat' dir='ltr'><strong>cordum</strong></span> <span class='ocrx_word' id='word_1_319' title='bbox 633 2820 822 2877; x_wconf 81' lang='lat' dir='ltr'><strong>oculos</strong></span> <span class='ocrx_word' id='word_1_320' title='bbox 879 2822 1206 2884; x_wconf 86' lang='lat' dir='ltr'><strong>illuminavit</strong></span> <span class='ocrx_word' id='word_1_321' title='bbox 1247 2831 1557 2901; x_wconf 82' lang='lat' dir='ltr'><strong>cognitione</strong></span> <span class='ocrx_word' id='word_1_322' title='bbox 1596 2850 1800 2905; x_wconf 68' lang='lat' dir='ltr'><strong>praece-</strong></span> 
     </span>
    </p>
   </div>
   <div class='ocr_carea' id='block_1_43' title="bbox 208 2904 1798 3000">
    <p class='ocr_par' dir='ltr' id='par_1_43' title="bbox 208 2904 1798 3000">
     <span class='ocr_line' id='line_1_43' title="bbox 208 2904 1798 3000; baseline 0.016 -41"><span class='ocrx_word' id='word_1_323' title='bbox 208 2913 450 3000; x_wconf 75' lang='lat' dir='ltr'><strong>ptorum.</strong></span> <span class='ocrx_word' id='word_1_324' title='bbox 469 2904 694 2976; x_wconf 85' lang='lat' dir='ltr'><strong>Oportet</strong></span> <span class='ocrx_word' id='word_1_325' title='bbox 713 2913 954 2984; x_wconf 89' lang='lat' dir='ltr'><strong>quidem,</strong></span> <span class='ocrx_word' id='word_1_326' title='bbox 983 2930 1080 2974; x_wconf 91' lang='lat' dir='ltr'><strong>nos</strong></span> <span class='ocrx_word' id='word_1_327' title='bbox 1100 2919 1332 2989; x_wconf 89' lang='lat' dir='ltr'><strong>primum</strong></span> <span class='ocrx_word' id='word_1_328' title='bbox 1357 2923 1558 2985; x_wconf 88' lang='lat' dir='ltr'><strong>imitari</strong></span> <span class='ocrx_word' id='word_1_329' title='bbox 1578 2926 1798 3000; x_wconf 74' lang='lat' dir='ltr'><strong>Moysen</strong></span> 
     </span>
    </p>
   </div>
   <div class='ocr_carea' id='block_1_44' title="bbox 207 2997 1793 3088">
    <p class='ocr_par' dir='ltr' id='par_1_44' title="bbox 207 2997 1793 3088">
     <span class='ocr_line' id='line_1_44' title="bbox 207 2997 1793 3088; baseline 0.018 -39"><span class='ocrx_word' id='word_1_330' title='bbox 207 2997 599 3088; x_wconf 75' lang='lat' dir='ltr'><strong>prophetarum</strong></span> <span class='ocrx_word' id='word_1_331' title='bbox 622 3005 942 3074; x_wconf 83' lang='lat' dir='ltr'><strong>maximum,</strong></span> <span class='ocrx_word' id='word_1_332' title='bbox 967 3019 1024 3064; x_wconf 90' lang='lat' dir='ltr'><strong>ut</strong></span> <span class='ocrx_word' id='word_1_333' title='bbox 1053 3009 1396 3071; x_wconf 80' lang='lat' dir='ltr'><strong>inveniamus</strong></span> <span class='ocrx_word' id='word_1_334' title='bbox 1419 3017 1642 3088; x_wconf 81' lang='lat' dir='ltr'><strong>gloriam</strong></span> <span class='ocrx_word' id='word_1_335' title='bbox 1665 2997 1793 3079; x_wconf 78' lang='lat' dir='ltr'><strong>fidei</strong></span> 
     </span>
    </p>
   </div>
   <div class='ocr_carea' id='block_1_45' title="bbox 210 3084 1794 3168">
    <p class='ocr_par' dir='ltr' id='par_1_45' title="bbox 210 3084 1794 3168">
     <span class='ocr_line' id='line_1_45' title="bbox 210 3084 1794 3168; baseline 0.016 -27"><span class='ocrx_word' id='word_1_336' title='bbox 210 3084 307 3142; x_wconf 84' lang='lat' dir='ltr'><strong>Dei</strong></span> <span class='ocrx_word' id='word_1_337' title='bbox 353 3089 664 3150; x_wconf 79' lang='lat' dir='ltr'><strong>invisibilis.</strong></span> <span class='ocrx_word' id='word_1_338' title='bbox 696 3095 909 3166; x_wconf 81' lang='lat' dir='ltr'><strong>Moyses</strong></span> <span class='ocrx_word' id='word_1_339' title='bbox 937 3095 1098 3155; x_wconf 86' lang='lat' dir='ltr'><strong>enim</strong></span> <span class='ocrx_word' id='word_1_340' title='bbox 1131 3117 1252 3158; x_wconf 91' lang='lat' dir='ltr'><strong>cum</strong></span> <span class='ocrx_word' id='word_1_341' title='bbox 1291 3084 1466 3163; x_wconf 49' lang='lat' dir='ltr'><strong>factu—s</strong></span> <span class='ocrx_word' id='word_1_342' title='bbox 1497 3120 1641 3165; x_wconf 88' lang='lat' dir='ltr'><strong>esset</strong></span> <span class='ocrx_word' id='word_1_343' title='bbox 1671 3110 1794 3168; x_wconf 71' lang='lat' dir='ltr'><strong>ﬁliae</strong></span> 
     </span>
    </p>
   </div>
   <div class='ocr_carea' id='block_1_46' title="bbox 209 3177 1797 3274">
    <p class='ocr_par' dir='ltr' id='par_1_46' title="bbox 209 3177 1797 3274">
     <span class='ocr_line' id='line_1_46' title="bbox 209 3177 1797 3274; baseline 0.018 -42"><span class='ocrx_word' id='word_1_344' title='bbox 209 3177 512 3274; x_wconf 75' lang='lat' dir='ltr'><strong>Pharaonis</strong></span> <span class='ocrx_word' id='word_1_345' title='bbox 541 3183 705 3250; x_wconf 90' lang='lat' dir='ltr'><strong>ﬁlius,</strong></span> <span class='ocrx_word' id='word_1_346' title='bbox 731 3198 787 3243; x_wconf 92' lang='lat' dir='ltr'><strong>et</strong></span> <span class='ocrx_word' id='word_1_347' title='bbox 813 3203 937 3245; x_wconf 90' lang='lat' dir='ltr'><strong>cum</strong></span> <span class='ocrx_word' id='word_1_348' title='bbox 979 3191 1231 3251; x_wconf 88' lang='lat' dir='ltr'><strong>lahorare</strong></span> <span class='ocrx_word' id='word_1_349' title='bbox 1259 3196 1512 3269; x_wconf 78' lang='lat' dir='ltr'><strong>elegisset</strong></span> <span class='ocrx_word' id='word_1_350' title='bbox 1541 3215 1664 3256; x_wconf 89' lang='lat' dir='ltr'><strong>cum</strong></span> <span class='ocrx_word' id='word_1_351' title='bbox 1699 3219 1797 3274; x_wconf 91' lang='lat' dir='ltr'><strong>po-</strong></span> 
     </span>
    </p>
   </div>
   <div class='ocr_carea' id='block_1_47' title="bbox 209 3269 1798 3363">
    <p class='ocr_par' dir='ltr' id='par_1_47' title="bbox 209 3269 1798 3363">
     <span class='ocr_line' id='line_1_47' title="bbox 209 3269 1798 3363; baseline 0.017 -40"><span class='ocrx_word' id='word_1_352' title='bbox 209 3269 340 3363; x_wconf 81' lang='lat' dir='ltr'><strong>pulo</strong></span> <span class='ocrx_word' id='word_1_353' title='bbox 371 3271 488 3339; x_wconf 88' lang='lat' dir='ltr'><strong>Dei,</strong></span> <span class='ocrx_word' id='word_1_354' title='bbox 521 3276 750 3347; x_wconf 87' lang='lat' dir='ltr'><strong>projecit</strong></span> <span class='ocrx_word' id='word_1_355' title='bbox 779 3294 810 3334; x_wconf 87' lang='lat' dir='ltr'><strong>a</strong></span> <span class='ocrx_word' id='word_1_356' title='bbox 851 3295 912 3336; x_wconf 90' lang='lat' dir='ltr'><strong>se</strong></span> <span class='ocrx_word' id='word_1_357' title='bbox 944 3283 1264 3340; x_wconf 85' lang='lat' dir='ltr'><strong>servitutem</strong></span> <span class='ocrx_word' id='word_1_358' title='bbox 1299 3287 1512 3356; x_wconf 89' lang='lat' dir='ltr'><strong>plenam</strong></span> <span class='ocrx_word' id='word_1_359' title='bbox 1540 3269 1798 3363; x_wconf 74' lang='lat' dir='ltr'><strong>objectio-</strong></span> 
     </span>
    </p>
   </div>
   <div class='ocr_carea' id='block_1_48' title="bbox 207 3361 1795 3455">
    <p class='ocr_par' dir='ltr' id='par_1_48' title="bbox 207 3361 1795 3455">
     <span class='ocr_line' id='line_1_48' title="bbox 207 3361 1795 3455; baseline 0.018 -40"><span class='ocrx_word' id='word_1_360' title='bbox 207 3361 329 3427; x_wconf 87' lang='lat' dir='ltr'><strong>uis;</strong></span> <span class='ocrx_word' id='word_1_361' title='bbox 364 3373 422 3419; x_wconf 90' lang='lat' dir='ltr'><strong>et</strong></span> <span class='ocrx_word' id='word_1_362' title='bbox 467 3365 735 3426; x_wconf 85' lang='lat' dir='ltr'><strong>hactenus</strong></span> <span class='ocrx_word' id='word_1_363' title='bbox 784 3371 952 3428; x_wconf 86' lang='lat' dir='ltr'><strong>Deum</strong></span> <span class='ocrx_word' id='word_1_364' title='bbox 987 3389 1094 3455; x_wconf 84' lang='lat' dir='ltr'><strong>non</strong></span> <span class='ocrx_word' id='word_1_365' title='bbox 1131 3378 1363 3446; x_wconf 87' lang='lat' dir='ltr'><strong>viderat,</strong></span> <span class='ocrx_word' id='word_1_366' title='bbox 1413 3397 1534 3437; x_wconf 91' lang='lat' dir='ltr'><strong>cum</strong></span> <span class='ocrx_word' id='word_1_367' title='bbox 1564 3361 1711 3441; x_wconf 81' lang='lat' dir='ltr'><strong>esset</strong></span> <span class='ocrx_word' id='word_1_368' title='bbox 1742 3387 1795 3443; x_wconf 91' lang='lat' dir='ltr'><strong>in</strong></span> 
     </span>
    </p>
   </div>
   <div class='ocr_carea' id='block_1_49' title="bbox 206 3457 1796 3542">
    <p class='ocr_par' dir='ltr' id='par_1_49' title="bbox 206 3457 1796 3542">
     <span class='ocr_line' id='line_1_49' title="bbox 206 3457 1796 3542; baseline 0.019 -36"><span class='ocrx_word' id='word_1_369' title='bbox 206 3457 476 3512; x_wconf 78' lang='lat' dir='ltr'><strong>servitute</strong></span> <span class='ocrx_word' id='word_1_370' title='bbox 501 3475 516 3512; x_wconf 89' lang='lat'><strong>:</strong></span> <span class='ocrx_word' id='word_1_371' title='bbox 541 3467 597 3514; x_wconf 84' lang='lat' dir='ltr'><strong>at</strong></span> <span class='ocrx_word' id='word_1_372' title='bbox 624 3461 716 3517; x_wconf 85' lang='lat' dir='ltr'><strong>illa</strong></span> <span class='ocrx_word' id='word_1_373' title='bbox 737 3477 968 3522; x_wconf 74' lang='lat' dir='ltr'><strong>excussa</strong></span> <span class='ocrx_word' id='word_1_374' title='bbox 999 3469 1264 3527; x_wconf 86' lang='lat' dir='ltr'><strong>servitute</strong></span> <span class='ocrx_word' id='word_1_375' title='bbox 1295 3487 1418 3542; x_wconf 73' lang='lat' dir='ltr'><strong>quae</strong></span> <span class='ocrx_word' id='word_1_376' title='bbox 1453 3485 1538 3531; x_wconf 89' lang='lat' dir='ltr'><strong>est</strong></span> <span class='ocrx_word' id='word_1_377' title='bbox 1565 3477 1796 3535; x_wconf 81' lang='lat' dir='ltr'><strong>Pharao-</strong></span> 
     </span>
    </p>
   </div>
   <div class='ocr_carea' id='block_1_50' title="bbox 208 3549 1800 3644">
    <p class='ocr_par' dir='ltr' id='par_1_50' title="bbox 208 3549 1800 3644">
     <span class='ocr_line' id='line_1_50' title="bbox 208 3549 1800 3644; baseline 0.018 -42"><span class='ocrx_word' id='word_1_378' title='bbox 208 3549 315 3617; x_wconf 88' lang='lat' dir='ltr'><strong>nis,</strong></span> <span class='ocrx_word' id='word_1_379' title='bbox 346 3550 490 3608; x_wconf 90' lang='lat' dir='ltr'><strong>liher</strong></span> <span class='ocrx_word' id='word_1_380' title='bbox 520 3551 698 3612; x_wconf 78' lang='lat' dir='ltr'><strong>lactus</strong></span> <span class='ocrx_word' id='word_1_381' title='bbox 740 3567 846 3627; x_wconf 85' lang='lat' dir='ltr'><strong>est,</strong></span> <span class='ocrx_word' id='word_1_382' title='bbox 885 3563 1191 3636; x_wconf 88' lang='lat' dir='ltr'><strong>meruitque</strong></span> <span class='ocrx_word' id='word_1_383' title='bbox 1232 3565 1420 3624; x_wconf 90' lang='lat' dir='ltr'><strong>videre</strong></span> <span class='ocrx_word' id='word_1_384' title='bbox 1453 3569 1645 3626; x_wconf 89' lang='lat' dir='ltr'><strong>rubum</strong></span> <span class='ocrx_word' id='word_1_385' title='bbox 1676 3573 1800 3644; x_wconf 88' lang='lat' dir='ltr'><strong>igne</strong></span> 
     </span>
    </p>
   </div>
   <div class='ocr_carea' id='block_1_51' title="bbox 207 3647 1796 3732">
    <p class='ocr_par' dir='ltr' id='par_1_51' title="bbox 207 3647 1796 3732">
     <span class='ocr_line' id='line_1_51' title="bbox 207 3647 1796 3732; baseline 0.015 -35"><span class='ocrx_word' id='word_1_386' title='bbox 207 3657 545 3712; x_wconf 84' lang='lat' dir='ltr'><strong>accensum,</strong></span> <span class='ocrx_word' id='word_1_387' title='bbox 589 3647 994 3708; x_wconf 88' lang='lat' dir='ltr'><strong>incombustum</strong></span> <span class='ocrx_word' id='word_1_388' title='bbox 1057 3666 1260 3714; x_wconf 85' lang='lat' dir='ltr'><strong>tamen.</strong></span> <span class='ocrx_word' id='word_1_389' title='bbox 1317 3657 1529 3717; x_wconf 88' lang='lat' dir='ltr'><strong>Dicitur</strong></span> <span class='ocrx_word' id='word_1_390' title='bbox 1577 3673 1796 3732; x_wconf 89' lang='lat' dir='ltr'><strong>autem,</strong></span> 
     </span>
    </p>
   </div>
   <div class='ocr_carea' id='block_1_52' title="bbox 206 3735 1800 3825">
    <p class='ocr_par' dir='ltr' id='par_1_52' title="bbox 206 3735 1800 3825">
     <span class='ocr_line' id='line_1_52' title="bbox 206 3735 1800 3825; baseline 0.016 -38"><span class='ocrx_word' id='word_1_391' title='bbox 206 3735 356 3804; x_wconf 83' lang='lat' dir='ltr'><strong>quod</strong></span> <span class='ocrx_word' id='word_1_392' title='bbox 399 3745 520 3793; x_wconf 84' lang='lat' dir='ltr'><strong>erat</strong></span> <span class='ocrx_word' id='word_1_393' title='bbox 555 3753 753 3809; x_wconf 81' lang='lat' dir='ltr'><strong>magna</strong></span> <span class='ocrx_word' id='word_1_394' title='bbox 784 3743 948 3812; x_wconf 87' lang='lat' dir='ltr'><strong>visio,</strong></span> <span class='ocrx_word' id='word_1_395' title='bbox 994 3745 1343 3821; x_wconf 85' lang='lat' dir='ltr'><strong>habebatque</strong></span> <span class='ocrx_word' id='word_1_396' title='bbox 1385 3753 1710 3825; x_wconf 89' lang='lat' dir='ltr'><strong>principium</strong></span> <span class='ocrx_word' id='word_1_397' title='bbox 1743 3767 1800 3815; x_wconf 87' lang='lat' dir='ltr'><strong>et</strong></span> 
     </span>
    </p>
   </div>
   <div class='ocr_carea' id='block_1_53' title="bbox 207 3827 1244 3902">
    <p class='ocr_par' dir='ltr' id='par_1_53' title="bbox 207 3827 1244 3902">
     <span class='ocr_line' id='line_1_53' title="bbox 207 3827 1244 3902; baseline 0.017 -22"><span class='ocrx_word' id='word_1_398' title='bbox 207 3827 479 3883; x_wconf 84' lang='lat' dir='ltr'><strong>visionem</strong></span> <span class='ocrx_word' id='word_1_399' title='bbox 508 3834 750 3902; x_wconf 83' lang='lat' dir='ltr'><strong>mysterii</strong></span> <span class='ocrx_word' id='word_1_400' title='bbox 782 3836 944 3893; x_wconf 90' lang='lat' dir='ltr'><strong>medii</strong></span> <span class='ocrx_word' id='word_1_401' title='bbox 975 3847 1030 3894; x_wconf 90' lang='lat' dir='ltr'><strong>et</strong></span> <span class='ocrx_word' id='word_1_402' title='bbox 1057 3840 1244 3898; x_wconf 89' lang='lat' dir='ltr'><strong>ﬁnem.</strong></span> 
     </span>
    </p>
   </div>
   <div class='ocr_carea' id='block_1_54' title="bbox 277 3918 1804 4012">
    <p class='ocr_par' dir='ltr' id='par_1_54' title="bbox 277 3918 1804 4012">
     <span class='ocr_line' id='line_1_54' title="bbox 277 3918 1804 4012; baseline 0.017 -38"><span class='ocrx_word' id='word_1_403' title='bbox 277 3918 383 3976; x_wconf 78' lang='lat' dir='ltr'><strong>Hic</strong></span> <span class='ocrx_word' id='word_1_404' title='bbox 410 3921 632 3992; x_wconf 90' lang='lat' dir='ltr'><strong>quidem</strong></span> <span class='ocrx_word' id='word_1_405' title='bbox 665 3925 906 4000; x_wconf 81' lang='lat' dir='ltr'><strong>Moyses,</strong></span> <span class='ocrx_word' id='word_1_406' title='bbox 939 3931 1068 3988; x_wconf 89' lang='lat' dir='ltr'><strong>dum</strong></span> <span class='ocrx_word' id='word_1_407' title='bbox 1107 3934 1348 3993; x_wconf 85' lang='lat' dir='ltr'><strong>deseruit</strong></span> <span class='ocrx_word' id='word_1_408' title='bbox 1396 3935 1691 4012; x_wconf 64' lang='lat' dir='ltr'><strong>Egyptum</strong></span> <span class='ocrx_word' id='word_1_409' title='bbox 1747 3955 1804 4002; x_wconf 91' lang='lat' dir='ltr'><strong>et</strong></span> 
     </span>
    </p>
   </div>
   <div class='ocr_carea' id='block_1_55' title="bbox 206 4012 1798 4106">
    <p class='ocr_par' dir='ltr' id='par_1_55' title="bbox 206 4012 1798 4106">
     <span class='ocr_line' id='line_1_55' title="bbox 206 4012 1798 4106; baseline 0.016 -40"><span class='ocrx_word' id='word_1_410' title='bbox 206 4012 400 4086; x_wconf 79' lang='lat' dir='ltr'><strong>eil’ugit</strong></span> <span class='ocrx_word' id='word_1_411' title='bbox 434 4016 802 4088; x_wconf 82' lang='lat' dir='ltr'><strong>Pharaonem,</strong></span> <span class='ocrx_word' id='word_1_412' title='bbox 837 4025 1313 4100; x_wconf 82' lang='lat' dir='ltr'><strong>quadragesimum</strong></span> <span class='ocrx_word' id='word_1_413' title='bbox 1340 4035 1535 4105; x_wconf 86' lang='lat' dir='ltr'><strong>agebat</strong></span> <span class='ocrx_word' id='word_1_414' title='bbox 1573 4055 1798 4106; x_wconf 87' lang='lat' dir='ltr'><strong>annum,</strong></span> 
     </span>
    </p>
   </div>
   <div class='ocr_carea' id='block_1_56' title="bbox 205 4113 1802 4202">
    <p class='ocr_par' dir='ltr' id='par_1_56' title="bbox 205 4113 1802 4202">
     <span class='ocr_line' id='line_1_56' title="bbox 205 4113 1802 4202; baseline 0.018 -44"><span class='ocrx_word' id='word_1_415' title='bbox 205 4113 431 4202; x_wconf 64' lang='lat' dir='ltr'><strong>etopus</strong></span> <span class='ocrx_word' id='word_1_416' title='bbox 465 4123 726 4182; x_wconf 88' lang='lat' dir='ltr'><strong>operatus</strong></span> <span class='ocrx_word' id='word_1_417' title='bbox 771 4127 858 4174; x_wconf 79' lang='lat' dir='ltr'><strong>eSt</strong></span> <span class='ocrx_word' id='word_1_418' title='bbox 885 4117 1147 4177; x_wconf 80' lang='lat' dir='ltr'><strong>adversus</strong></span> <span class='ocrx_word' id='word_1_419' title='bbox 1199 4120 1540 4184; x_wconf 87' lang='lat' dir='ltr'><strong>Pharaonem</strong></span> <span class='ocrx_word' id='word_1_420' title='bbox 1575 4146 1590 4183; x_wconf 88' lang='lat'><strong>:</strong></span> <span class='ocrx_word' id='word_1_421' title='bbox 1632 4146 1802 4202; x_wconf 86' lang='lat' dir='ltr'><strong>quare</strong></span> 
     </span>
    </p>
   </div>
   <div class='ocr_carea' id='block_1_57' title="bbox 206 4198 1804 4292">
    <p class='ocr_par' dir='ltr' id='par_1_57' title="bbox 206 4198 1804 4292">
     <span class='ocr_line' id='line_1_57' title="bbox 206 4198 1804 4292; baseline 0.016 -37"><span class='ocrx_word' id='word_1_422' title='bbox 206 4198 489 4260; x_wconf 76' lang='lat' dir='ltr'><strong>solitarius</strong></span> <span class='ocrx_word' id='word_1_423' title='bbox 513 4203 692 4264; x_wconf 89' lang='lat' dir='ltr'><strong>factus</strong></span> <span class='ocrx_word' id='word_1_424' title='bbox 720 4219 806 4265; x_wconf 92' lang='lat' dir='ltr'><strong>est</strong></span> <span class='ocrx_word' id='word_1_425' title='bbox 844 4211 897 4265; x_wconf 90' lang='lat' dir='ltr'><strong>in</strong></span> <span class='ocrx_word' id='word_1_426' title='bbox 937 4211 1156 4271; x_wconf 90' lang='lat' dir='ltr'><strong>deserto</strong></span> <span class='ocrx_word' id='word_1_427' title='bbox 1187 4215 1424 4288; x_wconf 81' lang='lat' dir='ltr'><strong>Madian,</strong></span> <span class='ocrx_word' id='word_1_428' title='bbox 1458 4222 1612 4292; x_wconf 87' lang='lat' dir='ltr'><strong>cujus</strong></span> <span class='ocrx_word' id='word_1_429' title='bbox 1635 4198 1804 4280; x_wconf 77' lang='lat' dir='ltr'><strong>inter-</strong></span> 
     </span>
    </p>
   </div>
   <div class='ocr_carea' id='block_1_58' title="bbox 207 4293 1803 4382">
    <p class='ocr_par' dir='ltr' id='par_1_58' title="bbox 207 4293 1803 4382">
     <span class='ocr_line' id='line_1_58' title="bbox 207 4293 1803 4382; baseline 0.014 -35"><span class='ocrx_word' id='word_1_430' title='bbox 207 4293 451 4360; x_wconf 80' lang='lat' dir='ltr'><strong>pretatio</strong></span> <span class='ocrx_word' id='word_1_431' title='bbox 481 4305 590 4364; x_wconf 89' lang='lat' dir='ltr'><strong>est,</strong></span> <span class='ocrx_word' id='word_1_432' title='bbox 629 4297 777 4356; x_wconf 83' lang='lat' dir='ltr'><strong>locus</strong></span> <span class='ocrx_word' id='word_1_433' title='bbox 805 4301 926 4360; x_wconf 88' lang='lat' dir='ltr'><strong>Dei.</strong></span> <span class='ocrx_word' id='word_1_434' title='bbox 967 4304 1303 4364; x_wconf 88' lang='lat' dir='ltr'><strong>Intellectum</strong></span> <span class='ocrx_word' id='word_1_435' title='bbox 1325 4325 1541 4382; x_wconf 91' lang='lat' dir='ltr'><strong>quoque</strong></span> <span class='ocrx_word' id='word_1_436' title='bbox 1564 4329 1594 4368; x_wconf 88' lang='lat' dir='ltr'><strong>a</strong></span> <span class='ocrx_word' id='word_1_437' title='bbox 1626 4316 1803 4371; x_wconf 89' lang='lat' dir='ltr'><strong>multi-</strong></span> 
     </span>
    </p>
   </div>
   <div class='ocr_carea' id='block_1_59' title="bbox 207 4384 1800 4472">
    <p class='ocr_par' dir='ltr' id='par_1_59' title="bbox 207 4384 1800 4472">
     <span class='ocr_line' id='line_1_59' title="bbox 207 4384 1800 4472; baseline 0.018 -34"><span class='ocrx_word' id='word_1_438' title='bbox 207 4384 401 4442; x_wconf 84' lang='lat' dir='ltr'><strong>tudine</strong></span> <span class='ocrx_word' id='word_1_439' title='bbox 431 4401 798 4462; x_wconf 80' lang='lat' dir='ltr'><strong>segregatum,</strong></span> <span class='ocrx_word' id='word_1_440' title='bbox 842 4395 1127 4469; x_wconf 88' lang='lat' dir='ltr'><strong>solumque</strong></span> <span class='ocrx_word' id='word_1_441' title='bbox 1157 4413 1490 4472; x_wconf 87' lang='lat' dir='ltr'><strong>versantem,</strong></span> <span class='ocrx_word' id='word_1_442' title='bbox 1542 4411 1800 4465; x_wconf 88' lang='lat' dir='ltr'><strong>corrobo-</strong></span> 
     </span>
    </p>
   </div>
   <div class='ocr_carea' id='block_1_60' title="bbox 1900 1915 3490 1988">
    <p class='ocr_par' dir='ltr' id='par_1_60' title="bbox 1900 1915 3490 1988">
     <span class='ocr_line' id='line_1_60' title="bbox 1900 1915 3490 1988; baseline 0.004 -20"><span class='ocrx_word' id='word_1_443' title='bbox 1900 1916 2043 1968; x_wconf 90' lang='lat' dir='ltr'><strong>enim</strong></span> <span class='ocrx_word' id='word_1_444' title='bbox 2070 1915 2332 1971; x_wconf 90' lang='lat' dir='ltr'><strong>visionem</strong></span> <span class='ocrx_word' id='word_1_445' title='bbox 2358 1916 2496 1972; x_wconf 89' lang='lat' dir='ltr'><strong>hanc</strong></span> <span class='ocrx_word' id='word_1_446' title='bbox 2517 1933 2787 1988; x_wconf 85' lang='lat' dir='ltr'><strong>magnam,</strong></span> <span class='ocrx_word' id='word_1_447' title='bbox 2811 1933 2929 1988; x_wconf 70' lang='lat' dir='ltr'><strong>qua:</strong></span> <span class='ocrx_word' id='word_1_448' title='bbox 2956 1928 3041 1976; x_wconf 90' lang='lat' dir='ltr'><strong>est</strong></span> <span class='ocrx_word' id='word_1_449' title='bbox 3067 1919 3318 1974; x_wconf 89' lang='lat' dir='ltr'><strong>accensio</strong></span> <span class='ocrx_word' id='word_1_450' title='bbox 3348 1918 3490 1988; x_wconf 86' lang='lat' dir='ltr'><strong>ignis</strong></span> 
     </span>
    </p>
   </div>
   <div class='ocr_carea' id='block_1_61' title="bbox 1900 1997 3485 2082">
    <p class='ocr_par' dir='ltr' id='par_1_61' title="bbox 1900 1997 3485 2082">
     <span class='ocr_line' id='line_1_61' title="bbox 1900 1997 3485 2082; baseline 0.003 -23"><span class='ocrx_word' id='word_1_451' title='bbox 1900 2003 1954 2059; x_wconf 86' lang='lat' dir='ltr'><strong>in</strong></span> <span class='ocrx_word' id='word_1_452' title='bbox 1983 2006 2114 2061; x_wconf 87' lang='lat' dir='ltr'><strong>rubo</strong></span> <span class='ocrx_word' id='word_1_453' title='bbox 2164 2006 2284 2064; x_wconf 89' lang='lat' dir='ltr'><strong>sine</strong></span> <span class='ocrx_word' id='word_1_454' title='bbox 2313 2007 2708 2082; x_wconf 82' lang='lat' dir='ltr'><strong>combustione,</strong></span> <span class='ocrx_word' id='word_1_455' title='bbox 2759 2019 3023 2079; x_wconf 65' lang='lat' dir='ltr'><strong>praeterea</strong></span> <span class='ocrx_word' id='word_1_456' title='bbox 3069 1997 3485 2065; x_wconf 66' lang='lat' dir='ltr'><strong>collo&#39;cutiouem</strong></span> 
     </span>
    </p>
   </div>
   <div class='ocr_carea' id='block_1_62' title="bbox 1900 2090 3490 2169">
    <p class='ocr_par' dir='ltr' id='par_1_62' title="bbox 1900 2090 3490 2169">
     <span class='ocr_line' id='line_1_62' title="bbox 1900 2090 3490 2169; baseline 0.003 -18"><span class='ocrx_word' id='word_1_457' title='bbox 1900 2105 1955 2151; x_wconf 89' lang='lat' dir='ltr'><strong>et</strong></span> <span class='ocrx_word' id='word_1_458' title='bbox 2000 2097 2288 2153; x_wconf 87' lang='lat' dir='ltr'><strong>visionem.</strong></span> <span class='ocrx_word' id='word_1_459' title='bbox 2321 2097 2453 2165; x_wconf 81' lang='lat' dir='ltr'><strong>Quae</strong></span> <span class='ocrx_word' id='word_1_460' title='bbox 2509 2097 2732 2169; x_wconf 87' lang='lat' dir='ltr'><strong>quidem</strong></span> <span class='ocrx_word' id='word_1_461' title='bbox 2787 2099 3172 2168; x_wconf 84' lang='lat' dir='ltr'><strong>contemplatio</strong></span> <span class='ocrx_word' id='word_1_462' title='bbox 3203 2090 3490 2155; x_wconf 48' lang='lat' dir='ltr'><strong>.mirabil&#39;is</strong></span> 
     </span>
    </p>
   </div>
   <div class='ocr_carea' id='block_1_63' title="bbox 1902 2189 3490 2261">
    <p class='ocr_par' dir='ltr' id='par_1_63' title="bbox 1902 2189 3490 2261">
     <span class='ocr_line' id='line_1_63' title="bbox 1902 2189 3490 2261; baseline 0.003 -19"><span class='ocrx_word' id='word_1_463' title='bbox 1902 2197 2059 2260; x_wconf 91' lang='lat' dir='ltr'><strong>typus</strong></span> <span class='ocrx_word' id='word_1_464' title='bbox 2112 2198 2197 2245; x_wconf 89' lang='lat' dir='ltr'><strong>est</strong></span> <span class='ocrx_word' id='word_1_465' title='bbox 2249 2189 2494 2261; x_wconf 88' lang='lat' dir='ltr'><strong>mysterii</strong></span> <span class='ocrx_word' id='word_1_466' title='bbox 2531 2191 3115 2260; x_wconf 86' lang='lat' dir='ltr'><strong>incomprehensibilis.</strong></span> <span class='ocrx_word' id='word_1_467' title='bbox 3158 2191 3224 2246; x_wconf 85' lang='lat' dir='ltr'><strong>Et</strong></span> <span class='ocrx_word' id='word_1_468' title='bbox 3257 2191 3372 2247; x_wconf 74' lang='lat' dir='ltr'><strong>luce</strong></span> <span class='ocrx_word' id='word_1_469' title='bbox 3404 2201 3490 2247; x_wconf 92' lang='lat' dir='ltr'><strong>est</strong></span> 
     </span>
    </p>
   </div>
   <div class='ocr_carea' id='block_1_64' title="bbox 1901 2283 3485 2355">
    <p class='ocr_par' dir='ltr' id='par_1_64' title="bbox 1901 2283 3485 2355">
     <span class='ocr_line' id='line_1_64' title="bbox 1901 2283 3485 2355; baseline 0.002 -19"><span class='ocrx_word' id='word_1_470' title='bbox 1901 2283 2330 2355; x_wconf 83' lang='lat' dir='ltr'><strong>transmigratio,</strong></span> <span class='ocrx_word' id='word_1_471' title='bbox 2398 2283 2550 2354; x_wconf 82' lang='lat' dir='ltr'><strong>cujus</strong></span> <span class='ocrx_word' id='word_1_472' title='bbox 2606 2284 2852 2340; x_wconf 90' lang='lat' dir='ltr'><strong>meminit</strong></span> <span class='ocrx_word' id='word_1_473' title='bbox 2919 2285 3114 2340; x_wconf 84' lang='lat' dir='ltr'><strong>Paulus</strong></span> <span class='ocrx_word' id='word_1_474' title='bbox 3179 2284 3485 2355; x_wconf 80' lang='lat' dir='ltr'><strong>apostolus;</strong></span> 
     </span>
    </p>
   </div>
   <div class='ocr_carea' id='block_1_65' title="bbox 1901 2374 3490 2447">
    <p class='ocr_par' dir='ltr' id='par_1_65' title="bbox 1901 2374 3490 2447">
     <span class='ocr_line' id='line_1_65' title="bbox 1901 2374 3490 2447; baseline 0.003 -20"><span class='ocrx_word' id='word_1_475' title='bbox 1901 2374 2042 2444; x_wconf 86' lang='lat' dir='ltr'><strong>quod</strong></span> <span class='ocrx_word' id='word_1_476' title='bbox 2062 2375 2134 2431; x_wconf 87' lang='lat' dir='ltr'><strong>sit</strong></span> <span class='ocrx_word' id='word_1_477' title='bbox 2169 2375 2578 2447; x_wconf 86' lang='lat' dir='ltr'><strong>transmigratio</strong></span> <span class='ocrx_word' id='word_1_478' title='bbox 2615 2375 2682 2431; x_wconf 92' lang='lat' dir='ltr'><strong>de</strong></span> <span class='ocrx_word' id='word_1_479' title='bbox 2719 2374 2888 2445; x_wconf 89' lang='lat' dir='ltr'><strong>gloria</strong></span> <span class='ocrx_word' id='word_1_480' title='bbox 2921 2376 2973 2429; x_wconf 91' lang='lat' dir='ltr'><strong>in</strong></span> <span class='ocrx_word' id='word_1_481' title='bbox 3020 2377 3270 2446; x_wconf 82' lang='lat' dir='ltr'><strong>gloriam,</strong></span> <span class='ocrx_word' id='word_1_482' title='bbox 3311 2385 3368 2430; x_wconf 86' lang='lat' dir='ltr'><strong>et</strong></span> <span class='ocrx_word' id='word_1_483' title='bbox 3422 2376 3490 2432; x_wconf 89' lang='lat' dir='ltr'><strong>de</strong></span> 
     </span>
    </p>
   </div>
   <div class='ocr_carea' id='block_1_66' title="bbox 1900 2466 3483 2539">
    <p class='ocr_par' dir='ltr' id='par_1_66' title="bbox 1900 2466 3483 2539">
     <span class='ocr_line' id='line_1_66' title="bbox 1900 2466 3483 2539; baseline 0.001 -18"><span class='ocrx_word' id='word_1_484' title='bbox 1900 2466 2006 2521; x_wconf 85' lang='lat' dir='ltr'><strong>ﬁde</strong></span> <span class='ocrx_word' id='word_1_485' title='bbox 2042 2466 2093 2522; x_wconf 93' lang='lat' dir='ltr'><strong>in</strong></span> <span class='ocrx_word' id='word_1_486' title='bbox 2145 2467 2324 2536; x_wconf 87' lang='lat' dir='ltr'><strong>ﬁdem,</strong></span> <span class='ocrx_word' id='word_1_487' title='bbox 2353 2477 2409 2524; x_wconf 86' lang='lat' dir='ltr'><strong>et</strong></span> <span class='ocrx_word' id='word_1_488' title='bbox 2436 2468 2504 2524; x_wconf 88' lang='lat' dir='ltr'><strong>de</strong></span> <span class='ocrx_word' id='word_1_489' title='bbox 2531 2467 2922 2539; x_wconf 85' lang='lat' dir='ltr'><strong>imperfectiori</strong></span> <span class='ocrx_word' id='word_1_490' title='bbox 2962 2468 3161 2524; x_wconf 86' lang='lat' dir='ltr'><strong>virtute</strong></span> <span class='ocrx_word' id='word_1_491' title='bbox 3207 2469 3273 2523; x_wconf 92' lang='lat' dir='ltr'><strong>ad</strong></span> <span class='ocrx_word' id='word_1_492' title='bbox 3307 2467 3483 2539; x_wconf 81' lang='lat' dir='ltr'><strong>perfe-</strong></span> 
     </span>
    </p>
   </div>
   <div class='ocr_carea' id='block_1_67' title="bbox 1900 2559 3490 2630">
    <p class='ocr_par' dir='ltr' id='par_1_67' title="bbox 1900 2559 3490 2630">
     <span class='ocr_line' id='line_1_67' title="bbox 1900 2559 3490 2630; baseline 0.001 -16"><span class='ocrx_word' id='word_1_493' title='bbox 1900 2559 2126 2615; x_wconf 87' lang='lat' dir='ltr'><strong>ctiorem</strong></span> <span class='ocrx_word' id='word_1_494' title='bbox 2192 2561 2472 2617; x_wconf 89' lang='lat' dir='ltr'><strong>virtutem.</strong></span> <span class='ocrx_word' id='word_1_495' title='bbox 2526 2560 2656 2629; x_wconf 65' lang='lat' dir='ltr'><strong>Quae</strong></span> <span class='ocrx_word' id='word_1_496' title='bbox 2721 2560 2942 2630; x_wconf 91' lang='lat' dir='ltr'><strong>quidem</strong></span> <span class='ocrx_word' id='word_1_497' title='bbox 2989 2559 3395 2630; x_wconf 81' lang='lat' dir='ltr'><strong>transmigratio</strong></span> <span class='ocrx_word' id='word_1_498' title='bbox 3432 2569 3490 2617; x_wconf 90' lang='lat' dir='ltr'><strong>et</strong></span> 
     </span>
    </p>
   </div>
   <div class='ocr_carea' id='block_1_68' title="bbox 1901 2651 3489 2724">
    <p class='ocr_par' dir='ltr' id='par_1_68' title="bbox 1901 2651 3489 2724">
     <span class='ocr_line' id='line_1_68' title="bbox 1901 2651 3489 2724; baseline 0.004 -22"><span class='ocrx_word' id='word_1_499' title='bbox 1901 2651 2145 2706; x_wconf 89' lang='lat' dir='ltr'><strong>accessio</strong></span> <span class='ocrx_word' id='word_1_500' title='bbox 2171 2666 2234 2706; x_wconf 88' lang='lat' dir='ltr'><strong>ea</strong></span> <span class='ocrx_word' id='word_1_501' title='bbox 2269 2661 2355 2707; x_wconf 90' lang='lat' dir='ltr'><strong>est</strong></span> <span class='ocrx_word' id='word_1_502' title='bbox 2381 2667 2502 2723; x_wconf 67' lang='lat' dir='ltr'><strong>qua:</strong></span> <span class='ocrx_word' id='word_1_503' title='bbox 2532 2666 2631 2707; x_wconf 91' lang='lat' dir='ltr'><strong>nos</strong></span> <span class='ocrx_word' id='word_1_504' title='bbox 2666 2651 3104 2724; x_wconf 84' lang='lat' dir='ltr'><strong>appropinquare</strong></span> <span class='ocrx_word' id='word_1_505' title='bbox 3143 2652 3268 2708; x_wconf 82' lang='lat' dir='ltr'><strong>facit</strong></span> <span class='ocrx_word' id='word_1_506' title='bbox 3303 2652 3489 2708; x_wconf 85' lang='lat' dir='ltr'><strong>Domi-</strong></span> 
     </span>
    </p>
   </div>
   <div class='ocr_carea' id='block_1_69' title="bbox 1903 2743 3540 2815">
    <p class='ocr_par' dir='ltr' id='par_1_69' title="bbox 1903 2743 3540 2815">
     <span class='ocr_line' id='line_1_69' title="bbox 1903 2743 3540 2815; baseline 0.003 -20"><span class='ocrx_word' id='word_1_507' title='bbox 1903 2756 1994 2808; x_wconf 89' lang='lat' dir='ltr'><strong>no,</strong></span> <span class='ocrx_word' id='word_1_508' title='bbox 2025 2752 2080 2797; x_wconf 92' lang='lat' dir='ltr'><strong>et</strong></span> <span class='ocrx_word' id='word_1_509' title='bbox 2105 2744 2389 2814; x_wconf 85' lang='lat' dir='ltr'><strong>acquirere</strong></span> <span class='ocrx_word' id='word_1_510' title='bbox 2423 2743 2690 2800; x_wconf 88' lang='lat' dir='ltr'><strong>visionem</strong></span> <span class='ocrx_word' id='word_1_511' title='bbox 2730 2743 3056 2815; x_wconf 81' lang='lat' dir='ltr'><strong>cognitionis</strong></span> <span class='ocrx_word' id='word_1_512' title='bbox 3082 2743 3201 2815; x_wconf 86' lang='lat' dir='ltr'><strong>ejus</strong></span> <span class='ocrx_word' id='word_1_513' title='bbox 3250 2743 3488 2800; x_wconf 87' lang='lat' dir='ltr'><strong>virtutis.</strong></span> <span class='ocrx_word' id='word_1_514' title='bbox 3533 2804 3540 2809; x_wconf 91' lang='lat'>_</span> 
     </span>
    </p>
   </div>
   <div class='ocr_carea' id='block_1_70' title="bbox 1899 2832 3486 2909">
    <p class='ocr_par' dir='ltr' id='par_1_70' title="bbox 1899 2832 3486 2909">
     <span class='ocr_line' id='line_1_70' title="bbox 1899 2832 3486 2909; baseline 0.001 -20"><span class='ocrx_word' id='word_1_515' title='bbox 1899 2832 2174 2904; x_wconf 88' lang='lat' dir='ltr'><strong>Siquidem</strong></span> <span class='ocrx_word' id='word_1_516' title='bbox 2217 2835 2352 2892; x_wconf 81' lang='lat' dir='ltr'><strong>dixit</strong></span> <span class='ocrx_word' id='word_1_517' title='bbox 2409 2835 2554 2893; x_wconf 90' lang='lat' dir='ltr'><strong>Deus</strong></span> <span class='ocrx_word' id='word_1_518' title='bbox 2603 2851 2700 2907; x_wconf 89' lang='lat' dir='ltr'><strong>per</strong></span> <span class='ocrx_word' id='word_1_519' title='bbox 2741 2837 2977 2909; x_wconf 85' lang='lat' dir='ltr'><strong>linguam</strong></span> <span class='ocrx_word' id='word_1_520' title='bbox 3033 2837 3117 2893; x_wconf 90' lang='lat' dir='ltr'><strong>sui</strong></span> <span class='ocrx_word' id='word_1_521' title='bbox 3170 2834 3486 2907; x_wconf 69' lang='lat' dir='ltr'><strong>prophetat:</strong></span> 
     </span>
    </p>
   </div>
   <div class='ocr_carea' id='block_1_71' title="bbox 1900 2927 3491 3001">
    <p class='ocr_par' dir='ltr' id='par_1_71' title="bbox 1900 2927 3491 3001">
     <span class='ocr_line' id='line_1_71' title="bbox 1900 2927 3491 3001; baseline 0.003 -21"><span class='ocrx_word' id='word_1_522' title='bbox 1900 2927 2214 2984; x_wconf 81' lang='lat' dir='ltr'><strong>Accedentes</strong></span> <span class='ocrx_word' id='word_1_523' title='bbox 2263 2929 2332 2984; x_wconf 85' lang='lat' dir='ltr'><strong>ad</strong></span> <span class='ocrx_word' id='word_1_524' title='bbox 2362 2945 2462 2998; x_wconf 85' lang='lat' dir='ltr'><strong>nte,</strong></span> <span class='ocrx_word' id='word_1_525' title='bbox 2494 2939 2809 3001; x_wconf 83' lang='lat' dir='ltr'><strong>cognoscunt</strong></span> <span class='ocrx_word' id='word_1_526' title='bbox 2838 2945 3007 2984; x_wconf 88' lang='lat' dir='ltr'><strong>meant</strong></span> <span class='ocrx_word' id='word_1_527' title='bbox 3043 2931 3281 2984; x_wconf 83' lang='lat' dir='ltr'><strong>virtutem</strong></span> <span class='ocrx_word' id='word_1_528' title='bbox 3305 2929 3372 2983; x_wconf 85' lang='grc'><strong>³¹.</strong></span> <span class='ocrx_word' id='word_1_529' title='bbox 3397 2927 3491 2985; x_wconf 85' lang='lat' dir='ltr'><strong>Illo</strong></span> 
     </span>
    </p>
   </div>
   <div class='ocr_carea' id='block_1_72' title="bbox 1900 3021 3490 3095">
    <p class='ocr_par' dir='ltr' id='par_1_72' title="bbox 1900 3021 3490 3095">
     <span class='ocr_line' id='line_1_72' title="bbox 1900 3021 3490 3095; baseline 0.003 -21"><span class='ocrx_word' id='word_1_530' title='bbox 1900 3034 2030 3090; x_wconf 87' lang='lat' dir='ltr'><strong>ergo</strong></span> <span class='ocrx_word' id='word_1_531' title='bbox 2057 3021 2147 3090; x_wconf 88' lang='lat' dir='ltr'><strong>qui</strong></span> <span class='ocrx_word' id='word_1_532' title='bbox 2170 3021 2381 3078; x_wconf 89' lang='lat' dir='ltr'><strong>accedit</strong></span> <span class='ocrx_word' id='word_1_533' title='bbox 2416 3024 2483 3078; x_wconf 89' lang='lat' dir='ltr'><strong>ad</strong></span> <span class='ocrx_word' id='word_1_534' title='bbox 2511 3023 2824 3088; x_wconf 87' lang='lat' dir='ltr'><strong>Dominum,</strong></span> <span class='ocrx_word' id='word_1_535' title='bbox 2860 3024 3142 3095; x_wconf 87' lang='lat' dir='ltr'><strong>cognoscit</strong></span> <span class='ocrx_word' id='word_1_536' title='bbox 3164 3023 3282 3093; x_wconf 82' lang='lat' dir='ltr'><strong>ejus</strong></span> <span class='ocrx_word' id='word_1_537' title='bbox 3313 3025 3490 3080; x_wconf 83' lang='lat' dir='ltr'><strong>virtu-</strong></span> 
     </span>
    </p>
   </div>
   <div class='ocr_carea' id='block_1_73' title="bbox 1903 3113 3490 3186">
    <p class='ocr_par' dir='ltr' id='par_1_73' title="bbox 1903 3113 3490 3186">
     <span class='ocr_line' id='line_1_73' title="bbox 1903 3113 3490 3186; baseline 0.005 -22"><span class='ocrx_word' id='word_1_538' title='bbox 1903 3118 2046 3178; x_wconf 88' lang='lat' dir='ltr'><strong>tem;</strong></span> <span class='ocrx_word' id='word_1_539' title='bbox 2103 3113 2158 3168; x_wconf 89' lang='lat' dir='ltr'><strong>in</strong></span> <span class='ocrx_word' id='word_1_540' title='bbox 2218 3113 2492 3171; x_wconf 83' lang='lat' dir='ltr'><strong>intellectu</strong></span> <span class='ocrx_word' id='word_1_541' title='bbox 2538 3129 2667 3172; x_wconf 89' lang='lat' dir='ltr'><strong>vero</strong></span> <span class='ocrx_word' id='word_1_542' title='bbox 2713 3115 2803 3186; x_wconf 89' lang='lat' dir='ltr'><strong>qui</strong></span> <span class='ocrx_word' id='word_1_543' title='bbox 2847 3115 2915 3170; x_wconf 91' lang='lat' dir='ltr'><strong>ad</strong></span> <span class='ocrx_word' id='word_1_544' title='bbox 2957 3115 3122 3171; x_wconf 90' lang='lat' dir='ltr'><strong>Deum</strong></span> <span class='ocrx_word' id='word_1_545' title='bbox 3167 3115 3343 3173; x_wconf 87' lang='lat' dir='ltr'><strong>adhuc</strong></span> <span class='ocrx_word' id='word_1_546' title='bbox 3381 3131 3490 3172; x_wconf 92' lang='lat' dir='ltr'><strong>non</strong></span> 
     </span>
    </p>
   </div>
   <div class='ocr_carea' id='block_1_74' title="bbox 1901 3203 3493 3278">
    <p class='ocr_par' dir='ltr' id='par_1_74' title="bbox 1901 3203 3493 3278">
     <span class='ocr_line' id='line_1_74' title="bbox 1901 3203 3493 3278; baseline 0.004 -21"><span class='ocrx_word' id='word_1_547' title='bbox 1901 3203 2154 3270; x_wconf 86' lang='lat' dir='ltr'><strong>accessit,</strong></span> <span class='ocrx_word' id='word_1_548' title='bbox 2201 3205 2399 3276; x_wconf 88' lang='lat' dir='ltr'><strong>impius</strong></span> <span class='ocrx_word' id='word_1_549' title='bbox 2455 3208 2729 3263; x_wconf 80' lang='lat' dir='ltr'><strong>exaltatur</strong></span> <span class='ocrx_word' id='word_1_550' title='bbox 2766 3208 2858 3278; x_wconf 90' lang='lat' dir='ltr'><strong>qui</strong></span> <span class='ocrx_word' id='word_1_551' title='bbox 2902 3216 2984 3264; x_wconf 87' lang='lat' dir='ltr'><strong>est</strong></span> <span class='ocrx_word' id='word_1_552' title='bbox 3019 3207 3287 3274; x_wconf 89' lang='lat' dir='ltr'><strong>diabolus,</strong></span> <span class='ocrx_word' id='word_1_553' title='bbox 3346 3207 3493 3264; x_wconf 87' lang='lat' dir='ltr'><strong>sicut</strong></span> 
     </span>
    </p>
   </div>
   <div class='ocr_carea' id='block_1_75' title="bbox 1903 3295 3490 3369">
    <p class='ocr_par' dir='ltr' id='par_1_75' title="bbox 1903 3295 3490 3369">
     <span class='ocr_line' id='line_1_75' title="bbox 1903 3295 3490 3369; baseline 0.002 -21"><span class='ocrx_word' id='word_1_554' title='bbox 1903 3296 2063 3349; x_wconf 89' lang='lat' dir='ltr'><strong>arbor</strong></span> <span class='ocrx_word' id='word_1_555' title='bbox 2091 3295 2304 3352; x_wconf 86' lang='lat' dir='ltr'><strong>Libani.</strong></span> <span class='ocrx_word' id='word_1_556' title='bbox 2354 3296 2490 3352; x_wconf 82' lang='lat' dir='ltr'><strong>Cum</strong></span> <span class='ocrx_word' id='word_1_557' title='bbox 2527 3311 2661 3353; x_wconf 89' lang='lat' dir='ltr'><strong>vero</strong></span> <span class='ocrx_word' id='word_1_558' title='bbox 2695 3297 2805 3353; x_wconf 91' lang='lat' dir='ltr'><strong>Deo</strong></span> <span class='ocrx_word' id='word_1_559' title='bbox 2844 3297 3360 3369; x_wconf 81' lang='lat' dir='ltr'><strong>appr-Opiuquavcrit</strong></span> <span class='ocrx_word' id='word_1_560' title='bbox 3402 3297 3490 3352; x_wconf 59' lang='lat' dir='ltr'><strong>in-</strong></span> 
     </span>
    </p>
   </div>
   <div class='ocr_carea' id='block_1_76' title="bbox 1905 3386 3493 3454">
    <p class='ocr_par' dir='ltr' id='par_1_76' title="bbox 1905 3386 3493 3454">
     <span class='ocr_line' id='line_1_76' title="bbox 1905 3386 3493 3454; baseline 0.003 -15"><span class='ocrx_word' id='word_1_561' title='bbox 1905 3386 2149 3443; x_wconf 86' lang='lat' dir='ltr'><strong>tellectus</strong></span> <span class='ocrx_word' id='word_1_562' title='bbox 2200 3387 2311 3454; x_wconf 88' lang='lat' dir='ltr'><strong>ille,</strong></span> <span class='ocrx_word' id='word_1_563' title='bbox 2366 3397 2422 3444; x_wconf 88' lang='lat' dir='ltr'><strong>et</strong></span> <span class='ocrx_word' id='word_1_564' title='bbox 2471 3389 2520 3444; x_wconf 91' lang='lat' dir='ltr'><strong>ei</strong></span> <span class='ocrx_word' id='word_1_565' title='bbox 2553 3389 2736 3445; x_wconf 89' lang='lat' dir='ltr'><strong>unitus</strong></span> <span class='ocrx_word' id='word_1_566' title='bbox 2757 3389 2922 3445; x_wconf 85' lang='lat' dir='ltr'><strong>fuerit</strong></span> <span class='ocrx_word' id='word_1_567' title='bbox 2965 3396 3020 3445; x_wconf 90' lang='lat' dir='ltr'><strong>et</strong></span> <span class='ocrx_word' id='word_1_568' title='bbox 3047 3404 3212 3444; x_wconf 90' lang='lat' dir='ltr'><strong>unum</strong></span> <span class='ocrx_word' id='word_1_569' title='bbox 3246 3404 3368 3444; x_wconf 90' lang='lat' dir='ltr'><strong>cum</strong></span> <span class='ocrx_word' id='word_1_570' title='bbox 3402 3388 3493 3444; x_wconf 88' lang='lat' dir='ltr'><strong>illo</strong></span> 
     </span>
    </p>
   </div>
   <div class='ocr_carea' id='block_1_77' title="bbox 1905 3477 3492 3552">
    <p class='ocr_par' dir='ltr' id='par_1_77' title="bbox 1905 3477 3492 3552">
     <span class='ocr_line' id='line_1_77' title="bbox 1905 3477 3492 3552; baseline 0.004 -22"><span class='ocrx_word' id='word_1_571' title='bbox 1905 3477 2098 3545; x_wconf 85' lang='lat' dir='ltr'><strong>factus,</strong></span> <span class='ocrx_word' id='word_1_572' title='bbox 2131 3495 2236 3535; x_wconf 90' lang='lat' dir='ltr'><strong>non</strong></span> <span class='ocrx_word' id='word_1_573' title='bbox 2269 3490 2497 3552; x_wconf 90' lang='lat' dir='ltr'><strong>apparet</strong></span> <span class='ocrx_word' id='word_1_574' title='bbox 2531 3481 2764 3552; x_wconf 89' lang='lat' dir='ltr'><strong>amplius</strong></span> <span class='ocrx_word' id='word_1_575' title='bbox 2805 3480 3002 3552; x_wconf 89' lang='lat' dir='ltr'><strong>impius</strong></span> <span class='ocrx_word' id='word_1_576' title='bbox 3041 3481 3131 3551; x_wconf 93' lang='lat' dir='ltr'><strong>qui</strong></span> <span class='ocrx_word' id='word_1_577' title='bbox 3169 3481 3324 3536; x_wconf 90' lang='lat' dir='ltr'><strong>initio</strong></span> <span class='ocrx_word' id='word_1_578' title='bbox 3351 3481 3403 3535; x_wconf 93' lang='lat' dir='ltr'><strong>in</strong></span> <span class='ocrx_word' id='word_1_579' title='bbox 3426 3495 3492 3536; x_wconf 90' lang='lat' dir='ltr'><strong>eo</strong></span> 
     </span>
    </p>
   </div>
   <div class='ocr_carea' id='block_1_78' title="bbox 1903 3569 3491 3642">
    <p class='ocr_par' dir='ltr' id='par_1_78' title="bbox 1903 3569 3491 3642">
     <span class='ocr_line' id='line_1_78' title="bbox 1903 3569 3491 3642; baseline 0.002 -17"><span class='ocrx_word' id='word_1_580' title='bbox 1903 3569 2265 3626; x_wconf 84' lang='lat' dir='ltr'><strong>exaltabatur.</strong></span> <span class='ocrx_word' id='word_1_581' title='bbox 2294 3572 2372 3627; x_wconf 90' lang='lat' dir='ltr'><strong>De</strong></span> <span class='ocrx_word' id='word_1_582' title='bbox 2411 3587 2518 3642; x_wconf 90' lang='lat' dir='ltr'><strong>qua</strong></span> <span class='ocrx_word' id='word_1_583' title='bbox 2549 3583 2730 3630; x_wconf 88' lang='lat' dir='ltr'><strong>autem</strong></span> <span class='ocrx_word' id='word_1_584' title='bbox 2768 3586 2828 3629; x_wconf 91' lang='lat' dir='ltr'><strong>re</strong></span> <span class='ocrx_word' id='word_1_585' title='bbox 2855 3587 2954 3629; x_wconf 92' lang='lat' dir='ltr'><strong>nos</strong></span> <span class='ocrx_word' id='word_1_586' title='bbox 2979 3574 3168 3630; x_wconf 89' lang='lat' dir='ltr'><strong>edocet</strong></span> <span class='ocrx_word' id='word_1_587' title='bbox 3207 3573 3375 3628; x_wconf 84' lang='lat' dir='ltr'><strong>David</strong></span> <span class='ocrx_word' id='word_1_588' title='bbox 3406 3573 3491 3628; x_wconf 91' lang='lat' dir='ltr'><strong>di-</strong></span> 
     </span>
    </p>
   </div>
   <div class='ocr_carea' id='block_1_79' title="bbox 1902 3664 3494 3737">
    <p class='ocr_par' dir='ltr' id='par_1_79' title="bbox 1902 3664 3494 3737">
     <span class='ocr_line' id='line_1_79' title="bbox 1902 3664 3494 3737; baseline 0 -18"><span class='ocrx_word' id='word_1_589' title='bbox 1902 3678 2032 3720; x_wconf 90' lang='lat' dir='ltr'><strong>cens</strong></span> <span class='ocrx_word' id='word_1_590' title='bbox 2063 3683 2076 3720; x_wconf 93' lang='lat'>:</span> <span class='ocrx_word' id='word_1_591' title='bbox 2127 3664 2249 3720; x_wconf 80' lang='lat' dir='ltr'><strong>Vidi</strong></span> <span class='ocrx_word' id='word_1_592' title='bbox 2281 3667 2501 3735; x_wconf 87' lang='lat' dir='ltr'><strong>impium</strong></span> <span class='ocrx_word' id='word_1_593' title='bbox 2540 3667 2846 3722; x_wconf 79' lang='lat' dir='ltr'><strong>celsitudine</strong></span> <span class='ocrx_word' id='word_1_594' title='bbox 2862 3667 2979 3737; x_wconf 87' lang='lat' dir='ltr'><strong>jant</strong></span> <span class='ocrx_word' id='word_1_595' title='bbox 3008 3678 3239 3732; x_wconf 85' lang='lat' dir='ltr'><strong>auctum,</strong></span> <span class='ocrx_word' id='word_1_596' title='bbox 3271 3675 3319 3721; x_wconf 87' lang='lat' dir='ltr'><strong>et</strong></span> <span class='ocrx_word' id='word_1_597' title='bbox 3346 3665 3494 3721; x_wconf 73' lang='lat' dir='ltr'><strong>exal-</strong></span> 
     </span>
    </p>
   </div>
   <div class='ocr_carea' id='block_1_80' title="bbox 1904 3754 3492 3826">
    <p class='ocr_par' dir='ltr' id='par_1_80' title="bbox 1904 3754 3492 3826">
     <span class='ocr_line' id='line_1_80' title="bbox 1904 3754 3492 3826; baseline 0.003 -20"><span class='ocrx_word' id='word_1_598' title='bbox 1904 3762 2073 3809; x_wconf 86' lang='lat' dir='ltr'><strong>tatum</strong></span> <span class='ocrx_word' id='word_1_599' title='bbox 2121 3770 2230 3809; x_wconf 81' lang='lat' dir='ltr'><strong>esse</strong></span> <span class='ocrx_word' id='word_1_600' title='bbox 2262 3756 2319 3809; x_wconf 89' lang='lat' dir='ltr'><strong>in</strong></span> <span class='ocrx_word' id='word_1_601' title='bbox 2366 3756 2744 3826; x_wconf 84' lang='lat' dir='ltr'><strong>longitudinem</strong></span> <span class='ocrx_word' id='word_1_602' title='bbox 2789 3755 2923 3812; x_wconf 82' lang='lat' dir='ltr'><strong>sicut</strong></span> <span class='ocrx_word' id='word_1_603' title='bbox 2955 3757 3138 3812; x_wconf 73' lang='lat' dir='ltr'><strong>cedro:</strong></span> <span class='ocrx_word' id='word_1_604' title='bbox 3187 3754 3410 3820; x_wconf 81' lang='lat' dir='ltr'><strong>Libani;</strong></span> <span class='ocrx_word' id='word_1_605' title='bbox 3442 3764 3492 3810; x_wconf 85' lang='lat' dir='ltr'><strong>et</strong></span> 
     </span>
    </p>
   </div>
   <div class='ocr_carea' id='block_1_81' title="bbox 1905 3847 3492 3920">
    <p class='ocr_par' dir='ltr' id='par_1_81' title="bbox 1905 3847 3492 3920">
     <span class='ocr_line' id='line_1_81' title="bbox 1905 3847 3492 3920; baseline 0.003 -20"><span class='ocrx_word' id='word_1_606' title='bbox 1905 3847 2148 3910; x_wconf 76' lang='lat' dir='ltr'><strong>transivi,</strong></span> <span class='ocrx_word' id='word_1_607' title='bbox 2173 3857 2222 3901; x_wconf 88' lang='lat' dir='ltr'><strong>et</strong></span> <span class='ocrx_word' id='word_1_608' title='bbox 2254 3863 2370 3904; x_wconf 83' lang='lat' dir='ltr'><strong>ecce</strong></span> <span class='ocrx_word' id='word_1_609' title='bbox 2402 3865 2506 3902; x_wconf 89' lang='lat' dir='ltr'><strong>non</strong></span> <span class='ocrx_word' id='word_1_610' title='bbox 2533 3861 2687 3915; x_wconf 81' lang='lat' dir='ltr'><strong>erat;</strong></span> <span class='ocrx_word' id='word_1_611' title='bbox 2720 3859 2769 3904; x_wconf 87' lang='lat' dir='ltr'><strong>et</strong></span> <span class='ocrx_word' id='word_1_612' title='bbox 2797 3850 3014 3920; x_wconf 80' lang='lat' dir='ltr'><strong>qutesivi</strong></span> <span class='ocrx_word' id='word_1_613' title='bbox 3040 3865 3177 3914; x_wconf 83' lang='lat' dir='ltr'><strong>eunt,</strong></span> <span class='ocrx_word' id='word_1_614' title='bbox 3202 3860 3249 3904; x_wconf 88' lang='lat' dir='ltr'><strong>et</strong></span> <span class='ocrx_word' id='word_1_615' title='bbox 3268 3866 3371 3905; x_wconf 88' lang='lat' dir='ltr'><strong>non</strong></span> <span class='ocrx_word' id='word_1_616' title='bbox 3410 3850 3492 3904; x_wconf 83' lang='lat' dir='ltr'><strong>in-</strong></span> 
     </span>
    </p>
   </div>
   <div class='ocr_carea' id='block_1_82' title="bbox 1903 3936 3496 4010">
    <p class='ocr_par' dir='ltr' id='par_1_82' title="bbox 1903 3936 3496 4010">
     <span class='ocr_line' id='line_1_82' title="bbox 1903 3936 3496 4010; baseline 0.001 -20"><span class='ocrx_word' id='word_1_617' title='bbox 1903 3937 2018 3990; x_wconf 83' lang='lat' dir='ltr'><strong>veni</strong></span> <span class='ocrx_word' id='word_1_618' title='bbox 2054 3937 2225 3992; x_wconf 86' lang='lat' dir='ltr'><strong>locum</strong></span> <span class='ocrx_word' id='word_1_619' title='bbox 2252 3937 2365 4008; x_wconf 84' lang='lat' dir='ltr'><strong>ejus</strong></span> <span class='ocrx_word' id='word_1_620' title='bbox 2407 3937 2475 3993; x_wconf 78' lang='grc'><strong>⁸².</strong></span> <span class='ocrx_word' id='word_1_621' title='bbox 2502 3936 2673 3994; x_wconf 91' lang='lat' dir='ltr'><strong>David</strong></span> <span class='ocrx_word' id='word_1_622' title='bbox 2711 3939 2930 4009; x_wconf 88' lang='lat' dir='ltr'><strong>quidem</strong></span> <span class='ocrx_word' id='word_1_623' title='bbox 2962 3955 3068 3995; x_wconf 85' lang='lat' dir='ltr'><strong>non</strong></span> <span class='ocrx_word' id='word_1_624' title='bbox 3098 3939 3345 4010; x_wconf 60' lang='lat' dir='ltr'><strong>quaesivit</strong></span> <span class='ocrx_word' id='word_1_625' title='bbox 3392 3940 3496 3994; x_wconf 90' lang='lat' dir='ltr'><strong>im-</strong></span> 
     </span>
    </p>
   </div>
   <div class='ocr_carea' id='block_1_83' title="bbox 1904 4027 3496 4102">
    <p class='ocr_par' dir='ltr' id='par_1_83' title="bbox 1904 4027 3496 4102">
     <span class='ocr_line' id='line_1_83' title="bbox 1904 4027 3496 4102; baseline 0.003 -23"><span class='ocrx_word' id='word_1_626' title='bbox 1904 4027 2074 4096; x_wconf 90' lang='lat' dir='ltr'><strong>pium,</strong></span> <span class='ocrx_word' id='word_1_627' title='bbox 2131 4043 2305 4098; x_wconf 89' lang='lat' dir='ltr'><strong>neque</strong></span> <span class='ocrx_word' id='word_1_628' title='bbox 2333 4030 2514 4084; x_wconf 91' lang='lat' dir='ltr'><strong>locum</strong></span> <span class='ocrx_word' id='word_1_629' title='bbox 2563 4029 2680 4098; x_wconf 82' lang='lat' dir='ltr'><strong>ejus</strong></span> <span class='ocrx_word' id='word_1_630' title='bbox 2714 4030 2817 4086; x_wconf 91' lang='lat' dir='ltr'><strong>nisi</strong></span> <span class='ocrx_word' id='word_1_631' title='bbox 2849 4031 3172 4102; x_wconf 87' lang='lat' dir='ltr'><strong>inquirendo</strong></span> <span class='ocrx_word' id='word_1_632' title='bbox 3215 4030 3280 4087; x_wconf 89' lang='lat' dir='ltr'><strong>de</strong></span> <span class='ocrx_word' id='word_1_633' title='bbox 3309 4030 3496 4102; x_wconf 88' lang='lat' dir='ltr'><strong>cogni-</strong></span> 
     </span>
    </p>
   </div>
   <div class='ocr_carea' id='block_1_84' title="bbox 1905 4117 3496 4194">
    <p class='ocr_par' dir='ltr' id='par_1_84' title="bbox 1905 4117 3496 4194">
     <span class='ocr_line' id='line_1_84' title="bbox 1905 4117 3496 4194; baseline 0.004 -22"><span class='ocrx_word' id='word_1_634' title='bbox 1905 4118 2053 4174; x_wconf 86' lang='lat' dir='ltr'><strong>tione</strong></span> <span class='ocrx_word' id='word_1_635' title='bbox 2112 4120 2229 4177; x_wconf 89' lang='lat' dir='ltr'><strong>Dci.</strong></span> <span class='ocrx_word' id='word_1_636' title='bbox 2271 4117 2534 4177; x_wconf 88' lang='lat' dir='ltr'><strong>Similiter</strong></span> <span class='ocrx_word' id='word_1_637' title='bbox 2573 4122 2883 4194; x_wconf 85' lang='lat' dir='ltr'><strong>quicunque</strong></span> <span class='ocrx_word' id='word_1_638' title='bbox 2921 4122 3146 4193; x_wconf 87' lang='lat' dir='ltr'><strong>inquirit</strong></span> <span class='ocrx_word' id='word_1_639' title='bbox 3184 4123 3252 4179; x_wconf 87' lang='lat' dir='ltr'><strong>de</strong></span> <span class='ocrx_word' id='word_1_640' title='bbox 3305 4123 3496 4194; x_wconf 81' lang='lat' dir='ltr'><strong>cogni-</strong></span> 
     </span>
    </p>
   </div>
   <div class='ocr_carea' id='block_1_85' title="bbox 1907 4212 3498 4286">
    <p class='ocr_par' dir='ltr' id='par_1_85' title="bbox 1907 4212 3498 4286">
     <span class='ocr_line' id='line_1_85' title="bbox 1907 4212 3498 4286; baseline 0 -19"><span class='ocrx_word' id='word_1_641' title='bbox 1907 4212 2052 4268; x_wconf 90' lang='lat' dir='ltr'><strong>tione</strong></span> <span class='ocrx_word' id='word_1_642' title='bbox 2085 4214 2200 4280; x_wconf 91' lang='lat' dir='ltr'><strong>Dei,</strong></span> <span class='ocrx_word' id='word_1_643' title='bbox 2225 4229 2330 4269; x_wconf 91' lang='lat' dir='ltr'><strong>non</strong></span> <span class='ocrx_word' id='word_1_644' title='bbox 2371 4215 2580 4271; x_wconf 86' lang='lat' dir='ltr'><strong>invenit</strong></span> <span class='ocrx_word' id='word_1_645' title='bbox 2609 4215 2831 4286; x_wconf 87' lang='lat' dir='ltr'><strong>impium</strong></span> <span class='ocrx_word' id='word_1_646' title='bbox 2873 4217 3116 4272; x_wconf 87' lang='lat' dir='ltr'><strong>omnino.</strong></span> <span class='ocrx_word' id='word_1_647' title='bbox 3145 4215 3359 4269; x_wconf 90' lang='lat' dir='ltr'><strong>Dictum</strong></span> <span class='ocrx_word' id='word_1_648' title='bbox 3401 4230 3498 4268; x_wconf 84' lang='lat' dir='ltr'><strong>au-</strong></span> 
     </span>
    </p>
   </div>
   <div class='ocr_carea' id='block_1_86' title="bbox 1908 4303 3496 4373">
    <p class='ocr_par' dir='ltr' id='par_1_86' title="bbox 1908 4303 3496 4373">
     <span class='ocr_line' id='line_1_86' title="bbox 1908 4303 3496 4373; baseline 0.001 -17"><span class='ocrx_word' id='word_1_649' title='bbox 1908 4311 2014 4357; x_wconf 86' lang='lat' dir='ltr'><strong>tem</strong></span> <span class='ocrx_word' id='word_1_650' title='bbox 2053 4303 2192 4372; x_wconf 83' lang='lat' dir='ltr'><strong>ejus,</strong></span> <span class='ocrx_word' id='word_1_651' title='bbox 2239 4303 2506 4371; x_wconf 80' lang='lat' dir='ltr'><strong>Transivi,</strong></span> <span class='ocrx_word' id='word_1_652' title='bbox 2555 4303 2735 4360; x_wconf 90' lang='lat' dir='ltr'><strong>simile</strong></span> <span class='ocrx_word' id='word_1_653' title='bbox 2762 4304 2930 4361; x_wconf 86' lang='lat' dir='ltr'><strong>etiam</strong></span> <span class='ocrx_word' id='word_1_654' title='bbox 2965 4315 3046 4359; x_wconf 87' lang='lat' dir='ltr'><strong>est</strong></span> <span class='ocrx_word' id='word_1_655' title='bbox 3085 4304 3231 4359; x_wconf 82' lang='lat' dir='ltr'><strong>dicto</strong></span> <span class='ocrx_word' id='word_1_656' title='bbox 3272 4303 3393 4373; x_wconf 81' lang='lat' dir='ltr'><strong>ejus</strong></span> <span class='ocrx_word' id='word_1_657' title='bbox 3440 4303 3496 4357; x_wconf 93' lang='lat' dir='ltr'><strong>in</strong></span> 
     </span>
    </p>
   </div>
   <div class='ocr_carea' id='block_1_87' title="bbox 1905 4393 3497 4464">
    <p class='ocr_par' dir='ltr' id='par_1_87' title="bbox 1905 4393 3497 4464">
     <span class='ocr_line' id='line_1_87' title="bbox 1905 4393 3497 4464; baseline -0.001 -16"><span class='ocrx_word' id='word_1_658' title='bbox 1905 4393 2011 4449; x_wconf 85' lang='lat' dir='ltr'><strong>alio</strong></span> <span class='ocrx_word' id='word_1_659' title='bbox 2031 4395 2240 4464; x_wconf 88' lang='lat' dir='ltr'><strong>psalmo</strong></span> <span class='ocrx_word' id='word_1_660' title='bbox 2268 4411 2282 4446; x_wconf 90' lang='lat'>:</span> <span class='ocrx_word' id='word_1_661' title='bbox 2321 4393 2580 4450; x_wconf 83' lang='lat' dir='ltr'><strong>Transibo</strong></span> <span class='ocrx_word' id='word_1_662' title='bbox 2601 4411 2694 4464; x_wconf 85' lang='lat' dir='ltr'><strong>per</strong></span> <span class='ocrx_word' id='word_1_663' title='bbox 2717 4395 2834 4450; x_wconf 89' lang='lat' dir='ltr'><strong>loca</strong></span> <span class='ocrx_word' id='word_1_664' title='bbox 2856 4394 3102 4450; x_wconf 84' lang='lat' dir='ltr'><strong>umbrosa</strong></span> <span class='ocrx_word' id='word_1_665' title='bbox 3127 4394 3392 4448; x_wconf 82' lang='lat' dir='ltr'><strong>mirabilia</strong></span> <span class='ocrx_word' id='word_1_666' title='bbox 3426 4394 3497 4447; x_wconf 83' lang='lat' dir='ltr'><strong>ad</strong></span> 
     </span>
    </p>
   </div>
   <div class='ocr_carea' id='block_1_88' title="bbox 144 4479 3497 4583">
    <p class='ocr_par' dir='ltr' id='par_1_88' title="bbox 144 4479 3497 4583">
     <span class='ocr_line' id='line_1_88' title="bbox 144 4479 3497 4583; baseline 0.009 -72"><span class='ocrx_word' id='word_1_667' title='bbox 144 4546 150 4550; x_wconf 11' lang='grc' dir='ltr'>ὴ</span> <span class='ocrx_word' id='word_1_668' title='bbox 208 4485 296 4578; x_wconf 44' lang='grc' dir='ltr'><strong>ζει</strong></span> <span class='ocrx_word' id='word_1_669' title='bbox 323 4479 467 4581; x_wconf 42' lang='lat' dir='ltr'><strong>De.“</strong></span> <span class='ocrx_word' id='word_1_670' title='bbox 496 4483 856 4557; x_wconf 47' lang='lat' dir='ltr'><strong>stabilemque</strong></span> <span class='ocrx_word' id='word_1_671' title='bbox 903 4487 1086 4558; x_wconf 56' lang='lat' dir='ltr'><strong>emo&quot;,</strong></span> <span class='ocrx_word' id='word_1_672' title='bbox 1134 4501 1193 4547; x_wconf 80' lang='grc' dir='ltr'><strong>υι</strong></span> <span class='ocrx_word' id='word_1_673' title='bbox 1243 4494 1419 4550; x_wconf 50' lang='lat' dir='ltr'><strong>valeat</strong></span> <span class='ocrx_word' id='word_1_674' title='bbox 1473 4513 1718 4567; x_wconf 55' lang='lat' dir='ltr'><strong>qum-ere</strong></span> <span class='ocrx_word' id='word_1_675' title='bbox 1749 4510 1806 4558; x_wconf 71' lang='grc' dir='ltr'><strong>οι</strong></span> <span class='ocrx_word' id='word_1_676' title='bbox 1837 4528 1883 4583; x_wconf 66' lang='grc' dir='ltr'><strong><em>Β</em></strong></span> <span class='ocrx_word' id='word_1_677' title='bbox 1906 4487 2118 4542; x_wconf 82' lang='lat' dir='ltr'><strong>domum</strong></span> <span class='ocrx_word' id='word_1_678' title='bbox 2144 4486 2242 4583; x_wconf 74' lang='lat' dir='ltr'><strong>Dei</strong></span> <span class='ocrx_word' id='word_1_679' title='bbox 2263 4487 2329 4543; x_wconf 88' lang='grc'><strong>³³.</strong></span> <span class='ocrx_word' id='word_1_680' title='bbox 2358 4487 2460 4555; x_wconf 86' lang='lat' dir='ltr'><strong>Qui</strong></span> <span class='ocrx_word' id='word_1_681' title='bbox 2486 4488 2703 4583; x_wconf 83' lang='lat' dir='ltr'><strong>quidem</strong></span> <span class='ocrx_word' id='word_1_682' title='bbox 2733 4488 2994 4583; x_wconf 81' lang='lat' dir='ltr'><strong>transitus</strong></span> <span class='ocrx_word' id='word_1_683' title='bbox 3019 4488 3111 4558; x_wconf 92' lang='lat' dir='ltr'><strong>qui</strong></span> <span class='ocrx_word' id='word_1_684' title='bbox 3153 4498 3239 4542; x_wconf 91' lang='lat' dir='ltr'><strong>est</strong></span> <span class='ocrx_word' id='word_1_685' title='bbox 3271 4486 3497 4583; x_wconf 77' lang='lat' dir='ltr'><strong>ulterior</strong></span> 
     </span>
    </p>
   </div>
   <div class='ocr_carea' id='block_1_89' title="bbox 208 4566 1807 4650">
    <p class='ocr_par' dir='ltr' id='par_1_89' title="bbox 208 4566 1807 4650">
     <span class='ocr_line' id='line_1_89' title="bbox 208 4566 1807 4650; baseline 0.016 -28"><span class='ocrx_word' id='word_1_686' title='bbox 208 4566 546 4642; x_wconf 82' lang='lat' dir='ltr'><strong>investigare</strong></span> <span class='ocrx_word' id='word_1_687' title='bbox 573 4589 637 4630; x_wconf 90' lang='lat' dir='ltr'><strong>ea</strong></span> <span class='ocrx_word' id='word_1_688' title='bbox 658 4590 778 4645; x_wconf 67' lang='lat' dir='ltr'><strong>quae</strong></span> <span class='ocrx_word' id='word_1_689' title='bbox 813 4577 1026 4636; x_wconf 87' lang='lat' dir='ltr'><strong>Domini</strong></span> <span class='ocrx_word' id='word_1_690' title='bbox 1058 4590 1211 4650; x_wconf 91' lang='lat' dir='ltr'><strong>sunt;</strong></span> <span class='ocrx_word' id='word_1_691' title='bbox 1237 4595 1293 4640; x_wconf 87' lang='lat' dir='ltr'><strong>et</strong></span> <span class='ocrx_word' id='word_1_692' title='bbox 1325 4593 1438 4641; x_wconf 91' lang='lat' dir='ltr'><strong>tum</strong></span> <span class='ocrx_word' id='word_1_693' title='bbox 1469 4566 1672 4646; x_wconf 85' lang='lat' dir='ltr'><strong>videbit</strong></span> <span class='ocrx_word' id='word_1_694' title='bbox 1693 4608 1807 4648; x_wconf 90' lang='lat' dir='ltr'><strong>ma-</strong></span> 
     </span>
    </p>
   </div>
   <div class='ocr_carea' id='block_1_90' title="bbox 207 4657 1805 4752">
    <p class='ocr_par' dir='ltr' id='par_1_90' title="bbox 207 4657 1805 4752">
     <span class='ocr_line' id='line_1_90' title="bbox 207 4657 1805 4752; baseline 0.019 -42"><span class='ocrx_word' id='word_1_695' title='bbox 207 4657 550 4752; x_wconf 72' lang='lat' dir='ltr'><strong>gnitudinem</strong></span> <span class='ocrx_word' id='word_1_696' title='bbox 581 4664 801 4722; x_wconf 88' lang='lat' dir='ltr'><strong>virtutis</strong></span> <span class='ocrx_word' id='word_1_697' title='bbox 831 4678 885 4723; x_wconf 91' lang='lat' dir='ltr'><strong>et</strong></span> <span class='ocrx_word' id='word_1_698' title='bbox 925 4670 1224 4730; x_wconf 87' lang='lat' dir='ltr'><strong>divinitatis</strong></span> <span class='ocrx_word' id='word_1_699' title='bbox 1268 4684 1325 4730; x_wconf 91' lang='lat' dir='ltr'><strong>ct</strong></span> <span class='ocrx_word' id='word_1_700' title='bbox 1362 4677 1666 4747; x_wconf 88' lang='lat' dir='ltr'><strong>splendoris</strong></span> <span class='ocrx_word' id='word_1_701' title='bbox 1688 4681 1805 4752; x_wconf 87' lang='lat' dir='ltr'><strong>ejus</strong></span> 
     </span>
    </p>
   </div>
   <div class='ocr_carea' id='block_1_91' title="bbox 206 4747 1804 4844">
    <p class='ocr_par' dir='ltr' id='par_1_91' title="bbox 206 4747 1804 4844">
     <span class='ocr_line' id='line_1_91' title="bbox 206 4747 1804 4844; baseline 0.019 -43"><span class='ocrx_word' id='word_1_702' title='bbox 206 4747 264 4844; x_wconf 80' lang='lat' dir='ltr'><strong>in</strong></span> <span class='ocrx_word' id='word_1_703' title='bbox 301 4751 598 4808; x_wconf 86' lang='lat' dir='ltr'><strong>creaturis.</strong></span> <span class='ocrx_word' id='word_1_704' title='bbox 631 4753 843 4827; x_wconf 89' lang='lat' dir='ltr'><strong>Itaque,</strong></span> <span class='ocrx_word' id='word_1_705' title='bbox 878 4758 1032 4816; x_wconf 85' lang='lat' dir='ltr'><strong>ﬁlioli</strong></span> <span class='ocrx_word' id='word_1_706' title='bbox 1066 4763 1192 4832; x_wconf 89' lang='lat' dir='ltr'><strong>mei,</strong></span> <span class='ocrx_word' id='word_1_707' title='bbox 1234 4763 1447 4824; x_wconf 88' lang='lat' dir='ltr'><strong>initium</strong></span> <span class='ocrx_word' id='word_1_708' title='bbox 1479 4786 1687 4844; x_wconf 72' lang='lat' dir='ltr'><strong>magna:</strong></span> <span class='ocrx_word' id='word_1_709' title='bbox 1716 4747 1804 4831; x_wconf 78' lang='lat' dir='ltr'><strong>vi-</strong></span> 
     </span>
    </p>
   </div>
   <div class='ocr_carea' id='block_1_92' title="bbox 205 4839 1801 4934">
    <p class='ocr_par' dir='ltr' id='par_1_92' title="bbox 205 4839 1801 4934">
     <span class='ocr_line' id='line_1_92' title="bbox 205 4839 1801 4934; baseline 0.02 -40"><span class='ocrx_word' id='word_1_710' title='bbox 205 4839 384 4934; x_wconf 79' lang='lat' dir='ltr'><strong>sionis</strong></span> <span class='ocrx_word' id='word_1_711' title='bbox 412 4853 496 4899; x_wconf 90' lang='lat' dir='ltr'><strong>est</strong></span> <span class='ocrx_word' id='word_1_712' title='bbox 533 4847 708 4915; x_wconf 88' lang='lat' dir='ltr'><strong>prima</strong></span> <span class='ocrx_word' id='word_1_713' title='bbox 746 4849 904 4916; x_wconf 85' lang='lat' dir='ltr'><strong>visio,</strong></span> <span class='ocrx_word' id='word_1_714' title='bbox 929 4867 1091 4923; x_wconf 85' lang='lat' dir='ltr'><strong>quam</strong></span> <span class='ocrx_word' id='word_1_715' title='bbox 1131 4855 1267 4914; x_wconf 90' lang='lat' dir='ltr'><strong>vidit</strong></span> <span class='ocrx_word' id='word_1_716' title='bbox 1301 4860 1513 4934; x_wconf 85' lang='lat' dir='ltr'><strong>Moyses</strong></span> <span class='ocrx_word' id='word_1_717' title='bbox 1544 4839 1595 4921; x_wconf 80' lang='lat' dir='ltr'><strong>in</strong></span> <span class='ocrx_word' id='word_1_718' title='bbox 1629 4871 1801 4926; x_wconf 90' lang='lat' dir='ltr'><strong>mira-</strong></span> 
     </span>
    </p>
   </div>
   <div class='ocr_carea' id='block_1_93' title="bbox 207 4931 1796 5020">
    <p class='ocr_par' dir='ltr' id='par_1_93' title="bbox 207 4931 1796 5020">
     <span class='ocr_line' id='line_1_93' title="bbox 207 4931 1796 5020; baseline 0.02 -35"><span class='ocrx_word' id='word_1_719' title='bbox 207 4931 304 4986; x_wconf 87' lang='lat' dir='ltr'><strong>bili</strong></span> <span class='ocrx_word' id='word_1_720' title='bbox 329 4934 683 5004; x_wconf 86' lang='lat' dir='ltr'><strong>mirahilium,</strong></span> <span class='ocrx_word' id='word_1_721' title='bbox 722 4943 868 5010; x_wconf 87' lang='lat' dir='ltr'><strong>quod</strong></span> <span class='ocrx_word' id='word_1_722' title='bbox 896 4943 1065 5000; x_wconf 90' lang='lat' dir='ltr'><strong>rubus</strong></span> <span class='ocrx_word' id='word_1_723' title='bbox 1098 4957 1245 5003; x_wconf 85' lang='lat' dir='ltr'><strong>esset</strong></span> <span class='ocrx_word' id='word_1_724' title='bbox 1276 4931 1564 5020; x_wconf 84' lang='lat' dir='ltr'><strong>accensus,</strong></span> <span class='ocrx_word' id='word_1_725' title='bbox 1607 4968 1664 5014; x_wconf 89' lang='lat' dir='ltr'><strong>ct</strong></span> <span class='ocrx_word' id='word_1_726' title='bbox 1690 4975 1796 5017; x_wconf 92' lang='lat' dir='ltr'><strong>non</strong></span> 
     </span>
    </p>
   </div>
   <div class='ocr_carea' id='block_1_94' title="bbox 205 5025 1801 5110">
    <p class='ocr_par' dir='ltr' id='par_1_94' title="bbox 205 5025 1801 5110">
     <span class='ocr_line' id='line_1_94' title="bbox 205 5025 1801 5110; baseline 0.019 -30"><span class='ocrx_word' id='word_1_727' title='bbox 205 5025 644 5084; x_wconf 86' lang='lat' dir='ltr'><strong>combureretur.</strong></span> <span class='ocrx_word' id='word_1_728' title='bbox 698 5031 830 5099; x_wconf 69' lang='lat' dir='ltr'><strong>Quae</strong></span> <span class='ocrx_word' id='word_1_729' title='bbox 861 5049 995 5092; x_wconf 90' lang='lat' dir='ltr'><strong>sane</strong></span> <span class='ocrx_word' id='word_1_730' title='bbox 1028 5037 1168 5095; x_wconf 86' lang='lat' dir='ltr'><strong>visio</strong></span> <span class='ocrx_word' id='word_1_731' title='bbox 1217 5043 1355 5098; x_wconf 88' lang='lat' dir='ltr'><strong>satis</strong></span> <span class='ocrx_word' id='word_1_732' title='bbox 1387 5058 1597 5103; x_wconf 90' lang='lat' dir='ltr'><strong>remota</strong></span> <span class='ocrx_word' id='word_1_733' title='bbox 1633 5061 1717 5107; x_wconf 90' lang='lat' dir='ltr'><strong>est</strong></span> <span class='ocrx_word' id='word_1_734' title='bbox 1769 5069 1801 5110; x_wconf 90' lang='lat' dir='ltr'><strong>a</strong></span> 
     </span>
    </p>
   </div>
   <div class='ocr_carea' id='block_1_95' title="bbox 205 5117 1804 5204">
    <p class='ocr_par' dir='ltr' id='par_1_95' title="bbox 205 5117 1804 5204">
     <span class='ocr_line' id='line_1_95' title="bbox 205 5117 1804 5204; baseline 0.019 -33"><span class='ocrx_word' id='word_1_735' title='bbox 205 5117 567 5187; x_wconf 79' lang='lat' dir='ltr'><strong>perfectione.</strong></span> <span class='ocrx_word' id='word_1_736' title='bbox 602 5123 676 5180; x_wconf 83' lang='lat' dir='ltr'><strong>At</strong></span> <span class='ocrx_word' id='word_1_737' title='bbox 717 5125 855 5182; x_wconf 88' lang='lat' dir='ltr'><strong>visio</strong></span> <span class='ocrx_word' id='word_1_738' title='bbox 904 5131 1126 5186; x_wconf 87' lang='lat' dir='ltr'><strong>secundi</strong></span> <span class='ocrx_word' id='word_1_739' title='bbox 1173 5137 1425 5204; x_wconf 85' lang='lat' dir='ltr'><strong>mysterii</strong></span> <span class='ocrx_word' id='word_1_740' title='bbox 1450 5148 1534 5194; x_wconf 91' lang='lat' dir='ltr'><strong>est</strong></span> <span class='ocrx_word' id='word_1_741' title='bbox 1559 5145 1804 5201; x_wconf 88' lang='lat' dir='ltr'><strong>accessio</strong></span> 
     </span>
    </p>
   </div>
   <div class='ocr_carea' id='block_1_96' title="bbox 205 5208 1798 5293">
    <p class='ocr_par' dir='ltr' id='par_1_96' title="bbox 205 5208 1798 5293">
     <span class='ocr_line' id='line_1_96' title="bbox 205 5208 1798 5293; baseline 0.017 -30"><span class='ocrx_word' id='word_1_742' title='bbox 205 5208 433 5278; x_wconf 85' lang='lat' dir='ltr'><strong>propior</strong></span> <span class='ocrx_word' id='word_1_743' title='bbox 473 5209 595 5280; x_wconf 89' lang='lat' dir='ltr'><strong>plus</strong></span> <span class='ocrx_word' id='word_1_744' title='bbox 649 5227 814 5284; x_wconf 86' lang='lat' dir='ltr'><strong>quam</strong></span> <span class='ocrx_word' id='word_1_745' title='bbox 880 5220 1052 5288; x_wconf 89' lang='lat' dir='ltr'><strong>priori</strong></span> <span class='ocrx_word' id='word_1_746' title='bbox 1100 5231 1362 5293; x_wconf 89' lang='lat' dir='ltr'><strong>tempore.</strong></span> <span class='ocrx_word' id='word_1_747' title='bbox 1416 5227 1565 5284; x_wconf 83' lang='lat' dir='ltr'><strong>Dixit</strong></span> <span class='ocrx_word' id='word_1_748' title='bbox 1598 5235 1742 5290; x_wconf 91' lang='lat' dir='ltr'><strong>enim</strong></span> <span class='ocrx_word' id='word_1_749' title='bbox 1783 5253 1798 5291; x_wconf 88' lang='lat'><strong>:</strong></span> 
     </span>
    </p>
   </div>
   <div class='ocr_carea' id='block_1_97' title="bbox 219 5295 1804 5388">
    <p class='ocr_par' dir='ltr' id='par_1_97' title="bbox 219 5295 1804 5388">
     <span class='ocr_line' id='line_1_97' title="bbox 219 5295 1804 5388; baseline 0.021 -38"><span class='ocrx_word' id='word_1_750' title='bbox 219 5295 447 5367; x_wconf 75' lang='lat' dir='ltr'><strong>Vadam,</strong></span> <span class='ocrx_word' id='word_1_751' title='bbox 481 5311 533 5356; x_wconf 79' lang='lat' dir='ltr'><strong>et</strong></span> <span class='ocrx_word' id='word_1_752' title='bbox 571 5305 751 5361; x_wconf 78' lang='lat' dir='ltr'><strong>uidebo</strong></span> <span class='ocrx_word' id='word_1_753' title='bbox 787 5309 1038 5366; x_wconf 78' lang='lat' dir='ltr'><strong>uisionem</strong></span> <span class='ocrx_word' id='word_1_754' title='bbox 1085 5313 1222 5368; x_wconf 80' lang='lat' dir='ltr'><strong>hanc</strong></span> <span class='ocrx_word' id='word_1_755' title='bbox 1259 5333 1501 5388; x_wconf 86' lang='lat' dir='ltr'><strong>magnam</strong></span> <span class='ocrx_word' id='word_1_756' title='bbox 1532 5324 1597 5378; x_wconf 81' lang='lat'><strong>”.</strong></span> <span class='ocrx_word' id='word_1_757' title='bbox 1630 5325 1804 5382; x_wconf 79' lang='lat' dir='ltr'><strong>Acce-</strong></span> 
     </span>
    </p>
   </div>
   <div class='ocr_carea' id='block_1_98' title="bbox 208 5391 1795 5474">
    <p class='ocr_par' dir='ltr' id='par_1_98' title="bbox 208 5391 1795 5474">
     <span class='ocr_line' id='line_1_98' title="bbox 208 5391 1795 5474; baseline 0.018 -27"><span class='ocrx_word' id='word_1_758' title='bbox 208 5391 356 5448; x_wconf 78' lang='lat' dir='ltr'><strong>donti</strong></span> <span class='ocrx_word' id='word_1_759' title='bbox 393 5405 577 5451; x_wconf 85' lang='lat' dir='ltr'><strong>autem</strong></span> <span class='ocrx_word' id='word_1_760' title='bbox 608 5397 751 5455; x_wconf 85' lang='lat' dir='ltr'><strong>facta</strong></span> <span class='ocrx_word' id='word_1_761' title='bbox 781 5411 869 5459; x_wconf 82' lang='lat' dir='ltr'><strong>est</strong></span> <span class='ocrx_word' id='word_1_762' title='bbox 904 5403 1214 5462; x_wconf 80' lang='lat' dir='ltr'><strong>collocatio.</strong></span> <span class='ocrx_word' id='word_1_763' title='bbox 1253 5407 1521 5468; x_wconf 83' lang='lat' dir='ltr'><strong>Perfectio</strong></span> <span class='ocrx_word' id='word_1_764' title='bbox 1553 5430 1680 5472; x_wconf 91' lang='lat' dir='ltr'><strong>vero</strong></span> <span class='ocrx_word' id='word_1_765' title='bbox 1711 5427 1795 5474; x_wconf 86' lang='lat' dir='ltr'><strong>est</strong></span> 
     </span>
    </p>
   </div>
   <div class='ocr_carea' id='block_1_99' title="bbox 207 5488 1798 5566">
    <p class='ocr_par' dir='ltr' id='par_1_99' title="bbox 207 5488 1798 5566">
     <span class='ocr_line' id='line_1_99' title="bbox 207 5488 1798 5566; baseline 0.016 -25"><span class='ocrx_word' id='word_1_766' title='bbox 207 5495 328 5555; x_wconf 65' lang='lat' dir='ltr'><strong>qus</strong></span> <span class='ocrx_word' id='word_1_767' title='bbox 377 5488 661 5547; x_wconf 78' lang='lat' dir='ltr'><strong>humilitas</strong></span> <span class='ocrx_word' id='word_1_768' title='bbox 691 5503 818 5565; x_wconf 88' lang='lat' dir='ltr'><strong>post</strong></span> <span class='ocrx_word' id='word_1_769' title='bbox 869 5496 1286 5556; x_wconf 87' lang='lat' dir='ltr'><strong>collocutionem</strong></span> <span class='ocrx_word' id='word_1_770' title='bbox 1345 5510 1401 5558; x_wconf 88' lang='lat' dir='ltr'><strong>et</strong></span> <span class='ocrx_word' id='word_1_771' title='bbox 1445 5505 1710 5564; x_wconf 87' lang='lat' dir='ltr'><strong>visionem</strong></span> <span class='ocrx_word' id='word_1_772' title='bbox 1742 5520 1798 5566; x_wconf 91' lang='lat' dir='ltr'><strong>ct</strong></span> 
     </span>
    </p>
   </div>
   <div class='ocr_carea' id='block_1_100' title="bbox 1913 4579 3498 4648">
    <p class='ocr_par' dir='ltr' id='par_1_100' title="bbox 1913 4579 3498 4648">
     <span class='ocr_line' id='line_1_100' title="bbox 1913 4579 3498 4648; baseline 0.001 -14"><span class='ocrx_word' id='word_1_773' title='bbox 1913 4579 2178 4648; x_wconf 79' lang='lat' dir='ltr'><strong>traiectio,</strong></span> <span class='ocrx_word' id='word_1_774' title='bbox 2217 4579 2422 4635; x_wconf 90' lang='lat' dir='ltr'><strong>indicat</strong></span> <span class='ocrx_word' id='word_1_775' title='bbox 2454 4580 2613 4637; x_wconf 90' lang='lat' dir='ltr'><strong>nobis</strong></span> <span class='ocrx_word' id='word_1_776' title='bbox 2659 4580 2854 4636; x_wconf 83' lang='lat' dir='ltr'><strong>anima:</strong></span> <span class='ocrx_word' id='word_1_777' title='bbox 2889 4581 3284 4636; x_wconf 89' lang='lat' dir='ltr'><strong>incrementum</strong></span> <span class='ocrx_word' id='word_1_778' title='bbox 3321 4599 3334 4636; x_wconf 95' lang='lat'>:</span> <span class='ocrx_word' id='word_1_779' title='bbox 3392 4579 3498 4636; x_wconf 88' lang='lat' dir='ltr'><strong>hoc</strong></span> 
     </span>
    </p>
   </div>
   <div class='ocr_carea' id='block_1_101' title="bbox 1906 4668 3494 4743">
    <p class='ocr_par' dir='ltr' id='par_1_101' title="bbox 1906 4668 3494 4743">
     <span class='ocr_line' id='line_1_101' title="bbox 1906 4668 3494 4743; baseline 0.003 -20"><span class='ocrx_word' id='word_1_780' title='bbox 1906 4682 2142 4739; x_wconf 87' lang='lat' dir='ltr'><strong>namque</strong></span> <span class='ocrx_word' id='word_1_781' title='bbox 2174 4668 2324 4724; x_wconf 91' lang='lat' dir='ltr'><strong>dedit</strong></span> <span class='ocrx_word' id='word_1_782' title='bbox 2380 4672 2644 4742; x_wconf 90' lang='lat' dir='ltr'><strong>propheta</strong></span> <span class='ocrx_word' id='word_1_783' title='bbox 2705 4671 2758 4726; x_wconf 91' lang='lat' dir='ltr'><strong>in</strong></span> <span class='ocrx_word' id='word_1_784' title='bbox 2792 4671 3004 4743; x_wconf 89' lang='lat' dir='ltr'><strong>signum</strong></span> <span class='ocrx_word' id='word_1_785' title='bbox 3064 4671 3312 4743; x_wconf 75' lang='lat' dir='ltr'><strong>perfecti,</strong></span> <span class='ocrx_word' id='word_1_786' title='bbox 3369 4687 3494 4728; x_wconf 89' lang='lat' dir='ltr'><strong>cum</strong></span> 
     </span>
    </p>
   </div>
   <div class='ocr_carea' id='block_1_102' title="bbox 1905 4762 3495 4833">
    <p class='ocr_par' dir='ltr' id='par_1_102' title="bbox 1905 4762 3495 4833">
     <span class='ocr_line' id='line_1_102' title="bbox 1905 4762 3495 4833; baseline 0.003 -17"><span class='ocrx_word' id='word_1_787' title='bbox 1905 4770 2063 4818; x_wconf 83' lang='lat' dir='ltr'><strong>antea</strong></span> <span class='ocrx_word' id='word_1_788' title='bbox 2110 4762 2192 4816; x_wconf 86' lang='lat' dir='ltr'><strong>via</strong></span> <span class='ocrx_word' id='word_1_789' title='bbox 2226 4762 2346 4833; x_wconf 87' lang='lat' dir='ltr'><strong>ejus</strong></span> <span class='ocrx_word' id='word_1_790' title='bbox 2379 4779 2409 4818; x_wconf 92' lang='lat' dir='ltr'><strong>a</strong></span> <span class='ocrx_word' id='word_1_791' title='bbox 2439 4763 2550 4821; x_wconf 80' lang='lat' dir='ltr'><strong>Deo</strong></span> <span class='ocrx_word' id='word_1_792' title='bbox 2593 4763 2956 4821; x_wconf 89' lang='lat' dir='ltr'><strong>remotissima</strong></span> <span class='ocrx_word' id='word_1_793' title='bbox 2982 4774 3147 4821; x_wconf 85' lang='lat' dir='ltr'><strong>esset.</strong></span> <span class='ocrx_word' id='word_1_794' title='bbox 3179 4763 3288 4820; x_wconf 83' lang='lat' dir='ltr'><strong>Nec</strong></span> <span class='ocrx_word' id='word_1_795' title='bbox 3316 4765 3495 4820; x_wconf 88' lang='lat' dir='ltr'><strong>admi-</strong></span> 
     </span>
    </p>
   </div>
   <div class='ocr_carea' id='block_1_103' title="bbox 1905 4855 3492 4930">
    <p class='ocr_par' dir='ltr' id='par_1_103' title="bbox 1905 4855 3492 4930">
     <span class='ocr_line' id='line_1_103' title="bbox 1905 4855 3492 4930; baseline 0.003 -22"><span class='ocrx_word' id='word_1_796' title='bbox 1905 4855 2119 4920; x_wconf 85' lang='lat' dir='ltr'><strong>remini,</strong></span> <span class='ocrx_word' id='word_1_797' title='bbox 2148 4855 2296 4912; x_wconf 82' lang='lat' dir='ltr'><strong>filioli</strong></span> <span class='ocrx_word' id='word_1_798' title='bbox 2331 4859 2458 4925; x_wconf 87' lang='lat' dir='ltr'><strong>mei,</strong></span> <span class='ocrx_word' id='word_1_799' title='bbox 2491 4859 2634 4930; x_wconf 88' lang='lat' dir='ltr'><strong>quod</strong></span> <span class='ocrx_word' id='word_1_800' title='bbox 2659 4869 2847 4914; x_wconf 84' lang='lat' dir='ltr'><strong>nostra</strong></span> <span class='ocrx_word' id='word_1_801' title='bbox 2885 4859 2972 4914; x_wconf 90' lang='lat' dir='ltr'><strong>vla</strong></span> <span class='ocrx_word' id='word_1_802' title='bbox 2997 4859 3068 4916; x_wconf 88' lang='lat' dir='ltr'><strong>sit</strong></span> <span class='ocrx_word' id='word_1_803' title='bbox 3099 4858 3492 4924; x_wconf 87' lang='lat' dir='ltr'><strong>remetissima,</strong></span> 
     </span>
    </p>
   </div>
   <div class='ocr_carea' id='block_1_104' title="bbox 1904 4950 3496 5024">
    <p class='ocr_par' dir='ltr' id='par_1_104' title="bbox 1904 4950 3496 5024">
     <span class='ocr_line' id='line_1_104' title="bbox 1904 4950 3496 5024; baseline 0.002 -19"><span class='ocrx_word' id='word_1_804' title='bbox 1904 4964 2028 5005; x_wconf 89' lang='lat' dir='ltr'><strong>cum</strong></span> <span class='ocrx_word' id='word_1_805' title='bbox 2052 4950 2226 5007; x_wconf 87' lang='lat' dir='ltr'><strong>adhuc</strong></span> <span class='ocrx_word' id='word_1_806' title='bbox 2246 4967 2530 5008; x_wconf 88' lang='lat' dir='ltr'><strong>versemur</strong></span> <span class='ocrx_word' id='word_1_807' title='bbox 2563 4953 2616 5007; x_wconf 93' lang='lat' dir='ltr'><strong>in</strong></span> <span class='ocrx_word' id='word_1_808' title='bbox 2648 4953 2920 5023; x_wconf 89' lang='lat' dir='ltr'><strong>spirituali</strong></span> <span class='ocrx_word' id='word_1_809' title='bbox 2959 4951 3210 5024; x_wconf 84' lang='lat' dir='ltr'><strong>pueritia.</strong></span> <span class='ocrx_word' id='word_1_810' title='bbox 3236 4951 3496 5008; x_wconf 78' lang='lat' dir='ltr'><strong>Videmus</strong></span> 
     </span>
    </p>
   </div>
   <div class='ocr_carea' id='block_1_105' title="bbox 1904 5045 3495 5119">
    <p class='ocr_par' dir='ltr' id='par_1_105' title="bbox 1904 5045 3495 5119">
     <span class='ocr_line' id='line_1_105' title="bbox 1904 5045 3495 5119; baseline 0.002 -20"><span class='ocrx_word' id='word_1_811' title='bbox 1904 5045 2050 5100; x_wconf 89' lang='lat' dir='ltr'><strong>enim</strong></span> <span class='ocrx_word' id='word_1_812' title='bbox 2075 5046 2282 5101; x_wconf 90' lang='lat' dir='ltr'><strong>dictum</strong></span> <span class='ocrx_word' id='word_1_813' title='bbox 2308 5062 2429 5104; x_wconf 89' lang='lat' dir='ltr'><strong>esse</strong></span> <span class='ocrx_word' id='word_1_814' title='bbox 2460 5049 2738 5119; x_wconf 66' lang='lat' dir='ltr'><strong>prophetae</strong></span> <span class='ocrx_word' id='word_1_815' title='bbox 2768 5047 2844 5103; x_wconf 90' lang='lat' dir='ltr'><strong>illi</strong></span> <span class='ocrx_word' id='word_1_816' title='bbox 2872 5062 3070 5116; x_wconf 83' lang='lat' dir='ltr'><strong>magno</strong></span> <span class='ocrx_word' id='word_1_817' title='bbox 3105 5047 3270 5103; x_wconf 68' lang='lat' dir='ltr'><strong>Elite:</strong></span> <span class='ocrx_word' id='word_1_818' title='bbox 3303 5045 3495 5118; x_wconf 82' lang='lat' dir='ltr'><strong>Surge,</strong></span> 
     </span>
    </p>
   </div>
   <div class='ocr_carea' id='block_1_106' title="bbox 1906 5138 3498 5212">
    <p class='ocr_par' dir='ltr' id='par_1_106' title="bbox 1906 5138 3498 5212">
     <span class='ocr_line' id='line_1_106' title="bbox 1906 5138 3498 5212; baseline 0.003 -22"><span class='ocrx_word' id='word_1_819' title='bbox 1906 5138 2115 5192; x_wconf 84' lang='lat' dir='ltr'><strong>comede</strong></span> <span class='ocrx_word' id='word_1_820' title='bbox 2138 5144 2185 5192; x_wconf 89' lang='lat' dir='ltr'><strong>et</strong></span> <span class='ocrx_word' id='word_1_821' title='bbox 2227 5139 2364 5207; x_wconf 86' lang='lat' dir='ltr'><strong>bibe,</strong></span> <span class='ocrx_word' id='word_1_822' title='bbox 2390 5150 2439 5194; x_wconf 87' lang='lat' dir='ltr'><strong>et</strong></span> <span class='ocrx_word' id='word_1_823' title='bbox 2485 5142 2820 5210; x_wconf 82' lang='lat' dir='ltr'><strong>confortare;</strong></span> <span class='ocrx_word' id='word_1_824' title='bbox 2859 5140 3016 5212; x_wconf 88' lang='lat' dir='ltr'><strong>longa</strong></span> <span class='ocrx_word' id='word_1_825' title='bbox 3039 5143 3179 5195; x_wconf 88' lang='lat' dir='ltr'><strong>enim</strong></span> <span class='ocrx_word' id='word_1_826' title='bbox 3205 5140 3380 5194; x_wconf 81' lang='lat' dir='ltr'><strong>adhuc</strong></span> <span class='ocrx_word' id='word_1_827' title='bbox 3414 5141 3498 5195; x_wconf 69' lang='lat' dir='ltr'><strong>tria</strong></span> 
     </span>
    </p>
   </div>
   <div class='ocr_carea' id='block_1_107' title="bbox 1909 5232 3496 5306">
    <p class='ocr_par' dir='ltr' id='par_1_107' title="bbox 1909 5232 3496 5306">
     <span class='ocr_line' id='line_1_107' title="bbox 1909 5232 3496 5306; baseline 0.002 -23"><span class='ocrx_word' id='word_1_828' title='bbox 1909 5239 2001 5284; x_wconf 86' lang='lat' dir='ltr'><strong>tua</strong></span> <span class='ocrx_word' id='word_1_829' title='bbox 2025 5232 2177 5287; x_wconf 74' lang='lat' dir='ltr'><strong>est”.</strong></span> <span class='ocrx_word' id='word_1_830' title='bbox 2198 5233 2345 5288; x_wconf 82' lang='lat' dir='ltr'><strong>Etde</strong></span> <span class='ocrx_word' id='word_1_831' title='bbox 2372 5235 2473 5289; x_wconf 89' lang='lat' dir='ltr'><strong>hac</strong></span> <span class='ocrx_word' id='word_1_832' title='bbox 2501 5233 2688 5289; x_wconf 90' lang='lat' dir='ltr'><strong>eadem</strong></span> <span class='ocrx_word' id='word_1_833' title='bbox 2713 5233 3107 5306; x_wconf 87' lang='lat' dir='ltr'><strong>longinquitate</strong></span> <span class='ocrx_word' id='word_1_834' title='bbox 3135 5233 3272 5289; x_wconf 80' lang='lat' dir='ltr'><strong>dixit</strong></span> <span class='ocrx_word' id='word_1_835' title='bbox 3297 5232 3496 5288; x_wconf 74' lang='lat' dir='ltr'><strong>David:</strong></span> 
     </span>
    </p>
   </div>
   <div class='ocr_carea' id='block_1_108' title="bbox 1909 5323 3499 5399">
    <p class='ocr_par' dir='ltr' id='par_1_108' title="bbox 1909 5323 3499 5399">
     <span class='ocr_line' id='line_1_108' title="bbox 1909 5323 3499 5399; baseline 0.003 -22"><span class='ocrx_word' id='word_1_836' title='bbox 1909 5323 2040 5390; x_wconf 86' lang='lat' dir='ltr'><strong>Quis</strong></span> <span class='ocrx_word' id='word_1_837' title='bbox 2055 5324 2203 5379; x_wconf 85' lang='lat' dir='ltr'><strong>dabit</strong></span> <span class='ocrx_word' id='word_1_838' title='bbox 2224 5325 2349 5380; x_wconf 87' lang='lat' dir='ltr'><strong>mihi</strong></span> <span class='ocrx_word' id='word_1_839' title='bbox 2363 5325 2478 5382; x_wconf 87' lang='lat' dir='ltr'><strong>alas</strong></span> <span class='ocrx_word' id='word_1_840' title='bbox 2503 5327 2777 5393; x_wconf 72' lang='lat' dir='ltr'><strong>columbaz,</strong></span> <span class='ocrx_word' id='word_1_841' title='bbox 2796 5335 2853 5381; x_wconf 87' lang='lat' dir='ltr'><strong>ut</strong></span> <span class='ocrx_word' id='word_1_842' title='bbox 2873 5327 3058 5393; x_wconf 85' lang='lat' dir='ltr'><strong>volem,</strong></span> <span class='ocrx_word' id='word_1_843' title='bbox 3075 5337 3123 5382; x_wconf 89' lang='lat' dir='ltr'><strong>et</strong></span> <span class='ocrx_word' id='word_1_844' title='bbox 3137 5327 3404 5399; x_wconf 85' lang='lat' dir='ltr'><strong>quiescam</strong></span> <span class='ocrx_word' id='word_1_845' title='bbox 3416 5323 3499 5381; x_wconf 64' lang='grc' dir='ltr'><strong>⁸δῖ</strong></span> 
     </span>
    </p>
   </div>
   <div class='ocr_carea' id='block_1_109' title="bbox 1905 5417 3491 5494">
    <p class='ocr_par' dir='ltr' id='par_1_109' title="bbox 1905 5417 3491 5494">
     <span class='ocr_line' id='line_1_109' title="bbox 1905 5417 3491 5494; baseline -0.001 -23"><span class='ocrx_word' id='word_1_846' title='bbox 1905 5417 2000 5471; x_wconf 91' lang='lat' dir='ltr'><strong>llis</strong></span> <span class='ocrx_word' id='word_1_847' title='bbox 2038 5428 2218 5473; x_wconf 89' lang='lat' dir='ltr'><strong>autem</strong></span> <span class='ocrx_word' id='word_1_848' title='bbox 2279 5432 2379 5474; x_wconf 89' lang='lat' dir='ltr'><strong>nos</strong></span> <span class='ocrx_word' id='word_1_849' title='bbox 2424 5419 2566 5475; x_wconf 88' lang='lat' dir='ltr'><strong>scire</strong></span> <span class='ocrx_word' id='word_1_850' title='bbox 2616 5429 2850 5489; x_wconf 90' lang='lat' dir='ltr'><strong>oportet,</strong></span> <span class='ocrx_word' id='word_1_851' title='bbox 2891 5421 3038 5490; x_wconf 90' lang='lat' dir='ltr'><strong>quod</strong></span> <span class='ocrx_word' id='word_1_852' title='bbox 3082 5419 3192 5475; x_wconf 89' lang='lat' dir='ltr'><strong>vita</strong></span> <span class='ocrx_word' id='word_1_853' title='bbox 3228 5421 3491 5494; x_wconf 84' lang='lat' dir='ltr'><strong>cujusque</strong></span> 
     </span>
    </p>
   </div>
   <div class='ocr_carea' id='block_1_110' title="bbox 1907 5510 3498 5582">
    <p class='ocr_par' dir='ltr' id='par_1_110' title="bbox 1907 5510 3498 5582">
     <span class='ocr_line' id='line_1_110' title="bbox 1907 5510 3498 5582; baseline -0.003 -18"><span class='ocrx_word' id='word_1_854' title='bbox 1907 5510 2076 5564; x_wconf 88' lang='lat' dir='ltr'><strong>nostri</strong></span> <span class='ocrx_word' id='word_1_855' title='bbox 2097 5523 2267 5582; x_wconf 84' lang='lat' dir='ltr'><strong>egena</strong></span> <span class='ocrx_word' id='word_1_856' title='bbox 2292 5521 2398 5578; x_wconf 89' lang='lat' dir='ltr'><strong>est,</strong></span> <span class='ocrx_word' id='word_1_857' title='bbox 2425 5520 2482 5568; x_wconf 91' lang='lat' dir='ltr'><strong>et</strong></span> <span class='ocrx_word' id='word_1_858' title='bbox 2509 5512 2596 5567; x_wconf 88' lang='lat' dir='ltr'><strong>via</strong></span> <span class='ocrx_word' id='word_1_859' title='bbox 2627 5512 2923 5569; x_wconf 86' lang='lat' dir='ltr'><strong>laboriosa.</strong></span> <span class='ocrx_word' id='word_1_860' title='bbox 2959 5511 3141 5582; x_wconf 83' lang='lat' dir='ltr'><strong>Quare</strong></span> <span class='ocrx_word' id='word_1_861' title='bbox 3168 5519 3404 5582; x_wconf 89' lang='lat' dir='ltr'><strong>oportet,</strong></span> <span class='ocrx_word' id='word_1_862' title='bbox 3438 5515 3498 5560; x_wconf 87' lang='lat' dir='ltr'><strong>ut</strong></span> 
     </span>
    </p>
   </div>
   <div class='ocr_carea' id='block_1_111' title="bbox 280 5689 1799 5783">
    <p class='ocr_par' dir='ltr' id='par_1_111' title="bbox 280 5689 1793 5783">
     <span class='ocr_line' id='line_1_111' title="bbox 280 5689 1793 5783; baseline 0 0"><span class='ocrx_word' id='word_1_863' title='bbox 280 5689 724 5783; x_wconf 45' lang='lat' dir='ltr'><strong>&quot;.E’ﬁ&#39;lu‘i‘“</strong></span> <span class='ocrx_word' id='word_1_864' title='bbox 771 5697 886 5783; x_wconf 64' lang='lat'><strong>“2-.</strong></span> <span class='ocrx_word' id='word_1_865' title='bbox 933 5702 1342 5783; x_wconf 58' lang='lat' dir='ltr'><strong>’.&#39;.Luc_-_xb3i-</strong></span> <span class='ocrx_word' id='word_1_866' title='bbox 1423 5706 1686 5783; x_wconf 50' lang='lat' dir='ltr'><strong>&quot;Matth;</strong></span> <span class='ocrx_word' id='word_1_867' title='bbox 1715 5725 1793 5783; x_wconf 63' lang='grc' dir='ltr'><strong>ηε</strong></span> 
     </span>
    </p>
   </div>
   <div class='ocr_carea' id='block_1_112' title="bbox 1906 5689 3494 5783">
    <p class='ocr_par' dir='ltr' id='par_1_112' title="bbox 1906 5708 3494 5783">
     <span class='ocr_line' id='line_1_112' title="bbox 1906 5708 3494 5783; baseline -0.002 -15"><span class='ocrx_word' id='word_1_868' title='bbox 1906 5753 1913 5768; x_wconf 85' lang='grc'><em>.</em></span> <span class='ocrx_word' id='word_1_869' title='bbox 1988 5711 2033 5743; x_wconf 79' lang='grc'>⁸⁹</span> <span class='ocrx_word' id='word_1_870' title='bbox 2060 5708 2231 5783; x_wconf 72' lang='lat' dir='ltr'><strong>Exod.</strong></span> <span class='ocrx_word' id='word_1_871' title='bbox 2261 5712 2433 5783; x_wconf 76' lang='lat' dir='ltr'><strong>tn,_5.</strong></span> <span class='ocrx_word' id='word_1_872' title='bbox 2508 5712 2556 5745; x_wconf 77' lang='grc' dir='ltr'><strong>³ο</strong></span> <span class='ocrx_word' id='word_1_873' title='bbox 2585 5713 2768 5770; x_wconf 84' lang='lat' dir='ltr'><strong>llCnr.</strong></span> <span class='ocrx_word' id='word_1_874' title='bbox 2794 5731 2875 5783; x_wconf 86' lang='lat' dir='ltr'><strong>tu,</strong></span> <span class='ocrx_word' id='word_1_875' title='bbox 2897 5715 2984 5772; x_wconf 85' lang='grc'><strong>18.</strong></span> <span class='ocrx_word' id='word_1_876' title='bbox 3061 5712 3269 5769; x_wconf 79' lang='lat' dir='ltr'><strong>“Psat.</strong></span> <span class='ocrx_word' id='word_1_877' title='bbox 3297 5726 3494 5780; x_wconf 77' lang='lat' dir='ltr'><strong>nxm,</strong></span> 
     </span>
    </p>
   </div>
   <div class='ocr_carea' id='block_1_113' title="bbox 205 5759 1799 5853">
    <p class='ocr_par' dir='ltr' id='par_1_113' title="bbox 205 5759 1798 5846">
     <span class='ocr_line' id='line_1_113' title="bbox 205 5759 1798 5846; baseline 0.012 -28"><span class='ocrx_word' id='word_1_878' title='bbox 205 5760 264 5820; x_wconf 81' lang='grc' dir='ltr'><strong>ϐ.</strong></span> <span class='ocrx_word' id='word_1_879' title='bbox 343 5759 393 5794; x_wconf 75' lang='grc'><strong>³⁸</strong></span> <span class='ocrx_word' id='word_1_880' title='bbox 421 5762 567 5825; x_wconf 84' lang='lat' dir='ltr'><strong>Psal.</strong></span> <span class='ocrx_word' id='word_1_881' title='bbox 597 5759 786 5838; x_wconf 75' lang='lat' dir='ltr'><strong>xxxvi,</strong></span> <span class='ocrx_word' id='word_1_882' title='bbox 817 5770 907 5840; x_wconf 81' lang='grc'><strong>55,</strong></span> <span class='ocrx_word' id='word_1_883' title='bbox 936 5773 1025 5830; x_wconf 81' lang='grc'><strong>56.</strong></span> <span class='ocrx_word' id='word_1_884' title='bbox 1103 5777 1147 5808; x_wconf 83' lang='grc'><strong>⁸³</strong></span> <span class='ocrx_word' id='word_1_885' title='bbox 1193 5759 1338 5834; x_wconf 69' lang='lat' dir='ltr'><strong>Psal.</strong></span> <span class='ocrx_word' id='word_1_886' title='bbox 1367 5759 1798 5846; x_wconf 41' lang='grc' dir='ltr'><strong>Χιιίὲξηηίδῖἰὶ</strong></span> 
     </span>
    </p>
   </div>
   <div class='ocr_carea' id='block_1_114' title="bbox 1906 5759 2726 5853">
    <p class='ocr_par' dir='ltr' id='par_1_114' title="bbox 1906 5759 2726 5853">
     <span class='ocr_line' id='line_1_114' title="bbox 1906 5759 2726 5853; baseline 0.005 -17"><span class='ocrx_word' id='word_1_887' title='bbox 2000 5797 2112 5852; x_wconf 73' lang='lat' dir='ltr'><strong>snt,</strong></span> <span class='ocrx_word' id='word_1_888' title='bbox 2143 5780 2196 5840; x_wconf 82' lang='lat'><strong>7.</strong></span> <span class='ocrx_word' id='word_1_889' title='bbox 2275 5759 2496 5843; x_wconf 52' lang='lat' dir='ltr'><strong>&quot;&#39;Psal.</strong></span> <span class='ocrx_word' id='word_1_890' title='bbox 2527 5759 2640 5851; x_wconf 57' lang='lat' dir='ltr'><strong>ui,</strong></span> <span class='ocrx_word' id='word_1_891' title='bbox 2670 5785 2726 5840; x_wconf 91' lang='lat'><strong>7.</strong></span> 
     </span>
    </p>
   </div>
  </div>
