3860 6320
225 316 367 374 που

1230 318 1289 374 S.
1332 316 1613 375 ANTONll
1654 318 1723 374 Μ.
1767 315 2061 373 ABBATIS
2102 315 2484 374 EPISTULIE.

3358 318 3493 376 1036

217 428 442 495 erudiit,
490 437 679 485 etnon
720 429 954 500 'rcliquit
1006 443 1102 487 eos
1153 432 1255 488 sibi
1311 435 1599 501 dominari,
1639 436 1814 491 contio
1844 441 1889 495 A
1923 444 2169 491 nostrum
2198 435 2288 505 qui
2325 435 2608 506 religiosus
2637 448 2757 492 esse
2791 437 2956 505 cupit,
3002 447 3228 492 conetur
3252 435 3492 509 elongari

222 522 454 594 nuitque
487 521 634 590 illos,
665 533 722 578 et
747 523 983 594 portavit
1018 539 1180 595 super
1213 525 1336 582 illos
1362 527 1551 598 jugum
1595 529 1807 585 Domini

221 630 422 686 magna
457 615 716 686 puritate.
751 617 932 683 Quare
963 617 1136 674 oculis
1174 619 1287 674 suis
1313 636 1419 676 non
1455 622 1702 691 permisit
1731 623 1812 677 vi-

217 709 353 764 dere
385 709 686 780 quidquam
707 710 854 778 mali,
891 725 1068 782 neque
1098 715 1481 785 concupiscere
1507 715 1805 770 mulierem.

217 801 330 857 Nec
359 817 471 856 non
496 803 720 857 auribus
753 803 867 858 suis
903 804 1096 860 audire
1146 821 1252 861 non
1283 807 1530 876 permisit
1559 824 1811 864 susurra-

220 894 421 956 tiones,
446 906 623 961 neque
669 893 865 948 diaboli
895 893 1146 959 consilia,
1182 904 1276 949 aut
1309 894 1532 961 iniectas
1558 897 1662 952 sibi
1691 897 1808 967 ejus

217 983 602 1054 cogitationes.
645 983 874 1054 Ideoque
899 984 1116 1055 impleta
1149 995 1233 1041 est
1261 989 1327 1042 de
1360 986 1450 1043 illo
1479 985 1760 1056 Scriptura
1789 1003 1804 1040 :

221 1080 397 1133 Aures
441 1087 546 1132 tua:
575 1093 682 1134 non
727 1089 853 1134 sunt
895 1079 1167 1135 inclinata:
1196 1079 1378 1136 verbis
1429 1081 1700 1136 inanibus.
1743 1081 1809 1135 Et

221 1172 338 1226 basc
380 1171 545 1227 verba
595 1171 765 1227 multo
815 1172 987 1242 magis
1040 1171 1191 1227 illum
1235 1172 1530 1228 effecerunt
1578 1173 1805 1229 bonitati

220 1263 434 1321 Christi
475 1265 776 1330 subditum,
832 1274 886 1320 et
918 1265 1212 1336 thymiama
1257 1265 1659 1321 suavissimum.
1713 1264 1805 1322 Ori

219 1372 444 1426 quoque
472 1373 574 1412 suo
607 1357 864 1426 imposuit
896 1372 1068 1422 seras,
1111 1372 1210 1413 nec
1235 1357 1437 1413 dimisit
1474 1357 1602 1412 illud
1630 1358 1808 1413 stulti-

220 1450 311 1506 tiae
342 1462 546 1505 vacare
571 1449 773 1505 verbis.
814 1450 879 1504 Et
912 1463 1104 1504 manus
1132 1463 1260 1505 suas
1289 1449 1562 1504 ordinavit
1587 1449 1652 1502 ad
1679 1464 1808 1518 ope-

212 1543 454 1598 randam
496 1543 615 1598 sine
651 1542 939 1613 tyrannide
984 1556 1150 1613 opera
1192 1542 1395 1612 optima
1443 1557 1564 1598 cum
1596 1544 1807 1599 miseri-

211 1635 404 1689 cordia
439 1642 497 1691 et
532 1635 782 1691 veritate.
836 1632 903 1688 Et
951 1633 1116 1704 pedes
1170 1647 1274 1688 non
1324 1643 1686 1689 cucurrerunt
1738 1633 1804 1690 ad

211 1726 542 1783 effusionem
576 1727 878 1796 sanguinis,
913 1729 1006 1782 sed
1038 1725 1321 1796 diligenter
1351 1737 1708 1797 properarunt
1737 1727 1804 1781 ad

1919 541 1947 580 a
1999 529 2170 582 turbis
2211 536 2266 582 et
2313 527 2535 583 abillis
2586 528 2861 595 recedere,
2895 537 2954 582 ut
3000 529 3069 584 sit
3099 530 3149 584 in
3184 545 3410 601 corpore
3439 543 3497 590 et

1919 619 2085 674 corde
2116 629 2169 673 et
2204 619 2482 676 intellectu
2509 629 2661 674 extra
2689 619 2830 688 vulgi
2864 629 2916 675 et
2935 624 3362 679 conversationis
3378 625 3496 696 ejus

1916 711 2378 780 perturbationes,
2423 713 2678 782 quoniam
2734 713 3066 782 perturbatio
3103 729 3316 784 semper
3355 718 3498 774 inter

1917 803 2166 858 homines
2189 813 2453 860 versatur.
2486 803 2748 860 Dominus
2785 814 2963 862 autem
2988 816 3174 862 noster
3209 808 3385 865 factus
3415 820 3498 866 est

1917 896 2074 952 nobis
2099 897 2379 966 exemplar
2432 898 2792 966 elongationis
2840 909 2894 955 et
2925 900 3254 965 solitudinis.
3307 876 3526 959 ascen:

1916 990 2048 1046 dens
2079 991 2227 1046 solus
2270 993 2322 1046 in
2361 1001 2598 1058 montem
2634 993 2697 1047 ad
2730 995 2993 1048 orandum
3035 996 3283 1050 seorsim.
3315 999 3368 1050 ln
3400 999 3496 1056 de:-

1915 1091 2062 1138 serto
2100 1085 2377 1150 superavit
2412 1085 2683 1140 diabolum
2735 1101 2949 1157 quoque
2993 1101 3116 1140 cum
3182 1087 3274 1143 illo
3306 1090 3497 1146 decer-

1918 1183 2147 1240 tantem,
2195 1191 2296 1230 nec
2331 1190 2462 1232 sane
2511 1178 2777 1246 impotens
2827 1189 2944 1234 erat
2977 1178 3196 1235 vincere
3258 1182 3403 1235 illum
3443 1184 3494 1236 in

1915 1267 2094 1322 medio
2127 1266 2526 1334 multitudinis;
2565 1283 2750 1322 verum
2775 1277 2832 1322 ut
2861 1284 2960 1325 nos
2999 1269 3210 1336 doceat,
3235 1272 3376 1340 quod
3407 1287 3499 1328 so-

1914 1356 2140 1413 litudine
2177 1367 2233 1413 et
2265 1357 2483 1413 silentio
2523 1359 2730 1414 hostem
2758 1361 2993 1428 vincere,
3025 1371 3079 1417 et
3113 1363 3496 1433 perfectionem

1914 1449 2170 1519 consequi
2196 1449 2410 1505 facilius
2436 1450 2731 1506 valeamus.
2759 1451 2888 1507 Item
2918 1454 3173 1509 Dominus
3201 1455 3313 1525 ipse
3343 1472 3495 1510 suam

1913 1543 2139 1613 gloriam
2176 1543 2399 1598 minime
2434 1544 2646 1612 aperuit
2699 1545 2814 1602 suis
2863 1547 3137 1616 discipulis
3178 1564 3358 1602 coram
3395 1551 3496 1603 bo-

1913 1635 2172 1702 minibus,
2228 1638 2323 1692 sed
2376 1644 2670 1709 assumpsit
2699 1657 2816 1707 eos,
2859 1651 2916 1696 et
2957 1644 3199 1697 ascendit
3239 1646 3303 1697 ad
3345 1661 3498 1698 mou-

1916 1735 2043 1790 tem,
2093 1735 2144 1782 et
2186 1719 2421 1784 ostendit
2465 1731 2545 1785 eis
2589 1731 2814 1801 gloriam
2851 1747 3026 1787 suam.
3071 1733 3304 1791 Joannes
3335 1737 3497 1791 etiam

210 1819 435 1876 Domini
471 1819 633 1876 verba
673 1839 687 1875 :
721 1819 826 1884 Qui
881 1818 1236 1888 angariaverit
1267 1829 1316 1872 te
1364 1835 1526 1872 unum
1560 1819 1809 1884 milliare,
1845 1811 1886 1866 Β
1919 1817 2156 1887 Baptista
2188 1817 2290 1875 fuit
2317 1820 2372 1874 in
2398 1821 2616 1878 deserto
2646 1839 2818 1893 usque
2845 1825 2916 1878 ad
2936 1840 3088 1880 suam
3117 1827 3502 1885 inartifestatio-

209 1913 435 1968 ambula
476 1929 596 1968 cum
642 1911 733 1966 illo
763 1913 954 1968 duo".
979 1912 1046 1967 Et
1073 1921 1314 1967 ventrem
1347 1919 1401 1967 et
1432 1921 1620 1982 pectus
1650 1926 1808 1966 suum

208 2007 537 2075 custodivit,
569 1992 636 2062 ne
672 2005 1038 2060 mediantibus
1066 2005 1172 2061 illis
1206 2004 1469 2060 incideret
1513 2017 1677 2074 super
1703 2012 1811 2059 ter-

207 2115 356 2164 ram,
395 2109 652 2169 tanquam
684 2097 850 2154 draco
891 2098 981 2167 qui
1008 2097 1180 2166 serpit
1206 2111 1368 2166 super
1396 2106 1622 2162 terram,
1647 2111 1811 2165 super

205 2201 463 2247 ventrem
512 2197 568 2245 ct
607 2196 794 2258 pectus
821 2203 1003 2243 suum.
1028 2187 1094 2241 Et
1129 2185 1244 2242 haec
1271 2193 1373 2248 est,
1401 2185 1616 2250 fratres,
1673 2186 1810 2242 ratio

205 2282 480 2353 religiosi.
511 2281 588 2336 illi
620 2295 754 2338 vero
781 2279 874 2350 qui
914 2278 1153 2348 religiosi
1187 2293 1292 2334 non
1339 2287 1487 2342 sunt,
1542 2278 1636 2333 sed
1664 2276 1806 2332 dilu-

209 2375 345 2432 culo
378 2382 676 2445 properant
725 2373 792 2428 ad
834 2382 1019 2443 potum
1065 2372 1277 2438 sicerar,
1303 2372 1368 2426 de
1395 2370 1502 2426 illis
1525 2369 1808 2426 audiamus

209 2468 425 2520 dictum
457 2465 735 2534 prophetae
765 2463 995 2519 dicentis
1032 2478 1047 2518 :
1089 2460 1484 2518 Comburuntur
1516 2479 1613 2516 sua
1643 2462 1810 2516 ebrie-

204 2569 318 2614 tate
347 2575 414 2614 ea:
444 2559 584 2625 vino,
603 2569 649 2612 et
677 2557 855 2612 oeulos
885 2573 1011 2612 suos
1046 2558 1174 2612 dant
1199 2557 1268 2610 ad
1291 2557 1594 2627 praebendos
1626 2565 1808 2610 mutuo

208 2653 428 2716 calices,
459 2662 505 2707 et
527 2653 803 2706 comedunt
842 2653 1019 2706 Itwdos
1039 2652 1104 2707 de
1132 2669 1285 2722 grege
1314 2652 1508 2716 ovium,
1544 2660 1592 2705 et
1622 2652 1808 2706 vitulos

203 2747 434 2816 pingues
461 2745 527 2801 de
553 2753 788 2800 armento
804 2745 980 2810 boum,
1005 2755 1054 2799 et
1078 2745 1357 2800 lasciviunt
1388 2746 1441 2799 in
1467 2747 1652 2800 stratis
1679 2745 1806 2798 mol-

204 2839 377 2901 libus,
402 2849 451 2892 et
479 2839 534 2892 in
567 2839 708 2892 omni
737 2839 875 2908 quod
899 2838 1168 2892 materiali
1190 2847 1264 2892 est
1298 2847 1707 2894 consentaneum
1737 2840 1805 2895 ".

210 2930 553 2985 Existimant
589 2940 766 2984 tamen
803 2930 890 2986 isti
939 2945 997 2985 se
1039 2932 1311 3000 sapientes
1357 2945 1496 2996 esse,
1536 2947 1657 2986 cum
1699 2931 1807 2987 sint

205 3025 404 3079 hostes
421 3031 477 3079 et
507 3022 802 3088 dracones;
847 3040 972 3078 nam
1003 3024 1166 3079 draco
1189 3040 1376 3080 eorum
1401 3035 1483 3080 est
1515 3026 1806 3095 magister;

211 3122 272 3165 et
317 3113 674 3184 projecerunt
715 3123 937 3169 ventres
991 3127 1118 3169 suos
1143 3123 1198 3168 et
1226 3123 1442 3184 pectora
1506 3129 1601 3169 sua
1645 3129 1808 3182 super

204 3217 436 3272 terram,
467 3215 718 3275 putantes
737 3220 795 3261 se
813 3205 1103 3276 prudentes
1120 3220 1262 3272 esse,
1281 3215 1338 3261 et
1354 3205 1652 3278 Scriptura:
1670 3208 1810 3278 peri-

204 3307 296 3350 tos
335 3310 500 3365 quam
529 3296 713 3366 inique
749 3295 966 3362 docent,
992 3313 1114 3352 cum
1143 3297 1254 3352 sint
1279 3308 1496 3369 pectora
1534 3299 1804 3356 draconis.

287 3385 495 3440 Sciatis
544 3385 750 3456 itaque,
791 3386 940 3442 filioli
983 3389 1112 3455 mei,
1154 3391 1256 3444 hos
1282 3404 1417 3460 quos
1451 3390 1654 3446 indicat
1683 3407 1809 3462 pro-

203 3480 398 3547 pheta,
430 3493 549 3535 esse
567 3493 818 3534 verarum
841 3481 1192 3537 scientiarum
1221 3489 1275 3536 et
1296 3492 1457 3538 reeta:
1482 3484 1603 3538 fidei
1628 3495 1807 3540 trans-

206 3584 517 3639 gressores,
547 3571 941 3628 introducendo
968 3574 1176 3629 alienas
1204 3574 1570 3644 professiones
1611 3578 1664 3632 in
1690 3576 1806 3632 for-

207 3673 349 3727 tem,
391 3677 459 3719 ac
487 3663 668 3720 stabili
713 3663 834 3720 fidei
861 3665 1206 3722 adversando
1245 3683 1338 3722 sua
1369 3668 1603 3724 instabili
1645 3679 1807 3739 atque

209 3755 468 3810 mendaci
521 3754 647 3819 flde,
697 3765 1006 3812 asserentes
1036 3756 1356 3813 Creatorem
1407 3759 1648 3812 omnium
1686 3772 1806 3814 esse

208 3857 485 3914 creatum,
533 3848 846 3918 ignorantes
901 3849 1071 3904 Deum
1121 3849 1306 3903 omnia
1355 3850 1662 3904 condidisse
1707 3865 1806 3905 suo

213 3939 421 4005 Verbo,
467 3939 625 3995 sicuti
660 3949 893 3996 testatus
923 3949 1009 3995 est
1045 3938 1285 3994 Joannes
1327 3939 1681 4011 evangelism,
1723 3939 1806 3993 di-

151 4103 160 4113 .
209 4045 345 4088 cens
375 4031 446 4086 de
477 4031 570 4088 illo
607 4049 622 4088 :
654 4031 720 4085 In
751 4033 1006 4099 principio
1043 4042 1152 4086 erat
1203 4030 1448 4097 Verbum,
1491 4044 1538 4087 et
1581 4031 1806 4088 Verbum

211 4135 330 4180 erat
385 4125 529 4193 apud
570 4124 760 4193 Deum,
805 4133 855 4179 et
899 4124 1038 4180 Deus
1067 4137 1141 4180 est
1196 4125 1446 4182 Verbum.
1479 4126 1672 4182 Omnia
1715 4143 1808 4196 per

211 4219 386 4287 ipsum
428 4217 569 4286 facta
621 4227 765 4281 sunt,
811 4225 860 4272 et
915 4218 1029 4272 sine
1084 4219 1197 4287 ipso
1227 4219 1425 4286 factum
1465 4229 1539 4272 est
1577 4218 1708 4272 nihil
1736 4219 1802 4274 ⁸³.

211 4309 352 4365 Cum
390 4309 554 4380 igitur
587 4311 660 4364 sit
690 4310 1094 4376 confirmatum,
1126 4311 1308 4364 omnia
1337 4324 1432 4378 per
1464 4310 1637 4378 ipsum
1665 4309 1805 4364 facta

217 4415 362 4464 esse,
401 4401 646 4457 cmlestia
677 4412 732 4457 et
755 4404 1089 4473 _terrcstria,
1128 4402 1360 4457 visibilia
1393 4411 1448 4456 et
1490 4402 1804 4470 invisibilia,

217 4494 379 4552 sicuti
425 4495 744 4550 testificatur
797 4494 928 4550 fides
959 4510 1123 4549 verax
1160 4513 1174 4549 :
1227 4509 1333 4565 qua
1367 4495 1576 4549 ratione
1604 4496 1804 4549 audent

216 4587 307 4643 isti
338 4587 521 4642 dicere
561 4588 626 4641 de
657 4586 770 4651 illo,
802 4588 945 4656 quod
976 4596 1094 4657 post
1129 4586 1384 4641 unionem
1443 4586 1514 4640 sit
1571 4595 1628 4640 ιιι
1661 4602 1802 4641 unus

219 4690 619 4742 creaturarum.
651 4695 716 4734 eo
755 4682 897 4749 quod
946 4693 1143 4749 corpus
1175 4677 1382 4734 Christi
1424 4680 1497 4734 sit
1522 4679 1807 4733 creatum?

219 4773 283 4828 Hi
303 4788 437 4827 sane
471 4780 616 4835 sunt,
654 4771 747 4840 qui
779 4781 967 4841 pectus
994 4771 1175 4826 cordis
1209 4771 1290 4826 sui
1315 4771 1414 4826 sub
1437 4781 1656 4840 pectore
1683 4772 1808 4825 dra-

217 4863 374 4920 conis
406 4863 768 4926 incluserunt,
802 4863 964 4916 sicuti
997 4862 1247 4931 praadixit
1284 4863 1544 4932 propheta
1581 4862 1648 4917 de
1676 4862 1804 4929 illis,

213 4956 359 5029 quod
379 4957 544 5012 draco
567 4956 773 5011 scilicet
793 4971 980 5010 eorum
1012 4965 1228 5025 pectora
1255 4955 1453 5020 premit.
1482 4965 1532 5010 et
1559 4964 1805 5009 ventres.

213 5057 286 5105 At
310 5048 400 5117 qui
418 5055 713 5102 erexerunt
743 5047 1047 5102 intellectus
1072 5060 1223 5113 suos,
1251 5045 1400 5100 filioli
1431 5046 1560 5113 mei,
1584 5059 1615 5099 e
1639 5055 1807 5112 terra,

215 5141 578 5212 suspicientes
635 5140 832 5195 cadum
888 5139 978 5194 ubi
1021 5140 1176 5195 sedet
1229 5138 1478 5195 Christus
1534 5154 1565 5193 a
1620 5141 1810 5195 dextra

218 5235 339 5298 Dei,
371 5243 428 5288 et
457 5233 586 5288 facti
621 5243 746 5287 sunt
769 5243 923 5287 extra
953 5239 1197 5285 ventrem
1225 5240 1280 5285 et
1302 5231 1807 5299 eoncupiscentias;

221 5327 486 5382 Dominus
532 5334 717 5380 noster
743 5324 902 5381 Jesus
932 5324 1159 5394 suscipit
1186 5338 1300 5389 eos,
1341 5331 1397 5378 et
1439 5322 1632 5379 ofl‘eret
1659 5323 1807 5380 Patri

217 5431 320 5474 suo
351 5427 609 5486 tanquam
648 5416 888 5485 pretiosa
927 5415 1177 5484 quaedam
1223 5432 1289 5469 ae
1341 5415 1572 5486 optima.
1604 5416 1812 5482 Quibus

217 5511 474 5580 cognitis,
499 5508 840 5566 dilectissimi
897 5509 1023 5572 mei,
1066 5515 1302 5575 oportet,
1350 5515 1410 5560 ut
1437 5504 1812 5575 unusquisque

304 5713 344 5743 ⁸⁸
379 5710 566 5766 Matth.
604 5725 657 5773 v,
686 5709 774 5767 Μ.

217 5782 314 5847 27,
347 5782 439 5838 28.

851 5711 897 5742 ⁵³
925 5711 1091 5766 Amos
1140 5726 1214 5780 vt,
1241 5710 1358 5767 4-6.

515 5783 558 5816 ⁸⁷
589 5779 732 5838 Psal.
776 5795 883 5849 LVI,
912 5783 966 5837 2.
1043 5783 1090 5814 ⁸⁸
1121 5779 1320 5840 Jercm.
1368 5798 1442 5851 ιιι,
1490 5781 1546 5836 2.

1437 5712 1482 5743 ⁵³
1505 5709 1656 5765 Joan.
1701 5724 1742 5770 ι.
1770 5708 1823 5762 ’5.

1900 5710 1947 5742 ⁸⁸
1979 5711 2173 5769 Ezech.
2223 5729 2298 5780 Ill,
2327 5716 2398 5772 9.3

1625 5782 1669 5813 ”
1698 5781 1844 5837 l’sal.
1875 5797 1946 5847 tv,
1982 5784 2068 5838 10.

1913 1924 2037 1964 nem
2071 1909 2278 1966 Israeli.
2305 1911 2500 1968 Notum
2527 1914 2710 1985 itaque
2731 1917 2884 1971 vobis
2907 1918 2998 1984 sit,
3027 1918 3174 1974 filioli
3207 1920 3334 1986 mei,
3366 1937 3500 1988 mta-

1912 2001 2037 2056 liter
2064 2003 2233 2058 hostis
2262 2015 2445 2060 noster
2487 2022 2585 2062 nos
2631 2017 2786 2079 urget
2815 2007 2928 2062 suis
2957 2012 3124 2067 armis
3175 2013 3498 2067 extrinsecis

1910 2104 1963 2149 et
2005 2097 2367 2166 .intrinsccis,
2431 2100 2532 2156 sibi
2598 2105 2870 2160 ascisccns
2925 2107 3170 2162 homines
3232 2108 3497 2177 quosdam

1913 2197 2164 2258 tanquam
2199 2190 2620 2249 instrumentum
2667 2204 2721 2250 et
2773 2212 2945 2264 arma,
2995 2213 3060 2253 co
3095 2200 3238 2268 quod
3286 2201 3360 2254 illi
3397 2202 3497 2255 ob-

1914 2287 2251 2348 temperant;
2307 2283 2500 2355 hisque
2549 2287 2911 2344 mediantibus
2963 2291 3288 2345 adversatur
3325 2291 3497 2348 fideli-

1911 2369 2058 2424 bus:
2101 2373 2276 2442 qualis
2327 2384 2410 2430 est
2465 2375 2658 2432 mulier
2693 2379 2985 2450 impudica,
3034 2397 3153 2453 qua:
3210 2392 3292 2438 cst
3329 2383 3500 2454 ipsius

1911 2475 2060 2515 arma
2091 2462 2416 2534 fortissima,
2449 2470 2752 2527 extendens
2771 2472 2886 2527 alas
2922 2488 3049 2529 suas
3075 2475 3262 2529 audaci
3295 2475 3496 2532 animo.

1907 2553 2106 2611 Petrus
2135 2573 2350 2629 quoque
2389 2561 2754 2631 apostolorum
2801 2564 3053 2635 princeps
3082 2581 3180 2619 nos
3201 2566 3492 2622 utilitatem

1910 2646 2070 2702 docet
2128 2649 2452 2717 solitudinis,
2481 2653 2747 2724 siquidem
2783 2671 2904 2709 cum
2939 2655 3084 2711 solus
3144 2667 3310 2722 esset,
3361 2657 3496 2712 vidit

1909 2739 2081 2794 ctelos
2098 2751 2315 2810 apertos
2331 2752 2384 2798 et
2410 2743 2632 2800 linteum
2664 2745 3001 2801 descendens
3021 2763 3182 2818 super
3206 2765 3284 2813 se,
3309 2749 3372 2804 de
3393 2763 3501 2820 quo

1911 2833 2177 2890 allocutus
2208 2847 2290 2890 est
2325 2837 2475 2892 illum
2511 2838 2651 2894 Dens
2673 2856 2687 2906 ;
2709 2849 2820 2895 tum
2853 2841 3122 2897 sublatum
3147 2851 3229 2898 est
3265 2843 3496 2898 linteum

1911 2923 1978 2976 ab
2001 2923 2090 2978 illo
2109 2926 2408 2982 ascendens
2437 2927 2490 2982 in
2519 2929 2735 2984 omium.

1981 3015 2103 3072 Pari
2138 3033 2350 3088 quoque
2376 3021 2583 3076 ratione
2617 3021 2868 3082 Ezechiel
2895 3041 3018 3081 cum
3055 3036 3288 3097 quatuor
3313 3028 3488 3083 vidis-

1913 3119 1999 3165 set
2037 3112 2312 3176 animalia,
2343 3124 2580 3184 quatuor
2611 3116 2865 3172 habentia
2908 3119 3100 3181 l‘acies.
3129 3130 3183 3175 et
3219 3131 3358 3176 totas
3385 3122 3501 3193 glo-

1914 3201 2050 3255 riam
2087 3202 2180 3256 Dei
2234 3203 2555 3271 indicantes,
2606 3222 2710 3262 non
2757 3208 2859 3264 fuit
2892 3209 2944 3264 id
2988 3212 3040 3265 in
3071 3211 3290 3280 civitate
3327 3228 3505 3282 neque

1915 3294 2132 3362 Oppido,
2162 3296 2256 3349 sed
2289 3305 2445 3350 extra
2494 3299 2546 3352 in
2575 3313 2707 3368 agro
2737 3317 2748 3354 :
2777 3300 2990 3356 dixerat
3034 3304 3178 3357 enim
3210 3303 3281 3356 illi
3319 3301 3460 3358 Deus
3487 3317 3505 3359 :

1915 3381 2176 3454 Egredere
2199 3387 2252 3440 in
2279 3404 2486 3458 agrum,
2521 3400 2567 3443 et
2608 3390 2682 3444 ibi
2723 3393 2918 3447 videbis
2963 3393 3186 3465 gloriam
3233 3412 3396 3450 meam
3433 3395 3501 3450 ".

1915 3472 1972 3528 In
2008 3491 2221 3530 summa
2268 3477 2484 3548 quidem
2531 3479 2611 3536 ha:
2646 3481 2886 3538 visiones
2937 3492 2994 3538 et
3035 3484 3506 3541 manifestationcs

1915 3582 2256 3638 nequaquam
2287 3573 2492 3628 sanctis
2523 3571 2681 3629 facta:
2707 3585 2855 3642 sunt,
2904 3577 3006 3632 nisi
3057 3577 3109 3632 in
3146 3578 3421 3634 montibus
3451 3587 3506 3634 et

1915 3661 2330 3719 solitudinibus.
2365 3665 2660 3735 Apostolus
2697 3678 2878 3723 autem
2903 3669 3104 3724 Paulus
3132 3670 3342 3725 locutus
3372 3685 3506 3739 quo-

1913 3768 2020 3822 que
2045 3762 2129 3806 est
2155 3753 2222 3808 de
2252 3753 2336 3809 his
2367 3757 2572 3812 sanctis
2596 3772 2900 3828 eorumque
2925 3760 3224 3816 venerabili
3254 3761 3504 3815 instituto

1915 3846 1968 3898 in
1993 3845 2229 3916 Epistola
2269 3848 2336 3902 ad
2370 3845 2622 3905 llebraros
2653 3850 2734 3906 sic
2759 3852 2946 3908 dicens
2982 3872 2994 3907 :
3034 3852 3226 3922 Utique
3251 3853 3500 3906 errabant

1915 3939 1999 3991 isti
2026 3939 2078 3990 in
2118 3941 2399 4004 montibus,
2433 3950 2478 3993 et
2508 3941 2751 4006 desertis,
2793 3955 2840 3997 et
2871 3945 3120 4012 vallibus,
3145 3956 3193 4001 et
3224 3945 3504 4013 speluncis,

1915 4039 1960 4081 et
2001 4029 2205 4097 ﬁssuris
2247 4040 2403 4086 terra:
2432 4031 2502 4084 ".
2537 4020 2800 4088 Similiter
2827 4035 2992 4090 etiam
3019 4049 3354 4105 cognoscens
3377 4051 3505 4106 pro-

1916 4122 2076 4192 pheta
2123 4122 2470 4178 solitudinem
2522 4123 2632 4181 Deo
2666 4125 2906 4196 placere,
2958 4129 3140 4184 dixit:
3178 4127 3390 4183 Bonum
3433 4138 3506 4182 est

1915 4215 2178 4270 hominem
2208 4227 2422 4286 portare
2442 4217 2635 4288 jugum
2672 4219 2889 4275 Domini
2920 4239 2953 4276 a
2978 4225 3230 4292 pueritia,
3265 4232 3312 4276 et
3329 4222 3508 4276 sedere

1914 4307 2086 4360 solum
2113 4309 2193 4372 ⁸⁶;
2223 4316 2277 4362 ct
2307 4308 2383 4361 ait
2408 4308 2572 4362 etiam
2603 4310 2814 4379 psaltes
2842 4313 3008 4366 David
3040 4311 3235 4366 :Solus
3263 4310 3503 4371 manebo,

1915 4399 2079 4453 donec
2101 4410 2336 4455 transeat
2364 4403 2617 4473 iniquitas
2641 4404 2706 4458 ⁸⁷.
2735 4403 3002 4461 Jeremias
3025 4406 3186 4460 etiam
3223 4405 3503 4476 propheta.

1917 4506 2038 4544 cum
2115 4492 2317 4561 optime
2389 4497 2629 4551 novisset
2690 4499 3132 4567 perturbationes
3215 4499 3501 4552 turbarunt

1912 4596 2161 4651 magnam
2195 4580 2389 4638 afferre
2424 4584 2729 4640 molestiam
2777 4587 2844 4641 iis
2871 4586 2963 4658 qui
3003 4587 3112 4642 Deo
3159 4587 3376 4658 placere
3408 4601 3505 4640 cu-

1910 4673 2080 4742 piunt,
2106 4671 2290 4730 dicere
2313 4691 2418 4729 non
2459 4677 2723 4732 abstinuit
2758 4697 2772 4734 :
2809 4679 2940 4746 Quis
2981 4680 3130 4733 dabit
3167 4679 3297 4732 mihi
3335 4677 3509 4732 domi-

1907 4762 2090 4818 cilium
2129 4764 2181 4818 in
2221 4765 2448 4830 deserto,
2496 4777 2552 4820 ut
2599 4767 2834 4838 rejiciam
2887 4788 2919 4824 a
2961 4788 3042 4825 me
3064 4771 3310 4841 populum
3345 4770 3504 4834 hunc,

1909 4865 1958 4908 et
1979 4873 2215 4927 pergam,
2243 4868 2290 4912 et
2316 4858 2469 4930 longe
2493 4862 2592 4914 sim
2621 4864 2684 4915 ab
2713 4862 2804 4915 illo
2831 4863 2910 4917 Im?
2941 4863 3265 4934 Cognoscite
3302 4865 3504 4932 itaque,

1919 4946 2070 5002 filioli
2103 4949 2233 5015 mei,
2267 4950 2525 5007 virtutem
2557 4951 2872 5010 solitudinis
2901 4973 2913 5008 :
2944 4956 3208 5024 siquidem
3246 4952 3507 5008 Dominus

1920 5051 2105 5096 noster
2127 5045 2319 5098 crebra
2353 5058 2451 5100 sua
2509 5045 2797 5103 solitudine
2840 5048 3076 5104 instituit
3108 5047 3262 5104 nobis
3296 5048 3506 5102 firmam

1921 5147 2073 5202 spem
2120 5134 2431 5191 dilectionis
2466 5137 2795 5204 solitudinis,
2843 5141 3132 5196 sicuti‘ait
3179 5141 3344 5198 David
3383 5157 3510 5212 pro-

1919 5226 2079 5294 pheta
2109 5244 2123 5280 :
2159 5227 2258 5294 Tu,
2287 5227 2530 5296 Domine,
2571 5232 2810 5287 habitare
2837 5250 2918 5289 me
2949 5234 3123 5304 fecisti
3159 5235 3214 5288 in
3243 5251 3331 5304 spe
3357 5251 3511 5288 secu-

1921 5335 2010 5374 rus
2034 5322 2104 5374 '9.
2141 5321 2289 5377 Elias
2341 5338 2557 5394 quoque
2601 5326 2866 5395 pmpheta
2921 5327 3258 5400 spiritualcm
3310 5327 3510 5382 tncrnit

1919 5413 2100 5467 cibum
2127 5423 2182 5468 et
2205 5413 2523 5472 alimentum
2560 5417 2628 5472 ab
2674 5421 2911 5490 angelis;
2941 5430 2948 5434 '
2973 5423 3115 5491 quod
3169 5431 3348 5476 tamen
3400 5435 3505 5474 non

1918 5503 2024 5560 fuit
2053 5505 2106 5560 in
2136 5507 2314 5564 medio
2342 5510 2620 5566 turbarum
2656 5527 2830 5583 neque
2866 5513 2919 5568 in
2953 5512 3174 5569 civitate
3217 5523 3308 5568 aut
3338 5511 3500 5583 oppi-.

2495 5715 2542 5747 "
2573 5714 2736 5772 llebr.
2773 5731 2850 5783 ιι,
2902 5717 2989 5771 53.
3069 5716 3116 5747 ⁸⁸
3171 5715 3381 5772 Thrca.
3415 5726 3504 5780 ιιι,
