3860 6316
413 297 555 358 10H

1522 303 1796 360 PATRES
1832 304 2126 361 ASGYPTII
2169 304 2440 363 SA‘JCULI
2479 303 2568 360 IV.

3531 299 3694 357 ιθιθ

412 415 502 476 do,
535 416 628 471 sed
667 422 870 470 tantum
906 415 956 468 in
990 416 1222 471 deserto.
1258 415 1452 472 Omnia
1496 420 1710 487 quidem
1741 435 1862 490 quae
1888 435 1980 475 ae-
2019 439 2063 482 Α
2097 431 2158 476 ιιι
2193 422 2284 476 illo
2313 436 2411 476 vos
2445 427 2610 474 exuat
2641 430 2656 470 :
2689 415 2889 486 quippe
2922 417 3013 484 qui
3061 417 3263 486 optime
3290 417 3438 471 novit
3475 415 3728 528 τοπιιηὶ

411 509 661 563 ciderunt
719 507 942 570 sanctis,
973 521 1039 562 ex
1072 507 1156 562 his
1200 519 1256 562 et
1303 508 1572 564 similibus
1623 511 1691 564 ad
1743 519 1981 565 nostram

409 596 770 655 eruditionem
805 599 1006 668 scripta
1042 609 1190 662 sunt,
1239 608 1297 654 ut
1343 598 1620 655 imitemur
1647 615 1740 658 eos
1770 603 1861 672 qui
1899 603 1984 658 di-

410 689 655 745 lexerunt
682 689 1050 757 solitudinem,
1099 705 1219 761 qua!
1250 706 1349 747 nos
1389 692 1696 750 conducere
1744 693 1885 750 valet
1915 695 1981 751 ad

409 768 692 833 Dominum
725 797 738 834 :
773 781 918 848 quod
951 791 1034 837 est
1064 797 1258 851 magna
1302 782 1630 851 consolatio,
1680 784 1983 840 hominem-

405 862 512 938 que
540 867 838 938 perfectum
881 869 1064 926 eﬂioit.
1107 872 1279 938 Quam
1312 887 1444 928 sane
1490 888 1610 929 cum
1651 875 1867 943 quidam
1895 876 1982 930 di—

405 959 666 1014 lexissent
693 976 758 1016 ex
795 969 906 1017 tota
954 977 1050 1018 sua
1094 964 1296 1020 virtute
1339 973 1395 1020 et
1445 981 1511 1021 ex
1556 975 1669 1021 toto
1705 980 1803 1020 suo
1837 981 1979 1034 esse,

403 1052 584 1121 adepti
631 1061 758 1108 sunt
798 1053 1024 1123 gloriam
1063 1065 1118 1112 et
1158 1056 1362 1122 lumen,
1398 1056 1519 1127 plus
1565 1071 1726 1127 quam
1771 1057 1844 1113 illi
1889 1058 1980 1127 qui

403 1143 647 1200 incolunt
691 1147 939 1202 civitates
972 1157 1027 1203 et
1063 1148 1280 1219 oppida.
1315 1149 1496 1218 Quare
1531 1151 1781 1220 satagite,
1832 1151 1979 1206 filioli

403 1239 510 1292 mei
541 1237 902 1307 dilectissimi,
930 1240 1062 1294 mihi
1095 1240 1146 1294 in
1173 1241 1420 1308 Domino,
1457 1243 1688 1298 stabiliri
1722 1244 1773 1297 in
1813 1242 1898 1297 illa
1924 1252 1982 1298 ut

401 1343 503 1399 par
537 1338 639 1393 est,
677 1339 737 1384 ut
764 1345 861 1386 vos
891 1331 958 1385 ad
991 1331 1084 1387 Dei
1118 1333 1387 1388 conducat
1424 1334 1709 1401 visionem,
1743 1349 1862 1404 qua:
1898 1342 1981 1390 est

403 1421 516 1492 ipsa
548 1421 844 1492 spiritualis
871 1423 1192 1493 speeulatio,
1241 1440 1337 1494 per
1363 1427 1594 1496 gratiam
1629 1425 1840 1480 Domini
1877 1441 1979 1480 no-

399 1511 498 1566 stri
528 1521 584 1567 et
617 1510 710 1566 Dei
741 1514 933 1575 nostri,
973 1522 1028 1568 et
1075 1515 1402 1590 vivificantis
1435 1516 1646 1571 animas
1682 1525 1894 1572 nostras
1923 1524 1980 1571 et

399 1615 626 1671 corpora
654 1611 860 1668 nostra,
897 1601 1024 1658 Jesu
1057 1601 1464 1671 Christi,Verbi
1499 1606 1712 1674 interni,
1738 1608 1825 1662 cui
1859 1605 1976 1662 laus

399 1692 456 1748 in
484 1703 765 1749 aeternum.
801 1692 996 1750 Amen.

910 1784 1242 1843 EPISTULA
1278 1785 1464 1845 XVIII.

1103 1877 1248 1932 Dixit
1279 1895 1297 1933 :

469 1967 700 2036 Scitote,
749 1968 897 2024 filioli
951 1968 1054 2023 mei
1101 1968 1463 2034 dilectissimi,
1511 1969 1648 2038 quod
1693 1971 1759 2024 ab
1800 1970 1973 2034 initio,

395 2063 611 2130 quando
657 2062 835 2117 anima
893 2077 922 2115 a
980 2071 1249 2130 praecepto
1298 2060 1612 2126 declinavit,
1661 2073 1846 2116 exorta
1893 2070 1978 2117 est

393 2151 791 2220 inobedientia;
849 2154 1120 2208 mediante
1191 2167 1295 2222 qua
1353 2151 1716 2208 inobedientia
1787 2168 1975 2210 omnes

391 2242 587 2298 eniture
611 2244 675 2298 ad
705 2245 908 2301 inferos
952 2245 1032 2300 ire
1061 2251 1367 2313 carperent,
1413 2243 1556 2298 sicut
1582 2243 1718 2298 dixit
1743 2245 1974 2314 Aposto-

392 2335 519 2392 lus:
555 2337 708 2402 Quod
753 2353 847 2407 per
886 2338 1111 2406 primunt
1146 2337 1316 2390 Adam
1365 2336 1465 2407 fuit
1504 2353 1644 2390 mors
1675 2337 1740 2391 ⁸⁸.
1796 2336 1974 2402 Quare

392 2426 742 2482 miseratione
769 2437 944 2483 motus
983 2433 1066 2481 est
1105 2425 1245 2480 Deus
1281 2423 1536 2488 Verbum,
1573 2433 1626 2479 et
1658 2424 1974 2479 incarnatus

391 2527 476 2574 est
502 2531 570 2574 ex
600 2520 755 2574 nobis
802 2518 1062 2590 mysterio
1090 2514 1644 2586 incomprehensibili,
1689 2523 1746 2569 et.
1779 2513 1971 2583 imple-

391 2610 471 2665 vit
491 2625 705 2666 omnem
728 2610 1182 2680 dispensationem
1213 2620 1412 2664 nostra:
1441 2607 1726 2673 salutis,et
1751 2607 1973 2661 descen-

390 2701 470 2757 dit
512 2695 579 2756 ad
631 2700 856 2771 inferos,
893 2710 949 2756 et
996 2701 1240 2772 captivos
1289 2700 1408 2756 illos
1434 2699 1594 2763 fecit;
1655 2707 1709 2753 et
1755 2698 1972 2754 reduxit

389 2791 519 2848 inde
575 2807 766 2847 omnes
811 2792 1020 2846 animas
1073 2791 1145 2846 ibi
1196 2791 1467 2856 detentas,
1515 2788 1751 2858 eripiens
1794 2800 1888 2841 eas
1940 2800 1971 2840 a

389 2891 658 2953 potestate
687 2882 886 2938 diaboli
920 2897 1091 2952 usque
1116 2882 1182 2935 ad
1204 2881 1345 2937 diem
1377 2880 1710 2936 tremendum
1735 2876 1925 2948 judicii
1950 2892 1967 2942 ;

388 2983 442 3032 et
464 2976 757 3031 ascendere
785 2973 913 3030 fecit
944 2989 1059 3040 eas,
1088 2973 1212 3044 quia
1240 2982 1431 3043 sponte
1457 2973 1972 3042 obtemperaverunt

400 3077 459 3124 et
479 3067 822 3134 obedierunt,
855 3067 1207 3137 feceruntque
1235 3073 1505 3136 praecepta
1536 3064 1741 3130 divina,
1775 3066 1841 3118 ad
1865 3076 1970 3118 ete-

387 3160 502 3216 lum
543 3160 634 3216 ubi
669 3170 754 3217 est
789 3161 1099 3232 paradisus.
1153 3160 1285 3216 Erat
1337 3167 1518 3215 autem
1559 3173 1725 3214 causa
1777 3171 1966 3213 eorum
1993 3159 2038 3218 C

386 3254 719 3324 ascensionis
749 3256 814 3310 ad
843 3255 1038 3312 caelum
1066 3256 1204 3326 ignis
1235 3253 1542 3319 invisibilis,
1575 3252 1668 3324 qui
1699 3261 1782 3310 est
1813 3251 1964 3308 calor

387 3347 651 3403 bonorum
706 3363 955 3418 operum,
1007 3349 1099 3420 qui
1147 3363 1408 3405 accensus
1457 3356 1542 3403 est
1599 3347 1654 3402 in
1706 3346 1963 3402 cordibus

384 3453 594 3496 eorum.
662 3439 845 3512 Neque
891 3443 1008 3497 hate
1061 3443 1214 3497 vobis
1262 3442 1526 3496 duntaxat
1577 3439 1740 3509 plana
1787 3438 1962 3505 facio;

383 3547 572 3590 verum
601 3543 654 3590 et
681 3535 766 3590 cui
793 3535 988 3590 similis
1015 3535 1088 3590 sit
1119 3535 1236 3590 haec
1258 3535 1442 3590 anima
1484 3533 1538 3589 in
1564 3548 1670 3603 qua
1703 3531 1966 3588 habitavit

387 3625 530 3693 ignis
565 3625 680 3683 Dei.
713 3624 919 3682 Similis
947 3635 1034 3682 est
1073 3625 1159 3682 avi
1199 3625 1410 3680 duabus
1445 3625 1685 3694 praedita:
1719 3624 1818 3678 alis
1846 3623 1967 3692 qui-

393 3718 498 3774 bus
522 3718 687 3786 volat,
712 3727 767 3774 et
793 3733 1005 3775 sursum
1032 3733 1128 3788 per
1154 3718 1277 3772 cmli
1306 3731 1430 3772 aera
1455 3716 1718 3773 elevatur.
1752 3715 1962 3771 Etenim

383 3811 470 3864 avi
499 3824 610 3881 pra:
636 3809 888 3866 omnibus
918 3810 1185 3865 creaturis
1213 3809 1310 3865 alae
1338 3809 1639 3880 peculiares
1663 3810 1823 3880 sunt;
1868 3808 1966 3862 alae

383 3917 516 3958 vero
559 3903 753 3958 animae
798 3901 1027 3957 Domino
1074 3902 1421 3972 obsequentis
1465 3909 1592 3956 sunt
1622 3901 1792 3954 virtus
1825 3899 1965 3970 ignis

386 3992 505 4061 Dei,
540 3993 738 4062 quibus
763 3992 830 4046 ad
861 3991 1056 4048 ctelum
1093 4005 1310 4048 sursum
1344 3990 1530 4046 volare
1558 3989 1722 4045 valet.
1769 3989 1826 4043 Si
1870 4004 1968 4042 au-

386 4094 494 4140 tem
540 4084 626 4139 his
667 4083 907 4139 caruerit
943 4082 1078 4146 alis,
1126 4082 1348 4138 minime
1395 4096 1608 4137 sursum
1657 4079 1858 4136 elevari
1912 4079 1964 4134 in

383 4190 509 4231 aera
543 4175 763 4246 poterit,
801 4189 923 4230 cum
947 4175 1019 4231 sit
1069 4174 1214 4230 illius
1243 4175 1382 4246 ignis
1410 4188 1628 4244 expers,
1663 4171 1966 4242 similisque

381 4269 489 4326 erit
519 4269 607 4326 avi
635 4271 748 4326 suis
773 4268 1002 4339 spoliata
1031 4267 1138 4326 alis
1181 4283 1304 4340 quae
1348 4267 1534 4323 volare
1576 4266 1783 4336 nequit.
1821 4265 1966 4322 Prte-

383 4372 533 4419 terea
574 4361 810 4418 hominis
858 4364 1039 4416 anima
1079 4359 1418 4417 assimilatur
1464 4359 1586 4426 avi,
1643 4374 1766 4415 cum
1817 4357 1966 4414 calur

377 4470 544 4512 causa
572 4456 644 4510 sit
681 4454 798 4525 ejus
841 4453 1179 4511 exsistentize
1213 4453 1267 4509 in
1320 4453 1550 4519 mundo;
1608 4452 1808 4508 etenim
1857 4450 1963 4506 nisi

377 4563 481 4604 ova
511 4562 724 4618 semper
747 4549 865 4604 avis
907 4546 1124 4614 foverit,
1157 4545 1383 4601 minime
1431 4544 1864 4616 producerentur
1893 4545 1961 4598 ab
1995 4525 2038 4580 Ῑ)

378 4639 487 4696 illis
513 4640 644 4709 pulli
691 4640 955 4709 viventes,
1009 4639 1267 4710 quoniam
1311 4653 1502 4695 eorum
1542 4638 1654 4693 vita
1699 4637 1961 4694 exsistere

377 4731 566 4803 nequit
613 4732 718 4789 nisi
762 4731 943 4787 calore
975 4731 1268 4787 mediante.
1317 4731 1428 4786 llac
1461 4739 1643 4786 autem
1691 4730 1758 4785 de
1797 4743 1960 4786 causa

376 4825 456 4880 ait
504 4838 719 4882 sacrum
773 4822 1122 4892 Evangelium
1177 4838 1190 4874 :
1237 4820 1572 4877 Hierusalem
1629 4821 1962 4891 interfectrix

375 4913 770 4981 prophetarum,
801 4921 848 4966 et
877 4911 1170 4980 lapidatrix
1194 4913 1476 4968 missorum
1520 4912 1589 4966 ad
1627 4911 1801 4978 illaut,
1835 4929 1967 4983 quo-

376 5008 472 5062 ties
501 5005 641 5062 volui
667 5020 983 5077 congregare
1004 5005 1147 5076 ﬁlios
1175 5017 1325 5075 tuos,
1357 5007 1517 5062 sicuti
1543 5017 1826 5078 congregat
1856 5009 1967 5062 avis

377 5097 551 5166 pullos
577 5115 702 5154 suos
725 5099 822 5156 sub
848 5099 950 5155 alia
979 5101 1092 5156 suis
1123 5101 1204 5156 “‘2
1233 5100 1369 5157 Cum
1399 5110 1602 5167 autem,
1640 5102 1792 5157 filioli
1837 5102 1965 5166 mei,

382 5189 762 5248 intellexeritis
798 5191 1213 5248 similitudinem
1249 5193 1446 5250 anima:
1495 5193 1608 5250 Deo
1652 5193 1882 5250 addicta;
1913 5204 1970 5250 et

378 5277 748 5349 obsequentis,
800 5282 870 5337 ad
904 5281 1182 5339 volucrem
1224 5283 1380 5355 cujus
1427 5283 1760 5341 exsistentia‘.
1809 5285 1968 5341 radix

375 5375 462 5424 est
488 5366 658 5436 calor,
697 5384 765 5426 ne
806 5369 1138 5442 permittatis
1167 5387 1263 5428 vos
1293 5373 1418 5430 exui
1466 5374 1626 5445 hujus
1668 5375 1806 5446 ignis
1853 5375 1966 5430 vir-

376 5468 495 5517 tute
525 5477 540 5516 :
575 5461 780 5517 etenim
813 5472 1007 5533 parata
1041 5471 1167 5520 sunt
1200 5465 1353 5522 vobis
1380 5467 1682 5523 certamina
1725 5467 1891 5522 multa
1933 5483 1964 5522 a

375 5553 594 5612 diabolo
617 5563 837 5627 propter
859 5556 1007 5613 hunc
1030 5559 1208 5630 ignem
1243 5558 1396 5616 vobis
1425 5575 1454 5615 a
1478 5558 1589 5616 Deo
1612 5576 1954 5626 concessum,

454 5744 501 5778 "
527 5743 548 5800 ι
579 5744 702 5805 ουτ.
731 5762 819 5814 xv,
843 5745 935 5802 2!.

1037 5747 1078 5780 “
1109 5746 1301 5808 Matth.
1335 5765 1489 5817 xxiii,
1514 5751 1598 5806 57.
1680 5751 1724 5784 δ’
1759 5749 1796 5805 ll
1824 5750 1945 5806 Cor.
1984 5768 2056 5820 XI,
2104 5750 2186 5805 ll.

2085 528 2182 568 vos
2218 513 2438 567 minime
2467 511 2761 581 praevalere
2790 524 2970 580 posse,
3006 509 3243 579 quandiu
3274 518 3359 564 est
3388 509 3689 564 vobiscum

2085 603 2174 658 hic
2205 602 2366 673 ignis.

2154 695 2332 762 Quare
2357 695 2604 752 obsistite
2672 693 2772 761 illi,
2813 701 2869 751 et
2900 691 3214 764 cognoscite
3262 691 3406 746 illius
3428 690 3691 760 [phanta-

2084 797 2280 853 smata,
2303 788 2561 856 quoniam
2585 787 2697 843 sub
2715 785 3000 841 dulcedine
3025 799 3180 839 suam
3209 783 3497 837 abscondit
3530 797 3690 836 ama-

2083 879 2404 944 ritudinem,
2443 893 2511 934 ne
2538 889 2814 948 appareat,
2860 875 3174 945 effingitque
3209 875 3366 929 vobis
3404 873 3560 926 varia
3613 888 3686 927 ac

2083 970 2302 1039 pulchra
2326 969 2641 1038 simulacra,
2673 983 2795 1039 qua:
2820 967 3063 1039 profecto
3096 981 3202 1020 non
3237 965 3320 1020 sic
3349 979 3408 1018 se
3439 964 3682 1027 habent,

2084 1071 2142 1114 ut
2165 1059 2388 1115 inclinet
2425 1060 2491 1115 ad
2520 1073 2580 1116 se
2610 1061 2772 1115 corda
2797 1066 2974 1115 vestra
3000 1056 3295 1112 calliditate
3318 1070 3511 1111 verum
3555 1055 3686 1108 imi.

2080 1156 2232 1206 tante
2267 1169 2280 1204 :
2319 1159 2374 1204 et
2402 1151 2515 1206 haec
2537 1151 2752 1220 quidem
2783 1159 2865 1206 est
2890 1163 2982 1204 ars
3014 1149 3182 1219 ipsius
3203 1162 3442 1216 semper,
3471 1147 3681 1201 adver—

2080 1243 2187 1297 sari
2222 1243 2473 1298 videlicet
2528 1252 2640 1298 tota
2684 1257 2786 1298 sua
2833 1241 3035 1295 virtute
3083 1240 3335 1296 omnibus
3377 1239 3683 1292 animabus

2079 1331 2192 1388 Deo
2221 1334 2357 1388 bene
2395 1333 2840 1388 inservientibus.
2871 1330 2984 1387 Nec
3009 1345 3117 1385 non
3146 1331 3344 1385 multas
3390 1344 3458 1386 ae
3488 1331 3682 1385 varias

2078 1425 2360 1494 passiones
2389 1423 2586 1478 anima:
2629 1423 2825 1492 injicit,
2890 1421 2954 1476 ad
3003 1421 3458 1490 exstinguendum
3491 1420 3679 1489 ignem

2077 1514 2227 1570 Ilum
2254 1529 2360 1585 quo
2387 1515 2557 1570 virtus
2585 1514 2857 1569 subsistit:
2879 1513 3149 1584 praecipue
3172 1513 3387 1583 quidem
3422 1512 3680 1582 corporis

2079 1606 2288 1675 requie,
2315 1606 2476 1676 eique
2506 1606 2756 1661 annexis.
2787 1605 2846 1660 Si
2870 1619 3003 1661 vero
3025 1604 3498 1670 animadverterit,
3527 1603 3678 1673 quod

2079 1700 2151 1754 illi
2194 1700 2413 1755 minime
2459 1701 2889 1770 obtemperetur,
2955 1715 3132 1770 neque
3187 1699 3306 1769 ejus
3366 1699 3680 1768 recipiatur

2005 1782 2050 1840 Β
2079 1793 2350 1862 negotium
2385 1791 2435 1846 in
2463 1806 2758 1861 quoquam,
2795 1792 2931 1846 alias
2963 1790 3182 1847 adducit
3209 1789 3541 1844 calliditates
3570 1788 3678 1842 sub

2061 1885 2218 1952 facie
2265 1884 2531 1952 justitize,
2587 1894 2918 1955 apparetque
2970 1883 3022 1938 in
3066 1882 3420 1939 similitudine
3487 1880 3676 1952 angeli

2078 1978 2238 2042 lucis,
2270 1987 2326 2032 ut
2344 1976 2421 2031 ait
2451 1976 2654 2033 Paulus
2690 1977 2966 2047 apostolus
2990 1979 3055 2044 ⁸⁸,
3093 1987 3149 2032 et
3183 1977 3286 2032 alia
3317 1975 3404 2030 his
3429 1974 3676 2042 majora,

2077 2071 2143 2124 ad
2169 2069 2536 2125 inclinandum
2563 2084 2661 2125 cor
2690 2079 2937 2126 nostrum
2964 2071 3031 2126 ad
3070 2084 3151 2127 se.
3199 2068 3255 2124 Si
3293 2076 3477 2124 autem
3514 2066 3674 2120 vide—

2077 2162 2151 2216 rit
2170 2174 2264 2216 eos
2291 2160 2393 2215 sibi
2424 2160 2493 2215 ab
2525 2160 2612 2216 bis
2638 2175 2854 2227 cavere,
2906 2170 2961 2216 et
3001 2161 3224 2216 minime
3251 2174 3316 2216 ea
3344 2157 3658 2226 suscipere,

2077 2269 2179 2310 nec
2214 2255 2266 2308 ei
2293 2253 2515 2310 obedire
2544 2254 2763 2325 penitus
2786 2256 3134 2325 penitusque,
3179 2264 3308 2310 tunc
3355 2253 3567 2309 recedit
3595 2253 3668 2306 ab

2076 2347 2182 2401 illis
2210 2345 2487 2413 confusus,
2519 2355 2575 2402 et
2599 2355 2712 2401 tum
2755 2346 3021 2402 habitabit
3045 2348 3097 2402 in
3129 2347 3233 2402 illis
3263 2345 3508 2416 Spiritus
3537 2346 3664 2401 Dei.

2077 2439 2213 2494 Cum
2269 2449 2450 2494 autem
2506 2438 2836 2495 habitaverit
2881 2442 2933 2496 in
2974 2439 3082 2495 illis
3129 2439 3367 2510 Spiritus
3409 2437 3529 2503 Dei,
3569 2452 3665 2491 re-

2074 2529 2363 2601 quiescere
2406 2543 2500 2585 eos
2527 2529 2692 2586 faciet
2721 2531 2774 2585 in
2801 2531 3055 2586 omnibus
3083 2544 3269 2586 eorum
3295 2529 3575 2599 operibus,
3607 2537 3668 2584 et

2073 2623 2250 2679 dulcis
2287 2623 2532 2678 redditur
2561 2623 2664 2678 illis
2689 2623 2925 2692 portatio
2943 2622 3054 2695 jugi
3081 2624 3374 2690 Dei,sicuti
3397 2624 3664 2692 scriptum

2073 2726 2157 2771 est
2185 2717 2238 2770 in
2269 2716 2563 2787 Evangelio
2596 2734 2610 2771 :
2641 2715 2858 2770 Portatc
2879 2719 3068 2786 jugum
3099 2732 3269 2770 meum
3295 2731 3452 2783 super
3476 2731 3562 2769 eos
3589 2713 3661 2770 ⁸³.

2073 2810 2138 2863 Et
2163 2808 2470 2864 efﬁciuntur
2501 2810 2716 2880 penitus
2755 2809 3052 2875 indefessi,
3097 2819 3204 2864 tam
3245 2809 3300 2864 in
3339 2808 3666 2864 exercendis

2072 2901 2384 2966 virtutibus,
2411 2916 2576 2972 quam
2623 2902 2679 2956 in
2722 2901 3086 2958 ministrando
3117 2914 3173 2958 et
3213 2902 3268 2958 in
3305 2902 3510 2970 vigiliis
3548 2915 3655 2954 no-

2071 2994 2309 3061 cturnis;
2371 3009 2549 3064 neque
2597 2995 2905 3050 irascentur
2972 2995 3242 3050 humanas
3295 2994 3368 3049 ob
3403 2993 3657 3062 injurias,

2073 3100 2172 3142 nec
2215 3085 2440 3141 omnino
2504 3085 2780 3140 hominem
2825 3085 3092 3142 timebunt
3141 3095 3238 3140 aut
3273 3085 3504 3141 bestiam
3563 3093 3659 3138 aut

2072 3176 2394 3232 charttatem
2470 3184 2568 3230 aut
2629 3180 2816 3247 genios
2857 3194 2870 3232 :
2911 3176 3347 3246 quandoquidem
3405 3173 3658 3245 gaudium

2074 3267 2288 3322 Domini
2322 3281 2444 3322 cum
2490 3267 2602 3322 illis
2635 3277 2714 3322 est
2756 3277 2916 3324 noctu
2962 3269 3183 3337 diuque,
3229 3278 3286 3324 et
3327 3274 3488 3336 auget
3539 3266 3659 3322 illo-

2074 3373 2195 3414 rum
2231 3358 2562 3425 intellectus,
2619 3367 2676 3414 et
2718 3361 2815 3414 alit
2849 3374 2964 3415 eos.
2998 3359 3274 3429 Siquidem
3327 3361 3428 3416 hoc
3460 3360 3658 3430 gaudio

2071 3449 2250 3504 anima
2280 3464 2495 3519 semper
2521 3451 2718 3506 crescit
2747 3459 2801 3505 et
2824 3460 3183 3521 praeparatur,
3216 3460 3268 3506 et
3310 3465 3375 3505 eo
3404 3450 3654 3504 ascendit

2072 3541 2126 3597 in
2159 3543 2355 3598 emlum
2386 3559 2402 3610 ;
2433 3543 2888 3614 quemadmodum
2917 3544 3166 3614 corporis
3210 3543 3555 3598 subsistentia
3601 3551 3656 3596 et

2071 3632 2337 3688 stabilitas
2367 3642 2451 3689 est
2474 3632 2747 3706 mediante
2768 3647 2908 3703 pane
2934 3643 2991 3689 et
3022 3647 3185 3702 aqua,
3239 3634 3352 3688 sive
3383 3633 3468 3688 bis
3497 3633 3650 3687 simi-

2072 3725 2210 3781 libus
2245 3740 2276 3780 a
2327 3727 2593 3797 principio
2641 3740 2814 3798 usque
2855 3727 2923 3782 ad
2981 3726 3142 3782 linem
3199 3725 3336 3797 ejus.
3393 3725 3652 3782 Videmus

2071 3816 2217 3872 enim
2252 3831 2478 3886 puerum
2505 3818 2900 3877 incrementum
2947 3819 3224 3889 suscipere
3266 3817 3405 3873 lacte
3441 3817 3652 3882 matris,

2075 3919 2184 3965 tum
2219 3925 2343 3967 esca
2368 3912 2612 3978 humida,
2659 3914 2878 3968 tandem
2929 3927 3256 3984 quocunque
3305 3913 3446 3983 quod
3481 3911 3558 3966 illi
3598 3912 3652 3966 in

2072 4001 2190 4058 dies
2216 4004 2491 4072 occurrit;
2521 4013 2577 4060 et
2597 4007 3008 4071 corroboratur,
3039 4006 3370 4061 etaudacius
3391 4019 3486 4060 cor
3513 4004 3653 4060 illius

2074 4091 2128 4148 in
2161 4093 2344 4150 hostes
2370 4095 2472 4150 sibi
2510 4096 2838 4152 obsistentes
2881 4095 3129 4152 efﬁcitur.
3166 4096 3221 4153 Si
3271 4106 3446 4153 autem
3477 4096 3652 4150 corri-

2073 4184 2221 4254 pitur
2247 4186 2436 4242 morbo
2469 4186 2674 4259 aliquo,
2725 4189 3130 4259 impediturque
3176 4203 3245 4244 ne
3282 4189 3491 4254 alatur;
3541 4197 3651 4242 tum

2074 4277 2370 4346 przevalent
2396 4277 2660 4336 adversus
2705 4295 2828 4337 eum
2878 4281 3060 4336 hostes
3091 4281 3343 4336 omnibus
3387 4295 3453 4336 ex
3483 4279 3652 4349 parti-

2074 4369 2198 4436 bus,
2227 4380 2281 4426 et
2309 4370 2533 4427 vincunt
2560 4372 2752 4440 illum;
2789 4387 2892 4428 nec
2929 4372 3132 4442 poterit
3159 4371 3418 4440 consequi
3443 4371 3652 4426 sanita-

2076 4468 2184 4515 tem
2219 4474 2249 4515 a
2274 4461 2464 4516 morbo
2489 4470 2584 4516 aut
2622 4461 2845 4517 vincere
2876 4461 3085 4524 hostes,
3118 4459 3224 4516 nisi
3259 4456 3650 4513 consuetudine

2066 4558 2123 4603 et
2149 4563 2277 4604 cura
2309 4548 2528 4606 medici.
2581 4548 2674 4606 Sic
2703 4550 2942 4606 hominis
2971 4549 3176 4615 anima,
3233 4548 3334 4603 nisi
3387 4547 3480 4601 Dei
3521 4561 3652 4616 gau-

2068 4639 2216 4694 dium
2254 4639 2328 4694 illi
2352 4640 2505 4708 insit,
2538 4639 2928 4706 inlirmabitur,
2958 4649 3014 4693 et
3040 4638 3184 4692 mala
3217 4637 3269 4691 in
3303 4635 3522 4688 vulnera
3566 4636 3648 4688 iu-

2068 4731 2217 4786 cidit.
2249 4730 2306 4787 Si
2337 4746 2466 4788 vero
2495 4746 2745 4802 qnazrcre
2769 4733 3060 4789 conabitur
3101 4730 3372 4785 hominem
3418 4729 3646 4796 aliquem

2065 4823 2158 4880 Dei
2193 4824 2502 4880 ministrum
2525 4825 2828 4895 spiritualis
2865 4825 3098 4895 peritum
3136 4822 3436 4885 medicinte,
3469 4821 3647 4890 illique

2067 4915 2394 4983 adhaerebit;
2441 4917 2489 4972 is
2541 4916 2688 4972 illam
2722 4916 2957 4986 primum
2991 4915 3204 4970 sanabit
3232 4930 3262 4968 a
3291 4913 3642 4984 passionihus,

2069 5009 2375 5079 iterumque
2420 5017 2689 5081 resurget,
2724 5021 2954 5078 eamque
2994 5007 3088 5064 Dei
3123 5021 3286 5061 causa
3323 5004 3551 5068 erudiet,
3591 5013 3645 5058 et

2068 5102 2333 5158 obtinebit
2357 5103 2612 5173 gaudium
2643 5102 2776 5159 illud
2828 5101 2972 5172 quod
3003 5108 3087 5158 est
3123 5100 3267 5154 illius
3295 5099 3641 5160 alimentum;

2068 5204 2180 5250 tum
2212 5209 2342 5251 vero
2368 5195 2618 5252 hostibus
2660 5193 2933 5251 obsistere
2969 5191 3168 5265 poterit
3213 5190 3303 5262 qui
3335 5198 3460 5244 sunt
3485 5190 3643 5258 spiri-

2070 5297 2155 5344 tus
2203 5288 2357 5356 mali,
2407 5303 2609 5358 eosque
2637 5287 2922 5356 superabit
2969 5294 3026 5342 et
3069 5282 3410 5341 conculcabit
3462 5295 3641 5336 eorum

2066 5381 2315 5450 consilia,
2343 5390 2396 5437 et
2423 5381 2621 5452 gaudio
2656 5380 2997 5450 perficietur.

2135 5473 2288 5530 Nunc
2317 5476 2518 5546 itaque,
2563 5473 2904 5530 dilectissimi
2942 5471 3071 5539 mei,
3108 5485 3234 5527 cum
3258 5471 3362 5525 hoc
3387 5480 3642 5538 cognove-

2066 5566 2206 5632 ritis,
2231 5577 2418 5624 cavete
2446 5582 2475 5622 a
2518 5567 2644 5622 mali
2674 5565 2877 5623 diaboli
2911 5564 3192 5631 consiliis;
3244 5575 3370 5618 nam
3407 5561 3554 5617 venit
3591 5561 3641 5622 in

2268 5752 2310 5784 εδ
2353 5749 2541 5807 Matth.
2593 5765 2670 5817 xi,
2728 5748 2817 5804 29.
