3860 6352
256 357 404 417 1039

1251 351 1311 412 S.
1353 352 1631 411 ANTONll
1670 353 1740 411 Μ.
1780 349 2076 411 ABBATlS
2113 351 2496 445 EPlSTOLAE.

3377 347 3521 411 £050

255 478 432 546 ﬁgura
460 472 685 530 veridici
711 442 776 527 ad
801 471 1172 542 decipiendum
1207 482 1260 527 et
1295 473 1676 531 seducendum.
1701 474 1834 531 Cum
1865 478 1912 534 Α
1941 488 2030 528 res
2063 442 2453 544 apparentibus
2477 468 2707 526 artibus.
2751 467 2941 525 Simile
2978 481 3110 524 sane
3145 465 3396 525 evenient
3436 469 3525 524 his

252 577 442 622 autem
487 564 700 619 venerit
731 563 797 618 ad
831 579 927 619 vos
962 563 1014 618 in
1061 563 1417 620 similitudine
1453 564 1630 635 angeli
1679 563 1836 630 lucis,

251 658 431 716 nolite
479 658 554 712 illi
612 657 839 712 credere
880 665 975 712 aut
1022 657 1274 719 obedire;
1327 658 1594 727 siquidem
1651 657 1836 712 ﬁdeles

250 752 442 806 causis
495 749 882 819 apparentibus
931 747 1258 818 aucupatur.
1299 748 1400 815 Qui
1445 757 1622 805 autem
1663 749 1839 806 adhuc

249 841 485 912 perfecti
522 855 625 894 non
651 848 798 907 sunt,
830 839 1085 908 ignorant
1131 840 1227 896 has
1258 841 1456 897 diaboli
1493 841 1837 908 calliditates,

246 944 306 987 et
338 949 404 988 ea
430 948 553 1002 qua:
593 932 701 987 illis
748 943 1008 1001 perpetuo
1055 932 1258 1002 injicit;
1319 935 1540 1004 perfecti
1601 950 1729 988 vero
1775 948 1838 988 ea

247 1031 615 1093 cognoscunt,
683 1022 1138 1091 quemadmodum
1201 1021 1278 1076 ait
1329 1022 1621 1092 Apostolus
1655 1041 1668 1078 :
1702 1020 1839 1077 Esca

249 1115 412 1184 [ortis
444 1113 791 1182 perfectorum
818 1125 916 1179 est,
941 1115 1032 1180 qui
1054 1115 1366 1168 ordinarunt
1389 1131 1572 1168 sensus
1601 1131 1763 1181 suos;
1789 1123 1842 1170 et

249 1209 397 1261 vires
429 1222 556 1259 suas
583 1205 718 1277 (‘21),
762 1215 810 1259 et
842 1217 1188 1275 cognoverunt
1226 1207 1590 1260 discretionem
1629 1206 1748 1260 boni
1778 1223 1841 1260 ac

248 1300 387 1351 mali
409 1298 477 1352 “.
514 1297 630 1352 Hos
650 1298 792 1352 enim
824 1298 1011 1366 nequit
1039 1298 1210 1352 hostis
1239 1297 1495 1353 seducere
1523 1316 1536 1352 :
1564 1305 1619 1353 at
1658 1297 1841 1353 fideles

248 1391 351 1461 qui
381 1391 560 1445 adhuc
606 1390 826 1460 perfecti
871 1408 975 1446 non
1017 1403 1166 1459 sunt,
1213 1373 1426 1460 sibique
1476 1389 1700 1445 minime
1747 1405 1840 1444 ca-

251 1490 416 1547 vent,
442 1495 540 1534 sua
569 1481 799 1550 decipiet
836 1484 986 1537 suavi
1015 1495 1160 1547 esca,
1191 1497 1497 1552 quanquam
1523 1481 1705 1537 suavis
1733 1495 1839 1537 non

249 1571 352 1636 sit,
409 1585 614 1640 eosque
660 1571 840 1626 trahet
910 1571 1364 1641 quemadmodum
1421 1570 1586 1625 trahit
1637 1570 1838 1640 piscem

250 1661 504 1730 piscator
547 1676 672 1716 esca
731 1662 980 1717 obvelato
1031 1663 1176 1717 hami
1240 1663 1461 1734 cuspide
1497 1682 1510 1718 :
1543 1678 1718 1733 eaque
1773 1665 1841 1720 de

251 1767 428 1808 causa
465 1751 632 1822 piscis
665 1751 877 1822 ignorat
916 1753 1132 1808 hamum
1181 1767 1307 1808 esca
1347 1754 1653 1809 obvelatum
1685 1768 1836 1816 esse;

1939 565 2010 621 ob
2049 563 2299 620 ﬁduciam
2361 564 2463 620 sibi
2513 563 2798 628 adscitat’n,
2840 570 2896 617 et
2935 575 3003 616 eo
3048 560 3192 632 quod
3227 570 3524 631 operantur

1939 658 2237 712 secundum
2287 657 2619 712 voluntatem
2665 654 2846 710 cordis
2900 653 3026 717 sui,
3073 667 3170 708 sua
3235 651 3525 719 implentes

1939 750 2230 817 desideria,
2265 752 2486 806 minime
2511 750 2965 818 obtemperantes,
2989 759 3166 815 neque
3206 743 3522 799 obedientes

1938 843 2051 900 suis
2079 843 2342 914 patribus.
2375 841 2513 897 Hinc
2537 839 2784 895 diabolus
2816 837 3026 893 inducit
3054 837 3133 892 eis
3156 835 3257 890 has
3281 834 3519 888 visiones

1939 941 1994 989 et
2026 934 2425 1003 phantasmata,
2453 939 2506 986 et
2533 937 2790 999 operatur
2817 929 2868 982 in
2912 927 3019 982 illis
3062 927 3372 996 superbiam
3399 938 3522 980 cor-

1940 1026 2047 1091 dis,
2085 1039 2384 1096 suggerens
2413 1021 2520 1078 illis
2542 1031 2702 1078 noctu
2721 1021 2931 1077 somnia
2965 1035 3082 1090 quae
3107 1017 3412 1074 veriﬁcabit
3437 1017 3522 1072 eis

1940 1117 2053 1181 diu,
2090 1126 2149 1170 ut
2182 1114 2545 1185 decipiantur.
2583 1112 2696 1168 Nec
2723 1114 2838 1169 haec
2861 1113 3156 1178 duntaxat;
3193 1110 3284 1166 sed
3317 1110 3523 1165 inducit

1940 1209 2020 1264 eis
2073 1207 2236 1262 etiam
2285 1205 2489 1260 lumina
2542 1217 2726 1270 noctu,
2776 1203 2850 1259 ita
2889 1213 2949 1258 ut
2996 1202 3368 1258 illuminentur
3403 1201 3563 1264 loca_

1939 1315 2160 1366 eorum;
2206 1307 2262 1356 et
2311 1297 2686 1369 hujuscemodi
2723 1311 2885 1367 quam
2927 1295 3158 1366 plurima
3211 1293 3362 1360 facit,
3419 1307 3521 1348 nec

1942 1403 2048 1444 non
2073 1388 2248 1459 signa,
2290 1402 2410 1456 quae
2456 1387 2544 1442 hic
2585 1385 2853 1442 adducere
2887 1399 2992 1440 non
3027 1399 3312 1455 possumus
3346 1398 3523 1452 neque

1940 1477 2150 1544 singula
2184 1492 2434 1533 exarare.
2477 1477 2608 1545 Quae
2649 1477 2865 1547 quidem
2905 1475 3089 1531 omnia
3138 1485 3412 1546 operatur,
3465 1483 3523 1530 ut

1939 1585 2094 1639 aequo
2147 1570 2258 1624 sint
2293 1569 2496 1632 animo,
2528 1569 2928 1633 [existimantes
2971 1584 3092 1625 eum
3125 1584 3244 1625 esse
3273 1568 3521 1639 angelum

1939 1661 2060 1729 Dei,
2088 1661 2308 1716 etillum
2340 1662 2756 1729 amplectantur.
2790 1660 2924 1716 Cum
2959 1671 3136 1716 autem
3167 1659 3317 1716 illum
3347 1675 3523 1716 susce-

1942 1754 2120 1825 perint
2145 1755 2246 1809 hac
2276 1754 2508 1818 ratione,
2555 1753 2677 1810 illos
2719 1753 3027 1824 praecipites
3063 1754 3174 1824 agit
3218 1755 3286 1808 ab
3333 1768 3523 1808 eorum

253 1844 392 1898 hinc
447 1821 771 1912 acceditpet
813 1859 994 1900 escam
1049 1845 1296 1916 deglutit,
1337 1855 1390 1902 et
1437 1845 1593 1903 facile
1632 1849 1843 1918 capitur
1871 1821 1916 1877 Β
1945 1821 2251 1911 altitudine,
2287 1846 2447 1901 sicuti
2500 1821 2739 1902 diximus
2783 1847 2850 1902 de
2888 1821 3028 1899 casu
3075 1821 3289 1898 illarum
3318 1845 3521 1906 avium,

252 1935 395 1990 cito.
435 1933 614 2000 Quare
649 1935 934 2006 intelligite
962 1935 1082 2004 hoc,
1136 1937 1278 2007 quod
1317 1940 1360 1992 si
1408 1939 1570 2009 piscis
1601 1941 1847 1994 novisset

249 2043 315 2083 se
345 2042 412 2081 ea
441 2041 566 2082 esca
586 2027 903 2095 capiendum
929 2043 1074 2092 esse,
1094 2027 1280 2096 procul
1310 2030 1471 2084 dubio
1503 2030 1648 2084 illam
1700 2029 1843 2098 fuge-

249 2128 362 2187 ret,
398 2128 456 2176 et
486 2135 827 2190 nequaquam
859 2120 908 2173 ci
933 2121 1236 2176 accederet.
1280 2119 1405 2174 Pari
1437 2121 1650 2191 quidem
1678 2121 1842 2176 ratio-

249 2228 323 2267 ne
343 2211 696 2281 imperfectos
729 2211 934 2279 ﬁdeles,
962 2220 1021 2267 ut
1045 2212 1301 2278 diximus,
1324 2223 1623 2284 aucupatur
1645 2216 1838 2280 hostis,

249 2305 444 2359 causis
476 2319 608 2358 vero
643 2303 783 2358 haud
825 2303 1184 2371 absimilibus,
1235 2314 1293 2360 ut
1336 2308 1534 2362 asserit
1581 2307 1842 2364 Salomon

246 2396 481 2466 sapiens
511 2413 523 2450 :
553 2393 832 2450 Invenitur
861 2396 1070 2466 quidem
1117 2399 1199 2451 via
1228 2415 1345 2468 qua:
1372 2409 1514 2453 recta
1551 2417 1662 2456 esse
1689 2411 1842 2471 puta-

247 2498 380 2552 tur;
437 2487 778 2541 novissimum
830 2504 949 2542 vero
1004 2489 1116 2559 ejus
1161 2489 1402 2544 conducit
1437 2492 1506 2544 ad
1542 2491 1738 2560 inferos
1774 2493 1838 2547 ⁵⁵.

249 2578 534 2648 Scriptum
571 2579 733 2632 etiam
761 2588 843 2634 est
876 2579 930 2633 in
959 2581 1125 2635 Amos
1168 2581 1424 2651 propheta
1451 2599 1466 2637 :
1496 2581 1676 2646 Amos,
1709 2585 1839 2653 quid

251 2669 394 2739 facis
443 2666 694 2734 hicIQui
750 2669 1065 2736 respondit:
1105 2667 1264 2724 Video
1308 2677 1416 2725 rete
1439 2671 1749 2724 instructum
1774 2673 1843 2725 ad

249 2758 541 2826 capiendas
563 2757 796 2812 volucres
831 2757 899 2811 ⁶⁰.
947 2756 1145 2813 Notum
1189 2770 1372 2814 autem
1421 2767 1504 2814 est
1555 2774 1732 2825 avem,
1775 2762 1845 2816 ob

253 2849 514 2906 timorem
552 2863 620 2904 ne
658 2849 907 2919 capiatur
957 2848 1012 2904 in
1051 2859 1218 2914 terra,
1255 2850 1307 2904 in
1358 2865 1484 2905 aera
1539 2851 1760 2917 elevari,
1789 2863 1845 2906 et

252 2951 478 2997 struere
503 2939 604 2996 sibi
631 2940 998 2996 habitaculum
1044 2941 1096 2996 in
1141 2942 1421 2998 altissimis
1465 2942 1602 2998 locis
1646 2946 1713 2999 ad
1759 2959 1844 2998 re-

252 3034 440 3105 quiem
468 3041 523 3089 et
545 3034 887 3100 accubitum;
913 3043 967 3089 et
994 3033 1076 3090 sic
1113 3035 1386 3090 dormiens
1418 3037 1538 3092 sine
1558 3051 1689 3090 cura
1718 3037 1840 3101 erit,

253 3140 379 3179 cum
404 3124 589 3181 nullus
611 3127 678 3181 ad
696 3125 840 3181 illam
865 3127 1146 3195 pervenire
1172 3139 1265 3182 aut
1293 3143 1414 3184 eam
1444 3142 1640 3198 capere
1654 3129 1841 3198 possit.

257 3218 742 3274 Verumenimvero
818 3229 1127 3276 venatorem
1203 3229 1380 3277 astute
1442 3235 1638 3290 agere,
1680 3230 1735 3276 et
1791 3222 1841 3276 in

255 3325 379 3366 eam
415 3311 724 3367 machinari
753 3311 1019 3379 videmus,
1051 3313 1142 3383 qui
1173 3316 1395 3371 veniens
1421 3317 1523 3370 sub
1566 3316 1685 3371 loca
1728 3315 1843 3384 ejus

258 3405 432 3459 tendit
461 3404 508 3461 ei
538 3412 673 3471 rete,
724 3414 779 3461 et
821 3420 1002 3461 escam
1036 3407 1296 3474 ostendit,
1354 3421 1584 3477 eamque
1617 3409 1686 3462 ob
1713 3423 1843 3463 cau-

257 3511 374 3551 sam
405 3497 741 3553 descendere
768 3496 912 3552 illam
942 3497 1075 3554 facit
1105 3499 1175 3554 ab
1202 3498 1486 3553 altitudine
1533 3498 1647 3564 illa,
1702 3513 1844 3553 eam-

255 3603 365 3658 que
402 3598 730 3659 aucupatur.
785 3589 1051 3645 Similiter
1094 3589 1226 3646 facit
1263 3591 1528 3657 diabolus,
1568 3605 1844 3662 aucupans

257 3679 452 3736 ﬁdeles
484 3681 829 3749 imperfectos
851 3681 964 3738 suis
990 3681 1378 3738 ealliditatibus
1408 3697 1538 3737 vero
1571 3699 1679 3738 non
1703 3684 1846 3737 absi-

258 3773 499 3840 milibus,
535 3789 844 3845 quanquam
876 3784 1055 3830 tamen
1086 3791 1188 3830 non
1225 3777 1298 3829 ita
1330 3791 1450 3831 sese
1489 3777 1748 3841 habeant,
1787 3787 1842 3831 et

258 3864 566 3933 prtecipites
598 3878 692 3918 eos
716 3863 828 3934 agit
851 3865 917 3920 de
949 3864 1162 3920 illorum
1194 3864 1535 3919 celsitudine.
1589 3862 1701 3919 Hac
1728 3866 1843 3934 ipsa

260 3953 472 4008 ratione
497 3954 647 4018 lecit,
671 3970 793 4009 cum
822 3970 943 4012 sese
972 3956 1071 4010 sub
1103 3963 1352 4024 serpente
1391 3955 1604 4020 celavit,
1631 3965 1685 4010 et
1711 3957 1846 4011 dixit

260 4044 387 4099 Eva:
421 4044 526 4100 :Si
574 4045 900 4100 camederitis
946 4047 1010 4100 ab
1050 4047 1258 4113 arbore,
1311 4049 1388 4102 dii
1435 4049 1748 4118 e/ﬁciemini,
1797 4060 1844 4105 et

259 4138 566 4205 aperientur
597 4137 735 4192 oculi
788 4139 945 4193 vestri
979 4139 1050 4194 ⁸⁷.
1103 4139 1228 4194 Eva:
1284 4153 1462 4196 autem
1511 4142 1597 4197 his
1645 4143 1846 4198 auditis

258 4228 444 4283 verbis
467 4228 784 4285 inclinatum
827 4238 915 4285 est
962 4245 1056 4286 cor
1095 4231 1159 4286 ad
1211 4231 1387 4298 illum,
1435 4241 1492 4287 et
1538 4234 1746 4303 putavit
1795 4234 1847 4288 id

258 4336 452 4376 verum
475 4337 616 4386 esse,
640 4333 924 4392 propterea
953 4323 1095 4392 quod
1121 4323 1187 4378 de
1213 4323 1315 4378 hoc
1341 4338 1444 4378 non
1475 4325 1842 4394 investigarit.

260 4415 333 4470 At
358 4429 482 4469 cum
515 4414 862 4481 comedisset,
915 4424 970 4470 et
1014 4419 1300 4471 comedere
1336 4417 1655 4486 przebuisset
1695 4418 1844 4484 Atlas,

1945 1949 2167 2008 propter
2203 1937 2452 2007 spiritum
2505 1937 2772 2007 superbia:
2823 1931 3050 2006 qui-illis
3076 1933 3381 1990 dominatus
3418 1949 3522 1990 est.

1944 2030 2012 2084 Et
2045 2040 2102 2084 ut
2127 2031 2228 2086 sibi
2259 2031 2624 2101 persuadeant
2658 2047 2718 2086 se
2747 2045 2973 2100 magnos
3001 2035 3056 2083 et
3100 2027 3365 2099 gloriosos
3392 2026 3524 2082 eli‘e-

1943 2132 2062 2178 ctus
2087 2138 2210 2178 esse
2251 2123 2306 2178 in
2337 2124 2528 2193 spiritu
2561 2140 2672 2195 pra:
2722 2123 2928 2188 multis,
2959 2127 3135 2184 curat,
3178 2134 3276 2176 nec
3322 2121 3526 2175 addunt

1945 2213 2059 2268 suis
2085 2213 2310 2268 obedire
2350 2215 2628 2284 patribus;
2661 2224 2716 2270 et
2742 2214 2994 2284 impletur
3013 2214 3079 2267 de
3105 2212 3209 2266 illis
3230 2211 3522 2280 scriptura,

1943 2306 2086 2373 quod
2121 2306 2232 2360 sint
2279 2307 2481 2362 racemi
2522 2305 2780 2362 ﬂorentes
2821 2305 3034 2372 acerbi;
3070 2309 3126 2360 et
3165 2320 3222 2359 re
3275 2318 3405 2358 vera
3443 2303 3522 2358 ita

1944 2404 2071 2450 sunt
2103 2411 2118 2452 :
2149 2397 2349 2466 quippe
2408 2394 2656 2454 doctrina
2703 2396 2920 2453 Patrum
2971 2397 3138 2453 ardua
3196 2395 3303 2451 illis
3335 2393 3525 2450 eﬁecta

1944 2497 2046 2554 est,
2080 2503 2146 2543 eo
2175 2489 2318 2559 quod
2346 2497 2606 2560 putarunt
2632 2505 2693 2546 se
2713 2490 2825 2562 jam
2854 2491 3036 2547 omnia
3065 2489 3306 2545 novisse.

2015 2580 2216 2648 Quare,
2273 2581 2420 2638 ﬁlioli
2457 2583 2561 2638 mei
2604 2583 2892 2651 benedicti,
2935 2585 3216 2655 intelligite
3251 2596 3372 2653 qua:
3413 2581 3524 2636 dixi

1944 2674 2119 2738 vobis,
2173 2675 2427 2732 videlicet
2456 2676 2600 2745 quod
2633 2677 2853 2734 minime
2898 2679 3182 2748 proﬁcere,
3227 2685 3322 2730 aut
3359 2675 3526 2730 satius

1947 2767 2155 2836 augeri,
2181 2775 2276 2821 aut
2298 2765 2510 2837 perlici,
2567 2768 2652 2823 vel
2701 2769 2846 2824 scire
2877 2766 3214 2839 distinguere
3245 2765 3392 2820 inter
3433 2763 3525 2820 bo-

1947 2877 2072 2914 num
2095 2870 2150 2915 et
2177 2860 2376 2916 malum
2409 2860 2674 2928 valebitis,
2698 2863 2799 2920 nisi
2816 2861 3317 2932 obtemperaveritis
3335 2859 3528 2914 vestris

1944 2949 2205 3020 perfectis
2258 2949 2528 3020 patribus.
2568 2951 2780 3008 Etenim
2816 2963 3001 3024 patres
3048 2953 3218 3009 nostri
3266 2953 3347 3010 sic
3391 2951 3527 3008 fece-

1945 3050 2091 3107 runt,
2135 3041 2380 3112 patribus
2439 3043 2554 3100 suis
2600 3043 2940 3114 obedientes.
2987 3061 3285 3116 eorumque
3354 3045 3521 3100 docu-

1949 3142 2128 3187 menta
2157 3133 2557 3203 auscultantes;
2609 3136 2811 3193 idcirco
2839 3137 3208 3209 profecerunt,
3252 3145 3309 3194 et
3345 3151 3527 3194 creveo

1949 3231 2092 3290 runt,
2129 3232 2182 3279 ct
2221 3225 2471 3280 doctores
2513 3226 2640 3281 facti
2685 3236 2830 3293 sunt,
2874 3229 3032 3284 sicuti
3070 3230 3333 3298 scriptum
3360 3237 3442 3283 est
3477 3226 3528 3280 in

1946 3312 2223 3383 Sapientia
2250 3313 2344 3370 ﬁlii
2381 3315 2572 3372 Sirach
2605 3334 2620 3371 :
2655 3316 2856 3372 Discite
2883 3334 2914 3372 a
2942 3318 3181 3388 patribus
3204 3318 3408 3382 vestris,
3439 3317 3530 3386 qui

1943 3407 2240 3460 didicerunt
2271 3408 2564 3477 apatribus
2615 3426 2797 3464 eorum
2837 3411 2902 3466 ”.
2952 3410 3056 3468 Vos
3117 3411 3323 3481 itaque,
3380 3409 3528 3464 ﬁlioli

1945 3497 2075 3561 mei,
2115 3498 2214 3552 hos
2239 3497 2436 3553 imitari
2468 3508 2703 3568 oportet,
2748 3500 2838 3569 qui
2871 3501 2984 3556 suis
3017 3501 3336 3556 obedierunt
3364 3499 3530 3570 patri-

1944 3588 2067 3653 bus,
2102 3588 2276 3659 iisque
2307 3589 2362 3644 in
2403 3590 2658 3646 omnibus
2685 3591 3148 3662 obtemperarunt,
3179 3607 3313 3662 quos
3349 3591 3528 3646 omnia

1945 3680 2041 3735 Dei
2073 3696 2175 3752 0pc
2206 3691 2390 3752 patres
2421 3683 2758 3738 edocuerunt
2794 3699 2916 3754 quae
2961 3684 3264 3740 didicerant
3298 3700 3327 3738 a
3363 3683 3530 3754 patri-

1945 3773 2046 3828 bus
2069 3773 2198 3837 suis,
2232 3785 2287 3829 et
2320 3775 2420 3845 ipsi
2447 3791 2510 3831 ea
2532 3776 2830 3832 docuerunt
2870 3776 3007 3832 ﬁlios
3045 3791 3172 3832 suos
3197 3777 3527 3832 obedientes.

1947 3867 2099 3922 lsaac
2135 3881 2368 3936 namque
2393 3868 2798 3938 obtemperavit
2836 3868 3089 3934 Abrahae,
3137 3865 3306 3924 Jacob
3350 3878 3529 3923 autem

1945 3959 2186 4014 obedivit
2223 3958 2398 4026 lsaac,
2425 3969 2481 4015 et
2505 3959 2703 4030 Joseph
2727 3961 2969 4017 obedivit
3010 3960 3200 4025 Jacob,
3231 3969 3278 4016 et
3312 3956 3534 4016 Elisreus

1946 4051 2187 4106 obedivit
2214 4050 2364 4115 Elian,
2393 4061 2448 4106 et
2478 4049 2674 4106 Paulus
2705 4051 2947 4108 obedivit
2983 4051 3230 4117 Ananiae,
3269 4061 3326 4107 et
3357 4051 3533 4104 'l‘imo-

1949 4143 2106 4200 theus
2163 4143 2405 4200 obedivit
2434 4143 2630 4213 Paulo;
2668 4154 2721 4200 et
2749 4145 2802 4200 hi
2837 4160 2901 4200 ac
2934 4145 3140 4201 similes
3178 4146 3291 4201 suis
3317 4145 3534 4199 obedie-

1948 4247 2074 4291 runt
2112 4238 2381 4307 patribus,
2412 4252 2601 4292 eorum
2637 4237 2920 4307 implentes
2962 4237 3270 4292 voluntates
3308 4245 3363 4289 et
3404 4236 3533 4291 obe-

1947 4327 2208 4383 dientiam
2240 4328 2294 4383 in
2321 4329 2598 4393 omnibus,
2630 4337 2687 4383 et
2729 4341 3099 4397 cognoverunt
3132 4328 3437 4389 veritatem,
3480 4335 3534 4380 et

1949 4415 2252 4471 didicerunt
2288 4416 2578 4486 justitiam,
2631 4425 2685 4471 et
2717 4417 3010 4472 novissime
3046 4425 3362 4472 meruerunt
3405 4415 3533 4484 Spi-

265 4507 444 4562 cveuit
490 4507 594 4564 illis
650 4507 942 4565 infelicitas
992 4506 1082 4565 illa
1137 4521 1354 4577 magna,
1416 4506 1840 4576 cecideruntque
1873 4519 1918 4574 D
1951 4507 2110 4560 ritum
2163 4513 2444 4571 sanctum;
2484 4515 2704 4576 tumque
2752 4505 3096 4576 protulerunt
3139 4507 3421 4561 veritatem
3478 4506 3532 4558 in

265 4595 426 4652 ambo
467 4612 499 4654 e
547 4614 642 4654 sua
689 4599 1028 4656 celsitudine.
1086 4597 1353 4656 Similiter
1412 4595 1544 4650 facit
1593 4596 1842 4652 lidelibns

271 4690 627 4760 imperfectis,
664 4693 790 4748 dum
822 4682 1154 4764 distinguere
1187 4695 1436 4749 nesciunt
1475 4689 1618 4743 inter
1642 4688 1840 4744 bonum

263 4791 320 4840 et
371 4783 592 4850 malum,
649 4786 744 4842 sed
794 4798 1096 4856 sequuntur
1140 4803 1266 4843 suas
1321 4787 1728 4858 propensiones,
1788 4797 1840 4841 et

265 4875 480 4946 propria
511 4877 766 4944 opinione
798 4883 850 4934 et
870 4877 1074 4946 judicio
1105 4887 1231 4933 sunt
1259 4879 1524 4943 contenti,
1562 4893 1662 4934 nec
1716 4878 1838 4933 edi-

265 4981 416 5024 scere
443 4978 636 5024 curant
660 4983 689 5023 a
713 4971 824 5025 suis
862 4971 1107 5040 patribus
1149 4973 1240 5043 qui
1277 4973 1388 5043 jam
1435 4972 1661 5042 perfecti
1692 4983 1842 5040 sunt,

263 5068 321 5116 et
345 5059 711 5116 distinxerunt
757 5063 899 5118 inter
928 5062 1127 5118 bonum
1169 5074 1222 5119 et
1259 5064 1493 5130 malum;
1523 5065 1618 5120 sed
1667 5066 1842 5120 secuti

263 5160 392 5207 sunt
417 5151 596 5207 cordis
627 5153 710 5208 sui
744 5154 1035 5219 desideria,
1070 5155 1446 5210 existimantes
1475 5170 1535 5211 se
1559 5155 1705 5211 solos
1727 5155 1842 5224 jam

265 5241 648 5314 perfectionem
693 5245 996 5301 obtinuisse
1029 5260 1095 5302 ac
1144 5246 1574 5301 benedictionem
1623 5261 1842 5301 suorum

265 5343 500 5406 patrum.
532 5335 593 5390 lli
637 5346 841 5404 autem,
879 5338 1028 5394 ﬁlioli
1074 5339 1202 5403 mei,
1237 5337 1444 5392 similes
1483 5345 1615 5392 sunt
1654 5338 1845 5396 avibus

266 5427 371 5484 illis
397 5442 518 5498 qua:
561 5437 983 5486 construxerunt
1016 5431 1171 5486 nidos
1219 5445 1348 5486 suos
1387 5430 1438 5484 iu
1474 5445 1624 5497 aere,
1663 5439 1719 5484 et
1747 5431 1842 5484 de-

265 5518 589 5575 scenderunt
615 5519 668 5575 in
706 5529 928 5590 terram,
974 5534 1030 5578 et
1057 5522 1310 5592 aucupati
1339 5530 1592 5578 sunt'cas
1625 5531 1844 5579 venato-

1949 4597 2222 4665 omnibus,
2265 4598 2342 4652 uti
2379 4598 2640 4667 scriptum
2673 4607 2758 4654 est
2799 4598 2852 4652 in
2897 4597 3181 4653 Ezechiele
3213 4597 3476 4668 pr0pheta
3516 4615 3533 4651 :

1950 4689 2213 4746 Constitui
2238 4706 2286 4744 te
2321 4699 2571 4744 rectorem
2609 4690 2790 4744 domui
2824 4689 3000 4745 Israel
3039 4691 3107 4745 θ’,
3143 4688 3351 4760 Itaque,
3400 4689 3533 4743 dile-

1948 4781 2176 4837 ctissimi
2205 4781 2256 4836 in
2287 4780 2521 4837 Domino
2551 4792 2604 4837 et
2635 4781 2768 4838 recti
2802 4784 2991 4845 corde,
3017 4781 3062 4838 si
3095 4782 3364 4852 prolicere
3393 4781 3537 4850 cupi-

1953 4875 2043 4940 tis,
2089 4883 2144 4930 et
2196 4875 2366 4931 satius
2410 4876 2616 4946 augeri,
2671 4882 2726 4930 et
2773 4874 2922 4930 reddi
2976 4874 3445 4946 imperturbabiles
3479 4873 3535 4926 in

1951 4968 2207 5026 cordibus
2231 4968 2448 5034 vestris,
2475 4975 2526 5023 et
2551 4983 2656 5023 non
2683 4965 2830 5022 illudi
2856 4982 2886 5022 a
2911 4966 3140 5023 diabolis
3159 4967 3213 5021 iu
3233 4977 3534 5036 quoquam,

1950 5063 2167 5119 obedite
2209 5061 2464 5132 .patribus
2517 5060 2737 5124 vestris,
2791 5061 2978 5128 eisque
3028 5057 3423 5127 obtemperate,
3481 5064 3536 5110 et

1951 5171 2057 5212 non
2088 5155 2293 5211 cadetis
2324 5158 2378 5210 in
2405 5161 2692 5208 aeternum.
2738 5151 2851 5222 Ego
2895 5165 3022 5206 vero
3055 5150 3161 5204 alia
3195 5163 3293 5204 vos
3331 5148 3536 5202 docebo

1951 5264 2140 5320 opera,
2175 5262 2298 5319 quae
2333 5245 2608 5302 hominem
2653 5244 2875 5299 ﬁrmant
2923 5243 2991 5298 ab
3046 5240 3202 5296 initio
3244 5254 3416 5309 usque
3459 5240 3526 5291 ad

1955 5344 2145 5407 ﬁnem;
2177 5351 2234 5396 et
2264 5347 2412 5402 sunt,
2446 5347 2507 5393 ut
2528 5335 2720 5407 diligat
2755 5336 2918 5390 homo
2965 5333 3135 5390 Deum
3165 5347 3233 5388 ex
3266 5340 3376 5387 tota
3411 5331 3533 5385 ani-

1953 5449 2039 5488 ma
2071 5447 2192 5496 sua,
2231 5445 2300 5486 ex
2345 5439 2460 5486 toto
2500 5429 2665 5485 corde
2694 5441 2793 5483 suo
2826 5435 2882 5481 et
2915 5441 2983 5481 ex
3020 5434 3132 5480 tota
3179 5433 3365 5481 mente
3417 5436 3534 5481 sua,

1951 5527 2110 5596 eique
2136 5522 2495 5595 subjiciatur;
2545 5531 2599 5578 et
2648 5529 2776 5576 tunc
2803 5518 2955 5575 dabit
2988 5519 3038 5576 ei
3084 5517 3229 5574 Deus
3278 5516 3534 5571 virtutem

335 5663 384 5698 “
417 5653 585 5723 llebr.
616 5682 669 5734 v,
700 5666 787 5722 Η.
821 5664 865 5698 ⁸⁸
889 5661 1051 5720 Prov.
1083 5662 1305 5732 “1,25.
1383 5663 1429 5697 ⁶⁶
1464 5665 1630 5722 Amos
1661 5679 1778 5736 vm,
1807 5666 1841 5721 2

1946 5665 1987 5699 ⁸⁷
2015 5662 2150 5720 Gen.
2183 5676 2266 5730 tu,
2290 5661 2344 5717 5.
2421 5658 2468 5693 ⁸⁸
2497 5657 2664 5716 Eccli.
2705 5667 2824 5725 vnt,
2855 5656 2944 5719 ll.
3020 5656 3064 5690 “
3089 5653 3288 5712 Ezech.
3325 5665 3412 5720 ιιι,
3447 5646 3534 5703 Π.

341 5803 451 5877 (21)
500 5805 648 5863 Vires
681 5823 826 5866 suas.
859 5804 1140 5875 Proposita
1176 5819 1295 5863 sua.
