3860 6372
352 295 488 355 1051

1456 292 1731 353 PATRES
1771 291 2076 355 IEGYPTII
2119 291 2398 355 SECULI
2437 294 2524 353 IV.

3483 296 3633 355 105!

352 432 610 492 magnam
633 425 689 474 et
714 417 1003 491 gaudium;
1036 425 1091 474 et
1114 416 1293 475 dulcia
1338 416 1388 475 ei
1430 419 1731 475 redduntur
1761 420 1941 475 omnia
1971 425 2018 485 Α
2047 420 2161 488 qui,
2199 421 2415 476 inventa
2448 416 2849 491 pretiosissima
2885 417 3205 488 margarita,
3242 416 3398 484 abiit,
3428 430 3480 473 et
3495 434 3623 474 ven-

352 527 518 584 upera
546 509 638 565 Dei
663 520 917 582 tauquam
946 508 1138 578 favus;
1180 525 1281 566 nec
1328 526 1434 565 non
1473 526 1664 567 omnes
1694 512 1938 581 corporis

356 605 589 673 labores,
625 614 682 661 et
705 605 1108 671 meditationes,
1140 611 1195 660 et
1223 603 1439 676 vigiliae,
1469 613 1523 659 et
1558 605 1795 677 portatio
1816 603 1937 676 jugi

363 698 456 754 Dei
491 699 553 754 lit
583 697 631 753 ei
660 696 792 754 levis
819 706 875 752 et
901 696 1096 753 dulcis.
1117 696 1349 767 Propter
1373 697 1717 753 dilectionem
1749 708 1932 753 autem

364 789 578 844 Domini
627 803 754 859 erga
803 788 1073 855 homines,
1115 788 1362 844 immittit
1409 788 1491 844 eis
1545 788 1790 860 quaedam
1833 788 1943 844 illis

362 878 730 946 adversantia,
772 892 841 934 ne
870 880 1305 950 magnillcentur,
1337 880 1433 936 sed
1462 890 1521 936 ut
1549 880 1850 950 persistant
1886 881 1941 935 in

357 966 678 1033 certamine,
723 975 780 1022 et
827 967 1103 1037 accipiant
1140 968 1562 1037 incrementum,
1615 969 1667 1024 id
1707 979 1791 1025 est
1841 986 1942 1041 pro

358 1055 681 1111 fortitudine
724 1056 1049 1126 gravitatem
1079 1064 1133 1112 et
1163 1056 1557 1123 infirmitatem,
1609 1073 1707 1128 pro
1753 1059 1947 1127 gaudio

358 1154 680 1214 humorem,
728 1162 830 1218 pro
854 1149 1037 1217 quiete
1065 1159 1121 1205 et
1147 1149 1546 1220 tranquillitate
1576 1144 1947 1221 perturbatio-

358 1255 505 1308 nem,
556 1255 655 1311 pro
694 1240 980 1298 dulcedine
1032 1241 1477 1307 amaritudinem,
1534 1249 1589 1298 et
1638 1242 1743 1296 alia
1793 1243 1948 1314 pluia

356 1330 628 1402 ejusmodi
659 1330 921 1387 eveniunt
942 1331 1186 1403 diligenti
1214 1331 1381 1387 Deum
1401 1350 1415 1399 ;
1438 1340 1494 1387 et
1527 1343 1809 1402 propterea
1836 1349 1953 1387 ma-

358 1426 442 1495 gis
495 1423 944 1480 corroborabitur
989 1422 1318 1479 decertando
1368 1431 1556 1479 contra
1597 1440 1682 1490 ea,
1729 1434 1784 1479 et
1832 1426 1951 1480 vin-

359 1517 531 1574 cendo
562 1535 577 1572 :
604 1517 799 1590 quibus
826 1519 1115 1589 superatis,
1149 1517 1388 1588 Spiritus
1426 1527 1648 1575 sanctus
1675 1517 1783 1574 erit
1822 1534 1946 1574 cum

360 1610 453 1666 illo
487 1609 542 1666 in
577 1609 854 1676 omnibus,
883 1611 955 1666 ita
987 1620 1050 1667 ut
1086 1610 1387 1682 quidquam
1421 1611 1546 1666 mali
1583 1612 1809 1667 omnino
1839 1628 1946 1667 non

361 1702 570 1757 timeat.
601 1701 751 1771 Rogo
792 1709 975 1757 autem
1017 1702 1300 1757 Dominum
1360 1717 1560 1769 meum,
1613 1710 1673 1756 ut
1711 1702 1947 1774 elargia-

2043 513 2180 568 didit
2208 512 2391 568 omnia
2422 527 2543 579 sua,
2567 520 2623 567 et
2652 511 2786 568 emit
2815 510 2985 568 illam.
3013 510 3296 581 Scriptum
3327 512 3487 567 etiam
3516 522 3639 579 est,

2043 602 2188 673 quod
2213 616 2339 658 cum
2373 601 2661 657 thesaurus
2690 609 2839 657 esset
2871 600 3225 658 absconditus
3250 601 3304 656 in
3329 616 3476 672 agro,
3500 616 3633 658 cum

2043 709 2165 750 eum
2189 693 2481 751 invenisset
2501 693 2692 761 homo,
2719 692 3000 748 abscondit
3027 692 3200 757 illum,
3222 701 3278 748 et
3303 693 3456 749 laztus
3477 694 3632 761 abiit,

2043 786 2286 843 vendidit
2315 786 2496 843 omnia
2522 800 2645 851 sua,
2675 794 2730 841 et
2765 786 2897 841 emit
2924 800 3113 857 agrum
3152 784 3304 840 illum
3335 787 3404 840 τι.
3434 785 3631 842 Simili-

2049 887 2131 932 ter
2180 878 2382 944 sancti,
2419 876 2759 934 dilectissimi
2798 877 2925 943 mei,
2965 877 3018 932 in
3048 876 3305 935 omnibus
3334 877 3622 947 generatio

2047 967 2226 1036 nibus,
2259 982 2382 1024 cum
2422 968 2570 1025 hunc
2607 967 2915 1023 invenerint
2939 968 3225 1038 Spiritum,
3258 977 3316 1023 et
3353 968 3631 1023 habitave-

2048 1060 2120 1114 rit
2153 1059 2208 1114 iu
2257 1058 2390 1126 illis,
2427 1058 2634 1130 gratias
2660 1068 2889 1129 egerunt
2920 1059 3029 1115 Deo
3059 1060 3351 1113 maximas.
3380 1059 3482 1126 Qui
3512 1061 3633 1129 qni-

2049 1149 2167 1203 dem
2216 1163 2560 1219 nequaquam
2617 1148 2825 1205 habitat
2874 1150 2976 1205 nisi
3019 1149 3074 1204 in
3133 1150 3424 1205 animabus
3469 1150 3635 1207 beatis

2049 1237 2241 1308 hisque
2265 1238 2554 1308 similibus,
2575 1240 2782 1309 quibus
2808 1239 2983 1309 aperit
3015 1253 3209 1311 magna
3236 1254 3467 1305 arcana,
3491 1241 3635 1297 elar-

2050 1328 2202 1399 giens
2235 1329 2490 1399 gaudium
2535 1338 2591 1387 et
2621 1332 2864 1400 requiem
2909 1332 3164 1387 cordibus
3211 1346 3401 1386 eorum
3452 1335 3507 1387 in
3540 1332 3636 1389 hoc

2052 1418 2271 1487 mundo,
2321 1417 2532 1475 faciens
2577 1435 2766 1475 eorum
2820 1430 3056 1487 noctem,
3106 1422 3250 1476 sicut
3291 1421 3464 1477 diem.
3510 1422 3637 1477 Cum

2051 1515 2233 1564 autem
2278 1509 2440 1581 plana
2490 1510 2647 1567 vobis
2699 1510 2942 1580 fecerim,
2999 1510 3149 1566 filioli
3178 1512 3343 1577 'mei,
3393 1511 3639 1583 quaedam

2051 1614 2217 1670 opera
2248 1600 2409 1671 hujus
2434 1603 2610 1659 sancti
2645 1602 2901 1674 Spiritus,
2933 1603 3094 1673 cupio
3116 1604 3277 1658 etiam
3309 1604 3469 1658 vobis
3493 1618 3639 1673 qua-

2056 1694 2179 1747 dam
2216 1694 2458 1751 indicare
2491 1696 2795 1764 certamina
2831 1697 3059 1767 spiritus
3098 1696 3245 1751 mali.
3294 1695 3513 1752 Scitote
3549 1697 3644 1751 ita-

364 1804 454 1847 tur
492 1792 644 1849 vobis
683 1794 821 1848 hanc
871 1793 1100 1864 gratiam
1151 1794 1220 1849 ob
1269 1803 1507 1849 vestram
1559 1794 1948 1860 obedientiam,
1983 1782 2025 1838 Β
2055 1798 2183 1852 (1³³8»
2214 1785 2357 1855 quod
2393 1784 2683 1842 discedens
2708 1801 2740 1841 a
2777 1787 2953 1855 vobiS,
2987 1786 3203 1843 facilem
3235 1788 3501 1843 reddente
3548 1787 3648 1843 Do-

362 1900 524 1955 quam
552 1884 705 1942 vobis
729 1894 930 1944 servet.
960 1884 1057 1941 Cui
1086 1899 1207 1941 cum
1238 1885 1398 1940 Patre
1427 1901 1528 1941 suo
1557 1886 1717 1950 bono,
1739 1896 1795 1941 et
1825 1886 1951 1957 Spi-

364 1979 472 2035 ritu
504 1987 715 2042 sancto,
750 1977 868 2035 laus
895 1986 951 2034 et
971 1978 1144 2033 honor
1197 1977 1268 2033 ab
1312 1977 1565 2034 omnibus
1596 1978 1953 2037 rationalibus

363 2071 418 2129 in
448 2080 731 2130 aeternum.
766 2073 962 2127 Amen.

902 2160 1244 2221 EPISTOLA
1282 2162 1424 2217 XIX.

751 2253 905 2310 Filiis
938 2255 1048 2311 suis
1076 2255 1365 2310 monachis.
1403 2254 1550 2309 Dixit
1575 2270 1595 2309 :

434 2346 663 2417 Scitote,
697 2348 844 2405 filioli
883 2366 899 2404 :
939 2346 1179 2421 Spiritus
1224 2358 1447 2404 sanctus
1491 2362 1709 2418 semper
1736 2362 1801 2404 ac
1829 2362 1951 2418 pcr-

363 2451 526 2510 petuo
570 2442 741 2512 spirat
785 2440 1010 2496 odorem
1052 2439 1439 2496 suavissimum
1476 2455 1541 2495 ac
1575 2440 1949 2495 dulcissimum

360 2539 420 2588 et
446 2532 624 2605 lingua
649 2533 1109 2605 inexplicabilem,
1141 2533 1302 2590 sicuti
1327 2532 1562 2589 dicitur:
1596 2532 1730 2601 Quis
1754 2547 1955 2605 cogno-

365 2623 471 2678 scit
523 2623 846 2680 suavitatem
887 2624 1124 2695 Spiritus
1166 2632 1222 2681 et
1261 2625 1379 2695 ejus
1427 2625 1806 2692 dulcedinem,
1849 2624 1952 2681 nisi

363 2713 441 2768 illi
484 2716 577 2784 qui
616 2723 931 2796 meruerunt
965 2725 1025 2770 ut
1058 2714 1392 2771 inbabitaret
1428 2714 1479 2769 in
1526 2714 1668 2770 illis?
1698 2713 1816 2772 Hoc
1850 2730 1949 2769 au-

367 2811 472 2858 tem
506 2814 694 2859 notum
736 2814 853 2871 est,
890 2807 1033 2876 quod
1070 2805 1226 2860 multi
1273 2805 1420 2859 illum
1457 2820 1563 2860 non
1611 2813 1950 2873 meruerunt,

365 2897 623 2968 quoniam
672 2896 894 2967 spiritus
924 2897 1257 2966 pmnitentite
1290 2911 1395 2951 non
1435 2896 1709 2953 inhabitat
1737 2896 1790 2951 in
1832 2898 1953 2952 ani-

362 2988 556 3044 tnabus
585 2988 989 3057 pmnitentium,
1021 2988 1126 3043 nisi
1164 2986 1360 3042 multos
1396 2997 1518 3057 post
1538 2988 1779 3044 labores.
1811 2987 1947 3045 Cum

364 3087 550 3134 autem
602 3079 989 3136 inhabitaverit
1040 3060 1296 3145 in‘illis,
1344 3095 1439 3135 eos
1492 3080 1667 3136 tradet
1724 3081 1950 3149 Spiritui

361 3177 578 3235 saneto,
603 3180 666 3227 et
691 3171 1018 3228 inhabitabit
1043 3174 1095 3228 in
1129 3173 1234 3228 illis
1260 3172 1495 3243 Spiritus
1520 3147 1953 3230 sanctustide-
1981 3147 2026 3207 α

362 3277 485 3319 unus
506 3261 675 3330 enim,
708 3262 858 3318 filioli
898 3264 1027 3330 mei,
1058 3278 1178 3322 esse
1200 3265 1254 3320 in
1288 3265 1394 3325 hoc
1420 3264 1621 3322 mundo
1653 3266 1821 3321 multa
1865 3266 1952 3321 bis

359 3354 602 3423 similia;
636 3356 839 3411 ctenim
895 3356 1034 3427 lapis
1081 3370 1309 3427 gemmae
1356 3372 1464 3413 non
1509 3356 1788 3413 obtinetur
1843 3357 1952 3412 nisi

365 3463 566 3520 magno
592 3448 800 3515 labore,
825 3462 924 3503 nec
949 3449 1218 3518 reperitur
1243 3448 1297 3503 iu
1330 3447 1644 3504 civitatibus
1675 3455 1771 3502 aut
1797 3447 1954 3518 oppi-

362 3539 448 3598 dis
478 3580 496 3606 ,
571 3541 662 3596 sed
712 3539 765 3597 iii
823 3540 1076 3597 domibus
1121 3556 1307 3614 regum
1358 3541 1669 3596 duntaxat:
1708 3541 1959 3597 similiter

361 3633 532 3687 etiam
581 3632 818 3704 Spiritus
869 3640 1089 3688 sanctus
1135 3646 1243 3687 non
1298 3630 1568 3687 habitabit
1614 3630 1666 3685 in
1721 3632 1955 3704 superba

363 3725 581 3788 anima,
628 3724 724 3781 sed
774 3726 828 3779 in
876 3725 1161 3780 animabus
1211 3723 1519 3789 humilium,
1567 3739 1798 3794 quorum
1845 3734 1955 3780 tota

358 3817 620 3887 cogitatio
656 3817 710 3872 in
750 3816 1105 3888 perfectione.
1127 3818 1233 3872 sita
1267 3825 1371 3873 est.
1411 3815 1546 3873 Cum
1582 3826 1762 3873 autem
1797 3818 1951 3874 habi-

363 3907 560 3961 taverit
608 3908 661 3962 in
708 3906 832 3962 istis
883 3908 973 3963 hic
1010 3906 1270 3978 Spiritus,
1324 3907 1592 3963 maximas
1635 3918 1796 3978 agent
1846 3908 1957 3965 Deo

362 4001 569 4069 gratias
628 4000 964 4069 multamque
1019 4000 1266 4064 laudem;
1316 4000 1576 4070 quoniam
1641 4010 1958 4056 meruerunt

364 4089 625 4160 Spiritum
672 4100 920 4146 sanctum
964 4092 1017 4146 in
1068 4092 1174 4147 illis
1210 4092 1493 4156 habitare,
1546 4094 1707 4149 sicuti
1758 4096 1959 4149 meruit

365 4180 516 4235 illum
543 4179 698 4248 Levi,
721 4188 776 4236 et
799 4180 910 4250 egit
935 4180 1164 4236 Domino
1188 4180 1454 4236 maximas
1477 4181 1704 4252 gratias,
1732 4181 1952 4238 dicens:

360 4272 685 4330 Benedicam
737 4282 820 4341 te,
861 4262 1109 4341 Domine,
1155 4273 1248 4344 qui
1291 4273 1559 4330 cdocuisti
1610 4290 1697 4330 me
1746 4273 1953 4345 Spiritu

362 4383 524 4439 quem
567 4368 763 4424 dedisti
808 4369 982 4424 servis
1020 4368 1144 4423 tuis.
1196 4369 1340 4424 Dixit
1372 4369 1535 4425 etiam
1570 4386 1583 4423 :
1620 4369 1946 4426 Benedictus

360 4474 449 4525 es,
479 4457 725 4527 Domine,
755 4459 847 4529 qui
881 4458 1078 4515 dedisti
1110 4460 1316 4515 sanctis
1342 4459 1449 4515 tuis
1480 4460 1741 4516 honorem
1770 4463 1953 4516 omni-

361 4550 465 4608 bus
492 4551 695 4607 divitiis
719 4552 1158 4620 przestantiorem
1186 4568 1200 4605 :
1230 4550 1486 4622 equidem
1515 4566 1619 4606 non
1645 4551 1799 4607 valeo
1830 4551 1954 4622 Spi-

360 4644 501 4700 ritus
531 4642 844 4698 divitiarum
872 4643 1299 4715 magnitudinem
1328 4645 1593 4714 aspicere,
1616 4659 1775 4713 quem
1807 4644 1955 4699 elar-

356 4737 504 4810 gitus
539 4749 599 4792 es
631 4736 837 4792 sanctis
867 4736 996 4792 tuis.
1030 4736 1202 4804 Quem
1234 4736 1451 4807 quidem
1487 4736 1770 4805 Spiritum,
1803 4736 1952 4792 filioli

356 4830 488 4895 mei,
528 4838 837 4900 quaerentes
877 4831 1052 4885 sancti
1086 4828 1447 4894 invenerunt;
1480 4836 1535 4883 et
1563 4836 1651 4884 est
1686 4828 1825 4899 lapis
1859 4844 1952 4884 rc-

357 4937 450 4976 rus
478 4963 494 4989 ,
550 4921 708 4993 cujus
741 4922 988 4978 meminit
1024 4930 1435 4977 sacrosanctum
1485 4920 1837 4991 Evangelium
1870 4922 1950 4986 7°;

357 5013 505 5084 quod
545 5014 707 5070 homo
733 5024 1006 5070 mercator
1032 5014 1313 5086 quaerebat
1336 5028 1610 5082 gemmam
1638 5012 1952 5082 pulchram,

429 5153 476 5185 ⁷⁸
519 5152 712 5210 Matth.
740 5169 866 5217 xm,
900 5154 993 5219 L5,
1018 5154 1108 5209 46.
1182 5154 1227 5185 ⁷¹
1273 5152 1401 5207 ibid.
1430 5152 1520 5208 Η.

433 5261 550 5335 (ᾂὲ)
586 5260 908 5319 Potestatem
933 5265 1159 5335 cogendi
1185 5293 1256 5335 ετ
1285 5263 1387 5316 nisi
1411 5264 1473 5335 id
1493 5262 1573 5317 illi
1610 5264 1949 5329 permittatur

363 5352 399 5391 α
443 5333 647 5402 Spiritu
691 5346 896 5389 sancto.
930 5333 1122 5406 Nullus
1149 5333 1359 5406 dubito
1388 5334 1517 5402 quin
1550 5335 1827 5406 interpres
1864 5337 1951 5392 hic

363 5408 731 5476 minusrecte
768 5405 945 5476 sancti
977 5403 1194 5459 abbatis
1220 5405 1549 5476 sententiam
1582 5403 1951 5476 expresserit;

367 5489 491 5546 qua:
517 5474 775 5546 nimirum
814 5477 887 5529 ita
914 5474 1147 5546 fortasse
1172 5476 1444 5531 reddenda
1476 5474 1671 5531 fuisset
1699 5488 1956 5546 potestate

366 5544 607 5601 tentandi
636 5554 733 5601 aut
767 5546 1044 5601 similiter.
1072 5545 1226 5611 Quod
1266 5548 1484 5617 quidem
1512 5544 1743 5603 suadere
1768 5550 1956 5603 viden-

365 5626 460 5671 tur
489 5624 609 5685 Quae
646 5633 772 5673 mox
804 5624 1109 5685 sequuntur
1148 5633 1165 5671 :
1207 5617 1407 5673 Deinde
1433 5620 1614 5673 eduxit
1642 5619 1793 5674 illum
1834 5618 1959 5688 Spi-

369 5699 477 5753 tus,
521 5697 575 5740 ut
623 5695 931 5760 tentaretur
958 5704 1009 5760 γα
1046 5687 1262 5744 diabolo
1296 5690 1383 5760 qui
1417 5718 1488 5730 -—
1514 5706 1624 5744 non
1662 5691 1830 5747 valuit
1871 5695 1963 5745 ad-

368 5773 552 5815 ursus
586 5775 725 5817 eum.
777 5759 999 5817 Excidit
1030 5773 1165 5818 sane
1195 5775 1228 5817 a
1257 5759 1404 5819 recta
1432 5761 1704 5819 sentiendi
1751 5764 1962 5822 ratione

1613 5154 1661 5186 ⁷²
1701 5152 1834 5210 Luc.
1864 5171 1940 5220 iv,
1981 5156 2069 5212 15.

2052 1876 2203 1932 mino
2254 1877 2397 1932 viam
2442 1891 2653 1943 meam,
2688 1878 2911 1949 perveni
2958 1878 3027 1934 ad
3068 1894 3246 1952 meum
3278 1879 3647 1944 domicilium,

2050 1976 2107 2024 et
2154 1970 2425 2038 permansi
2484 1971 2537 2026 in
2592 1985 2711 2027 mea
2758 1971 3047 2028 solitudine
3097 1983 3251 2027 extra
3306 1973 3501 2028 turbas
3552 1989 3647 2043 ope

2051 2063 2225 2117 sancti
2251 2062 2508 2133 Spiritus,
2529 2063 2689 2126 clam,
2720 2079 2785 2119 ac
2809 2063 3007 2133 palam.
3039 2064 3309 2135 Cuperem
3337 2073 3400 2121 ut
3432 2081 3648 2135 semper

2052 2168 2217 2225 penes
2250 2168 2336 2208 me
2369 2155 2585 2218 essetis.
2620 2144 2679 2209 ut
2701 2155 2854 2210 vobis
2890 2166 3074 2210 notum
3114 2156 3349 2212 facerem
3381 2158 3650 2228 quidquid

2054 2246 2418 2302 mibionotum
2471 2247 2600 2303 fecit
2646 2246 2883 2317 Spiritus
2927 2260 3148 2303 sanctus
3200 2248 3348 2303 omni
3402 2259 3649 2321 tempore

2053 2336 2341 2411 (scriptum
2371 2341 2517 2396 enim
2547 2349 2672 2400 est:
2705 2340 2918 2397 Divitiae
2947 2340 3162 2397 Domini
3190 2341 3539 2412 Opitulantur
3561 2360 3648 2398 sa-

2054 2432 2268 2507 pienti),
2338 2446 2439 2489 nec
2479 2448 2585 2488 non
2632 2435 3013 2491 contentiones
3055 2451 3190 2507 quas
3226 2449 3414 2509 postea
3453 2438 3644 2493 infelix

2059 2513 2255 2592 passus
2286 2539 2404 2579 sum
2432 2540 2449 2580 :
2474 2524 2673 2596 quippe
2701 2526 3030 2583 tentationes
3054 2543 3159 2584 non
3184 2530 3451 2601 impetunt
3471 2531 3648 2585 valde

2055 2616 2158 2671 nisi
2189 2630 2285 2673 eos
2315 2617 2408 2688 qui
2436 2627 2763 2691 acceperunt
2792 2618 3053 2691 Spiritum
3082 2632 3352 2678 sanctum.
3388 2622 3651 2691 Quando-

2056 2708 2271 2777 quidem
2304 2718 2530 2781 accepto
2561 2708 2792 2781 Spiritu,
2825 2712 3036 2768 inducit
3071 2707 3151 2769 eis
3182 2714 3429 2770 diabolus
3466 2725 3650 2770 tenta-

2058 2802 2256 2870 tiones,
2291 2802 2643 2874 permittente
2673 2804 2791 2874 ipso
2826 2803 3056 2875 Spiritu,
3083 2820 3207 2860 cum
3237 2806 3493 2862 diabolus
3522 2806 3651 2860 nul-

2064 2892 2171 2947 lam
2204 2893 2407 2950 habeat
2429 2903 2751 2965 potestatem
2779 2896 3003 2966 cogendi
3036 2898 3344 2967 quempiam
3377 2898 3645 2961 ttilelinm,
3731 2882 3743 2891 ’

2062 2983 2167 3038 nisi
2198 2984 2250 3039 id
2280 2983 2356 3040 illi
2384 2986 2733 3056 permittatur
2764 3001 2795 3041 a
2828 2987 3033 3057 Spiritu
3066 2998 3257 3044 sancto
3289 2988 3425 3059 (ἓξ).

2128 3076 2197 3132 Et
2231 3078 2496 3136 Dominus
2525 3090 2713 3136 noster
2742 3096 2865 3135 cum
2892 3083 3189 3152 accepisset
3216 3096 3279 3136 ea
3304 3097 3424 3151 qua:
3457 3093 3651 3136 nostra

2058 3181 2207 3236 sunt,
2260 3172 2438 3229 factus
2484 3184 2570 3230 est
2614 3175 2770 3231 nobis
2821 3174 3131 3243 exemplar,
3174 3183 3233 3229 ut
3283 3189 3382 3229 nos
3430 3190 3652 3243 semper

2057 3262 2253 3318 doceat
2286 3277 2619 3334 cognoscere
2655 3263 2965 3325 veritatem.
2994 3264 3128 3320 Cum
3163 3264 3308 3320 enim
3342 3263 3654 3333 baptizatus

2057 3354 2268 3420 fuisset,
2299 3355 2581 3412 descendit
2619 3354 2855 3427 Spiritus
2896 3366 3118 3413 sanctus
3148 3371 3311 3427 super
3341 3356 3652 3420 illum,sicc

2057 3456 2120 3501 ut
2165 3446 2439 3514 columba,
2502 3447 2697 3505 deinde
2720 3449 2910 3506 eduxit
2936 3448 3086 3504 illum
3115 3447 3351 3519 Spiritus
3383 3448 3435 3502 in
3465 3448 3653 3504 deser-

2056 3548 2197 3606 tum,
2242 3550 2301 3596 ut
2336 3548 2640 3599 tentaretur
2686 3556 2718 3597 a
2773 3542 3018 3611 diabolo;
3054 3542 3146 3613 qui
3189 3557 3312 3599 cum
3359 3543 3654 3613 probasset

2057 3633 2208 3689 illum
2249 3634 2504 3695 omnibus
2529 3634 2643 3691 suis
2663 3634 3218 3703 tentationibus,'non
3252 3635 3423 3691 valuit
3446 3640 3651 3691 adver-

2057 3742 2151 3782 sus
2179 3741 2325 3791 eum,
2362 3728 2524 3783 sicuti
2569 3726 2770 3784 dicitur
2805 3728 2860 3783 in
2903 3726 3197 3800 Evangelio
3242 3726 3406 3783 Lacte
3428 3728 3497 3783 de
3525 3743 3595 3783 eo
3630 3746 3649 3783 :

2057 3820 2292 3892 Cumque
2326 3801 2679 3891 complevisset
2706 3822 2951 3877 diabolus
2987 3839 3164 3878 omnes
3179 3824 3508 3890 tentatiores,
3531 3823 3652 3877 dis-

2057 3916 2213 3970 cessit
2262 3914 2326 3970 ab
2356 3913 2551 3968 illaad
2580 3924 2782 3985 tempus
2810 3916 2880 3971 ⁷⁸.
2908 3913 2975 3969 Ει
2995 3929 3249 3971 reversus
3269 3923 3353 3970 est
3381 3914 3650 3971 Dominus

2056 4006 2218 4063 Jesus
2268 4007 2323 4062 in
2373 4006 2656 4064 Galilaeam
2695 4007 2897 4063 virtute
2927 4005 3184 4077 Spiritus.
3212 4007 3294 4063 lta
3331 4022 3521 4063 omnes
3546 4006 3648 4079 qui

2060 4097 2336 4168 accipiunt
2364 4094 2660 4167 Spiritum,
2687 4106 2742 4153 et
2768 4098 3053 4154 decertant
3081 4108 3136 4155 et
3178 4108 3436 4168 superant
3466 4107 3651 4154 tenta-

2061 4189 2254 4254 tiones,
2295 4189 2618 4246 corroborat
2656 4187 2894 4260 Spiritus
2950 4200 3197 4256 sanctus,
3227 4188 3362 4247 dans
3394 4189 3501 4245 illis
3530 4191 3649 4244 vir-

2061 4290 2228 4335 tutem
2275 4280 2601 4348 maximam,
2652 4289 2708 4337 et
2755 4279 2962 4336 exultat
3011 4280 3157 4346 illos,
3195 4290 3250 4337 et
3288 4278 3523 4336 custodit
3572 4281 3646 4336 ab

2057 4373 2329 4430 omnibus.
2362 4373 2539 4430 Filioli
2572 4373 2677 4429 mei
2712 4371 3073 4437 dilectissimi,
3098 4362 3355 4444 cuperem
3394 4382 3454 4428 ut
3487 4386 3643 4427 esse-

2070 4466 2139 4521 tis
2171 4479 2339 4536 penes
2372 4478 2483 4531 me,
2515 4475 2575 4519 ut
2613 4466 2957 4535 cognoscatis
2988 4465 3341 4523 novissimam
3388 4465 3645 4523 tentatio-

2066 4573 2188 4613 nem
2226 4572 2428 4623 meam,
2452 4573 2574 4627 quae
2598 4558 2798 4616 similis
2818 4569 2901 4615 est
2923 4559 3207 4615 tentationi
3238 4559 3450 4615 Domini
3476 4559 3644 4615 nostri

2061 4647 2186 4701 Jesu
2214 4645 2416 4702 Christi
2451 4646 2780 4712 novissimae,
2816 4632 2910 4717 qui
2950 4662 3073 4702 cum
3107 4646 3439 4716 implevisset
3480 4662 3635 4703 suam

2061 4736 2519 4807 dispensationem
2539 4736 2705 4793 dixit:
2734 4735 2919 4805 Pater,
2936 4738 2982 4792 si
3006 4737 3251 4807 possibile
3277 4746 3378 4805 est,
3404 4746 3638 4797 transeat

2060 4846 2093 4884 α
2119 4845 2200 4883 me
2225 4828 2370 4883 calix
2391 4827 2526 4892 iste;
2557 4837 2609 4881 at
2638 4846 2743 4882 non
2778 4830 3065 4884 secundum
3100 4828 3420 4885 voluntatem
3452 4845 3638 4890 meum,

2058 4921 2150 4976 sed
2186 4922 2473 4975 secundum
2507 4918 2825 4973 uoluntatem
2874 4930 3020 4975 tuam
3047 4920 3115 4974 ⁷³.
3158 4920 3310 4990 Quod
3345 4934 3482 4975 sane
3518 4927 3637 4974 crat

2058 5028 2181 5070 cum
2210 5011 2553 5069 orationibus
2575 5019 2631 5067 et
2664 5011 2945 5082 precibus,
2979 5026 3085 5067 non
3124 5020 3303 5068 autem
3326 5011 3398 5068 ob
3438 5021 3633 5068 metum

2167 5155 2215 5188 ⁷³
2254 5154 2450 5211 Matth.
2492 5169 2644 5219 xxvr,
2672 5153 2763 5210 59.

2057 5264 2304 5335 quisquis
2333 5265 2559 5334 putarit,
2600 5262 2878 5319 diabolum
2925 5263 3173 5335 accipere
3205 5261 3500 5335 aliquando
3527 5276 3621 5330 po-

2063 5332 2589 5405 testatem'cogendi
2631 5335 2941 5405 quempiam
2986 5332 3247 5405 ﬁdelium.
3277 5332 3483 5387 Fidelis
3511 5335 3636 5389 Deus

2062 5417 2162 5472 est,
2201 5407 2279 5461 ait
2312 5404 2602 5473 Apostolus
2631 5407 2692 5476 (Ι
2731 5404 2857 5463 Cor.
2882 5423 2936 5471 χ,
2967 5405 3089 5474 l5),
3121 5404 3218 5476 qui
3258 5419 3365 5460 non
3404 5405 3629 5470 patietur

2065 5495 2154 5532 vos
2186 5472 2386 5531 tentari
2418 5493 2579 5547 supra
2601 5472 2653 5530 id
2674 5478 2813 5546 quod
2835 5472 3076 5547 putastis.
3105 5472 3231 5547 Qu_a_
3245 5476 3310 5530 de
3343 5489 3402 5547 re
3425 5485 3631 5547 sanctus

2025 5572 2031 5578 α
2069 5549 2238 5604 abbas
2268 5548 2424 5615 plura
2468 5541 2718 5617 superius
2761 5541 3018 5609 in'Orat.
3061 5541 3145 5599 ad
3172 5541 3420 5617 Monach.
3454 5545 3631 5612 prteri-

2070 5634 2175 5688 pue
2207 5634 2338 5674 vero
2364 5634 2489 5687 cap.
2527 5615 2596 5672 i3
2635 5628 2690 5673 et
2727 5617 2814 5672 14.
2851 5617 3053 5672 Eadem
3083 5630 3245 5688 porro
3272 5615 3453 5688 minus
3495 5625 3627 5688 recta

2073 5686 2318 5745 vertendi
2350 5686 2561 5744 ratione
2587 5703 2715 5743 usus
2733 5702 2857 5744 esse
2879 5688 3095 5740 videtur
3118 5686 3382 5755 interpi-es
3395 5687 3633 5756 superius

2074 5762 2127 5818 in
2175 5762 2332 5830 epist.
2368 5759 2422 5829 5,
2460 5770 2519 5816 ut
2542 5760 2613 5815 ad
2648 5775 2771 5816 cum
2802 5759 2979 5816 locum
3011 5757 3341 5815 monuimus.
