3860 6338
187 341 358 422 1955

1217 339 1276 396 S.
1316 340 1597 400 ANTONH
1638 343 1705 400 M.
1749 344 2042 401 ABBATIS
2081 343 2468 404 EPISTOLIE.

3349 347 3493 404 105‘

181 473 306 517 aut
339 465 595 518 timorem
629 470 724 519 aut
752 463 1129 534 impotentiam
1165 464 1352 531 ullam,
1399 467 1494 522 sed
1527 476 1585 521 ut
1617 467 1809 522 doceat
1837 472 1880 530 Α
1912 468 2156 531 Christo.
2201 468 2250 522 ei
2286 466 2612 531 obediendo,
2649 466 2722 522 illi
2754 479 2970 544 quoque
2999 465 3272 538 particeps
3301 467 3405 522 erit
3434 466 3490 522 in

181 571 335 621 nos,
373 555 538 611 sicuti
583 555 704 627 ejus
733 557 923 626 prima:
957 557 1286 612 tentatioues
1322 568 1481 614 erant
1525 560 1592 614 ad
1633 560 1804 616 docu-

191 653 462 701 mentum
499 655 784 712 nostrum;
815 663 938 702 nam
975 658 1168 718 Sponte
1199 651 1350 704 venit
1377 651 1445 706 ab
1485 650 1617 718 alto,
1657 651 1799 722 quod

186 745 394 792 tamen
432 753 544 794 non
585 739 810 808 reliquit
847 759 861 793 :
892 749 947 794 et
978 739 1244 797 habitavit
1284 757 1447 811 super
1489 752 1709 809 terram,
1745 753 1802 799 et

189 829 519 899 assumpsit
551 838 794 885 nostram
832 830 1265 898 similitudinem,
1295 842 1354 886 ut
1384 847 1484 889 nos
1511 832 1626 904 ipsa
1659 835 1804 889 redi-

185 931 406 986 meret,
440 922 809 979 mediantibus
847 925 914 981 iis
955 939 1095 995 quas
1120 933 1377 995 Operatus
1413 935 1498 980 est
1527 941 1623 997 per
1656 942 1800 992 eam,

183 1013 761 1084 dispensationibus;
801 1024 855 1072 et
887 1027 1133 1072 mortuus
1157 1027 1244 1072 est
1277 1033 1376 1088 pro
1414 1017 1591 1086 nobis,
1632 1028 1688 1075 et
1718 1034 1804 1074 se-

183 1107 416 1175 pultus,
452 1116 509 1163 et
552 1109 880 1178 resurrexit,
921 1116 976 1166 et
1016 1109 1268 1166 liberavit
1311 1093 1571 1181 captivos.
1601 1109 1793 1166 infero-

188 1214 353 1264 rum,
384 1198 744 1269 ascenditque
785 1202 853 1256 ad
896 1203 1180 1272 superiora
1225 1201 1488 1258 caelorum
1527 1203 1619 1258 ubi
1654 1202 1803 1272 prius

187 1300 350 1346 erat.
399 1289 592 1348 Videte
651 1293 870 1363 itaque,
920 1293 1070 1348 filioli
1121 1293 1265 1358 mei,
1311 1295 1657 1350 dilectionem
1706 1293 1801 1350 Dei

191 1385 394 1452 Verbi,
442 1386 533 1455 qui
575 1401 675 1441 nos
706 1385 894 1441 eduxit
950 1386 1017 1441 de
1061 1385 1214 1442 fovea
1261 1387 1557 1442 inferorum
1598 1387 1664 1443 ad
1705 1403 1802 1444 su-

189 1479 430 1549 periora
473 1479 776 1539 caelorum;
821 1494 946 1534 nam
993 1481 1191 1536 coelum
1238 1480 1486 1550 superius
1527 1480 1672 1535 aliud
1719 1490 1802 1536 est

187 1588 233 1629 ι
268 1571 413 1628 ctelo
448 1572 671 1638 visibili,
703 1581 759 1628 et
796 1572 990 1628 malum
1018 1572 1235 1628 visibile
1261 1573 1409 1628 aliud
1439 1583 1522 1628 est
1554 1575 1623 1630 ab
1651 1589 1802 1641 aere,

195 1667 304 1736 qui
350 1673 437 1721 est
469 1674 660 1720 ventus
691 1664 780 1721 hic
814 1663 950 1719 flans
981 1680 1080 1720 sua
1112 1664 1370 1732 levitate;
1406 1665 1640 1736 spatium
1694 1681 1797 1719 au-

196 1769 319 1814 tem
350 1759 500 1813 aeris
516 1757 660 1812 aliud
686 1767 770 1814 est
794 1759 862 1813 ab
884 1757 986 1813 hac
1011 1772 1196 1813 crassa
1221 1766 1386 1821 terra,
1411 1758 1464 1813 in
1494 1772 1599 1826 qua
1633 1759 1794 1814 modo

1918 563 2055 618 locis
2101 562 2349 634 requiei;
2382 572 2437 618 et
2471 563 2562 633 qui
2595 563 2760 619 etiam
2800 563 2849 618 ei
2880 577 3110 619 consors
3162 562 3221 617 lit
3266 563 3319 618 in
3351 577 3486 618 con-

1909 665 2136 726 temptu.
2171 671 2395 712 consors
2419 671 2637 727 quoque
2664 657 2770 712 erit
2800 655 2875 711 illi
2905 655 2956 709 in
2983 655 3174 726 gloria.
3203 653 3482 724 Siquidem

1907 747 1999 817 qui
2033 745 2238 817 patitur
2266 746 2482 803 labores
2511 756 2566 802 et
2593 749 2888 818 opprobria
2917 755 2973 802 et
3004 748 3231 818 injurias
3261 757 3317 803 et
3353 760 3491 802 con-

1910 847 2198 908 temptum,
2230 840 2346 910 ipse
2366 839 2780 912 glorificabitur.
2807 841 3082 909 Scriptum
3108 855 3342 909 namque
3367 847 3485 895 est:

1910 927 2081 983 Filius
2106 930 2279 985 bonus
2303 930 2418 1001 ipse
2446 930 2794 984 haereditahit
2825 929 3044 986 labores
3078 939 3132 985 et
3153 929 3490 986 benedictio-

1907 1035 2005 1076 nes
2035 1031 2322 1089 parentum
2360 1036 2580 1076 suorum
2609 1037 2624 1088 ;
2657 1020 2800 1077 filius
2829 1035 2962 1078 vero
2990 1021 3165 1077 malus
3192 1021 3486 1078 haeredita-
3513 1007 3525 1014 ’

1904 1111 1984 1167 bit
2020 1111 2472 1168 maledictionem.

1977 1202 2184 1260 Scitote
2203 1204 2390 1270 etiam,
2418 1204 2566 1261 filioli
2591 1206 2693 1262 mei
2715 1207 3000 1274 amabiles,
3024 1206 3168 1276 quod
3197 1216 3485 1277 poStquam

1904 1293 2045 1350 hanc
2074 1294 2266 1366 scripsi
2308 1295 2464 1351 vobis
2519 1295 2827 1362 epistolam,
2869 1295 3166 1351 commovit
3200 1310 3286 1349 me
3316 1293 3488 1364 Spiri-

1906 1396 2014 1450 tus,
2063 1394 2122 1440 ut
2172 1385 2466 1440 scriberem
2514 1386 2672 1441 vobis
2724 1386 2790 1441 de
2836 1366 3108 1456 seraphim
3159 1398 3318 1454 quem
3356 1382 3489 1437 vidit

1910 1478 2160 1534 Ezechiel
2196 1481 2458 1548 propheta
2489 1479 2560 1545 ⁷⁸,
2586 1478 2678 1549 qui
2711 1486 2794 1534 est
2826 1487 2982 1550 typus
3016 1478 3322 1533 animarum
3356 1475 3488 1530 fide-

1903 1569 2035 1624 lium
2060 1585 2181 1640 qua:
2222 1570 2502 1625 decertant
2524 1571 2590 1624 ad
2619 1569 3053 1640 consequendam
3075 1567 3485 1640 perfectionem.

1906 1661 2151 1718 Habebat
2176 1677 2272 1718 sex
2306 1661 2422 1718 alas
2448 1661 2621 1718 oculis
2656 1661 2919 1727 refertas;
2948 1661 3182 1716 habebat
3209 1659 3369 1715 etiam
3403 1657 3487 1711 fa-

1905 1757 2020 1810 cies
2067 1763 2322 1826 quatuor,
2369 1757 2422 1809 in
2469 1765 2706 1826 quatuor
2753 1763 2933 1825 partes
2981 1753 3324 1822 aspicientes.
3374 1749 3486 1805 Una
3575 1743 3578 1748 ’

192 1867 400 1908 sumus
432 1860 488 1906 et
521 1849 672 1905 brevi
704 1864 770 1906 ex
809 1849 898 1904 illa
949 1848 1323 1918 migrahimus.
1359 1849 1560 1907 Sciatis
1592 1860 1797 1915 autem,
1832 1835 1874 1888 Β
1904 1846 2068 1903 facies
2106 1847 2301 1902 similis
2344 1855 2465 1902 erat
2493 1846 2647 1901 faciei
2686 1845 2941 1914 hominis,
2991 1845 3096 1899 alia
3136 1858 3268 1900 vero
3329 1841 3487 1898 faciei

193 1941 568 2012 operationes
590 1941 718 1996 caeli
749 1941 1034 1998 alias'esse
1065 1943 1133 1997 ab
1160 1941 1573 2011 operationibus
1605 1950 1798 1997 terrai:

194 2033 489 2096 aliamque
529 2047 653 2088 esse
696 2032 999 2103 regionem,
1041 2032 1144 2087 hac
1175 2041 1320 2086 terra
1355 2030 1686 2102 graviorem,
1714 2045 1803 2083 ar-

197 2123 378 2177 duam
423 2121 579 2177 valde
631 2136 696 2176 ac
746 2121 1126 2186 tenebrosam,
1182 2121 1426 2192 nihilque
1472 2135 1594 2177 esse
1643 2121 1696 2175 in
1737 2135 1800 2176 ea

199 2214 441 2270 luminis
474 2229 653 2284 neque
684 2213 920 2285 requiei,
953 2224 1013 2268 et
1042 2221 1268 2268 vocatur
1297 2211 1586 2267 infernum.
1609 2209 1804 2268 Teuta-

199 2308 287 2362 tio
321 2316 531 2370 autem,
560 2304 707 2360 filioli
736 2306 866 2373 mei,
896 2320 1016 2376 quae
1041 2320 1214 2374 nuper
1237 2305 1365 2360 mihi
1389 2305 1585 2361 accidit
1610 2320 1798 2375 parum

199 2395 414 2463 abfuit,
444 2397 572 2466 quin
605 2411 690 2451 me
720 2399 785 2450 ad
809 2397 912 2451 hoc
939 2397 1081 2451 idem
1108 2396 1380 2452 infernum
1413 2398 1755 2469 perduxisset
1781 2416 1796 2452 :

205 2490 418 2560 quippe
440 2489 708 2544 bonorum
740 2490 922 2544 hostes
963 2489 1015 2543 in
1051 2489 1180 2544 illud
1215 2506 1300 2546 me
1327 2490 1592 2561 projicere
1619 2492 1803 2548 volue-

210 2591 348 2636 runt
381 2580 588 2652 ingenti
619 2595 716 2634 sua
749 2578 1065 2634 calliditate.
1100 2580 1165 2634 Et
1199 2595 1296 2648 pro
1327 2581 1414 2637 his
1447 2581 1664 2637 fuerunt
1695 2581 1798 2638 ntci

203 2672 456 2738 labores,
497 2682 552 2727 et
581 2671 907 2738 certamina,
939 2683 991 2726 et
1020 2673 1304 2742 angustiae,
1347 2683 1398 2730 et
1441 2673 1802 2744 perturbatio-

201 2781 329 2821 nes.
363 2764 434 2818 At
477 2763 664 2818 infelix
690 2763 896 2831 gratias
925 2778 1027 2834 ago
1070 2765 1178 2818 Deo
1211 2779 1353 2831 meo,
1405 2775 1459 2819 et
1491 2765 1680 2820 laudes
1723 2763 1799 2818 illi

206 2855 408 2922 offero,
442 2857 528 2911 cui
558 2855 757 2912 servivi
807 2865 916 2910 toto
958 2857 1124 2910 corde
1174 2871 1295 2910 meo
1333 2872 1361 2911 a
1407 2857 1644 2928 pueritia
1676 2872 1798 2912 mea

207 2963 388 3019 usque
427 2963 592 3014 nunc,
633 2949 793 3019 eique
837 2947 1071 3011 obedivi,
1111 2964 1231 3003 cum
1264 2963 1350 3004 me
1374 2965 1482 3005 non
1529 2950 1801 3006 deseruis-

216 3052 324 3108 set,
362 3040 459 3096 sed
493 3040 784 3096 auxiliatus
826 3050 911 3096 est
941 3041 1098 3106 mihi,
1137 3051 1192 3095 et
1231 3043 1432 3113 eripuit
1477 3058 1562 3098 me
1590 3058 1619 3097 a
1653 3055 1804 3097 teme-

204 3132 324 3189 bris
349 3132 722 3200 inimicorum,
753 3141 808 3188 et
829 3131 1027 3188 iterum
1057 3133 1299 3189 restituit
1325 3150 1409 3189 me
1436 3135 1489 3189 iu
1520 3135 1800 3205 ρτίειὶηθιιι

207 3224 597 3280 celsitudinem
636 3238 836 3292 meam,
883 3225 1026 3280 sicut
1071 3225 1306 3281 redemit
1347 3227 1518 3280 Adam
1568 3235 1624 3280 et
1666 3228 1804 3282 filios

207 3331 342 3372 suos
381 3317 576 3381 bonos,
617 3316 940 3386 reduxitque
986 3317 1106 3374 illos
1153 3319 1222 3372 ad
1275 3318 1569 3388 pristinum
1607 3334 1797 3374 eorum

205 3408 483 3463 ordinem.
515 3407 790 3478 Scriptum
814 3411 958 3464 enim
988 3419 1074 3464 est
1102 3427 1115 3465 :
1145 3409 1392 3464 Ascendit
1425 3410 1480 3463 in
1517 3410 1704 3477 altum,
1756 3419 1804 3463 et

205 3501 476 3569 captivam
537 3500 691 3554 duxit
746 3501 1131 3570 captivitatem,
1189 3510 1240 3556 et
1288 3502 1428 3556 dedit
1497 3503 1800 3557 hominibus

207 3595 353 3648 dona
385 3592 452 3646 ⁷⁸.
485 3592 681 3648 Notum
717 3605 978 3660 praeterea
1007 3594 1157 3650 vobis
1198 3593 1337 3650 facio
1363 3595 1504 3664 quod
1546 3610 1665 3650 mea
1711 3611 1803 3664 pu-

207 3696 417 3740 strema
487 3685 714 3741 tentatio
756 3687 948 3742 similis
990 3685 1092 3740 fuit
1127 3687 1409 3743 teutatioui
1455 3684 1674 3756 Josephi
1717 3701 1810 3756 po-

208 3787 465 3844 stremae;
521 3778 787 3848 siquidem
831 3777 1030 3848 Joseph
1082 3777 1272 3832 beatus
1318 3793 1384 3833 ac
1423 3779 1640 3848 justus,
1687 3793 1809 3832 eum

219 3879 534 3924 tentaretur
567 3869 914 3924 multitudine
940 3869 1321 3936 tcntatiouum,
1351 3885 1457 3924 non
1485 3878 1569 3924 est
1593 3877 1812 3938 pertur-

211 3957 416 4022 batus;
448 3957 766 4026 nuperrime
800 3972 928 4012 vero
960 3971 1083 4013 cum
1115 3958 1166 4012 in
1194 3973 1468 4014 carcerem
1502 3957 1691 4014 fuisset
1715 3960 1812 4015 de-

215 4059 406 4104 trusus
457 4049 549 4118 qui
597 4057 681 4105 est
718 4049 1021 4107 similitudo
1072 4050 1296 4118 inferni,
1341 4052 1689 4122 perturbatus
1728 4060 1814 4106 est

215 4148 323 4200 hac
346 4143 670 4199 teutatione.
693 4143 954 4200 Dominus
979 4153 1159 4200 autem
1189 4156 1375 4201 noster
1401 4161 1498 4202 sua
1524 4144 1811 4201 clementia

214 4253 343 4293 cum
374 4237 604 4293 vidisset
632 4238 1101 4309 pulchritudinem
1136 4239 1260 4310 ejus
1288 4241 1607 4296 certaminis
1634 4252 1690 4295 et
1719 4255 1810 4310 pas

217 4331 463 4395 tientiae,
505 4331 652 4386 dedit
687 4331 764 4387 illi
798 4347 1053 4403 magnum
1096 4333 1384 4399 honorem,
1432 4343 1487 4389 et
1531 4333 1816 4389 constituit

218 4428 374 4482 illum
407 4444 614 4499 regem,
633 4443 734 4486 nec
757 4430 989 4502 amplius
1017 4439 1256 4487 tentatus
1279 4440 1383 4488 est.
1413 4429 1549 4485 Vere
1573 4430 1813 4500 quidem,

1907 1940 2072 2007 tauri,
2105 1948 2158 1994 et
2188 1939 2291 1993 alia
2333 1938 2488 1994 faciei
2524 1939 2718 2007 leonis,
2761 1949 2816 1994 et
2846 1939 2950 1992 alia
2985 1938 3140 1993 faciei
3173 1935 3400 2007 aquilae;
3434 1942 3491 1990 et

1906 2033 2117 2103 reliqua
2146 2047 2379 2103 quorum
2409 2031 2657 2087 meminit
2681 2032 2967 2102 propheta,
2995 2045 3116 2101 qua:
3144 2044 3242 2100 per
3273 2037 3488 2096 tempus

1903 2123 2058 2180 vobis
2094 2125 2336 2179 scribere
2368 2140 2476 2179 nou
2513 2123 2659 2178 licet.
2693 2123 2891 2178 Verum
2921 2137 3091 2191 pauca
3127 2119 3282 2174 vobis
3316 2132 3486 2188 expo-

1905 2231 2032 2270 nam
2065 2215 2135 2271 de
2172 2216 2363 2270 horum
2390 2229 2586 2281 sensu;
2615 2229 2736 2269 cum
2773 2228 2904 2269 vero
2939 2228 3040 2284 ope
3065 2211 3267 2270 Christi
3297 2210 3362 2264 ad
3392 2224 3488 2264 vos

1903 2321 2127 2374 venero,
2175 2322 2442 2376 exponam
2484 2306 2639 2362 vobis
2670 2306 2882 2376 reliqua
2922 2305 3126 2361 labium
3163 2305 3229 2359 ad
3259 2302 3484 2368 labium,

1904 2415 2026 2455 cum
2075 2398 2143 2454 de
2206 2400 2292 2455 his
2349 2399 2507 2454 modo
2557 2398 2796 2454 scribere
2844 2412 2950 2452 nou
3004 2396 3234 2451 valeam.
3289 2392 3490 2449 Sciatis

1908 2505 2039 2561 ergo
2072 2507 2086 2544 :
2123 2488 2288 2545 facies
2313 2488 2489 2559 prima
2535 2489 2808 2560 seraphim
2837 2503 2957 2557 qua:
3002 2496 3085 2542 est
3124 2485 3289 2541 facies
3318 2483 3491 2538 homi-

1904 2584 2008 2650 nis,
2050 2562 2300 2652 designat
2340 2581 2528 2638 fideles
2559 2583 2651 2651 qui
2694 2581 2748 2636 in
2796 2579 2998 2637 mundo
3024 2590 3153 2635 sunt
3185 2587 3488 2649 operantes

1911 2692 1974 2731 ea
2008 2685 2274 2746 praecepta
2304 2690 2425 2743 quae
2457 2676 2558 2731 sibi
2598 2672 2835 2743 iniuncta
2875 2682 3035 2741 sunt;
3070 2671 3116 2727 si
3149 2671 3271 2742 quis
3309 2677 3489 2724 autem

1907 2769 2100 2825 horum
2160 2769 2227 2824 ad
2281 2768 2527 2824 habitum
2586 2767 2951 2823 monasticum
3003 2779 3259 2836 egressus
3303 2762 3489 2825 fuerit,

1907 2861 2245 2916 assimilatur
2278 2861 2420 2916 tauri
2465 2860 2647 2923 faciei,
2675 2874 2741 2916 eo
2775 2859 2918 2930 quod
2962 2867 3222 2929 operatur
3252 2863 3307 2913 et
3351 2854 3494 2910 solli-

1909 2954 2056 3010 citus
2097 2953 2172 3009 sit
2221 2955 2289 3010 de
2336 2954 2627 3024 praeceptis
2666 2951 3063 3017 monachatus;
3120 2964 3244 3004 nam
3291 2946 3403 3018 agit
3438 2953 3494 3002 et

1905 3047 2152 3102 decertat
2181 3045 2441 3102 sensibile
2472 3055 2773 3102 certamen.
2800 3041 2952 3111 Quod
2982 3043 3027 3097 si
3056 3037 3495 3111 congregationis

1907 3140 2128 3197 ordines
2167 3138 2653 3200 consummaverit,
2685 3145 2740 3191 ct
2761 3150 3014 3206 egressus
3047 3133 3212 3188 fuerit
3247 3131 3497 3186 habitare

1912 3232 2286 3297 solitudinem,
2339 3239 2392 3285 et
2439 3237 2762 3301 segregatus
2795 3228 2962 3283 fuerit
3007 3229 3073 3282 ad
3107 3225 3497 3296 oppugnandos

1910 3323 2217 3380 invisibiles
2249 3324 2564 3386 daemones;
2595 3321 2711 3391 jam
2744 3317 2834 3374 hic
2869 3317 3203 3373 assimilatus
3232 3327 3317 3371 est
3339 3312 3495 3368 faciei

1909 3417 2101 3480 leonis,
2125 3416 2216 3486 qui
2240 3426 2323 3470 est
2356 3430 2449 3469 rex
2485 3413 2720 3467 ferarum
2764 3410 3120 3467 silvestrium.
3149 3408 3282 3463 Cum
3316 3416 3496 3461 autem

1911 3511 2252 3581 superaverit
2285 3509 2470 3564 hostes
2498 3508 2822 3574 invisibiles,
2861 3517 2915 3562 et
2947 3505 3295 3578 passionibus
3327 3502 3502 3558 domi-

1913 3613 2071 3657 natus
2100 3601 2262 3657 fuerit
2299 3615 2504 3668 easque
2539 3599 2642 3653 sibi
2677 3598 2999 3668 suhjecerit,
3036 3595 3335 3652 elevabitur
3367 3591 3494 3660 Spi-

1913 3696 2022 3750 ritu
2055 3705 2269 3761 sancto,
2307 3703 2362 3747 et
2403 3692 2608 3747 videbit
2640 3691 2856 3746 divinas
2886 3690 3148 3755 visiones,
3185 3696 3241 3741 et
3286 3682 3503 3738 assimi-

1913 3788 2114 3842 labitur
2139 3785 2298 3842 faciei
2324 3785 2542 3856 aquilte,
2567 3796 2621 3838 et
2643 3784 2959 3854 implebitur
2981 3783 3045 3835 de
3069 3779 3159 3834 illo
3182 3777 3500 3846 Scriptura:

1914 3879 2266 3934 Renovubilur
2313 3878 2560 3947 juventus
2601 3886 2693 3930 tua
2740 3877 2873 3932 sicut
2911 3873 3107 3946 aquila:
3147 3873 3215 3925 ⁷⁷.
3263 3870 3329 3925 Et
3374 3879 3504 3923 tunc

1923 3972 2234 4049 intellectus
2268 3971 2415 4027 illius
2445 3971 2724 4026 discernet
2753 3983 3091 4040 quiscunque
3116 3965 3217 4020 sibi
3248 3964 3505 4047 obvenire

1917 4073 2149 4137 possunt
2185 4079 2282 4120 sex
2314 4080 2380 4121 ex
2419 4063 2686 4134 partibus,
2723 4072 2778 4117 et
2812 4060 3203 4118 assimilabitur
3249 4073 3342 4113 sex
3388 4054 3496 4109 iiiis

1917 4155 2020 4210 alis
2059 4155 2342 4211 oculorum
2378 4154 2634 4222 refertis;
2665 4162 2720 4210 et
2755 4153 2849 4208 fiet
2880 4151 3157 4221 seraphim
3184 4147 3506 4220 spiritualis,

1918 4258 1974 4303 et
2013 4249 2357 4303 luereditabit
2387 4257 2650 4303 mteruam
2704 4245 3106 4308 haereditatem,
3139 4258 3205 4299 eo
3237 4245 3379 4312 quod
3411 4240 3506 4292 ob-

1921 4342 2311 4412 temperaverit
2338 4341 2584 4410 patribus
2617 4343 2734 4394 suis
2764 4337 3165 4409 spiritualibus.

1992 4431 2105 4501 Ego
2139 4441 2319 4487 autem
2359 4433 2495 4500 scio,
2529 4431 2680 4486 filioli
2713 4432 2839 4496 mei,
2875 4427 3019 4498 quod
3060 4440 3159 4482 nos
3184 4420 3503 4489 omnesiam

219 4521 374 4577 filioli
417 4522 520 4577 mei
559 4523 845 4590 amabiles,
877 4539 985 4580 non
1031 4525 1307 4579 abscondo
1339 4538 1366 4576 a
1401 4523 1553 4578 vobis
1595 4536 1815 4577 mensu-
1845 4539 1894 4598 ι)
1925 4525 2235 4594 accepimus
2283 4523 2548 4579 virtutem
2601 4539 2630 4576 a
2685 4520 2952 4586 Domino,
3003 4519 3128 4589 quia
3168 4515 3508 4572 obedivimus

207 4629 338 4672 Tam
365 4616 686 4672 tentatiouis
709 4617 762 4671 in
795 4631 902 4688 qua
935 4615 1215 4682 versabar,
1245 4625 1298 4670 et
1326 4629 1390 4669 ex
1423 4629 1530 4685 qua
1555 4611 1807 4669 liberavit

218 4723 307 4763 tne
338 4707 600 4762 Dominus
649 4721 836 4776 meus;
883 4718 938 4763 et
986 4717 1167 4763 certus
1213 4705 1432 4777 quidem
1477 4721 1619 4771 sum,
1668 4703 1812 4774 quod

220 4801 324 4857 hoc
351 4799 458 4852 sim
487 4811 814 4855 consecutus
837 4799 1038 4855 vestris
1064 4800 1427 4865 orationibus,
1454 4807 1509 4854 et
1539 4796 1816 4868 precibus,

218 4907 276 4952 et
319 4893 586 4951 memoria
622 4901 804 4947 vestra
846 4907 954 4962 qua
997 4907 1084 4947 me
1131 4889 1547 4961 prosequimiui.
1595 4888 1810 4944 Etenim

218 4989 360 5046 satis
402 4986 613 5044 laboris
646 5000 857 5041 mecum
887 4985 1190 5055 pertulistis
1216 5002 1231 5052 ;
1260 4994 1315 5039 et
1351 4993 1504 5041 certe
1535 4983 1684 5039 dabit
1720 4996 1818 5035 vo-

219 5083 306 5140 bis
337 5081 604 5137 Dominus
631 5079 888 5149 spiritum
932 5077 1150 5143 salutis,
1182 5077 1639 5150 quemadmodum
1672 5077 1822 5130 dedit

222 5187 361 5228 mea:
407 5172 737 5243 paupertati.
771 5169 918 5225 Dixit
949 5171 1094 5226 enim
1127 5171 1413 5244 discipulis
1453 5170 1569 5226 suis
1600 5186 1615 5222 :
1656 5166 1819 5223 Vobis

219 5275 402 5321 autem
432 5266 524 5338 qui
568 5265 898 5321 sustinuistis
931 5281 1135 5319 mecum
1171 5265 1229 5318 in
1261 5264 1638 5318 tentationibus
1666 5263 1816 5327 meis,

222 5359 474 5427 dispono,
506 5357 640 5411 sicut
669 5355 939 5425 pollicitus
970 5365 1044 5409 est
1079 5354 1247 5408 Pater
1281 5371 1446 5417 meus,
1486 5369 1726 5423 regnum,
1763 5361 1820 5404 ut

219 5450 398 5506 edatis
423 5457 472 5504 et
501 5439 689 5502 bibatis
717 5463 874 5516 super
899 5463 1133 5502 mensam
1156 5462 1324 5501 meam
1348 5447 1403 5500 in
1424 5461 1584 5516 regno
1613 5461 1727 5499 meo
1750 5445 1820 5498 "".

220 5543 410 5611 Quare
439 5539 725 5610 percipite,
762 5537 914 5594 filioli
952 5539 1080 5604 mei,
1130 5553 1351 5594 sensum
1390 5537 1582 5592 horum
1615 5535 1814 5591 verbu-

225 5650 387 5704 rum;
416 5633 563 5706 quod
590 5631 843 5689 videlicet
869 5632 1181 5705 quicunque
1202 5632 1474 5705 particeps
1502 5631 1562 5686 fit
1588 5630 1818 5687 Domino

297 5823 347 5859 ⁷⁸
383 5822 528 5883 Psal.
564 5838 734 5889 uvn,
774 5823 860 5883 l9.
903 5861 909 5871 .
941 5824 986 5858 ⁷³
1029 5821 1164 5883 Luc.
1209 5840 1341 5892 χχιι,
1369 5824 1580 5893 29,30.

1665 5827 1711 5862 ⁷⁸
1747 5825 1947 5884 Ezech.
1987 5839 2027 5893 ι,
2055 5822 2088 5878 4
2131 5837 2253 5894 sqq.

1925 4614 2174 4684 patribus
2219 4613 2444 4677 nostris,
2483 4626 2784 4682 eorumque
2815 4610 3126 4681 accepimus
3170 4605 3505 4664 benedictio-

1923 4723 2070 4764 nem.
2106 4705 2214 4763 Vos
2250 4721 2466 4778 quoque
2513 4718 2732 4778 propter
2765 4715 3005 4762 vestram
3051 4701 3413 4759 obedientiam
3455 4709 3505 4757 et

1924 4801 2325 4866 ministerium,
2383 4800 2660 4869 accipietis
2695 4797 3057 4854 ministerium
3091 4811 3123 4851 a
3164 4793 3397 4850 Domino
3458 4802 3508 4847 et

1925 4893 2318 4949 haereditabitis
2385 4893 2823 4949 benedictionem
2887 4899 3101 4960 patrum
3173 4899 3501 4942 veStrorum.

1926 4987 2056 5042 Dico
2088 4987 2305 5057 quidem
2337 4986 2513 5052 vobis,
2539 4987 2683 5054 quod
2712 4997 2927 5055 semper
2948 4981 3113 5038 vestri
3149 4992 3357 5034 memor
3385 4977 3510 5040 sim,

1923 5088 1979 5134 et
2009 5079 2165 5135 video
2199 5094 2299 5135 vos
2335 5079 2388 5133 in
2425 5080 2642 5148 spiritu,
2691 5087 2945 5146 tanquam
2989 5088 3186 5144 parens
3233 5072 3318 5141 pia
3352 5080 3512 5140 atque

1926 5173 2245 5227 misericors
2277 5170 2416 5226 filios
2451 5187 2578 5226 suos
2610 5168 2886 5240 parvulos.
2929 5165 3087 5236 Saepe
3126 5163 3343 5233 quidem
3374 5161 3496 5215 vole

1930 5263 2022 5317 bat
2061 5264 2323 5319 Dominus
2353 5277 2506 5317 meus
2535 5262 2818 5332 quiescere
2845 5271 2930 5313 tne
2961 5255 3142 5311 facere
3173 5269 3203 5308 a
3237 5252 3514 5308 laboribus

1924 5357 2175 5425 corporis
2205 5355 2384 5423 hujus,
2419 5361 2473 5410 et
2504 5367 2782 5410 assumere
2822 5351 3061 5405 animam
3099 5361 3276 5402 meam
3309 5345 3375 5399 ad
3412 5358 3510 5409 se;

1925 5451 2018 5504 sed
2055 5466 2177 5505 cum
2210 5452 2519 5520 requiescat
2547 5449 2600 5504 ia
2628 5445 2784 5502 vobis
2815 5444 3056 5516 Spiritus
3096 5441 3334 5506 Domini,
3381 5439 3514 5493 reli-

1926 5543 2045 5613 quit
2072 5543 2319 5613 spiritum
2357 5556 2536 5598 meum
2581 5541 2635 5596 iu
2673 5553 2902 5608 corpore
2931 5535 3047 5605 ejus
3071 5534 3138 5590 ad
3163 5529 3508 5591 educandum

1932 5650 2050 5702 vos,
2089 5636 2276 5692 dicens
2311 5635 2357 5692 ei
2390 5655 2406 5694 :
2441 5633 2636 5705 Utique
2671 5632 2877 5704 optima
2905 5645 2966 5687 cs
2995 5643 3193 5700 parcus
3225 5637 3279 5682 et
3305 5623 3509 5679 educa-

2340 5820 2395 5894 f'
2429 5817 2572 5876 Psal.
2613 5831 2708 5885 cn,
2743 5815 2798 5872 5.
