3860 6342
377 299 523 360 1085

1491 303 1769 362 PATRES
1802 303 2108 360 IEGYPTII
2147 303 2420 363 SECULI
2459 307 2550 362 IV.

3521 311 3696 367 10.56

381 417 491 473 trix
520 415 694 484 bona;
729 422 1019 486 propterea
1045 415 1239 486 reliqui
1274 425 1346 484 te,
1380 428 1440 473 ut
1470 421 1675 489 Optime
1697 421 1962 474 educares
1992 431 2039 487 Α
2067 420 2274 474 minum
2302 419 2672 477 contemnatis
2704 437 2718 477 :
2749 421 2908 492 hujus
2939 424 3138 496 quippe
3168 425 3323 480 radix
3351 435 3436 480 est
3457 440 3691 496 super-

383 510 525 566 lilios
557 517 698 565 tuos.
731 508 800 563 Et
844 523 1008 574 nunc,
1035 507 1181 564 filioli
1223 510 1328 564 mei
1367 511 1634 566 benedicti
1673 511 1962 566 novissima

383 601 787 666 benedictione,
814 613 882 654 en
908 600 1046 656 liber
1082 617 1237 658 meus
1270 603 1338 659 ad
1379 619 1475 659 vos
1525 614 1580 658 et
1615 603 1958 660 benedictio:

380 708 552 764 quare
581 702 798 749 servate
823 693 993 758 illum,
1029 710 1151 750 cum
1180 696 1251 751 sit
1279 711 1406 752 vera
1438 699 1750 760 haereditas,
1772 709 1824 753 et
1856 700 1967 754 ba:-

381 782 640 838 reditatio
669 793 886 854 patrum
917 785 1308 856 spiritualium,
1333 789 1423 857 qui
1453 789 1678 844 minime
1701 788 1825 844 (iliis
1851 790 1965 845 suis

389 889 586 930 aurum
617 875 702 931 vel
731 887 1017 948 argentum
1053 887 1146 933 aut
1180 880 1264 935 his
1291 881 1492 936 similia
1531 881 1960 938 hmreditandum

383 965 733 1039 relinquunt;
766 971 862 1026 sed
891 965 1076 1026 veram
1111 973 1502 1030 liuereditatem.
1529 975 1788 1032 Parentes
1811 993 1966 1030 nam-

390 1077 499 1132 que
532 1063 849 1134 corporales
877 1074 1027 1130 sunt,
1064 1067 1157 1135 qui
1188 1067 1617 1123 ha2reditandum
1652 1069 1964 1141 relinquunt

381 1153 510 1210 ﬁliis
537 1154 652 1212 suis
684 1172 874 1212 aurum
909 1167 964 1215 et
995 1170 1279 1230 argentum
1321 1170 1377 1216 et
1415 1161 1501 1216 his
1535 1161 1753 1216 similia.
1786 1163 1966 1230 Quare

381 1248 566 1305 videte
609 1250 990 1321 patriarchas,
1041 1252 1134 1321 qui
1184 1267 1319 1308 auro
1370 1263 1426 1307 et
1470 1264 1695 1324 argento
1740 1255 1967 1326 aliisque

381 1341 758 1412 corporalibus
789 1342 993 1398 divitiis
1041 1341 1352 1410 abluebant,
1401 1359 1502 1399 nec
1549 1353 1727 1401 tamen
1764 1349 1967 1404 mentio

382 1430 488 1486 ulla
537 1431 620 1501 ﬁt,
667 1434 812 1504 quod
854 1435 1046 1491 horum
1081 1437 1370 1506 quisquam
1412 1435 1540 1492 ﬁliis
1583 1438 1700 1494 suis
1745 1438 1965 1496 illarum

383 1526 732 1594 meminerit;
761 1527 1028 1598 siquidem
1063 1529 1381 1600 temporalia
1410 1538 1534 1585 sunt
1564 1540 1619 1586 et
1644 1532 1964 1588 transitura.

388 1615 497 1673 Sed
546 1619 974 1677 haereditandum
1018 1621 1357 1693 reliquerunt
1383 1623 1489 1679 illis
1530 1624 1965 1682 benedictionem

383 1707 533 1764 illam
580 1725 802 1776 veram,
853 1712 906 1767 in
952 1724 1215 1770 arternum
1264 1717 1608 1784 duraturam,
1652 1733 1771 1789 qua:
1824 1721 1967 1791 parit

2069 512 2178 576 hia,
2221 527 2345 581 qua:
2381 511 2695 568 hominibus
2731 513 2868 568 iram
2903 514 3137 572 induxit.
3173 516 3240 570 Et
3275 517 3482 572 idcirco
3522 521 3692 574 diin

2068 601 2236 657 Isaias
2270 603 2534 674 propheta
2574 618 2588 656 :
2625 603 2769 659 Ecce
2805 605 2918 659 dies
2964 605 3179 660 Domini
3214 605 3451 663 Sabaoth
3488 611 3688 663 venies

2067 710 2226 763 super
2253 711 2430 750 omnes
2474 697 2724 764 superbos
2777 697 2954 763 corde,
2988 708 3037 752 et
3071 699 3318 754 illusores
3346 700 3415 755 ⁸³,
3465 699 3694 757 Videte

2070 786 2271 857 itaque,
2328 788 2672 845 dilectissimi
2727 790 2855 856 mei,
2916 792 3346 862 magnitudinem
3399 797 3690 849 maeroris

2069 877 2232 949 hujus
2253 881 2346 950 qui
2377 880 2629 951 superbis
2660 891 2958 938 eventurus
2993 893 3099 938 est.
3132 883 3316 951 Quare
3355 900 3457 938 nos
3492 900 3690 952 Opor-

2069 979 2166 1034 tet,
2211 979 2274 1025 ut
2305 970 2588 1041 lugeamus
2620 985 2785 1040 super
2823 974 3183 1044 nosmetipsos
3242 975 3426 1030 cordis
3466 976 3692 1030 ardore

2069 1071 2124 1116 et
2147 1063 2448 1131 mtestitia;
2487 1079 2609 1119 nam
2642 1065 2841 1122 multos
2870 1065 2977 1119 vidi
3013 1067 3308 1122 monachos
3337 1077 3391 1120 et
3421 1062 3690 1136 virgines

2069 1153 2122 1209 in
2156 1155 2299 1211 hanc
2337 1155 2563 1211 arduam
2598 1157 2860 1213 cecidisse
2892 1159 3204 1228 passionem
3237 1159 3308 1214 ob
3336 1174 3534 1214 eorum
3580 1159 3686 1213 fal-

2067 1262 2185 1305 sam
2225 1249 2682 1307 existimationem
2703 1291 2719 1316 ,
2750 1251 2993 1306 dicentes
3023 1253 3088 1307 de
3152 1254 3464 1317 semetipsis
3493 1270 3509 1309 :
3557 1253 3686 1308 Uti—

2068 1355 2174 1411 que
2226 1355 2327 1397 nos
2376 1340 2582 1412 aliquid
2641 1343 2821 1414 magni
2885 1358 3097 1410 sumus,
3157 1352 3213 1398 et
3261 1344 3442 1399 nullus
3506 1344 3682 1399 nobis

2067 1433 2501 1504 comparabitur.
2535 1433 2680 1490 Vere
2713 1443 2897 1490 autem
2931 1437 3054 1491 dico
3084 1436 3260 1503 vobis,
3287 1436 3682 1504 dilectissimi,

2070 1524 2206 1579 nihil
2239 1539 2362 1582 esse
2386 1525 2439 1581 in
2467 1526 2553 1582 his
2578 1527 2682 1582 nisi
2714 1527 3026 1598 superbiam
3051 1535 3106 1582 et
3129 1537 3506 1598 contemptqu
3531 1543 3678 1598 erga

2073 1615 2349 1685 homines,
2397 1628 2452 1675 et
2481 1620 2688 1686 odium,
2721 1631 2775 1676 et
2807 1620 3099 1692 pessimam
3135 1620 3544 1676 aemulationem
3565 1663 3585 1688 ,
3619 1629 3680 1673 et

2072 1712 2478 1767 contentionem
2504 1753 2520 1779 ,
2549 1713 2676 1784 quia
2724 1713 3100 1784 pmniteutiant
3145 1728 3302 1784 agere
3344 1723 3398 1768 et
3441 1728 3514 1767 ex
3552 1721 3684 1768 toto

381 1802 627 1871 requiem
656 1803 970 1872 ctelestem;
1006 1815 1061 1860 et
1103 1807 1218 1876 ipsa
1264 1817 1369 1873 est,
1408 1823 1528 1878 quae
1565 1783 1803 1865 manebit
1826 1783 1963 1867 'cum
2000 1783 2044 1840 Β
2071 1803 2238 1859 corde
2270 1804 2596 1876 resipiscere
2626 1814 2895 1872 renuunt;
2921 1813 2974 1860 et
2999 1807 3116 1861 lia-c
3147 1821 3279 1861 sane
3307 1816 3479 1876 atque
3505 1805 3676 1860 simi-

381 1891 606 1948 homine
637 1893 690 1948 in
721 1904 1009 1952 aeternum.
1037 1894 1400 1964 Quamobrem
1437 1899 1634 1955 scitote
1663 1902 1807 1972 quod
1850 1902 1965 1960 haec

383 1983 690 2041 benedictio
717 2002 882 2056 quam
925 1987 1074 2043 dedit
1103 1989 1258 2045 vobis
1307 2000 1461 2060 pater
1505 2001 1706 2062 vester,
1757 2008 1856 2064 par
1895 1995 1967 2052 sit

385 2073 463 2129 illi
496 2075 860 2132 benedictioni
903 2088 1166 2148 paterna}.
1214 2081 1458 2137 Salutem
1494 2083 1548 2138 in
1599 2085 1871 2154 Domino,
1912 2097 1969 2144 et

387 2167 651 2236 Spiritqu
685 2169 933 2227 veritatis
962 2175 1229 2231 concedat
1257 2175 1414 2232 vobis
1454 2175 1718 2234 Dominus
1757 2191 1965 2248 noster,

383 2258 558 2316 donec
601 2261 899 2320 discedatis
931 2263 1000 2320 ab
1029 2267 1133 2323 hoc
1170 2268 1370 2323 mundo
1406 2270 1726 2338 transiture,
1760 2282 1817 2328 et
1860 2273 1968 2330 bre-

384 2352 632 2408 reditetis
677 2355 940 2410 mundum
983 2357 1134 2412 illum
1173 2361 1497 2416 duratttrum
1521 2401 1536 2425 ,
1573 2362 1969 2422 intercessione

379 2441 619 2496 omnium
635 2453 845 2512 patrum
863 2454 1194 2503 nostrorum.
1211 2449 1278 2505 Et
1296 2451 1437 2518 laus,
1454 2459 1508 2507 et
1527 2453 1698 2524 gloria
1714 2454 1970 2512 Trinitati

289 2542 302 2556 ‘
379 2534 1015 2603 sanctissimamDominaz
1040 2541 1360 2598 sreculorum
1384 2543 1440 2598 in
1463 2551 1750 2604 internum.
1768 2548 1967 2604 Amen.

927 2630 1266 2690 EPISTOLA
1313 2635 1434 2692 XX.

629 2779 631 2782 ,
779 2719 920 2776 Filio
949 2739 1045 2777 suo
1071 2723 1343 2782 Bebnudo.
1379 2728 1526 2783 Dixit
1549 2744 1570 2785 :

453 2803 821 2867 Dilectissime
851 2813 982 2867 mihi
1015 2818 1326 2872 venerande
1352 2818 1406 2874 in
1433 2819 1661 2878 Domino
1687 2823 1971 2894 Bebnude,

385 2912 493 2966 pax
529 2900 650 2958 tibi.
679 2902 823 2958 Ante
852 2906 1036 2960 omnia
1065 2907 1351 2964 Dominmn
1377 2912 1644 2983 deprecor
1673 2932 1773 2987 pro
1794 2918 1972 2977 salute

379 2992 627 3048 omnium
677 2996 988 3053 animarum
1045 2999 1142 3056 tibi
1193 3003 1586 3072 obedientium,
1631 3019 1686 3065 et
1736 3027 1837 3082 pro
1881 3022 1969 3069 tua

381 3098 599 3154 quoque
642 3087 845 3154 salute,
889 3091 1358 3152 etiahorautium
1416 3108 1594 3156 tecum
1647 3102 1700 3158 in
1750 3107 1972 3164 nomine

383 3169 625 3242 Domini,
667 3187 722 3233 et
769 3179 1014 3236 omnium
1063 3184 1461 3243 ambulantium
1512 3201 1687 3247 tecum
1742 3197 1794 3249 in
1836 3211 1970 3266 pace

381 3276 606 3336 propter
649 3268 939 3326 Dominum
997 3285 1244 3332 nostrum
1292 3276 1479 3335 Jesum
1523 3281 1825 3341 Christum.
1877 3285 1970 3344 lsti

381 3358 528 3414 enim
567 3362 914 3431 requiescere
947 3365 1154 3423 faciunt
1191 3369 1404 3428 animas
1452 3383 1666 3443 patrum
1716 3393 1966 3449 suorum,

380 3466 520 3521 quos
573 3455 839 3514 Dominus
879 3469 1066 3517 noster
1113 3461 1273 3519 Jesus
1315 3465 1569 3525 Christus
1622 3471 1973 3540 requiescere

384 3544 549 3600 faciat
575 3545 628 3602 in
671 3563 841 3619 regno
872 3551 1158 3612 caelorum.
1191 3555 1305 3613 Hoc
1331 3567 1512 3614 autem
1540 3560 1730 3617 sciatis
1756 3577 1969 3630 omnes,

381 3639 525 3707 quod
569 3640 882 3713 quicunque
925 3643 1056 3702 facit
1088 3648 1376 3718 quiescere
1409 3651 1643 3722 aliquem
1688 3669 1757 3709 ex
1797 3657 1973 3715 servis

384 3730 623 3797 Domini,
660 3736 912 3802 quamvis
942 3738 1110 3794 calice
1146 3756 1300 3811 aqua:
1336 3742 1624 3811 duntaxat,
1657 3762 1866 3805 merces
1909 3751 1974 3804 il-

382 3822 488 3878 lius
541 3839 647 3880 non
685 3827 1032 3897 deperditur,
1081 3831 1245 3887 sicuti
1302 3836 1681 3893 sacratissimo
1725 3855 1822 3895 ore
1875 3857 1974 3897 suo

383 3915 460 3969 ait
494 3915 760 3974 Dominus
799 3930 1026 3979 noster:
1067 3923 1379 3998 Quicunque
1419 3939 1600 3999 potum
1631 3932 1833 3987 dederit
1881 3936 1975 3990 uni

383 4024 452 4062 ea:
484 4010 717 4066 minimis
752 4012 874 4068 istis
909 4014 1094 4070 calicis
1124 4034 1277 4088 aqua:
1310 4019 1523 4090 frigida:
1551 4032 1759 4077 tantum
1782 4026 1836 4078 in
1873 4044 1972 4083 no-

383 4099 524 4152 mine
551 4101 822 4169 discipuli,
842 4121 993 4159 amen
1016 4108 1134 4160 dico
1161 4109 1304 4164 vobis
1330 4127 1435 4164 non
1460 4113 1644 4180 perdet
1675 4117 1965 4171 mercedem

389 4210 541 4249 suam
573 4196 654 4262 7';
689 4207 744 4252 et
770 4197 844 4252 ait
877 4198 1043 4254 etiam
1075 4201 1142 4255 de
1168 4200 1296 4265 illis,
1327 4202 1420 4273 qui
1454 4205 1782 4260 contristant
1809 4208 1978 4266 disci-

385 4285 637 4370 palorum
674 4289 1378 4360 spiritusetscandalizant
1409 4312 1505 4352 sua
1551 4299 1760 4354 malitia
1806 4320 1820 4357 :
1868 4303 1977 4370 Qui

384 4363 561 4436 autem
599 4383 1041 4439 scandalizauerit
1083 4404 1245 4441 unum
1289 4389 1354 4444 de
1387 4389 1596 4458 pusillis
1629 4393 1750 4447 istis
1787 4396 1878 4466 qui
1919 4397 1975 4450 in

2068 1895 2142 1949 lia
2177 1911 2517 1966 nequaquam
2552 1896 2637 1952 his
2681 1897 3337 1967 permittuntdiscernere
3372 1897 3526 1952 inter
3557 1898 3676 1954 δοσ-

2069 2003 2197 2042 uum
2228 1997 2283 2042 et
2315 1989 2549 2056 malum,
2595 1998 2651 2045 et
2689 1991 2831 2046 inter
2865 1990 3206 2048 dulcedinem
3249 2003 3303 2047 et
3330 1992 3676 2046 amaritudi-

2069 2095 2214 2135 nem.
2241 2079 2687 2150 Quandoquidem
2715 2083 2941 2153 spiritus
2962 2082 3089 2138 mali
3117 2084 3171 2138 in
3200 2097 3325 2140 aere
3347 2084 3678 2140 consisten-

2070 2183 2152 2230 tes
2183 2173 2369 2245 lugere
2407 2188 2500 2231 eos
2543 2175 2749 2230 faciunt
2805 2183 3047 2246 tempore
3095 2177 3340 2245 ridendi,
3380 2185 3440 2232 ot
3481 2176 3674 2237 cidere

2071 2275 2316 2335 tempore
2344 2266 2561 2339 lugendi
2586 2285 2603 2336 ;
2632 2278 2687 2323 et
2716 2268 2940 2338 impleta
2977 2277 3061 2324 est
3087 2269 3152 2324 de
3189 2268 3297 2323 illis
3320 2269 3616 2341 Scriptura
3653 2289 3668 2324 :

2070 2359 2388 2415 Maledictus
2422 2369 2500 2415 est
2549 2363 2643 2432 qui
2689 2362 2818 2432 facit
2864 2362 3054 2417 bonum
3105 2361 3325 2427 malum,
3362 2371 3412 2417 et
3458 2361 3669 2416 nmium

2071 2451 2285 2519 bonum,
2324 2463 2374 2509 et
2419 2453 2512 2524 qui
2544 2453 2676 2523 facit
2724 2471 2966 2509 amarum
3003 2453 3177 2520 dulce,
3209 2464 3260 2508 et
3303 2453 3460 2510 dulce
3508 2471 3668 2510 ania-

2070 2560 2188 2598 rum
2218 2545 2286 2600 3‘.
2320 2544 2433 2602 Hos
2478 2546 2697 2618 quidem
2729 2546 3015 2618 oportebat
3049 2546 3424 2617 obtemperare
3463 2557 3668 2603 sancto

2070 2633 2263 2690 Joanni
2309 2636 2516 2692 dicenti
2563 2655 2579 2692 :
2633 2637 2813 2693 Nolite
2855 2638 3066 2692 credere
3098 2638 3240 2692 omni
3267 2637 3521 2707 spiritui;
3568 2640 3664 2694 sed

2069 2722 2290 2794 probate
2314 2725 2559 2795 spiritus,
2591 2743 2715 2781 num
2743 2728 2851 2781 sint
2880 2745 2911 2780 a
2943 2726 3052 2781 Deo
3075 2727 3142 2785 ⁸⁵.

2144 2815 2313 2874 Nobis
2341 2829 2524 2874 autem
2555 2835 2691 2891 Opus
2721 2827 2805 2875 est
2832 2833 2996 2888 super
3034 2820 3132 2876 bos
3167 2819 3372 2892 lugere,
3402 2821 3494 2891 qui
3530 2836 3663 2892 per-

2074 2906 2280 2964 sistunt
2319 2908 2374 2964 in
2414 2909 2499 2964 bis
2529 2909 2841 2966 memoratis
2874 2911 3032 2967 malis
3069 2913 3216 2966 omni
3261 2921 3507 2982 tempore
3532 2912 3661 2969 vita:

2073 3013 2207 3066 suae,
2243 3013 2416 3071 eaque
2461 3001 2691 3072 diligunt
2722 3002 2844 3072 plus
2875 3017 3040 3074 quam
3084 3003 3310 3075 diligunt
3337 3019 3520 3061 escam
3561 3021 3661 3062 ne-

2073 3093 2407 3158 cessariam,
2449 3100 2505 3147 et
2552 3093 2742 3148 audire
2791 3101 3141 3149 contemnunt
3186 3095 3512 3152 documenta
3562 3098 3663 3152 Dei

2073 3185 2325 3249 viventis,
2354 3184 2738 3253 amplexantes
2765 3201 2826 3244 ea
2863 3186 3002 3241 mala
3031 3185 3353 3242 documenta
3381 3203 3504 3258 quae
3531 3199 3660 3244 sunt

2075 3273 2362 3344 impiorum
2400 3274 2716 3344 spirituum.
2762 3275 2894 3341 Quae
2924 3275 3144 3347 quidem
3192 3275 3286 3330 Dei
3333 3277 3657 3334 documenta

2073 3373 2222 3434 sunt,
2251 3367 2487 3437 puritas,
2519 3380 2624 3434 pax
2656 3376 2920 3436 perpetua
2951 3367 3070 3422 sine
3108 3367 3470 3425 mutabilitate
3496 3369 3660 3440 plena

2073 3459 2500 3524 misericordias,
2586 3470 2640 3515 et
2717 3459 3047 3530 reliquorum
3125 3461 3454 3532 optimorum
3541 3463 3656 3518 fru-

2074 3553 2257 3600 ctuum
2321 3559 2596 3610 verorum,
2641 3559 2876 3616 quorum
2931 3545 3327 3602 consummatio
3362 3556 3450 3602 est
3493 3546 3655 3604 benc-

2073 3635 2259 3692 dictio.
2312 3635 2557 3707 Satagite
2605 3638 2812 3708 itaque,
2846 3637 3211 3707 dilectissimi,
3274 3639 3388 3694 hare
3423 3637 3657 3709 Spiritus

2086 3729 2411 3784 documenta
2465 3729 2726 3800 consequi
2775 3729 2972 3800 quibus
3010 3730 3206 3784 anima:
3242 3740 3441 3786 nostra).
3483 3730 3656 3785 viviﬁ-

2078 3829 2292 3886 cantur,
2324 3819 2502 3888 iisque
2533 3819 2899 3876 mediantibus
2929 3820 3258 3891 suscipimus
3289 3819 3568 3875 Dominum
3599 3821 3653 3876 in

2077 3911 2514 3982 nobismetipsis;
2558 3927 2624 3968 ea
2693 3911 2895 3982 quippe
2938 3921 3065 3969 sunt
3099 3913 3181 3967 via
3216 3927 3430 3976 secura,
3460 3913 3512 3966 in
3549 3928 3652 3983 qua

2077 4005 2256 4061 nullus
2279 4007 2548 4077 reperitur
2570 4005 2716 4061 latro
2745 4005 2860 4062 sive
2883 4007 3174 4077 quidquam
3205 4006 3353 4064 mali.
3379 4005 3443 4061 Et
3471 4007 3653 4063 sciatis

2080 4098 2224 4167 quod
2273 4097 2392 4154 sine
2432 4098 2672 4169 puritate
2710 4097 2956 4168 corporis
2996 4106 3050 4153 et
3081 4099 3264 4154 cordis
3295 4113 3452 4153 nemo
3481 4098 3652 4153 valeat

2078 4205 2199 4246 esse
2225 4191 2498 4261 perfectus
2528 4207 2712 4248 coram
2748 4191 2879 4259 Deo,
2905 4192 3200 4248 secundum
3230 4191 3372 4261 quod
3397 4191 3654 4261 scriptum

2077 4291 2161 4339 est
2202 4285 2256 4338 in
2289 4295 2640 4339 sacrosancto
2674 4283 2970 4356 Evangelio
3010 4301 3023 4340 :
3058 4283 3212 4338 Beati
3247 4285 3446 4338 mundo
3481 4284 3652 4348 corde,

2080 4376 2331 4446 quoniam
2357 4375 2458 4445 ipsi
2491 4373 2658 4429 Deum
2688 4377 2930 4431 videbunt
2964 4375 3032 4432 ⁸⁸.
3073 4375 3340 4430 Perfemio
3373 4377 3515 4429 enim
3549 4377 3654 4430 ori-

387 4489 470 4528 ,ηε
515 4479 751 4539 cadum.
795 4480 961 4549 magis
1009 4481 1217 4549 εχρεάίι
1255 4481 1339 4549 εί,
1401 4494 1454 4537 ,η
1505 4487 1860 4554 suspendat,”
1914 4489 1970 4544 ίη
2007 4497 2051 4552 ι)
2083 4477 2168 4520 tur
2216 4483 2283 4522 ex
2313 4467 2551 4538 puritate
2589 4469 2800 4536 cordis;
2835 4467 2888 4523 in
2914 4467 3170 4524 cordibus
3215 4469 3413 4540 quippe
3465 4469 3650 4538 duplex

386 4565 524 4620 collo
553 4567 666 4636 ejus
701 4568 837 4638 lapis
868 4569 1044 4638 male,
1073 4582 1121 4626 et
1157 4572 1494 4644 demergatur
1523 4576 1574 4630 in
1620 4594 1761 4632 mare
1795 4579 1882 4645 7’;
1917 4591 1973 4636 et

388 4659 530 4716 dixit
558 4661 723 4716 etiam
755 4680 770 4718 :
805 4662 1058 4719 Mensura
1083 4682 1187 4736 qua
1220 4669 1614 4736 mensurabitis,
1639 4673 1973 4729 mensurabi-

385 4762 476 4806 tur
510 4754 650 4809 vobis
679 4755 744 4808 ⁸ο.
763 4755 942 4823 Quare
967 4758 1256 4829 percipite,
1288 4759 1626 4816 dilectissimi
1661 4763 1786 4830 mei,
1819 4766 1966 4834 quod

386 4842 650 4902 Dominus
677 4847 809 4903 nihil
833 4863 1024 4904 eorum
1046 4865 1167 4919 qua:
1197 4864 1362 4919 super
1394 4861 1596 4907 terram
1627 4865 1770 4920 sunt,
1796 4855 1972 4928 diligit

388 4953 504 5009 pr'e
527 4938 812 5008 discipulis
841 4942 955 4996 suis
983 4950 1039 4996 et
1067 4941 1394 4998 facientibus
1425 4944 1754 5002 voluntatem
1785 4963 1970 5017 suam,

385 5039 442 5083 et
487 5027 736 5099 deperdit
773 5029 867 5103 qui
897 5047 992 5088 eos
1032 5042 1414 5089 contemnunt.
1451 5035 1663 5093 Etenim
1707 5041 1968 5111 quidquid

385 5121 520 5177 facit
561 5123 724 5178 homo
770 5125 948 5179 servis
992 5123 1112 5193 Dei,
1158 5125 1235 5181 illi
1276 5127 1425 5195 facit,
1458 5130 1586 5196 jsive
1618 5130 1820 5186 bonum
1857 5135 1974 5192 sive

387 5215 591 5270 malum
617 5216 669 5272 id
696 5216 787 5272 sit.
826 5215 972 5272 Dixit
1003 5219 1147 5273 enim
1176 5236 1191 5273 :
1226 5217 1331 5286 Qui
1358 5223 1580 5293 suscipit
1601 5239 1710 5287 vos,
1751 5226 1974 5294 suscipit

384 5322 467 5360 me
497 5307 581 5374 In;
611 5316 667 5363 et
689 5310 852 5366 etiam
887 5328 902 5366 :
939 5310 1094 5376 Quod
1122 5329 1225 5367 non
1257 5313 1488 5383 feceritis
1515 5316 1609 5371 uni
1639 5332 1706 5371 ea:
1737 5318 1971 5371 minimis

391 5396 536 5459 istis,
575 5414 738 5469 neque
771 5402 900 5456 mihi
931 5402 1156 5472 feceritis
1187 5405 1255 5459 δ’.

465 5488 670 5559 Quare,
695 5492 1035 5551 dilectissimi
1066 5497 1192 5567 mei,
1222 5505 1430 5567 cavete,
1451 5514 1518 5556 ne
1547 5504 1856 5573 quempiam
1882 5500 1975 5556 ho-

466 5720 734 5796 "_'_M:ttth.
773 5739 832 5790 ι,
874 5724 966 5779 42.
1045 5726 1089 5760 ⁷¹⁹
1123 5727 1313 5782 Matth.
1358 5745 1509 5796 xvttt,
1559 5731 1611 5786 6.

384 5792 429 5808 "
477 5791 664 5849 "allii.
706 5811 836 5859 xxv,
875 5795 965 5853 45.

1713 5733 1758 5764 ⁸ο
1795 5731 1981 5786 Matth.

1077 5798 1124 5833 ⁸³
1161 5797 1265 5855 lsa.
1295 5807 1354 5867 ll,
1398 5802 1484 5857 1‘2.
1561 5802 1607 5834 ⁸³
1646 5804 1748 5860 lsa.
1789 5818 1843 5871 v,
1877 5803 1971 5859 ‘20.

2085 4566 2223 4621 inest
2279 4567 2512 4638 species,
2559 4567 2772 4623 scilicet
2814 4567 3013 4623 bonum
3053 4568 3330 4634 naturale,
3359 4579 3411 4624 et
3461 4569 3652 4624 malum

2083 4671 2284 4732 praeter
2317 4671 2594 4726 naturam,
2625 4662 2767 4731 quod
2813 4663 2956 4732 parit
2984 4662 3263 4729 passiones
3289 4663 3503 4728 animm,
3538 4679 3648 4732 qua:

2084 4760 2211 4806 sunt
2261 4753 2566 4808 susurratio
2593 4795 2607 4815 ,
2662 4753 2888 4820 invidia,
2925 4753 3100 4808 illusio
3141 4764 3197 4808 et
3254 4754 3458 4823 reliqua
3499 4755 3645 4809 ntala.

2081 4846 2287 4901 Bonum
2326 4861 2454 4902 vero
2503 4847 2643 4917 parit
2687 4847 3050 4917 cognitionem
3106 4846 3224 4910 Dei,
3271 4857 3327 4901 et
3374 4847 3647 4900 sanitatem

2083 4939 2277 4993 anima:
2317 4938 2387 4994 ab
2425 4939 2680 4994 omnibus
2731 4938 3094 5008 passionibus.
3133 4937 3313 5004 Quare
3369 4939 3506 4992 dixit
3553 4938 3645 4992 Da-

2080 5033 2169 5089 vid
2202 5051 2216 5087 :
2247 5033 2460 5100 Anima,
2493 5034 2707 5087 benedic
2730 5033 3013 5086 Dominum
3041 5042 3314 5086 sonantem
3341 5050 3517 5087 onmes
3539 5040 3675 5112 tuast

2077 5129 2348 5199 passiones
2383 5128 2452 5183 ⁸⁷.
2492 5127 2552 5182 Si
2605 5137 2786 5182 autem
2835 5127 3017 5181 studet
3071 5127 3269 5190 homo,
3325 5121 3672 5232 dilectissimi;

2085 5221 2214 5287 mei,
2243 5219 2530 5276 eradicare
2560 5219 2782 5284 malum,
2811 5228 2868 5274 et
2897 5219 3123 5274 conlidit
3166 5219 3217 5274 iu
3268 5219 3496 5274 Domino
3536 5235 3644 5273 cum

2080 5314 2428 5379 rectitudine,
2459 5323 2516 5368 et
2541 5311 2731 5383 cffugit
2760 5313 2944 5367 omnia
2976 5312 3138 5376 mala,
3174 5312 3340 5376 luctu,
3372 5318 3427 5365 et
3458 5311 3642 5365 musti-

2086 5408 2181 5472 tia,
2209 5415 2263 5462 et
2291 5406 2560 5477 suspiriis,
2586 5414 2642 5462 et
2665 5403 2898 5474 jejunio,
2930 5413 2985 5460 et
3021 5405 3242 5476 vigiliis,
3269 5413 3320 5457 et
3349 5413 3641 5459 mansuetu-

2084 5501 2230 5567 dine,
2270 5511 2328 5556 et
2367 5500 2548 5556 multis
2598 5500 2664 5556 ad
2722 5499 2891 5556 Deum
2929 5499 3210 5569 precibus;
3269 5497 3526 5551 Dominus
3554 5510 3640 5551 sua

2030 5749 2128 5793 vn,
2179 5731 2248 5795 2;
2280 5729 2446 5784 Marc.
2476 5745 2550 5796 tv,
2583 5729 2685 5793 24;
2719 5726 2850 5782 Luc.
2883 5741 2956 5792 vt,
2985 5725 3076 5782 58.
3152 5723 3194 5756 ⁸⁸
3229 5720 3419 5796 ῥιψὶ».
3462 5721 3642 5796 1,-40.

2048 5790 2288 5858 ⁸⁸’.Ιουίλ
2332 5817 2407 5868 tv,
2450 5800 2501 5856 i.
2538 5790 2547 5796 ’
2579 5802 2643 5876 ,⁸⁸
2674 5790 2874 5857 Matth.
2917 5790 2967 5866 v,
3009 5799 3062 5854 8.
3137 5795 3182 5828 "
3223 5791 3367 5850 Ρδίιιο
3402 5804 3500 5858 ου»
3531 5790 3583 5846 3-
