3860 6338
157 300 303 357 105⁸1

1157 299 1214 355 S.
1257 297 1539 356 ANTONII
1577 297 1627 354 Μ
1689 297 1982 356 ABBATIS
2019 297 2405 356 EPISTOLIE.

3271 305 3416 362 1058'

159 415 410 470 bonitate
461 413 534 467 illi
574 412 954 483 opitulabitur,
1009 424 1067 470 et
1123 417 1192 471 ab
1241 415 1496 472 omnibus
1541 417 1740 472 animae
1767 425 1812 481 Α
1843 416 1908 471 Ει
1955 415 2227 472 dicitile
2272 417 2438 471 etiam
2474 435 2487 472 :
2539 415 2780 474 Recedite
2807 433 2840 473 a
2885 433 2986 485 me,
3021 419 3307 487 maledicti,
3354 423 3411 475 in

159 505 510 576 passionibus
557 519 680 560 eum
717 506 1051 572 vindicabit,
1087 507 1542 575 quemadmodum
1597 509 1735 563 dixit

153 598 329 653 David
359 617 374 654 :
405 596 603 652 Indica
638 615 737 664 me,
765 599 1013 669 quoniam
1042 599 1097 653 in
1125 599 1413 653 humilibus
1445 598 1735 662 ambulavi,

157 703 209 747 et
264 693 318 745 in
363 691 589 745 Domino
639 692 869 759 conﬁsus
900 707 1057 758 sum,
1101 702 1148 746 et
1200 707 1305 746 non
1358 692 1547 745 timebo
1568 691 1638 746 ⁸⁸.
1673 691 1742 747 Et

158 782 616 852 quemadmodum
651 782 806 837 vobis
845 792 1029 837 notum
1069 782 1198 846 l'eci,
1233 780 1574 837 dilectissimi
1609 781 1736 848 mei,

163 875 308 946 quod
335 875 422 929 his
448 875 706 942 operibus
738 875 810 930 sit
837 875 1044 930 sanitas
1075 875 1272 931 anima:
1305 889 1337 930 a
1365 874 1734 944 passionibus;

164 973 352 1019 notum
384 979 602 1034 quoque
631 963 785 1019 vobis
823 963 986 1028 facio,
1019 965 1159 1034 quod
1194 964 1347 1019 multi
1390 965 1740 1034 persistentes

163 1055 322 1124 longo
355 1054 616 1122 temporis
644 1053 931 1114 intervallo
972 1055 1023 1108 in
1061 1053 1384 1110 monacbatu
1417 1063 1471 1112 et
1511 1054 1738 1126 virgini-

165 1155 306 1207 tate,
336 1161 444 1200 non
483 1145 792 1200 didicerunt
825 1145 1127 1200 doctrinam
1173 1160 1386 1214 puram,
1412 1146 1539 1215 quia
1572 1145 1740 1215 negli-

161 1246 351 1307 gentes
385 1236 706 1291 documenta
755 1243 970 1306 patrum
1018 1251 1238 1291 suorum
1270 1236 1563 1306 amplexati
1612 1245 1734 1291 sunt

163 1330 636 1399 concupiscentias
669 1329 849 1386 cordis
876 1330 998 1395 sui;
1029 1339 1085 1384 et
1115 1331 1317 1386 idcirco
1343 1331 1738 1398 praevaluerunt

162 1424 424 1477 adversus
446 1437 541 1477 eos
572 1422 695 1476 mali
723 1423 866 1494 genii
890 1432 945 1477 et
973 1421 1196 1478 rebelles
1229 1422 1469 1479 latrones
1493 1423 1585 1494 qui
1613 1436 1740 1479 sunt

162 1514 215 1568 in
273 1528 426 1578 aere,
464 1513 770 1584 iaculantes
821 1513 874 1569 in
939 1515 1060 1570 illos
1113 1514 1462 1570 absconditas
1511 1515 1740 1585 sagittas

165 1615 326 1659 noctu
358 1605 595 1674 diuque,
626 1604 696 1658 ita
721 1614 788 1684 ‘ut
821 1605 873 1658 iu
913 1605 1059 1660 nullo
1103 1621 1198 1661 eos
1241 1606 1524 1676 quiescere
1555 1606 1742 1662 sinant

162 1695 302 1758 loco,
347 1711 449 1751 nec
494 1712 598 1752 non
638 1683 902 1767 occupant
931 1697 1090 1756 corda
1135 1714 1322 1754 eorum
1363 1699 1640 1771 superbia,
1687 1711 1740 1756 et

1841 507 2013 576 ignem
2035 517 2288 562 wternum
2307 507 2374 572 ³⁵,
2399 509 2488 562 ubi
2511 517 2589 562 est
2616 510 2774 579 fletus
2791 519 2841 564 et
2863 511 3062 565 stridor
3087 513 3321 567 dentium
3338 512 3391 546 "

1906 596 2060 652 Nunc
2089 597 2272 668 itaque
2294 640 2310 663 ,
2343 585 2677 656 dilectissimi
2713 602 2839 666 mei,
2873 615 2979 658 non
3011 603 3116 658 alia
3148 605 3214 660 de
3240 618 3402 663 causa

1837 687 1980 742 hanc
2008 689 2201 759 scripsi
2234 689 2384 746 vobis
2415 693 2698 760 epistolam
2720 733 2737 759 ,
2779 694 2882 750 nisi
2935 707 3156 767 propter
3193 698 3403 754 deside-

1838 779 1977 834 rium
2017 778 2208 835 salutis
2255 791 2474 848 vestrae,
2509 791 2566 838 ut
2605 784 2728 840 sitis
2773 785 2954 853 liberi,
3005 796 3061 842 et
3102 788 3308 855 ﬁdeles,
3355 797 3414 845 et

1835 885 2036 942 sponsa
2093 885 2226 941 pura
2279 872 2538 942 Christo;
2597 875 2712 944 ipse
2765 891 2996 947 namque
3049 887 3133 934 est
3182 894 3412 948 sponsus

1837 962 2076 1017 omnium
2110 962 2415 1020 animarum
2455 977 2788 1033 sanctarum,
2817 976 2878 1024 ut
2923 970 2999 1024 ait
3041 969 3240 1027 Paulus
3285 987 3418 1042 apo-

1838 1053 2052 1110 stolus:
2098 1052 2367 1125 Despondi
2413 1059 2550 1112 enim
2594 1075 2681 1113 vos
2712 1061 2807 1114 uni
2849 1061 2965 1116 viro
3017 1063 3417 1136 primogenitum

1835 1153 2059 1209 castam,
2099 1152 2156 1198 ut
2201 1145 2493 1201 exhiberem
2529 1163 2619 1202 vos
2650 1146 2860 1202 Christo
2885 1150 2953 1207 ἐ.
2995 1150 3251 1221 Equidem
3297 1155 3415 1208 scio

1839 1234 2003 1294 multa
2046 1235 2160 1306 jam
2213 1237 2382 1291 vobis.
2421 1239 2668 1294 evenisse
2713 1241 3039 1307 certamina,
3081 1242 3415 1299 dilectissimi

1841 1326 1970 1392 mei,
2003 1343 2126 1397 qua:
2152 1343 2255 1398 ope
2303 1329 2520 1385 Domini
2553 1331 2722 1386 nostri
2757 1334 2848 1401 qui
2879 1348 2976 1390 vos
3009 1334 3236 1403 direxit,
3265 1339 3417 1393 devi-

1843 1419 2000 1476 tastis
2035 1419 2282 1491 singula;
2314 1421 2514 1492 quippe
2541 1437 2706 1478 verax
2743 1424 2885 1481 Deus
2919 1435 3023 1492 est,
3065 1438 3120 1482 et
3161 1429 3274 1499 ipse
3320 1445 3418 1485 vos

1839 1528 2139 1584 omnesque
2167 1515 2258 1583 qui
2288 1515 2390 1570 sibi
2417 1515 2752 1581 ministrant,
2778 1518 3049 1574 confortat
3075 1536 3140 1575 ne
3169 1521 3417 1576 incidatis

1842 1605 1897 1660 in
1939 1620 2003 1661 ea
2046 1621 2165 1676 quae
2199 1606 2341 1662 ferre
2371 1622 2475 1662 non
2507 1607 2718 1663 valetis.
2751 1606 3016 1679 Percipite
3045 1611 3227 1682 igitur,
3265 1609 3411 1667 ﬁlioli

1844 1696 1971 1762 mei,
1998 1697 2106 1751 vim
2144 1697 2502 1752 tentationum
2532 1713 2652 1768 quae
2680 1699 2836 1754 vobis
2863 1699 3184 1768 evenerunt,
3217 1711 3272 1756 et
3305 1717 3419 1756 ma-

163 1788 304 1843 inani
337 1788 534 1859 gloria,
561 1798 615 1844 et
643 1789 805 1859 impia
845 1789 1186 1850 aemulatione
1205 1831 1221 1858 ,
1253 1800 1310 1848 et
1333 1793 1731 1856 susurratione,
1767 1794 1810 1854 Β
1837 1789 2171 1859 gnitudian
2200 1790 2466 1845 honorum
2490 1791 2579 1860 qui
2605 1791 2755 1848 vobis
2776 1791 2887 1848 dati
2905 1802 3032 1848 sunt
3050 1808 3078 1848 a
3103 1794 3213 1850 Deo
3232 1808 3416 1850 earum

159 1892 213 1938 et
255 1882 337 1936 ira
359 1922 378 1948 ,
406 1891 463 1937 et
492 1882 948 1938 excandescentia
969 1921 987 1948 ,
1019 1891 1076 1938 et
1115 1884 1464 1941 contentione
1508 1883 1740 1955 aliisque

161 1974 506 2044 passionibus
550 1990 714 2045 quam
762 1974 1029 2045 plurimis.
1081 1975 1206 2032 llaec
1259 1977 1402 2032 enim
1444 1986 1499 2033 et
1541 1978 1740 2033 similia

159 2076 479 2138 perpetrant
533 2069 804 2124 daemones
834 2075 1078 2124 nostram
1113 2067 1454 2126 intendentes
1483 2079 1736 2137 mortem,

159 2175 266 2216 non
295 2159 518 2230 quidem
547 2160 735 2216 vitam.

230 2252 364 2308 Haec
390 2266 522 2308 sane
551 2253 740 2320 verba,
761 2266 883 2323 quat
911 2252 1066 2310 vobis
1094 2262 1219 2310 nota
1245 2254 1373 2322 feci,
1400 2255 1738 2313 dilectissimi

158 2342 288 2407 mei,
316 2356 425 2396 non
459 2356 576 2398 mea
599 2342 816 2413 quidem
854 2353 1003 2410 sunt,
1037 2346 1135 2401 sed
1167 2361 1354 2403 eorum
1384 2362 1600 2418 quoque
1627 2363 1744 2403 me-

159 2433 323 2489 minit
361 2432 603 2491 Jacohus
640 2437 917 2506 apostolus
955 2439 1141 2494 dicens
1174 2457 1188 2495 :
1229 2439 1292 2495 Si
1340 2442 1462 2494 insit
1502 2440 1559 2495 in
1599 2440 1743 2496 vobis

157 2526 438 2586 cmulatio
455 2544 662 2596 amara,
683 2539 730 2583 et
753 2531 1040 2592 schismata
1066 2532 1168 2587 sint
1192 2532 1246 2588 in
1272 2533 1514 2600 cordibus
1537 2534 1742 2598 uestris,

159 2617 324 2672 nolite
355 2617 580 2689 gloriari
615 2629 670 2676 et
704 2621 982 2677 mendaces
1008 2638 1119 2678 esse
1152 2621 1408 2679 adversm
1435 2624 1743 2687 ueritatem;

160 2724 266 2764 non
294 2719 374 2764 est
392 2710 534 2766 enim
563 2710 667 2765 ista
689 2713 952 2780 sapientia
973 2713 1038 2768 de
1067 2729 1277 2768 sursum
1311 2715 1624 2771 descendens
1653 2715 1743 2770 sed

159 2811 406 2865 terrena,
445 2801 714 2869 animalis,
750 2802 1016 2865 diabolica
1039 2802 1128 2858 ια’.
1160 2803 1432 2875 Scriptum
1461 2805 1624 2862 etiam
1658 2817 1744 2863 est

163 2892 219 2949 in
259 2891 508 2963 Epistola
537 2892 763 2950 Joannis
805 2895 1034 2965 apostoli
1085 2895 1236 2963 :Qui
1280 2897 1412 2966 facit
1452 2908 1743 2968 peccatum,

160 2999 226 3040 es
252 2983 470 3038 diabolo
497 2993 575 3040 est
597 2984 665 3040 θ’.
687 2984 824 3041 (lum
855 2986 1036 3056 itaque
1059 2987 1474 3057 cognovissctis,
1503 2988 1745 3046 dileCtis-

161 3075 287 3133 simi
324 3077 452 3141 mei,
484 3077 628 3148 quod
658 3079 748 3148 qui
771 3087 1096 3149 permanent
1128 3081 1180 3136 in
1209 3081 1297 3139 his
1329 3081 1606 3152 operibus,
1638 3097 1743 3138 non

1845 1895 2009 1936 causa
2034 1920 2048 1945 ,
2075 1888 2130 1937 et
2155 1890 2468 1938 constantes
2499 1883 2737 1939 resistite
2765 1885 3010 1941 venturis
3038 1900 3272 1957 quoque.
3327 1886 3421 1942 Et-

1847 1973 1992 2028 enim
2023 1987 2215 2028 aurum
2250 1973 2373 2044 igne
2399 1974 2668 2032 multoties
2685 1961 2966 2046 probatur,
2987 1987 3046 2032 ut
3074 1979 3270 2048 potiori
3299 1993 3421 2049 pro-

1845 2063 2062 2119 batione
2090 2063 2323 2120 electum
2350 2074 2629 2136 appareat.
2659 2065 2921 2122 Similiter
2951 2067 3211 2122 Dominus
3240 2079 3420 2123 noster

1847 2165 1946 2206 sua
1981 2152 2222 2227 bonitate
2259 2153 2532 2209 hominem
2573 2153 2766 2224 probat
2795 2154 2977 2211 multis
3006 2156 3418 2223 tentationibus,

1846 2253 1905 2299 et
1948 2244 2226 2315 experitur
2277 2244 2449 2312 illum,
2490 2255 2655 2316 atque
2690 2247 2863 2318 liquat
2904 2247 3011 2305 illis
3056 2248 3420 2306 mediantibus

1850 2346 2113 2408 tanquam
2138 2352 2333 2392 aurum
2368 2337 2742 2408 purissimum,
2767 2348 2824 2394 et
2848 2339 3038 2396 edocet
3071 2340 3218 2396 illum
3243 2351 3422 2397 certa-

1848 2429 1996 2484 mina
2017 2428 2233 2494 cordis;
2259 2429 2332 2483 ita
2359 2436 2416 2483 ut
2441 2443 2548 2483 non
2583 2439 2888 2486 revertatur
2921 2431 3154 2500 amplius
3183 2433 3423 2504 cogitare

1849 2528 1946 2578 aut
1970 2521 2283 2584 meminisse
2307 2520 2678 2577 multitudinis
2719 2522 3040 2593 iniuriarum
3069 2534 3124 2582 et
3171 2535 3421 2583 contem-

1848 2621 1976 2682 ptus
2002 2626 2140 2683 quos
2166 2612 2241 2666 illi
2285 2612 2583 2670 intulerunt
2631 2613 2910 2681 homines,
2950 2631 3262 2689 vacuusque
3311 2619 3420 2676 erit

1854 2704 2061 2760 timore.
2082 2702 2280 2759 diaboli
2307 2721 2322 2771 ;
2351 2705 2446 2760 sed
2473 2704 2787 2761 humilietur
2817 2720 3002 2762 coram
3035 2708 3169 2777 Deo,
3205 2718 3260 2767 et
3287 2725 3423 2766 con-

1852 2796 1982 2850 ﬁdat
2003 2796 2056 2850 in
2086 2795 2259 2861 illum,
2291 2797 2468 2866 sitque
2504 2811 2720 2866 semper
2751 2799 2819 2854 ad
2851 2798 3049 2854 bonum
3080 2810 3303 2870 paratus
3331 2818 3426 2859 co-

1851 2905 1970 2944 ram
2032 2889 2164 2956 Deo,
2217 2890 2670 2960 quemadmodum
2723 2891 2860 2947 dixit
2907 2893 3073 2948 David
3109 2895 3421 2966 propinata:

1852 2978 1960 3035 Cor
1987 2995 2160 3036 meum
2187 2989 2452 3048 paratum,
2486 2979 2663 3044 Deus,
2681 2996 2773 3034 cor
2797 2997 2967 3037 meum
2992 2995 3279 3053 paratum;
3303 2986 3427 3040 lau-

1851 3070 2010 3138 dabo,
2031 3082 2079 3127 et
2106 3071 2332 3139 psallam
2354 3074 2409 3126 in
2433 3072 2819 3143 gloriﬁcatione
2843 3090 2955 3130 mea
2978 3075 3046 3131 ".
3074 3075 3273 3132 Sciatis
3297 3091 3428 3147 ergo

162 3163 237 3221 sit
276 3164 494 3222 Domini
525 3180 662 3238 opus
698 3168 752 3222 in
789 3168 919 3235 illis,
946 3183 1134 3224 verum
1168 3150 1445 3240 compotes
1471 3180 1598 3226 sunt
1632 3171 1738 3226 dia-
1772 3150 1815 3208 ο
1849 3163 1976 3228 hoc,
2018 3164 2163 3232 quod
2207 3161 2414 3232 absque
2445 3163 2608 3218 dubio
2641 3179 2672 3218 a
2708 3165 3030 3234 quibusdam
3061 3168 3426 3238 probabimini

160 3256 471 3314 bolicorum
501 3259 977 3328 documentorum,
1002 3269 1201 3320 etcum
1230 3261 1459 3320 diabolis
1489 3275 1746 3334 reputas-

164 3360 275 3418 tur,
311 3351 664 3422 quamobrem
702 3353 980 3425 lugeamus
1041 3355 1428 3427 nosmetipsos;
1462 3356 1566 3412 hoc
1595 3373 1748 3418 nant-

162 3457 271 3513 que
296 3453 510 3514 tempus
533 3444 586 3500 in
611 3459 717 3516 quo
735 3461 940 3514 sumus,
964 3455 1048 3503 est
1071 3449 1354 3504 mterendi.
1379 3450 1748 3519 Agnoscamus

162 3550 386 3608 quoque
417 3551 736 3598 mensuram
764 3539 1032 3594 donorum
1072 3538 1306 3609 Spiritus
1333 3542 1540 3608 sancti,
1565 3550 1622 3598 et
1639 3542 1750 3598 cla-

163 3641 378 3682 tnemus
406 3641 529 3682 cum
560 3627 777 3683 dicente
813 3648 826 3684 :
863 3627 1065 3694 Venite,
1091 3633 1390 3698 adoremus,
1421 3641 1472 3688 et
1497 3634 1747 3703 procida-

163 3733 303 3783 ntus,
334 3728 381 3772 et
416 3718 682 3788 ploremus
717 3729 837 3774 ante
869 3736 986 3774 eum
1017 3721 1108 3791 qui
1134 3721 1259 3792 fecit
1290 3740 1383 3778 nos
1407 3725 1490 3793 ’°;
1518 3735 1574 3781 et
1600 3727 1750 3786 dica-

163 3826 286 3868 mus
317 3811 485 3867 etiam
525 3813 733 3868 dictum
779 3812 895 3882 ejus
926 3830 940 3868 :
977 3813 1141 3868 Salva
1177 3831 1255 3870 me
1277 3856 1292 3883 ,
1325 3815 1571 3882 Domine,
1613 3835 1748 3888 que-

163 3904 309 3958 niam
343 3902 539 3973 defecit
568 3915 806 3970 sanctus,
843 3913 893 3960 et
932 3905 1193 3960 diminuta
1231 3917 1305 3962 est
1335 3909 1525 3964 veritas
1555 3926 1586 3964 a
1621 3909 1749 3978 [iliis

163 3998 474 4063 hominum;
519 4008 568 4054 et
608 3987 812 4053 locutus
840 4009 914 4053 est
945 3999 1304 4070 unusquisque
1345 4003 1400 4053 in
1445 4001 1744 4068 proximum

163 4104 323 4143 suum
356 4088 514 4144 labiis
540 4089 758 4153 dolosis,
787 4099 836 4144 et
872 4090 1029 4146 corde
1058 4089 1396 4160 fraudulento
1419 4093 1488 4146 ’³.
1517 4092 1745 4163 Propter

164 4195 288 4251 qua:
340 4190 522 4238 autem
572 4181 737 4237 verba
788 4191 843 4238 et
891 4195 1012 4252 qua:
1067 4191 1388 4252 sequuntur,
1429 4184 1584 4241 nobis
1620 4185 1751 4243 ﬁere

165 4288 351 4344 operae
379 4273 614 4344 pretium
637 4283 744 4339 est,
773 4275 1027 4345 quoniam
1052 4275 1190 4332 dixit
1217 4288 1233 4328 :
1264 4274 1517 4330 Dominus
1543 4276 1750 4344 disper-

163 4365 252 4420 det
280 4365 462 4421 omnia
503 4363 644 4420 labia
674 4365 890 4432 dolosa,
923 4375 971 4422 et
1002 4365 1211 4436 linguas
1244 4364 1411 4422 elatas
1448 4367 1515 4420 ”.
1550 4366 1750 4425 Sciatis

1849 3256 2143 3322 fratribus,
2186 3257 2492 3328 opprobriis
2527 3266 2580 3311 et
2625 3255 2869 3327 injuriis,
2902 3266 2956 3316 et
2995 3261 3424 3318 contemnemini

1849 3363 1881 3404 a
1913 3347 2266 3407 consortibus
2292 3348 2509 3404 vestris.
2533 3347 2667 3403 Cum
2695 3358 2876 3404 autem
2903 3350 3018 3406 haec
3048 3352 3201 3407 vobis
3229 3367 3427 3409 evene-
3473 3368 3481 3378 '

1849 3440 1982 3509 rint,
2024 3441 2336 3510 persistite,
2383 3449 2438 3495 et
2477 3440 2644 3496 nolite
2695 3441 2902 3507 timere,
2944 3457 3116 3512 neque
3157 3457 3422 3510 moerere;

1848 3549 2038 3590 verum
2072 3533 2280 3606 gratias
2309 3533 2452 3603 agite
2477 3533 2705 3588 Domino
2732 3548 2830 3602 pro
2859 3533 3111 3589 omnibus
3152 3534 3259 3599 his,
3296 3550 3424 3604 quo-

1849 3625 2000 3682 niam
2032 3625 2152 3682 sine
2187 3624 2279 3680 illo
2305 3625 2442 3680 nihil
2483 3625 2678 3680 horum
2709 3624 2862 3681 vobis
2895 3626 3110 3691 accidit,
3143 3626 3271 3695 quia
3304 3642 3427 3683 cer-

1852 3721 2055 3776 tamina
2101 3735 2325 3776 necesse
2383 3729 2466 3776 est
2516 3721 2734 3776 evenire
2778 3721 2952 3776 servis
3004 3721 3250 3787 Domini;
3300 3738 3424 3778 nam

1852 3812 2168 3882 quicunque
2201 3828 2309 3868 non
2345 3813 2609 3882 probatur
2639 3827 2667 3867 a
2707 3813 2952 3869 bonitate
2982 3813 3074 3869 Dei
3111 3815 3428 3872 tentationi-

1849 3908 1975 3972 hus,
2003 3916 2060 3963 et
2098 3907 2396 3972 laboribus,
2427 3916 2485 3962 et
2521 3907 2878 3975 maeroribus,
2907 3914 2964 3961 et
3003 3906 3426 3974 calamitatibus,

1852 4002 2029 4057 donec
2058 4001 2269 4057 ediscat
2299 4002 2562 4056 rationem
2592 4000 2872 4056 obtinendi
2905 4001 3177 4072 patientite
3200 4012 3255 4058 ct
3279 4003 3428 4070 boni,

1850 4103 2003 4156 certe
2037 4109 2148 4150 non
2178 4093 2409 4162 accipiet
2439 4092 2508 4148 ab
2539 4091 2630 4146 illo
2654 4091 2934 4147 honorem.

1923 4185 2079 4242 Nunc
2108 4185 2325 4255 itaque,
2355 4183 2697 4240 dilectissimi
2731 4183 2873 4248 mei,
2913 4183 3174 4240 sustinete
3215 4183 3431 4240 labores

1851 4289 1908 4338 et
1941 4293 2205 4335 maerores
2235 4278 2326 4348 qui
2363 4277 2520 4332 vobis
2551 4276 2838 4342 eveniunt;
2870 4284 2924 4331 et
2959 4275 3163 4346 gratias
3199 4276 3431 4330 Domino

1851 4370 1997 4441 agite
2030 4384 2226 4439 magna
2269 4367 2596 4430 humilitate,
2637 4375 2698 4422 ut
2734 4366 2965 4422 videatis
2995 4366 3235 4421 laetitiam
3278 4366 3429 4420 labo-

163 4468 380 4526 autem,
419 4459 568 4515 ﬁlioli
615 4460 746 4527 mei,
793 4460 892 4516 hos
945 4473 1068 4516 esse
1111 4458 1206 4529 qui
1257 4466 1577 4529 reputantur
1625 4474 1747 4516 cum
1781 4497 1828 4554 ι)
1853 4479 1974 4518 rum
2006 4472 2343 4525 vestrorum,
2371 4461 2512 4515 sicut
2557 4459 2717 4514 beata
2759 4457 3012 4514 Susanna
3053 4457 3350 4512 fortissima
3379 4457 3431 4512 in

164 4554 414 4625 quinque
453 4551 758 4622 virginibus
797 4551 1017 4619 stultis,
1066 4549 1322 4620 quoniam
1369 4559 1750 4623 transegerunt

163 4661 329 4703 omne
353 4654 568 4715 tempus
591 4659 751 4702 suum
774 4660 897 4701 cum
918 4643 1168 4711 stultitia,
1187 4652 1365 4700 etnon
1389 4644 1752 4700 cohibuerunt

166 4741 386 4810 linguas
413 4753 562 4804 suas,
590 4747 768 4808 neque
798 4737 1128 4794 mundarunt
1155 4737 1345 4794 oculos
1386 4752 1516 4792 suos
1543 4746 1598 4792 et
1629 4753 1752 4793 cor-

165 4848 296 4904 pora
348 4845 450 4886 sua
494 4845 524 4886 a
576 4829 1070 4898 concupiscentiis,
1125 4844 1302 4901 neque
1342 4831 1508 4886 corda
1549 4844 1643 4886 sua
1683 4829 1752 4885 ab

166 4923 535 4981 immunditiis
577 4923 806 4994 aliisque
847 4922 975 4979 ﬁetu
1051 4924 1250 4993 dignis,
1299 4939 1422 4980 cum
1474 4925 1751 4982 immunda

164 5020 311 5084 sint;
342 5017 696 5088 contentique
720 5026 876 5074 erant
902 5017 1102 5074 vestitu
1134 5018 1292 5074 laneo
1331 5018 1631 5083 duntaxat,
1659 5016 1753 5086 qui

164 5119 250 5167 est
305 5109 521 5165 habitus
569 5109 897 5181 virginitatis
938 5110 1312 5165 tantummodo
1360 5127 1375 5164 :

163 5201 380 5258 celesti
417 5199 676 5256 carebant
719 5200 1080 5258 delectatione
1131 5202 1198 5256 ad
1254 5199 1516 5271 lugendos
1555 5207 1755 5254 semct-

166 5296 319 5372 ipsos
340 5305 399 5351 et
424 5309 552 5350 suas
575 5293 950 5350 accendendas
977 5293 1293 5364 lampades;
1327 5301 1614 5362 propterea
1645 5305 1749 5362 non

166 5386 388 5458 aperuit
417 5386 524 5444 illis
565 5385 831 5457 Sponsus,
865 5386 961 5442 sed
991 5386 1068 5441 ait
1107 5385 1216 5442 illis
1259 5386 1419 5441 sicuti
1461 5385 1539 5440 ait
1572 5383 1752 5440 stultis

167 5473 480 5546 virginibus
511 5489 526 5530 :
569 5474 730 5531 Amen
761 5474 880 5530 dico
920 5475 1090 5543 vobis,
1130 5490 1234 5530 non
1269 5490 1522 5547 cognosco
1561 5490 1651 5529 vos
1679 5474 1751 5528 ⁸³.

195 5675 204 5683 ’
245 5674 294 5706 ⁸⁸
330 5673 473 5730 PSaI.
507 5689 634 5740 xxv,
658 5674 720 5734 ’1.

131 5748 135 5752 ’
172 5743 226 5779 ’³
265 5743 457 5801 Matth.
498 5762 622 5811 xxv,
666 5747 754 5802 12.

1423 5117 1757 5180 quapropter

1857 4554 2018 4621 bello,
2055 4569 2176 4626 qua:
2213 4551 2495 4623 prtevaluit
2533 4552 2796 4607 adversus
2839 4549 3335 4619 concupiscentiam
3368 4548 3436 4602 il-

1857 4647 2032 4708 lorum
2060 4646 2289 4701 duorum
2318 4658 2509 4699 senum
2541 4640 2944 4696 adversantium
2973 4640 3098 4710 legi,
3129 4639 3219 4709 qui
3251 4638 3432 4695 testati

1858 4751 1986 4797 sunt
2024 4747 2216 4795 contra
2257 4751 2375 4791 eam
2431 4734 2658 4797 falsum,
2699 4732 3111 4802 lntulcruntque
3143 4731 3194 4788 ei
3237 4730 3436 4786 multos

1809 4888 1812 4890 γ
1859 4833 2108 4897 labores;
2143 4840 2199 4886 et
2227 4837 2448 4900 propter
2479 4828 2597 4898 ejus
2640 4824 2956 4896 patientiam
2985 4833 3041 4880 et
3069 4824 3432 4880 constantiam

1859 4924 2124 4983 exaltavit
2148 4923 2293 4979 illam
2324 4922 2469 4976 Deus
2495 4920 2548 4974 in
2573 4918 2681 4974 ﬁne
2703 4917 2788 4973 sui
2813 4916 3152 4980 certaminis,
3179 4924 3234 4971 et
3258 4916 3436 4970 humi-

1861 5017 2015 5074 liavit
2061 5016 2249 5071 hostes
2299 5013 2465 5070 illius.
2509 5011 2578 5069 Et
2609 5009 2752 5065 sicut
2793 5007 2992 5064 Thecla
3037 5007 3234 5077 spiritu
3271 5007 3433 5060 etiam

1861 5105 2184 5172 fortissima,
2210 5118 2329 5173 qutt-
2359 5101 2581 5157 minime
2609 5106 2896 5169 parentum
2921 5096 3101 5150 illatas
3123 5095 3224 5150 sibi
3257 5095 3438 5148 timuit

1860 5196 2114 5268 injurias,
2147 5208 2322 5265 neque
2347 5193 2523 5264 ignem
2559 5190 2747 5254 etiam,
2776 5200 2951 5257 neque
2975 5185 3314 5248 carniﬁcem,
3344 5199 3440 5240 ne-

1857 5304 1967 5360 que
2015 5289 2225 5344 feroces
2277 5286 2443 5341 feras.
2495 5281 2735 5338 Tandem
2781 5295 2912 5336 vero
2949 5277 3213 5347 elargitus
3255 5286 3343 5334 est
3387 5278 3438 5332 ei

1859 5379 2002 5435 Deus
2035 5377 2276 5433 laetitiam
2306 5374 2512 5438 cordis,
2541 5381 2595 5428 et
2623 5387 2846 5430 suorum
2884 5369 3108 5440 praemia
3153 5366 3438 5428 laborum;

1858 5471 2119 5533 fortitudo
2149 5471 2296 5527 enim
2329 5467 2446 5537 ejus
2485 5465 2609 5523 ﬁdei
2641 5465 2694 5521 in
2733 5465 2925 5529 Deum,
2956 5460 3219 5518 exstinxit
3260 5460 3439 5532 ignem

830 5676 899 5710 ⁸⁸”
936 5675 1049 5733 Jac.
1094 5693 1175 5739 ill,
1217 5676 1305 5744 id,
1350 5676 1435 5730 iii.
1499 5676 1545 5708 ⁸⁹
1586 5673 1744 5730 linat

1851 5690 1906 5736 It,
1951 5673 2004 5729 8.
2052 5670 2278 5744 ἱ⁶¹θιξετιιζ
2302 5667 2892 5744 πομπὰ-υΡξτύρυἶ
2931 5663 3064 5724 2.3.
3133 5661 3191 5744 ξ’
3229 5652 3442 5714 ξωαλ.

865 5747 911 5781 ἰ
940 5729 1108 5804 ’ίωὶιζ
1130 5729 1240 5806 4⁷1(
1263 5729 1379 5831 "ff
1401 5729 1637 5821 rqilatth.
1686 5763 1744 5802 vi

1865 5729 1954 5801 l2.
2034 5729 2078 5778 ⁸⁷⁸
2141 5741 2183 5798 ll
2242 5741 2370 5800 Cor.
2413 5729 2489 5811 xi,
2529 5741 2584 5796 2.
2661 5739 2704 5780 ’τ
2771 5736 2915 5794 Psal.
2963 5749 3091 5801 cm,
3133 5729 3192 5786 2.
