3860 6318
425 278 565 338 Ιθῢθ

1523 269 1799 328 PATRES
1836 268 2138 328 EGYPTII
2176 269 2451 329 SECULI
2489 270 2582 328 ιγ.

3559 273 3700 331 ωω

423 399 729 465 ardentem,
745 406 810 455 et
834 396 1229 455 obseravitora
1259 394 1478 451 leonum
1508 395 1796 458 feracium,
1821 405 1877 450 et
1910 396 2010 451 bu-
2040 399 2089 458 Α
2119 405 2266 460 tres,
2312 395 2544 452 invicem
2597 392 2826 464 parcite,
2868 401 2927 447 ut
2980 399 3168 464 parcat
3217 391 3373 448 vobis
3422 391 3693 450 Dominus-

424 491 620 546 miliati
648 502 774 546 sunt
796 489 844 544 ei
871 487 1108 542 universi
1135 487 1280 542 illius
1301 486 1506 542 hostes.
1545 487 1612 541 Et
1637 487 1779 541 sicut
1806 486 2008 558 Ioseph

425 581 648 637 humilis
694 594 877 634 coram
918 578 1031 633 Deo
1057 589 1110 632 et
1142 568 1491 643 horninibus;
1530 590 1688 646 quem
1719 616 1736 640 ,
1769 591 1891 632 cum
1926 577 2012 632 in-

424 673 688 728 vidissent
727 670 776 725 ei
815 671 1017 726 fratres
1052 671 1172 736 sui,
1219 679 1275 726 et
1313 671 1438 725 odio
1469 670 1618 724 illum
1651 668 2008 737 habuissent,

425 762 671 817 volentes
723 761 872 816 illius
915 760 1194 817 eminuere
1239 760 1558 832 sanguinem
1605 760 1676 816 ob
1724 761 2008 828 invidiam,

428 858 648 918 propter
684 849 944 904 honorem
980 850 1028 905 ei
1069 865 1099 904 a
1134 859 1289 920 patre
1333 851 1611 918 delatum,
1644 846 1885 906 servavit
1918 852 2005 906 di-

425 942 611 994 vinum
672 941 931 996 auxilium
976 957 1006 996 a
1048 957 1208 1004 nece;
1257 942 1352 997 sed
1395 944 1444 998 ei
1502 943 1702 998 invidia
1751 943 2011 1000 dominati

426 1041 576 1100 sunt,
605 1041 660 1086 et
687 1032 1040 1088 elevaverunt
1067 1034 1118 1088 in
1139 1034 1296 1090 illum
1323 1051 1513 1090 manus
1539 1051 1687 1102 suas,
1710 1045 1767 1091 et
1793 1037 2010 1093 demum

430 1122 485 1176 in
523 1136 740 1177 servum
778 1123 1163 1180 vendiderunt.
1208 1124 1430 1197 Insuper
1472 1127 1668 1183 mulier
1698 1126 1781 1183 sui
1809 1126 2011 1183 domini

429 1212 515 1269 cui
570 1213 930 1279 iuserviebat,
966 1217 1268 1286 permultos
1323 1217 1504 1273 intulit
1545 1218 1622 1274 illi
1664 1219 1901 1286 labores,
1937 1223 2012 1276 ita

427 1305 646 1375 quidem
671 1314 729 1360 ut
759 1307 812 1362 in
838 1322 1116 1363 carcerem
1151 1307 1314 1364 fuerit
1343 1311 1597 1380 injectus.
1621 1310 1756 1368 Erat
1778 1329 2015 1384 namque

427 1397 755 1463 continens,
809 1409 1162 1467 mansuetus,
1218 1400 1579 1468 purissimus,
1631 1402 2015 1459 immaculatus

429 1487 608 1542 anima
650 1497 705 1542 et
755 1503 1024 1558 corpore,
1061 1504 1162 1545 nec
1216 1489 1398 1545 timuit
1440 1491 1593 1560 (Deo
1651 1493 1700 1547 ei
1758 1492 2012 1564 favente)

428 1590 622 1634 omnes
651 1577 767 1634 illas
798 1594 1091 1644 aerumnas,
1119 1579 1213 1635 sed
1242 1581 1536 1646 sustinuit,
1568 1593 1621 1638 et
1664 1584 1902 1639 conﬁsus
1931 1595 2016 1640 est

433 1666 486 1720 in
513 1666 782 1734 Domino;
811 1677 865 1722 et
893 1669 1186 1726 novissime
1217 1671 1480 1726 exaltavit
1506 1672 1658 1728 illum
1692 1676 1853 1742 Deus,
1886 1691 2016 1730 cou-

2114 485 2329 541 Etenim
2363 484 2414 539 id
2445 483 2714 551 inculcat,
2747 483 2937 538 dicens
2965 500 2980 536 :
3011 483 3292 548 Dimittitc,
3327 493 3380 538 et
3410 484 3703 539 dimittetur

2113 577 2257 632 vobis
2283 575 2354 632 9°.
2384 575 2442 630 Si
2475 585 2657 631 autem
2691 573 2814 645 quis
2853 583 3096 628 vestrum
3119 574 3446 628 calumniam
3477 576 3700 643 patitur,

2113 671 2382 740 suscipiat
2420 669 2473 724 id
2519 683 2640 723 cum
2671 667 2893 740 gaudio,
2925 676 2978 723 et
3011 668 3195 722 omnia
3247 682 3342 722 sua
3384 667 3559 722 tradat
3595 667 3700 722 Do»

2113 764 2286 830 mino,
2320 763 2412 834 qui
2439 762 2623 829 justus
2648 770 2731 816 est
2748 760 2912 831 judex
2939 770 2993 815 et
3017 768 3418 816 remunerator.
3450 757 3550 825 Qui
3573 771 3700 812 vero

2115 857 2369 926 proximo
2410 855 2660 910 intulerit
2691 853 3054 921 calumniam,
3087 851 3312 908 festinet
3355 861 3413 909 et
3456 853 3704 907 humilia

2114 946 2464 1018 semetipsum
2505 961 2688 1001 coram
2757 946 3007 1012 Domino,
3048 953 3104 1000 et
3156 944 3421 1016 supplicet
3462 945 3706 1014 proximo

2117 1055 2239 1105 suo,
2294 1047 2352 1094 ut
2392 1047 2581 1110 parcat
2620 1041 2669 1094 ei
2717 1037 3000 1094 Dominus.
3045 1036 3156 1093 Nec
3205 1037 3570 1107 permittatis.
3617 1037 3706 1091 di-

2122 1132 2406 1189 lectissimi
2438 1133 2566 1199 mei,
2595 1133 2763 1188 solem
2797 1131 3048 1186 occidere
3078 1145 3243 1201 super
3271 1130 3406 1184 iram
3439 1139 3700 1191 vestram,

2115 1228 2260 1284 sicut
2283 1242 2392 1294 ,nos
2423 1225 2612 1282 docuit
2639 1225 2923 1297 Scriptura
2957 1227 3007 1291 ¹;
3040 1225 3134 1281 sed
3163 1225 3437 1280 eradicate
3481 1238 3551 1278 ex
3588 1237 3709 1278 eor»

2117 1320 2276 1376 dibus
2310 1319 2512 1375 vestris
2539 1334 2729 1375 omnes
2763 1321 2940 1374 malas
2978 1318 3334 1388 cOgitationcs
3365 1316 3566 1386 quibus
3609 1331 3707 1368 an-

2121 1413 2310 1483 gimini
2343 1413 2425 1469 vel
2451 1414 2504 1468 in
2542 1427 2642 1467 vos
2671 1412 2902 1466 invicem
2942 1410 3213 1482 cogitatis,
3241 1418 3301 1463 ut
3328 1408 3697 1464 dissolvantur

2118 1503 2422 1560 inimicitia:
2470 1519 2699 1574 quarum
2750 1501 2903 1557 radix
2965 1502 3148 1556 odium
3192 1511 3276 1555 est
3329 1511 3387 1555 et
3438 1499 3636 1554 invidia
3684 1517 3701 1552 :

2117 1611 2236 1666 qua).
2271 1597 2388 1650 duae
2425 1596 2709 1666 passiones
2763 1594 3013 1664 pessima:
3055 1595 3275 1664 quidem
3317 1601 3466 1660 sunt,
3505 1603 3562 1648 et
3601 1593 3709 1648 Deo

2117 1701 2183 1742 ac
2217 1685 2527 1742 hominibus
2565 1686 2949 1751 detestabiles;
2995 1699 3095 1740 nec
3128 1693 3557 1739 consentaneum
3602 1694 3705 1747 est,

431 1757 665 1815 stituens
691 1759 840 1815 illum
871 1761 1170 1831 principem
1215 1777 1379 1832 super
1416 1763 1712 1836 [Egyptutu
1755 1778 1813 1822 et
1849 1783 2011 1838 super

2122 1784 2175 1830 ut
2218 1775 2329 1831 sint
2357 1776 2412 1830 in
2448 1775 2558 1830 ullo
2589 1773 2829 1829 ﬁdelium
2871 1782 2964 1828 aut
3010 1773 3104 1828 Dei
3148 1787 3432 1829 servorum
3469 1773 3706 1842 penitus.

429 1865 620 1906 omnes
651 1853 769 1919 ejus
807 1853 1076 1924 regiones.
1123 1854 1324 1912 Omnes
1359 1872 1490 1914 vero
1531 1859 1732 1916 fratres
1763 1859 1882 1929 ejus
1920 1862 2012 1930 qui

431 1943 482 1997 ei
516 1943 853 2009 inviderent,
888 1944 1117 2014 subjecit
1157 1947 1419 2003 Dominus
1454 1949 1555 2004 sub
1604 1951 1830 2020 pedibus
1873 1951 2010 2022 ejus.

433 2033 500 2090 Hi
535 2045 718 2089 autem
759 2038 1041 2092 memorati
1074 2047 1129 2090 et
1153 2038 1234 2094 eis
1262 2040 1485 2110 similes,
1516 2041 1860 2098 dilectissimi
1886 2044 2013 2107 mei,

433 2145 780 2201 nequaquam
816 2133 1172 2188 obtinuerunt
1207 2135 1472 2190 honorem
1515 2151 1544 2190 a
1581 2135 1692 2190 Deo
1729 2135 1885 2192 initio
1930 2134 2013 2190 sui

432 2223 756 2278 certaminis
785 2233 840 2278 et
871 2223 1034 2290 belli,
1063 2226 1156 2280 sed
1190 2235 1477 2296 postquam
1525 2225 1776 2296 probavit
1814 2241 1930 2290 eos,
1961 2236 2016 2281 et

435 2311 666 2382 liquavit
691 2314 1094 2371 calamitatibus
1127 2324 1182 2370 et
1222 2315 1527 2384 laboribus,
1573 2327 1626 2373 ct
1655 2318 1890 2374 erudivit
1921 2333 2016 2375 eos

431 2406 706 2474 quomodo
735 2407 1003 2463 instarent
1041 2408 1094 2462 in
1139 2409 1342 2478 praelia.
1389 2410 1542 2466 Tunc
1573 2426 1701 2467 vero
1723 2452 1740 2478 ,
1775 2427 1898 2468 cum
1941 2413 2016 2468 vi-

432 2498 600 2553 disset
630 2513 746 2564 eos,
772 2500 1112 2556 calamitates
1140 2511 1195 2556 et
1237 2502 1456 2558 labores
1496 2504 1841 2574 sustinuisse,
1872 2518 1928 2562 et
1961 2507 2016 2562 in

432 2589 662 2644 Damino
701 2606 820 2647 esse
848 2593 1101 2659 conﬁsos,
1134 2593 1282 2648 dedit
1315 2595 1394 2650 eis
1423 2596 1682 2651 honorem
1726 2612 1838 2653 suae
1879 2598 2016 2654 divi-

435 2684 643 2750 nitatis,
677 2683 1174 2756 depresseruutque
1199 2701 1387 2744 osorcs
1415 2703 1542 2744 suos
1566 2690 1667 2745 sub
1697 2689 1898 2760 plantis
1926 2707 2019 2764 pe-

433 2776 562 2831 dutn
596 2791 838 2832 suorum.

508 2864 619 2936 Ego
644 2876 848 2933 autem,
871 2868 1208 2926 dilectissimi
1229 2871 1362 2937 mei,
1390 2872 1517 2928 dum
1548 2875 1803 2930 recordor
1825 2877 2018 2933 horum

364 2957 369 2962 ’
438 2959 758 3014 certaminis
795 2967 851 3017 et
889 2963 1257 3030 praemiorum,
1285 2964 1484 3034 jubilat
1525 2967 1719 3036 gaudio
1747 2977 1804 3022 et
1833 2968 2018 3024 laetitia

438 3051 662 3120 spiritus
683 3067 855 3116 meus,
873 3063 926 3106 et
947 3068 1044 3124 pro
1067 3055 1218 3111 vobis
1234 3055 1554 3126 suppliciter
1577 3059 1860 3127 deprecor.
1887 3058 2021 3114 Per-

444 3151 660 3198 nnanete
685 3157 813 3213 ergo
844 3145 896 3199 iu
927 3145 1213 3216 patientia,
1256 3157 1311 3203 et
1337 3164 1443 3204 non
1478 3148 1824 3206 inﬁrmentur
1858 3155 2022 3207 corda
2049 3129 2091 3188 (ἶ

439 3249 622 3293 vestra
675 3238 728 3292 in
767 3240 962 3294 vestris
999 3239 1438 3311 calamitatibus;
1481 3246 1575 3298 sed
1629 3246 1833 3315 gratias
1878 3246 2022 3315 agite

438 3344 538 3401 pro
567 3329 690 3395 illis,
718 3337 776 3382 ut
805 3332 1086 3400 praemium
1119 3333 1309 3389 feratis
1335 3349 1443 3404 pro
1463 3337 1542 3392 eis
1566 3351 1598 3390 a
1639 3337 1884 3393 Domino.
1912 3337 2021 3394 llos

436 3415 653 3485 quidem
705 3430 985 3474 sermones
1035 3420 1232 3492 scripsi
1283 3423 1461 3490 vobis,
1521 3424 1719 3482 fratres
1775 3427 1914 3494 mei,
1967 3437 2024 3484 et

435 3508 690 3563 onmibus
729 3509 1107 3568 invocantibus
1152 3528 1348 3570 nomen
1392 3515 1626 3585 Domini,
1658 3529 1718 3574 ut
1757 3521 1829 3576 sit
1870 3522 2022 3578 vobis

435 3601 690 3656 omnibus
717 3617 845 3672 pax,
871 3610 926 3658 et
958 3604 1178 3671 veritas,
1207 3617 1262 3662 et
1290 3607 1532 3666 charitas
1563 3608 1682 3676 Dei,
1712 3622 1767 3668 et
1797 3613 2015 3670 dilectio

437 3692 504 3745 ad
540 3692 806 3760 invicem;
844 3704 900 3749 et
930 3710 998 3750 ne
1026 3698 1138 3751 sint
1164 3697 1310 3754 inter
1343 3715 1440 3756 vos
1473 3703 1778 3770 contentio,
1808 3705 1892 3761 vel
1922 3722 2018 3761 su-

435 3789 694 3848 surratio,
738 3795 832 3840 aut
872 3788 1027 3844 malae
1073 3791 1453 3860 cogitationes,
1499 3803 1594 3850 aut
1646 3797 1877 3863 seditio,
1924 3811 2018 3857 aut

438 3885 628 3930 mutua
666 3894 862 3949 pugna,
897 3888 990 3936 aut
1019 3885 1408 3953 contradictio,
1435 3897 1529 3944 aut
1553 3889 1693 3944 mala
1724 3893 2015 3960 aemulatio,

439 3974 534 4018 aut
561 3966 926 4024 inobedientia
949 4010 964 4035 ,
992 3981 1086 4026 aut
1117 3975 1367 4043 superbia
1392 4016 1407 4044 ,
1444 3989 1538 4034 aut
1575 3979 1788 4049 injuriae
1829 3983 1881 4038 in
1915 3985 2016 4040 ho-

439 4055 632 4122 mines,
665 4067 758 4112 aut
791 4059 995 4128 irrisio,
1043 4072 1137 4118 aut
1167 4063 1526 4136 adulterium,
1561 4081 1656 4125 aut
1695 4071 1872 4130 inanis
1898 4077 2017 4146 glo-

437 4147 531 4203 l'izn
575 4163 748 4218 amor,
775 4162 866 4206 aut
896 4154 1104 4223 odium,
1147 4167 1241 4212 aut
1285 4162 1722 4232 concupiscentia
1770 4167 2020 4236 pulchre-

436 4254 556 4295 rum
585 4243 1037 4302 vestimentorum
1059 4251 1325 4320 corporis,
1351 4263 1442 4307 aut
1465 4263 1667 4312 mutua:
1694 4258 2015 4321 inimicitia.

435 4329 732 4390 infelicitas
769 4345 952 4392 autem
1000 4355 1120 4395 mea
1166 4343 1391 4413 supplex
1432 4360 1527 4402 vos
1571 4347 1932 4421 deprecatur,
1959 4364 2020 4411 ut

435 4424 570 4480 nihil
605 4427 800 4498 harum,
829 4433 1102 4489 actionum
1135 4436 1328 4493 sinatis
1361 4438 1503 4496 inter
1537 4457 1632 4500 vos
1674 4446 1726 4499 in
1764 4446 1886 4502 loco
1929 4465 2019 4505 ve-

432 4526 559 4572 stra:
587 4519 959 4579 habitationis.
990 4524 1123 4581 Nam
1156 4527 1210 4582 in
1239 4545 1566 4604 quacunque
1597 4541 2017 4611 congregatione

431 4607 514 4662 hae
543 4621 760 4667 exstant
797 4615 1075 4686 actiones,
1118 4621 1385 4678 inhabitat
1430 4626 1501 4681 ibi
1547 4627 1627 4683 ira
1669 4607 1905 4692 Domini.
1949 4634 2016 4690 Et

430 4702 655 4770 sciatis,
691 4705 913 4775 fratres,
960 4713 1104 4780 quod
1157 4715 1265 4770 vita
1318 4728 1502 4774 nostra
1556 4720 1610 4776 in
1658 4722 1760 4780 hoc
1814 4729 2014 4784 mundo

429 4793 754 4853 brevissima
798 4809 916 4868 est;
949 4803 1068 4857 ideo
1107 4805 1173 4860 de
1213 4807 1300 4861 illa
1331 4813 1586 4880 satagite,
1629 4823 1684 4869 et
1726 4817 1890 4874 nolite
1924 4835 2014 4876 tte-

427 4887 696 4958 gligentes
737 4905 884 4959 esse,
934 4910 1004 4950 ne
1037 4895 1244 4952 incidat
1279 4911 1461 4957 vestra
1505 4907 1910 4977 transmigratio
1944 4914 2013 4969 ab

428 4979 534 5036 hac
562 4982 672 5036 vita
715 4983 945 5040 invicem
995 4988 1378 5060 irascentibus,
1417 5010 1480 5049 ac
1518 5009 1802 5068 propterea
1842 5004 2016 5059 homi-

425 5074 566 5128 cidis
619 5079 1051 5135 adnumeremini
1105 5085 1402 5140 secundum
1447 5087 1788 5160 Scripturam
1837 5113 1851 5151 :
1907 5097 2012 5162 Qui

424 5165 548 5218 odio
583 5166 736 5222 liabet
771 5169 989 5239 fratrem
1017 5189 1167 5226 suum
1193 5214 1208 5240 ,
1237 5175 1505 5233 homicida
1527 5191 1603 5235 est
1628 5181 1694 5238 "'.
1734 5183 1866 5250 Quae
1895 5188 2014 5256 qui-

425 5256 547 5311 dem
594 5259 738 5314 dicta
770 5277 836 5317 ac
867 5275 1140 5334 praecepta
1177 5284 1283 5323 non
1319 5271 1386 5325 ad
1419 5275 1716 5332 monachos
1745 5279 2015 5336 duntaxat

425 5355 480 5398 et
517 5346 758 5416 virgines
815 5363 1100 5422 spectant,
1145 5359 1237 5412 sed
1272 5367 1328 5414 et
1361 5361 1430 5416 ad
1463 5377 1655 5420 onmes
1701 5366 1889 5424 ﬁdeles
1919 5371 2012 5440 qui

424 5438 713 5494 nobiscum
761 5449 1166 5503 communicant
1200 5449 1252 5505 in
1289 5452 1536 5510 Ecclesia
1578 5455 1791 5515 Domini
1836 5438 2009 5518 nostri

421 5526 551 5587 Jcsu
583 5529 786 5591 Christi
811 5537 1108 5596 universali
1137 5547 1456 5616 apostolica.
1483 5548 1641 5608 Nunc
1669 5551 1872 5624 itaque,
1901 5553 2014 5612 fra-

490 5729 542 5766 ⁸⁸
577 5731 597 5788 l
635 5732 795 5792 Joan.
838 5753 922 5807 m,
967 5741 1072 5798 15.‘
1166 5747 1212 5781 "
1251 5745 1384 5808 Luc.
1428 5765 1506 5820 vi,
1541 5752 1630 5808 57.

2119 1867 2518 1934 Quamobrem,
2567 1864 2906 1921 dilectissimi
2963 1866 3104 1931 mei,
3146 1867 3191 1920 si
3246 1867 3363 1921 haec
3419 1866 3567 1920 inter
3609 1879 3707 1920 vos

2085 2009 2089 2013 .
2117 1960 2246 2015 olim
2283 1969 2657 2016 consummata
2689 1968 2835 2022 sunt,
2861 1974 2927 2015 ex
2965 1975 3108 2014 nunc
3140 1970 3345 2024 cavete,
3391 1975 3461 2016 ne
3492 1969 3709 2015 exstent

2119 2052 2260 2108 inter
2291 2068 2406 2117 vos,
2435 2067 2534 2108 nec
2564 2066 2627 2107 ea
2672 2053 2828 2107 vobis
2864 2052 3134 2106 dominari
3165 2053 3516 2122 permittatis.
3547 2051 3705 2108 Scia-

2120 2146 2188 2200 tis
2219 2146 2382 2199 etiam
2419 2144 2562 2214 quod
2594 2145 2707 2200 dies
2733 2145 2862 2200 vitae
2891 2153 3099 2200 nostrae
3130 2145 3446 2216 paucissimi
3478 2145 3619 2210 sint;
3653 2147 3710 2200 in

2121 2237 2226 2290 illis
2257 2246 2438 2291 tamen
2471 2235 2539 2290 ad
2567 2235 2856 2291 Dominum
2895 2251 2924 2290 a
2964 2221 3168 2293 nostris
3237 2237 3480 2307 peccatis
3521 2237 3713 2307 resipi-

2119 2327 2560 2384 sceudumnobis
2603 2339 2720 2393 est,
2770 2345 2838 2385 ne
2881 2330 3252 2399 apprehendat
3310 2344 3411 2384 nos
3455 2328 3713 2383 transmi-

2119 2418 2295 2488 gratio
2327 2418 2456 2474 hinc
2486 2417 2612 2474 illuc
2634 2459 2650 2486 ,
2684 2421 2841 2474 nobis
2868 2420 3299 2491 inopinantibus,
3325 2435 3449 2476 cum
3488 2421 3594 2475 huc
3626 2436 3712 2476 re-

2118 2511 2258 2566 verti
2297 2524 2640 2582 nequaquam
2687 2514 3007 2584 poterimus.
3042 2513 3299 2569 Videmus
3342 2513 3491 2568 enim
3539 2523 3713 2569 trans-

2121 2605 2419 2675 migrantes
2467 2607 2535 2661 ad
2583 2620 2681 2661 nos
2734 2621 2838 2663 non
2900 2607 3142 2674 reverti;
3191 2622 3292 2664 nos
3344 2622 3566 2678 quoque
3611 2609 3715 2662 mi-

2121 2699 2270 2754 nime
2303 2713 2489 2753 eorum
2533 2707 2918 2769 exspectamus
2957 2701 3212 2767 reditum,
3255 2703 3350 2757 sed
3402 2702 3524 2758 illos
3559 2703 3712 2771 sequi

2120 2799 2502 2862 exspectamus
2526 2809 2539 2846 :
2569 2791 2713 2861 quod
2748 2807 2880 2847 sane
2909 2794 3186 2850 sancitum
3215 2803 3296 2849 est
3325 2794 3582 2850 omnibus
3614 2794 3714 2850 ho-

2123 2883 2362 2940 minibus
2400 2884 2559 2955 hujus
2599 2885 2816 2949 mundi,
2852 2885 2921 2939 ab
2954 2886 3109 2942 initio
3138 2901 3310 2956 usque
3354 2887 3423 2941 ad
3457 2901 3711 2942 consum-

2125 2977 2443 3033 mationem.
2509 2979 2722 3046 Quare.
2775 2978 3108 3034 dilectissimi
3162 2980 3304 3042 mei,
3353 2988 3603 3048 oportet,
3657 2988 3713 3033 ut

2132 3085 2292 3126 neruo
2344 3079 2594 3134 nostrum
2651 3087 2763 3128 sua:
2805 3073 3050 3128 stultitia:
3094 3073 3251 3143 ecpia
3301 3073 3601 3142 glorietur,
3657 3081 3712 3128 et

2127 3165 2270 3221 dicat
2323 3165 2636 3223 :Prtevalui
2685 3167 2947 3223 adversus
3001 3169 3207 3223 socium
3264 3183 3467 3235 meum,
3509 3183 3613 3223 nec
3664 3166 3710 3221 ei

2125 3270 2372 3324 parcam.
2407 3255 2562 3312 Sciat
2602 3258 2749 3313 enim
2804 3259 2905 3314 hoc
2949 3258 3134 3314 dicens
3168 3269 3222 3314 et
3251 3261 3523 3329 cogitans,
3572 3258 3712 3328 quod

2125 3349 2352 3403 tradidit
2399 3350 2561 3406 morti
2610 3349 2984 3406 fortitudinem
3034 3351 3088 3406 in
3135 3352 3372 3406 animam
3417 3366 3574 3405 suam
3607 3361 3710 3403 lan-

2125 3449 2272 3504 tum;
2309 3451 2365 3494 et
2401 3441 2508 3495 erit
2551 3441 2840 3498 hmreditas
2888 3443 3032 3498 illius
3055 3481 3072 3508 ,
3107 3443 3256 3499 locus
3298 3443 3456 3498 ﬁetus
3485 3452 3544 3498 et
3590 3443 3711 3497 stri-

2123 3529 2272 3586 doris
2305 3530 2585 3597 dentium,
2631 3541 2686 3587 et
2733 3535 2998 3588 vermium
3043 3549 3149 3589 non
3200 3533 3616 3599 dormientium,
3662 3543 3710 3588 et

2123 3622 2587 3693 iuexstinguibilis
2616 3624 2774 3695 ignis.

2193 3713 2289 3770 His
2319 3714 2501 3784 itaque
2533 3730 2563 3769 a
2604 3717 2758 3772 nobis
2794 3718 3048 3788 cognitis,
3077 3716 3410 3774 dilectissimi
3441 3719 3574 3786 mei,
3620 3720 3711 3773 de-

2121 3816 2395 3862 certemus
2431 3807 2556 3862 dum
2597 3823 2783 3864 sumus
2812 3809 2866 3862 in
2899 3810 3000 3864 hoc
3040 3824 3290 3879 corpore,
3319 3817 3372 3865 et
3402 3811 3709 3865 animarum

2120 3907 2432 3955 nostrarum
2491 3900 2806 3956 vulneribus
2859 3903 3196 3969 medeamur,
3253 3911 3552 3968 antequam
3604 3917 3711 3971 nos

2122 4000 2333 4063 tempus
2354 3991 2596 4064 effugiat.
2622 3993 2689 4048 Et
2712 3994 2820 4048 sint
2852 3992 2967 4050 haec
3001 3995 3142 4050 dicta
3171 3995 3277 4049 lixa
3308 3995 3363 4050 in
3421 3996 3711 4051 intellecti-

2121 4084 2222 4143 bus
2270 4087 2490 4154 nostris,
2535 4098 2591 4144 et
2627 4104 2692 4144 ea
2725 4103 3095 4161 exsequamur
3140 4100 3266 4144 ante
3311 4095 3710 4162 separationem

2121 4181 2426 4237 animarum
2481 4191 2791 4239 nostrarum
2836 4197 2868 4239 e
2905 4185 3223 4255 corporibus
3261 4185 3483 4241 nostris.
3535 4185 3713 4257 Siqui.

2122 4273 2245 4328 dem
2286 4272 2547 4331 Dominus
2586 4284 2774 4331 noster
2815 4275 2979 4346 judex
3007 4275 3186 4346 justus
3225 4277 3401 4332 mittet
3433 4277 3712 4333 ministros

2122 4381 2272 4434 suos,
2303 4373 2359 4423 et
2409 4369 2820 4438 apprehendent
2856 4369 3131 4436 animam,
3177 4379 3232 4426 et
3269 4371 3610 4441 separabunt
3651 4372 3710 4426 il-

2054 4457 2231 4550 Dlam
2287 4473 2316 4510 a
2362 4457 2526 4514 domo
2575 4458 2678 4516 hac
2729 4459 2895 4516 lutea.
2956 4461 3276 4533 Quicunque
3326 4474 3510 4519 autem
3569 4481 3711 4522 cuni.

2125 4549 2536 4619 prehenduntur
2565 4560 2693 4607 tunc
2722 4566 2835 4606 sua:
2872 4550 3066 4609 salutis
3113 4553 3463 4610 immemores
3484 4599 3500 4623 ,
3533 4573 3709 4612 reser-

2124 4641 2395 4696 vabantur
2423 4643 2475 4697 in
2504 4644 2744 4700 tenebris
2773 4644 3140 4701 exterioribus
3171 4646 3239 4701 ad
3270 4649 3616 4704 tremendum
3651 4650 3709 4703 il-

2123 4732 2232 4788 lum
2263 4735 2428 4802 diem,
2454 4745 2509 4790 et
2533 4738 2702 4792 exibit
2737 4738 2791 4793 in
2819 4738 2936 4793 illos
2971 4753 3155 4793 amara
3193 4739 3279 4794 illa
3317 4743 3625 4807 sententia;
3658 4750 3708 4796 et

2123 4827 2406 4883 tradentur
2430 4831 2725 4887 tortoribus
2765 4831 3311 4898 immisericordibus,
3341 4844 3394 4889 et
3422 4851 3703 4890 carcerum

2123 4919 2396 4990 praefectis
2449 4923 2703 4993 (quibus
2759 4925 2904 4980 nulla
2963 4925 3108 4981 inest
3151 4926 3361 4998 pietas)
3416 4927 3704 4984 destinatis

2123 5013 2386 5069 custodia:
2417 5013 2561 5071 illius
2609 5016 2751 5087 ignis
2792 5018 2935 5086 pleni
2977 5019 3242 5072 vermium
3291 5020 3381 5089 qui
3431 5035 3540 5075 non
3587 5026 3704 5076 dor-

2124 5107 2342 5174 miunt,
2402 5122 2503 5163 nec
2541 5125 2648 5164 non
2701 5111 3044 5168 tenebrarum
3075 5113 3405 5168 exteriorum
3451 5123 3509 5170 et
3556 5132 3700 5170 man-

2114 5195 2327 5253 sionum
2363 5197 2586 5269 frigoris
2611 5201 2894 5270 plenarum
2925 5213 2980 5258 et
3010 5202 3231 5271 algoris.
3269 5206 3368 5270 Qui
3402 5218 3591 5262 autem
3619 5208 3694 5262 his

2113 5288 2428 5344 crudelibus
2463 5293 2767 5358 tradentur,
2799 5295 3156 5364 projicientur
3188 5300 3239 5354 iu
3275 5313 3334 5352 ea
3367 5297 3486 5353 loca
3534 5315 3566 5355 a
3602 5299 3698 5355 Deo

2115 5381 2508 5447 remotissima,
2544 5394 2603 5438 ut
2643 5385 2940 5442 vindictam
2981 5398 3201 5445 sumant
3233 5393 3298 5446 de
3327 5390 3455 5446 illis.

2184 5469 2338 5526 Tunc
2388 5473 2630 5545 mugient
2658 5474 2784 5530 ﬁetu
2814 5486 2871 5532 et
2916 5477 3248 5538 clamoribus
3279 5491 3335 5538 et
3364 5483 3585 5552 ploratu
3621 5493 3695 5538 at-

2112 5576 2219 5631 que
2251 5563 2480 5636 ululatu,
2526 5582 2628 5624 nec
2660 5582 2754 5626 eos
2787 5572 3080 5629 exaudient
3122 5585 3216 5630 aut
3256 5574 3694 5643 miserebantur,

1712 5754 1726 5786 ’
1773 5755 1967 5828 Ephes.
2017 5774 2092 5830 tv,
2131 5760 2222 5819 25.
