3860 6316
145 287 270 344 ωσι

1153 285 1210 342 S.
1251 284 1536 343 ANTONll
1574 283 1646 343 Μ.
1689 284 1984 345 ABBATIS
2020 286 2404 347 EPISTOLE.

3279 292 3420 349 166‘!

142 425 263 467 cum
293 405 667 464 misericordia
689 405 802 477 jam
827 406 1205 464 recesseritab
1228 407 1334 464 illis
1358 409 1410 463 in
1447 418 1726 466 aeternum.
1763 415 1809 473 Α
1835 410 1979 466 cium
2027 411 2208 482 impiis
2254 412 2384 476 illis.
2442 410 2628 468 videre
2671 409 2921 482 permisit
2961 427 2978 479 ;
3034 425 3209 483 neque
3251 413 3414 469 etiam

142 502 604 558 lnnnisericordes
655 515 892 570 namque
923 510 978 555 et
1007 501 1111 570 ipsi
1156 502 1486 556 exstiterunt
1527 502 1579 556 in
1622 503 1732 556 vita

142 610 258 661 sua,
295 595 603 650 famelicum
638 609 747 650 non
779 595 1046 658 cibantes,
1077 592 1351 649 sitientem
1407 609 1512 674 non
1544 601 1736 664 potan-

143 697 238 753 tes,
277 687 627 758 peregrinum
672 701 778 740 non
824 685 1208 756 suscipientes,
1247 685 1452 740 nudum
1495 702 1600 740 non
1641 699 1737 740 ve-

138 781 385 843 stientes,
415 779 694 834 infirmum
718 793 824 834 non
846 778 1172 845 invisentes,
1197 791 1424 832 carcere
1450 776 1732 832 detentum

143 886 246 926 non
291 869 619 927 visitantes:
674 871 877 926 idcirco
913 870 1194 944 consecuti
1244 878 1372 924 sunt
1417 884 1736 925 remunera-

143 964 342 1017 tionem
375 963 494 1018 sine
521 962 916 1018 misericordia.
945 960 1172 1031 lnsuper
1198 961 1458 1032 peccatis,
1488 971 1543 1016 et
1575 961 1730 1027 dolis,

139 1063 190 1110 et
215 1055 586 1111 inobedientia
619 1069 748 1125 erga
786 1063 1146 1126 praeceptores
1194 1063 1249 1108 et
1295 1053 1608 1109 erudientes
1640 1068 1736 1122 pa-

140 1153 251 1199 tres
278 1143 542 1200 cumulati
592 1152 789 1209 erant;
840 1156 941 1198 nec
970 1141 1344 1212 paenitentiam
1375 1149 1599 1212 egerunt
1628 1156 1733 1193 una

137 1236 244 1302 die,
281 1251 383 1291 nec
411 1235 516 1290 sibi
564 1234 848 1307 elegerunt
897 1244 1293 1322 pra’ceptorcpt
1340 1235 1432 1303 qui
1483 1247 1581 1303 pro
1631 1232 1735 1286 illis

141 1337 382 1398 rogaret,
418 1343 515 1382 nec
539 1327 743 1397 gratias
781 1340 878 1397 pro
907 1325 1188 1380 concessis
1216 1323 1318 1379 sibi
1363 1323 1566 1378 divitiis
1603 1338 1730 1394 cge-

148 1431 300 1485 runt,
329 1419 766 1488 dimiseruntque
792 1433 820 1472 a
851 1433 912 1473 se
946 1418 1036 1472 hic
1075 1417 1441 1487 cognitionem
1477 1414 1685 1471 Domini
1715 1433 1728 1468 :

143 1527 310 1581 quare
339 1511 457 1580 ipse
484 1524 699 1580 quoque
742 1508 1016 1578 ignorabit
1067 1507 1190 1562 illos
1224 1507 1322 1573 ibi,
1359 1517 1410 1562 et
1440 1506 1618 1561 tradet
1641 1519 1734 1560 eos

143 1601 670 1659 immisericordibus
729 1599 858 1664 illis,
915 1609 973 1653 ut
1027 1601 1094 1656 de
1163 1599 1244 1654 eis
1292 1599 1624 1654 ulciscantur
1669 1612 1734 1652 eo

145 1698 395 1753 cruciatu
420 1694 575 1764 cujus
603 1709 709 1748 non
743 1702 828 1749 est
863 1692 1025 1748 finis:
1079 1692 1258 1746 instar
1305 1691 1446 1746 servi
1478 1690 1619 1744 illius
1641 1688 1730 1759 qui

1835 503 1964 559 mali
2002 503 2075 558 illi
2119 514 2240 575 post
2267 506 2509 560 clausam
2548 504 2772 574 jannam
2813 502 3192 559 conscendere
3234 505 3418 559 value-

1835 605 1961 651 runt
1993 611 2114 650 cum
2143 595 2340 665 justis;
2372 596 2465 651 sed
2495 594 2624 650 facti
2661 604 2788 650 sunt
2819 610 2944 650 cum
2978 594 3148 649 hazdis
3177 595 3267 664 qui
3296 606 3422 650 sunt

1838 687 1908 740 ad
1956 687 2257 754 sinistram,
2300 701 2399 742 nec
2428 686 2688 740 accedere
2733 695 3030 755 potuerunt
3073 686 3138 739 ad
3186 699 3281 742 eos
3329 687 3419 754 qui

1833 788 1961 834 sunt
1982 781 2050 835 ad
2083 781 2359 835 dexteram
2389 798 2402 847 ;
2440 795 2626 834 verum
2658 779 2966 850 perditione
3007 779 3270 849 deperditi
3296 790 3424 834 sunt

1834 883 1976 938 aqua
2025 869 2210 924 diluvii
2249 872 2319 924 ob
2366 884 2523 924 suam
2572 869 2843 938 pigritiam
2879 879 2933 924 et
2974 869 3422 925 inobedientiani.

1838 958 2054 1016 Etenim
2085 959 2198 1016 Noe
2223 963 2398 1031 spatio
2431 961 2645 1017 illorum
2672 971 2888 1016 centum
2927 976 3192 1017 annorum
3229 961 3425 1030 quibus

1835 1067 2019 1107 arcam
2052 1054 2338 1118 exstruxit,
2375 1054 2443 1108 ad
2489 1052 2766 1108 meliorem
2809 1053 3017 1125 frugem
3061 1067 3156 1109 eos
3195 1068 3418 1108 revoca-

1836 1145 1962 1211 bat,
2000 1155 2366 1200 verumtamen
2414 1159 2587 1213 neque
2639 1143 2967 1200 obediebant
2993 1145 3078 1210 ei,
3116 1159 3291 1214 neque
3321 1159 3424 1198 an-

1835 1236 2078 1300 diebant,
2111 1239 2338 1308 ideoque
2366 1237 2628 1306 deperditi
2655 1246 2800 1293 sunt.
2834 1236 2988 1292 Nunc
3027 1276 3045 1302 ,
3085 1215 3425 1292 dilectissiini

1837 1331 1982 1398 mei,
2021 1340 2074 1386 et
2105 1330 2234 1386 mihi
2269 1331 2551 1398 amabiles,
2577 1333 2644 1388 de
2672 1347 2804 1401 pace
2830 1331 3046 1387 solliciti
3083 1347 3205 1386 cum
3248 1331 3426 1384 omni-

1836 1421 1957 1487 bus,
1995 1437 2122 1492 rogo
2163 1437 2259 1476 vos
2300 1436 2394 1490 per
2419 1423 2649 1490 gratiam
2685 1422 2800 1486 Dei,
2833 1431 2892 1477 ut
2949 1421 3216 1477 obediatis
3257 1422 3422 1487 mihi;

1835 1522 1948 1569 tum
1985 1529 2084 1583 ego
2112 1528 2326 1583 quoque
2367 1513 2615 1568 obediam
2650 1514 2840 1580 vobis;
2880 1524 2934 1568 et
2978 1528 3167 1569 omnes
3203 1513 3427 1568 obedia-

1837 1621 1958 1662 mus
1996 1605 2222 1661 Domino
2254 1605 2452 1660 dicenti
2501 1620 2594 1674 per
2640 1604 2880 1676 linguam
2922 1603 3243 1674 PrOphetaa:
3295 1605 3426 1670 Quis

1835 1709 1910 1753 est
1956 1698 2110 1752 homo
2161 1698 2250 1761 qui
2292 1697 2556 1752 desiderat
2591 1697 2770 1762 vitam,
2815 1708 2860 1751 et
2895 1697 3034 1766 cupit
3090 1697 3263 1750 ridere
3315 1696 3427 1750 dies

145 1803 252 1844 non
300 1797 386 1844 εει
428 1787 684 1843 misertus
733 1799 1023 1852 conservo,
1065 1783 1384 1840 ditnittendo
1427 1781 1477 1837 ei
1505 1789 1728 1837 centum
1763 1767 1807 1822 Β
1839 1788 2041 1843 bonos?
2071 1786 2265 1843 Cohibe
2298 1787 2530 1858 linguam
2578 1797 2721 1843 tuam
2749 1807 2780 1842 α
2816 1789 2960 1842 man
2985 1827 3000 1854 ,
3048 1798 3097 1843 ει
3147 1788 3290 1842 labia
3336 1798 3427 1842 tua

146 1880 419 1943 denarios,
461 1879 552 1950 qui
603 1878 763 1948 pauci
815 1885 942 1932 sunt
978 1878 1031 1931 in
1061 1875 1474 1944 comparatione
1523 1872 1731 1944 myrin-

146 1971 269 2026 dum
307 1972 400 2040 qui
441 1970 490 2024 ei
521 1968 729 2024 dimissi
767 1976 930 2034 sunt;
960 1976 1016 2022 et
1043 1967 1216 2023 instar
1252 1965 1394 2022 servi
1424 1966 1734 2034 impotentis

145 2062 320 2133 pigri,
351 2061 444 2130 qui
491 2060 744 2131 sepelivit
771 2068 1056 2128 argentum
1086 2057 1291 2113 domini
1317 2057 1442 2113 sui:
1482 2065 1536 2112 et
1559 2056 1734 2110 instar

146 2153 287 2208 illius
313 2153 406 2223 qui
447 2167 553 2208 non
591 2160 675 2206 est
723 2151 976 2207 inventus
1021 2164 1145 2206 cum
1193 2156 1344 2204 veste
1385 2144 1646 2219 nuptiali;
1679 2155 1735 2203 et

147 2247 321 2302 instar
354 2246 501 2302 servi
551 2243 953 2300 contemnentis
1000 2244 1314 2298 mandatum
1364 2239 1566 2295 domini
1613 2239 1731 2301 sui,

146 2346 199 2393 et
243 2337 462 2393 edentis
492 2344 550 2392 et
601 2335 839 2392 bibentis
888 2349 1012 2390 cum
1044 2332 1238 2398 ebriis,
1279 2345 1378 2386 nec
1425 2329 1736 2386 miserantis

147 2431 450 2489 conservis.
500 2431 602 2499 Qui
653 2431 869 2502 quidem
924 2443 1114 2485 omnes
1173 2427 1296 2482 ideo
1368 2424 1548 2481 traditi
1607 2433 1737 2480 sunt

149 2523 487 2581 cruciatibus
513 2534 567 2579 et
608 2521 1157 2585 immisericordihus,
1185 2519 1445 2589 quoniam
1487 2517 1730 2573 immise-

149 2615 396 2670 ricordes
431 2622 618 2680 erant,
650 2614 793 2669 sicut
839 2613 1102 2682 scriptum
1137 2619 1244 2677 est,
1284 2609 1432 2680 quod
1471 2608 1736 2678 judicium

151 2705 531 2761 misericordia
561 2703 835 2760 abutentis
865 2703 972 2757 erit
1012 2699 1484 2756 immisericordia.

224 2803 413 2867 Itaque
435 2835 450 2860 ,
483 2795 819 2852 dilectissimi
859 2793 986 2858 mei,
1016 2807 1114 2863 ego
1144 2789 1326 2846 infelix
1361 2791 1429 2845 ob
1463 2791 1736 2860 ingentem

153 2899 328 2942 meam
361 2901 490 2956 erga
521 2900 616 2941 vos
640 2885 899 2956 pietatem
937 2883 1075 2938 satis
1106 2895 1378 2952 superque
1417 2896 1515 2936 vos
1546 2882 1739 2950 depre-

153 2995 264 3044 cor,
293 2988 355 3034 ut
397 2977 736 3048 evigilemus,
773 2976 898 3031 dum
931 2988 1119 3030 sumus
1163 2974 1216 3028 in
1253 2973 1356 3028 hoc
1400 2987 1648 3038 corpore,
1686 2979 1740 3027 et

153 3069 381 3126 ﬂeamus
441 3071 836 3139 nosmetipsos,
864 3076 918 3122 et
950 3067 1296 3138 deploretnus
1326 3081 1393 3121 ex
1429 3075 1542 3120 toto
1576 3065 1739 3119 corde

155 3172 345 3218 nostro
389 3169 552 3217 noctu
601 3159 822 3230 diuque,
859 3168 917 3214 ut
948 3160 1245 3228 eripiamur
1275 3160 1344 3212 ab
1389 3170 1575 3210 amaro
1619 3170 1742 3211 cru-
1768 3131 1813 3190 ο

155 3255 300 3310 ciatu
337 3264 392 3309 et
421 3269 450 3308 a
481 3251 607 3308 fletu
633 3263 687 3306 et
714 3253 925 3323 ploratu
952 3260 1006 3306 et
1031 3250 1318 3317 maestitia,
1343 3265 1465 3322 qua:
1489 3265 1595 3306 non
1621 3264 1738 3320 per-

156 3347 506 3414 transibunt;
542 3357 595 3402 et
623 3359 913 3401 caveamus
947 3343 1155 3416 ingredi
1201 3342 1540 3414 perjanuam
1576 3345 1742 3398 latam

156 3450 209 3495 et
239 3441 383 3495 viam
417 3439 631 3494 facilem
679 3453 801 3508 qua:
849 3436 1108 3493 conducit
1149 3437 1214 3491 ad
1251 3436 1642 3507 perditionem,
1691 3444 1746 3490 et

158 3535 316 3590 multi
350 3545 481 3589 sunt
515 3533 855 3588 ambulantes
884 3545 980 3602 per
1025 3530 1207 3596 illam;
1253 3529 1350 3584 sed
1381 3529 1746 3600 ingrediamur

159 3641 254 3695 per
295 3626 522 3698 ianuam
556 3635 840 3695 angustam
883 3631 938 3680 et
967 3623 1108 3678 viam
1156 3621 1366 3677 tristem
1401 3631 1456 3677 et
1489 3629 1740 3676 moestam

158 3717 551 3772 eonducentem
585 3717 653 3770 ad
683 3716 870 3780 vitam,
903 3723 958 3770 et
1001 3714 1158 3784 pauci
1201 3721 1328 3768 sunt
1382 3711 1748 3781 ingredientes

160 3825 258 3883 per
314 3810 484 3866 illam.
536 3809 639 3878 Qui
685 3818 865 3863 autem
920 3821 1016 3878 per
1047 3806 1194 3861 illam
1236 3805 1466 3876 ingressi
1525 3803 1744 3869 fuerint,

162 3901 274 3958 reri
300 3900 536 3971 operarii
579 3908 727 3965 sunt,
758 3899 852 3969 qui
886 3898 1155 3967 accipient
1182 3896 1488 3952 mercedem
1515 3909 1740 3950 suorum

161 3992 406 4049 laborum
463 4007 586 4046 cum
648 3990 867 4060 gaudio,
923 3999 980 4044 et
1033 3986 1429 4044 baereditabunt
1493 4002 1744 4059 regnum.

161 4082 262 4150 Qui
296 4096 428 4154 ergo
456 4091 676 4153 paratus
702 4089 809 4146 est,
856 4077 1196 4136 dilectissimi
1243 4080 1373 4142 mei,
1421 4079 1633 4144 adesse,
1680 4091 1749 4134 ne

160 4188 346 4243 quaeso
375 4172 640 4244 negligat,
677 4188 746 4227 ne
785 4177 1028 4226 transeat
1063 4177 1305 4240 tempus;
1350 4176 1405 4224 et
1440 4183 1546 4224 non
1589 4184 1749 4240 repe-

164 4268 336 4320 rietur
369 4267 461 4336 qui
491 4266 723 4337 emptori
767 4264 1003 4320 vendere
1037 4264 1186 4318 velit.
1240 4262 1331 4317 Sic
1375 4263 1517 4317 enim
1553 4264 1750 4318 accidit
1791 4303 1803 4322 κ

164 4356 468 4426 virginibus
496 4355 600 4412 illis
625 4355 864 4426 quinque
889 4352 1089 4418 stultis,
1120 4367 1244 4408 cum
1279 4366 1384 4407 non
1424 4353 1750 4405 invenerunt

1839 1897 1901 1934 ne
1925 1879 2212 1948 loquantur
2251 1896 2368 1933 cum
2405 1879 2546 1934 dolo.
2595 1880 2811 1934 Declina
2853 1897 2887 1934 a
2913 1878 3073 1945 malo,
3124 1888 3173 1933 et
3211 1879 3298 1950 [ac
3345 1882 3429 1934 ba-

1840 1986 2002 2038 num;
2040 1987 2216 2041 qurere
2255 1987 2462 2040 pacem,
2487 1982 2534 2026 et
2566 1987 2777 2042 sequere
2813 1971 2966 2028 illam
2997 1975 3017 2005 ³
3047 1993 3060 2028 :
3117 1987 3172 2031 et
3218 1971 3429 2040 relinta

1839 2078 1958 2135 qua:
1988 2064 2103 2118 hanc
2142 2073 2462 2133 sequuntur.

1910 2156 1978 2211 Et
2003 2156 2245 2226 profecto
2279 2171 2341 2211 ea
2391 2165 2514 2210 sunt
2544 2157 2736 2225 gaudia
2773 2171 2912 2222 mea,
2971 2169 3025 2212 et
3063 2162 3291 2211 fratrum
3333 2159 3425 2227 qui

1841 2254 1968 2303 sunt
2014 2260 2180 2316 penes
2226 2260 2336 2312 me,
2366 2254 2426 2299 ut
2477 2245 2726 2300 nuntium
2775 2246 3073 2301 habeamus
3123 2247 3189 2300 de
3243 2257 3421 2302 vestra

1843 2337 2287 2404 christianitate;
2327 2348 2380 2393 et
2404 2336 2545 2407 quod
2579 2353 2681 2408 pax
2724 2338 2936 2393 Domini
2971 2339 3042 2393 sit
3073 2339 3214 2409 apud
3251 2355 3344 2394 vos
3370 2350 3429 2394 et

1843 2445 2010 2501 penes
2039 2445 2168 2497 vos;
2202 2440 2257 2486 et
2304 2431 2447 2501 quod
2487 2428 2766 2485 aedificetis
2811 2445 2974 2500 super
3017 2431 3159 2486 illam
3207 2431 3297 2487 diu
3338 2445 3431 2486 no-

1843 2533 2063 2595 ctuque,
2101 2533 2160 2579 ut
2207 2523 2348 2580 liatis
2381 2540 2521 2580 unus
2567 2524 2789 2594 spiritus
2825 2524 2878 2579 in
2921 2539 3026 2578 una
3069 2525 3345 2580 voluntate
3374 2532 3432 2580 et

1845 2613 1898 2669 in
1951 2628 2057 2668 una
2114 2611 2219 2670 fide
2265 2623 2320 2668 et
2367 2613 2422 2667 in
2490 2629 2594 2668 una
2652 2613 3064 2683 participatione
3117 2623 3171 2669 et
3208 2614 3260 2669 in
3318 2629 3428 2668 una

1845 2721 2053 2773 mensa,
2089 2715 2148 2760 ut
2182 2716 2502 2777 permaneat
2524 2705 2677 2760 vobis
2702 2720 2824 2776 pax.
2857 2705 2936 2759 Ex
2963 2719 3072 2776 quo
3103 2715 3282 2760 autem
3307 2721 3432 2776 per-

1843 2796 1995 2850 venit
2043 2795 2111 2850 ad
2147 2810 2232 2851 me
2266 2795 2497 2865 epistola
2546 2807 2752 2865 vestra,
2792 2811 2966 2866 usque
3015 2813 3160 2852 nunc
3203 2803 3432 2852 maestus

1847 2903 1967 2945 sum
2004 2889 2170 2944 corde
2193 2897 2417 2960 propter
2441 2900 2692 2944 exortum
2733 2889 2879 2944 inter
2908 2903 3006 2944 vos
3039 2889 3279 2944 laborem
3303 2903 3433 2945 cau-

1845 2994 1905 3036 sa
1949 2979 2330 3049 imprudentia:
2356 2993 2566 3046 eorum,
2611 2980 2702 3049 qui
2734 2993 2794 3036 se
2837 2993 3126 3050 segregare
3161 2980 3346 3034 volunt
3372 2989 3430 3034 et

1847 3070 2119 3141 propriam
2150 3069 2330 3125 facere
2350 3069 2710 3134 voluntatem,
2737 3085 2861 3124 cum
2895 3071 3071 3124 adhuc
3097 3070 3207 3125 sint
3229 3070 3280 3123 in
3317 3084 3436 3126 me-

1846 3164 1954 3218 dio.
1981 3162 2256 3232 Deinceps
2287 3175 2438 3232 ergo,
2479 3162 2814 3218 dilectissimi
2863 3163 2987 3229 mei,
3039 3176 3141 3216 non
3176 3164 3286 3217 sint
3319 3164 3432 3217 hanc

1847 3255 1990 3310 inter
2019 3269 2137 3320 vos,
2169 3253 2262 3309 sed
2290 3253 2536 3324 perficite
2562 3253 2762 3308 bonum
2802 3253 2996 3308 donms
3029 3254 3178 3323 pacis
3206 3267 3431 3307 concor-

1846 3347 1930 3403 dia
1959 3365 1972 3402 :
2022 3347 2281 3402 indecens
2329 3347 2528 3416 quippe
2557 3355 2639 3400 est
2687 3346 2816 3400 dare
2849 3361 3006 3401 suum
3041 3349 3240 3401 bonum
3275 3346 3430 3399 alteri

1845 3438 1986 3504 loco,
2029 3438 2122 3494 sed
2173 3437 2579 3508 congregemini
2630 3452 2738 3492 uno
2787 3437 2839 3491 in
2899 3436 3038 3501 loco,
3074 3447 3129 3492 et
3184 3437 3431 3504 perlicite

1847 3529 1976 3585 illud
2010 3532 2060 3584 in
2089 3543 2242 3599 pace,
2273 3539 2328 3584 et
2357 3529 2669 3594 concordia,
2703 3541 2761 3583 et
2797 3529 3123 3592 humilitate,
3154 3538 3209 3584 et
3237 3529 3432 3582 timore

1847 3619 1963 3686 Dei,
1991 3631 2046 3676 et
2069 3619 2342 3690 precibus.
2377 3617 2528 3673 Tunc
2551 3620 2695 3674 enim
2723 3619 3194 3674 consumtnabitur
3224 3618 3427 3672 bonum

1846 3713 2040 3770 domus
2067 3714 2197 3779 Dei,
2229 3721 2286 3768 et
2323 3711 2645 3768 obtinebitis
2678 3710 2807 3765 illud
2843 3726 2964 3766 cum
2989 3710 3183 3782 gaudio
3205 3720 3262 3766 et
3293 3709 3434 3764 lauti-

1851 3806 1944 3862 tia.
1982 3805 2182 3860 Deinde
2231 3805 2355 3860 date
2407 3802 2638 3858 infirmis
2688 3811 2743 3856 et
2794 3802 3146 3872 pauperibus,
3197 3811 3253 3854 ut
3286 3800 3435 3873 digni

1847 3898 2159 3956 elliciamini
2187 3897 2426 3954 secundo
2457 3896 2654 3966 gaudio
2679 3895 2872 3961 electo,
2904 3895 3044 3965 quod
3071 3903 3155 3949 est
3189 3894 3347 3959 fides,
3381 3903 3437 3947 et

1850 4008 2000 4064 spes,
2030 4001 2088 4049 et
2118 3992 2380 4058 charitas,
2412 4001 2466 4046 et
2500 3989 2796 4052 humilitas,
2838 3999 2892 4043 et
2927 3987 3112 4053 timor,
3141 3996 3197 4042 et
3224 3987 3434 4041 discre-

1851 4085 1951 4150 tio,
1991 4093 2046 4140 et
2083 4081 2294 4154 religio,
2339 4091 2396 4137 et
2437 4095 2561 4150 pax,
2591 4091 2646 4135 et
2677 4079 3084 4148 contemplatio,
3125 4085 3181 4133 et
3221 4077 3439 4133 dilectio

1850 4175 2106 4232 fratrum.
2155 4173 2369 4230 Etenim
2414 4174 2722 4244 quicunque
2753 4171 2867 4226 hazc
2899 4171 3169 4234 habuerit,
3204 4170 3317 4239 ipse
3354 4177 3438 4223 cst

1851 4271 2069 4326 indutus
2122 4278 2272 4322 veste
2318 4264 2570 4335 nuptiali,
2620 4272 2676 4318 et
2723 4262 3005 4317 ambulans
3055 4260 3106 4316 in
3145 4260 3433 4329 praeceptis

1854 4360 2110 4431 Spiritus.
2143 4356 2286 4412 Vere
2309 4356 2528 4426 quidem
2561 4354 2683 4408 dico
2711 4353 2884 4418 vobis,
2919 4352 3132 4414 fratres,
3161 4351 3304 4420 quod
3323 4366 3437 4405 mo-

165 4465 194 4503 a
234 4464 345 4519 quo
371 4455 642 4506 emerent.
675 4449 828 4502 Tunc
878 4445 1340 4508 exclamaverunt,
1381 4451 1436 4498 et
1480 4442 1740 4498 fleverunt

1855 4453 1924 4507 do
1969 4465 2073 4504 non
2112 4447 2381 4505 concessit
2435 4444 2566 4500 mihi
2618 4443 2876 4496 Dominus
2930 4442 3070 4496 hanc
3122 4440 3435 4496 facultatem

165 4543 452 4598 dicentes:
499 4539 744 4607 Domine,
775 4540 921 4608 aperi
955 4540 1126 4593 nobis.
1169 4536 1273 4602 Qui
1310 4535 1628 4606 respondens
1673 4535 1748 4589 ait

163 4635 270 4688 illis
293 4649 313 4688 :
338 4633 510 4686 Amen
527 4633 646 4687 dico
677 4631 818 4685 vobis
851 4644 868 4682 .·
908 4629 1100 4683 Nescia
1128 4644 1217 4682 vos
1241 4627 1284 4680 ’.
1320 4625 1430 4680 Nec
1458 4625 1511 4680 id
1541 4626 1620 4680 eis
1645 4625 1747 4678 alia

165 4729 232 4784 de
255 4741 421 4782 causa
454 4725 673 4792 accidit,
721 4724 823 4778 nisi
867 4733 1086 4793 propter
1121 4720 1411 4791 pigritiam.
1453 4717 1586 4774 Nam
1626 4733 1748 4774 cum

165 4819 422 4877 dominus
468 4816 663 4872 domus
714 4816 1036 4879 surrexerit,
1102 4821 1156 4867 et
1204 4809 1463 4866 clauserit
1498 4807 1750 4877 ianuam,

166 4911 305 4967 nihil
338 4908 573 4978 amplius
595 4905 859 4979 proderit,
895 4904 970 4958 uti
995 4903 1256 4974 scriptum
1285 4910 1386 4956 est.
1425 4899 1536 4971 Ego
1564 4907 1746 4954 autem

165 5002 395 5058 afferam
447 5000 598 5056 vobis
654 4997 1064 5054 similitudinem
1118 4995 1278 5064 hujus
1323 4993 1422 5049 rel.
1462 4993 1574 5048 Noe
1625 5007 1749 5048 cum

165 5097 452 5164 ingressus
512 5091 704 5146 fuisset
763 5103 946 5144 arcam
1001 5088 1116 5158 ipse
1164 5103 1286 5141 cum
1347 5085 1472 5140 filiis
1526 5085 1640 5141 suis
1696 5093 1752 5139 et

165 5187 434 5241 uxoribus
477 5183 710 5238 filiorum
745 5197 988 5245 suorum,
1037 5190 1092 5234 et
1125 5179 1347 5248 reliquis
1393 5178 1485 5248 qui
1520 5192 1644 5232 cum
1689 5191 1754 5232 eo

164 5289 351 5345 erant,
377 5287 432 5335 et
453 5277 741 5333 clausisset
773 5274 995 5344 ianuam
1035 5286 1176 5327 arca:
1216 5279 1437 5342 propter
1466 5285 1636 5340 aquas
1667 5270 1754 5325 di-

167 5372 301 5428 luvii
325 5382 449 5442 qua!
482 5369 742 5424 immissa:
769 5375 896 5422 sunt
927 5379 1090 5436 super
1118 5362 1258 5417 male
1285 5373 1610 5431 operantes;
1643 5362 1757 5417 Noe

169 5476 325 5524 certe
366 5462 750 5534 arcajanuam
785 5459 1021 5531 amplius
1063 5471 1168 5512 non
1201 5456 1435 5525 aperuit,
1479 5469 1580 5510 nec
1632 5456 1756 5510 filiis

170 5563 292 5620 suis
323 5555 695 5632 spectaculum
734 5555 866 5612 illud
912 5552 1154 5611 terribile
1183 5549 1326 5622 quod
1367 5558 1488 5604 erat
1522 5547 1576 5603 in
1605 5546 1754 5618 judi-

249 5766 284 5862 ί,
326 5761 517 5818 Matth.
561 5775 686 5822 xxv,
719 5759 806 5820 ll.
851 5757 937 5810 l2.
1014 5755 1033 5786 ³
1058 5753 1204 5810 Psal.
1243 5767 1414 5809 χχχιιι
1445 5791 1462 5819 ,
1498 5749 1690 5804 13-15.

1855 4543 1957 4598 hoc
2004 4538 2271 4603 faciendi,
2309 4537 2450 4606 quod
2491 4543 2574 4590 est
2608 4533 2881 4604 segregari
2925 4547 2954 4585 a
3006 4529 3267 4586 fratribus
3304 4545 3318 4584 :
3369 4529 3439 4583 ti-

1854 4649 1976 4689 meo
2013 4631 2158 4687 enim
2191 4629 2324 4684 illud
2387 4627 2565 4681 facere
2602 4641 2632 4680 a
2669 4623 2991 4694 memetipso
3029 4622 3165 4691 solo,
3201 4623 3316 4677 sine
3344 4635 3439 4675 vo-

1855 4726 2064 4781 luntate
2109 4721 2346 4778 Domini.
2390 4719 2752 4789 Quamobrem
2802 4731 2932 4787 rogo
2963 4731 3079 4781 vos,
3115 4725 3176 4771 ut
3221 4730 3438 4785 perma-

1855 4818 2028 4874 neatis
2064 4816 2116 4871 in
2151 4824 2326 4870 vestra
2361 4811 2666 4868 humilitate
2718 4823 2774 4864 et
2821 4808 3106 4878 patientia,
3159 4815 3219 4862 ut
3245 4816 3441 4874 trans-

1856 4920 1984 4966 eant
2006 4925 2036 4963 a
2065 4907 2216 4963 vobis
2244 4905 2522 4976 passiones
2547 4921 2562 4958 :
2597 4901 2796 4973 quippe
2861 4900 2965 4956 hoc
2997 4915 3102 4954 non
3126 4907 3210 4954 est
3232 4907 3441 4966 tempus

1859 5002 2001 5057 hanc
2027 4997 2236 5070 petendi
2277 5011 2413 5052 rem.
2445 4993 2549 5061 Qui
2595 5001 2778 5046 autem
2819 4988 3084 5059 proficiet,
3115 4997 3170 5041 et
3206 5001 3272 5041 eo
3321 5001 3444 5054 por-

1860 5095 2043 5150 veniet
2075 5102 2138 5147 ut
2173 5093 2276 5147 hoc
2300 5095 2689 5158 consequatur,
2716 5092 2902 5138 certus
2937 5096 3054 5136 sum
3085 5081 3226 5148 quod
3264 5077 3442 5132 Domi-

1863 5199 1964 5238 nus
1999 5197 2150 5238 meus
2193 5181 2245 5234 id
2275 5177 2405 5233 mihi
2442 5175 2731 5240 revelabit,
2785 5181 2840 5228 et
2887 5167 3204 5239 adimplebit
3244 5167 3295 5221 in
3349 5166 3440 5220 illo

1863 5289 2016 5330 suam
2042 5273 2236 5329 bonam
2273 5269 2628 5326 voluntatem.
2666 5264 2723 5320 Si
2754 5263 2919 5334 igitur
2960 5261 3012 5314 in
3040 5260 3122 5314 his
3159 5271 3443 5327 permane-

1865 5369 2011 5432 bitis,
2049 5381 2148 5434 pax
2189 5362 2290 5419 erit
2319 5359 2470 5416 vobis
2493 5367 2550 5416 et
2594 5357 2727 5415 locis
2753 5355 2972 5422 vestris,
2999 5363 3055 5408 et
3079 5353 3329 5407 omnibus
3353 5349 3443 5420 qui

1863 5459 2082 5514 venient
2131 5457 2196 5510 ad
2231 5469 2318 5519 ea,
2363 5462 2418 5508 et
2448 5451 2542 5522 qui
2583 5451 2818 5506 orabunt
2871 5448 2925 5501 in
2977 5445 3058 5501 eis
3118 5445 3173 5500 in
3228 5443 3446 5497 nomine

1867 5547 2101 5606 Domini.
2154 5545 2265 5602 Hoc
2336 5551 2516 5601 autem
2556 5556 2655 5614 pro
2700 5548 2852 5598 certo
2901 5535 3116 5606 habete,
3149 5532 3292 5606 quod
3325 5532 3445 5604 qui-
