  <div class='ocr_page' id='page_1' title='image "/cluster/home/n/w/nwhite01/storage/ocr_20150623/40/hvd.32044019207786/561.png"; bbox 0 0 3860 6320; ppageno 0'>
   <div class='ocr_carea' id='block_1_1' title="bbox 362 268 567 327">
    <p class='ocr_par' dir='ltr' id='par_1_1' title="bbox 362 268 567 327">
     <span class='ocr_line' id='line_1_1' title="bbox 362 268 567 327; baseline 0.01 -2"><span class='ocrx_word' id='word_1_1' title='bbox 362 300 371 315; x_wconf 78' lang='grc' dir='ltr'><strong>ι</strong></span> <span class='ocrx_word' id='word_1_2' title='bbox 423 268 567 327; x_wconf 74' lang='grc'>1065</span> 
     </span>
    </p>
   </div>
   <div class='ocr_carea' id='block_1_2' title="bbox 1535 243 2598 316">
    <p class='ocr_par' dir='ltr' id='par_1_2' title="bbox 1535 243 2598 316">
     <span class='ocr_line' id='line_1_2' title="bbox 1535 243 2598 316; baseline -0.007 -8"><span class='ocrx_word' id='word_1_3' title='bbox 1535 248 1811 308; x_wconf 71' lang='grc' dir='ltr'><strong>ΡΔΤΒΕΒ</strong></span> <span class='ocrx_word' id='word_1_4' title='bbox 1850 245 2151 306; x_wconf 73' lang='grc' dir='ltr'><strong>ΑΞΟΥΡἸΙΙ</strong></span> <span class='ocrx_word' id='word_1_5' title='bbox 2192 243 2466 316; x_wconf 63' lang='lat' dir='ltr'><strong>SECULI</strong></span> <span class='ocrx_word' id='word_1_6' title='bbox 2505 244 2598 302; x_wconf 77' lang='grc' dir='ltr'><strong>Ν.</strong></span> 
     </span>
    </p>
   </div>
   <div class='ocr_carea' id='block_1_3' title="bbox 3562 245 3717 304">
    <p class='ocr_par' dir='ltr' id='par_1_3' title="bbox 3562 245 3717 304">
     <span class='ocr_line' id='line_1_3' title="bbox 3562 245 3717 304; baseline 0.006 -1"><span class='ocrx_word' id='word_1_7' title='bbox 3562 245 3717 304; x_wconf 69' lang='grc' dir='ltr'>ιοει</span> 
     </span>
    </p>
   </div>
   <div class='ocr_carea' id='block_1_4' title="bbox 420 348 3715 456">
    <p class='ocr_par' dir='ltr' id='par_1_4' title="bbox 420 348 3715 456">
     <span class='ocr_line' id='line_1_4' title="bbox 420 348 3715 456; baseline -0.008 -14"><span class='ocrx_word' id='word_1_8' title='bbox 420 396 644 456; x_wconf 74' lang='lat' dir='ltr'><strong>cunque</strong></span> <span class='ocrx_word' id='word_1_9' title='bbox 671 375 1038 437; x_wconf 98' lang='lat' dir='ltr'><strong>ambulaverit</strong></span> <span class='ocrx_word' id='word_1_10' title='bbox 1076 371 1374 430; x_wconf 88' lang='lat' dir='ltr'><strong>secundum</strong></span> <span class='ocrx_word' id='word_1_11' title='bbox 1404 368 1738 426; x_wconf 89' lang='lat' dir='ltr'><strong>voluntatem</strong></span> <span class='ocrx_word' id='word_1_12' title='bbox 1774 366 1865 423; x_wconf 86' lang='lat' dir='ltr'><strong>Dei</strong></span> <span class='ocrx_word' id='word_1_13' title='bbox 1896 382 2014 437; x_wconf 77' lang='lat' dir='ltr'><strong>quae</strong></span> <span class='ocrx_word' id='word_1_14' title='bbox 2046 378 2089 439; x_wconf 69' lang='grc' dir='ltr'>Α</span> <span class='ocrx_word' id='word_1_15' title='bbox 2117 374 2323 431; x_wconf 90' lang='lat' dir='ltr'><strong>autem,</strong></span> <span class='ocrx_word' id='word_1_16' title='bbox 2356 348 2445 434; x_wconf 85' lang='lat' dir='ltr'><strong>qui</strong></span> <span class='ocrx_word' id='word_1_17' title='bbox 2483 371 2611 419; x_wconf 85' lang='lat' dir='ltr'><strong>sunt</strong></span> <span class='ocrx_word' id='word_1_18' title='bbox 2661 360 2858 417; x_wconf 88' lang='lat' dir='ltr'><strong>diaboli</strong></span> <span class='ocrx_word' id='word_1_19' title='bbox 2910 369 2964 417; x_wconf 91' lang='lat' dir='ltr'><strong>et</strong></span> <span class='ocrx_word' id='word_1_20' title='bbox 3015 360 3273 426; x_wconf 86' lang='lat' dir='ltr'><strong>hominis,</strong></span> <span class='ocrx_word' id='word_1_21' title='bbox 3330 376 3440 417; x_wconf 90' lang='lat' dir='ltr'><strong>non</strong></span> <span class='ocrx_word' id='word_1_22' title='bbox 3490 360 3715 420; x_wconf 77' lang='lat' dir='ltr'><strong>lzetatur</strong></span> 
     </span>
    </p>
   </div>
   <div class='ocr_carea' id='block_1_5' title="bbox 424 460 2015 537">
    <p class='ocr_par' dir='ltr' id='par_1_5' title="bbox 424 460 2015 537">
     <span class='ocr_line' id='line_1_5' title="bbox 424 460 2015 537; baseline -0.014 -3"><span class='ocrx_word' id='word_1_23' title='bbox 424 477 637 534; x_wconf 89' lang='lat' dir='ltr'><strong>dulcior</strong></span> <span class='ocrx_word' id='word_1_24' title='bbox 660 484 745 531; x_wconf 83' lang='lat' dir='ltr'><strong>est</strong></span> <span class='ocrx_word' id='word_1_25' title='bbox 772 474 913 537; x_wconf 88' lang='lat' dir='ltr'><strong>favo,</strong></span> <span class='ocrx_word' id='word_1_26' title='bbox 962 467 1218 525; x_wconf 89' lang='lat' dir='ltr'><strong>omnibus</strong></span> <span class='ocrx_word' id='word_1_27' title='bbox 1244 464 1446 521; x_wconf 90' lang='lat' dir='ltr'><strong>referta</strong></span> <span class='ocrx_word' id='word_1_28' title='bbox 1482 461 1722 532; x_wconf 87' lang='lat' dir='ltr'><strong>gaudiis;</strong></span> <span class='ocrx_word' id='word_1_29' title='bbox 1754 461 1867 532; x_wconf 86' lang='lat' dir='ltr'><strong>ipsa</strong></span> <span class='ocrx_word' id='word_1_30' title='bbox 1898 460 2015 529; x_wconf 73' lang='lat' dir='ltr'><strong>opi~</strong></span> 
     </span>
    </p>
   </div>
   <div class='ocr_carea' id='block_1_6' title="bbox 422 551 2014 627">
    <p class='ocr_par' dir='ltr' id='par_1_6' title="bbox 422 551 2014 627">
     <span class='ocr_line' id='line_1_6' title="bbox 422 551 2014 627; baseline -0.011 -6"><span class='ocrx_word' id='word_1_31' title='bbox 422 566 688 621; x_wconf 89' lang='lat' dir='ltr'><strong>tulabitur</strong></span> <span class='ocrx_word' id='word_1_32' title='bbox 734 562 845 627; x_wconf 85' lang='lat' dir='ltr'><strong>illi,</strong></span> <span class='ocrx_word' id='word_1_33' title='bbox 899 567 953 615; x_wconf 92' lang='lat' dir='ltr'><strong>et</strong></span> <span class='ocrx_word' id='word_1_34' title='bbox 986 554 1385 617; x_wconf 90' lang='lat' dir='ltr'><strong>corroborabit,</strong></span> <span class='ocrx_word' id='word_1_35' title='bbox 1419 562 1475 608; x_wconf 90' lang='lat' dir='ltr'><strong>et</strong></span> <span class='ocrx_word' id='word_1_36' title='bbox 1520 552 1787 608; x_wconf 91' lang='lat' dir='ltr'><strong>retribuet</strong></span> <span class='ocrx_word' id='word_1_37' title='bbox 1820 551 2014 604; x_wconf 72' lang='lat' dir='ltr'><strong>animm</strong></span> 
     </span>
    </p>
   </div>
   <div class='ocr_carea' id='block_1_7' title="bbox 426 642 2015 728">
    <p class='ocr_par' dir='ltr' id='par_1_7' title="bbox 426 642 2015 728">
     <span class='ocr_line' id='line_1_7' title="bbox 426 642 2015 728; baseline -0.011 -15"><span class='ocrx_word' id='word_1_38' title='bbox 426 658 575 713; x_wconf 88' lang='lat' dir='ltr'><strong>illius</strong></span> <span class='ocrx_word' id='word_1_39' title='bbox 605 671 770 728; x_wconf 85' lang='lat' dir='ltr'><strong>opera</strong></span> <span class='ocrx_word' id='word_1_40' title='bbox 801 651 1097 718; x_wconf 85' lang='lat' dir='ltr'><strong>mirabilia,</strong></span> <span class='ocrx_word' id='word_1_41' title='bbox 1125 658 1180 704; x_wconf 93' lang='lat' dir='ltr'><strong>et</strong></span> <span class='ocrx_word' id='word_1_42' title='bbox 1210 644 1541 718; x_wconf 55' lang='lat' dir='ltr'><strong>praeparabit</strong></span> <span class='ocrx_word' id='word_1_43' title='bbox 1577 658 1767 698; x_wconf 91' lang='lat' dir='ltr'><strong>omnes</strong></span> <span class='ocrx_word' id='word_1_44' title='bbox 1791 642 2015 697; x_wconf 90' lang='lat' dir='ltr'><strong>semitas</strong></span> 
     </span>
    </p>
   </div>
   <div class='ocr_carea' id='block_1_8' title="bbox 424 731 2013 807">
    <p class='ocr_par' dir='ltr' id='par_1_8' title="bbox 424 731 2013 807">
     <span class='ocr_line' id='line_1_8' title="bbox 424 731 2013 807; baseline -0.012 -4"><span class='ocrx_word' id='word_1_45' title='bbox 424 746 655 803; x_wconf 92' lang='lat' dir='ltr'><strong>Domino</strong></span> <span class='ocrx_word' id='word_1_46' title='bbox 685 742 945 799; x_wconf 86' lang='lat' dir='ltr'><strong>amabiles</strong></span> <span class='ocrx_word' id='word_1_47' title='bbox 984 755 1167 797; x_wconf 89' lang='lat' dir='ltr'><strong>coram</strong></span> <span class='ocrx_word' id='word_1_48' title='bbox 1218 736 1344 803; x_wconf 90' lang='lat' dir='ltr'><strong>illo;</strong></span> <span class='ocrx_word' id='word_1_49' title='bbox 1388 748 1488 790; x_wconf 90' lang='lat' dir='ltr'><strong>nec</strong></span> <span class='ocrx_word' id='word_1_50' title='bbox 1520 734 1721 807; x_wconf 88' lang='lat' dir='ltr'><strong>poterit</strong></span> <span class='ocrx_word' id='word_1_51' title='bbox 1761 742 1891 787; x_wconf 93' lang='lat' dir='ltr'><strong>tunc</strong></span> <span class='ocrx_word' id='word_1_52' title='bbox 1932 731 2013 785; x_wconf 87' lang='lat' dir='ltr'><strong>ul-</strong></span> 
     </span>
    </p>
   </div>
   <div class='ocr_carea' id='block_1_9' title="bbox 423 824 2013 898">
    <p class='ocr_par' dir='ltr' id='par_1_9' title="bbox 423 824 2013 898">
     <span class='ocr_line' id='line_1_9' title="bbox 423 824 2013 898; baseline -0.009 -5"><span class='ocrx_word' id='word_1_53' title='bbox 423 837 506 893; x_wconf 92' lang='lat' dir='ltr'><strong>lus</strong></span> <span class='ocrx_word' id='word_1_54' title='bbox 534 837 880 893; x_wconf 84' lang='lat' dir='ltr'><strong>inimicorum</strong></span> <span class='ocrx_word' id='word_1_55' title='bbox 930 833 1007 888; x_wconf 88' lang='lat' dir='ltr'><strong>illi</strong></span> <span class='ocrx_word' id='word_1_56' title='bbox 1062 831 1348 896; x_wconf 89' lang='lat' dir='ltr'><strong>obsistere,</strong></span> <span class='ocrx_word' id='word_1_57' title='bbox 1397 843 1463 884; x_wconf 92' lang='lat' dir='ltr'><strong>eo</strong></span> <span class='ocrx_word' id='word_1_58' title='bbox 1495 826 1640 898; x_wconf 91' lang='lat' dir='ltr'><strong>quod</strong></span> <span class='ocrx_word' id='word_1_59' title='bbox 1672 824 1914 880; x_wconf 84' lang='lat' dir='ltr'><strong>ambulat</strong></span> <span class='ocrx_word' id='word_1_60' title='bbox 1960 825 2013 879; x_wconf 92' lang='lat' dir='ltr'><strong>in</strong></span> 
     </span>
    </p>
   </div>
   <div class='ocr_carea' id='block_1_10' title="bbox 421 925 985 986">
    <p class='ocr_par' dir='ltr' id='par_1_10' title="bbox 421 925 985 986">
     <span class='ocr_line' id='line_1_10' title="bbox 421 925 985 986; baseline -0.012 0"><span class='ocrx_word' id='word_1_61' title='bbox 421 930 702 986; x_wconf 86' lang='lat' dir='ltr'><strong>voluntate</strong></span> <span class='ocrx_word' id='word_1_62' title='bbox 743 925 985 982; x_wconf 86' lang='lat' dir='ltr'><strong>Domini.</strong></span> 
     </span>
    </p>
   </div>
   <div class='ocr_carea' id='block_1_11' title="bbox 492 1012 2014 1092">
    <p class='ocr_par' dir='ltr' id='par_1_11' title="bbox 492 1012 2014 1092">
     <span class='ocr_line' id='line_1_11' title="bbox 492 1012 2014 1092; baseline -0.011 -15"><span class='ocrx_word' id='word_1_63' title='bbox 492 1023 563 1077; x_wconf 80' lang='lat' dir='ltr'><strong>At</strong></span> <span class='ocrx_word' id='word_1_64' title='bbox 603 1023 914 1092; x_wconf 87' lang='lat' dir='ltr'><strong>quicunque</strong></span> <span class='ocrx_word' id='word_1_65' title='bbox 944 1016 1187 1072; x_wconf 84' lang='lat' dir='ltr'><strong>ambulat</strong></span> <span class='ocrx_word' id='word_1_66' title='bbox 1237 1016 1289 1071; x_wconf 92' lang='lat' dir='ltr'><strong>in</strong></span> <span class='ocrx_word' id='word_1_67' title='bbox 1328 1029 1423 1071; x_wconf 87' lang='lat' dir='ltr'><strong>sua</strong></span> <span class='ocrx_word' id='word_1_68' title='bbox 1466 1012 1766 1076; x_wconf 77' lang='lat' dir='ltr'><strong>voluntate,</strong></span> <span class='ocrx_word' id='word_1_69' title='bbox 1817 1016 2014 1078; x_wconf 89' lang='lat' dir='ltr'><strong>putans</strong></span> 
     </span>
    </p>
   </div>
   <div class='ocr_carea' id='block_1_12' title="bbox 421 1101 2012 1177">
    <p class='ocr_par' dir='ltr' id='par_1_12' title="bbox 421 1101 2012 1177">
     <span class='ocr_line' id='line_1_12' title="bbox 421 1101 2012 1177; baseline -0.009 -8"><span class='ocrx_word' id='word_1_70' title='bbox 421 1128 544 1169; x_wconf 86' lang='lat' dir='ltr'><strong>esse</strong></span> <span class='ocrx_word' id='word_1_71' title='bbox 573 1113 907 1167; x_wconf 85' lang='lat' dir='ltr'><strong>voluntatem</strong></span> <span class='ocrx_word' id='word_1_72' title='bbox 964 1108 1212 1177; x_wconf 88' lang='lat' dir='ltr'><strong>Domini,</strong></span> <span class='ocrx_word' id='word_1_73' title='bbox 1268 1107 1494 1161; x_wconf 90' lang='lat' dir='ltr'><strong>minime</strong></span> <span class='ocrx_word' id='word_1_74' title='bbox 1546 1103 1622 1158; x_wconf 89' lang='lat' dir='ltr'><strong>illi</strong></span> <span class='ocrx_word' id='word_1_75' title='bbox 1677 1101 1821 1156; x_wconf 83' lang='lat' dir='ltr'><strong>Deus</strong></span> <span class='ocrx_word' id='word_1_76' title='bbox 1855 1115 2012 1170; x_wconf 90' lang='lat' dir='ltr'><strong>opem</strong></span> 
     </span>
    </p>
   </div>
   <div class='ocr_carea' id='block_1_13' title="bbox 422 1193 2013 1272">
    <p class='ocr_par' dir='ltr' id='par_1_13' title="bbox 422 1193 2013 1272">
     <span class='ocr_line' id='line_1_13' title="bbox 422 1193 2013 1272; baseline -0.009 -12"><span class='ocrx_word' id='word_1_77' title='bbox 422 1204 560 1261; x_wconf 87' lang='lat' dir='ltr'><strong>feret</strong></span> <span class='ocrx_word' id='word_1_78' title='bbox 590 1206 642 1259; x_wconf 91' lang='lat' dir='ltr'><strong>in</strong></span> <span class='ocrx_word' id='word_1_79' title='bbox 687 1218 982 1272; x_wconf 89' lang='lat' dir='ltr'><strong>quoquam,</strong></span> <span class='ocrx_word' id='word_1_80' title='bbox 1015 1201 1110 1256; x_wconf 91' lang='lat' dir='ltr'><strong>sed</strong></span> <span class='ocrx_word' id='word_1_81' title='bbox 1138 1199 1479 1255; x_wconf 68' lang='lat' dir='ltr'><strong>daemonibus</strong></span> <span class='ocrx_word' id='word_1_82' title='bbox 1522 1196 1673 1252; x_wconf 93' lang='lat' dir='ltr'><strong>illum</strong></span> <span class='ocrx_word' id='word_1_83' title='bbox 1718 1193 2013 1263; x_wconf 85' lang='lat' dir='ltr'><strong>relinquet,</strong></span> 
     </span>
    </p>
   </div>
   <div class='ocr_carea' id='block_1_14' title="bbox 420 1289 2013 1368">
    <p class='ocr_par' dir='ltr' id='par_1_14' title="bbox 420 1289 2013 1368">
     <span class='ocr_line' id='line_1_14' title="bbox 420 1289 2013 1368; baseline -0.009 -16"><span class='ocrx_word' id='word_1_84' title='bbox 420 1296 518 1368; x_wconf 87' lang='lat' dir='ltr'><strong>qui</strong></span> <span class='ocrx_word' id='word_1_85' title='bbox 549 1296 876 1352; x_wconf 88' lang='lat' dir='ltr'><strong>babitabunt</strong></span> <span class='ocrx_word' id='word_1_86' title='bbox 921 1295 975 1348; x_wconf 88' lang='lat' dir='ltr'><strong>in</strong></span> <span class='ocrx_word' id='word_1_87' title='bbox 1021 1292 1187 1348; x_wconf 88' lang='lat' dir='ltr'><strong>corde</strong></span> <span class='ocrx_word' id='word_1_88' title='bbox 1216 1292 1333 1361; x_wconf 84' lang='lat' dir='ltr'><strong>ejus</strong></span> <span class='ocrx_word' id='word_1_89' title='bbox 1368 1298 1529 1345; x_wconf 89' lang='lat' dir='ltr'><strong>noctu</strong></span> <span class='ocrx_word' id='word_1_90' title='bbox 1562 1289 1779 1357; x_wconf 91' lang='lat' dir='ltr'><strong>diuque,</strong></span> <span class='ocrx_word' id='word_1_91' title='bbox 1812 1293 1867 1341; x_wconf 87' lang='lat' dir='ltr'><strong>et</strong></span> <span class='ocrx_word' id='word_1_92' title='bbox 1907 1300 2013 1339; x_wconf 90' lang='lat' dir='ltr'><strong>non</strong></span> 
     </span>
    </p>
   </div>
   <div class='ocr_carea' id='block_1_15' title="bbox 422 1378 2017 1458">
    <p class='ocr_par' dir='ltr' id='par_1_15' title="bbox 422 1378 2017 1458">
     <span class='ocr_line' id='line_1_15' title="bbox 422 1378 2017 1458; baseline -0.009 -13"><span class='ocrx_word' id='word_1_93' title='bbox 422 1389 605 1446; x_wconf 80' lang='lat' dir='ltr'><strong>sinent</strong></span> <span class='ocrx_word' id='word_1_94' title='bbox 651 1388 805 1442; x_wconf 91' lang='lat' dir='ltr'><strong>illum</strong></span> <span class='ocrx_word' id='word_1_95' title='bbox 843 1388 1140 1458; x_wconf 86' lang='lat' dir='ltr'><strong>quidquam</strong></span> <span class='ocrx_word' id='word_1_96' title='bbox 1181 1383 1387 1455; x_wconf 84' lang='lat' dir='ltr'><strong>requiei</strong></span> <span class='ocrx_word' id='word_1_97' title='bbox 1439 1378 1719 1445; x_wconf 87' lang='lat' dir='ltr'><strong>nancisci;</strong></span> <span class='ocrx_word' id='word_1_98' title='bbox 1764 1394 1885 1432; x_wconf 90' lang='lat' dir='ltr'><strong>nam</strong></span> <span class='ocrx_word' id='word_1_99' title='bbox 1920 1392 2017 1432; x_wconf 90' lang='lat' dir='ltr'><strong>cor</strong></span> 
     </span>
    </p>
   </div>
   <div class='ocr_carea' id='block_1_16' title="bbox 421 1473 2015 1553">
    <p class='ocr_par' dir='ltr' id='par_1_16' title="bbox 421 1473 2015 1553">
     <span class='ocr_line' id='line_1_16' title="bbox 421 1473 2015 1553; baseline -0.006 -16"><span class='ocrx_word' id='word_1_100' title='bbox 421 1482 540 1553; x_wconf 88' lang='lat' dir='ltr'><strong>ejus</strong></span> <span class='ocrx_word' id='word_1_101' title='bbox 585 1480 1053 1545; x_wconf 85' lang='lat' dir='ltr'><strong>obtenebrabitnr,</strong></span> <span class='ocrx_word' id='word_1_102' title='bbox 1104 1494 1167 1533; x_wconf 93' lang='lat' dir='ltr'><strong>ac</strong></span> <span class='ocrx_word' id='word_1_103' title='bbox 1202 1488 1485 1549; x_wconf 81' lang='lat' dir='ltr'><strong>propterea</strong></span> <span class='ocrx_word' id='word_1_104' title='bbox 1517 1474 1651 1529; x_wconf 87' lang='lat' dir='ltr'><strong>nihil</strong></span> <span class='ocrx_word' id='word_1_105' title='bbox 1689 1473 1893 1530; x_wconf 83' lang='lat' dir='ltr'><strong>videbit</strong></span> <span class='ocrx_word' id='word_1_106' title='bbox 1932 1474 2015 1527; x_wconf 87' lang='lat' dir='ltr'><strong>Iu-</strong></span> 
     </span>
    </p>
   </div>
   <div class='ocr_carea' id='block_1_17' title="bbox 422 1566 2015 1644">
    <p class='ocr_par' dir='ltr' id='par_1_17' title="bbox 422 1566 2015 1644">
     <span class='ocr_line' id='line_1_17' title="bbox 422 1566 2015 1644; baseline -0.006 -15"><span class='ocrx_word' id='word_1_107' title='bbox 422 1574 607 1641; x_wconf 88' lang='lat' dir='ltr'><strong>minis,</strong></span> <span class='ocrx_word' id='word_1_108' title='bbox 656 1574 916 1644; x_wconf 91' lang='lat' dir='ltr'><strong>illumque</strong></span> <span class='ocrx_word' id='word_1_109' title='bbox 973 1573 1325 1642; x_wconf 82' lang='lat' dir='ltr'><strong>impotentem</strong></span> <span class='ocrx_word' id='word_1_110' title='bbox 1378 1568 1612 1625; x_wconf 86' lang='lat' dir='ltr'><strong>ellicient</strong></span> <span class='ocrx_word' id='word_1_111' title='bbox 1646 1568 1699 1621; x_wconf 92' lang='lat' dir='ltr'><strong>in</strong></span> <span class='ocrx_word' id='word_1_112' title='bbox 1763 1566 2015 1622; x_wconf 88' lang='lat' dir='ltr'><strong>onmibus</strong></span> 
     </span>
    </p>
   </div>
   <div class='ocr_carea' id='block_1_18' title="bbox 358 1651 2015 1729">
    <p class='ocr_par' dir='ltr' id='par_1_18' title="bbox 358 1651 2015 1729">
     <span class='ocr_line' id='line_1_18' title="bbox 358 1651 2015 1729; baseline -0.008 -6"><span class='ocrx_word' id='word_1_113' title='bbox 358 1651 363 1654; x_wconf 22' lang='lat' dir='ltr'><strong>l</strong></span> <span class='ocrx_word' id='word_1_114' title='bbox 422 1666 589 1722; x_wconf 82' lang='lat' dir='ltr'><strong>rebus</strong></span> <span class='ocrx_word' id='word_1_115' title='bbox 624 1681 747 1722; x_wconf 91' lang='lat' dir='ltr'><strong>cum</strong></span> <span class='ocrx_word' id='word_1_116' title='bbox 786 1664 1032 1720; x_wconf 77' lang='lat' dir='ltr'><strong>externis</strong></span> <span class='ocrx_word' id='word_1_117' title='bbox 1082 1676 1192 1718; x_wconf 90' lang='lat' dir='ltr'><strong>tum</strong></span> <span class='ocrx_word' id='word_1_118' title='bbox 1230 1662 1485 1727; x_wconf 91' lang='lat' dir='ltr'><strong>internis,</strong></span> <span class='ocrx_word' id='word_1_119' title='bbox 1538 1675 1603 1715; x_wconf 90' lang='lat' dir='ltr'><strong>eo</strong></span> <span class='ocrx_word' id='word_1_120' title='bbox 1650 1659 1792 1729; x_wconf 92' lang='lat' dir='ltr'><strong>quod</strong></span> <span class='ocrx_word' id='word_1_121' title='bbox 1841 1657 2015 1728; x_wconf 89' lang='lat' dir='ltr'><strong>gratia</strong></span> 
     </span>
    </p>
   </div>
   <div class='ocr_carea' id='block_1_19' title="bbox 2116 457 2897 524">
    <p class='ocr_par' dir='ltr' id='par_1_19' title="bbox 2116 457 2897 524">
     <span class='ocr_line' id='line_1_19' title="bbox 2116 457 2897 524; baseline -0.008 -11"><span class='ocrx_word' id='word_1_122' title='bbox 2116 458 2282 524; x_wconf 91' lang='lat' dir='ltr'><strong>Deus,</strong></span> <span class='ocrx_word' id='word_1_123' title='bbox 2305 457 2399 513; x_wconf 91' lang='lat' dir='ltr'><strong>sed</strong></span> <span class='ocrx_word' id='word_1_124' title='bbox 2431 457 2484 512; x_wconf 88' lang='lat' dir='ltr'><strong>in</strong></span> <span class='ocrx_word' id='word_1_125' title='bbox 2521 470 2621 512; x_wconf 92' lang='lat' dir='ltr'><strong>suo</strong></span> <span class='ocrx_word' id='word_1_126' title='bbox 2663 464 2897 510; x_wconf 90' lang='lat' dir='ltr'><strong>tantum.</strong></span> 
     </span>
    </p>
   </div>
   <div class='ocr_carea' id='block_1_20' title="bbox 2197 547 3714 619">
    <p class='ocr_par' dir='ltr' id='par_1_20' title="bbox 2197 547 3714 619">
     <span class='ocr_line' id='line_1_20' title="bbox 2197 547 3714 619; baseline -0.005 -12"><span class='ocrx_word' id='word_1_127' title='bbox 2197 550 2350 607; x_wconf 81' lang='lat' dir='ltr'><strong>Nunc</strong></span> <span class='ocrx_word' id='word_1_128' title='bbox 2376 565 2545 619; x_wconf 83' lang='lat' dir='ltr'><strong>ergo,</strong></span> <span class='ocrx_word' id='word_1_129' title='bbox 2590 550 2790 604; x_wconf 81' lang='lat' dir='ltr'><strong>fratres</strong></span> <span class='ocrx_word' id='word_1_130' title='bbox 2836 547 3176 605; x_wconf 87' lang='lat' dir='ltr'><strong>dilectissimi</strong></span> <span class='ocrx_word' id='word_1_131' title='bbox 3214 550 3368 604; x_wconf 80' lang='lat' dir='ltr'><strong>cardi</strong></span> <span class='ocrx_word' id='word_1_132' title='bbox 3410 563 3531 603; x_wconf 91' lang='lat' dir='ltr'><strong>meo</strong></span> <span class='ocrx_word' id='word_1_133' title='bbox 3558 562 3714 601; x_wconf 82' lang='lat' dir='ltr'><strong>ama-</strong></span> 
     </span>
    </p>
   </div>
   <div class='ocr_carea' id='block_1_21' title="bbox 2114 640 3715 713">
    <p class='ocr_par' dir='ltr' id='par_1_21' title="bbox 2114 640 3715 713">
     <span class='ocr_line' id='line_1_21' title="bbox 2114 640 3715 713; baseline -0.004 -14"><span class='ocrx_word' id='word_1_134' title='bbox 2114 644 2275 709; x_wconf 85' lang='lat' dir='ltr'><strong>biles,</strong></span> <span class='ocrx_word' id='word_1_135' title='bbox 2330 642 2591 712; x_wconf 88' lang='lat' dir='ltr'><strong>inquirite</strong></span> <span class='ocrx_word' id='word_1_136' title='bbox 2665 640 3044 711; x_wconf 87' lang='lat' dir='ltr'><strong>vosmetipsos,</strong></span> <span class='ocrx_word' id='word_1_137' title='bbox 3084 649 3138 697; x_wconf 89' lang='lat' dir='ltr'><strong>et</strong></span> <span class='ocrx_word' id='word_1_138' title='bbox 3188 642 3575 713; x_wconf 87' lang='lat' dir='ltr'><strong>amplectimini</strong></span> <span class='ocrx_word' id='word_1_139' title='bbox 3612 657 3715 694; x_wconf 85' lang='lat' dir='ltr'><strong>vo-</strong></span> 
     </span>
    </p>
   </div>
   <div class='ocr_carea' id='block_1_22' title="bbox 2116 734 3715 806">
    <p class='ocr_par' dir='ltr' id='par_1_22' title="bbox 2116 734 3715 806">
     <span class='ocr_line' id='line_1_22' title="bbox 2116 734 3715 806; baseline -0.001 -13"><span class='ocrx_word' id='word_1_140' title='bbox 2116 738 2382 794; x_wconf 88' lang='lat' dir='ltr'><strong>luntatem</strong></span> <span class='ocrx_word' id='word_1_141' title='bbox 2413 736 2549 802; x_wconf 88' lang='lat' dir='ltr'><strong>Dei,</strong></span> <span class='ocrx_word' id='word_1_142' title='bbox 2589 744 2645 790; x_wconf 88' lang='lat' dir='ltr'><strong>et</strong></span> <span class='ocrx_word' id='word_1_143' title='bbox 2688 735 2906 789; x_wconf 88' lang='lat' dir='ltr'><strong>obedite</strong></span> <span class='ocrx_word' id='word_1_144' title='bbox 2953 734 3097 806; x_wconf 86' lang='lat' dir='ltr'><strong>patri</strong></span> <span class='ocrx_word' id='word_1_145' title='bbox 3140 744 3353 801; x_wconf 88' lang='lat' dir='ltr'><strong>vestro;</strong></span> <span class='ocrx_word' id='word_1_146' title='bbox 3400 750 3525 789; x_wconf 90' lang='lat' dir='ltr'><strong>nam</strong></span> <span class='ocrx_word' id='word_1_147' title='bbox 3555 735 3715 791; x_wconf 84' lang='lat' dir='ltr'><strong>valde</strong></span> 
     </span>
    </p>
   </div>
   <div class='ocr_carea' id='block_1_23' title="bbox 2116 825 3713 902">
    <p class='ocr_par' dir='ltr' id='par_1_23' title="bbox 2116 825 3713 902">
     <span class='ocr_line' id='line_1_23' title="bbox 2116 825 3713 902; baseline -0.006 -16"><span class='ocrx_word' id='word_1_148' title='bbox 2116 832 2380 902; x_wconf 88' lang='lat' dir='ltr'><strong>deprecor</strong></span> <span class='ocrx_word' id='word_1_149' title='bbox 2409 829 2579 885; x_wconf 90' lang='lat' dir='ltr'><strong>Deum</strong></span> <span class='ocrx_word' id='word_1_150' title='bbox 2628 842 2727 897; x_wconf 92' lang='lat' dir='ltr'><strong>pro</strong></span> <span class='ocrx_word' id='word_1_151' title='bbox 2759 826 2957 881; x_wconf 88' lang='lat' dir='ltr'><strong>vobis:</strong></span> <span class='ocrx_word' id='word_1_152' title='bbox 3011 840 3191 896; x_wconf 90' lang='lat' dir='ltr'><strong>neque</strong></span> <span class='ocrx_word' id='word_1_153' title='bbox 3238 825 3566 895; x_wconf 77' lang='lat' dir='ltr'><strong>relinquatis</strong></span> <span class='ocrx_word' id='word_1_154' title='bbox 3608 826 3713 878; x_wconf 84' lang='lat' dir='ltr'><strong>do-</strong></span> 
     </span>
    </p>
   </div>
   <div class='ocr_carea' id='block_1_24' title="bbox 2116 918 3713 990">
    <p class='ocr_par' dir='ltr' id='par_1_24' title="bbox 2116 918 3713 990">
     <span class='ocr_line' id='line_1_24' title="bbox 2116 918 3713 990; baseline -0.006 -12"><span class='ocrx_word' id='word_1_155' title='bbox 2116 939 2263 978; x_wconf 91' lang='lat' dir='ltr'><strong>mum</strong></span> <span class='ocrx_word' id='word_1_156' title='bbox 2302 932 2544 977; x_wconf 85' lang='lat' dir='ltr'><strong>vestram</strong></span> <span class='ocrx_word' id='word_1_157' title='bbox 2584 923 2685 975; x_wconf 90' lang='lat' dir='ltr'><strong>sub</strong></span> <span class='ocrx_word' id='word_1_158' title='bbox 2714 920 2900 989; x_wconf 88' lang='lat' dir='ltr'><strong>specie</strong></span> <span class='ocrx_word' id='word_1_159' title='bbox 2948 920 3073 974; x_wconf 89' lang='lat' dir='ltr'><strong>boni</strong></span> <span class='ocrx_word' id='word_1_160' title='bbox 3125 918 3273 990; x_wconf 87' lang='lat' dir='ltr'><strong>quod</strong></span> <span class='ocrx_word' id='word_1_161' title='bbox 3320 932 3453 972; x_wconf 82' lang='lat' dir='ltr'><strong>vere</strong></span> <span class='ocrx_word' id='word_1_162' title='bbox 3492 932 3593 971; x_wconf 91' lang='lat' dir='ltr'><strong>non</strong></span> <span class='ocrx_word' id='word_1_163' title='bbox 3628 928 3713 970; x_wconf 85' lang='lat' dir='ltr'><strong>est</strong></span> 
     </span>
    </p>
   </div>
   <div class='ocr_carea' id='block_1_25' title="bbox 2120 1010 3715 1080">
    <p class='ocr_par' dir='ltr' id='par_1_25' title="bbox 2120 1010 3715 1080">
     <span class='ocr_line' id='line_1_25' title="bbox 2120 1010 3715 1080; baseline -0.006 -9"><span class='ocrx_word' id='word_1_164' title='bbox 2120 1017 2351 1080; x_wconf 91' lang='lat' dir='ltr'><strong>bonum,</strong></span> <span class='ocrx_word' id='word_1_165' title='bbox 2384 1026 2440 1070; x_wconf 92' lang='lat' dir='ltr'><strong>et</strong></span> <span class='ocrx_word' id='word_1_166' title='bbox 2469 1012 2877 1070; x_wconf 87' lang='lat' dir='ltr'><strong>transferamini</strong></span> <span class='ocrx_word' id='word_1_167' title='bbox 2912 1013 2979 1068; x_wconf 90' lang='lat' dir='ltr'><strong>ad</strong></span> <span class='ocrx_word' id='word_1_168' title='bbox 3022 1011 3210 1077; x_wconf 85' lang='lat' dir='ltr'><strong>aliam,</strong></span> <span class='ocrx_word' id='word_1_169' title='bbox 3254 1010 3351 1066; x_wconf 85' lang='lat' dir='ltr'><strong>sed</strong></span> <span class='ocrx_word' id='word_1_170' title='bbox 3396 1020 3715 1080; x_wconf 77' lang='lat' dir='ltr'><strong>permanete</strong></span> 
     </span>
    </p>
   </div>
   <div class='ocr_carea' id='block_1_26' title="bbox 2117 1104 3716 1175">
    <p class='ocr_par' dir='ltr' id='par_1_26' title="bbox 2117 1104 3716 1175">
     <span class='ocr_line' id='line_1_26' title="bbox 2117 1104 3716 1175; baseline -0.003 -13"><span class='ocrx_word' id='word_1_171' title='bbox 2117 1108 2289 1162; x_wconf 88' lang='lat' dir='ltr'><strong>donec</strong></span> <span class='ocrx_word' id='word_1_172' title='bbox 2323 1107 2537 1162; x_wconf 88' lang='lat' dir='ltr'><strong>veniam</strong></span> <span class='ocrx_word' id='word_1_173' title='bbox 2593 1107 2658 1160; x_wconf 91' lang='lat' dir='ltr'><strong>ad</strong></span> <span class='ocrx_word' id='word_1_174' title='bbox 2696 1120 2791 1160; x_wconf 88' lang='lat' dir='ltr'><strong>vos</strong></span> <span class='ocrx_word' id='word_1_175' title='bbox 2818 1120 2931 1175; x_wconf 90' lang='lat' dir='ltr'><strong>ope</strong></span> <span class='ocrx_word' id='word_1_176' title='bbox 2971 1104 3217 1167; x_wconf 84' lang='lat' dir='ltr'><strong>Domini,</strong></span> <span class='ocrx_word' id='word_1_177' title='bbox 3249 1114 3305 1159; x_wconf 90' lang='lat' dir='ltr'><strong>et</strong></span> <span class='ocrx_word' id='word_1_178' title='bbox 3345 1104 3579 1158; x_wconf 86' lang='lat' dir='ltr'><strong>iudicem</strong></span> <span class='ocrx_word' id='word_1_179' title='bbox 3614 1118 3716 1157; x_wconf 82' lang='lat' dir='ltr'><strong>vo-</strong></span> 
     </span>
    </p>
   </div>
   <div class='ocr_carea' id='block_1_27' title="bbox 2118 1193 3715 1268">
    <p class='ocr_par' dir='ltr' id='par_1_27' title="bbox 2118 1193 3715 1268">
     <span class='ocr_line' id='line_1_27' title="bbox 2118 1193 3715 1268; baseline -0.004 -15"><span class='ocrx_word' id='word_1_180' title='bbox 2118 1198 2221 1267; x_wconf 80' lang='lat' dir='ltr'><strong>bis,</strong></span> <span class='ocrx_word' id='word_1_181' title='bbox 2252 1198 2394 1268; x_wconf 85' lang='lat' dir='ltr'><strong>quod</strong></span> <span class='ocrx_word' id='word_1_182' title='bbox 2449 1197 2581 1252; x_wconf 89' lang='lat' dir='ltr'><strong>utile</strong></span> <span class='ocrx_word' id='word_1_183' title='bbox 2637 1207 2755 1267; x_wconf 88' lang='lat' dir='ltr'><strong>est;</strong></span> <span class='ocrx_word' id='word_1_184' title='bbox 2811 1212 2937 1252; x_wconf 84' lang='lat' dir='ltr'><strong>nam</strong></span> <span class='ocrx_word' id='word_1_185' title='bbox 2987 1196 3034 1250; x_wconf 88' lang='lat' dir='ltr'><strong>si</strong></span> <span class='ocrx_word' id='word_1_186' title='bbox 3085 1197 3138 1249; x_wconf 88' lang='lat' dir='ltr'><strong>id</strong></span> <span class='ocrx_word' id='word_1_187' title='bbox 3190 1193 3454 1259; x_wconf 83' lang='lat' dir='ltr'><strong>feceritis,</strong></span> <span class='ocrx_word' id='word_1_188' title='bbox 3506 1194 3715 1253; x_wconf 87' lang='lat' dir='ltr'><strong>contri-</strong></span> 
     </span>
    </p>
   </div>
   <div class='ocr_carea' id='block_1_28' title="bbox 2120 1287 3715 1358">
    <p class='ocr_par' dir='ltr' id='par_1_28' title="bbox 2120 1287 3715 1358">
     <span class='ocr_line' id='line_1_28' title="bbox 2120 1287 3715 1358; baseline -0.003 -13"><span class='ocrx_word' id='word_1_189' title='bbox 2120 1291 2339 1345; x_wconf 86' lang='lat' dir='ltr'><strong>stabitis</strong></span> <span class='ocrx_word' id='word_1_190' title='bbox 2377 1305 2474 1345; x_wconf 89' lang='lat' dir='ltr'><strong>cor</strong></span> <span class='ocrx_word' id='word_1_191' title='bbox 2510 1296 2712 1356; x_wconf 87' lang='lat' dir='ltr'><strong>meum,</strong></span> <span class='ocrx_word' id='word_1_192' title='bbox 2750 1300 2804 1344; x_wconf 91' lang='lat' dir='ltr'><strong>et</strong></span> <span class='ocrx_word' id='word_1_193' title='bbox 2843 1304 2940 1345; x_wconf 90' lang='lat' dir='ltr'><strong>vos</strong></span> <span class='ocrx_word' id='word_1_194' title='bbox 2975 1304 3190 1358; x_wconf 88' lang='lat' dir='ltr'><strong>quoque</strong></span> <span class='ocrx_word' id='word_1_195' title='bbox 3230 1287 3715 1351; x_wconf 82' lang='lat' dir='ltr'><strong>contristabitnini.</strong></span> 
     </span>
    </p>
   </div>
   <div class='ocr_carea' id='block_1_29' title="bbox 2125 1379 3713 1453">
    <p class='ocr_par' dir='ltr' id='par_1_29' title="bbox 2125 1379 3713 1453">
     <span class='ocr_line' id='line_1_29' title="bbox 2125 1379 3713 1453; baseline -0.003 -16"><span class='ocrx_word' id='word_1_196' title='bbox 2125 1383 2389 1453; x_wconf 86' lang='lat' dir='ltr'><strong>Equidem</strong></span> <span class='ocrx_word' id='word_1_197' title='bbox 2425 1382 2612 1437; x_wconf 82' lang='lat' dir='ltr'><strong>infelix</strong></span> <span class='ocrx_word' id='word_1_198' title='bbox 2643 1397 2764 1452; x_wconf 89' lang='lat' dir='ltr'><strong>ego,</strong></span> <span class='ocrx_word' id='word_1_199' title='bbox 2794 1380 3132 1436; x_wconf 89' lang='lat' dir='ltr'><strong>dilectissimi</strong></span> <span class='ocrx_word' id='word_1_200' title='bbox 3170 1381 3313 1445; x_wconf 90' lang='lat' dir='ltr'><strong>mei,</strong></span> <span class='ocrx_word' id='word_1_201' title='bbox 3341 1387 3478 1448; x_wconf 87' lang='lat' dir='ltr'><strong>puto</strong></span> <span class='ocrx_word' id='word_1_202' title='bbox 3506 1393 3625 1434; x_wconf 86' lang='lat' dir='ltr'><strong>esse</strong></span> <span class='ocrx_word' id='word_1_203' title='bbox 3660 1379 3713 1432; x_wconf 79' lang='lat' dir='ltr'><strong>in</strong></span> 
     </span>
    </p>
   </div>
   <div class='ocr_carea' id='block_1_30' title="bbox 2120 1460 3713 1545">
    <p class='ocr_par' dir='ltr' id='par_1_30' title="bbox 2120 1460 3713 1545">
     <span class='ocr_line' id='line_1_30' title="bbox 2120 1460 3713 1545; baseline -0.001 -16"><span class='ocrx_word' id='word_1_204' title='bbox 2120 1489 2206 1529; x_wconf 88' lang='lat' dir='ltr'><strong>me</strong></span> <span class='ocrx_word' id='word_1_205' title='bbox 2237 1474 2602 1545; x_wconf 81' lang='lat' dir='ltr'><strong>cognitionem</strong></span> <span class='ocrx_word' id='word_1_206' title='bbox 2625 1460 2929 1528; x_wconf 83' lang='lat' dir='ltr'><strong>voluntatis</strong></span> <span class='ocrx_word' id='word_1_207' title='bbox 2965 1474 3080 1537; x_wconf 87' lang='lat' dir='ltr'><strong>Dei,</strong></span> <span class='ocrx_word' id='word_1_208' title='bbox 3104 1472 3227 1542; x_wconf 87' lang='lat' dir='ltr'><strong>plus</strong></span> <span class='ocrx_word' id='word_1_209' title='bbox 3251 1489 3416 1544; x_wconf 85' lang='lat' dir='ltr'><strong>quam</strong></span> <span class='ocrx_word' id='word_1_210' title='bbox 3455 1473 3511 1526; x_wconf 90' lang='lat' dir='ltr'><strong>in</strong></span> <span class='ocrx_word' id='word_1_211' title='bbox 3534 1474 3713 1534; x_wconf 85' lang='lat' dir='ltr'><strong>vobis,</strong></span> 
     </span>
    </p>
   </div>
   <div class='ocr_carea' id='block_1_31' title="bbox 2118 1565 3715 1637">
    <p class='ocr_par' dir='ltr' id='par_1_31' title="bbox 2118 1565 3715 1637">
     <span class='ocr_line' id='line_1_31' title="bbox 2118 1565 3715 1637; baseline -0.001 -16"><span class='ocrx_word' id='word_1_212' title='bbox 2118 1576 2172 1621; x_wconf 92' lang='lat' dir='ltr'><strong>et</strong></span> <span class='ocrx_word' id='word_1_213' title='bbox 2209 1580 2477 1637; x_wconf 78' lang='lat' dir='ltr'><strong>cognosco</strong></span> <span class='ocrx_word' id='word_1_214' title='bbox 2525 1565 2878 1620; x_wconf 89' lang='lat' dir='ltr'><strong>directionem</strong></span> <span class='ocrx_word' id='word_1_215' title='bbox 2916 1573 3173 1632; x_wconf 88' lang='lat' dir='ltr'><strong>vestram,</strong></span> <span class='ocrx_word' id='word_1_216' title='bbox 3221 1578 3393 1634; x_wconf 89' lang='lat' dir='ltr'><strong>quare</strong></span> <span class='ocrx_word' id='word_1_217' title='bbox 3432 1566 3715 1635; x_wconf 82' lang='lat' dir='ltr'><strong>persistite</strong></span> 
     </span>
    </p>
   </div>
   <div class='ocr_carea' id='block_1_32' title="bbox 2123 1656 3714 1728">
    <p class='ocr_par' dir='ltr' id='par_1_32' title="bbox 2123 1656 3714 1728">
     <span class='ocr_line' id='line_1_32' title="bbox 2123 1656 3714 1728; baseline -0.003 -12"><span class='ocrx_word' id='word_1_218' title='bbox 2123 1662 2175 1716; x_wconf 91' lang='lat' dir='ltr'><strong>in</strong></span> <span class='ocrx_word' id='word_1_219' title='bbox 2208 1660 2496 1716; x_wconf 86' lang='lat' dir='ltr'><strong>dilectione</strong></span> <span class='ocrx_word' id='word_1_220' title='bbox 2528 1657 2755 1712; x_wconf 88' lang='lat' dir='ltr'><strong>fratrum</strong></span> <span class='ocrx_word' id='word_1_221' title='bbox 2784 1668 2840 1712; x_wconf 92' lang='lat' dir='ltr'><strong>et</strong></span> <span class='ocrx_word' id='word_1_222' title='bbox 2875 1656 3043 1728; x_wconf 80' lang='lat' dir='ltr'><strong>gloria</strong></span> <span class='ocrx_word' id='word_1_223' title='bbox 3071 1666 3274 1722; x_wconf 90' lang='lat' dir='ltr'><strong>vestra,</strong></span> <span class='ocrx_word' id='word_1_224' title='bbox 3316 1667 3371 1712; x_wconf 92' lang='lat' dir='ltr'><strong>et</strong></span> <span class='ocrx_word' id='word_1_225' title='bbox 3394 1659 3714 1728; x_wconf 86' lang='lat' dir='ltr'><strong>perpendite</strong></span> 
     </span>
    </p>
   </div>
   <div class='ocr_carea' id='block_1_33' title="bbox 423 1748 3713 1829">
    <p class='ocr_par' dir='ltr' id='par_1_33' title="bbox 423 1748 3713 1829">
     <span class='ocr_line' id='line_1_33' title="bbox 423 1748 3713 1829; baseline -0.002 -18"><span class='ocrx_word' id='word_1_226' title='bbox 423 1767 646 1825; x_wconf 87' lang='lat' dir='ltr'><strong>careat;</strong></span> <span class='ocrx_word' id='word_1_227' title='bbox 670 1769 725 1813; x_wconf 90' lang='lat' dir='ltr'><strong>et</strong></span> <span class='ocrx_word' id='word_1_228' title='bbox 759 1757 864 1812; x_wconf 86' lang='lat' dir='ltr'><strong>alia</strong></span> <span class='ocrx_word' id='word_1_229' title='bbox 894 1755 1166 1829; x_wconf 89' lang='lat' dir='ltr'><strong>permulta</strong></span> <span class='ocrx_word' id='word_1_230' title='bbox 1207 1756 1375 1809; x_wconf 89' lang='lat' dir='ltr'><strong>ardua</strong></span> <span class='ocrx_word' id='word_1_231' title='bbox 1416 1753 1631 1822; x_wconf 85' lang='lat' dir='ltr'><strong>quidem</strong></span> <span class='ocrx_word' id='word_1_232' title='bbox 1659 1761 1714 1805; x_wconf 93' lang='lat' dir='ltr'><strong>et</strong></span> <span class='ocrx_word' id='word_1_233' title='bbox 1743 1749 2012 1804; x_wconf 85' lang='lat' dir='ltr'><strong>laboriosa</strong></span> <span class='ocrx_word' id='word_1_234' title='bbox 2047 1748 2089 1805; x_wconf 82' lang='grc' dir='ltr'><strong>Β</strong></span> <span class='ocrx_word' id='word_1_235' title='bbox 2120 1753 2450 1808; x_wconf 87' lang='lat' dir='ltr'><strong>voluntatem</strong></span> <span class='ocrx_word' id='word_1_236' title='bbox 2489 1751 2604 1806; x_wconf 90' lang='lat' dir='ltr'><strong>Dei.</strong></span> <span class='ocrx_word' id='word_1_237' title='bbox 2643 1750 2754 1805; x_wconf 88' lang='lat' dir='ltr'><strong>Iloc</strong></span> <span class='ocrx_word' id='word_1_238' title='bbox 2790 1750 2938 1804; x_wconf 89' lang='lat' dir='ltr'><strong>enim</strong></span> <span class='ocrx_word' id='word_1_239' title='bbox 2972 1749 3114 1803; x_wconf 87' lang='lat' dir='ltr'><strong>haud</strong></span> <span class='ocrx_word' id='word_1_240' title='bbox 3153 1748 3257 1805; x_wconf 86' lang='lat' dir='ltr'><strong>vile</strong></span> <span class='ocrx_word' id='word_1_241' title='bbox 3286 1760 3388 1815; x_wconf 81' lang='lat' dir='ltr'><strong>est,</strong></span> <span class='ocrx_word' id='word_1_242' title='bbox 3437 1750 3713 1805; x_wconf 83' lang='lat' dir='ltr'><strong>hominem</strong></span> 
     </span>
    </p>
   </div>
   <div class='ocr_carea' id='block_1_34' title="bbox 425 1843 3716 1923">
    <p class='ocr_par' dir='ltr' id='par_1_34' title="bbox 425 1843 3716 1923">
     <span class='ocr_line' id='line_1_34' title="bbox 425 1843 3716 1923; baseline -0.002 -18"><span class='ocrx_word' id='word_1_243' title='bbox 425 1851 503 1907; x_wconf 92' lang='lat' dir='ltr'><strong>illi</strong></span> <span class='ocrx_word' id='word_1_244' title='bbox 547 1853 827 1918; x_wconf 89' lang='lat' dir='ltr'><strong>inducent,</strong></span> <span class='ocrx_word' id='word_1_245' title='bbox 884 1867 1005 1923; x_wconf 79' lang='lat' dir='ltr'><strong>quae</strong></span> <span class='ocrx_word' id='word_1_246' title='bbox 1041 1864 1304 1905; x_wconf 87' lang='lat' dir='ltr'><strong>enarrare</strong></span> <span class='ocrx_word' id='word_1_247' title='bbox 1362 1863 1469 1903; x_wconf 91' lang='lat' dir='ltr'><strong>non</strong></span> <span class='ocrx_word' id='word_1_248' title='bbox 1519 1846 1694 1901; x_wconf 90' lang='lat' dir='ltr'><strong>valeo.</strong></span> <span class='ocrx_word' id='word_1_249' title='bbox 1752 1845 1816 1901; x_wconf 88' lang='lat' dir='ltr'><strong>Et</strong></span> <span class='ocrx_word' id='word_1_250' title='bbox 1859 1843 2013 1899; x_wconf 92' lang='lat' dir='ltr'><strong>multi</strong></span> <span class='ocrx_word' id='word_1_251' title='bbox 2110 1847 2313 1918; x_wconf 86' lang='lat' dir='ltr'><strong>jugiter</strong></span> <span class='ocrx_word' id='word_1_252' title='bbox 2343 1845 2438 1900; x_wconf 87' lang='lat' dir='ltr'><strong>Dei</strong></span> <span class='ocrx_word' id='word_1_253' title='bbox 2476 1844 2813 1916; x_wconf 86' lang='lat' dir='ltr'><strong>perpendere</strong></span> <span class='ocrx_word' id='word_1_254' title='bbox 2863 1844 3193 1900; x_wconf 88' lang='lat' dir='ltr'><strong>voluntatem</strong></span> <span class='ocrx_word' id='word_1_255' title='bbox 3241 1845 3295 1899; x_wconf 91' lang='lat' dir='ltr'><strong>in</strong></span> <span class='ocrx_word' id='word_1_256' title='bbox 3328 1845 3607 1923; x_wconf 70' lang='lat' dir='ltr'><strong>omnibus.</strong></span> <span class='ocrx_word' id='word_1_257' title='bbox 3652 1843 3716 1898; x_wconf 73' lang='lat' dir='ltr'><strong>Et</strong></span> 
     </span>
    </p>
   </div>
   <div class='ocr_carea' id='block_1_35' title="bbox 425 1935 2011 2017">
    <p class='ocr_par' dir='ltr' id='par_1_35' title="bbox 425 1935 2011 2017">
     <span class='ocr_line' id='line_1_35' title="bbox 425 1935 2011 2017; baseline -0.007 -18"><span class='ocrx_word' id='word_1_258' title='bbox 425 1959 559 1999; x_wconf 82' lang='lat' dir='ltr'><strong>sane</strong></span> <span class='ocrx_word' id='word_1_259' title='bbox 593 1945 800 2017; x_wconf 89' lang='lat' dir='ltr'><strong>decepti</strong></span> <span class='ocrx_word' id='word_1_260' title='bbox 832 1953 957 2000; x_wconf 91' lang='lat' dir='ltr'><strong>sunt</strong></span> <span class='ocrx_word' id='word_1_261' title='bbox 984 1943 1086 1997; x_wconf 88' lang='lat' dir='ltr'><strong>hac</strong></span> <span class='ocrx_word' id='word_1_262' title='bbox 1122 1943 1187 2006; x_wconf 80' lang='lat' dir='ltr'><strong>de</strong></span> <span class='ocrx_word' id='word_1_263' title='bbox 1230 1955 1392 1995; x_wconf 89' lang='lat' dir='ltr'><strong>causa</strong></span> <span class='ocrx_word' id='word_1_264' title='bbox 1436 1939 1507 1994; x_wconf 92' lang='lat' dir='ltr'><strong>ob</strong></span> <span class='ocrx_word' id='word_1_265' title='bbox 1535 1953 1687 1992; x_wconf 91' lang='lat' dir='ltr'><strong>suam</strong></span> <span class='ocrx_word' id='word_1_266' title='bbox 1722 1935 2011 1989; x_wconf 89' lang='lat' dir='ltr'><strong>stultitiam</strong></span> 
     </span>
    </p>
   </div>
   <div class='ocr_carea' id='block_1_36' title="bbox 323 2030 2015 2108">
    <p class='ocr_par' dir='ltr' id='par_1_36' title="bbox 323 2030 2015 2108">
     <span class='ocr_line' id='line_1_36' title="bbox 323 2030 2015 2108; baseline -0.01 -11"><span class='ocrx_word' id='word_1_267' title='bbox 323 2075 343 2097; x_wconf 60' lang='grc' dir='ltr'><strong>ς</strong></span> <span class='ocrx_word' id='word_1_268' title='bbox 429 2045 593 2107; x_wconf 89' lang='lat' dir='ltr'><strong>atque</strong></span> <span class='ocrx_word' id='word_1_269' title='bbox 624 2036 1071 2108; x_wconf 88' lang='lat' dir='ltr'><strong>imprudentiam,</strong></span> <span class='ocrx_word' id='word_1_270' title='bbox 1126 2043 1181 2091; x_wconf 91' lang='lat' dir='ltr'><strong>et</strong></span> <span class='ocrx_word' id='word_1_271' title='bbox 1223 2031 1523 2089; x_wconf 85' lang='lat' dir='ltr'><strong>illudebant</strong></span> <span class='ocrx_word' id='word_1_272' title='bbox 1577 2030 1828 2087; x_wconf 84' lang='lat' dir='ltr'><strong>ﬁdelibus</strong></span> <span class='ocrx_word' id='word_1_273' title='bbox 1868 2038 2015 2084; x_wconf 79' lang='lat' dir='ltr'><strong>recte</strong></span> 
     </span>
    </p>
   </div>
   <div class='ocr_carea' id='block_1_37' title="bbox 426 2128 1145 2185">
    <p class='ocr_par' dir='ltr' id='par_1_37' title="bbox 426 2128 1145 2185">
     <span class='ocr_line' id='line_1_37' title="bbox 426 2128 1145 2185; baseline -0.006 0"><span class='ocrx_word' id='word_1_274' title='bbox 426 2129 484 2185; x_wconf 86' lang='lat' dir='ltr'><strong>in</strong></span> <span class='ocrx_word' id='word_1_275' title='bbox 512 2129 691 2185; x_wconf 89' lang='lat' dir='ltr'><strong>medio</strong></span> <span class='ocrx_word' id='word_1_276' title='bbox 717 2128 1145 2184; x_wconf 81' lang='lat' dir='ltr'><strong>ambulantibus.</strong></span> 
     </span>
    </p>
   </div>
   <div class='ocr_carea' id='block_1_38' title="bbox 496 2212 2015 2291">
    <p class='ocr_par' dir='ltr' id='par_1_38' title="bbox 496 2212 2015 2291">
     <span class='ocr_line' id='line_1_38' title="bbox 496 2212 2015 2291; baseline -0.007 -15"><span class='ocrx_word' id='word_1_277' title='bbox 496 2221 590 2276; x_wconf 89' lang='lat' dir='ltr'><strong>Sic</strong></span> <span class='ocrx_word' id='word_1_278' title='bbox 620 2220 815 2275; x_wconf 90' lang='lat' dir='ltr'><strong>accidit</strong></span> <span class='ocrx_word' id='word_1_279' title='bbox 846 2220 983 2291; x_wconf 91' lang='lat' dir='ltr'><strong>patri</strong></span> <span class='ocrx_word' id='word_1_280' title='bbox 1019 2229 1208 2275; x_wconf 89' lang='lat' dir='ltr'><strong>nostro</strong></span> <span class='ocrx_word' id='word_1_281' title='bbox 1239 2216 1419 2289; x_wconf 89' lang='lat' dir='ltr'><strong>primo</strong></span> <span class='ocrx_word' id='word_1_282' title='bbox 1462 2215 1587 2270; x_wconf 75' lang='lat' dir='ltr'><strong>Eva:</strong></span> <span class='ocrx_word' id='word_1_283' title='bbox 1627 2212 1901 2270; x_wconf 90' lang='lat' dir='ltr'><strong>obedienti</strong></span> <span class='ocrx_word' id='word_1_284' title='bbox 1946 2212 2015 2267; x_wconf 89' lang='lat' dir='ltr'><strong>ob</strong></span> 
     </span>
    </p>
   </div>
   <div class='ocr_carea' id='block_1_39' title="bbox 423 2306 2013 2384">
    <p class='ocr_par' dir='ltr' id='par_1_39' title="bbox 423 2306 2013 2384">
     <span class='ocr_line' id='line_1_39' title="bbox 423 2306 2013 2384; baseline -0.006 -16"><span class='ocrx_word' id='word_1_285' title='bbox 423 2325 578 2368; x_wconf 76' lang='lat' dir='ltr'><strong>suam</strong></span> <span class='ocrx_word' id='word_1_286' title='bbox 614 2312 1069 2384; x_wconf 85' lang='lat' dir='ltr'><strong>imprudentiam;</strong></span> <span class='ocrx_word' id='word_1_287' title='bbox 1102 2325 1225 2365; x_wconf 92' lang='lat' dir='ltr'><strong>nam</strong></span> <span class='ocrx_word' id='word_1_288' title='bbox 1255 2310 1364 2366; x_wconf 84' lang='lat' dir='ltr'><strong>Eva</strong></span> <span class='ocrx_word' id='word_1_289' title='bbox 1394 2310 1622 2379; x_wconf 88' lang='lat' dir='ltr'><strong>decepta</strong></span> <span class='ocrx_word' id='word_1_290' title='bbox 1652 2306 1755 2362; x_wconf 92' lang='lat' dir='ltr'><strong>fuit</strong></span> <span class='ocrx_word' id='word_1_291' title='bbox 1794 2322 1891 2363; x_wconf 88' lang='lat' dir='ltr'><strong>sua</strong></span> <span class='ocrx_word' id='word_1_292' title='bbox 1922 2306 2013 2359; x_wconf 88' lang='lat' dir='ltr'><strong>im-</strong></span> 
     </span>
    </p>
   </div>
   <div class='ocr_carea' id='block_1_40' title="bbox 424 2396 2017 2474">
    <p class='ocr_par' dir='ltr' id='par_1_40' title="bbox 424 2396 2017 2474">
     <span class='ocr_line' id='line_1_40' title="bbox 424 2396 2017 2474; baseline -0.006 -16"><span class='ocrx_word' id='word_1_293' title='bbox 424 2402 735 2474; x_wconf 87' lang='lat' dir='ltr'><strong>prudentia,</strong></span> <span class='ocrx_word' id='word_1_294' title='bbox 785 2401 1211 2459; x_wconf 87' lang='lat' dir='ltr'><strong>immortalitatis</strong></span> <span class='ocrx_word' id='word_1_295' title='bbox 1252 2398 1702 2456; x_wconf 88' lang='lat' dir='ltr'><strong>etdeificationis</strong></span> <span class='ocrx_word' id='word_1_296' title='bbox 1751 2396 2017 2451; x_wconf 88' lang='lat' dir='ltr'><strong>aviditate</strong></span> 
     </span>
    </p>
   </div>
   <div class='ocr_carea' id='block_1_41' title="bbox 425 2490 2017 2565">
    <p class='ocr_par' dir='ltr' id='par_1_41' title="bbox 425 2490 2017 2565">
     <span class='ocr_line' id='line_1_41' title="bbox 425 2490 2017 2565; baseline -0.006 -14"><span class='ocrx_word' id='word_1_297' title='bbox 425 2506 602 2565; x_wconf 90' lang='lat' dir='ltr'><strong>capta,</strong></span> <span class='ocrx_word' id='word_1_298' title='bbox 632 2510 756 2551; x_wconf 87' lang='lat' dir='ltr'><strong>eum</strong></span> <span class='ocrx_word' id='word_1_299' title='bbox 798 2508 919 2551; x_wconf 89' lang='lat' dir='ltr'><strong>sese</strong></span> <span class='ocrx_word' id='word_1_300' title='bbox 952 2493 1211 2550; x_wconf 85' lang='lat' dir='ltr'><strong>celaverit</strong></span> <span class='ocrx_word' id='word_1_301' title='bbox 1260 2491 1509 2548; x_wconf 86' lang='lat' dir='ltr'><strong>diabolus</strong></span> <span class='ocrx_word' id='word_1_302' title='bbox 1548 2490 1649 2546; x_wconf 91' lang='lat' dir='ltr'><strong>sub</strong></span> <span class='ocrx_word' id='word_1_303' title='bbox 1675 2490 1860 2560; x_wconf 90' lang='lat' dir='ltr'><strong>specie</strong></span> <span class='ocrx_word' id='word_1_304' title='bbox 1896 2503 2017 2546; x_wconf 88' lang='lat' dir='ltr'><strong>ser-</strong></span> 
     </span>
    </p>
   </div>
   <div class='ocr_carea' id='block_1_42' title="bbox 428 2578 2020 2655">
    <p class='ocr_par' dir='ltr' id='par_1_42' title="bbox 428 2578 2020 2655">
     <span class='ocr_line' id='line_1_42' title="bbox 428 2578 2020 2655; baseline -0.004 -15"><span class='ocrx_word' id='word_1_305' title='bbox 428 2586 627 2655; x_wconf 90' lang='lat' dir='ltr'><strong>pentis,</strong></span> <span class='ocrx_word' id='word_1_306' title='bbox 667 2593 723 2640; x_wconf 91' lang='lat' dir='ltr'><strong>et</strong></span> <span class='ocrx_word' id='word_1_307' title='bbox 744 2583 957 2641; x_wconf 89' lang='lat' dir='ltr'><strong>locutus</strong></span> <span class='ocrx_word' id='word_1_308' title='bbox 990 2584 1060 2639; x_wconf 90' lang='lat' dir='ltr'><strong>sit</strong></span> <span class='ocrx_word' id='word_1_309' title='bbox 1096 2598 1219 2639; x_wconf 90' lang='lat' dir='ltr'><strong>eum</strong></span> <span class='ocrx_word' id='word_1_310' title='bbox 1256 2583 1371 2648; x_wconf 92' lang='lat' dir='ltr'><strong>illa,</strong></span> <span class='ocrx_word' id='word_1_311' title='bbox 1403 2594 1661 2652; x_wconf 85' lang='lat' dir='ltr'><strong>tanquam</strong></span> <span class='ocrx_word' id='word_1_312' title='bbox 1696 2580 1907 2634; x_wconf 84' lang='lat' dir='ltr'><strong>amicus</strong></span> <span class='ocrx_word' id='word_1_313' title='bbox 1935 2578 2020 2634; x_wconf 91' lang='lat' dir='ltr'><strong>di-</strong></span> 
     </span>
    </p>
   </div>
   <div class='ocr_carea' id='block_1_43' title="bbox 425 2665 2022 2741">
    <p class='ocr_par' dir='ltr' id='par_1_43' title="bbox 425 2665 2022 2741">
     <span class='ocr_line' id='line_1_43' title="bbox 425 2665 2022 2741; baseline -0.006 -8"><span class='ocrx_word' id='word_1_314' title='bbox 425 2691 597 2733; x_wconf 83' lang='lat' dir='ltr'><strong>cens:</strong></span> <span class='ocrx_word' id='word_1_315' title='bbox 633 2676 689 2732; x_wconf 92' lang='lat' dir='ltr'><strong>Si</strong></span> <span class='ocrx_word' id='word_1_316' title='bbox 722 2678 1068 2732; x_wconf 86' lang='lat' dir='ltr'><strong>comederitis</strong></span> <span class='ocrx_word' id='word_1_317' title='bbox 1096 2692 1163 2732; x_wconf 83' lang='lat' dir='ltr'><strong>ex</strong></span> <span class='ocrx_word' id='word_1_318' title='bbox 1208 2676 1312 2731; x_wconf 89' lang='lat' dir='ltr'><strong>hac</strong></span> <span class='ocrx_word' id='word_1_319' title='bbox 1346 2676 1562 2741; x_wconf 89' lang='lat' dir='ltr'><strong>arbore,</strong></span> <span class='ocrx_word' id='word_1_320' title='bbox 1614 2673 1768 2729; x_wconf 90' lang='lat' dir='ltr'><strong>eritis</strong></span> <span class='ocrx_word' id='word_1_321' title='bbox 1814 2671 1923 2738; x_wconf 88' lang='lat' dir='ltr'><strong>dii,</strong></span> <span class='ocrx_word' id='word_1_322' title='bbox 1955 2665 2022 2725; x_wconf 76' lang='grc' dir='ltr'>ἐι</span> 
     </span>
    </p>
   </div>
   <div class='ocr_carea' id='block_1_44' title="bbox 427 2766 2020 2837">
    <p class='ocr_par' dir='ltr' id='par_1_44' title="bbox 427 2766 2020 2837">
     <span class='ocr_line' id='line_1_44' title="bbox 427 2766 2020 2837; baseline -0.005 -13"><span class='ocrx_word' id='word_1_323' title='bbox 427 2784 537 2824; x_wconf 90' lang='lat' dir='ltr'><strong>non</strong></span> <span class='ocrx_word' id='word_1_324' title='bbox 586 2769 895 2825; x_wconf 89' lang='lat' dir='ltr'><strong>moriemini</strong></span> <span class='ocrx_word' id='word_1_325' title='bbox 944 2768 988 2823; x_wconf 62' lang='grc' dir='ltr'>ι.</span> <span class='ocrx_word' id='word_1_326' title='bbox 1034 2767 1165 2835; x_wconf 84' lang='lat' dir='ltr'><strong>Quae</strong></span> <span class='ocrx_word' id='word_1_327' title='bbox 1202 2768 1419 2837; x_wconf 86' lang='lat' dir='ltr'><strong>quidem</strong></span> <span class='ocrx_word' id='word_1_328' title='bbox 1455 2782 1577 2823; x_wconf 89' lang='lat' dir='ltr'><strong>cum</strong></span> <span class='ocrx_word' id='word_1_329' title='bbox 1615 2775 1759 2825; x_wconf 87' lang='lat' dir='ltr'><strong>esset</strong></span> <span class='ocrx_word' id='word_1_330' title='bbox 1813 2766 2020 2834; x_wconf 82' lang='lat' dir='ltr'><strong>impru-</strong></span> 
     </span>
    </p>
   </div>
   <div class='ocr_carea' id='block_1_45' title="bbox 428 2854 2013 2931">
    <p class='ocr_par' dir='ltr' id='par_1_45' title="bbox 428 2854 2013 2931">
     <span class='ocr_line' id='line_1_45' title="bbox 428 2854 2013 2931; baseline -0.006 -14"><span class='ocrx_word' id='word_1_331' title='bbox 428 2860 563 2917; x_wconf 87' lang='lat' dir='ltr'><strong>dens</strong></span> <span class='ocrx_word' id='word_1_332' title='bbox 590 2871 756 2931; x_wconf 83' lang='lat' dir='ltr'><strong>atque</strong></span> <span class='ocrx_word' id='word_1_333' title='bbox 784 2860 1133 2916; x_wconf 88' lang='lat' dir='ltr'><strong>discretionis</strong></span> <span class='ocrx_word' id='word_1_334' title='bbox 1167 2872 1386 2929; x_wconf 82' lang='lat' dir='ltr'><strong>expers,</strong></span> <span class='ocrx_word' id='word_1_335' title='bbox 1428 2857 1613 2913; x_wconf 86' lang='lat' dir='ltr'><strong>statim</strong></span> <span class='ocrx_word' id='word_1_336' title='bbox 1663 2864 1830 2925; x_wconf 83' lang='lat' dir='ltr'><strong>atque</strong></span> <span class='ocrx_word' id='word_1_337' title='bbox 1862 2854 2013 2907; x_wconf 89' lang='lat' dir='ltr'><strong>audi-</strong></span> 
     </span>
    </p>
   </div>
   <div class='ocr_carea' id='block_1_46' title="bbox 425 2945 2023 3016">
    <p class='ocr_par' dir='ltr' id='par_1_46' title="bbox 425 2945 2023 3016">
     <span class='ocr_line' id='line_1_46' title="bbox 425 2945 2023 3016; baseline -0.004 -8"><span class='ocrx_word' id='word_1_338' title='bbox 425 2953 507 3008; x_wconf 80' lang='lat' dir='ltr'><strong>vit</strong></span> <span class='ocrx_word' id='word_1_339' title='bbox 536 2951 875 3009; x_wconf 90' lang='lat' dir='ltr'><strong>divinitatem</strong></span> <span class='ocrx_word' id='word_1_340' title='bbox 909 2961 965 3006; x_wconf 90' lang='lat' dir='ltr'><strong>et</strong></span> <span class='ocrx_word' id='word_1_341' title='bbox 994 2951 1487 3014; x_wconf 88' lang='lat' dir='ltr'><strong>immortalitatem,</strong></span> <span class='ocrx_word' id='word_1_342' title='bbox 1522 2963 1626 3002; x_wconf 93' lang='lat' dir='ltr'><strong>non</strong></span> <span class='ocrx_word' id='word_1_343' title='bbox 1671 2945 2023 3016; x_wconf 84' lang='lat' dir='ltr'><strong>investigavit</strong></span> 
     </span>
    </p>
   </div>
   <div class='ocr_carea' id='block_1_47' title="bbox 427 3039 2022 3115">
    <p class='ocr_par' dir='ltr' id='par_1_47' title="bbox 427 3039 2022 3115">
     <span class='ocr_line' id='line_1_47' title="bbox 427 3039 2022 3115; baseline -0.006 -13"><span class='ocrx_word' id='word_1_344' title='bbox 427 3046 497 3103; x_wconf 81' lang='lat' dir='ltr'><strong>de</strong></span> <span class='ocrx_word' id='word_1_345' title='bbox 541 3060 606 3101; x_wconf 91' lang='lat' dir='ltr'><strong>eo</strong></span> <span class='ocrx_word' id='word_1_346' title='bbox 637 3044 780 3115; x_wconf 91' lang='lat' dir='ltr'><strong>quod</strong></span> <span class='ocrx_word' id='word_1_347' title='bbox 817 3044 919 3099; x_wconf 89' lang='lat' dir='ltr'><strong>sibi</strong></span> <span class='ocrx_word' id='word_1_348' title='bbox 967 3044 1170 3099; x_wconf 91' lang='lat' dir='ltr'><strong>dictum</strong></span> <span class='ocrx_word' id='word_1_349' title='bbox 1211 3051 1353 3107; x_wconf 91' lang='lat' dir='ltr'><strong>erat,</strong></span> <span class='ocrx_word' id='word_1_350' title='bbox 1385 3040 1478 3097; x_wconf 89' lang='lat' dir='ltr'><strong>sed</strong></span> <span class='ocrx_word' id='word_1_351' title='bbox 1523 3039 1737 3114; x_wconf 87' lang='lat' dir='ltr'><strong>abjecta</strong></span> <span class='ocrx_word' id='word_1_352' title='bbox 1769 3053 1798 3092; x_wconf 88' lang='lat' dir='ltr'><strong>a</strong></span> <span class='ocrx_word' id='word_1_353' title='bbox 1839 3054 1899 3094; x_wconf 90' lang='lat' dir='ltr'><strong>se</strong></span> <span class='ocrx_word' id='word_1_354' title='bbox 1927 3054 2022 3093; x_wconf 89' lang='lat' dir='ltr'><strong>vo-</strong></span> 
     </span>
    </p>
   </div>
   <div class='ocr_carea' id='block_1_48' title="bbox 432 3128 2019 3205">
    <p class='ocr_par' dir='ltr' id='par_1_48' title="bbox 432 3128 2019 3205">
     <span class='ocr_line' id='line_1_48' title="bbox 432 3128 2019 3205; baseline -0.006 -14"><span class='ocrx_word' id='word_1_355' title='bbox 432 3135 643 3193; x_wconf 89' lang='lat' dir='ltr'><strong>luntate</strong></span> <span class='ocrx_word' id='word_1_356' title='bbox 682 3135 928 3200; x_wconf 91' lang='lat' dir='ltr'><strong>Domini,</strong></span> <span class='ocrx_word' id='word_1_357' title='bbox 968 3143 1295 3205; x_wconf 55' lang='lat' dir='ltr'><strong>praeceptum</strong></span> <span class='ocrx_word' id='word_1_358' title='bbox 1337 3131 1431 3186; x_wconf 87' lang='lat' dir='ltr'><strong>Dei</strong></span> <span class='ocrx_word' id='word_1_359' title='bbox 1466 3130 1649 3202; x_wconf 82' lang='lat' dir='ltr'><strong>fregit.</strong></span> <span class='ocrx_word' id='word_1_360' title='bbox 1699 3137 1756 3184; x_wconf 89' lang='lat' dir='ltr'><strong>et</strong></span> <span class='ocrx_word' id='word_1_361' title='bbox 1798 3128 2019 3184; x_wconf 84' lang='lat' dir='ltr'><strong>seducta</strong></span> 
     </span>
    </p>
   </div>
   <div class='ocr_carea' id='block_1_49' title="bbox 427 3219 2021 3294">
    <p class='ocr_par' dir='ltr' id='par_1_49' title="bbox 427 3219 2021 3294">
     <span class='ocr_line' id='line_1_49' title="bbox 427 3219 2021 3294; baseline -0.007 -9"><span class='ocrx_word' id='word_1_362' title='bbox 427 3238 537 3294; x_wconf 87' lang='lat' dir='ltr'><strong>est,</strong></span> <span class='ocrx_word' id='word_1_363' title='bbox 567 3238 645 3288; x_wconf 77' lang='lat' dir='ltr'><strong>et.</strong></span> <span class='ocrx_word' id='word_1_364' title='bbox 668 3227 886 3283; x_wconf 82' lang='lat' dir='ltr'><strong>seduxit</strong></span> <span class='ocrx_word' id='word_1_365' title='bbox 913 3227 1123 3291; x_wconf 86' lang='lat' dir='ltr'><strong>Adam;</strong></span> <span class='ocrx_word' id='word_1_366' title='bbox 1159 3234 1214 3280; x_wconf 90' lang='lat' dir='ltr'><strong>et</strong></span> <span class='ocrx_word' id='word_1_367' title='bbox 1251 3224 1377 3279; x_wconf 89' lang='lat' dir='ltr'><strong>facti</strong></span> <span class='ocrx_word' id='word_1_368' title='bbox 1410 3231 1538 3278; x_wconf 91' lang='lat' dir='ltr'><strong>sunt</strong></span> <span class='ocrx_word' id='word_1_369' title='bbox 1579 3229 1702 3290; x_wconf 90' lang='lat' dir='ltr'><strong>post</strong></span> <span class='ocrx_word' id='word_1_370' title='bbox 1729 3219 2021 3275; x_wconf 80' lang='lat' dir='ltr'><strong>exultatio-</strong></span> 
     </span>
    </p>
   </div>
   <div class='ocr_carea' id='block_1_50' title="bbox 424 3312 2021 3389">
    <p class='ocr_par' dir='ltr' id='par_1_50' title="bbox 424 3312 2021 3389">
     <span class='ocr_line' id='line_1_50' title="bbox 424 3312 2021 3389; baseline -0.008 -12"><span class='ocrx_word' id='word_1_371' title='bbox 424 3336 548 3377; x_wconf 89' lang='lat' dir='ltr'><strong>nem</strong></span> <span class='ocrx_word' id='word_1_372' title='bbox 582 3321 729 3375; x_wconf 90' lang='lat' dir='ltr'><strong>illam</strong></span> <span class='ocrx_word' id='word_1_373' title='bbox 768 3319 1062 3389; x_wconf 78' lang='lat' dir='ltr'><strong>insignem,</strong></span> <span class='ocrx_word' id='word_1_374' title='bbox 1100 3318 1153 3374; x_wconf 93' lang='lat' dir='ltr'><strong>in</strong></span> <span class='ocrx_word' id='word_1_375' title='bbox 1200 3318 1302 3373; x_wconf 90' lang='lat' dir='ltr'><strong>hac</strong></span> <span class='ocrx_word' id='word_1_376' title='bbox 1341 3315 1831 3371; x_wconf 88' lang='lat' dir='ltr'><strong>infelicitateadeo</strong></span> <span class='ocrx_word' id='word_1_377' title='bbox 1863 3312 2021 3367; x_wconf 89' lang='lat' dir='ltr'><strong>dissi-</strong></span> 
     </span>
    </p>
   </div>
   <div class='ocr_carea' id='block_1_51' title="bbox 424 3403 2021 3482">
    <p class='ocr_par' dir='ltr' id='par_1_51' title="bbox 424 3403 2021 3482">
     <span class='ocr_line' id='line_1_51' title="bbox 424 3403 2021 3482; baseline -0.004 -16"><span class='ocrx_word' id='word_1_378' title='bbox 424 3412 576 3479; x_wconf 89' lang='lat' dir='ltr'><strong>tnili,</strong></span> <span class='ocrx_word' id='word_1_379' title='bbox 634 3411 765 3482; x_wconf 89' lang='lat' dir='ltr'><strong>quia</strong></span> <span class='ocrx_word' id='word_1_380' title='bbox 814 3409 1087 3464; x_wconf 85' lang='lat' dir='ltr'><strong>adversati</strong></span> <span class='ocrx_word' id='word_1_381' title='bbox 1142 3418 1270 3464; x_wconf 90' lang='lat' dir='ltr'><strong>sunt</strong></span> <span class='ocrx_word' id='word_1_382' title='bbox 1316 3406 1581 3462; x_wconf 89' lang='lat' dir='ltr'><strong>voluntati</strong></span> <span class='ocrx_word' id='word_1_383' title='bbox 1636 3405 1872 3461; x_wconf 88' lang='lat' dir='ltr'><strong>Domini.</strong></span> <span class='ocrx_word' id='word_1_384' title='bbox 1932 3403 2021 3461; x_wconf 84' lang='lat' dir='ltr'><strong>Si-</strong></span> 
     </span>
    </p>
   </div>
   <div class='ocr_carea' id='block_1_52' title="bbox 423 3498 2024 3571">
    <p class='ocr_par' dir='ltr' id='par_1_52' title="bbox 423 3498 2024 3571">
     <span class='ocr_line' id='line_1_52' title="bbox 423 3498 2024 3571; baseline -0.006 -11"><span class='ocrx_word' id='word_1_385' title='bbox 423 3504 553 3560; x_wconf 87' lang='lat' dir='ltr'><strong>mile</strong></span> <span class='ocrx_word' id='word_1_386' title='bbox 575 3546 592 3571; x_wconf 93' lang='lat'><strong>,</strong></span> <span class='ocrx_word' id='word_1_387' title='bbox 637 3503 978 3559; x_wconf 91' lang='lat' dir='ltr'><strong>dilectissimi</strong></span> <span class='ocrx_word' id='word_1_388' title='bbox 1014 3502 1156 3568; x_wconf 91' lang='lat' dir='ltr'><strong>mei,</strong></span> <span class='ocrx_word' id='word_1_389' title='bbox 1202 3515 1331 3556; x_wconf 90' lang='lat' dir='ltr'><strong>vere</strong></span> <span class='ocrx_word' id='word_1_390' title='bbox 1359 3500 1576 3555; x_wconf 88' lang='lat' dir='ltr'><strong>eveniet</strong></span> <span class='ocrx_word' id='word_1_391' title='bbox 1606 3498 1681 3553; x_wconf 90' lang='lat' dir='ltr'><strong>illi</strong></span> <span class='ocrx_word' id='word_1_392' title='bbox 1713 3499 1808 3570; x_wconf 92' lang='lat' dir='ltr'><strong>qui</strong></span> <span class='ocrx_word' id='word_1_393' title='bbox 1847 3498 2024 3569; x_wconf 90' lang='lat' dir='ltr'><strong>rejieit</strong></span> 
     </span>
    </p>
   </div>
   <div class='ocr_carea' id='block_1_53' title="bbox 422 3588 2021 3658">
    <p class='ocr_par' dir='ltr' id='par_1_53' title="bbox 422 3588 2021 3658">
     <span class='ocr_line' id='line_1_53' title="bbox 422 3588 2021 3658; baseline -0.005 -9"><span class='ocrx_word' id='word_1_394' title='bbox 422 3609 453 3649; x_wconf 84' lang='lat' dir='ltr'><strong>a</strong></span> <span class='ocrx_word' id='word_1_395' title='bbox 480 3609 540 3649; x_wconf 86' lang='lat' dir='ltr'><strong>se</strong></span> <span class='ocrx_word' id='word_1_396' title='bbox 573 3593 908 3648; x_wconf 88' lang='lat' dir='ltr'><strong>voluntatem</strong></span> <span class='ocrx_word' id='word_1_397' title='bbox 948 3592 1203 3658; x_wconf 90' lang='lat' dir='ltr'><strong>Domini,</strong></span> <span class='ocrx_word' id='word_1_398' title='bbox 1254 3599 1309 3646; x_wconf 90' lang='lat' dir='ltr'><strong>et</strong></span> <span class='ocrx_word' id='word_1_399' title='bbox 1355 3590 1486 3646; x_wconf 90' lang='lat' dir='ltr'><strong>facit</strong></span> <span class='ocrx_word' id='word_1_400' title='bbox 1516 3588 1853 3646; x_wconf 86' lang='lat' dir='ltr'><strong>voluntatem</strong></span> <span class='ocrx_word' id='word_1_401' title='bbox 1899 3603 2021 3643; x_wconf 88' lang='lat' dir='ltr'><strong>cor-</strong></span> 
     </span>
    </p>
   </div>
   <div class='ocr_carea' id='block_1_54' title="bbox 422 3682 2021 3757">
    <p class='ocr_par' dir='ltr' id='par_1_54' title="bbox 422 3682 2021 3757">
     <span class='ocr_line' id='line_1_54' title="bbox 422 3682 2021 3757; baseline -0.004 -16"><span class='ocrx_word' id='word_1_402' title='bbox 422 3685 509 3742; x_wconf 83' lang='lat' dir='ltr'><strong>dis</strong></span> <span class='ocrx_word' id='word_1_403' title='bbox 535 3685 617 3741; x_wconf 91' lang='lat' dir='ltr'><strong>sui</strong></span> <span class='ocrx_word' id='word_1_404' title='bbox 653 3698 751 3742; x_wconf 89' lang='lat' dir='ltr'><strong>:et</strong></span> <span class='ocrx_word' id='word_1_405' title='bbox 782 3685 1096 3757; x_wconf 87' lang='lat' dir='ltr'><strong>implebitur</strong></span> <span class='ocrx_word' id='word_1_406' title='bbox 1131 3685 1198 3740; x_wconf 88' lang='lat' dir='ltr'><strong>de</strong></span> <span class='ocrx_word' id='word_1_407' title='bbox 1241 3683 1334 3739; x_wconf 94' lang='lat' dir='ltr'><strong>illo</strong></span> <span class='ocrx_word' id='word_1_408' title='bbox 1361 3682 1564 3738; x_wconf 89' lang='lat' dir='ltr'><strong>dictum</strong></span> <span class='ocrx_word' id='word_1_409' title='bbox 1612 3682 1920 3737; x_wconf 89' lang='lat' dir='ltr'><strong>Salomonis</strong></span> <span class='ocrx_word' id='word_1_410' title='bbox 1967 3682 2021 3735; x_wconf 92' lang='lat' dir='ltr'><strong>in</strong></span> 
     </span>
    </p>
   </div>
   <div class='ocr_carea' id='block_1_55' title="bbox 423 3774 2022 3848">
    <p class='ocr_par' dir='ltr' id='par_1_55' title="bbox 423 3774 2022 3848">
     <span class='ocr_line' id='line_1_55' title="bbox 423 3774 2022 3848; baseline -0.004 -15"><span class='ocrx_word' id='word_1_411' title='bbox 423 3777 788 3835; x_wconf 86' lang='lat' dir='ltr'><strong>Proverbiis:</strong></span> <span class='ocrx_word' id='word_1_412' title='bbox 844 3776 1009 3831; x_wconf 81' lang='lat' dir='ltr'><strong>Putat</strong></span> <span class='ocrx_word' id='word_1_413' title='bbox 1080 3776 1219 3848; x_wconf 85' lang='lat' dir='ltr'><strong>quod</strong></span> <span class='ocrx_word' id='word_1_414' title='bbox 1278 3776 1362 3831; x_wconf 83' lang='lat' dir='ltr'><strong>via</strong></span> <span class='ocrx_word' id='word_1_415' title='bbox 1414 3775 1508 3829; x_wconf 81' lang='lat' dir='ltr'><strong>illa</strong></span> <span class='ocrx_word' id='word_1_416' title='bbox 1566 3774 1634 3829; x_wconf 77' lang='lat' dir='ltr'><strong>sit</strong></span> <span class='ocrx_word' id='word_1_417' title='bbox 1690 3785 1851 3839; x_wconf 84' lang='lat' dir='ltr'><strong>recta,</strong></span> <span class='ocrx_word' id='word_1_418' title='bbox 1903 3789 2022 3826; x_wconf 86' lang='lat' dir='ltr'><strong>cum</strong></span> 
     </span>
    </p>
   </div>
   <div class='ocr_carea' id='block_1_56' title="bbox 422 3858 2020 3937">
    <p class='ocr_par' dir='ltr' id='par_1_56' title="bbox 422 3858 2020 3937">
     <span class='ocr_line' id='line_1_56' title="bbox 422 3858 2020 3937; baseline -0.006 -16"><span class='ocrx_word' id='word_1_419' title='bbox 422 3868 547 3937; x_wconf 72' lang='lat' dir='ltr'><strong>[init</strong></span> <span class='ocrx_word' id='word_1_420' title='bbox 588 3868 704 3936; x_wconf 74' lang='lat' dir='ltr'><strong>ejus</strong></span> <span class='ocrx_word' id='word_1_421' title='bbox 769 3868 1029 3922; x_wconf 83' lang='lat' dir='ltr'><strong>conducat</strong></span> <span class='ocrx_word' id='word_1_422' title='bbox 1084 3865 1154 3919; x_wconf 79' lang='lat' dir='ltr'><strong>ad</strong></span> <span class='ocrx_word' id='word_1_423' title='bbox 1228 3863 1555 3933; x_wconf 73' lang='lat' dir='ltr'><strong>profundum</strong></span> <span class='ocrx_word' id='word_1_424' title='bbox 1621 3860 1917 3933; x_wconf 67' lang='lat' dir='ltr'><strong>inferorum</strong></span> <span class='ocrx_word' id='word_1_425' title='bbox 1974 3858 2020 3912; x_wconf 81' lang='grc'><strong>⁸.</strong></span> 
     </span>
    </p>
   </div>
   <div class='ocr_carea' id='block_1_57' title="bbox 425 3950 2021 4013">
    <p class='ocr_par' dir='ltr' id='par_1_57' title="bbox 425 3950 2021 4013">
     <span class='ocr_line' id='line_1_57' title="bbox 425 3950 2021 4013; baseline -0.004 -2"><span class='ocrx_word' id='word_1_426' title='bbox 425 3955 626 4011; x_wconf 77' lang='lat' dir='ltr'><strong>Notum</strong></span> <span class='ocrx_word' id='word_1_427' title='bbox 667 3958 834 4013; x_wconf 86' lang='lat' dir='ltr'><strong>etiam</strong></span> <span class='ocrx_word' id='word_1_428' title='bbox 883 3956 1037 4011; x_wconf 85' lang='lat' dir='ltr'><strong>vobis</strong></span> <span class='ocrx_word' id='word_1_429' title='bbox 1091 3955 1233 4011; x_wconf 85' lang='lat' dir='ltr'><strong>facio</strong></span> <span class='ocrx_word' id='word_1_430' title='bbox 1280 3952 1558 4009; x_wconf 90' lang='lat' dir='ltr'><strong>diabolum</strong></span> <span class='ocrx_word' id='word_1_431' title='bbox 1610 3953 1696 4010; x_wconf 90' lang='lat' dir='ltr'><strong>his</strong></span> <span class='ocrx_word' id='word_1_432' title='bbox 1748 3950 2021 4007; x_wconf 70' lang='lat' dir='ltr'><strong>similibus</strong></span> 
     </span>
    </p>
   </div>
   <div class='ocr_carea' id='block_1_58' title="bbox 427 4044 2022 4119">
    <p class='ocr_par' dir='ltr' id='par_1_58' title="bbox 427 4044 2022 4119">
     <span class='ocr_line' id='line_1_58' title="bbox 427 4044 2022 4119; baseline -0.005 -16"><span class='ocrx_word' id='word_1_433' title='bbox 427 4049 684 4119; x_wconf 90' lang='lat' dir='ltr'><strong>gaudium</strong></span> <span class='ocrx_word' id='word_1_434' title='bbox 727 4048 1009 4104; x_wconf 88' lang='lat' dir='ltr'><strong>insinuare</strong></span> <span class='ocrx_word' id='word_1_435' title='bbox 1058 4054 1114 4103; x_wconf 92' lang='lat' dir='ltr'><strong>et</strong></span> <span class='ocrx_word' id='word_1_436' title='bbox 1158 4046 1436 4114; x_wconf 61' lang='lat' dir='ltr'><strong>laetitiam;</strong></span> <span class='ocrx_word' id='word_1_437' title='bbox 1493 4060 1617 4102; x_wconf 92' lang='lat' dir='ltr'><strong>cum</strong></span> <span class='ocrx_word' id='word_1_438' title='bbox 1658 4058 1764 4100; x_wconf 92' lang='lat' dir='ltr'><strong>non</strong></span> <span class='ocrx_word' id='word_1_439' title='bbox 1799 4044 1871 4098; x_wconf 90' lang='lat' dir='ltr'><strong>sit</strong></span> <span class='ocrx_word' id='word_1_440' title='bbox 1917 4044 2022 4112; x_wconf 88' lang='lat' dir='ltr'><strong>ita,</strong></span> 
     </span>
    </p>
   </div>
   <div class='ocr_carea' id='block_1_59' title="bbox 425 4136 2023 4208">
    <p class='ocr_par' dir='ltr' id='par_1_59' title="bbox 425 4136 2023 4208">
     <span class='ocr_line' id='line_1_59' title="bbox 425 4136 2023 4208; baseline -0.003 -12"><span class='ocrx_word' id='word_1_441' title='bbox 425 4141 519 4196; x_wconf 82' lang='lat' dir='ltr'><strong>sed</strong></span> <span class='ocrx_word' id='word_1_442' title='bbox 550 4150 676 4196; x_wconf 85' lang='lat' dir='ltr'><strong>sunt</strong></span> <span class='ocrx_word' id='word_1_443' title='bbox 723 4154 925 4196; x_wconf 77' lang='lat' dir='ltr'><strong>rnmror</strong></span> <span class='ocrx_word' id='word_1_444' title='bbox 951 4152 1006 4196; x_wconf 87' lang='lat' dir='ltr'><strong>et</strong></span> <span class='ocrx_word' id='word_1_445' title='bbox 1053 4139 1317 4195; x_wconf 72' lang='lat' dir='ltr'><strong>mtestitia</strong></span> <span class='ocrx_word' id='word_1_446' title='bbox 1368 4147 1425 4193; x_wconf 93' lang='lat' dir='ltr'><strong>et</strong></span> <span class='ocrx_word' id='word_1_447' title='bbox 1458 4136 1639 4207; x_wconf 82' lang='lat' dir='ltr'><strong>fletus,</strong></span> <span class='ocrx_word' id='word_1_448' title='bbox 1693 4138 1953 4208; x_wconf 89' lang='lat' dir='ltr'><strong>quoniam</strong></span> <span class='ocrx_word' id='word_1_449' title='bbox 1992 4153 2023 4192; x_wconf 90' lang='lat' dir='ltr'><strong>a</strong></span> 
     </span>
    </p>
   </div>
   <div class='ocr_carea' id='block_1_60' title="bbox 430 4231 2025 4304">
    <p class='ocr_par' dir='ltr' id='par_1_60' title="bbox 430 4231 2025 4304">
     <span class='ocr_line' id='line_1_60' title="bbox 430 4231 2025 4304; baseline -0.002 -17"><span class='ocrx_word' id='word_1_450' title='bbox 430 4231 539 4289; x_wconf 91' lang='lat' dir='ltr'><strong>Deo</strong></span> <span class='ocrx_word' id='word_1_451' title='bbox 569 4248 674 4288; x_wconf 92' lang='lat' dir='ltr'><strong>non</strong></span> <span class='ocrx_word' id='word_1_452' title='bbox 724 4241 885 4300; x_wconf 88' lang='lat' dir='ltr'><strong>sunt;</strong></span> <span class='ocrx_word' id='word_1_453' title='bbox 931 4247 1056 4289; x_wconf 92' lang='lat' dir='ltr'><strong>cum</strong></span> <span class='ocrx_word' id='word_1_454' title='bbox 1096 4231 1353 4304; x_wconf 80' lang='lat' dir='ltr'><strong>gaudium</strong></span> <span class='ocrx_word' id='word_1_455' title='bbox 1392 4231 1537 4303; x_wconf 86' lang='lat' dir='ltr'><strong>quod</strong></span> <span class='ocrx_word' id='word_1_456' title='bbox 1583 4246 1616 4286; x_wconf 90' lang='lat' dir='ltr'><strong>a</strong></span> <span class='ocrx_word' id='word_1_457' title='bbox 1663 4232 1772 4288; x_wconf 91' lang='lat' dir='ltr'><strong>Deo</strong></span> <span class='ocrx_word' id='word_1_458' title='bbox 1808 4239 1927 4295; x_wconf 90' lang='lat' dir='ltr'><strong>est,</strong></span> <span class='ocrx_word' id='word_1_459' title='bbox 1970 4239 2025 4285; x_wconf 92' lang='lat' dir='ltr'><strong>et</strong></span> 
     </span>
    </p>
   </div>
   <div class='ocr_carea' id='block_1_61' title="bbox 424 4323 2022 4396">
    <p class='ocr_par' dir='ltr' id='par_1_61' title="bbox 424 4323 2022 4396">
     <span class='ocr_line' id='line_1_61' title="bbox 424 4323 2022 4396; baseline -0.001 -18"><span class='ocrx_word' id='word_1_460' title='bbox 424 4324 612 4380; x_wconf 65' lang='lat' dir='ltr'><strong>laetitia</strong></span> <span class='ocrx_word' id='word_1_461' title='bbox 641 4324 717 4380; x_wconf 91' lang='lat' dir='ltr'><strong>illi</strong></span> <span class='ocrx_word' id='word_1_462' title='bbox 749 4325 853 4381; x_wconf 88' lang='lat' dir='ltr'><strong>soli</strong></span> <span class='ocrx_word' id='word_1_463' title='bbox 885 4324 1181 4392; x_wconf 88' lang='lat' dir='ltr'><strong>dabuntur,</strong></span> <span class='ocrx_word' id='word_1_464' title='bbox 1228 4323 1322 4396; x_wconf 92' lang='lat' dir='ltr'><strong>qui</strong></span> <span class='ocrx_word' id='word_1_465' title='bbox 1367 4324 1499 4381; x_wconf 89' lang='lat' dir='ltr'><strong>totis</strong></span> <span class='ocrx_word' id='word_1_466' title='bbox 1535 4323 1747 4379; x_wconf 88' lang='lat' dir='ltr'><strong>laborat</strong></span> <span class='ocrx_word' id='word_1_467' title='bbox 1777 4324 2022 4390; x_wconf 89' lang='lat' dir='ltr'><strong>viribus,</strong></span> 
     </span>
    </p>
   </div>
   <div class='ocr_carea' id='block_1_62' title="bbox 2116 1921 3713 2008">
    <p class='ocr_par' dir='ltr' id='par_1_62' title="bbox 2116 1921 3713 2008">
     <span class='ocr_line' id='line_1_62' title="bbox 2116 1921 3713 2008; baseline -0.003 -13"><span class='ocrx_word' id='word_1_468' title='bbox 2116 1956 2244 1996; x_wconf 87' lang='lat' dir='ltr'><strong>vere</strong></span> <span class='ocrx_word' id='word_1_469' title='bbox 2283 1939 2407 1996; x_wconf 90' lang='lat' dir='ltr'><strong>dico</strong></span> <span class='ocrx_word' id='word_1_470' title='bbox 2442 1939 2633 2005; x_wconf 90' lang='lat' dir='ltr'><strong>vobis,</strong></span> <span class='ocrx_word' id='word_1_471' title='bbox 2689 1938 2794 1994; x_wconf 90' lang='lat' dir='ltr'><strong>nisi</strong></span> <span class='ocrx_word' id='word_1_472' title='bbox 2845 1938 3127 2008; x_wconf 86' lang='lat' dir='ltr'><strong>reliquerit</strong></span> <span class='ocrx_word' id='word_1_473' title='bbox 3176 1939 3340 1993; x_wconf 85' lang='lat' dir='ltr'><strong>homo</strong></span> <span class='ocrx_word' id='word_1_474' title='bbox 3391 1946 3559 1992; x_wconf 88' lang='lat' dir='ltr'><strong>totam</strong></span> <span class='ocrx_word' id='word_1_475' title='bbox 3596 1921 3713 1991; x_wconf 40' lang='lat' dir='ltr'><strong>&#39;vo-</strong></span> 
     </span>
    </p>
   </div>
   <div class='ocr_carea' id='block_1_63' title="bbox 2116 2026 3715 2098">
    <p class='ocr_par' dir='ltr' id='par_1_63' title="bbox 2116 2026 3715 2098">
     <span class='ocr_line' id='line_1_63' title="bbox 2116 2026 3715 2098; baseline -0.001 -16"><span class='ocrx_word' id='word_1_476' title='bbox 2116 2028 2381 2091; x_wconf 85' lang='lat' dir='ltr'><strong>luntatem</strong></span> <span class='ocrx_word' id='word_1_477' title='bbox 2424 2030 2605 2086; x_wconf 83' lang='lat' dir='ltr'><strong>cordis</strong></span> <span class='ocrx_word' id='word_1_478' title='bbox 2636 2030 2757 2095; x_wconf 89' lang='lat' dir='ltr'><strong>sui,</strong></span> <span class='ocrx_word' id='word_1_479' title='bbox 2790 2036 2845 2083; x_wconf 90' lang='lat' dir='ltr'><strong>et</strong></span> <span class='ocrx_word' id='word_1_480' title='bbox 2883 2027 3177 2098; x_wconf 76' lang='lat' dir='ltr'><strong>subiecerit</strong></span> <span class='ocrx_word' id='word_1_481' title='bbox 3215 2042 3275 2084; x_wconf 89' lang='lat' dir='ltr'><strong>se</strong></span> <span class='ocrx_word' id='word_1_482' title='bbox 3319 2028 3373 2083; x_wconf 90' lang='lat' dir='ltr'><strong>in</strong></span> <span class='ocrx_word' id='word_1_483' title='bbox 3422 2026 3715 2089; x_wconf 79' lang='lat' dir='ltr'><strong>omnibus,</strong></span> 
     </span>
    </p>
   </div>
   <div class='ocr_carea' id='block_1_64' title="bbox 2116 2120 3715 2193">
    <p class='ocr_par' dir='ltr' id='par_1_64' title="bbox 2116 2120 3715 2193">
     <span class='ocr_line' id='line_1_64' title="bbox 2116 2120 3715 2193; baseline -0.003 -15"><span class='ocrx_word' id='word_1_484' title='bbox 2116 2133 2171 2178; x_wconf 90' lang='lat' dir='ltr'><strong>et</strong></span> <span class='ocrx_word' id='word_1_485' title='bbox 2205 2122 2468 2193; x_wconf 90' lang='lat' dir='ltr'><strong>repulerit</strong></span> <span class='ocrx_word' id='word_1_486' title='bbox 2510 2137 2541 2176; x_wconf 90' lang='lat' dir='ltr'><strong>a</strong></span> <span class='ocrx_word' id='word_1_487' title='bbox 2584 2137 2644 2176; x_wconf 89' lang='lat' dir='ltr'><strong>se</strong></span> <span class='ocrx_word' id='word_1_488' title='bbox 2692 2130 2919 2175; x_wconf 84' lang='lat' dir='ltr'><strong>cunctas</strong></span> <span class='ocrx_word' id='word_1_489' title='bbox 2967 2120 3185 2175; x_wconf 87' lang='lat' dir='ltr'><strong>divitias</strong></span> <span class='ocrx_word' id='word_1_490' title='bbox 3231 2131 3289 2176; x_wconf 84' lang='lat' dir='ltr'><strong>et</strong></span> <span class='ocrx_word' id='word_1_491' title='bbox 3339 2122 3715 2190; x_wconf 82' lang='lat' dir='ltr'><strong>possessiones</strong></span> 
     </span>
    </p>
   </div>
   <div class='ocr_carea' id='block_1_65' title="bbox 2118 2211 3718 2282">
    <p class='ocr_par' dir='ltr' id='par_1_65' title="bbox 2118 2211 3718 2282">
     <span class='ocr_line' id='line_1_65' title="bbox 2118 2211 3718 2282; baseline 0.001 -15"><span class='ocrx_word' id='word_1_492' title='bbox 2118 2228 2265 2278; x_wconf 88' lang='lat' dir='ltr'><strong>suas,</strong></span> <span class='ocrx_word' id='word_1_493' title='bbox 2302 2222 2358 2275; x_wconf 88' lang='lat' dir='ltr'><strong>et</strong></span> <span class='ocrx_word' id='word_1_494' title='bbox 2398 2213 2672 2269; x_wconf 89' lang='lat' dir='ltr'><strong>obedierit</strong></span> <span class='ocrx_word' id='word_1_495' title='bbox 2722 2211 2980 2277; x_wconf 89' lang='lat' dir='ltr'><strong>Domino,</strong></span> <span class='ocrx_word' id='word_1_496' title='bbox 3016 2211 3278 2266; x_wconf 89' lang='lat' dir='ltr'><strong>obediens</strong></span> <span class='ocrx_word' id='word_1_497' title='bbox 3322 2213 3573 2282; x_wconf 86' lang='lat' dir='ltr'><strong>patribus</strong></span> <span class='ocrx_word' id='word_1_498' title='bbox 3606 2214 3718 2268; x_wconf 81' lang='lat' dir='ltr'><strong>suis</strong></span> 
     </span>
    </p>
   </div>
   <div class='ocr_carea' id='block_1_66' title="bbox 2121 2304 3713 2375">
    <p class='ocr_par' dir='ltr' id='par_1_66' title="bbox 2121 2304 3713 2375">
     <span class='ocr_line' id='line_1_66' title="bbox 2121 2304 3713 2375; baseline -0.002 -14"><span class='ocrx_word' id='word_1_499' title='bbox 2121 2305 2533 2375; x_wconf 78' lang='lat' dir='ltr'><strong>spiritualibus;</strong></span> <span class='ocrx_word' id='word_1_500' title='bbox 2575 2319 2751 2375; x_wconf 82' lang='lat' dir='ltr'><strong>neque</strong></span> <span class='ocrx_word' id='word_1_501' title='bbox 2779 2304 2980 2375; x_wconf 92' lang='lat' dir='ltr'><strong>poterit</strong></span> <span class='ocrx_word' id='word_1_502' title='bbox 3012 2304 3349 2375; x_wconf 87' lang='lat' dir='ltr'><strong>perpendere</strong></span> <span class='ocrx_word' id='word_1_503' title='bbox 3381 2304 3713 2360; x_wconf 84' lang='lat' dir='ltr'><strong>voluntatem</strong></span> 
     </span>
    </p>
   </div>
   <div class='ocr_carea' id='block_1_67' title="bbox 2122 2396 3712 2467">
    <p class='ocr_par' dir='ltr' id='par_1_67' title="bbox 2122 2396 3712 2467">
     <span class='ocr_line' id='line_1_67' title="bbox 2122 2396 3712 2467; baseline 0 -16"><span class='ocrx_word' id='word_1_504' title='bbox 2122 2397 2251 2464; x_wconf 85' lang='lat' dir='ltr'><strong>Dei,</strong></span> <span class='ocrx_word' id='word_1_505' title='bbox 2311 2412 2492 2466; x_wconf 89' lang='lat' dir='ltr'><strong>neque</strong></span> <span class='ocrx_word' id='word_1_506' title='bbox 2532 2396 2679 2452; x_wconf 91' lang='lat' dir='ltr'><strong>illam</strong></span> <span class='ocrx_word' id='word_1_507' title='bbox 2716 2396 2920 2464; x_wconf 86' lang='lat' dir='ltr'><strong>facere,</strong></span> <span class='ocrx_word' id='word_1_508' title='bbox 2969 2404 3024 2452; x_wconf 93' lang='lat' dir='ltr'><strong>et</strong></span> <span class='ocrx_word' id='word_1_509' title='bbox 3071 2397 3375 2467; x_wconf 87' lang='lat' dir='ltr'><strong>privabitur</strong></span> <span class='ocrx_word' id='word_1_510' title='bbox 3413 2399 3712 2454; x_wconf 78' lang='lat' dir='ltr'><strong>novissima</strong></span> 
     </span>
    </p>
   </div>
   <div class='ocr_carea' id='block_1_68' title="bbox 2121 2487 3716 2547">
    <p class='ocr_par' dir='ltr' id='par_1_68' title="bbox 2121 2487 3716 2547">
     <span class='ocr_line' id='line_1_68' title="bbox 2121 2487 3716 2547; baseline 0.001 -2"><span class='ocrx_word' id='word_1_511' title='bbox 2121 2487 2527 2545; x_wconf 86' lang='lat' dir='ltr'><strong>benedictione.</strong></span> <span class='ocrx_word' id='word_1_512' title='bbox 2589 2487 2866 2543; x_wconf 87' lang='lat' dir='ltr'><strong>Abraham</strong></span> <span class='ocrx_word' id='word_1_513' title='bbox 2945 2488 3091 2545; x_wconf 89' lang='lat' dir='ltr'><strong>enim</strong></span> <span class='ocrx_word' id='word_1_514' title='bbox 3153 2504 3276 2543; x_wconf 85' lang='lat' dir='ltr'><strong>eum</strong></span> <span class='ocrx_word' id='word_1_515' title='bbox 3347 2488 3716 2547; x_wconf 75' lang='lat' dir='ltr'><strong>benedixisset</strong></span> 
     </span>
    </p>
   </div>
   <div class='ocr_carea' id='block_1_69' title="bbox 2133 2578 3717 2647">
    <p class='ocr_par' dir='ltr' id='par_1_69' title="bbox 2133 2578 3717 2647">
     <span class='ocr_line' id='line_1_69' title="bbox 2133 2578 3717 2647; baseline 0.001 -13"><span class='ocrx_word' id='word_1_516' title='bbox 2133 2579 2306 2647; x_wconf 84' lang='lat' dir='ltr'><strong>Isaac,</strong></span> <span class='ocrx_word' id='word_1_517' title='bbox 2337 2580 2415 2635; x_wconf 89' lang='lat' dir='ltr'><strong>ait</strong></span> <span class='ocrx_word' id='word_1_518' title='bbox 2452 2579 2525 2634; x_wconf 94' lang='lat' dir='ltr'><strong>illi</strong></span> <span class='ocrx_word' id='word_1_519' title='bbox 2560 2597 2573 2634; x_wconf 88' lang='lat'><strong>:</strong></span> <span class='ocrx_word' id='word_1_520' title='bbox 2617 2578 2761 2635; x_wconf 87' lang='lat' dir='ltr'><strong>Deus</strong></span> <span class='ocrx_word' id='word_1_521' title='bbox 2793 2594 2944 2636; x_wconf 88' lang='lat' dir='ltr'><strong>meus</strong></span> <span class='ocrx_word' id='word_1_522' title='bbox 2972 2580 3294 2636; x_wconf 88' lang='lat' dir='ltr'><strong>corroboret</strong></span> <span class='ocrx_word' id='word_1_523' title='bbox 3333 2590 3406 2646; x_wconf 89' lang='lat' dir='ltr'><strong>te,</strong></span> <span class='ocrx_word' id='word_1_524' title='bbox 3446 2590 3511 2635; x_wconf 90' lang='lat' dir='ltr'><strong>ut</strong></span> <span class='ocrx_word' id='word_1_525' title='bbox 3548 2580 3717 2636; x_wconf 78' lang='lat' dir='ltr'><strong>facias</strong></span> 
     </span>
    </p>
   </div>
   <div class='ocr_carea' id='block_1_70' title="bbox 2122 2674 3716 2747">
    <p class='ocr_par' dir='ltr' id='par_1_70' title="bbox 2122 2674 3716 2747">
     <span class='ocr_line' id='line_1_70' title="bbox 2122 2674 3716 2747; baseline 0.001 -19"><span class='ocrx_word' id='word_1_526' title='bbox 2122 2674 2458 2733; x_wconf 90' lang='lat' dir='ltr'><strong>voluntatem</strong></span> <span class='ocrx_word' id='word_1_527' title='bbox 2490 2675 2626 2745; x_wconf 84' lang='lat' dir='ltr'><strong>ejus.</strong></span> <span class='ocrx_word' id='word_1_528' title='bbox 2659 2674 2784 2730; x_wconf 86' lang='lat' dir='ltr'><strong>Pari</strong></span> <span class='ocrx_word' id='word_1_529' title='bbox 2818 2676 3031 2732; x_wconf 87' lang='lat' dir='ltr'><strong>ratione</strong></span> <span class='ocrx_word' id='word_1_530' title='bbox 3066 2676 3157 2732; x_wconf 90' lang='lat' dir='ltr'><strong>ille</strong></span> <span class='ocrx_word' id='word_1_531' title='bbox 3191 2678 3285 2747; x_wconf 89' lang='lat' dir='ltr'><strong>qui</strong></span> <span class='ocrx_word' id='word_1_532' title='bbox 3312 2677 3587 2732; x_wconf 84' lang='lat' dir='ltr'><strong>obedierit</strong></span> <span class='ocrx_word' id='word_1_533' title='bbox 3620 2692 3716 2746; x_wconf 84' lang='lat' dir='ltr'><strong>pa-</strong></span> 
     </span>
    </p>
   </div>
   <div class='ocr_carea' id='block_1_71' title="bbox 2125 2764 3711 2835">
    <p class='ocr_par' dir='ltr' id='par_1_71' title="bbox 2125 2764 3711 2835">
     <span class='ocr_line' id='line_1_71' title="bbox 2125 2764 3711 2835; baseline 0.001 -15"><span class='ocrx_word' id='word_1_534' title='bbox 2125 2764 2301 2822; x_wconf 80' lang='lat' dir='ltr'><strong>tribus</strong></span> <span class='ocrx_word' id='word_1_535' title='bbox 2334 2767 2451 2821; x_wconf 85' lang='lat' dir='ltr'><strong>suis</strong></span> <span class='ocrx_word' id='word_1_536' title='bbox 2485 2767 2887 2835; x_wconf 85' lang='lat' dir='ltr'><strong>spiritualibus,</strong></span> <span class='ocrx_word' id='word_1_537' title='bbox 2930 2768 2982 2823; x_wconf 94' lang='lat' dir='ltr'><strong>in</strong></span> <span class='ocrx_word' id='word_1_538' title='bbox 3014 2768 3270 2823; x_wconf 82' lang='lat' dir='ltr'><strong>omnibus</strong></span> <span class='ocrx_word' id='word_1_539' title='bbox 3321 2766 3486 2825; x_wconf 84' lang='lat' dir='ltr'><strong>faciet</strong></span> <span class='ocrx_word' id='word_1_540' title='bbox 3523 2769 3711 2823; x_wconf 84' lang='lat' dir='ltr'><strong>volun-</strong></span> 
     </span>
    </p>
   </div>
   <div class='ocr_carea' id='block_1_72' title="bbox 2128 2853 3717 2931">
    <p class='ocr_par' dir='ltr' id='par_1_72' title="bbox 2128 2853 3717 2931">
     <span class='ocr_line' id='line_1_72' title="bbox 2128 2853 3717 2931; baseline 0 -19"><span class='ocrx_word' id='word_1_541' title='bbox 2128 2853 2295 2914; x_wconf 82' lang='lat' dir='ltr'><strong>tatem</strong></span> <span class='ocrx_word' id='word_1_542' title='bbox 2338 2859 2453 2916; x_wconf 90' lang='lat' dir='ltr'><strong>Dei.</strong></span> <span class='ocrx_word' id='word_1_543' title='bbox 2494 2859 2587 2917; x_wconf 86' lang='lat' dir='ltr'><strong>Sic</strong></span> <span class='ocrx_word' id='word_1_544' title='bbox 2626 2869 2780 2929; x_wconf 88' lang='lat' dir='ltr'><strong>pater</strong></span> <span class='ocrx_word' id='word_1_545' title='bbox 2812 2870 2998 2917; x_wconf 89' lang='lat' dir='ltr'><strong>noster</strong></span> <span class='ocrx_word' id='word_1_546' title='bbox 3025 2863 3265 2931; x_wconf 90' lang='lat' dir='ltr'><strong>optimus</strong></span> <span class='ocrx_word' id='word_1_547' title='bbox 3296 2860 3466 2918; x_wconf 81' lang='lat' dir='ltr'><strong>Jacob</strong></span> <span class='ocrx_word' id='word_1_548' title='bbox 3496 2862 3717 2917; x_wconf 84' lang='lat' dir='ltr'><strong>benedi-</strong></span> 
     </span>
    </p>
   </div>
   <div class='ocr_carea' id='block_1_73' title="bbox 2124 2951 3715 3021">
    <p class='ocr_par' dir='ltr' id='par_1_73' title="bbox 2124 2951 3715 3021">
     <span class='ocr_line' id='line_1_73' title="bbox 2124 2951 3715 3021; baseline 0.002 -17"><span class='ocrx_word' id='word_1_549' title='bbox 2124 2959 2246 3006; x_wconf 90' lang='lat' dir='ltr'><strong>ctus</strong></span> <span class='ocrx_word' id='word_1_550' title='bbox 2287 2959 2373 3007; x_wconf 81' lang='lat' dir='ltr'><strong>est</strong></span> <span class='ocrx_word' id='word_1_551' title='bbox 2407 2965 2438 3004; x_wconf 91' lang='lat' dir='ltr'><strong>a</strong></span> <span class='ocrx_word' id='word_1_552' title='bbox 2482 2959 2635 3021; x_wconf 83' lang='lat' dir='ltr'><strong>patre</strong></span> <span class='ocrx_word' id='word_1_553' title='bbox 2680 2966 2779 3006; x_wconf 91' lang='lat' dir='ltr'><strong>suo</strong></span> <span class='ocrx_word' id='word_1_554' title='bbox 2822 2951 2972 3008; x_wconf 88' lang='lat' dir='ltr'><strong>Isaae</strong></span> <span class='ocrx_word' id='word_1_555' title='bbox 3006 2955 3075 3009; x_wconf 92' lang='lat' dir='ltr'><strong>ob</strong></span> <span class='ocrx_word' id='word_1_556' title='bbox 3115 2953 3345 3007; x_wconf 90' lang='lat' dir='ltr'><strong>nimiam</strong></span> <span class='ocrx_word' id='word_1_557' title='bbox 3397 2968 3556 3009; x_wconf 87' lang='lat' dir='ltr'><strong>suam</strong></span> <span class='ocrx_word' id='word_1_558' title='bbox 3589 2954 3715 3009; x_wconf 83' lang='lat' dir='ltr'><strong>obe-</strong></span> 
     </span>
    </p>
   </div>
   <div class='ocr_carea' id='block_1_74' title="bbox 2075 3041 3710 3113">
    <p class='ocr_par' dir='ltr' id='par_1_74' title="bbox 2075 3041 3710 3113">
     <span class='ocr_line' id='line_1_74' title="bbox 2075 3041 3710 3113; baseline 0 -17"><span class='ocrx_word' id='word_1_559' title='bbox 2075 3047 2091 3113; x_wconf 56' lang='lat'><em>“</em></span> <span class='ocrx_word' id='word_1_560' title='bbox 2127 3041 2391 3098; x_wconf 91' lang='lat' dir='ltr'><strong>dientiam</strong></span> <span class='ocrx_word' id='word_1_561' title='bbox 2423 3043 2742 3113; x_wconf 88' lang='lat' dir='ltr'><strong>parentibus</strong></span> <span class='ocrx_word' id='word_1_562' title='bbox 2769 3043 3102 3110; x_wconf 64' lang='lat' dir='ltr'><strong>praestitam;</strong></span> <span class='ocrx_word' id='word_1_563' title='bbox 3136 3052 3193 3099; x_wconf 93' lang='lat' dir='ltr'><strong>et</strong></span> <span class='ocrx_word' id='word_1_564' title='bbox 3237 3044 3633 3100; x_wconf 87' lang='lat' dir='ltr'><strong>habitaverunt</strong></span> <span class='ocrx_word' id='word_1_565' title='bbox 3660 3044 3710 3098; x_wconf 88' lang='lat' dir='ltr'><strong>in</strong></span> 
     </span>
    </p>
   </div>
   <div class='ocr_carea' id='block_1_75' title="bbox 2128 3133 3713 3206">
    <p class='ocr_par' dir='ltr' id='par_1_75' title="bbox 2128 3133 3713 3206">
     <span class='ocr_line' id='line_1_75' title="bbox 2128 3133 3713 3206; baseline -0.001 -15"><span class='ocrx_word' id='word_1_566' title='bbox 2128 3149 2194 3190; x_wconf 88' lang='lat' dir='ltr'><strong>eo</strong></span> <span class='ocrx_word' id='word_1_567' title='bbox 2238 3135 2491 3199; x_wconf 88' lang='lat' dir='ltr'><strong>virtutes,</strong></span> <span class='ocrx_word' id='word_1_568' title='bbox 2535 3133 2661 3203; x_wconf 89' lang='lat' dir='ltr'><strong>quia</strong></span> <span class='ocrx_word' id='word_1_569' title='bbox 2697 3135 2917 3205; x_wconf 91' lang='lat' dir='ltr'><strong>utrique</strong></span> <span class='ocrx_word' id='word_1_570' title='bbox 2974 3135 3287 3199; x_wconf 87' lang='lat' dir='ltr'><strong>obediebat,</strong></span> <span class='ocrx_word' id='word_1_571' title='bbox 3335 3146 3393 3192; x_wconf 88' lang='lat' dir='ltr'><strong>et</strong></span> <span class='ocrx_word' id='word_1_572' title='bbox 3436 3137 3713 3206; x_wconf 85' lang='lat' dir='ltr'><strong>utriusque</strong></span> 
     </span>
    </p>
   </div>
   <div class='ocr_carea' id='block_1_76' title="bbox 2124 3225 3710 3293">
    <p class='ocr_par' dir='ltr' id='par_1_76' title="bbox 2124 3225 3710 3293">
     <span class='ocr_line' id='line_1_76' title="bbox 2124 3225 3710 3293; baseline -0.001 -13"><span class='ocrx_word' id='word_1_573' title='bbox 2124 3225 2363 3283; x_wconf 75' lang='lat' dir='ltr'><strong>faciebat</strong></span> <span class='ocrx_word' id='word_1_574' title='bbox 2393 3226 2775 3293; x_wconf 85' lang='lat' dir='ltr'><strong>voluntatem,</strong></span> <span class='ocrx_word' id='word_1_575' title='bbox 2825 3226 2984 3282; x_wconf 89' lang='lat' dir='ltr'><strong>sicuti</strong></span> <span class='ocrx_word' id='word_1_576' title='bbox 3038 3236 3370 3282; x_wconf 90' lang='lat' dir='ltr'><strong>memoratur</strong></span> <span class='ocrx_word' id='word_1_577' title='bbox 3413 3229 3479 3284; x_wconf 90' lang='lat' dir='ltr'><strong>de</strong></span> <span class='ocrx_word' id='word_1_578' title='bbox 3526 3228 3617 3282; x_wconf 90' lang='lat' dir='ltr'><strong>illo</strong></span> <span class='ocrx_word' id='word_1_579' title='bbox 3662 3227 3710 3280; x_wconf 83' lang='lat' dir='ltr'><strong>in</strong></span> 
     </span>
    </p>
   </div>
   <div class='ocr_carea' id='block_1_77' title="bbox 2126 3316 3711 3387">
    <p class='ocr_par' dir='ltr' id='par_1_77' title="bbox 2126 3316 3711 3387">
     <span class='ocr_line' id='line_1_77' title="bbox 2126 3316 3711 3387; baseline 0.001 -16"><span class='ocrx_word' id='word_1_580' title='bbox 2126 3317 2260 3387; x_wconf 84' lang='lat' dir='ltr'><strong>lege.</strong></span> <span class='ocrx_word' id='word_1_581' title='bbox 2306 3316 2440 3371; x_wconf 87' lang='lat' dir='ltr'><strong>Cum</strong></span> <span class='ocrx_word' id='word_1_582' title='bbox 2475 3326 2656 3372; x_wconf 87' lang='lat' dir='ltr'><strong>autem</strong></span> <span class='ocrx_word' id='word_1_583' title='bbox 2707 3327 2884 3372; x_wconf 88' lang='lat' dir='ltr'><strong>mater</strong></span> <span class='ocrx_word' id='word_1_584' title='bbox 2926 3317 3044 3386; x_wconf 84' lang='lat' dir='ltr'><strong>ejus</strong></span> <span class='ocrx_word' id='word_1_585' title='bbox 3087 3318 3317 3375; x_wconf 78' lang='lat' dir='ltr'><strong>dixisset</strong></span> <span class='ocrx_word' id='word_1_586' title='bbox 3357 3320 3409 3375; x_wconf 90' lang='lat' dir='ltr'><strong>ei</strong></span> <span class='ocrx_word' id='word_1_587' title='bbox 3442 3330 3573 3374; x_wconf 88' lang='lat' dir='ltr'><strong>ante</strong></span> <span class='ocrx_word' id='word_1_588' title='bbox 3598 3320 3711 3374; x_wconf 79' lang='lat' dir='ltr'><strong>obi-</strong></span> 
     </span>
    </p>
   </div>
   <div class='ocr_carea' id='block_1_78' title="bbox 2126 3406 3711 3478">
    <p class='ocr_par' dir='ltr' id='par_1_78' title="bbox 2126 3406 3711 3478">
     <span class='ocr_line' id='line_1_78' title="bbox 2126 3406 3711 3478; baseline -0.001 -17"><span class='ocrx_word' id='word_1_589' title='bbox 2126 3417 2238 3463; x_wconf 89' lang='lat' dir='ltr'><strong>tum</strong></span> <span class='ocrx_word' id='word_1_590' title='bbox 2266 3406 2438 3478; x_wconf 90' lang='lat' dir='ltr'><strong>patris</strong></span> <span class='ocrx_word' id='word_1_591' title='bbox 2473 3407 2647 3473; x_wconf 93' lang='lat' dir='ltr'><strong>illius,</strong></span> <span class='ocrx_word' id='word_1_592' title='bbox 2678 3416 2734 3463; x_wconf 89' lang='lat' dir='ltr'><strong>et</strong></span> <span class='ocrx_word' id='word_1_593' title='bbox 2767 3422 2891 3463; x_wconf 86' lang='lat' dir='ltr'><strong>cum</strong></span> <span class='ocrx_word' id='word_1_594' title='bbox 2927 3408 3233 3478; x_wconf 89' lang='lat' dir='ltr'><strong>accepisset</strong></span> <span class='ocrx_word' id='word_1_595' title='bbox 3273 3411 3341 3464; x_wconf 91' lang='lat' dir='ltr'><strong>ab</strong></span> <span class='ocrx_word' id='word_1_596' title='bbox 3371 3411 3462 3464; x_wconf 93' lang='lat' dir='ltr'><strong>illo</strong></span> <span class='ocrx_word' id='word_1_597' title='bbox 3495 3410 3711 3464; x_wconf 87' lang='lat' dir='ltr'><strong>benedi-</strong></span> 
     </span>
    </p>
   </div>
   <div class='ocr_carea' id='block_1_79' title="bbox 2125 3496 3705 3571">
    <p class='ocr_par' dir='ltr' id='par_1_79' title="bbox 2125 3496 3705 3571">
     <span class='ocr_line' id='line_1_79' title="bbox 2125 3496 3705 3571; baseline 0.001 -18"><span class='ocrx_word' id='word_1_598' title='bbox 2125 3497 2386 3562; x_wconf 72' lang='lat' dir='ltr'><strong>ctieuem,</strong></span> <span class='ocrx_word' id='word_1_599' title='bbox 2438 3503 2496 3551; x_wconf 92' lang='lat' dir='ltr'><strong>ut</strong></span> <span class='ocrx_word' id='word_1_600' title='bbox 2530 3498 2634 3553; x_wconf 87' lang='lat' dir='ltr'><strong>iret</strong></span> <span class='ocrx_word' id='word_1_601' title='bbox 2680 3498 2733 3553; x_wconf 90' lang='lat' dir='ltr'><strong>iu</strong></span> <span class='ocrx_word' id='word_1_602' title='bbox 2781 3496 3225 3569; x_wconf 82' lang='lat' dir='ltr'><strong>Mesopotamiam</strong></span> <span class='ocrx_word' id='word_1_603' title='bbox 3258 3504 3530 3571; x_wconf 57' lang='lat' dir='ltr'><strong>:essetque</strong></span> <span class='ocrx_word' id='word_1_604' title='bbox 3574 3500 3705 3571; x_wconf 83' lang='lat' dir='ltr'><strong>apud</strong></span> 
     </span>
    </p>
   </div>
   <div class='ocr_carea' id='block_1_80' title="bbox 2126 3587 3711 3676">
    <p class='ocr_par' dir='ltr' id='par_1_80' title="bbox 2126 3587 3711 3676">
     <span class='ocr_line' id='line_1_80' title="bbox 2126 3587 3711 3676; baseline 0.004 -35"><span class='ocrx_word' id='word_1_605' title='bbox 2126 3588 2422 3657; x_wconf 88' lang='lat' dir='ltr'><strong>patruelem</strong></span> <span class='ocrx_word' id='word_1_606' title='bbox 2458 3603 2616 3676; x_wconf 66' lang='lat' dir='ltr'><strong>suum</strong></span> <span class='ocrx_word' id='word_1_607' title='bbox 2664 3587 2847 3644; x_wconf 90' lang='lat' dir='ltr'><strong>Laban</strong></span> <span class='ocrx_word' id='word_1_608' title='bbox 2883 3590 3031 3660; x_wconf 86' lang='lat' dir='ltr'><strong>(quia</strong></span> <span class='ocrx_word' id='word_1_609' title='bbox 3080 3590 3252 3646; x_wconf 82' lang='lat' dir='ltr'><strong>frater</strong></span> <span class='ocrx_word' id='word_1_610' title='bbox 3293 3592 3415 3663; x_wconf 84' lang='lat' dir='ltr'><strong>ejus</strong></span> <span class='ocrx_word' id='word_1_611' title='bbox 3450 3593 3596 3648; x_wconf 83' lang='lat' dir='ltr'><strong>Esau</strong></span> <span class='ocrx_word' id='word_1_612' title='bbox 3628 3609 3711 3647; x_wconf 87' lang='lat' dir='ltr'><strong>vo-</strong></span> 
     </span>
    </p>
   </div>
   <div class='ocr_carea' id='block_1_81' title="bbox 2127 3679 3707 3760">
    <p class='ocr_par' dir='ltr' id='par_1_81' title="bbox 2127 3679 3707 3760">
     <span class='ocr_line' id='line_1_81' title="bbox 2127 3679 3707 3760; baseline 0.006 -27"><span class='ocrx_word' id='word_1_613' title='bbox 2127 3679 2273 3736; x_wconf 82' lang='lat' dir='ltr'><strong>lebat</strong></span> <span class='ocrx_word' id='word_1_614' title='bbox 2305 3695 2429 3735; x_wconf 90' lang='lat' dir='ltr'><strong>eum</strong></span> <span class='ocrx_word' id='word_1_615' title='bbox 2474 3680 2809 3753; x_wconf 79' lang='lat' dir='ltr'><strong>interficere)</strong></span> <span class='ocrx_word' id='word_1_616' title='bbox 2839 3699 3151 3754; x_wconf 87' lang='lat' dir='ltr'><strong>quanquam</strong></span> <span class='ocrx_word' id='word_1_617' title='bbox 3188 3686 3303 3757; x_wconf 92' lang='lat' dir='ltr'><strong>ipse</strong></span> <span class='ocrx_word' id='word_1_618' title='bbox 3332 3686 3459 3743; x_wconf 92' lang='lat' dir='ltr'><strong>illuc</strong></span> <span class='ocrx_word' id='word_1_619' title='bbox 3488 3702 3707 3760; x_wconf 87' lang='lat' dir='ltr'><strong>pergere</strong></span> 
     </span>
    </p>
   </div>
   <div class='ocr_carea' id='block_1_82' title="bbox 2127 3772 3711 3847">
    <p class='ocr_par' dir='ltr' id='par_1_82' title="bbox 2127 3772 3711 3847">
     <span class='ocr_line' id='line_1_82' title="bbox 2127 3772 3711 3847; baseline 0.005 -21"><span class='ocrx_word' id='word_1_620' title='bbox 2127 3787 2236 3827; x_wconf 91' lang='lat' dir='ltr'><strong>non</strong></span> <span class='ocrx_word' id='word_1_621' title='bbox 2271 3783 2485 3841; x_wconf 92' lang='lat' dir='ltr'><strong>optaret</strong></span> <span class='ocrx_word' id='word_1_622' title='bbox 2528 3772 2886 3844; x_wconf 89' lang='lat' dir='ltr'><strong>relinquendo</strong></span> <span class='ocrx_word' id='word_1_623' title='bbox 2930 3788 3184 3847; x_wconf 88' lang='lat' dir='ltr'><strong>parentes</strong></span> <span class='ocrx_word' id='word_1_624' title='bbox 3218 3794 3366 3844; x_wconf 84' lang='lat' dir='ltr'><strong>suos.</strong></span> <span class='ocrx_word' id='word_1_625' title='bbox 3412 3780 3540 3836; x_wconf 92' lang='lat' dir='ltr'><strong>illos</strong></span> <span class='ocrx_word' id='word_1_626' title='bbox 3578 3782 3711 3836; x_wconf 89' lang='lat' dir='ltr'><strong>enim</strong></span> 
     </span>
    </p>
   </div>
   <div class='ocr_carea' id='block_1_83' title="bbox 2127 3864 3710 3937">
    <p class='ocr_par' dir='ltr' id='par_1_83' title="bbox 2127 3864 3710 3937">
     <span class='ocr_line' id='line_1_83' title="bbox 2127 3864 3710 3937; baseline 0.004 -18"><span class='ocrx_word' id='word_1_627' title='bbox 2127 3864 2414 3935; x_wconf 78' lang='lat' dir='ltr'><strong>diligebat,</strong></span> <span class='ocrx_word' id='word_1_628' title='bbox 2455 3866 2667 3937; x_wconf 87' lang='lat' dir='ltr'><strong>ipsique</strong></span> <span class='ocrx_word' id='word_1_629' title='bbox 2716 3867 2899 3936; x_wconf 90' lang='lat' dir='ltr'><strong>illum;</strong></span> <span class='ocrx_word' id='word_1_630' title='bbox 2961 3870 3314 3928; x_wconf 81' lang='lat' dir='ltr'><strong>nihilominus</strong></span> <span class='ocrx_word' id='word_1_631' title='bbox 3354 3872 3623 3937; x_wconf 83' lang='lat' dir='ltr'><strong>obedivit,</strong></span> <span class='ocrx_word' id='word_1_632' title='bbox 3663 3884 3710 3926; x_wconf 86' lang='lat' dir='ltr'><strong>et</strong></span> 
     </span>
    </p>
   </div>
   <div class='ocr_carea' id='block_1_84' title="bbox 2126 3958 3714 4036">
    <p class='ocr_par' dir='ltr' id='par_1_84' title="bbox 2126 3958 3714 4036">
     <span class='ocr_line' id='line_1_84' title="bbox 2126 3958 3714 4036; baseline 0.002 -22"><span class='ocrx_word' id='word_1_633' title='bbox 2126 3958 2543 4029; x_wconf 86' lang='lat' dir='ltr'><strong>obtemperavit,</strong></span> <span class='ocrx_word' id='word_1_634' title='bbox 2591 3968 2648 4015; x_wconf 89' lang='lat' dir='ltr'><strong>et</strong></span> <span class='ocrx_word' id='word_1_635' title='bbox 2680 3961 2922 4027; x_wconf 77' lang='lat' dir='ltr'><strong>perrexit</strong></span> <span class='ocrx_word' id='word_1_636' title='bbox 2958 3962 3028 4017; x_wconf 89' lang='lat' dir='ltr'><strong>ad</strong></span> <span class='ocrx_word' id='word_1_637' title='bbox 3086 3963 3263 4019; x_wconf 91' lang='lat' dir='ltr'><strong>locum</strong></span> <span class='ocrx_word' id='word_1_638' title='bbox 3313 3964 3465 4019; x_wconf 89' lang='lat' dir='ltr'><strong>illum</strong></span> <span class='ocrx_word' id='word_1_639' title='bbox 3511 3965 3714 4036; x_wconf 75' lang='lat' dir='ltr'><strong>longin-</strong></span> 
     </span>
    </p>
   </div>
   <div class='ocr_carea' id='block_1_85' title="bbox 2127 4055 3709 4127">
    <p class='ocr_par' dir='ltr' id='par_1_85' title="bbox 2127 4055 3709 4127">
     <span class='ocr_line' id='line_1_85' title="bbox 2127 4055 3709 4127; baseline 0.004 -23"><span class='ocrx_word' id='word_1_640' title='bbox 2127 4068 2317 4122; x_wconf 91' lang='lat' dir='ltr'><strong>quum.</strong></span> <span class='ocrx_word' id='word_1_641' title='bbox 2351 4064 2405 4110; x_wconf 91' lang='lat' dir='ltr'><strong>et</strong></span> <span class='ocrx_word' id='word_1_642' title='bbox 2432 4055 2499 4109; x_wconf 88' lang='lat' dir='ltr'><strong>ad</strong></span> <span class='ocrx_word' id='word_1_643' title='bbox 2532 4064 2731 4111; x_wconf 86' lang='lat' dir='ltr'><strong>terram</strong></span> <span class='ocrx_word' id='word_1_644' title='bbox 2764 4072 2927 4127; x_wconf 88' lang='lat' dir='ltr'><strong>quam</strong></span> <span class='ocrx_word' id='word_1_645' title='bbox 2959 4058 3262 4127; x_wconf 81' lang='lat' dir='ltr'><strong>ignorabat,</strong></span> <span class='ocrx_word' id='word_1_646' title='bbox 3297 4070 3482 4114; x_wconf 87' lang='lat' dir='ltr'><strong>etnon</strong></span> <span class='ocrx_word' id='word_1_647' title='bbox 3506 4060 3709 4115; x_wconf 79' lang='lat' dir='ltr'><strong>obstitit</strong></span> 
     </span>
    </p>
   </div>
   <div class='ocr_carea' id='block_1_86' title="bbox 2128 4136 3706 4209">
    <p class='ocr_par' dir='ltr' id='par_1_86' title="bbox 2128 4136 3706 4209">
     <span class='ocr_line' id='line_1_86' title="bbox 2128 4136 3706 4209; baseline 0.003 -20"><span class='ocrx_word' id='word_1_648' title='bbox 2128 4136 2397 4193; x_wconf 89' lang='lat' dir='ltr'><strong>voluntati</strong></span> <span class='ocrx_word' id='word_1_649' title='bbox 2428 4141 2620 4195; x_wconf 90' lang='lat' dir='ltr'><strong>matris</strong></span> <span class='ocrx_word' id='word_1_650' title='bbox 2650 4156 2785 4209; x_wconf 67' lang='lat' dir='ltr'><strong>sum,</strong></span> <span class='ocrx_word' id='word_1_651' title='bbox 2825 4144 2921 4199; x_wconf 87' lang='lat' dir='ltr'><strong>sed</strong></span> <span class='ocrx_word' id='word_1_652' title='bbox 2964 4144 3170 4199; x_wconf 90' lang='lat' dir='ltr'><strong>dimisit</strong></span> <span class='ocrx_word' id='word_1_653' title='bbox 3200 4144 3534 4200; x_wconf 87' lang='lat' dir='ltr'><strong>desiderium</strong></span> <span class='ocrx_word' id='word_1_654' title='bbox 3562 4158 3706 4199; x_wconf 88' lang='lat' dir='ltr'><strong>suum</strong></span> 
     </span>
    </p>
   </div>
   <div class='ocr_carea' id='block_1_87' title="bbox 2128 4230 3711 4305">
    <p class='ocr_par' dir='ltr' id='par_1_87' title="bbox 2128 4230 3711 4305">
     <span class='ocr_line' id='line_1_87' title="bbox 2128 4230 3711 4305; baseline 0.003 -22"><span class='ocrx_word' id='word_1_655' title='bbox 2128 4240 2182 4283; x_wconf 91' lang='lat' dir='ltr'><strong>et</strong></span> <span class='ocrx_word' id='word_1_656' title='bbox 2208 4230 2566 4297; x_wconf 89' lang='lat' dir='ltr'><strong>voluntatem,</strong></span> <span class='ocrx_word' id='word_1_657' title='bbox 2596 4242 2657 4288; x_wconf 92' lang='lat' dir='ltr'><strong>ut</strong></span> <span class='ocrx_word' id='word_1_658' title='bbox 2695 4249 2854 4305; x_wconf 66' lang='lat' dir='ltr'><strong>wquo</strong></span> <span class='ocrx_word' id='word_1_659' title='bbox 2882 4250 3001 4291; x_wconf 86' lang='lat' dir='ltr'><strong>eam</strong></span> <span class='ocrx_word' id='word_1_660' title='bbox 3037 4234 3203 4291; x_wconf 88' lang='lat' dir='ltr'><strong>faciat</strong></span> <span class='ocrx_word' id='word_1_661' title='bbox 3233 4236 3438 4301; x_wconf 88' lang='lat' dir='ltr'><strong>animo,</strong></span> <span class='ocrx_word' id='word_1_662' title='bbox 3473 4246 3535 4292; x_wconf 88' lang='lat' dir='ltr'><strong>et</strong></span> <span class='ocrx_word' id='word_1_663' title='bbox 3568 4251 3711 4291; x_wconf 80' lang='lat' dir='ltr'><strong>cona-</strong></span> 
     </span>
    </p>
   </div>
   <div class='ocr_carea' id='block_1_88' title="bbox 2133 4324 3709 4396">
    <p class='ocr_par' dir='ltr' id='par_1_88' title="bbox 2133 4324 3709 4396">
     <span class='ocr_line' id='line_1_88' title="bbox 2133 4324 3709 4396; baseline 0.001 -21"><span class='ocrx_word' id='word_1_664' title='bbox 2133 4329 2217 4376; x_wconf 88' lang='lat' dir='ltr'><strong>tus</strong></span> <span class='ocrx_word' id='word_1_665' title='bbox 2254 4332 2341 4377; x_wconf 89' lang='lat' dir='ltr'><strong>est</strong></span> <span class='ocrx_word' id='word_1_666' title='bbox 2388 4331 2499 4378; x_wconf 93' lang='lat' dir='ltr'><strong>toto</strong></span> <span class='ocrx_word' id='word_1_667' title='bbox 2529 4324 2635 4379; x_wconf 90' lang='lat' dir='ltr'><strong>hoc</strong></span> <span class='ocrx_word' id='word_1_668' title='bbox 2675 4338 2896 4393; x_wconf 90' lang='lat' dir='ltr'><strong>conatu,</strong></span> <span class='ocrx_word' id='word_1_669' title='bbox 2947 4336 3006 4381; x_wconf 94' lang='lat' dir='ltr'><strong>ut</strong></span> <span class='ocrx_word' id='word_1_670' title='bbox 3039 4337 3518 4383; x_wconf 88' lang='lat' dir='ltr'><strong>consummaretur</strong></span> <span class='ocrx_word' id='word_1_671' title='bbox 3562 4342 3709 4396; x_wconf 84' lang='lat' dir='ltr'><strong>super</strong></span> 
     </span>
    </p>
   </div>
   <div class='ocr_carea' id='block_1_89' title="bbox 424 4415 3701 4500">
    <p class='ocr_par' dir='ltr' id='par_1_89' title="bbox 424 4415 3701 4500">
     <span class='ocr_line' id='line_1_89' title="bbox 424 4415 3701 4500; baseline -0.002 -26"><span class='ocrx_word' id='word_1_672' title='bbox 424 4426 483 4474; x_wconf 87' lang='lat' dir='ltr'><strong>et</strong></span> <span class='ocrx_word' id='word_1_673' title='bbox 518 4418 869 4488; x_wconf 78' lang='lat' dir='ltr'><strong>semetipsum</strong></span> <span class='ocrx_word' id='word_1_674' title='bbox 926 4417 1205 4489; x_wconf 77' lang='lat' dir='ltr'><strong>compellit</strong></span> <span class='ocrx_word' id='word_1_675' title='bbox 1253 4427 1420 4489; x_wconf 86' lang='lat' dir='ltr'><strong>atque</strong></span> <span class='ocrx_word' id='word_1_676' title='bbox 1469 4417 1614 4491; x_wconf 88' lang='lat' dir='ltr'><strong>c0git</strong></span> <span class='ocrx_word' id='word_1_677' title='bbox 1646 4417 1712 4472; x_wconf 89' lang='lat' dir='ltr'><strong>ad</strong></span> <span class='ocrx_word' id='word_1_678' title='bbox 1749 4417 2024 4473; x_wconf 75' lang='lat' dir='ltr'><strong>sustinen-</strong></span> <span class='ocrx_word' id='word_1_679' title='bbox 2057 4446 2098 4500; x_wconf 73' lang='grc' dir='ltr'>ο</span> <span class='ocrx_word' id='word_1_680' title='bbox 2130 4415 2277 4469; x_wconf 90' lang='lat' dir='ltr'><strong>illum</strong></span> <span class='ocrx_word' id='word_1_681' title='bbox 2306 4415 2616 4472; x_wconf 88' lang='lat' dir='ltr'><strong>benedietio</strong></span> <span class='ocrx_word' id='word_1_682' title='bbox 2646 4429 2934 4487; x_wconf 84' lang='lat' dir='ltr'><strong>parentum</strong></span> <span class='ocrx_word' id='word_1_683' title='bbox 2964 4435 3213 4475; x_wconf 91' lang='lat' dir='ltr'><strong>suorum.</strong></span> <span class='ocrx_word' id='word_1_684' title='bbox 3245 4419 3526 4489; x_wconf 88' lang='lat' dir='ltr'><strong>Scriptum</strong></span> <span class='ocrx_word' id='word_1_685' title='bbox 3569 4419 3701 4473; x_wconf 86' lang='lat' dir='ltr'><strong>enim</strong></span> 
     </span>
    </p>
   </div>
   <div class='ocr_carea' id='block_1_90' title="bbox 426 4512 2017 4583">
    <p class='ocr_par' dir='ltr' id='par_1_90' title="bbox 426 4512 2017 4583">
     <span class='ocr_line' id='line_1_90' title="bbox 426 4512 2017 4583; baseline -0.001 -15"><span class='ocrx_word' id='word_1_686' title='bbox 426 4513 555 4568; x_wconf 88' lang='lat' dir='ltr'><strong>dum</strong></span> <span class='ocrx_word' id='word_1_687' title='bbox 589 4513 748 4568; x_wconf 88' lang='lat' dir='ltr'><strong>bonis</strong></span> <span class='ocrx_word' id='word_1_688' title='bbox 786 4512 841 4568; x_wconf 93' lang='lat' dir='ltr'><strong>in</strong></span> <span class='ocrx_word' id='word_1_689' title='bbox 875 4513 1157 4583; x_wconf 78' lang='lat' dir='ltr'><strong>operibus,</strong></span> <span class='ocrx_word' id='word_1_690' title='bbox 1191 4522 1247 4568; x_wconf 92' lang='lat' dir='ltr'><strong>et</strong></span> <span class='ocrx_word' id='word_1_691' title='bbox 1283 4512 1709 4569; x_wconf 88' lang='lat' dir='ltr'><strong>abscindendam</strong></span> <span class='ocrx_word' id='word_1_692' title='bbox 1743 4512 2017 4583; x_wconf 90' lang='lat' dir='ltr'><strong>propriam</strong></span> 
     </span>
    </p>
   </div>
   <div class='ocr_carea' id='block_1_91' title="bbox 429 4601 2016 4673">
    <p class='ocr_par' dir='ltr' id='par_1_91' title="bbox 429 4601 2016 4673">
     <span class='ocr_line' id='line_1_91' title="bbox 429 4601 2016 4673; baseline 0 -16"><span class='ocrx_word' id='word_1_693' title='bbox 429 4604 782 4670; x_wconf 82' lang='lat' dir='ltr'><strong>voluntatem,</strong></span> <span class='ocrx_word' id='word_1_694' title='bbox 826 4612 882 4658; x_wconf 92' lang='lat' dir='ltr'><strong>et</strong></span> <span class='ocrx_word' id='word_1_695' title='bbox 924 4602 1258 4659; x_wconf 88' lang='lat' dir='ltr'><strong>voluntatem</strong></span> <span class='ocrx_word' id='word_1_696' title='bbox 1298 4602 1514 4658; x_wconf 89' lang='lat' dir='ltr'><strong>Domini</strong></span> <span class='ocrx_word' id='word_1_697' title='bbox 1560 4601 2016 4673; x_wconf 89' lang='lat' dir='ltr'><strong>amplectendam.</strong></span> 
     </span>
    </p>
   </div>
   <div class='ocr_carea' id='block_1_92' title="bbox 426 4694 2020 4769">
    <p class='ocr_par' dir='ltr' id='par_1_92' title="bbox 426 4694 2020 4769">
     <span class='ocr_line' id='line_1_92' title="bbox 426 4694 2020 4769; baseline -0.005 -14"><span class='ocrx_word' id='word_1_698' title='bbox 426 4698 491 4755; x_wconf 91' lang='lat' dir='ltr'><strong>Et</strong></span> <span class='ocrx_word' id='word_1_699' title='bbox 529 4700 656 4769; x_wconf 88' lang='lat' dir='ltr'><strong>quia</strong></span> <span class='ocrx_word' id='word_1_700' title='bbox 694 4698 906 4757; x_wconf 90' lang='lat' dir='ltr'><strong>locutus</strong></span> <span class='ocrx_word' id='word_1_701' title='bbox 946 4712 1066 4752; x_wconf 90' lang='lat' dir='ltr'><strong>sum</strong></span> <span class='ocrx_word' id='word_1_702' title='bbox 1110 4696 1177 4753; x_wconf 93' lang='lat' dir='ltr'><strong>de</strong></span> <span class='ocrx_word' id='word_1_703' title='bbox 1209 4696 1493 4753; x_wconf 89' lang='lat' dir='ltr'><strong>voluntate</strong></span> <span class='ocrx_word' id='word_1_704' title='bbox 1521 4695 1614 4750; x_wconf 91' lang='lat' dir='ltr'><strong>Dei</strong></span> <span class='ocrx_word' id='word_1_705' title='bbox 1647 4706 1704 4751; x_wconf 90' lang='lat' dir='ltr'><strong>et</strong></span> <span class='ocrx_word' id='word_1_706' title='bbox 1734 4696 1799 4751; x_wconf 92' lang='lat' dir='ltr'><strong>de</strong></span> <span class='ocrx_word' id='word_1_707' title='bbox 1827 4694 2020 4749; x_wconf 87' lang='lat' dir='ltr'><strong>volun-</strong></span> 
     </span>
    </p>
   </div>
   <div class='ocr_carea' id='block_1_93' title="bbox 429 4786 2014 4861">
    <p class='ocr_par' dir='ltr' id='par_1_93' title="bbox 429 4786 2014 4861">
     <span class='ocr_line' id='line_1_93' title="bbox 429 4786 2014 4861; baseline -0.002 -16"><span class='ocrx_word' id='word_1_708' title='bbox 429 4802 541 4848; x_wconf 88' lang='lat' dir='ltr'><strong>tate</strong></span> <span class='ocrx_word' id='word_1_709' title='bbox 597 4792 902 4858; x_wconf 88' lang='lat' dir='ltr'><strong>hominum,</strong></span> <span class='ocrx_word' id='word_1_710' title='bbox 961 4793 1205 4861; x_wconf 70' lang='lat' dir='ltr'><strong>quanlam</strong></span> <span class='ocrx_word' id='word_1_711' title='bbox 1254 4789 1361 4843; x_wconf 87' lang='lat' dir='ltr'><strong>alia</strong></span> <span class='ocrx_word' id='word_1_712' title='bbox 1406 4788 1562 4843; x_wconf 89' lang='lat' dir='ltr'><strong>vobis</strong></span> <span class='ocrx_word' id='word_1_713' title='bbox 1601 4798 1725 4845; x_wconf 90' lang='lat' dir='ltr'><strong>nota</strong></span> <span class='ocrx_word' id='word_1_714' title='bbox 1772 4786 2014 4842; x_wconf 90' lang='lat' dir='ltr'><strong>faciam:</strong></span> 
     </span>
    </p>
   </div>
   <div class='ocr_carea' id='block_1_94' title="bbox 428 4880 2019 4953">
    <p class='ocr_par' dir='ltr' id='par_1_94' title="bbox 428 4880 2019 4953">
     <span class='ocr_line' id='line_1_94' title="bbox 428 4880 2019 4953; baseline -0.001 -15"><span class='ocrx_word' id='word_1_715' title='bbox 428 4883 570 4953; x_wconf 89' lang='lat' dir='ltr'><strong>quod</strong></span> <span class='ocrx_word' id='word_1_716' title='bbox 598 4882 850 4938; x_wconf 85' lang='lat' dir='ltr'><strong>videlicet</strong></span> <span class='ocrx_word' id='word_1_717' title='bbox 895 4882 1143 4937; x_wconf 87' lang='lat' dir='ltr'><strong>voluntas</strong></span> <span class='ocrx_word' id='word_1_718' title='bbox 1174 4896 1293 4951; x_wconf 81' lang='lat' dir='ltr'><strong>quae</strong></span> <span class='ocrx_word' id='word_1_719' title='bbox 1320 4890 1579 4950; x_wconf 86' lang='lat' dir='ltr'><strong>operatur</strong></span> <span class='ocrx_word' id='word_1_720' title='bbox 1622 4880 1674 4934; x_wconf 92' lang='lat' dir='ltr'><strong>iu</strong></span> <span class='ocrx_word' id='word_1_721' title='bbox 1707 4882 1871 4937; x_wconf 85' lang='lat' dir='ltr'><strong>corde</strong></span> <span class='ocrx_word' id='word_1_722' title='bbox 1920 4882 2019 4936; x_wconf 91' lang='lat' dir='ltr'><strong>ho-</strong></span> 
     </span>
    </p>
   </div>
   <div class='ocr_carea' id='block_1_95' title="bbox 428 4971 2019 5045">
    <p class='ocr_par' dir='ltr' id='par_1_95' title="bbox 428 4971 2019 5045">
     <span class='ocr_line' id='line_1_95' title="bbox 428 4971 2019 5045; baseline -0.002 -16"><span class='ocrx_word' id='word_1_723' title='bbox 428 4973 615 5041; x_wconf 89' lang='lat' dir='ltr'><strong>minis,</strong></span> <span class='ocrx_word' id='word_1_724' title='bbox 649 4973 719 5027; x_wconf 87' lang='lat' dir='ltr'><strong>sit</strong></span> <span class='ocrx_word' id='word_1_725' title='bbox 768 4972 1001 5043; x_wconf 87' lang='lat' dir='ltr'><strong>triplicis</strong></span> <span class='ocrx_word' id='word_1_726' title='bbox 1052 4973 1195 5028; x_wconf 88' lang='lat' dir='ltr'><strong>modi</strong></span> <span class='ocrx_word' id='word_1_727' title='bbox 1233 4990 1246 5027; x_wconf 92' lang='lat'><strong>:</strong></span> <span class='ocrx_word' id='word_1_728' title='bbox 1288 4972 1434 5045; x_wconf 90' lang='lat' dir='ltr'><strong>quod</strong></span> <span class='ocrx_word' id='word_1_729' title='bbox 1493 4971 1648 5027; x_wconf 90' lang='lat' dir='ltr'><strong>multi</strong></span> <span class='ocrx_word' id='word_1_730' title='bbox 1682 4971 1901 5041; x_wconf 86' lang='lat' dir='ltr'><strong>quidem</strong></span> <span class='ocrx_word' id='word_1_731' title='bbox 1952 4986 2019 5027; x_wconf 82' lang='lat' dir='ltr'><strong>ex</strong></span> 
     </span>
    </p>
   </div>
   <div class='ocr_carea' id='block_1_96' title="bbox 430 5063 2015 5136">
    <p class='ocr_par' dir='ltr' id='par_1_96' title="bbox 430 5063 2015 5136">
     <span class='ocr_line' id='line_1_96' title="bbox 430 5063 2015 5136; baseline -0.001 -16"><span class='ocrx_word' id='word_1_732' title='bbox 430 5066 713 5121; x_wconf 85' lang='lat' dir='ltr'><strong>monachis</strong></span> <span class='ocrx_word' id='word_1_733' title='bbox 737 5075 794 5121; x_wconf 91' lang='lat' dir='ltr'><strong>et</strong></span> <span class='ocrx_word' id='word_1_734' title='bbox 827 5065 1131 5136; x_wconf 86' lang='lat' dir='ltr'><strong>virginibus</strong></span> <span class='ocrx_word' id='word_1_735' title='bbox 1162 5064 1387 5123; x_wconf 90' lang='lat' dir='ltr'><strong>minime</strong></span> <span class='ocrx_word' id='word_1_736' title='bbox 1422 5064 1785 5134; x_wconf 87' lang='lat' dir='ltr'><strong>perpendunt,</strong></span> <span class='ocrx_word' id='word_1_737' title='bbox 1824 5063 2015 5133; x_wconf 88' lang='lat' dir='ltr'><strong>paucis</strong></span> 
     </span>
    </p>
   </div>
   <div class='ocr_carea' id='block_1_97' title="bbox 428 5156 2019 5229">
    <p class='ocr_par' dir='ltr' id='par_1_97' title="bbox 428 5156 2019 5229">
     <span class='ocr_line' id='line_1_97' title="bbox 428 5156 2019 5229; baseline -0.001 -17"><span class='ocrx_word' id='word_1_738' title='bbox 428 5158 672 5228; x_wconf 79' lang='lat' dir='ltr'><strong>exceptis</strong></span> <span class='ocrx_word' id='word_1_739' title='bbox 697 5158 788 5229; x_wconf 92' lang='lat' dir='ltr'><strong>qui</strong></span> <span class='ocrx_word' id='word_1_740' title='bbox 818 5158 931 5227; x_wconf 86' lang='lat' dir='ltr'><strong>jam</strong></span> <span class='ocrx_word' id='word_1_741' title='bbox 980 5157 1373 5213; x_wconf 87' lang='lat' dir='ltr'><strong>laboraverunt</strong></span> <span class='ocrx_word' id='word_1_742' title='bbox 1421 5157 1474 5212; x_wconf 93' lang='lat' dir='ltr'><strong>in</strong></span> <span class='ocrx_word' id='word_1_743' title='bbox 1517 5157 1730 5227; x_wconf 86' lang='lat' dir='ltr'><strong>magnis</strong></span> <span class='ocrx_word' id='word_1_744' title='bbox 1759 5156 2019 5211; x_wconf 87' lang='lat' dir='ltr'><strong>certami-</strong></span> 
     </span>
    </p>
   </div>
   <div class='ocr_carea' id='block_1_98' title="bbox 432 5248 2017 5314">
    <p class='ocr_par' dir='ltr' id='par_1_98' title="bbox 432 5248 2017 5314">
     <span class='ocr_line' id='line_1_98' title="bbox 432 5248 2017 5314; baseline -0.001 -9"><span class='ocrx_word' id='word_1_745' title='bbox 432 5253 612 5314; x_wconf 86' lang='lat' dir='ltr'><strong>nibus,</strong></span> <span class='ocrx_word' id='word_1_746' title='bbox 669 5261 726 5307; x_wconf 90' lang='lat' dir='ltr'><strong>et</strong></span> <span class='ocrx_word' id='word_1_747' title='bbox 773 5251 1139 5308; x_wconf 88' lang='lat' dir='ltr'><strong>consummati</strong></span> <span class='ocrx_word' id='word_1_748' title='bbox 1193 5260 1323 5307; x_wconf 89' lang='lat' dir='ltr'><strong>sunt</strong></span> <span class='ocrx_word' id='word_1_749' title='bbox 1376 5251 1431 5305; x_wconf 91' lang='lat' dir='ltr'><strong>in</strong></span> <span class='ocrx_word' id='word_1_750' title='bbox 1483 5249 1863 5305; x_wconf 88' lang='lat' dir='ltr'><strong>discretione:</strong></span> <span class='ocrx_word' id='word_1_751' title='bbox 1926 5248 2017 5304; x_wconf 79' lang='lat' dir='ltr'><strong>i5ti</strong></span> 
     </span>
    </p>
   </div>
   <div class='ocr_carea' id='block_1_99' title="bbox 430 5340 2017 5414">
    <p class='ocr_par' dir='ltr' id='par_1_99' title="bbox 430 5340 2017 5414">
     <span class='ocr_line' id='line_1_99' title="bbox 430 5340 2017 5414; baseline 0 -19"><span class='ocrx_word' id='word_1_752' title='bbox 430 5341 691 5397; x_wconf 75' lang='lat' dir='ltr'><strong>duntaxat</strong></span> <span class='ocrx_word' id='word_1_753' title='bbox 718 5343 821 5400; x_wconf 88' lang='lat' dir='ltr'><strong>hoc</strong></span> <span class='ocrx_word' id='word_1_754' title='bbox 850 5342 1127 5414; x_wconf 88' lang='lat' dir='ltr'><strong>pensitant</strong></span> <span class='ocrx_word' id='word_1_755' title='bbox 1162 5362 1174 5398; x_wconf 88' lang='lat'>:</span> <span class='ocrx_word' id='word_1_756' title='bbox 1218 5344 1483 5414; x_wconf 90' lang='lat' dir='ltr'><strong>scriptum</strong></span> <span class='ocrx_word' id='word_1_757' title='bbox 1522 5341 1669 5399; x_wconf 89' lang='lat' dir='ltr'><strong>enim</strong></span> <span class='ocrx_word' id='word_1_758' title='bbox 1714 5354 1820 5407; x_wconf 87' lang='lat' dir='ltr'><strong>est,</strong></span> <span class='ocrx_word' id='word_1_759' title='bbox 1873 5340 2017 5411; x_wconf 88' lang='lat' dir='ltr'><strong>quod</strong></span> 
     </span>
    </p>
   </div>
   <div class='ocr_carea' id='block_1_100' title="bbox 430 5432 2018 5492">
    <p class='ocr_par' dir='ltr' id='par_1_100' title="bbox 430 5432 2018 5492">
     <span class='ocr_line' id='line_1_100' title="bbox 430 5432 2018 5492; baseline -0.003 -2"><span class='ocrx_word' id='word_1_760' title='bbox 430 5447 555 5490; x_wconf 83' lang='lat' dir='ltr'><strong>esca</strong></span> <span class='ocrx_word' id='word_1_761' title='bbox 597 5432 752 5489; x_wconf 88' lang='lat' dir='ltr'><strong>fortis</strong></span> <span class='ocrx_word' id='word_1_762' title='bbox 778 5435 852 5490; x_wconf 88' lang='lat' dir='ltr'><strong>sit</strong></span> <span class='ocrx_word' id='word_1_763' title='bbox 897 5435 1150 5492; x_wconf 89' lang='lat' dir='ltr'><strong>fortibus.</strong></span> <span class='ocrx_word' id='word_1_764' title='bbox 1187 5434 1399 5491; x_wconf 86' lang='lat' dir='ltr'><strong>Primus</strong></span> <span class='ocrx_word' id='word_1_765' title='bbox 1439 5433 1633 5492; x_wconf 83' lang='lat' dir='ltr'><strong>modus</strong></span> <span class='ocrx_word' id='word_1_766' title='bbox 1678 5442 1763 5489; x_wconf 90' lang='lat' dir='ltr'><strong>est</strong></span> <span class='ocrx_word' id='word_1_767' title='bbox 1801 5446 1870 5487; x_wconf 79' lang='lat' dir='ltr'><strong>ex</strong></span> <span class='ocrx_word' id='word_1_768' title='bbox 1902 5432 2018 5486; x_wconf 89' lang='lat' dir='ltr'><strong>dia-</strong></span> 
     </span>
    </p>
   </div>
   <div class='ocr_carea' id='block_1_101' title="bbox 429 5524 2017 5597">
    <p class='ocr_par' dir='ltr' id='par_1_101' title="bbox 429 5524 2017 5597">
     <span class='ocr_line' id='line_1_101' title="bbox 429 5524 2017 5597; baseline -0.001 -16"><span class='ocrx_word' id='word_1_769' title='bbox 429 5524 575 5595; x_wconf 91' lang='lat' dir='ltr'><strong>bolo,</strong></span> <span class='ocrx_word' id='word_1_770' title='bbox 614 5527 750 5583; x_wconf 90' lang='lat' dir='ltr'><strong>alter</strong></span> <span class='ocrx_word' id='word_1_771' title='bbox 792 5542 859 5583; x_wconf 82' lang='lat' dir='ltr'><strong>ex</strong></span> <span class='ocrx_word' id='word_1_772' title='bbox 885 5528 1123 5597; x_wconf 84' lang='lat' dir='ltr'><strong>homine,</strong></span> <span class='ocrx_word' id='word_1_773' title='bbox 1164 5528 1359 5585; x_wconf 89' lang='lat' dir='ltr'><strong>tertius</strong></span> <span class='ocrx_word' id='word_1_774' title='bbox 1404 5542 1469 5584; x_wconf 82' lang='lat' dir='ltr'><strong>ex</strong></span> <span class='ocrx_word' id='word_1_775' title='bbox 1518 5526 1649 5593; x_wconf 88' lang='lat' dir='ltr'><strong>Deo.</strong></span> <span class='ocrx_word' id='word_1_776' title='bbox 1695 5524 1756 5582; x_wconf 91' lang='lat' dir='ltr'><strong>lu</strong></span> <span class='ocrx_word' id='word_1_777' title='bbox 1806 5525 2017 5580; x_wconf 89' lang='lat' dir='ltr'><strong>duobus</strong></span> 
     </span>
    </p>
   </div>
   <div class='ocr_carea' id='block_1_102' title="bbox 498 5726 1633 5803">
    <p class='ocr_par' dir='ltr' id='par_1_102' title="bbox 498 5726 1633 5803">
     <span class='ocr_line' id='line_1_102' title="bbox 498 5726 1633 5803; baseline 0.002 -16"><span class='ocrx_word' id='word_1_778' title='bbox 498 5726 525 5763; x_wconf 75' lang='grc'>⁸</span> <span class='ocrx_word' id='word_1_779' title='bbox 552 5726 689 5788; x_wconf 84' lang='lat' dir='ltr'><strong>Gen.</strong></span> <span class='ocrx_word' id='word_1_780' title='bbox 727 5745 819 5800; x_wconf 83' lang='lat' dir='ltr'><strong>nt,</strong></span> <span class='ocrx_word' id='word_1_781' title='bbox 864 5730 897 5789; x_wconf 70' lang='grc'><strong>4</strong></span> <span class='ocrx_word' id='word_1_782' title='bbox 930 5747 1051 5803; x_wconf 85' lang='lat' dir='ltr'><strong>sqq.</strong></span> <span class='ocrx_word' id='word_1_783' title='bbox 1145 5732 1166 5767; x_wconf 85' lang='grc'><strong><em>⁸</em></strong></span> <span class='ocrx_word' id='word_1_784' title='bbox 1194 5733 1356 5791; x_wconf 88' lang='lat' dir='ltr'><strong>Prov.</strong></span> <span class='ocrx_word' id='word_1_785' title='bbox 1393 5748 1506 5802; x_wconf 79' lang='lat' dir='ltr'><strong>xiv,</strong></span> <span class='ocrx_word' id='word_1_786' title='bbox 1545 5731 1633 5789; x_wconf 75' lang='grc'><strong>12.</strong></span> 
     </span>
    </p>
   </div>
   <div class='ocr_carea' id='block_1_103' title="bbox 2126 4506 3707 4580">
    <p class='ocr_par' dir='ltr' id='par_1_103' title="bbox 2126 4506 3707 4580">
     <span class='ocr_line' id='line_1_103' title="bbox 2126 4506 3707 4580; baseline 0.001 -19"><span class='ocrx_word' id='word_1_787' title='bbox 2126 4516 2211 4563; x_wconf 91' lang='lat' dir='ltr'><strong>est</strong></span> <span class='ocrx_word' id='word_1_788' title='bbox 2243 4508 2387 4576; x_wconf 86' lang='lat' dir='ltr'><strong>quod</strong></span> <span class='ocrx_word' id='word_1_789' title='bbox 2435 4506 2730 4563; x_wconf 79' lang='lat' dir='ltr'><strong>benedictio</strong></span> <span class='ocrx_word' id='word_1_790' title='bbox 2758 4520 2971 4578; x_wconf 83' lang='lat' dir='ltr'><strong>patrum</strong></span> <span class='ocrx_word' id='word_1_791' title='bbox 3011 4511 3343 4580; x_wconf 76' lang='lat' dir='ltr'><strong>conﬁrmabit</strong></span> <span class='ocrx_word' id='word_1_792' title='bbox 3367 4511 3553 4565; x_wconf 72' lang='lat' dir='ltr'><strong>domos</strong></span> <span class='ocrx_word' id='word_1_793' title='bbox 3578 4512 3707 4579; x_wconf 63' lang='lat' dir='ltr'><strong>[ilico</strong></span> 
     </span>
    </p>
   </div>
   <div class='ocr_carea' id='block_1_104' title="bbox 2123 4602 3708 4675">
    <p class='ocr_par' dir='ltr' id='par_1_104' title="bbox 2123 4602 3708 4675">
     <span class='ocr_line' id='line_1_104' title="bbox 2123 4602 3708 4675; baseline 0.001 -21"><span class='ocrx_word' id='word_1_794' title='bbox 2123 4618 2241 4657; x_wconf 86' lang='lat' dir='ltr'><strong>rum</strong></span> <span class='ocrx_word' id='word_1_795' title='bbox 2297 4603 2341 4659; x_wconf 75' lang='lat'><strong>‘.</strong></span> <span class='ocrx_word' id='word_1_796' title='bbox 2392 4602 2522 4658; x_wconf 83' lang='lat' dir='ltr'><strong>Mihi</strong></span> <span class='ocrx_word' id='word_1_797' title='bbox 2572 4616 2755 4662; x_wconf 87' lang='lat' dir='ltr'><strong>autem</strong></span> <span class='ocrx_word' id='word_1_798' title='bbox 2815 4607 3125 4660; x_wconf 89' lang='lat' dir='ltr'><strong>nuntiatunt</strong></span> <span class='ocrx_word' id='word_1_799' title='bbox 3179 4614 3281 4670; x_wconf 89' lang='lat' dir='ltr'><strong>est,</strong></span> <span class='ocrx_word' id='word_1_800' title='bbox 3333 4606 3598 4675; x_wconf 86' lang='lat' dir='ltr'><strong>quosdam</strong></span> <span class='ocrx_word' id='word_1_801' title='bbox 3631 4619 3708 4657; x_wconf 79' lang='lat' dir='ltr'><strong>ve-</strong></span> 
     </span>
    </p>
   </div>
   <div class='ocr_carea' id='block_1_105' title="bbox 2124 4696 3707 4767">
    <p class='ocr_par' dir='ltr' id='par_1_105' title="bbox 2124 4696 3707 4767">
     <span class='ocr_line' id='line_1_105' title="bbox 2124 4696 3707 4767; baseline 0 -18"><span class='ocrx_word' id='word_1_802' title='bbox 2124 4703 2300 4751; x_wconf 87' lang='lat' dir='ltr'><strong>strum</strong></span> <span class='ocrx_word' id='word_1_803' title='bbox 2351 4711 2619 4762; x_wconf 85' lang='lat' dir='ltr'><strong>asserere,</strong></span> <span class='ocrx_word' id='word_1_804' title='bbox 2656 4698 2801 4767; x_wconf 90' lang='lat' dir='ltr'><strong>quod</strong></span> <span class='ocrx_word' id='word_1_805' title='bbox 2852 4696 3022 4753; x_wconf 77' lang='lat' dir='ltr'><strong>Jaeob</strong></span> <span class='ocrx_word' id='word_1_806' title='bbox 3068 4714 3173 4752; x_wconf 92' lang='lat' dir='ltr'><strong>non</strong></span> <span class='ocrx_word' id='word_1_807' title='bbox 3226 4697 3458 4767; x_wconf 85' lang='lat' dir='ltr'><strong>fugisset</strong></span> <span class='ocrx_word' id='word_1_808' title='bbox 3495 4713 3592 4752; x_wconf 82' lang='lat' dir='ltr'><strong>sua</strong></span> <span class='ocrx_word' id='word_1_809' title='bbox 3626 4711 3707 4749; x_wconf 86' lang='lat' dir='ltr'><strong>vo-</strong></span> 
     </span>
    </p>
   </div>
   <div class='ocr_carea' id='block_1_106' title="bbox 2122 4786 3705 4858">
    <p class='ocr_par' dir='ltr' id='par_1_106' title="bbox 2122 4786 3705 4858">
     <span class='ocr_line' id='line_1_106' title="bbox 2122 4786 3705 4858; baseline -0.001 -19"><span class='ocrx_word' id='word_1_810' title='bbox 2122 4786 2359 4854; x_wconf 89' lang='lat' dir='ltr'><strong>luntate,</strong></span> <span class='ocrx_word' id='word_1_811' title='bbox 2386 4788 2481 4843; x_wconf 86' lang='lat' dir='ltr'><strong>sed</strong></span> <span class='ocrx_word' id='word_1_812' title='bbox 2521 4804 2615 4845; x_wconf 85' lang='lat' dir='ltr'><strong>sua</strong></span> <span class='ocrx_word' id='word_1_813' title='bbox 2648 4789 2999 4857; x_wconf 87' lang='lat' dir='ltr'><strong>obedientia;</strong></span> <span class='ocrx_word' id='word_1_814' title='bbox 3039 4790 3267 4858; x_wconf 86' lang='lat' dir='ltr'><strong>ideoque</strong></span> <span class='ocrx_word' id='word_1_815' title='bbox 3305 4790 3602 4844; x_wconf 78' lang='lat' dir='ltr'><strong>auxiliatos</strong></span> <span class='ocrx_word' id='word_1_816' title='bbox 3629 4795 3705 4842; x_wconf 89' lang='lat' dir='ltr'><strong>est</strong></span> 
     </span>
    </p>
   </div>
   <div class='ocr_carea' id='block_1_107' title="bbox 2124 4878 3704 4950">
    <p class='ocr_par' dir='ltr' id='par_1_107' title="bbox 2124 4878 3704 4950">
     <span class='ocr_line' id='line_1_107' title="bbox 2124 4878 3704 4950; baseline 0.001 -19"><span class='ocrx_word' id='word_1_817' title='bbox 2124 4878 2196 4932; x_wconf 90' lang='lat' dir='ltr'><strong>illi</strong></span> <span class='ocrx_word' id='word_1_818' title='bbox 2231 4879 2394 4944; x_wconf 89' lang='lat' dir='ltr'><strong>Deus,</strong></span> <span class='ocrx_word' id='word_1_819' title='bbox 2427 4894 2491 4935; x_wconf 83' lang='lat' dir='ltr'><strong>ac</strong></span> <span class='ocrx_word' id='word_1_820' title='bbox 2531 4892 2732 4950; x_wconf 69' lang='lat' dir='ltr'><strong>prmsto</strong></span> <span class='ocrx_word' id='word_1_821' title='bbox 2782 4882 2858 4937; x_wconf 93' lang='lat' dir='ltr'><strong>illi</strong></span> <span class='ocrx_word' id='word_1_822' title='bbox 2913 4881 3015 4936; x_wconf 88' lang='lat' dir='ltr'><strong>fuit</strong></span> <span class='ocrx_word' id='word_1_823' title='bbox 3057 4882 3111 4937; x_wconf 92' lang='lat' dir='ltr'><strong>iu</strong></span> <span class='ocrx_word' id='word_1_824' title='bbox 3142 4881 3395 4937; x_wconf 88' lang='lat' dir='ltr'><strong>omnibus</strong></span> <span class='ocrx_word' id='word_1_825' title='bbox 3431 4901 3446 4937; x_wconf 84' lang='lat'><strong>:</strong></span> <span class='ocrx_word' id='word_1_826' title='bbox 3489 4881 3586 4937; x_wconf 85' lang='lat' dir='ltr'><strong>sed</strong></span> <span class='ocrx_word' id='word_1_827' title='bbox 3613 4883 3704 4935; x_wconf 89' lang='lat' dir='ltr'><strong>hoc</strong></span> 
     </span>
    </p>
   </div>
   <div class='ocr_carea' id='block_1_108' title="bbox 2121 4970 2752 5042">
    <p class='ocr_par' dir='ltr' id='par_1_108' title="bbox 2121 4970 2752 5042">
     <span class='ocr_line' id='line_1_108' title="bbox 2121 4970 2752 5042; baseline 0.005 -18"><span class='ocrx_word' id='word_1_828' title='bbox 2121 4981 2205 5026; x_wconf 83' lang='lat' dir='ltr'><strong>est</strong></span> <span class='ocrx_word' id='word_1_829' title='bbox 2237 4970 2374 5025; x_wconf 90' lang='lat' dir='ltr'><strong>clam</strong></span> <span class='ocrx_word' id='word_1_830' title='bbox 2391 5010 2407 5035; x_wconf 89' lang='lat'><strong>,</strong></span> <span class='ocrx_word' id='word_1_831' title='bbox 2438 4971 2752 5042; x_wconf 86' lang='lat' dir='ltr'><strong>palamque.</strong></span> 
     </span>
    </p>
   </div>
   <div class='ocr_carea' id='block_1_109' title="bbox 2192 5060 3701 5134">
    <p class='ocr_par' dir='ltr' id='par_1_109' title="bbox 2192 5060 3701 5134">
     <span class='ocr_line' id='line_1_109' title="bbox 2192 5060 3701 5134; baseline -0.002 -16"><span class='ocrx_word' id='word_1_832' title='bbox 2192 5061 2346 5119; x_wconf 84' lang='lat' dir='ltr'><strong>Nunc</strong></span> <span class='ocrx_word' id='word_1_833' title='bbox 2383 5064 2567 5134; x_wconf 87' lang='lat' dir='ltr'><strong>igitur,</strong></span> <span class='ocrx_word' id='word_1_834' title='bbox 2602 5065 2942 5120; x_wconf 86' lang='lat' dir='ltr'><strong>dilectissimi</strong></span> <span class='ocrx_word' id='word_1_835' title='bbox 2976 5065 3119 5130; x_wconf 90' lang='lat' dir='ltr'><strong>mei,</strong></span> <span class='ocrx_word' id='word_1_836' title='bbox 3157 5064 3229 5120; x_wconf 94' lang='lat' dir='ltr'><strong>sit</strong></span> <span class='ocrx_word' id='word_1_837' title='bbox 3263 5064 3525 5119; x_wconf 87' lang='lat' dir='ltr'><strong>memoria</strong></span> <span class='ocrx_word' id='word_1_838' title='bbox 3552 5060 3701 5119; x_wconf 68' lang='lat' dir='ltr'><strong>Iacob</strong></span> 
     </span>
    </p>
   </div>
   <div class='ocr_carea' id='block_1_110' title="bbox 2122 5154 3703 5229">
    <p class='ocr_par' dir='ltr' id='par_1_110' title="bbox 2122 5154 3703 5229">
     <span class='ocr_line' id='line_1_110' title="bbox 2122 5154 3703 5229; baseline -0.003 -19"><span class='ocrx_word' id='word_1_839' title='bbox 2122 5154 2348 5228; x_wconf 86' lang='lat' dir='ltr'><strong>ejusque</strong></span> <span class='ocrx_word' id='word_1_840' title='bbox 2420 5158 2680 5213; x_wconf 86' lang='lat' dir='ltr'><strong>similium</strong></span> <span class='ocrx_word' id='word_1_841' title='bbox 2732 5159 2874 5229; x_wconf 89' lang='lat' dir='ltr'><strong>apud</strong></span> <span class='ocrx_word' id='word_1_842' title='bbox 2935 5174 3063 5225; x_wconf 87' lang='lat' dir='ltr'><strong>vos,</strong></span> <span class='ocrx_word' id='word_1_843' title='bbox 3114 5169 3171 5214; x_wconf 88' lang='lat' dir='ltr'><strong>et</strong></span> <span class='ocrx_word' id='word_1_844' title='bbox 3229 5158 3282 5211; x_wconf 92' lang='lat' dir='ltr'><strong>in</strong></span> <span class='ocrx_word' id='word_1_845' title='bbox 3322 5155 3703 5224; x_wconf 82' lang='lat' dir='ltr'><strong>vobismetipsis</strong></span> 
     </span>
    </p>
   </div>
   <div class='ocr_carea' id='block_1_111' title="bbox 2122 5248 3695 5307">
    <p class='ocr_par' dir='ltr' id='par_1_111' title="bbox 2122 5248 3695 5307">
     <span class='ocr_line' id='line_1_111' title="bbox 2122 5248 3695 5307; baseline -0.005 -3"><span class='ocrx_word' id='word_1_846' title='bbox 2122 5250 2242 5304; x_wconf 89' lang='lat' dir='ltr'><strong>sine</strong></span> <span class='ocrx_word' id='word_1_847' title='bbox 2276 5249 2684 5307; x_wconf 88' lang='lat' dir='ltr'><strong>intermissione</strong></span> <span class='ocrx_word' id='word_1_848' title='bbox 2724 5269 2738 5305; x_wconf 87' lang='lat'><strong>:</strong></span> <span class='ocrx_word' id='word_1_849' title='bbox 2781 5262 2837 5306; x_wconf 93' lang='lat' dir='ltr'><strong>et</strong></span> <span class='ocrx_word' id='word_1_850' title='bbox 2862 5250 3225 5305; x_wconf 82' lang='lat' dir='ltr'><strong>exterminate</strong></span> <span class='ocrx_word' id='word_1_851' title='bbox 3250 5263 3282 5304; x_wconf 78' lang='grc' dir='ltr'>θ</span> <span class='ocrx_word' id='word_1_852' title='bbox 3321 5248 3595 5302; x_wconf 88' lang='lat' dir='ltr'><strong>mentibus</strong></span> <span class='ocrx_word' id='word_1_853' title='bbox 3617 5260 3695 5296; x_wconf 87' lang='lat' dir='ltr'><strong>ve-</strong></span> 
     </span>
    </p>
   </div>
   <div class='ocr_carea' id='block_1_112' title="bbox 2123 5335 3699 5412">
    <p class='ocr_par' dir='ltr' id='par_1_112' title="bbox 2123 5335 3699 5412">
     <span class='ocr_line' id='line_1_112' title="bbox 2123 5335 3699 5412; baseline -0.006 -15"><span class='ocrx_word' id='word_1_854' title='bbox 2123 5341 2271 5407; x_wconf 89' lang='lat' dir='ltr'><strong>stris,</strong></span> <span class='ocrx_word' id='word_1_855' title='bbox 2302 5343 2444 5412; x_wconf 87' lang='lat' dir='ltr'><strong>quod</strong></span> <span class='ocrx_word' id='word_1_856' title='bbox 2499 5341 2564 5397; x_wconf 72' lang='lat' dir='ltr'><strong>de</strong></span> <span class='ocrx_word' id='word_1_857' title='bbox 2616 5342 2769 5398; x_wconf 90' lang='lat' dir='ltr'><strong>vobis</strong></span> <span class='ocrx_word' id='word_1_858' title='bbox 2804 5342 3012 5398; x_wconf 88' lang='lat' dir='ltr'><strong>audivi.</strong></span> <span class='ocrx_word' id='word_1_859' title='bbox 3062 5343 3204 5396; x_wconf 86' lang='lat' dir='ltr'><strong>Deus</strong></span> <span class='ocrx_word' id='word_1_860' title='bbox 3245 5340 3393 5395; x_wconf 91' lang='lat' dir='ltr'><strong>enim</strong></span> <span class='ocrx_word' id='word_1_861' title='bbox 3436 5353 3542 5394; x_wconf 90' lang='lat' dir='ltr'><strong>non</strong></span> <span class='ocrx_word' id='word_1_862' title='bbox 3584 5335 3699 5391; x_wconf 65' lang='lat' dir='ltr'><strong>obli«</strong></span> 
     </span>
    </p>
   </div>
   <div class='ocr_carea' id='block_1_113' title="bbox 2125 5436 3698 5505">
    <p class='ocr_par' dir='ltr' id='par_1_113' title="bbox 2125 5436 3698 5505">
     <span class='ocr_line' id='line_1_113' title="bbox 2125 5436 3698 5505; baseline -0.006 -16"><span class='ocrx_word' id='word_1_863' title='bbox 2125 5436 2364 5491; x_wconf 90' lang='lat' dir='ltr'><strong>viscetur</strong></span> <span class='ocrx_word' id='word_1_864' title='bbox 2391 5436 2638 5491; x_wconf 91' lang='lat' dir='ltr'><strong>laborum</strong></span> <span class='ocrx_word' id='word_1_865' title='bbox 2664 5445 2999 5501; x_wconf 87' lang='lat' dir='ltr'><strong>vestrorum,</strong></span> <span class='ocrx_word' id='word_1_866' title='bbox 3033 5448 3208 5505; x_wconf 90' lang='lat' dir='ltr'><strong>neque</strong></span> <span class='ocrx_word' id='word_1_867' title='bbox 3248 5440 3443 5487; x_wconf 75' lang='lat' dir='ltr'><strong>vestrae</strong></span> <span class='ocrx_word' id='word_1_868' title='bbox 3480 5437 3698 5487; x_wconf 83' lang='lat' dir='ltr'><strong>remune-</strong></span> 
     </span>
    </p>
   </div>
   <div class='ocr_carea' id='block_1_114' title="bbox 2126 5514 3697 5595">
    <p class='ocr_par' dir='ltr' id='par_1_114' title="bbox 2126 5514 3697 5595">
     <span class='ocr_line' id='line_1_114' title="bbox 2126 5514 3697 5595; baseline -0.002 -14"><span class='ocrx_word' id='word_1_869' title='bbox 2126 5527 2372 5585; x_wconf 88' lang='lat' dir='ltr'><strong>rationis.</strong></span> <span class='ocrx_word' id='word_1_870' title='bbox 2410 5525 2548 5584; x_wconf 82' lang='lat' dir='ltr'><strong>Nam</strong></span> <span class='ocrx_word' id='word_1_871' title='bbox 2598 5527 2861 5585; x_wconf 89' lang='lat' dir='ltr'><strong>Dominus</strong></span> <span class='ocrx_word' id='word_1_872' title='bbox 2911 5534 3117 5594; x_wconf 89' lang='lat' dir='ltr'><strong>noster,</strong></span> <span class='ocrx_word' id='word_1_873' title='bbox 3166 5524 3256 5582; x_wconf 88' lang='lat' dir='ltr'><strong>cui</strong></span> <span class='ocrx_word' id='word_1_874' title='bbox 3297 5522 3497 5595; x_wconf 81' lang='lat' dir='ltr'><strong>gloria,</strong></span> <span class='ocrx_word' id='word_1_875' title='bbox 3544 5514 3697 5578; x_wconf 72' lang='lat' dir='ltr'><strong>neuti-</strong></span> 
     </span>
    </p>
   </div>
   <div class='ocr_carea' id='block_1_115' title="bbox 1734 5726 2205 5797">
    <p class='ocr_par' dir='ltr' id='par_1_115' title="bbox 1734 5726 2205 5797">
     <span class='ocr_line' id='line_1_115' title="bbox 1734 5726 2205 5797; baseline -0.015 -9"><span class='ocrx_word' id='word_1_876' title='bbox 1734 5732 1754 5764; x_wconf 82' lang='lat'>‘</span> <span class='ocrx_word' id='word_1_877' title='bbox 1787 5728 1953 5787; x_wconf 83' lang='lat' dir='ltr'><strong>Eccli.</strong></span> <span class='ocrx_word' id='word_1_878' title='bbox 1995 5744 2074 5797; x_wconf 82' lang='lat' dir='ltr'><strong>Ill,</strong></span> <span class='ocrx_word' id='word_1_879' title='bbox 2121 5726 2205 5782; x_wconf 85' lang='grc' dir='ltr'>ιι.</span> 
     </span>
    </p>
   </div>
  </div>
