3860 6316
122 331 286 391 1063

902 326 968 382 S.
1008 323 1288 383 ANTONII
1327 323 1397 381 Μ.
1439 320 1729 381 ABBATIS
1770 325 2074 384 Μεδυιῶ
2111 324 2197 382 ET
2232 322 2641 385 PRAZCl-LPTA.

3262 324 3398 382 1066

118 466 305 523 quam
335 446 493 513 dixit,
523 445 668 517 quod
698 444 1065 500 remuneratio
1094 444 1181 499 hic
1209 442 1371 507 foret,
1413 442 1507 497 sed
1551 450 1726 497 tenta-
1754 447 1800 504 Α
1828 441 1944 510 ejus
1984 442 2289 499 benedictio
2329 441 2383 497 in
2416 441 2590 509 vobis,
2623 448 2679 499 et
2704 440 3094 497 nanciscamini
3135 442 3400 513 requiem,

118 541 341 603 tiones,
378 546 435 592 et
482 534 768 607 angustia,
816 542 874 587 et
916 532 1157 596 labores,
1196 542 1251 586 et
1298 546 1599 598 mmrores;
1648 530 1721 585 ibi

118 643 270 683 vero
314 624 699 682 remuneratio.
744 622 866 678 [hec
914 623 1113 693 quippe
1149 622 1259 676 vita
1306 631 1390 678 est
1438 623 1524 677 via
1572 621 1724 677 labo-

118 734 261 773 nam
322 727 374 774 et
437 718 818 771 tentationum.
879 715 937 772 Si
995 724 1176 769 autem
1228 714 1616 780 sustinueritis,
1670 720 1725 770 et

117 812 512 877 obediveritis,
554 820 610 867 et
651 808 1164 878 obtemperaveritis
1202 808 1456 865 Patribus
1502 810 1719 876 vestris,

119 902 406 973 optimam
447 900 637 956 reddet
686 901 835 955 vobis
882 900 1140 956 Dominus
1188 899 1720 969 remunerationem;

117 1001 185 1046 et
232 991 322 1046 hic
367 1001 455 1046 est
498 990 671 1055 labor,
709 991 799 1061 qui
840 1001 1175 1047 memoratur
1225 1006 1411 1047 coram
1467 990 1720 1049 Domino.

118 1083 250 1153 Ego
283 1093 463 1138 autem
502 1082 691 1139 infelix
734 1083 894 1139 Pater
927 1092 1106 1139 vester
1140 1084 1319 1140 indico
1357 1085 1538 1151 vobis,
1564 1083 1725 1142 'dile-

115 1174 365 1230 ctissimi
413 1174 550 1241 mei,
601 1172 875 1246 quomodo
912 1174 1153 1231 laboravi
1206 1176 1259 1230 in
1310 1177 1619 1246 montibus,
1667 1189 1723 1235 et

116 1264 541 1332 solitudinibus,
578 1276 635 1321 et
682 1268 867 1338 rogavi
900 1276 1065 1324 noctu
1114 1266 1337 1338 diuque,
1386 1277 1441 1323 ut
1486 1269 1725 1340 aperiret

119 1357 275 1413 mihi
327 1357 591 1413 Dominus
628 1372 782 1413 suam
839 1357 1209 1425 voluntatem;
1252 1368 1307 1414 et
1352 1373 1461 1415 non
1509 1362 1725 1431 aperuit

120 1450 272 1505 mihi
314 1449 628 1521 quidquam,
678 1450 849 1505 donec
902 1450 1115 1505 obedivi
1170 1448 1428 1506 Patribus
1482 1452 1617 1508 meis
1667 1453 1721 1507 in

118 1542 414 1609 omnibus,
445 1550 499 1595 et
539 1551 867 1597 consecutus
900 1557 1019 1597 sum
1066 1541 1228 1613 hujus
1261 1543 1625 1615 cognitionem
1654 1544 1724 1601 ab

119 1633 263 1688 illis.
300 1630 434 1686 Nam
464 1634 555 1703 qui
589 1630 839 1688 Patrihus
865 1631 1049 1688 obedit
1079 1633 1217 1701 suis,
1244 1632 1476 1691 Domino
1500 1634 1721 1701 obedit;

118 1724 225 1796 qni
255 1732 439 1778 autem
484 1723 671 1781 obcdit
726 1721 976 1793 Domino,
1028 1725 1142 1796 ipse
1176 1726 1291 1782 suis
1321 1725 1503 1783 obedit
1546 1724 1724 1782 Patri-

1834 544 1889 590 et
1930 537 2182 605 gratiam,
2215 544 2270 591 et
2298 534 2695 602 fortitudinem,
2742 545 2797 592 et
2830 533 3076 607 gloriam,
3121 544 3175 590 et
3216 534 3402 592 faciles

1824 627 2017 682 reddat
2062 626 2322 684 Dominus
2365 630 2480 684 vias
2506 635 2734 685 vestras.
2768 627 2835 683 Et
2862 639 2989 683 ecce
3016 626 3126 699 iam
3163 628 3400 685 indicavi

1826 717 1978 772 vobis
2011 717 2276 787 duplicem
2308 719 2454 773 viam
2484 718 2664 789 operis
2705 717 2952 789 corporei
3001 727 3056 774 et
3101 719 3401 789 spiritualis

1826 806 1879 861 in
1909 808 2007 863 ista
2038 808 2287 877 epistola,
2317 817 2371 864 et
2403 824 2691 879 corporeas
2715 810 3111 867 obluctationes
3135 819 3189 867 et
3213 811 3400 867 diabo-

1825 898 1994 965 licas,
2045 908 2101 952 ut
2139 898 2373 964 faciatis,
2409 907 2464 955 et
2493 900 2736 967 certetis,
2773 910 2826 958 et
2863 903 3272 975 consequamini
3304 903 3400 959 be-

1826 991 2183 1046 nedictionem
2238 993 2634 1061 novissimam,
2690 1002 2745 1049 et
2808 995 3073 1052 inhabitet
3134 997 3187 1051 in
3243 997 3401 1053 vobis

1825 1082 1995 1151 gratia
2036 1097 2245 1151 magna.
2282 1082 2347 1137 Et
2381 1099 2484 1155 pax
2519 1086 2773 1143 omnibus
2804 1089 2955 1144 vobis
2982 1097 3037 1145 et
3065 1088 3208 1145 salus
3240 1106 3267 1142 a
3295 1091 3399 1145 Do-

1826 1173 1973 1227 mino
2014 1171 2141 1228 .lesu
2178 1173 2399 1231 Christo
2443 1177 2514 1232 sit
2538 1178 2821 1249 spiritibus
2850 1181 3050 1235 vestris
3082 1180 3398 1249 humilibus,

1822 1274 1878 1318 et
1908 1262 2325 1333 cogitationibus
2363 1266 2577 1330 vestris,
2619 1277 2670 1323 et
2717 1267 2972 1324 cordibus
3016 1270 3213 1325 vestris
3252 1285 3401 1324 mun-

1825 1354 1942 1421 dis;
1982 1368 2107 1408 nam
2148 1354 2455 1413 benedictio
2489 1357 2633 1414 illius
2666 1358 2935 1415 inhabitat
2973 1360 3024 1415 in
3063 1361 3211 1417 omni
3258 1361 3399 1427 loco,

1826 1449 1877 1503 in
1908 1463 2017 1520 quo
2063 1456 2148 1505 est
2182 1449 2486 1507 humilitas.
2538 1451 2604 1506 Et
2647 1451 2877 1509 Domino
2936 1462 3121 1509 nostro
3168 1453 3307 1521 laus,
3345 1466 3404 1510 et

1825 1536 2019 1606 gloria,
2060 1546 2114 1593 et
2141 1538 2315 1594 honor
2340 1538 2408 1594 ah
2436 1539 2690 1597 omnibus
2734 1540 3113 1608 rationalibus,
3159 1552 3215 1599 et
3254 1542 3403 1598 Patri

1825 1640 1943 1692 suo,
1973 1637 2027 1682 et
2060 1627 2285 1699 Spiritui
2320 1643 2418 1686 suo
2454 1639 2663 1697 sancto,
2689 1645 2757 1688 ex
2780 1645 2927 1687 nunc
2954 1640 3009 1687 et
3038 1631 3091 1687 in
3116 1643 3402 1690 aeternum.

1824 1716 2020 1773 Amen.

117 1815 270 1882 bus;
327 1814 420 1885 qui
487 1829 616 1869 vero
678 1830 782 1871 non
816 1816 1000 1872 ohedit
1032 1817 1145 1873 suis
1185 1815 1461 1885 Patribus,
1492 1818 1724 1876 Domino
1756 1796 1796 1852 Β
1831 1826 2115 1902 Conpletis
2164 1841 2285 1887 sunt
2315 1831 2498 1902 viginti
2528 1830 2785 1900 Epistolc
2813 1849 2880 1889 ea:
2905 1833 3064 1889 dictis
3099 1834 3279 1890 Patria
3308 1851 3405 1889 no-

121 1923 241 1963 non
282 1908 488 1964 obedit.
551 1908 895 1967 Dilectissimi
953 1912 1056 1967 mei
1109 1911 1163 1967 in
1212 1911 1463 1981 Domino,
1508 1912 1728 1970 obedite

119 1999 286 2058 Patri
315 2012 497 2060 vestro
525 2004 581 2058 in
624 2004 691 2061 iis
722 2021 844 2077 quae
876 2005 1097 2077 scripsit
1126 2005 1304 2074 vobis,
1354 2017 1414 2063 ut
1453 2008 1726 2064 inhabitet

1898 1901 2002 2024 ἵνὶ
2044 1898 2106 1954 S.
2153 1898 2403 1970 Antonii,
2458 1898 2610 1972 cujus
2641 1904 2907 1959 orationes
2948 1906 3052 1959 sint
3109 1904 3399 1961 nobiscum.

1951 1986 2085 2024 mea.

1951 1986 2085 2025 ηιεη.

866 2166 3397 2196 W

1048 2308 1165 2367 EX
1205 2307 1457 2370 EPIST
1455 2308 1614 2368 οιΑ
1657 2309 2053 2375 AMMONIS
2093 2315 2508 2381 EPISCOPI.

775 2469 930 2539 apud
968 2468 1352 2526 Botizndianos
1385 2472 1438 2526 in
1474 2473 1617 2528 Actia
1658 2470 1762 2530 SS.
1803 2473 1954 2546 Maii,
1996 2488 2123 2533 tom.
2167 2479 2275 2549 IV,
2315 2499 2473 2554 pagg.
2510 2484 2733 2541 70-555.

130 2763 222 2830 ΐῷ
250 2764 541 2836 ἀγαπητῷ
578 2761 688 2830 υιῷ
725 2764 1001 2889 θεοάῗρφ
1044 2766 1347 2833 Ἀντώνιος
1393 2767 1465 2822 ἐν
1519 2769 1719 2838 Κυρίῳ

808 2852 884 2889 γα
909 2853 1053 2889 οειν.

804 2852 1053 2906 χαίρειν.

199 2928 294 2999 Τῷ
345 2928 615 3000 ἀγαπητῷ
662 2926 763 3000 υἱῷ
817 2926 1079 3002 Θεοδώρῳ
1116 2926 1400 2994 Ἀντώνιος
1438 2930 1496 2983 ὲν
1525 2929 1717 3001 Κυρίῳ

1824 2767 2028 2824 Dilecto
2070 2768 2185 2837 ﬁlio
2228 2767 2500 2826 Theodoro
2546 2770 2819 2893 (Antonius
2871 2772 2924 2826 in
2978 2772 3207 2831 Domino
3253 2778 3403 2833 anin-

2567 2858 2668 2893 em.

2567 2858 2668 2896 em.

1894 2927 2101 2986 Dilecto
2122 2928 2231 2987 lilio
2246 2929 2532 2987 Theodoro
2546 2930 2811 2989 Antonius
2847 2934 2901 2990 in
2937 2933 3155 2993 Christo
3177 2937 3404 2993 salutem

122 3020 365 3090 χαίρειν.
408 3021 595 3093 ’ᾙδειν
624 3020 722 3091 μὲν
758 3020 840 3073 ὅτι
870 3021 932 3073 οὐ
964 3019 1040 3092 μὴ
1064 3022 1280 3092 ποιήσει
1306 3020 1510 3093 Κύριος
1533 3021 1563 3075 δ
1586 3021 1717 3087 Θεὸς

1836 3027 1877 3072 3t
1900 3020 2177 3089 gaudium.
2222 3019 2473 3077 Sciebam
2500 3022 2750 3092 equidem
2781 3024 2981 3080 nullam
3005 3040 3034 3081 a
3069 3025 3296 3083 Domino
3324 3024 3404 3082 fa-

123 3117 388 3186 πρᾶγμα,
422 3092 517 3167 ἐὰν
542 3113 617 3186 μὴ
643 3112 984 3183 ἀποκαλύψει
1028 3112 1276 3167 παιδείαν
1301 3092 1435 3185 πρδς
1453 3114 1579 3177 τοὺς
1607 3113 1720 3169 δού.
1751 3094 1766 3151 l

1836 3119 1971 3167 ctum
2017 3111 2083 3166 iri
2113 3127 2249 3180 rem,
2298 3113 2400 3170 nisi
2433 3112 2637 3184 aliquid
2686 3115 2811 3172 inde
2844 3116 3098 3173 salutaris
3147 3119 3405 3175 doctrina:

123 3204 253 3269 λους
285 3203 457 3259 αὑτοῦ
494 3206 621 3268 τοὺς
653 3204 936 3276 προφήτας
958 3220 973 3234 ’
1017 3203 1112 3258 καὶ
1140 3204 1389 3275 ἐνόμιζον
1413 3205 1487 3276 μὴ
1518 3204 1630 3258 δεῖν
1654 3221 1720 3277 με

122 3293 372 3365 δηλῶσαί
399 3311 482 3347 σοι
508 3294 651 3365 ἅπερ
686 3311 775 3365 μοι
801 3297 829 3346 ὁ
852 3292 984 3359 Θεὸς
1011 3295 1116 3368 πρὸ
1149 3293 1341 3349 πολλοῦ
1368 3295 1724 3365 ἀποκαλύψας

123 3384 214 3459 ἦν.
257 3387 483 3458 Ἐπειδὴ
536 3387 804 3458 ἑωρακότι
856 3405 947 3459 μοι
972 3390 1097 3452 τοὺς
1126 3388 1388 3459 ἀδελφούς
1429 3405 1547 3450 σου,
1599 3390 1725 3454 τοὺς

124 3479 258 3550 περὶ
295 3478 558 3545 Θεόφιλον
589 3479 683 3531 καὶ
717 3478 966 3552 Κόπρην,
1028 3480 1328 3552 προσέταξε
1378 3480 1587 3551 γράψαι
1619 3497 1724 3545 σοι,

122 3569 306 3640 δηλῶν
354 3570 437 3623 ὅτι
492 3569 673 3623 πολλοὶ
726 3571 834 3626 τῶν
886 3570 1027 3640 μετὰ
1073 3571 1332 3641 ἀληθείας
1373 3570 1465 3625 τὸν
1493 3572 1728 3640 Χριστὸν

126 3660 616 3732 προσκυνούντων,
683 3663 821 3734 μετὰ
865 3663 927 3716 τὸ
980 3662 1343 3734 βαπτισθῆναι
1410 3662 1729 3734 ἡμαρτηκό-

128 3769 262 3819 των,
310 3753 496 3825 σχεδὸν
518 3754 577 3807 ὲν
611 3754 717 3826 ὅλῳ
750 3753 826 3825 τῷ
854 3755 1067 3827 κόσμῳ,
1103 3754 1455 3810 κλαυσάντων
1483 3756 1577 3809 καὶ
1602 3772 1729 3808 πεν-

136 3844 426 3917 θησάντων
461 3847 489 3898 ὁ
515 3844 646 3910 θεὸς
688 3846 779 3900 τὸν
805 3846 1081 3917 κλαυθμὸν
1110 3848 1205 3900 καὶ
1229 3846 1290 3899 τὸ
1321 3845 1512 3911 πένθος
1536 3846 1729 3901 ἀποδε-

129 3937 390 4008 ξάμενος.
436 3936 534 4000 τὰς
556 3937 833 4008 ἁμαρτίας
869 3935 1151 4008 ἐξήλειψεν
1183 3936 1399 3991 πάντων
1424 3935 1531 3990 τῶν
1558 3934 1728 4001 οὕτως

130 4028 587 4102 πορευσαμένων,
623 4028 728 4092 ἕως
776 4028 992 4100 ἐκείνης
1034 4029 1135 4099 τῆς
1164 4028 1399 4101 ἡμέρας,
1444 4022 1561 4102 ὲνῇ
1597 4030 1663 4083 ἂν
1694 4030 1727 4099 ὴ

131 4121 391 4193 ἐπιπολὴ
422 4121 561 4193 αὕτη
616 4121 845 4194 ἐπεδόθη
914 4139 1015 4179 σοι.
1088 4121 1379 4192 Ἀνάγνωθι
1420 4119 1513 4177 οὖν
1564 4122 1729 4195 αὐτὴν

130 4214 241 4276 τοῖς
272 4212 529 4283 ἀδελφοῖς
581 4230 696 4281 σου,
734 4213 821 4267 ἵνα
851 4214 946 4267 καὶ
969 4213 1123 4268 αὐτοὶ
1170 4214 1503 4279 ἀκούσαντες
1540 4213 1727 4287 χαρῶ-

135 4320 239 4359 σιν.
290 4304 604 4358 Ἀσπάσατε
654 4304 780 4369 τοὺς
824 4304 1107 4375 ἀδελφούς.
1165 4305 1531 4371 Ἀσπάζονται
1583 4323 1641 4359 σε
1676 4306 1727 4358 ol

134 4392 377 4466 ἀδελφοί.
413 4394 662 4469 Εὗχομαῐ
696 4413 756 4450 σε
790 4394 1056 4465 ὑγιαίνειν
1093 4397 1151 4450 ὲν
1179 4395 1395 4467 Κυρίῳ.

1825 3199 2043 3257 famulis
2080 3204 2194 3258 suis
2220 3205 2496 3273 prophetis
2539 3205 2921 3275 inspiraverit;
2982 3222 3079 3265 nec
3124 3209 3306 3278 putavi
3341 3224 3402 3264 ea

1825 3304 1945 3361 quae
1972 3289 2061 3344 diu
2094 3300 2219 3345 ante
2252 3292 2384 3346 mihi
2419 3292 2559 3351 Deus
2582 3295 2936 3362 indicaverat,
2986 3310 3016 3351 a
3045 3312 3131 3353 me
3160 3312 3280 3354 esse
3308 3299 3403 3354 tibi

1826 3381 2236 3437 manifestanda.
2268 3382 2373 3439 Sed
2407 3395 2758 3456 posteaquam
2796 3389 2992 3446 fratres
3015 3399 3134 3446 tuos
3163 3391 3401 3462 quicum

1825 3473 2126 3544 ‘l'hmpbilo
2158 3485 2213 3531 et
2244 3476 2419 3548 Copre
2473 3492 2645 3548 erant,
2691 3482 2871 3536 videre
2909 3482 3152 3553 contigit,
3194 3483 3308 3538 haec
3336 3485 3403 3538 ad

1829 3576 1881 3623 te
1910 3567 2191 3623 scribenda
2219 3569 2344 3624 duxi
2372 3587 2387 3636 ;
2420 3581 2475 3627 et
2503 3573 2937 3642 significandum,
2970 3576 3239 3645 quomodo
3287 3574 3407 3645 plu-

1829 3660 1950 3715 rimi
2000 3674 2187 3717 eorum
2219 3663 2310 3732 qui
2367 3662 2642 3718 Christum
2695 3665 2748 3719 in
2786 3666 3008 3720 veritate
3044 3666 3294 3732 adorant,
3352 3677 3409 3722 et

1829 3762 1947 3824 post
1971 3762 2277 3822 susceptum
2310 3752 2410 3808 rite
2434 3755 2754 3823 baptismum
2782 3755 2834 3811 in
2872 3766 3091 3825 peccata
3119 3756 3407 3828 prolabun-

1830 3853 1919 3898 tur
1952 3842 2114 3916 (quod
2150 3860 2250 3915 per
2282 3855 2451 3902 totum
2484 3845 2598 3903 fere
2618 3848 2805 3903 orbem
2853 3849 3094 3919 accidit),
3122 3850 3167 3907 si
3197 3848 3408 3905 miseri—

1829 3936 2069 3990 eordiam
2105 3935 2312 3993 Domini
2340 3938 2631 4010 implorent
2659 3954 2724 3996 ac
2761 3940 2828 3997 de
2849 3940 3107 3999 admissis
3130 3956 3198 3997 ex
3226 3941 3409 3997 animo

1829 4026 2067 4094 doleant,
2110 4043 2140 4082 a
2199 4028 2305 4084 Deo
2337 4028 2760 4087 misericorditer
2799 4032 2851 4086 in
2879 4032 3106 4103 gratiam
3140 4031 3408 4101 recipian-

1830 4126 1940 4186 tur,
1959 4127 2025 4175 εει
2051 4122 2231 4175 omnia
2263 4120 2638 4193 sicagentium
2667 4122 2944 4179 hominum
2975 4122 3260 4180 deleantur
3283 4114 3410 4193 pec-

1831 4221 1951 4266 cata
1994 4229 2008 4266 :
2045 4212 2187 4283 quod
2218 4212 2284 4269 iis
2318 4229 2454 4284 quos
2479 4212 2591 4283 jam
2624 4214 2736 4270 dixi
2776 4214 3029 4272 omnibus
3057 4216 3110 4270 in
3143 4215 3287 4269 hunc
3319 4228 3412 4267 us-

1830 4319 1936 4374 que
1957 4304 2099 4359 diem
2130 4306 2358 4378 benigne
2406 4305 2740 4374 conceditur,
2802 4320 2912 4377 quo
2950 4307 3063 4362 haec
3095 4306 3162 4361 ad
3214 4314 3267 4361 te
3289 4304 3410 4374 epi-

1832 4395 1970 4451 stola
2000 4404 2085 4451 est
2110 4396 2433 4467 conscripta.
2491 4395 2637 4450 Illam
2672 4395 2853 4467 itaque
2892 4398 3155 4453 fratribus
3181 4395 3286 4451 tuis
3315 4407 3412 4449 ve-

136 4485 229 4543 lim
253 4490 538 4561 pmlegas,
571 4498 634 4544 ut
659 4488 763 4560 ipsi
793 4502 1009 4560 quoque
1034 4503 1149 4544 rem
1184 4487 1323 4543 hanc
1352 4485 1733 4555 iutelligeutes,
1774 4487 2033 4557 gaudium
2060 4500 2128 4543 ex
2160 4502 2221 4543 ea
2254 4487 2489 4557 capiant.
2519 4486 2756 4543 Salutari
2788 4503 2817 4542 a
2841 4502 2926 4542 mc
2978 4488 3170 4543 fratres
3225 4487 3407 4558 cupio.

136 4579 240 4645 Qui
267 4582 413 4653 apud
447 4598 534 4637 me
566 4592 694 4638 sunt
721 4582 941 4648 fratres,
975 4592 1025 4639 te
1072 4583 1331 4638 salutant.
1362 4580 1552 4637 Valere
1576 4589 1629 4637 te
1663 4580 1717 4635 in
1758 4579 1985 4635 Domino
2010 4581 2191 4652 cupio.

140 4819 536 4865 IANCTISSIMI
570 4821 794 4865 PATRIS
819 4820 1044 4864 Νοιιτιιι
1082 4819 1341 4863 ΔΝΤΟΝΙΙ
1372 4819 1575 4864 MAG!"
1612 4820 1726 4861 ΔΒ·-
1760 4804 1766 4856 l

1836 4816 2095 4862 BEGULE
2130 4818 2206 4862 AC
2241 4816 2579 4863 PBECEPTA
2621 4819 2672 4863 8.
2712 4819 2770 4862 Ρ.
2804 4817 2868 4862 N.
2894 4817 3154 4862 ΔΝΤΟΝΙΙ
3190 4817 3275 4860 AD
3318 4814 3413 4860 ιη-

220 4901 407 4944 BATIS
431 4899 717 4955 necum,
739 4900 879 4944 srva:
912 4899 1212 4954 canones,
1242 4900 1324 4943 an
1346 4900 1548 4945 FILIOS
1571 4894 1727 4945 suos

223 4972 651 5023 εριιιιτυλιες
681 4978 1043 5022 Μοκλοηοε.

246 5063 341 5118 Ea:
363 5063 614 5131 Arabico,
648 5065 925 5132 interprete
951 5062 1243 5117 Abrahamo
1265 5059 1611 5117 Eccltellenu.

212 5308 331 5364 llas
357 5308 637 5378 perscribo
669 5306 918 5379 Regulos,
970 5316 1128 5377 prout
1184 5306 1434 5377 loquetur
1464 5305 1727 5361 Dominus

146 5415 241 5470 per
272 5416 336 5455 os
366 5416 568 5466 meum,
610 5400 717 5457 illis
745 5403 835 5472 qui
871 5402 1019 5472 gravi
1057 5402 1180 5455 huic
1206 5401 1561 5455 monachatus
1600 5399 1731 5471 jugo

148 5505 204 5547 se
261 5488 535 5562 subjicere
577 5494 782 5549 volunt.
842 5494 962 5549 Istis
1002 5494 1164 5565 igitur
1199 5494 1454 5549 obedianl
1511 5502 1728 5564 oportet

147 5585 458 5653 praeceptis,
486 5584 543 5638 iet
566 5585 656 5654 qui
679 5601 837 5637 unum
860 5585 1020 5640 solvet
1047 5601 1112 5640 ea:
1142 5584 1273 5653 illis,
1308 5585 1558 5641 minimus
1579 5602 1732 5641 voca-

150 5675 375 5731 biturin
409 5692 569 5746 regno
596 5675 844 5731 calorum
875 5679 919 5731 '.

214 5833 241 5867 τ
273 5831 465 5888 Matth.
508 5849 563 5895 ν.
598 5833 680 5888 l9.

432 5935 645 5995 Pnao
657 5943 707 5989 ι..
738 5925 855 5987 Gn.
894 5926 1033 5992 XL.

1906 4898 2042 4942 LlOS
2081 4897 2232 4941 SUOS
2271 4898 2635 4951 MONACHOS,
2686 4898 3005 4941 PETENTES
3053 4896 3177 4940 HOC
3218 4895 3409 4940 11⁵8οΜ

1915 4977 2093 5046 ΔΒΙΕΟ
2130 4977 2194 5020 11(
2216 4976 2619 5022 ΜοκΑετεκιο
2653 4975 2965 5021 Μειιοκ.

1833 5058 1917 5115 Ex
1940 5062 2114 5116 codice
2144 5059 2467 5133 [legatorum
2492 5060 2551 5115 S.
2577 5058 2847 5142 B_enedicti
2897 5058 3212 5114 Anionenu'a
3250 5056 3412 5112 abba-

2578 5142 2667 5187 ω.

2412 5238 2465 5276 ΙΝ
2491 5235 2621 5278 ΡΔΟΕ
2653 5235 2861 5276 DOIINI.

1910 5313 2091 5368 Dicam
2126 5312 2377 5369 Canones
2404 5314 2519 5379 sive
2548 5312 2800 5385 Regulas,
2831 5320 2992 5383 prout
3026 5309 3275 5382 loquetur
3311 5309 3413 5364 Do-

1841 5404 2015 5459 minus
2047 5419 2142 5473 per
2186 5420 2247 5460 os
2290 5419 2488 5469 meum,
2528 5405 2634 5461 illis
2663 5406 2753 5477 qui
2817 5417 2935 5461 sese
2987 5405 3199 5459 tradere
3218 5406 3412 5483 (volunt

1836 5494 1938 5549 sub
1961 5494 2107 5565 gravi
2135 5495 2236 5551 hoc
2254 5497 2403 5568 jugo,
2429 5496 2635 5554 scilicet
2664 5498 3009 5553 monachatu.
3035 5494 3259 5567 Oportet
3287 5507 3413 5562 ergo

1839 5598 1895 5640 ut
1925 5588 2145 5643 audiant
2182 5589 2295 5645 hac
2331 5600 2634 5661 praecepta:
2679 5589 2784 5655 Qui
2810 5606 2926 5645 vero
2963 5589 3173 5645 solverit
3213 5582 3413 5655 aliquid

1839 5693 1905 5734 ea:
1927 5678 2023 5746 eis,
2065 5680 2183 5735 vilia
2204 5682 2474 5737 vocabitur
2509 5683 2563 5735 in
2598 5697 2757 5754 regno
2785 5681 3033 5737 cartorum
3054 5680 3098 5732 ⁷.

3024 5922 3102 5986 34
