3860 6316
477 293 615 351 1067

581 411 666 465 Ea:
693 411 934 478 Arabico,
959 410 1235 480 interprete
1272 406 1566 462 Abrahamo
1601 406 1938 461 Ecchellensi.

543 591 582 647 I.
609 593 747 658 Ante
779 588 981 657 omnia,
1006 589 1306 644 orationem
1341 587 1458 643 sine
1492 586 1891 642 intermissione
1923 585 2048 639 fun-

472 684 602 745 dite,
630 681 937 754 gratiasque
968 695 1181 752 semper
1212 681 1352 754 agite
1375 680 1486 736 Deo
1512 695 1609 750 pro
1639 677 1888 732 onmibus
1927 692 2048 748 quae

472 774 622 828 vobis
651 773 924 828 accidunt.

542 865 606 920 II.
656 864 950 935 Surgentes
980 879 1138 919 mane
1178 862 1406 933 singulis
1456 861 1666 928 diebus,
1727 861 1792 915 de
1831 860 2050 931 aegrotis

471 957 562 1029 qui
603 959 740 1026 apud
770 971 864 1012 vos
888 965 1031 1021 sunt,
1062 955 1377 1024 perquirite.

543 1051 628 1104 III.
663 1048 904 1119 Jejunate
933 1047 1158 1117 singulis
1185 1046 1373 1100 diebus
1405 1058 1572 1113 usque
1597 1041 1662 1095 ad
1703 1039 1931 1106 Nonam,
1955 1054 2050 1093 ex-

471 1149 627 1209 cepto
665 1139 750 1192 die
789 1136 1009 1192 Sabbati
1063 1143 1120 1190 et
1170 1134 1467 1190 Dominico.
1524 1132 1814 1203 Ingruente
1871 1139 2050 1184 autem

471 1231 624 1286 Nona
657 1231 723 1285 ad
757 1230 946 1286 cellam
982 1241 1122 1283 tuam
1183 1238 1233 1284 te
1287 1226 1548 1296 recipito;
1577 1233 1630 1280 et
1659 1235 1944 1293 antequam
1976 1221 2050 1277 ci-

470 1324 597 1378 bum
621 1339 828 1389 sumas,
848 1323 1147 1377 orationem
1173 1319 1492 1392 persolvito;
1514 1325 1568 1373 et
1597 1325 1880 1387 postquam
1900 1329 2049 1370 com-

470 1417 668 1483 ederis,
709 1432 802 1472 ora
827 1425 880 1471 et
908 1415 1023 1485 lege
1041 1414 1264 1486 jugiter.

540 1505 628 1562 IV.
665 1505 797 1562 Cum
856 1519 1023 1576 puero
1055 1511 1109 1558 et
1164 1503 1508 1560 adolescente
1570 1516 1846 1558 sermones
1900 1501 2052 1556 ineas

471 1613 621 1663 cave,
662 1608 755 1652 aut
791 1596 1216 1651 familiaritatem
1271 1595 1599 1661 contrahas;
1655 1609 1756 1649 nec
1807 1593 1904 1647 bos
1944 1607 2054 1647 mo-

471 1689 677 1744 nachos
708 1687 960 1758 recipias,
992 1703 1058 1742 ne
1084 1687 1212 1742 dent
1244 1687 1419 1741 locum
1450 1687 1684 1741 diabolo.

543 1779 609 1836 V.
665 1778 841 1851 Super
892 1779 1077 1835 eadem
1124 1787 1300 1834 storea
1343 1792 1410 1834 ne
1455 1777 1622 1833 cubas
1675 1791 1797 1832 cum
1845 1775 2053 1832 minore
2087 1804 2130 1860 Β

473 1882 548 1928 te.

544 1966 632 2021 VI.
670 1965 914 2022 Statutas
945 1965 1252 2021 orationum
1288 1965 1452 2020 lioras
1476 1964 1723 2028 observa,
1745 1960 2053 2031 nullamque

472 2060 873 2128 praetermittas,
900 2073 965 2114 ne
991 2058 1256 2113 rationem
1298 2071 1396 2126 pro
1425 2071 1490 2112 eo
1513 2056 1728 2112 reddas.

543 2148 652 2204 VII.
677 2149 960 2220 zEgrotum
995 2151 1063 2204 ad
1097 2150 1424 2205 sumendum
1456 2149 1638 2203 cibum
1667 2159 1734 2200 ne
1771 2144 1932 2198 nimis
1963 2157 2058 2197 co-

469 2261 597 2316 gas;
629 2255 684 2301 at
731 2261 828 2302 nec
871 2245 1143 2312 detrahas,
1179 2259 1246 2301 ne
1271 2245 1392 2316 ejus
1428 2257 1660 2300 maerore
1692 2239 1915 2296 aﬂ‘ectus
1941 2239 2060 2293 ani-

470 2327 592 2392 mus
617 2339 990 2393 conturbetur.

539 2427 672 2483 VIII.
708 2429 764 2484 Si
807 2429 1016 2484 venerit
1077 2428 1142 2482 ad
1178 2437 1228 2484 te
1256 2427 1425 2482 frater
1452 2424 1646 2494 aliquis
1675 2432 1794 2493 post
1823 2431 2056 2491 tempus,

465 2537 589 2576 cum
624 2522 818 2590 gaudio
883 2519 1101 2591 suscipe
1126 2518 1296 2586 illum,
1330 2527 1389 2574 ut
1441 2519 1644 2587 gratias
1682 2515 1872 2570 reddat
1922 2512 2054 2579 Deo,

466 2620 630 2677 teque
655 2611 864 2666 laudet.
1053 2656 1058 2666 ,

538 2700 634 2755 IX.
661 2701 946 2757 Mundanis
971 2697 1285 2757 hominibus
1315 2711 1382 2753 ne
1409 2705 1459 2753 te
1487 2695 1788 2752 admisceas
1806 2693 2059 2759 omnino;

467 2801 526 2850 at
562 2809 664 2849 nec
692 2792 1025 2848 Pharisaeum
1076 2790 1327 2857 imiteris,
1370 2788 1462 2859 qui
1502 2787 1684 2844 omnia
1719 2787 1786 2841 ad
1816 2795 2063 2842 ostenta-

450 2927 454 2932 -
469 2887 670 2941 tionem
698 2884 957 2940 faciebat.

469 3065 764 3121 bitaculum
797 3076 945 3120 tuum
968 3065 1174 3138 ingredi
1207 3065 1456 3136 patiaris;
1484 3063 1736 3135 quoniam
1766 3071 1886 3132 post
1914 3061 2058 3115 illam

470 3157 548 3209 ira
573 3156 827 3225 graditur.

541 3247 633 3303 XI.
662 3247 1105 3319 Consanguineos
1165 3256 1286 3302 tuos
1339 3261 1406 3301 ne
1443 3243 1669 3311 revisas,
1723 3259 1820 3300 nec
1852 3252 1902 3300 te
1928 3259 2056 3299 con-

469 3341 805 3412 spiciendum
841 3341 908 3396 ab
944 3340 1051 3396 illis
1083 3339 1256 3404 sinas,
1286 3353 1386 3394 nec
1411 3339 1572 3393 adeas
1600 3337 1736 3392 illos.

539 3430 654 3487 XII.
683 3429 810 3485 Plus
846 3445 1008 3501 quam
1069 3429 1164 3485 tibi
1199 3444 1346 3498 opus
1389 3435 1491 3495 est,
1530 3442 1597 3482 ne
1660 3429 1917 3495 retineas,
1959 3443 2058 3484 nec

467 3522 750 3592 elargiaris
811 3522 928 3592 plus
960 3536 1120 3591 quam
1150 3521 1293 3590 potis
1319 3534 1415 3586 es;
1467 3519 1561 3575 sed
1591 3520 1732 3590 quod
1756 3531 1930 3590 potes,
1971 3521 2056 3576 inn

469 3615 801 3671 firmioribus
826 3615 1144 3671 monasterii
1176 3612 1436 3683 elargire.

540 3706 676 3762 XIII.
741 3707 1054 3764 Orationem
1094 3714 1241 3761 luant
1304 3711 1470 3760 noctu
1527 3703 1844 3775 persolvito,
1897 3712 2052 3758 ante-

467 3814 630 3870 quam
657 3799 945 3856 ecclesiam
983 3799 1164 3854 adeas.

540 3891 680 3948 XIV.
716 3890 794 3948 Ne
821 3893 1077 3950 comedas
1110 3907 1233 3950 cum
1259 3906 1324 3950 eo
1349 3894 1442 3964 qui
1482 3889 1712 3947 multum
1732 3889 1846 3961 :pro
1871 3897 1922 3944 te
1951 3889 2051 3943 int-

471 3983 690 4052 pendat.

543 4073 659 4131 XV.
696 4075 753 4132 Si
779 4077 1094 4134 scandalum
1123 4085 1372 4133 exortum
1407 4075 1570 4132 fuerit
1605 4074 1915 4147 projuvene
1947 4073 2049 4126 ali-

469 4181 578 4235 quo
602 4167 694 4237 qui
724 4167 902 4224 adhuc
932 4169 1172 4224 habitum
1219 4169 1583 4224 monasticum
1620 4181 1727 4222 non
1758 4165 1949 4230 induit,
1982 4183 2048 4220 ne

469 4259 666 4315 induas
689 4260 862 4328 illum,
907 4261 1002 4318 sed
1038 4277 1103 4318 ex
1136 4260 1464 4317 monasterio
1487 4259 1688 4330 ejicito.

541 4349 680 4408 XVI.
716 4352 851 4408 Cum
885 4369 1051 4421 puero
1101 4371 1169 4410 ne
1213 4353 1452 4424 loquaris
1484 4367 1754 4422 unquam;
1821 4350 1918 4407 erit
1953 4351 2046 4407 tibi

469 4445 612 4499 ettim
638 4446 689 4500 in
717 4445 1118 4503 oﬂ‘endiculum.

540 4533 703 4590 XVII.
734 4537 790 4592 Si
827 4539 1126 4594 necessitas
1155 4539 1396 4609 exegerit
1427 4550 1485 4593 ut
1511 4537 1577 4593 ad
1612 4537 1796 4592 urbem
1824 4535 2041 4606 prolici-
2072 4515 2122 4575 ι)

468 4628 660 4694 scaris,
691 4643 759 4684 ne
781 4643 971 4700 pergas
997 4630 1164 4686 solus.

541 4719 724 4781 XVIII.
758 4720 985 4778 Terram
1026 4724 1374 4792 vectigalibus
1421 4723 1713 4792 subjectam
1780 4737 1846 4776 ne
1891 4719 2048 4776 semi-

469 4826 592 4877 nes,
619 4822 673 4868 et
701 4815 988 4871 societates
1017 4831 1138 4872 cum
1179 4818 1411 4872 dominis
1442 4831 1507 4870 ne
1529 4815 1840 4871 contrahas.

537 4903 681 4962 XIX.
721 4907 924 4965 Locum
970 4909 1025 4965 in
1073 4924 1179 4982 quo
1219 4911 1541 4981 exprimitur
1590 4909 1794 4972 vinum,
1850 4921 1916 4962 ne
1945 4906 2043 4961 ad-

469 5013 581 5053 ωδ.
1396 5007 1407 5018 ’

540 5087 658 5143 XX.
683 5091 888 5147 Carnes
916 5107 981 5148 ne
1012 5094 1264 5149 comedas
1301 5092 1546 5148 omnino.

539 5181 684 5237 XXI.
725 5181 998 5252 Jejunium
1043 5201 1110 5241 ne
1162 5188 1338 5241 solvas
1403 5184 1535 5239 feria
1568 5191 1758 5253 quarta
1784 5193 1838 5238 et
1864 5191 2039 5253 sexta,

467 5272 570 5328 nisi
597 5274 666 5328 ob
688 5275 1066 5344 gravissimum
1099 5277 1372 5333 morbum.

540 5362 704 5420 XXII.
732 5367 810 5423 Ne
838 5383 1145 5424 murmures
1167 5369 1232 5437 ,in
1265 5383 1431 5440 opere
1454 5383 1706 5424 manuum
1735 5377 1966 5423 tuarum.

538 5454 729 5510 XXIII.
763 5457 1012 5516 Defectus
1070 5477 1420 5534 quoscunque
1478 5461 1678 5518 nemini
1715 5461 1940 5530 obiicias
1962 5462 2043 5516 ul-

465 5550 572 5605 lam
603 5551 674 5606 ob
703 5566 942 5607 causam.

537 5648 726 5704 XXIV.
768 5647 823 5703 Si
859 5648 1080 5702 Iratrem
1127 5649 1431 5722 quempiam
1491 5648 1760 5715 inviscris,
1824 5661 1892 5706 ne
1947 5646 2037 5703 diu

468 5741 699 5815 moreris
723 5739 776 5796 in
798 5739 916 5808 ejus
940 5736 1096 5796 cella.

1532 281 1805 340 PATRES
1843 283 2139 339 IEGYPT‘II
2181 282 2455 341 S/ECULI
2494 284 2583 343 IV.

2078 413 2125 468 Α

3611 281 3756 342 1063

2259 407 2342 464 Ex
2378 409 2550 464 codice
2579 408 2896 480 Regularum
2927 409 2983 465 S.
3022 409 3290 467 Benedicti
3323 414 3647 470 Anionensis

2853 482 3072 535 abbatis.

2229 589 2267 643 I.
2301 589 2441 645 Ante
2469 590 2646 645 omnia
2683 605 2775 645 ora
2823 593 2938 648 sine
2981 593 3410 664 intermissrone,
3449 606 3502 653 et
3531 599 3748 668 gratias

2160 680 2268 738 Deo
2294 697 2392 754 age
2420 698 2531 752 prae
2571 684 2822 740 onmibus
2844 700 2964 755 quae
3003 686 3097 741 tibi
3125 673 3403 742 eveniunt.

2230 837 2289 892 II.
2330 838 2466 894 Cum
2513 848 2688 893 autem
2731 841 3042 896 ‘surrexeris
3073 855 3229 897 mane
3255 841 3483 915 singulis
3525 844 3750 932 (ἤρθης³

2158 928 2368 1000 inquire
2393 931 2458 986 de
2482 932 2698 1000 aegrotis
2726 931 2816 1000 qui
2840 931 2979 1000 apud
3009 941 3059 987 te
3088 943 3234 988 sunt.
3268 934 3333 988 Et
3353 935 3539 1005 jejuna
3573 928 3748 1008 usque

2158 1021 2222 1072 ad
2253 1019 2459 1074 Nonam
2492 1019 2724 1090 singulis
2767 1020 2977 1087 diebus,
3013 1033 3238 1093 excepto
3273 1022 3507 1080 Sabbato
3554 1038 3616 1082 et
3650 1027 3749 1080 Do-

2158 1112 2356 1166 minico
2386 1111 2510 1177 die;
2545 1111 2865 1167 adveniente
2889 1129 3016 1169 vero
3045 1112 3218 1181 Nona,
3260 1131 3326 1172 ne
3357 1118 3519 1174 adeas
3549 1119 3744 1174 cellam

2157 1201 2476 1272 cujusquam
2510 1201 2757 1256 fratrum.
2811 1202 2878 1258 Et
2906 1218 3031 1258 cum
3092 1206 3295 1262 sederis
3350 1211 3416 1262 ad
3449 1211 3745 1264 comeden-

2158 1290 2307 1356 dum,
2338 1306 2432 1346 ora
2474 1290 2644 1362 prius,
2694 1300 2807 1346 tum
2846 1295 3092 1352 comede.
3147 1293 3257 1352 O‘ra
3315 1307 3370 1351 et
3404 1297 3519 1368 lege
3546 1312 3746 1368 perpe-

2162 1390 2273 1438 tuo.

2227 1471 2316 1527 III.
2342 1471 2421 1529 Ne
2475 1473 2716 1545 loquaris
2748 1491 2871 1531 cum
2897 1475 3121 1548 juvene,
3156 1492 3329 1549 neque
3387 1493 3508 1533 cum
3547 1493 3742 1547 puero,

2158 1567 2214 1616 et
2241 1575 2309 1618 ne
2335 1563 2675 1620 converseris
2722 1567 2942 1622 omnino
2967 1581 3089 1623 cum
3138 1567 3267 1636 Illo;
3298 1583 3400 1626 nec
3449 1569 3648 1642 ligabis
3687 1572 3744 1624 iI-

2161 1649 2271 1704 lum
2299 1654 2645 1721 monachum,
2697 1669 2799 1710 nec
2863 1669 3110 1711 assumes
3169 1657 3223 1712 in
3255 1658 3424 1714 [ilium
3451 1671 3742 1730 antequam

2165 1744 2353 1798 induat
2401 1745 2666 1814 habitum,
2712 1762 2780 1802 ne
2824 1749 3136 1804 reconciliet
3173 1752 3381 1806 hostem
3431 1752 3739 1820 diabolum;

2162 1851 2336 1904 neque
2359 1838 2528 1894 cubes
2553 1853 2720 1909 super
2751 1840 2940 1896 eadem
2967 1849 3146 1897 storea
3170 1858 3295 1898 cum
3324 1843 3534 1899 minore
3561 1855 3635 1900 te.

2229 1928 2322 1985 IV.
2356 1929 2524 1987 Serva
2577 1933 2742 1988 etiam
2771 1934 2934 1990 horas
2992 1935 3321 2001 orationum,
3376 1951 3479 1993 nec
3521 1949 3741 2006 prater-

2163 2027 2348 2082 mittas
2378 2025 2566 2092 ullam,
2602 2041 2671 2082 ne
2713 2027 2976 2088 rationem
3010 2041 3110 2097 pro
3137 2027 3224 2083 illa
3257 2027 3472 2084 reddas.

2237 2119 2296 2174 V.
2337 2119 2416 2176 Ne
2469 2119 2775 2190 obstringas
2837 2128 3096 2190 aegrotum
3145 2121 3214 2174 ad
3266 2121 3734 2187 manducandum;

2161 2227 2261 2270 nec
2291 2213 2536 2269 retrahas
2582 2214 2650 2270 ab
2705 2213 2796 2271 illo
2821 2214 3022 2280 cibum,
3053 2225 3122 2271 ne
3176 2214 3470 2270 conturbes
3502 2217 3735 2271 animam

2161 2309 2303 2364 illius
2327 2308 2596 2364 aﬂlictam.

2233 2401 2319 2457 Vl.
2350 2399 2405 2457 Si
2434 2403 2645 2458 venerit
2670 2402 2738 2458 ad
2794 2411 2847 2459 te
2874 2403 3067 2475 aliquis
3121 2404 3293 2461 frater
3323 2415 3444 2476 post
3473 2404 3729 2473 temporis

2161 2492 2524 2558 intervallum,
2556 2492 2743 2549 laetare
2797 2492 2865 2549 de
2895 2494 3019 2562 illo;
3047 2497 3248 2567 gratias
3278 2497 3423 2552 enim
3459 2505 3584 2567 aget
3623 2496 3727 2550 Deo

2161 2595 2215 2642 et
2239 2585 2356 2640 tibi.
2412 2583 2671 2639 Saeculari
2731 2583 2874 2640 nullo
2927 2588 3087 2641 modo
3137 2589 3544 2642 commiscearis
3590 2601 3733 2642 :nec

2161 2686 2399 2732 ostentes
2427 2687 2476 2734 te
2505 2679 2698 2748 ipsum,
2729 2679 2869 2735 sicut
2895 2677 3198 2737 Pharismus
3228 2679 3319 2736 ille
3346 2680 3438 2751 qui
3459 2680 3530 2734 ad
3552 2688 3731 2736 osten-

2161 2769 2416 2824 tationem
2445 2771 2622 2825 omnia
2650 2786 2745 2826 sua
2784 2772 2999 2844 agebat.

538 2977 610 3033 X.
639 2976 919 3032 Mulierem
948 2978 1014 3032 ad
1039 2984 1092 3032 te
1117 2977 1374 3032 accedere
1404 2989 1471 3030 ne
1503 2973 1803 3045 permittas,
1835 2987 1932 3027 nec
1963 2970 2055 3026 ha-

2233 2948 2322 3003 VII
2381 2951 2460 3008 Ne
2509 2951 2827 3020 appropiare
2884 2951 3032 3006 sinas
3091 2953 3156 3007 ad
3207 2962 3259 3009 te
3303 2953 3610 3020 mulierem,
3638 2969 3729 3010 nee

2164 3043 2450 3112 permittas
2487 3044 2688 3114 ingredi
2721 3045 3048 3101 domicilium
3099 3058 3282 3116 tuum;
3317 3049 3399 3103 ira
3443 3049 3587 3104 enim
3619 3062 3730 3118 gra-

2091 3151 2134 3208 ο
2167 3135 2309 3189 ditur
2329 3121 2452 3206 post
2481 3136 2646 3191 illam.
2691 3137 2874 3209 Neque
2919 3143 3209 3196 revertaris
3237 3143 3469 3198 invisere
3501 3158 3722 3198 consan-

2165 3227 2389 3298 guineos
2424 3232 2544 3284 t'uos
2581 3231 2846 3298 carnales,
2871 3247 2970 3288 nec
3011 3231 3203 3288 faciem
3244 3245 3388 3289 tuam
3425 3235 3532 3290 illis
3556 3235 3722 3289 viden-

2165 3317 2286 3373 dam
2313 3321 2575 3388 przcbeas,
2603 3336 2701 3376 nec
2727 3323 2889 3377 adeas
2920 3322 3064 3378 illos.

2233 3408 2366 3463 VIII.
2394 3409 2504 3465 Nec
2566 3426 2808 3468 reserves
2840 3413 2933 3468 tibi
2969 3413 3086 3483 plus
3147 3430 3306 3484 quam
3337 3415 3590 3486 Indiges;
3640 3429 3725 3469 nec

2161 3500 2439 3572 elargiaris
2475 3502 2594 3572 plus
2637 3519 2797 3574 quam
2831 3513 3008 3574 potes,
3035 3506 3128 3560 sed
3157 3520 3315 3578 eroga
3338 3506 3722 3579 eleentosynarn

2160 3593 2390 3648 infirmis
2414 3596 2748 3650 monasterii.

2227 3685 2322 3741 IX.
2369 3685 2622 3744 Persolve
2671 3689 2970 3745 orationem
3007 3697 3151 3745 tuam
3181 3699 3362 3761 noctu,
3418 3693 3718 3764 priusquam

2157 3779 2324 3836 adeas
2348 3781 2658 3837 ecclesiam.

2226 3871 2296 3928 X.
2344 3873 2422 3931 Ne
2468 3876 2720 3932 comedas
2772 3889 2895 3932 cum
2939 3876 3151 3945 aliquo,
3197 3878 3287 3950 qui
3328 3877 3608 3950 impendat
3637 3891 3720 3950 pro

2158 3973 2230 4022 te.

2227 4057 2317 4112 XI.
2351 4057 2406 4114 Si
2435 4059 2746 4115 scandalum
2779 4070 2956 4115 ortum
3022 4061 3181 4118 fuerit
3224 4063 3290 4119 de
3325 4063 3528 4133 juvene
3552 4063 3716 4131 aliquo

2155 4149 2246 4220 qui
2279 4149 2540 4205 hactenus
2589 4151 2833 4205 habitum
2870 4167 2976 4207 non
3028 4153 3283 4220 induerit,
3342 4170 3408 4210 ne
3443 4156 3631 4210 induat
3662 4153 3720 4209 il-

2155 4240 2265 4295 lum
2295 4258 2308 4296 :
2344 4251 2399 4296 et
2427 4239 2560 4308 ejice
2587 4258 2708 4297 eum
2744 4258 2774 4296 a
2829 4246 3180 4310 monasterio,
3209 4261 3309 4302 nec
3339 4246 3585 4317 loquaris
3609 4259 3716 4303 cum

2152 4347 2320 4402 puero
2352 4335 2586 4406 penitus,
2613 4348 2678 4389 ne
2708 4333 2801 4390 fiat
2830 4336 2925 4392 tibi
2949 4337 3348 4394 oll'endiculum.

2217 4509 2331 4564 XII.
2365 4508 2420 4564 Si
2454 4510 2688 4580 coegerit
2737 4517 2789 4564 te
2821 4510 3116 4566 necessitas
3146 4511 3296 4567 adire
3335 4511 3632 4579 civitatem,
3660 4525 3714 4566 ne

2152 4603 2446 4660 contendas
2474 4602 2596 4656 illuc
2628 4601 2799 4657 solus.

2223 4717 2361 4774 XIII.
2391 4717 2469 4773 Ne
2499 4732 2648 4773 seras
2682 4727 2883 4774 terram
2910 4719 3124 4776 tributis
3153 4720 3480 4791 subjectam,
3511 4737 3609 4777 nec
3635 4736 3711 4774 so-

2156 4811 2406 4868 cietatem
2427 4819 2478 4866 et
2509 4819 2852 4865 contractum
2885 4812 3038 4866 ineas
3063 4827 3186 4866 cum
3219 4814 3578 4882 magnatibus.

2220 4901 2359 4958 XIV.
2387 4902 2462 4958 Ne
2491 4904 2846 4958 commoreris
2883 4905 2934 4958 in
2968 4903 3085 4959 loco
3115 4903 3204 4959 ubi
3250 4905 3433 4959 vinum
3464 4902 3707 4976 exprimi-

2149 5004 2268 5060 tur;
2301 5009 2368 5050 ne
2397 4994 2652 5050 comedas
2681 5009 2899 5050 carnem
2935 4996 3176 5051 omnino.

2219 5175 2333 5230 XV.
2373 5174 2450 5231 Ne
2484 5174 2699 5244 frangas
2741 5182 3005 5250 jejunium
3072 5175 3204 5231 feria
3243 5183 3433 5247 quarta
3464 5185 3518 5230 et
3553 5185 3701 5238 sexta,

2149 5271 2250 5326 nisi
2287 5275 2356 5327 ob
2391 5285 2607 5342 gravem
2641 5275 2903 5330 morbum.

2224 5365 2358 5422 XVI.
2393 5366 2470 5422 Ne
2516 5381 2820 5423 murmures
2852 5367 2904 5420 in
2964 5379 3127 5435 opere
3173 5378 3426 5418 manuum
3472 5373 3700 5420 tuarum:

2151 5477 2251 5518 nec
2275 5463 2607 5532 improperes
2641 5462 2802 5517 alicui
2843 5460 2947 5516 ulla
2971 5461 3035 5515 de
3063 5474 3247 5515 causa.

2217 5637 2378 5693 XVII.
2410 5636 2466 5693 Si
2496 5639 2697 5694 adieris
2730 5639 2964 5712 aliquem
2990 5638 3233 5706 fratrem,
3272 5649 3340 5693 ne
3368 5636 3463 5693 ditt
3489 5627 3697 5692 moreris

2144 5730 2200 5786 in
2238 5728 2511 5786 domicilio
2538 5727 2674 5800 ejus.
