3860 6312
181 328 334 389 I069

299 444 386 499 Ea:
420 444 664 510 Arabico,
691 445 971 516 interprete
996 446 1290 500 Abrahamo
1313 445 1655 502 Eccltelleuu’.

263 555 434 612 XXV.
467 556 526 610 In
562 557 789 613 ecclesia
823 557 1062 627 loquaris
1083 558 1303 615 omnino
1338 573 1488 615 cave.

263 644 452 700 X-XVl.
478 644 533 699 In
557 647 772 702 exedris
798 647 1111 702 monasterii
1143 662 1210 703 ne
1230 647 1438 704 sedeas.

263 737 476 792 XXVII.
509 737 587 791 Ne
627 737 780 806 jures
825 739 1065 804 omnino,
1120 753 1220 795 nec
1265 755 1472 805 verum,
1510 754 1608 796 nec
1661 739 1759 794 du-

176 826 359 880 bium.

263 915 502 973 XXVIII.
560 918 857 974 Ecclesiam
901 919 969 975 ad
991 933 1152 990 quam
1202 923 1453 976 convenit
1477 921 1762 976 multitudo

177 1005 495 1070 hominum,
519 1025 585 1064 ne
617 1012 799 1065 adeas.

261 1101 457 1156 XXIX.
505 1104 768 1158 Mortuum
798 1112 946 1158 tuum
981 1105 1036 1158 in
1065 1105 1293 1161 ecclesia
1329 1123 1400 1162 ne
1434 1109 1688 1184 sepelias.

261 1195 436 1251 XXX.
477 1196 557 1250 Ad
591 1197 835 1267 symbola
859 1205 915 1252 et
947 1199 1191 1254 convivia
1218 1213 1282 1253 ne
1303 1213 1580 1268 properes.

255 1374 457 1430 XXXI.
492 1373 667 1431 Bonos
698 1390 876 1432 mores
913 1391 942 1431 a
988 1375 1282 1447 majoribus
1335 1377 1440 1432 luis
1463 1376 1608 1433 disce
1628 1391 1762 1447 quo-

178 1465 339 1518 Iidie.

256 1543 476 1613 XXXII.
500 1557 712 1613 Nullum
746 1560 1078 1630 aggrediaris
1121 1575 1276 1629 opus,
1310 1559 1670 1630 quodcunque
1698 1559 1761 1614 il-

178 1647 276 1702 lud
300 1650 395 1710 sit,
426 1649 726 1703 inconsulto
755 1649 910 1703 Patre
937 1651 1267 1705 monasterii.

258 1737 501 1794 XXXIII.
550 1739 606 1794 Si
638 1742 942 1808 perrexeris
973 1753 1230 1812 aquatum
1273 1743 1356 1798 vel
1391 1742 1492 1798 iter
1537 1743 1752 1809 Ieceris,

179 1831 302 1900 lege
333 1841 384 1886 et
415 1834 678 1887 meditare
703 1841 963 1901 quantum
994 1833 1214 1903 poteris.

258 1920 504 1977 XXXIV.
535 1922 946 1993 Eleetnosynam
981 1938 1142 1994 quam
1171 1923 1438 1996 elargiris,
1472 1939 1544 1982 ne
1579 1932 1763 1980 osten-

178 2023 473 2155 usXXXV.
505 2101 562 2157 Si
597 2106 650 2157 In
679 2103 799 2158 loco
821 2103 1072 2174 quopiam
1115 2103 1357 2161 adlueris
1384 2104 1438 2160 in
1486 2119 1594 2176 quo
1626 2103 1761 2160 llunt

174 2205 408 2262 agapes,
445 2192 670 2247 comede
701 2202 756 2247 et
775 2194 976 2264 gratias
1001 2194 1143 2266 agito
1168 2193 1292 2251 Deo.

254 2281 503 2338 XXXVI.
570 2283 755 2353 Noctu
793 2286 989 2357 diuque
1049 2302 1147 2358 pro
1202 2287 1438 2358 peccatis
1499 2287 1606 2344 tuis
1663 2289 1763 2344 do-

177 2373 321 2429 leas.

256 2466 527 2522 XXXVII.
561 2467 694 2525 Esto
723 2469 972 2542 alligatus
994 2470 1341 2543 inclususque
1368 2480 1528 2528 noctu
1559 2473 1760 2547 diuque

175 2557 236 2611 in
272 2559 486 2635 cucullo
520 2570 628 2626 tuo,
668 2563 866 2627 tunica,
901 2571 1121 2633 totoque
1152 2564 1338 2618 habitu
1369 2572 1480 2620 tuo.

255 2647 543 2705 XXXVIII.
572 2653 825 2706 Accende
859 2652 1134 2708 lucernam
1163 2663 1307 2708 tuam
1330 2654 1451 2710 oleo
1477 2654 1757 2710 oculorum

181 2745 429 2802 tuorum,
465 2754 656 2811 nempe
691 2741 961 2812 lacrymis.

257 2830 507 2887 XXXIX.
563 2833 620 2888 Si
657 2835 901 2904 religioni
931 2848 1151 2905 operam
1194 2833 1428 2900 dederis,
1469 2850 1536 2891 ne
1561 2833 1759 2905 glorie-

179 2940 367 3066 l“XL.
400 3011 740 3079 Quaerentem
774 3011 973 3070 Christi
1005 3013 1162 3070 fidem
1194 3029 1262 3070 ne
1282 3014 1520 3084 rejicias.

248 3103 391 3159 XLI.
423 3104 800 3176 Cogitationes
841 3116 960 3162 tuas
1009 3106 1261 3200 omnibus
1293 3121 1359 3163 ne
1397 3105 1628 3177 aperias,
1664 3107 1755 3164 sed
1785 3137 1834 3200 ο

180 3197 250 3252 iis
277 3205 486 3252 tantum
520 3198 609 3267 qui
640 3199 878 3253 animam
912 3207 1056 3252 tuam
1091 3198 1300 3254 salvare
1331 3207 1574 3269 possunt.

252 3287 417 3346 XLII.
441 3289 520 3344 Ad
551 3303 779 3346 messem
805 3303 930 3344 cum
969 3291 1298 3361 perrexeris,
1329 3305 1396 3346 ne
1429 3306 1608 3347 moras
1632 3306 1758 3362 pro-

181 3381 395 3446 trahas,
429 3381 521 3436 sed
555 3381 786 3436 reditum
816 3381 884 3436 ad
911 3382 1297 3436 monasterium
1321 3382 1584 3437 accelera.

251 3471 440 3527 XLIII.
466 3471 718 3527 Habitum
750 3487 857 3541 quo
905 3472 1173 3542 glorieris,
1215 3486 1282 3527 ne
1309 3473 1520 3529 induas.

250 3561 445 3617 XLIV.
484 3562 682 3619 Vocem
710 3571 856 3617 tuam
879 3577 946 3618 ne
967 3561 1215 3629 extollas,
1241 3563 1344 3620 nisi
1373 3564 1758 3620 canonicarum

180 3656 489 3710 orationum
521 3663 780 3725 tempore.

254 3748 416 3803 XLV.
465 3746 573 3803 Ora
615 3751 669 3803 in
717 3746 852 3804 cella
894 3757 1002 3813 tua,
1057 3755 1346 3820 antequam
1376 3750 1444 3805 ad
1474 3751 1757 3807 ecclesiam

182 3841 565 3912 proﬁciscaris.
1202 3836 1206 3841 ’

253 3929 440 3984 XLVI.
467 3931 714 3985 Animam
745 3938 889 3986 tuam
916 3932 1154 4010 quotidie
1189 3932 1476 3989 mortiﬁca.
1579 3982 1583 3986 λ

258 4020 469 4078 XLVII.
499 4021 842 4080 Inﬁrmitates
882 4023 1083 4081 nemini
1113 4025 1364 4094 obiicias.

255 4197 489 4254 XLVIII.
518 4197 702 4266 Neque
723 4196 996 4267 glorieris,
1020 4211 1196 4268 neque
1220 4197 1399 4254 rideas
1431 4199 1684 4258 omnino.

254 4289 445 4346 XLIX.
483 4289 705 4346 Maestus
726 4299 840 4346 esto
867 4289 1124 4346 continuo
1149 4305 1248 4361 pro
1269 4292 1508 4362 peccatis
1537 4292 1664 4360 tuis,
1696 4308 1760 4348 ac

184 4384 228 4439 si
263 4383 497 4439 haberes
530 4390 801 4438 mortuum
830 4381 884 4436 in
919 4383 1078 4438 domo
1119 4391 1205 4437 tua
1237 4397 1476 4452 semper.

947 333 1006 390 S.
1048 329 1326 388 ANTONII
1366 330 1436 387 Μ.
1478 331 1778 387 ABBATIS
1817 329 2120 388 REGULE
2163 327 2249 386 ET
2289 328 2700 389 PRECEPTA.
2785 297 2807 314 .

1790 449 1838 503 Α
1867 441 1950 496 Ea:
1972 443 2147 496 codice
2180 441 2496 513 Regularum
2515 441 2572 499 S.
2592 440 2857 497 Benedicti
2876 441 3189 497 Attianenais
3203 443 3429 502 abbatis.

3288 333 3425 390 5070

1944 555 2122 610 XVIII.
2165 555 2242 611 Ne
2293 557 2530 628 loquaris
2581 557 2634 612 in
2658 556 2920 622 ecclesia;
2974 573 3072 613 nec
3119 558 3352 614 resideas
3379 560 3436 614 in

1870 649 2084 702 exedris
2124 651 2458 705 monasterii.

1941 739 2080 794 XIX.
2118 740 2232 796 Non
2290 743 2471 811 jurato
2504 751 2714 810 penitus
2765 744 2847 799 vel
2897 745 3177 800 veritatem
3213 743 3298 799 vel
3337 743 3434 801 du-

1871 829 2035 883 bium.

1937 922 2055 976 XX.
2091 923 2166 978 Ne
2206 934 2355 994 petas
2381 925 2685 991 ecclesiam,
2739 926 2806 980 ad
2851 940 3011 996 quam
3045 934 3438 997 congregantur

1869 1013 2133 1068 homines.
2193 1015 2368 1086 Eroga
2393 1017 2823 1088 eleemosynam,
2865 1029 3122 1088 quantum
3155 1031 3326 1090 potes.
3356 1018 3436 1074 Ne

1869 1106 2097 1172 sepelias
2123 1118 2389 1161 mortuum
2414 1110 2467 1163 in
2497 1109 2746 1166 ecclesia.

1940 1192 2076 1247 XXI.
2109 1193 2186 1249 Ne
2221 1197 2393 1252 facias
2425 1199 2701 1267 convivia;
2746 1215 2843 1257 nec
2875 1200 2939 1255 ad
2980 1202 3310 1272 sympos'ium
3341 1216 3436 1258 vo-

1869 1295 2021 1340 catus
2046 1288 2288 1342 accedas.

1939 1376 2104 1432 XXII.
2144 1379 2373 1434 Addisce
2399 1381 2636 1450 quotidie
2663 1382 2995 1452 disciplinam
3025 1399 3052 1438 a
3087 1385 3386 1441 senioribus
3414 1403 3429 1440 :

1868 1483 1967 1524 nec
1995 1470 2160 1526 ullum
2191 1473 2520 1542 aggredieris
2547 1488 2700 1543 opus,
2732 1476 2832 1531 nisi
2868 1477 3108 1533 consulto
3133 1475 3294 1533 Patre
3319 1494 3435 1535 mc-

1866 1563 2105 1620 nasterii.

1936 1738 2124 1796 XXIII.
2145 1740 2280 1795 Cum
2321 1741 2438 1796 abis
2475 1742 2542 1797 ad
2598 1709 2947 1800 hauriendam
2978 1761 3194 1816 aquam,
3219 1745 3434 1802 interim

1795 1809 1837 1863 Β
1865 1830 1990 1886 dum
2021 1833 2122 1886 iter
2145 1832 2389 1901 conficis,
2428 1834 2542 1904 lege
2563 1849 2823 1906 quantum
2857 1848 3028 1908 potes.

1931 1921 2125 1980 XXIV.
2159 1923 2216 1980 Si
2247 1927 2555 1995 erogaveris
2603 1929 3020 2001 eleemosynam,
3083 1945 3152 1986 ne
3194 1938 3437 1987 ostentes

1865 2013 2028 2069 illam.
2065 2015 2122 2070 Si
2154 2015 2392 2072 adfueris
2417 2019 2598 2090 aliquo
2625 2019 2678 2074 in
2721 2020 2840 2076 loco
2868 2023 2955 2076 ubi
2987 2032 3240 2093 erogatur
3290 2024 3435 2079 elec-

1862 2121 2106 2179 mosyna,
2139 2111 2359 2167 comede
2395 2120 2451 2168 et
2486 2112 2687 2182 gratias
2711 2127 2809 2183 age
2833 2113 2961 2196 Deo.

1935 2287 2102 2344 XXV.
2155 2288 2492 2348 Contristare
2521 2300 2680 2349 noctu
2716 2293 2914 2365 diuque
2937 2307 3036 2364 pro
3062 2303 3288 2365 peccato
3318 2304 3429 2352 tuo.

1863 2377 1993 2433 Esto
2042 2379 2320 2438 devinctus
2351 2384 2404 2439 in
2436 2385 2642 2440 cuculla
2689 2394 2800 2450 tua,
2831 2396 2885 2441 et
2917 2385 2967 2440 in
2997 2387 3174 2442 tunica
3204 2395 3290 2444 tua
3337 2402 3434 2443 no-

1861 2480 1950 2526 ctu
1983 2482 2144 2543 atque
2160 2475 2266 2552 die.
2297 2476 2545 2534 Accende
2575 2479 2872 2550 lampadem
2903 2487 3049 2536 tuam
3099 2479 3215 2541 oleo
3243 2481 3430 2537 oculo-

1861 2579 1980 2618 rum
2015 2575 2249 2632 tuorum,
2276 2583 2466 2638 nempe
2494 2569 2772 2642 lacrymis.
2808 2573 2866 2627 Si
2895 2573 3110 2643 pietatis
3136 2581 3286 2633 actus
3317 2573 3406 2629 edi
3434 2599 3438 2607 -

1860 2655 2025 2722 deris,
2077 2673 2145 2713 ne
2189 2658 2457 2728 glorieris.
2511 2659 2590 2716 Ne
2643 2662 2884 2720 dimittas
2936 2680 3281 2736 quemquam,
3339 2668 3430 2736 qui

1860 2749 2053 2818 quaerit
2091 2749 2386 2807 Christum.
2455 2751 2533 2809 Ne
2588 2754 2838 2824 propales
2901 2755 3253 2824 cogitationes
3307 2765 3431 2811 tuas

1857 2840 2068 2897 cunctis
2123 2841 2454 2911 hominibus,
2485 2845 2577 2901 sed
2610 2830 2782 2902 solum
2842 2845 2910 2903 iis
2939 2847 3032 2918 qui
3069 2856 3294 2919 possunt
3327 2847 3433 2905 sal-

1861 2946 1988 2988 vare
2017 2933 2252 2990 animam
2283 2944 2451 2992 tuam.

1931 3279 2122 3338 XXVI.
2150 3281 2207 3338 Si
2238 3283 2440 3341 abieris
2468 3287 2536 3342 ad
2560 3301 2812 3357 messem,
2841 3305 2908 3348 ne
2935 3292 3182 3360 moreris,
3206 3294 3299 3350 sed
3320 3295 3433 3351 cito

1863 3382 2134 3428 revertere
2161 3374 2227 3428 ad
2262 3377 2670 3433 monasterium.

1932 3462 2142 3520 XXVII.
2186 3466 2263 3522 Ne
2295 3467 2488 3524 induas
2537 3461 2898 3541 vestimenta,
2959 3473 3156 3544 quibus
3201 3475 3429 3532 extolla-

1862 3554 1957 3608 ris.
1993 3555 2068 3611 Ne
2089 3567 2332 3614 ostentes
2353 3575 2537 3616 vocem
2584 3572 2749 3630 tuam,
2786 3565 2888 3620 nisi
2931 3566 2984 3622 in
3023 3569 3269 3623 oratione
3293 3583 3434 3638 prae-

1861 3656 2039 3717 cepta.
2065 3648 2172 3706 Ora
2187 3650 2260 3733 [in
2290 3653 2450 3710 domo
2478 3663 2590 3722 tua,
2614 3665 2905 3727 antequam
2943 3659 3125 3716 venias
3157 3662 3224 3715 ad
3253 3660 3431 3716 eccle-

1860 3755 2016 3796 εωῐη.

1933 3926 2166 3984 XXVIII.
2198 3927 2459 3984 Mortiﬁca
2495 3928 2833 3999 temetipsum
2863 3933 3122 4001 quotidie.

1935 4022 2127 4078 XXIX.
2162 4021 2238 4077 Ne
2261 4023 2594 4093 improperes
2615 4022 2891 4094 cuiquam,
2918 4039 3081 4080 causa
3107 4023 3352 4080 dolorum
3378 4034 3434 4081 et

1861 4114 2212 4172 amictionum
2247 4130 2383 4186 quas
2416 4117 2639 4186 patitur.

1929 4207 2099 4262 XXX.
2127 4207 2202 4261 Ne
2227 4209 2496 4279 glorieris,
2533 4223 2708 4279 neque
2738 4208 2913 4284 rideas
2940 4209 3180 4266 omnino.
3208 4208 3280 4263 Da
3306 4224 3436 4277 ope-
3477 4261 3481 4266 .

1863 4314 1974 4353 ram
2001 4308 2059 4353 ut
2083 4297 2263 4367 lugeas
2283 4298 2352 4352 ob
2377 4307 2658 4367 peccatum
2684 4305 2858 4360 tuum,
2875 4298 3014 4352 sicut
3035 4297 3178 4367 luget
3200 4299 3245 4354 is
3270 4313 3434 4368 penes

1859 4403 2019 4459 quem
2070 4388 2264 4456 aliquis
2307 4397 2552 4442 mortuus
2574 4395 2676 4444 est.
2711 4377 2751 4441 Ιεκ
2757 4403 2820 4442 ac
2860 4395 3123 4456 quantum
3155 4397 3331 4458 potes,
3374 4404 3430 4442 ut

254 4475 320 4530 L.
353 4473 583 4544 Operam
607 4473 674 4528 da
690 4484 948 4543 quantum
968 4482 1142 4544 potes,
1171 4483 1224 4528 ut
1252 4473 1572 4545 gloriﬁcetur
1594 4473 1757 4532 Pater
1786 4485 1832 4541 ῃ
1861 4476 2180 4549 gloriﬁcatur
2213 4476 2372 4532 Pater
2406 4486 2527 4531 tuus
2565 4479 2748 4547 quiest
2773 4478 2825 4531 in
2849 4477 2990 4532 caelia
3019 4479 3060 4532 ³.

185 4576 306 4620 tutu
333 4567 424 4635 qui
445 4574 518 4620 est
549 4565 604 4619 in
623 4564 764 4620 mli;
793 4564 840 4623 ⁸.
1458 4635 1468 4645 ,

253 4657 342 4713 LI.
370 4656 596 4726 Corripe
631 4655 769 4712 tilios
799 4664 940 4724 tuos,
967 4671 1065 4714 nec
1094 4672 1323 4729 parcas;
1362 4657 1487 4728 quia
1519 4658 1757 4729 ipsorum

185 4747 465 4803 damnatio
488 4762 519 4801 a
555 4757 606 4802 te
643 4747 907 4818 exigetur.

255 4839 369 4894 LII.
401 4839 482 4894 Ne
510 4838 763 4894 comedas
785 4839 852 4893 ad
875 4839 1202 4896 satietatem.

254 4931 392 4988 LIII.
434 4915 678 4986 Dormias
708 4944 922 4999 parum,
954 4942 1008 4986 et
1049 4947 1173 4989 cum
1208 4948 1489 5002 mensura;
1521 4934 1758 4990 invisent

186 5035 238 5082 te
265 5024 458 5095 angeli.

256 5114 395 5171 LIV.
425 5116 560 5170 Cum
605 5115 846 5172 oraveris
887 5124 941 5171 et
971 5115 1067 5171 Dei
1112 5117 1445 5183 memineris,
1486 5118 1760 5174 constitue

183 5206 432 5263 habitum
473 5215 623 5263 tuum
641 5223 747 5279 quo
771 5224 831 5266 es
862 5207 1100 5274 indutus,
1135 5219 1196 5265 ut
1221 5211 1336 5268 alas
1364 5211 1559 5281 quibus
1587 5221 1758 5266 trans-

182 5295 357 5351 lretes
389 5312 539 5352 mare
568 5299 801 5367 igneum.

256 5386 369 5444 LV.
403 5390 484 5446 Ad
505 5403 734 5463 aegrotos
761 5397 1127 5466 proﬁciscere,
1165 5404 1220 5452 et
1247 5407 1432 5451 eorum
1457 5408 1583 5450 vasa
1612 5406 1752 5461 aqua

183 5476 372 5546 imple.

256 5567 391 5624 LVI.
426 5567 649 5641 Lingua:
676 5577 976 5632 certamina
1006 5576 1171 5634 evita.

259 5746 284 5780 ⁸
319 5745 513 5804 Matth.
546 5763 598 5817 ν,
642 5749 729 5806 16.

1938 4653 2126 4709 XXXI.
2158 4655 2383 4727 Corrige
2423 4655 2589 4709 illium
2625 4665 2799 4722 tuum,
2831 4670 2930 4712 nec
2951 4669 3186 4725 parcas;
3216 4655 3436 4710 damna-

1868 4747 1940 4802 tio
1959 4747 2101 4800 euim
2138 4746 2277 4800 illius
2309 4761 2338 4800 a
2365 4756 2415 4801 te
2441 4746 2691 4816 exigitur.

1938 4835 2153 4893 XXXII.
2203 4836 2312 4892 Nec
2362 4838 2614 4893 comedas
2642 4837 2706 4892 ad
2755 4837 3096 4904 satietatem;
3155 4853 3255 4893 nec
3311 4837 3435 4892 dor-
3485 4887 3488 4890 .

1866 4931 2024 4997 mias,
2058 4929 2161 4986 nisi
2211 4945 2403 5001 parum
2457 4940 2512 4986 et
2553 4930 2860 4997 moderate;
2911 4941 2965 4986 et
3005 4932 3226 4987 veniant
3277 4931 3345 4986 ad
3382 4939 3434 4987 te

1865 5023 2058 5092 auge“.
2789 5070 2792 5074 ί

1936 5113 2171 5169 XXXIII.
2193 5113 2328 5169 Cum
2365 5115 2629 5182 oraveris,
2660 5126 2715 5172 et
2745 5130 2952 5173 memor
2976 5116 3142 5172 fueris
3183 5116 3297 5182 Dei,
3347 5115 3436 5171 fac

1864 5206 1959 5260 tibi
1989 5207 2300 5262 indumenta
2332 5215 2420 5262 tua
2463 5206 2575 5262 sint
2604 5206 2725 5276 alae,
2747 5217 2802 5264 et
2826 5207 3064 5264 evolabis
3091 5221 3252 5278 super
3281 5220 3432 5262 mare

1863 5298 2102 5367 igneum.

1936 5388 2172 5446 XXXIV.
2199 5389 2372 5447 Visila
2395 5400 2629 5462 mgrotos
2657 5400 2713 5447 et
2736 5391 3002 5458 inlirmos,
3021 5399 3076 5447 et
3100 5389 3262 5462 imple
3281 5406 3434 5449 men-

1864 5497 2020 5538 suras
2047 5498 2141 5539 seu
2170 5499 2298 5540 vasa
2330 5499 2516 5540 eorum
2545 5498 2706 5554 aqua.

1934 5573 2151 5631 XXXV.
2177 5574 2256 5633 Ne
2287 5590 2490 5648 pugnes
2515 5575 2717 5647 lingua.
2747 5574 2826 5632 Ita
2848 5581 2900 5633 te
2931 5582 3154 5647 prastat,
3185 5575 3430 5648 athene.
