3860 6320
394 327 529 391 1071

495 441 580 499 Ex
609 441 861 507 Arabico,
894 441 1177 508 interprete
1200 436 1501 493 Abraltamo
1528 436 1875 493 Eccltellemi.

465 614 618 671 LVII.
651 615 790 673 Cura
829 623 888 669 ut
908 627 1098 671 omnes
1129 613 1379 671 homines
1410 622 1459 669 te
1488 612 1833 671 benedicant.

462 1057 645 1115 LVIII.
671 1058 750 1116 Te
770 1074 946 1130 ipsum
988 1059 1057 1116 ad
1084 1071 1247 1132 Opera
1280 1074 1545 1115 manuum
1573 1073 1737 1131 urge;
1773 1060 1982 1119 inhabi-

390 1156 525 1211 taltit
549 1155 603 1210 in
622 1163 683 1217 te,
708 1154 871 1209 timor
896 1153 1012 1209 Dei.

461 1247 649 1307 LXIX.
686 1248 744 1307 Si
792 1263 956 1321 quem
1005 1247 1230 1303 fratrem
1279 1245 1485 1302 videris
1532 1260 1829 1317 peccasse,
1882 1244 1978 1303 sed

387 1358 499 1401 non
536 1344 604 1399 ad
650 1351 878 1397 mortem
907 1340 930 1371 ⁹
955 1383 969 1407 ,
1005 1354 1073 1395 ne
1114 1346 1435 1394 contemnas
1483 1336 1657 1405 illum,
1710 1336 1977 1407 despicias

385 1446 484 1491 aut
529 1437 753 1492 damnes
797 1453 811 1489 :
858 1432 1063 1488 incides
1096 1430 1241 1486 enim
1288 1430 1343 1485 in
1393 1445 1588 1487 manus
1625 1428 1974 1486 inimicorum

382 1534 625 1581 tuorum.

459 1618 572 1674 LX.
600 1620 744 1674 Cave
772 1631 838 1672 ne
862 1613 1167 1685 pelliciatur
1193 1612 1498 1671 intellectus
1542 1612 1806 1669 memoria
1830 1626 1972 1684 prte-

382 1713 673 1768 teritorum
703 1718 1070 1782 peccatorum,
1101 1720 1178 1771 ne
1200 1706 1526 1763 innoventur
1561 1705 1616 1761 in
1656 1715 1729 1763 te.

1459 320 1737 379 PATRES
1774 317 2081 378 AZGVPTII
2119 317 2393 381 SECULI
2433 322 2523 381 IV.

2004 441 2052 499 Α

3530 334 3696 393 1072

2220 435 2306 493 Ex
2324 438 2502 495 codice
2518 436 2841 510 Regelarqu
2866 441 2924 497 S.
2947 440 3215 499 Benedicti
3231 445 3547 504 Anianenu's

2754 533 2989 591 abbatis.

2081 616 2262 672 dicant
2292 630 2344 675 te
2378 636 2591 679 omnes.
2646 621 2715 680 Et
2753 622 3014 681 Dominus
3038 622 3199 685 Iesus
3231 624 3490 687 Christus
3512 644 3685 701 opem

2082 709 2239 765 nobis
2264 711 2456 769 atterat
2485 714 2558 769 ad
2592 716 2925 787 operandam
2964 719 3263 775 secundum
3296 720 3471 791 ipsius
3510 721 3688 778 bene-

2074 800 2337 871 placitum
2366 818 2383 857 :
2408 805 2493 861 cui
2518 806 2691 876 gloria
2725 824 2850 865 cum
2891 808 3055 868 Patre
3082 826 3208 882 suo,
3230 820 3289 868 et
3316 811 3529 885 Spiritu
3566 828 3682 870 suo

2078 905 2270 952 sancto
2296 896 2348 952 in
2371 900 2653 956 saeculum.
2684 901 2882 961 Amen.

2225 985 2357 1053 Quae
2376 1000 2688 1060 sequuntur,
2718 994 2979 1053 habentur
3005 998 3059 1055 in
3080 997 3191 1055 alio
3210 999 3527 1071 exemplari.

2150 1076 2394 1137 XXXVI.
2422 1082 2568 1155 Coge
2597 1094 2653 1142 te
2674 1086 2854 1158 ipsum
2875 1088 2929 1146 itt
2953 1105 3118 1163 opere
3141 1106 3402 1149 manuum
3429 1102 3677 1161 tuarum.

2076 1178 2134 1224 et
2167 1168 2329 1226 timor
2361 1172 2577 1232 Domini
2618 1178 2950 1236 inhabitabit
2982 1182 3034 1238 in
3059 1192 3132 1240 te.

2151 1260 2416 1322 XXXVII.
2449 1266 2507 1324 Si
2542 1273 2898 1342 conspexeris
2934 1272 3161 1331 fratrem
3206 1275 3448 1348 aliquem
3483 1290 3679 1347 perpe—

2097 1360 2337 1411 trantem
2361 1370 2641 1429 peccatum
2672 1380 2781 1422 non
2815 1367 2883 1422 ad
2913 1376 3146 1425 mortem
3175 1370 3223 1438 ‘,
3254 1385 3322 1427 ne
3351 1380 3678 1426 contemnas

2077 1455 2131 1502 et
2154 1448 2447 1520 despicias,
2468 1468 2645 1525 neque
2661 1463 2992 1517 condemnes
3012 1461 3165 1518 illum
3185 1478 3201 1530 ;
3234 1462 3447 1521 incides
3467 1465 3679 1536 quippe

2081 1540 2134 1595 in
2168 1558 2387 1600 manum
2415 1546 2758 1607 Iuimicorum
2788 1560 3027 1612 tuorum.

2150 1628 2437 1693 XXXVIII.
2460 1639 2602 1698 Cave
2630 1643 2725 1700 tibi
2756 1659 2825 1702 ne
2846 1646 3137 1705 seducatur
3187 1648 3495 1707 intellectus
3522 1636 3677 1716 tuus.

2078 1729 2429 1787 memorando
2454 1743 2675 1800 peccata
2704 1744 2792 1791 tua
2815 1738 3017 1808 priora,
3041 1755 3109 1796 ne
3144 1752 3479 1796 renoventur
3512 1744 3569 1796 in
3598 1753 3673 1799 te.

459 1803 598 1906 LXI.
646 1802 1013 1860 Humilitatem
1045 1801 1243 1873 dilige;
1288 1810 1345 1857 et
1389 1799 1505 1871 ipsa
1546 1808 1803 1872 proteret
1847 1807 1899 1856 ιε
1943 1813 1976 1855 ει
2007 1798 2051 1857 Β
2157 1817 2400 1878 xxxxx.
2435 1798 2606 1896 Dilige
2646 1798 3029 1897 humilitatem,
3075 1847 3197 1903 qua:
3252 1843 3504 1906 proteget
3555 1846 3609 1890 te
3639 1852 3674 1889 ι

388 1907 647 2047 98:33:.
663 1989 741 2046 Ne
784 1990 1123 2061 importunus
1166 1988 1263 2053 sis,
1306 1988 1654 2059 verbumque
1682 1997 1832 2045 tuum
1860 1997 1974 2046 sta-

376 2089 540 2138 tuere
563 2083 880 2149 contendas,
908 2095 976 2137 ne
1011 2080 1142 2138 insit
1176 2079 1275 2137 tibi
1296 2080 1524 2137 malum.

454 2173 640 2232 LXIII.
673 2174 985 2246 Sapientem
1022 2190 1090 2231 ne
1117 2183 1168 2230 te
1203 2182 1464 2245 reputes;
1496 2174 1751 2246 superbia
1779 2173 1971 2247 effere-

377 2276 475 2325 tur
520 2269 701 2326 anima
768 2276 903 2337 tua,
978 2268 1299 2340 incidesque
1356 2266 1414 2323 in
1498 2283 1694 2326 manus
1738 2269 1972 2326 hostium

386 2371 625 2416 tuorum.

448 2378 635 2511 ῗῖἒῖιζτ.
656 2454 954 2511 Assuescat
978 2451 1161 2525 lingua
1187 2460 1280 2509 tua
1331 2451 1546 2510 dicere:
1568 2450 1790 2523 Ignosce
1819 2452 1973 2521 mihi,

382 2559 438 2601 et
467 2547 718 2603 adveniet
740 2547 839 2604 tibi
864 2546 1160 2604 humilitas.

453 2636 617 2693 LXV.
653 2637 791 2699 Cum
818 2636 1033 2695 sederis
1064 2635 1120 2693 in
1148 2634 1345 2694 cellula
1376 2642 1504 2702 tua,
1552 2648 1684 2691 cura
1719 2634 1837 2691 hate
1871 2633 1971 2689 tria

382 2729 738 2801 persolvere:
775 2743 912 2801 opus
934 2743 1193 2786 manuum
1226 2736 1467 2797 tuarum,
1502 2725 1796 2785 lectionem
1828 2725 1974 2796 psal-

380 2838 598 2881 morum
637 2831 693 2880 et
722 2824 1019 2880 orationes.

455 3001 640 3058 LXVI.
673 3004 862 3074 Cogita
906 3018 1077 3076 penes
1103 3013 1158 3061 te
1185 3018 1250 3060 ac
1284 3003 1489 3061 dicito:
1526 3002 1644 3059 Non
1673 3018 1790 3061 sum
1821 3019 1975 3060 man-

2088 1923 2331 1981 peecato.
2382 1914 2463 1971 Ne
2502 1919 2581 1976 sis
2629 1923 2878 1992 pertinax
2924 1925 2991 1978 ad
3040 1927 3389 1983 statuendum
3438 1927 3673 1983 verbum

2081 2014 2255 2075 tuum,
2280 2024 2348 2065 ne
2372 2021 2601 2082 occupet
2628 2024 2679 2069 te
2707 2016 2929 2073 malum.
2972 2018 3053 2075 Ne
3095 2028 3314 2091 reputes
3343 2028 3396 2077 te
3443 2023 3678 2091 sapien-

2082 2108 2229 2155 tem:
2263 2102 2681 2175 etgloriaberis,
2717 2116 2773 2164 et
2805 2109 3014 2168 incides
3040 2112 3094 2167 in
3141 2126 3362 2168 manum
3410 2112 3678 2171 inimico-

2082 2207 2199 2247 rum
2228 2203 2461 2254 tuorum.
2486 2197 2779 2258 Assuescat
2808 2202 2989 2275 lingua
3038 2213 3136 2262 tua
3173 2206 3357 2264 dicere
3388 2223 3404 2261 :
3435 2206 3679 2278 Ignosce

2079 2286 2207 2340 mihi
2230 2328 2248 2353 ,
2269 2295 2326 2343 et
2356 2294 2707 2364 consequeris
2736 2296 3123 2354 humilitatem.

2150 2626 2263 2685 XL.
2299 2628 2433 2686 Cum
2460 2629 2668 2690 sederis
2712 2630 2767 2687 in
2795 2632 2929 2690 cella
2982 2644 3094 2701 tua,
3145 2635 3412 2694 sollicitus
3441 2647 3563 2696 esto
3603 2642 3677 2696 de

2081 2721 2254 2778 tribus
2300 2720 2449 2780 hisce
2482 2723 2644 2781 rebus
2695 2736 2994 2797 perpetuo,
3044 2728 3343 2797 nimirum,
3387 2731 3461 2787 de
3501 2747 3678 2804 opere

2079 2828 2338 2870 manuum
2364 2825 2599 2882 tuarum,
2622 2816 2688 2873 de
2711 2818 3061 2877 meditatione
3090 2828 3307 2879 tuorum
3326 2824 3675 2894 psalmorum

2079 2914 2130 2960 et
2164 2904 2230 2960 de
2258 2904 2504 2963 oratione
2530 2915 2641 2963 tua.

2154 2996 2288 3053 XLI.
2325 2997 2514 3070 Cogita
2562 3003 2701 3071 apud
2734 3011 3087 3075 temettpsum
3122 3016 3177 3063 et
3210 3006 3420 3065 dicito:
3469 3008 3676 3077 Utique

381 3112 546 3154 surus
578 3100 630 3153 in
659 3099 763 3155 hoc
794 3098 1017 3168 mundo,
1054 3098 1159 3155 nisi
1185 3099 1285 3156 hac
1311 3098 1436 3167 die;
1474 3107 1530 3155 et
1562 3113 1674 3157 non
1723 3098 1974 3169 peccabis
2023 3171 2036 3173 _
2083 3106 2189 3148 non
2215 3093 2446 3151 manebo
2468 3094 2521 3149 in
2558 3096 2661 3152 hoc
2689 3102 2912 3163 munde.
2948 3100 3054 3156 nisi
3104 3104 3354 3173 praesenti
3396 3104 3500 3160 hac
3533 3106 3670 3172 die:

382 3190 519 3247 Deo.

456 3283 663 3340 LXVII.
700 3282 778 3341 Ne
826 3284 903 3342 sis
942 3282 1163 3355 gulosus
1189 3292 1245 3339 et
1287 3282 1502 3339 deditus
1541 3280 1701 3349 cibis,
1733 3295 1801 3338 ne
1823 3280 1978 3337 inno-

382 3385 580 3433 ventur
616 3376 673 3432 in
700 3386 752 3432 te
782 3376 962 3447 priora
996 3383 1087 3432 tua
1118 3384 1365 3447 peccata.

454 3470 683 3528 LXVIII.
719 3469 931 3529 Nullius
964 3468 1169 3527 laboris
1199 3467 1394 3526 tardeat
1415 3475 1509 3533 te;
1549 3476 1603 3523 et
1632 3467 1851 3537 requies
1881 3465 1974 3522 tibi

378 3565 838 3622 citoimmittetur
871 3580 901 3620 a
926 3564 1058 3622 Deo.

456 3657 643 3713 LXIX.
680 3657 1147 3727 Quemadmodum
1196 3656 1355 3712 ruina
1385 3665 1539 3712 extra
1566 3653 1847 3712 civitatem
1889 3654 1973 3710 in-

382 3749 552 3805 servit
583 3750 652 3804 ad
696 3748 916 3805 ftetidas
957 3749 1147 3805 sordes
1173 3747 1464 3815 omnibus;
1500 3746 1575 3803 ita
1617 3746 1796 3802 anima
1834 3745 1971 3819 pigri

324 3864 327 3867 ν
372 3853 438 3898 et
466 3843 779 3913 impotentis
810 3844 903 3914 qui
947 3841 1250 3899 monastico
1281 3840 1531 3897 instituto
1556 3854 1615 3895 se
1645 3839 1863 3894 tradidit
1912 3838 1972 3893 fit

378 3937 789 4006 receptaculum
826 3937 1081 3992 omnibus
1107 3934 1454 4007 passionibus
1479 3942 1535 3988 et
1560 3932 1862 3989 ftetoribus.

451 4027 620 4085 LXX.
660 4028 882 4085 Enitere
921 4028 1206 4084 orationes
1248 4027 1471 4082 fundere
1514 4034 1805 4095 perpetuas
1845 4036 1969 4079 eum

376 4122 657 4193 Iacrymis,
697 4131 756 4177 ut
786 4121 926 4178 forte
961 4122 1289 4176 misereatur
1324 4121 1399 4175 tui
1427 4120 1593 4184 Deus,
1623 4125 1891 4188 exuatqne
1917 4127 1969 4173 te

372 4215 600 4271 homine
630 4215 821 4271 veteri.

449 4303 638 4363 LXXI.
662 4304 757 4362 llis
786 4320 907 4377 quae
940 4306 1032 4361 tibi
1059 4318 1325 4377 propono,
1352 4318 1575 4377 operam
1604 4318 1780 4360 nava:
1810 4317 1965 4360 nem-

369 4412 446 4469 pe
502 4397 697 4465 labori,
741 4399 1081 4470 paupertati,
1127 4398 1577 4471 peregrinationi,
1613 4397 1873 4454 aerumnis
1911 4403 1967 4453 et

2006 3171 2049 3230 Ο
2085 3194 2140 3239 et
2166 3200 2271 3241 non
2300 3185 2549 3256 peccabis
2592 3188 2725 3245 Deo.

2156 3275 2313 3333 XLII.
2349 3277 2426 3334 Ne
2452 3279 2530 3336 sis
2560 3280 2738 3338 helluo
2766 3282 3044 3350 ciborum,
3075 3301 3142 3343 ne
3171 3289 3566 3349 resuscitentar
3610 3291 3670 3346 in

2079 3376 2132 3423 te
2159 3367 2343 3436 priora
2371 3380 2611 3438 peccata.

2151 3460 2337 3520 XLIII.
2378 3461 2458 3521 Ne
2485 3466 2677 3522 taedeat
2714 3477 2764 3524 te
2794 3467 3041 3538 laboris;
3077 3481 3132 3530 et
3162 3475 3509 3545 superveniet
3560 3477 3671 3532 tibi

2076 3556 2184 3611 cito
2217 3558 2453 3628 requies.
2482 3559 2655 3615 Sicuti
2685 3562 2968 3632 parietinae
3010 3567 3289 3622 ruinarum
3314 3578 3471 3623 extra
3522 3571 3668 3625 civi-

2080 3660 2240 3706 tatem
2270 3652 2403 3709 fiunt
2426 3655 2577 3713 locus
2617 3656 2829 3715 fmtoris
2854 3660 3152 3727 omnibus;
3205 3663 3278 3718 ita
3302 3665 3482 3719 anima
3515 3665 3667 3735 pigri

2075 3745 2168 3891 tritti
2218 3747 2384 3894 εἴρίι
2425 3750 2836 3820 monachatum,
2865 3751 2956 3809 ﬂet
2981 3753 3574 3826 mansiopassionibus
3604 3768 3669 3813 et

2097 3839 2253 3893 aetori
2295 3854 2378 3894 us.

2097 3839 2378 3896 aetatibus.

2146 4020 2327 4078 XLIV.
2362 4021 2509 4095 Coge
2543 4032 2597 4081 te
2635 4039 2834 4095 ipsum,
2873 4036 2933 4081 ut
2961 4040 3089 4083 ores
3110 4036 3373 4098 perpetuo
3402 4043 3527 4085 eum
3574 4032 3664 4086 Ia-

2070 4117 2290 4184 crytnis,
2329 4124 2388 4173 ttt
2420 4116 2561 4175 forte
2601 4117 2928 4173 misereatur
2969 4119 3046 4174 tui
3091 4119 3251 4186 Deus,
3296 4130 3352 4176 et
3383 4131 3549 4178 exuat
3595 4134 3659 4180 te

2069 4209 2233 4262 veteri
2258 4208 2495 4265 homine.

2137 4299 2300 4356 XLV.
2332 4301 2631 4361 Persevera
2667 4302 2721 4359 in
2758 4302 2910 4360 hisce
2937 4305 3098 4360 rebus
3123 4318 3258 4375 quas
3295 4304 3469 4362 dicam
3503 4308 3661 4362 :sci-

2068 4392 2195 4448 licet
2246 4392 2299 4448 in
2330 4392 2536 4461 labore,
2565 4404 2901 4467 paupertate.
2922 4396 3375 4467 peregrinatione,
3403 4397 3661 4454 amicti“-

368 4491 616 4558 silentio,
641 4506 761 4563 quae
799 4500 852 4547 te
880 4491 1138 4547 humilem
1169 4490 1426 4548 efﬁciunt.
1465 4490 1759 4547 Humilitas
1776 4497 1959 4569 autem
1992 4526 2037 4580 ι)
2071 4482 2229 4540 nibus
2257 4491 2313 4539 ει
2336 4484 2555 4555 quiete;
2585 4494 2641 4542 ει
2665 4484 2893 4543 merent
2919 4485 3017 4542 libi
3050 4487 3406 4544 humilitatem
3432 4506 3448 4543 :
3472 4490 3660 4545 humi-

367 4584 556 4640 otnnia
579 4593 801 4655 peccata
829 4584 1076 4640 remittit.
1111 4583 1399 4641 Humilitas
1418 4598 1549 4641 vero
1575 4594 1682 4649 est,
1710 4591 1770 4638 ut
1800 4581 1961 4637 homo
1994 4576 2026 4580 '
2070 4576 2192 4631 litas
2216 4591 2349 4633 vero
2378 4576 2615 4635 dimittet
2644 4579 2830 4636 omnia
2862 4590 3111 4652 peccata.
3151 4581 3436 4640 Humilitas
3464 4592 3651 4639 autem

376 4690 437 4733 se
491 4687 832 4749 peccatorem
883 4684 1118 4748 reputet,
1149 4686 1204 4733 et
1232 4676 1375 4748 quod
1402 4676 1539 4735 nihil
1570 4676 1735 4733 faciat
1773 4690 1959 4733 coram

370 4765 660 4837 Deoboni;
688 4767 904 4824 silentio
930 4766 1227 4834 incumbat,
1256 4783 1315 4823 se
1338 4768 1510 4838 ipsum
1546 4768 1700 4824 nihili
1730 4771 1959 4839 habeat;

371 4860 613 4927 nemini,
657 4869 715 4916 ut
748 4877 842 4917 sua
886 4868 1088 4916 statuat
1134 4861 1337 4928 verba,
1388 4863 1493 4916 vim
1532 4861 1770 4931 inferat;
1829 4881 1955 4935 pro-

368 4953 555 5024 priam'
573 4954 802 5025 deponat
831 4953 1188 5019 voluntatem,
1222 4954 1394 5009 visum
1431 4954 1698 5023 demittat,
1726 4966 1955 5013 mortem

367 5056 634 5119 proponat
666 5057 793 5104 ante
823 5047 1031 5113 oculos,
1070 5062 1099 5103 a
1134 5046 1414 5103 mendacio
1456 5057 1665 5116 caveat,
1716 5065 1852 5106 vana
1884 5067 1952 5108 ne

366 5140 607 5211 proferat
634 5140 819 5207 verba,
860 5139 1124 5211 superiori
1166 5155 1236 5195 ne
1275 5139 1600 5209 respondeat
1625 5182 1641 5207 ,
1683 5142 1952 5212 patienter

365 5232 505 5286 ferat
536 5230 781 5302 injurias,
820 5242 875 5287 et
920 5230 989 5286 ad
1044 5229 1256 5287 labores
1286 5244 1349 5287 ac
1396 5230 1574 5286 tristia
1624 5246 1745 5289 sese
1791 5244 1949 5305 cogat

362 5323 664 5377 subeunda.
708 5322 949 5393 Satagite
970 5336 1121 5394 ergo,
1163 5322 1381 5389 fratres,
1416 5322 1531 5379 haec
1561 5337 1783 5381 servare
1809 5340 1947 5397 pra:-

362 5425 543 5484 cepta,
578 5427 647 5468 ne
672 5414 875 5483 absque
904 5412 1083 5470 fructu
1112 5413 1182 5471 sit
1214 5412 1323 5469 vita
1356 5424 1554 5471 vestra.

430 5586 641 5645 LXXII.
692 5589 978 5663 Promptus
1007 5604 1145 5659 esto,
1191 5606 1247 5650 ut
1278 5595 1427 5654 dicas
1461 5597 1528 5653 ad
1570 5597 1940 5671 quodcunque

418 5808 439 5838 '
475 5806 671 5867 llo-an.
708 5827 759 5881 v,
796 5813 883 5874 I6.

2066 4676 2169 4734 est,
2207 4679 2267 4725 ut
2296 4672 2459 4727 homo
2490 4681 2704 4744 reputet
2734 4688 2795 4729 se
2818 4674 2994 4746 ipsum
3036 4685 3398 4746 peccatorem,
3422 4679 3652 4749 etquod

2064 4762 2199 4818 nihil
2230 4763 2357 4820 boni
2396 4775 2670 4837 perpetret
2694 4770 2879 4823 coram
2908 4768 3051 4835 Deo;
3080 4779 3133 4827 et
3152 4769 3425 4826 adhareat
3452 4771 3651 4841 quieti,

2061 4865 2243 4912 etnon
2266 4858 2498 4914 aestimet
2520 4872 2579 4914 se
2614 4858 2789 4930 ipsum
2821 4861 3149 4933 quidquam;
3188 4872 3242 4918 et
3272 4877 3377 4919 non
3419 4862 3489 4918 sit
3516 4876 3647 4933 per-

2061 4949 2206 5004 tinax
2227 4950 2294 5006 ad
2311 4952 2653 5008 statuendum
2671 4954 2894 5010 verbum
2917 4969 3099 5023 suum;
3125 4965 3185 5010 ut
3209 4955 3489 5012 abscindat
3510 4969 3647 5011 con-

2055 5044 2445 5114 cupiscentiam
2484 5060 2660 5114 suam,
2697 5056 2755 5103 et
2782 5047 3033 5103 demittat
3084 5048 3314 5114 vultum,
3370 5058 3645 5120 ponatque

2054 5135 2156 5192 sibi
2186 5146 2417 5195 mortem
2461 5143 2589 5201 ante
2626 5135 2839 5204 oculos,
2878 5147 2936 5194 et
2991 5147 3175 5195 servet
3230 5139 3576 5208 semetipsum
3610 5156 3643 5198 a

2054 5229 2357 5297 mendacio,
2411 5239 2465 5286 et
2508 5245 2612 5288 non
2636 5231 2893 5304 loquatur
2922 5232 3087 5289 verba
3117 5232 3331 5300 otiosa;
3382 5246 3481 5289 nec
3555 5251 3645 5291 re—

2052 5326 2311 5396 spondeat
2354 5325 2656 5397 superiori;
2718 5335 2776 5383 et
2823 5326 3181 5396 opprobrium
3229 5325 3534 5395 sustineat,
3587 5338 3642 5383 et

2058 5415 2184 5473 odio
2211 5416 2405 5473 habeat
2443 5416 2727 5483 desidiam,
2756 5425 2811 5472 et
2844 5417 3008 5473 instet
3033 5415 3309 5472 laboribus
3336 5424 3393 5472 et
3434 5428 3635 5472 intero-

2055 5510 2225 5567 ribus.

2128 5527 2172 5564 Ill
2205 5548 2225 5567 ο

2128 5527 2309 5661 XLVI.
2350 5601 2552 5662 Curate
2597 5601 2781 5675 igitur,
2831 5599 3030 5682 fratres
3084 5598 3216 5671 mei,
3266 5598 3385 5658 hac
3418 5614 3640 5658 scrvare
