3860 6320
175 339 345 398 ηπ

309 451 399 508 ει
423 451 677 516 Arabico,
702 451 984 521 interprete
1008 453 1306 513 Abraham
1330 458 1676 521 Eccbellensi.

173 605 422 661 Verbum
483 608 628 678 quod
665 611 823 667 audis
855 630 869 667 :
900 611 1128 686 Ignosce
1155 623 1308 688 milii,
1346 623 1471 694 quia
1506 625 1782 686 humilitas

172 713 389 754 Otones
421 701 593 757 hostis
623 704 1053 764 machinationes
1077 711 1336 771 destruit.

268 787 508 847 LXXIII.
544 793 623 849 Ex
673 797 931 866 operibus
973 801 1104 869 tuis,
1153 819 1490 880 quacunque
1537 813 1670 882 sint,
1729 822 1785 870 te

174 883 369 953 ipsum
411 900 481 940 ne
510 885 728 944 efferas.

265 1064 511 1123 LXXIV.
544 1068 743 1131 Vultus
783 1082 912 1133 tuus
961 1087 1222 1150 perpetuo
1268 1089 1495 1140 maestus
1539 1083 1632 1149 sit,
1678 1085 1783 1142 nisi

175 1170 318 1212 cum
348 1160 554 1217 adeunt
583 1172 638 1219 te
668 1164 871 1224 fratres
900 1170 1182 1235 extranei;
1219 1181 1348 1229 tunc
1378 1175 1524 1230 enim
1552 1176 1784 1234 hilarem

173 1247 358 1303 indue
396 1253 633 1321 vultum,
657 1263 718 1310 ut
743 1254 1015 1316 inhabth
1053 1264 1108 1316 in
1133 1269 1184 1318 te
1217 1262 1382 1320 timor
1417 1263 1534 1320 Dei.

265 1339 484 1398 LXXV.
517 1342 576 1400 Si
607 1345 712 1402 iter
733 1347 1035 1406 confeceris
1050 1365 1171 1407 cum
1195 1351 1474 1422 fratribus,
1493 1371 1787 1430 parumper

173 1433 381 1505 elonga
416 1444 468 1491 te
497 1437 723 1504 abillis,
757 1450 815 1495 ut
840 1440 1116 1498 silentium
1147 1457 1353 1502 serves.

263 1525 506 1585 LXXVI.
538 1529 840 1587 Ambulans
867 1547 937 1589 ne
952 1534 1299 1593 dextrorsum
1322 1546 1378 1594 et
1404 1538 1784 1598 sinistrorsum

179 1628 247 1675 te
277 1631 596 1691 convertas,
620 1623 720 1680 sed
747 1625 985 1696 psalmos
1008 1637 1131 1687 tuos
1162 1630 1447 1698 meditare,
1497 1643 1554 1690 et
1604 1645 1788 1694 mente

178 1728 285 1768 ora
320 1715 496 1771 Deum
524 1717 578 1772 iu
603 1732 930 1791 quocunque
959 1734 1208 1792 repertus
1235 1723 1408 1784 fueris
1435 1726 1558 1784 loco
1576 1737 1679 1796 ;_et
1716 1744 1787 1785 ne

179 1803 524 1860 ﬂdueialiter
553 1822 678 1864 cum
708 1808 827 1878 ejus
858 1810 1051 1868 incolis
1079 1828 1230 1886 agas.

269 1894 540 1952 LXXVII.
575 1896 633 1954 In
663 1902 918 1956 omnibus
953 1904 1123 1968 gestis
1162 1907 1270 1960 tuis
1303 1908 1568 1966 modestia
1605 1917 1780 1967 utere.

945 344 1007 400 S.
1046 345 1333 406 ΑΝΤΟΜΙ
1371 349 1443 407 Β.
1484 353 1778 410 ΔΒΒΑΠΒ
1813 357 2112 416 Βεσυιηε
2152 363 2239 419 ΕΤ
2285 367 2693 429 ΡΠᾸΞΕΕΡΤᾹ.

3321 382 3457 438 1οη

1813 471 1854 529 Δ
1891 468 1972 525 ες
2003 476 2178 528 codice
2198 475 2515 548 Regulurmn
2550 481 2606 537 S.
2642 483 2905 540 Benedicti
2939 489 3250 548 Anionensis
3291 498 3456 552 abba-

2631 556 2718 608 tis.

1883 645 2176 704 praecepta,
2207 654 2274 695 ne
2303 641 2410 695 vita
2450 654 2631 700 vestra
2662 646 2736 702 sit
2765 648 2886 704 sine
2932 649 3129 705 fructu.
3165 651 3232 708 Et
3258 655 3458 711 sollici~

1817 773 1820 776 .
1887 732 1974 814 tus
2015 735 2135 780 esto
2176 742 2393 800 semper
2431 734 2498 789 ad
2537 736 2746 808 singula
2792 739 2957 795 verba
3003 757 3124 811 qua:
3169 745 3351 814 audis,
3401 756 3461 803 ut

1885 812 2082 870 dicas:
2125 815 2348 888 Ignosce
2379 825 2509 878 Inibi
2532 865 2550 892 ,
2596 828 2723 898 quia
2771 830 3044 887 humilitas
3094 832 3244 906 fugat
3275 812 3455 891 omnia

1888 909 2104 978 negotia
2162 911 2389 970 inimici.
2436 915 2514 974 Ne
2564 929 2781 990 reputes
2832 932 2883 977 te
2934 923 3105 996 ipsum
3164 927 3456 998 quidquam

1883 1011 2112 1069 propter
2133 1016 2298 1072 opera
2329 1015 2440 1062 tua.

1963 1087 2168 1148 XLVII.
2199 1090 2281 1148 Sit
2310 1095 2479 1153 tristis
2505 1097 2688 1156 vultus
2719 1109 2863 1170 tuus,
2882 1102 2985 1160 nisi
3014 1105 3330 1160 advenerint
3360 1105 3454 1160 tibi

1886 1181 2056 1235 exteri
2085 1181 2321 1253 fratres;
2354 1196 2481 1244 tunc
2511 1190 2684 1260 gaude
2712 1207 2835 1248 cum
2863 1192 2989 1262 illis,
3013 1205 3075 1251 ut
3105 1195 3372 1252 inhabitet
3401 1196 3454 1252 in

1887 1279 1942 1327 te
1976 1273 2140 1330 timor
2163 1274 2400 1335 Domini.
2430 1279 2486 1335 Si
2524 1283 2630 1338 iter
2661 1283 2857 1342 feceris
2882 1301 3005 1342 cum
3039 1286 3323 1353 fratribus,
3364 1303 3455 1344 se-

1887 1365 2018 1422 cede
2042 1367 2112 1423 ah
2152 1368 2257 1426 illis
2292 1385 2618 1443 parumper,
2657 1383 2717 1431 ut
2745 1378 2820 1434 sis
2861 1378 2914 1433 in
2950 1379 3207 1446 silentio;
3243 1389 3298 1436 et
3327 1380 3454 1435 dum

1889 1458 2095 1518 incedis
2132 1475 2231 1532 per
2273 1463 2440 1532 viam,
2471 1479 2542 1520 ne
2583 1475 2636 1523 te
2671 1481 2958 1526 convertas
2989 1471 3362 1528 sinistrorsum
3403 1480 3459 1526 et

1887 1550 2269 1620 dextrorsum;
2297 1557 2393 1613 sed
2415 1559 2679 1617 meditare
2715 1561 2950 1630 psalmos
2992 1573 3148 1632 tuos,
3187 1575 3242 1620 et
3275 1579 3372 1620 ora
3399 1565 3458 1618 in

1887 1651 2071 1699 mente
2098 1654 2185 1700 tua
2225 1648 2291 1702 ad
2315 1649 2482 1705 Deum
2518 1666 2841 1724 quocunque
2872 1654 2924 1709 in
2959 1655 3077 1711 loco
3105 1656 3406 1728 ingrederis
3438 1701 3453 1725 ,

1890 1749 1990 1788 nec
2011 1737 2354 1804 prarlidenter
2381 1757 2512 1814 agas
2537 1759 2658 1799 cum
2683 1746 2873 1803 incolis
2906 1747 3070 1803 illius.

1960 1907 2189 1965 XLVIII.
2227 1911 2283 1966 In
2322 1913 2575 1972 omnibus
2629 1919 2794 1974 rebus
2834 1919 2942 1973 tuis
2981 1927 3100 1974 esto
3138 1918 3461 1982 modestus;

264 1975 557 2044 LXXVIII.
592 1993 673 2047 Ad
702 2007 769 2048 ea
803 2009 925 2064 qua:
970 1997 1067 2053 tibi
1094 2009 1459 2069 apponuntur,
1493 2015 1563 2058 ne
1594 2003 1782 2060 statim
1885 2010 1943 2059 et
1989 2001 2059 2058 ad
2107 2016 2173 2058 ea
2208 2018 2330 2074 quas
2378 2016 2719 2076 apponentur
2769 2007 2904 2075 tibi,
2962 2009 3195 2065 extende
3243 1975 3462 2062 manum

179 2093 393 2134 manus
431 2081 721 2140 extendas.

262 2171 508 2229 LXXIX.
549 2175 607 2230 Si
628 2174 844 2245 juvenis
902 2193 986 2247 es,
1017 2194 1086 2236 ne
1112 2195 1332 2237 manum
1354 2183 1565 2252 primus
1591 2193 1785 2241 uten-

184 2265 318 2369 das,
356 2276 453 2320 aut
486 2267 830 2339 immodeste,
847 2286 950 2328 nec
975 2271 1276 2330 buccellam
1310 2273 1539 2332 alterius
1567 2276 1782 2345 ingeras

183 2372 300 2411 ma

264 2449 490 2508 LXXX.
525 2452 584 2510 Si
611 2453 809 2510 alcuhi
837 2455 1144 2523 dormieris,
1163 2471 1232 2514 ne
1257 2457 1448 2514 eodem
1476 2459 1637 2530 pallio
1659 2475 1781 2516 cum

185 2542 305 2597 alio
345 2552 400 2598 te
449 2543 764 2615 eooperias,
802 2560 969 2613 cave;
1023 2557 1081 2603 et
1119 2558 1246 2604 ante
1303 2549 1546 2604 cubitum
1588 2548 1785 2608 multas

1887 2102 2033 2148 tuam
2071 2093 2249 2162 lente;
2312 2097 2359 2151 si
2403 2111 2534 2155 vero
2581 2099 2746 2155 fueris
2792 2099 3036 2171 juvenis,
3089 2115 3158 2155 ne
3201 2098 3463 2155 extendas

1887 2200 2081 2242 manus
2101 2195 2222 2243 tuas
2241 2188 2447 2257 primus
2474 2189 2541 2244 ad
2571 2190 2723 2246 cibos
2753 2230 2767 2252 .
2796 2205 2896 2246 nec
2921 2191 3134 2260 ingeras
3163 2189 3458 2261 quidquam

1890 2273 2136 2330 ciborum
2198 2277 2251 2332 in
2289 2292 2353 2334 os
2399 2277 2639 2336 alterius.
2672 2280 2738 2336 Et
2781 2281 2826 2336 si
2877 2281 3159 2336 cuhaveris
3190 2281 3242 2335 in
3281 2278 3464 2347 aliquo

1889 2364 2030 2431 1000.
2061 2382 2128 2422 ne
2165 2375 2316 2441 tegas
2346 2378 2398 2426 te
2421 2385 2530 2426 uno
2555 2371 2855 2443 eodemque
2879 2372 3122 2443 stragulo
3149 2369 3309 2428 simul
3336 2385 3460 2424 cum

1890 2456 1998 2512 alio
2024 2497 2040 2524 ,
2074 2467 2130 2514 et
2154 2473 2254 2514 ora
2289 2460 2519 2516 multum
2546 2471 2834 2532 antequam
2886 2461 3074 2517 cubes.
3107 2460 3172 2516 Et
3203 2458 3462 2516 Dominus

1891 2558 2077 2604 noster
2101 2547 2261 2607 Jesus
2283 2551 2533 2608 Christus
2577 2566 2736 2622 opem
2787 2552 2941 2608 nobis
2976 2558 3196 2622 praestet
3229 2543 3297 2604 a'd
3329 2563 3455 2618 ope-

187 2632 418 2689 fundito
442 2647 655 2704 preces.
696 2635 761 2691 Et
801 2634 1064 2695 Dominus
1104 2647 1294 2694 noster
1329 2638 1490 2695 Iesus
1538 2638 1785 2696 Christus
1886 2642 2116 2698 randum
2148 2644 2448 2701 secundum
2483 2645 2654 2717 ipsius
2679 2644 3100 2715 beneplacitum.
3126 2643 3319 2699 Amen.

191 2723 362 2778 nobis
397 2739 558 2795 opem
585 2725 727 2782 ferat
756 2726 826 2783 ad
853 2729 1194 2799 operandam
1227 2730 1535 2787 secundum
1551 2729 1669 2800 ejus
1691 2731 1785 2789 be-

189 2817 560 2886 neplacitum.
580 2818 777 2875 Amen.

383 2905 546 2965 Finis
575 2908 901 2982 ﬂagitiorum
940 2913 1114 2967 sancti
1142 2914 1358 2969 Antonii
1383 2913 1612 2970 abbatis.

2140 2913 2371 2982 Explicit
2404 2912 2604 2982 Regula
2636 2913 2694 2968 S.
2731 2913 2948 2968 Antonii
2991 2914 3221 2970 abbatis.

815 3229 941 3345 S.
1024 3232 1633 3349 ΑΝΤΟΝΙΙ
1710 3232 2169 3352 MAGNI
2249 3233 2860 3350 ABBATIS

359 3466 1138 3558 SPIBITUALIA
1217 3467 1964 3563 DOCUMENTA
2036 3471 2550 3564 REGULlS
2616 3466 3278 3594 ADJUNCTA,

1335 3659 1423 3714 AD
1466 3659 1692 3716 FlLlOS
1731 3659 1911 3719 SUOS
1948 3659 2346 3719 MONACHOS.

1124 3816 1209 3872 Es;
1247 3817 1502 3877 Arabico,
1550 3818 1829 3886 interprete
1865 3817 2166 3872 Abranamo
2208 3815 2556 3874 Eccltellsnsi.

278 4115 323 4172 ι.
355 4118 500 4170 Ante
537 4112 742 4180 omnia,
777 4111 854 4168 illi
896 4113 990 4179 mi,
1025 4126 1093 4166 ne
1125 4111 1418 4182 quidquam
1461 4120 1676 4184 reputes
1706 4123 1788 4178 te-e
1816 4117 1858 4176 C
1894 4125 2113 4181 gressus
2141 4124 2224 4176 es,
2251 4123 2318 4164 ne
2355 4110 2652 4167 revertaris
2698 4121 2862 4166 retro.
2893 4108 3067 4165 Divini
3101 4109 3302 4164 amoris
3341 4121 3474 4163 cave

205 4207 546 4278 metipsum;
609 4213 665 4260 et
705 4203 808 4259 hoc
854 4201 948 4258 tibi
995 4212 1218 4272 generat
1249 4201 1605 4259 humilitatem
1647 4201 1792 4256 :bu-

205 4300 415 4356 milites
470 4311 602 4354 vero
657 4304 878 4367 generat
922 4294 1256 4360 doctrinam;
1313 4295 1557 4350 doctrina
1613 4303 1792 4348 autem

206 4400 442 4463 generat
495 4392 684 4455 iidem;
724 4389 858 4445 ﬁdes
892 4399 1022 4443 vero
1050 4395 1270 4458 generat
1313 4401 1499 4458 spem;
1537 4401 1662 4458 spes
1694 4401 1794 4440 au-

209 4494 324 4539 tem
378 4490 604 4552 generat
653 4482 1011 4546 cbaritatem;
1063 4479 1302 4534 cliaritas
1350 4488 1530 4534 autem
1577 4490 1799 4548 generat

204 4575 610 4642 obedientiam;
656 4573 963 4630 obedientia
995 4586 1125 4629 vero
1176 4580 1399 4643 generat
1439 4571 1798 4627 constantiam

205 4671 332 4727 sine
373 4668 756 4723 commotione.
809 4665 910 4722 Fili
957 4664 1051 4730 mi,
1093 4678 1234 4723 exue
1272 4663 1497 4730 malum,
1541 4670 1596 4718 et
1641 4662 1801 4718 indue

207 4758 716 4825 mansuetudinem;
771 4755 944 4827 abjice
998 4753 1212 4811 oculum
1262 4769 1516 4826 nequam,
1559 4764 1613 4808 et
1671 4753 1802 4808 sim-

205 4852 411 4921 plicem
472 4848 572 4903 tibi
626 4849 847 4904 sumito.
903 4844 1259 4901 lutirmiorem
1315 4855 1368 4900 te
1425 4857 1492 4900 ne
1549 4843 1800 4910 imiteris,

205 4941 308 4997 sed
348 4949 401 4993 te
447 4937 788 4995 electiorem.
824 4934 1116 4992 Hominum
1157 4950 1223 4989 ne
1270 4934 1460 4990 timeas
1486 4935 1797 5005 opprobria.

204 5031 269 5087 In
291 5043 565 5100 quoquam
595 5043 817 5097 operum
847 5035 1060 5081 tuorum
1090 5041 1222 5082 cave
1254 5027 1579 5081 innotescas.
1609 5023 1800 5081 Omnia

206 5123 266 5178 in
297 5105 496 5190 quibus
534 5119 730 5174 anima;
761 5128 865 5172 tute
904 5119 1049 5172 inest
1082 5118 1488 5182 detrimentum,
1524 5116 1653 5171 odio
1703 5117 1800 5170 ba-

205 5213 365 5270 beto.
401 5192 743 5266 Voluntatem
783 5209 876 5265 Dei
910 5227 976 5264 ne
1007 5209 1268 5276 dimittas,
1295 5215 1356 5264 ut
1400 5207 1570 5264 facins
1611 5207 1802 5262 volun-

209 5313 386 5362 tatem
435 5304 739 5359 hominum.
803 5301 920 5357 Nou
984 5315 1313 5364 murmures,
1365 5314 1540 5370 neque
1592 5289 1805 5367 injuriis

1895 4213 1948 4258 te
1975 4200 2186 4257 bed'eat.
2221 4200 2493 4273 Quidquid
2532 4201 2745 4273 operari
2793 4201 2896 4266 vis,
2927 4200 3194 4271 patienter
3248 4212 3478 4269 perage:

1895 4307 2020 4348 nam
2055 4293 2100 4349 si
2139 4295 2406 4362 patienter
2438 4293 2786 4358 sustinueris,
2827 4291 3180 4362 opitulabitur
3206 4293 3300 4344 tibi
3340 4290 3479 4346 Deus

1899 4386 1951 4438 in
1985 4385 2238 4440 omnibus
2260 4384 2328 4439 iis
2361 4401 2480 4454 qute
2509 4386 2695 4450 facies,
2723 4397 2949 4454 quaeque
2972 4382 3066 4437 tibi
3096 4392 3224 4438 sunt
3253 4391 3478 4438 eventu-

1901 4488 1979 4528 ra.
2011 4471 2090 4530 Ne
2122 4475 2430 4531 retrocedas
2461 4491 2491 4530 a
2521 4475 2606 4531 via
2640 4485 2746 4530 tum
2778 4473 3105 4530 solitudinis.
3137 4471 3196 4527 In
3233 4471 3482 4528 omnibus

1898 4579 2020 4636 quo:
2045 4575 2176 4622 sunt
2202 4564 2362 4635 hujus
2395 4567 2602 4630 mundi,
2633 4566 2865 4622 otiosum
2899 4579 3206 4621 sermonem
3235 4564 3360 4620 odio
3383 4563 3479 4618 lia-

1901 4659 2047 4714 beto.‘
2088 4658 2162 4715 De
2183 4658 2473 4715 virtutibus
2509 4658 2605 4714 tibi
2631 4659 3013 4729 comparandis
3045 4665 3164 4716 esto
3197 4657 3481 4723 sollicitus,

1900 4765 1971 4806 ne
1999 4749 2377 4823 negligentiam
2399 4751 2713 4806 contrahas.
2732 4748 2811 4805 Tu
2830 4762 3032 4815 autem,
3076 4750 3149 4806 illi
3172 4750 3267 4817 mi,
3292 4749 3336 4803 si
3365 4748 3482 4804 haec

1903 4842 2118 4910 feceris,
2148 4844 2502 4913 consequeris
2533 4844 2922 4910 hereditatem,
2965 4857 3128 4914 quam
3163 4844 3344 4897 oculus
3382 4855 3486 4895 non

1902 4934 2053 5002 vidit,
2077 4951 2170 4992 nec
2197 4936 2344 4991 auris
2375 4936 2594 5002 audivit,
2630 4951 2724 4990 nec
2764 4950 2856 4992 cor
2878 4934 3103 4991 hominis
3138 4933 3384 5004 cogitavit
3417 4933 3482 4987 ".

1904 5027 2218 5086 Inferioreni
2267 5038 2318 5085 te
2378 5030 2430 5084 in
2488 5029 2777 5084 virtutibus
2828 5027 3059 5084 electum
3115 5037 3236 5082 esse
3272 5035 3485 5094 reputa,

1905 5138 1968 5177 ac
1997 5123 2090 5176 tibi
2129 5122 2389 5192 aequalem
2443 5122 2495 5176 iu
2546 5121 2680 5192 ipsis
2712 5119 3037 5184 virtutibus;
3070 5116 3332 5188 aqualem
3359 5131 3490 5170 vero

1909 5214 2003 5268 tibi
2035 5213 2092 5269 in
2123 5213 2416 5269 virtutibus
2441 5212 2674 5269 electum
2706 5225 2848 5278 esse,
2870 5219 2925 5266 et
2945 5208 3374 5281 praistantiorem
3430 5207 3484 5262 in

1907 5304 2262 5361 incremento.
2320 5303 2422 5359 Fili
2475 5303 2570 5369 mi,
2617 5302 3002 5374 cogitationum
3053 5315 3171 5370 qua:
3219 5308 3270 5353 te
3297 5311 3490 5368 aggre-

209 5383 527 5466 quempiam
563 5393 789 5449 afﬁcias.
815 5393 931 5448 Non
968 5392 1212 5448 invideas
1243 5391 1319 5446 illi
1344 5391 1434 5460 qui
1468 5389 1663 5458 injuste
1683 5405 1808 5460 pro—
1907 5395 2129 5451 diuntur
2162 5394 2216 5449 in
2253 5394 2384 5451 cella
2423 5403 2536 5461 tua,
2563 5408 2632 5448 ne
2665 5394 2868 5449 taedeat-
2895 5403 2975 5458 te;
3015 5393 3262 5459 sciasque
3305 5388 3488 5444 Domi-

205 5491 349 5557 ficit,
378 5489 474 5544 sed
537 5487 622 5545 lac
659 5496 721 5542 ut
746 5499 937 5543 omnes
963 5484 1208 5542 homines
1247 5493 1300 5540 te
1336 5483 1444 5540 sint
1477 5482 1805 5552 superiores,
1841 5492 1886 5548 D
1914 5500 2041 5540 num
2083 5484 2219 5540 nihil
2265 5493 2479 5541 tuorum
2520 5486 2762 5541 laborum
2802 5483 3055 5539 oblivioni
3109 5481 3385 5546 daturum,
3425 5491 3493 5531 ex

206 5592 274 5637 ut
303 5589 485 5638 tecum
521 5580 594 5637 sit
635 5580 752 5652 ipse
788 5578 953 5636 Deus.
991 5579 1035 5634 Δ
1074 5577 1232 5635 bonis
1263 5577 1517 5636 oneribus
1552 5590 1671 5646 qua:
1707 5591 1800 5647 ag.

286 5778 334 5816 “
368 5780 392 5838 ι
416 5781 541 5838 Cor.
573 5795 632 5851 tt,
660 5779 714 5836 9.

1905 5578 2104 5646 quibus
2134 5576 2228 5634 tibi
2261 5578 2652 5634 incrementum
2682 5577 2923 5644 accedet,
2957 5584 3012 5632 et
3049 5575 3141 5631 Dei
3177 5572 3272 5628 tibi
3314 5569 3498 5641 opim--
