3860 6338
407 314 547 373 1075
1501 325 1778 385 PATRES
1818 326 1996 384 EGY]

2105 330 2124 384 l
2163 331 2312 392 saec
2325 335 2433 394 ULl
2471 338 2563 395 Iv.
3341 317 3359 334 ‘
3505 334 3690 394 {076

393 430 595 524 labitur
624 432 817 505 gratia.
850 432 949 491 Fili
985 435 1078 502 mi,
1122 438 1211 507 qui
1258 438 1558 498 dilexerunt
1594 444 1875 499 Dominum
1911 460 1974 499 ex
2004 446 2053 505 Δ
2081 451 2290 518 audias,
2330 469 2398 509 ne
2423 455 2696 524 praebeas;
2729 453 2823 508 sed
2859 461 2976 509 esto
3006 461 3217 510 amator
3263 452 3571 517 hominmn,
3625 465 3695 509 et

397 523 529 615 ξοῑῖε
555 524 805 580 cordibus
835 527 967 596 θυῖεν
999 536 1054 583 ει
1078 528 1234 585 bonis
1262 534 1731 603 οβθῐῖὺυεὶιιιςίιθι·
1757 536 1966 592 incum-
2069 545 2238 598 vives.
2272 523 2463 598 Malum
2513 560 2610 615 pro
2651 546 2795 599 malo
2837 560 2904 599 ne
2939 547 3153 611 reddas,
3201 547 3690 615 quemadmodum

397 613 551 706 “9'”;
594 615 700 672 53'"
741 616 834 672 ubi
873 618 1053 691 Ῑιηθὲο
1095 630 1149 677 ει
1185 623 1498 694 exemplar;
1533 641 1630 682 nec
1676 637 1728 682 le
1773 628 1972 697 pudeat
2070 647 2171 687 nec
2197 634 2444 703 injuriam
2482 613 2577 704 pro
2599 635 2816 706 injuria.
2845 636 3098 705 quoniam
3122 613 3380 705 scriptum
3409 646 3530 691 est:
3568 634 3692 688 Νἰο

400 704 470 760 ab
500 704 606 760 “"3
631 715 774 798 illam
810 710 1082 778 Ροειιιῖίπθ
1110 713 1300 779 νίίθῐηγ
1318 717 1571 785 quoniam
1608 718 1660 772 in
1684 717 1970 774 virtutibus
2071 726 2117 778 si
2153 734 2202 779 te
2239 727 2406 793 ipsum
2441 704 2933 793 Immilinveris,ipse
2983 743 3072 798 ego
3108 736 3155 783 te
3184 704 3488 793 humiliabo,
3525 729 3688 781 dicit

399 803 525 850 sunt
548 797 790 866 perfecti.
822 799 899 856 Ne
930 802 1161 860 imiteris
1183 819 1277 861 eos
1304 807 1396 876 qui
1423 822 1639 877 operam
1671 819 1869 863 navant
1896 822 1974 864 re-

399 887 542 957 quiei
600 889 757 959 huius
818 893 1025 960 mundi,
1083 895 1335 964 quoniam
1398 899 1488 954 isti
1538 914 1809 969 nunquam
1851 917 1974 970 pro-

400 977 618 1046 ficient;
650 983 742 1036 sed
778 984 1035 1040 :emulare
1073 1001 1164 1041 eos
1210 988 1303 1058 qui
1339 990 1593 1045 errabant
1624 991 1676 1044 in
1705 993 1976 1048 montibus

400 1077 456 1124 et
499 1069 882 1129 solitudinibus
923 1075 963 1108 ²¹
1006 1087 1224 1148 propter
1273 1081 1460 1147 Deum,
1516 1089 1576 1135 ut
1636 1081 1818 1138 veniat
1881 1084 1974 1139 tibi

401 1159 578 1214 virtus
615 1163 682 1216 ah
721 1164 852 1219 alto.
881 1164 1028 1221 Bono
1063 1169 1137 1224 sis
1170 1170 1352 1224 animo
1386 1171 1438 1225 in
1475 1173 1728 1228 omnibus
1767 1174 1832 1228 iis
1859 1189 1978 1243 qua:

407 1252 574 1308 facies
611 1259 907 1313 secundum
938 1261 1268 1316 voluntatem
1307 1263 1537 1318 Domini.
1566 1263 1642 1319 Ne
1673 1265 1978 1322 retrocedas

406 1345 458 1397 in
498 1359 767 1416 quoquam
797 1349 998 1406 isorum
1035 1362 1462 1422 praeceptorum;
1489 1365 1545 1410 et
1580 1357 1836 1412 Dominus
1885 1355 1977 1412 Je-

408 1451 502 1491 sus
543 1435 800 1496 Christus
818 1445 1078 1500 concedet
1119 1445 1211 1501 tibi
1252 1447 1512 1515 requiem,
1551 1458 1606 1504 et
1651 1449 1892 1518 perficiet
1924 1449 1977 1504 in

405 1543 537 1598 pace
582 1545 914 1604 quaecunque
955 1550 1240 1607 aggressus
1289 1537 1454 1595 fueris
1489 1554 1648 1608 Opera
1681 1542 1975 1609 :quoniam

407 1620 632 1688 perfecti
695 1635 877 1693 patres
939 1629 1134 1688 nostri.
1199 1638 1253 1684 et
1315 1632 1626 1702 quicunque
1688 1635 1784 1689 hos
1860 1634 1981 1686 imi-

410 1711 504 1763 tati
533 1721 676 1775 sunt,
713 1729 777 1768 ex
806 1716 924 1769 istis
956 1729 1079 1772 sunt
1101 1721 1345 1785 perfecti.
1380 1721 1478 1774 Fili
1510 1722 1603 1786 nti,
1639 1737 1704 1774 ne
1732 1723 1983 1790 multipli-

2073 815 2349 869 Dominus.
2398 815 2499 870 Fili
2547 817 2640 882 mi,
2701 815 2950 886 superbia
3004 832 3072 872 ne
3119 825 3172 872 te
3223 815 3440 882 eﬂeras,
3480 829 3691 884 neque

2074 905 2344 975 glorieris,
2375 922 2552 978 neque
2584 909 2868 975 vociferes,
2916 922 3014 964 nec
3042 908 3282 980 loquaris
3320 909 3482 963 altius
3513 908 3687 962 velo-

2077 1001 2351 1068 citerque;
2382 1002 2642 1070 scriptum
2673 1003 2816 1056 enim
2851 1011 2973 1056 est:
3006 1003 3108 1067 Qui
3140 1003 3454 1072 multiplicat
3478 1004 3688 1066 verba,

2079 1107 2182 1145 non
2207 1102 2280 1146 est
2312 1093 2559 1147 immunis
2582 1111 2612 1146 a
2648 1104 2856 1163 peccato
2887 1095 2950 1148 ".
2987 1095 3084 1150 Fili
3119 1097 3214 1159 mi,
3237 1095 3541 1150 mortalium
3579 1111 3690 1150 ne-

2079 1187 2276 1239 minem
2311 1185 2436 1241 odio
2467 1185 2684 1250 habeas,
2720 1187 2811 1240 sed
2849 1201 3036 1241 omnes
3078 1185 3236 1256 dilige
3277 1196 3334 1239 ut
3379 1195 3429 1240 te
3459 1187 3686 1254 ipsum,

2079 1278 2332 1348 quoniam
2387 1280 2645 1346 scriptum
2692 1287 2773 1332 est
2805 1297 2818 1332 :
2857 1277 3031 1347 Dilige
3069 1278 3366 1346 proximum
3405 1285 3582 1340 tuum,
3618 1283 3690 1327 ut

2081 1385 2129 1423 re
2162 1369 2326 1438 ipsum
2355 1369 2419 1422 ⁸³.
2451 1367 2553 1422 Fili
2583 1369 2674 1433 mi,
2719 1383 2924 1422 memor
2968 1382 3180 1436 semper
3224 1376 3339 1420 esto
3371 1366 3513 1419 illius
3569 1369 3688 1434 qui

2083 1467 2135 1514 te
2158 1460 2299 1515 bona
2333 1458 2554 1514 instruit
2587 1457 2849 1523 doctrina,
2876 1457 3024 1512 etab
3052 1457 3140 1511 illo
3176 1456 3413 1520 ediscas,
3453 1465 3684 1522 satage,

2084 1560 2369 1621 prmcepta,
2421 1559 2481 1604 ut
2524 1550 2709 1616 vivas;
2753 1548 3150 1620 longaevamque
3189 1549 3454 1618 produces
3497 1548 3683 1600 vitam

2084 1641 2376 1696 secundum
2403 1640 2732 1695 voluntatem
2764 1641 2994 1698 Domini.
3023 1639 3098 1692 uti
3130 1639 3388 1707 scriptum
3411 1644 3497 1692 est
3523 1633 3684 1703 apud

2087 1735 2326 1789 divinum
2356 1732 2576 1788 Paulum
2601 1731 2897 1802 apostolum
2933 1748 2947 1784 :
2976 1731 3106 1786 Ηιεσ
3132 1731 3404 1789 meditare.
3442 1739 3491 1783 et
3523 1729 3576 1779 in
3604 1728 3680 1778 il-

409 1815 499 1856 ccs
528 1803 688 1858 verba
714 1821 729 1870 ;
766 1803 1106 1876 elongabitur
1129 1811 1270 1864 enim
1306 1827 1334 1865 a
1365 1822 1416 1866 te
1441 1812 1675 1882 Spiritus
1702 1813 1814 1868 Dei.
1845 1813 1981 1868 Nulli

2109 1830 2150 1880 is
2180 1837 2227 1879 te
2269 1842 2464 1894 occupa
2500 1825 2690 1895 ipsum,
2725 1832 2778 1877 ut
2813 1824 3098 1892 acceptatio
3135 1832 3223 1876 tua
3262 1820 3546 1889 manifesta
3608 1819 3683 1873 sit

412 1892 553 1946 malo
583 1894 823 1962 Studeas,
854 1913 950 1952 nec
983 1899 1206 1956 damnes
1235 1903 1561 1972 quempiam.

481 1983 544 2038 ll.
577 1984 678 2039 Fili
705 1987 802 2052 mi,
827 2003 948 2042 cum
979 1991 1226 2060 superbis
1262 2008 1328 2048 ne
1354 1995 1617 2061 ambules,
1655 1997 1744 2051 sed
1773 1997 1986 2052 ambula

412 2090 532 2129 cum
569 2075 886 2134 humilibus.
918 2079 1018 2136 Fili
1061 2084 1154 2147 ml,
1195 2099 1262 2140 ne
1288 2087 1365 2142 sis
1391 2085 1665 2157 hypocrita
1701 2098 1790 2142 aut
1833 2089 1988 2144 dissi-

414 2164 669 2234 mulator,
703 2169 869 2225 multo
901 2172 1077 2230 minus
1101 2177 1350 2231 mendax.
1385 2176 1483 2232 Fili
1521 2180 1613 2243 mi,
1644 2196 1709 2235 ne
1755 2183 1989 2252 loquaris

413 2268 535 2308 cum
565 2255 676 2324 ira,
707 2260 801 2314 sed
831 2261 939 2315 sint
965 2272 1053 2317 tua
1083 2265 1246 2320 verba
1275 2281 1397 2322 cum
1436 2269 1662 2324 scientia
1695 2279 1746 2325 et
1777 2272 1990 2340 sapien-

416 2347 488 2401 tia
523 2365 536 2402 :
569 2349 818 2406 similiter
845 2369 1059 2426 quoque
1085 2357 1361 2414 silentium
1395 2368 1566 2426 tuum,
1598 2363 1848 2431 quoniam
1881 2379 1990 2417 ver-

417 2441 481 2494 ba
509 2442 1035 2512 sapientissimorum
1065 2446 1284 2503 Patrum
1315 2459 1618 2506 nostrorum
1653 2451 1807 2521 plena
1837 2461 1992 2507 erant

417 2534 682 2602 sapientia
730 2547 778 2592 et
827 2540 1132 2607 prudentia,
1169 2542 1244 2596 uti
1297 2544 1567 2597 silentium
1605 2559 1818 2614 quoque
1851 2544 1994 2614 ipso-

419 2641 558 2710 rum.
589 2626 688 2681 Fili
721 2630 823 2696 mi,
846 2638 898 2684 te
928 2632 1102 2701 ipsum
1133 2649 1313 2688 coram
1345 2634 1647 2690 hominibus
1690 2650 1756 2688 ne
1794 2634 1992 2705 inStiﬁ'o

415 2733 544 2786 ces;
587 2721 683 2776 sed
717 2737 882 2793 penes
922 2732 973 2779 te
1012 2725 1228 2795 sapiens
1261 2737 1400 2791 esto,
1448 2728 1614 2792 mitis,
1651 2727 1992 2799 longanimis,

419 2811 651 2881 patiens,
675 2814 954 2882 sollicitus,
984 2829 1195 2872 amator
1218 2819 1513 2874 hominum.
1547 2821 1681 2876 Cum
1714 2820 1876 2874 fratre
1904 2831 1995 2876 tuo

421 2906 771 2974 contristare,
801 2918 856 2964 et
885 2910 1056 2966 bonus
1081 2921 1199 2966 esto
1229 2913 1303 2967 illi
1335 2913 1621 2983 particeps.
1653 2911 1751 2967 Fili
1782 2913 1872 2977 mi,
1904 2913 1998 2966 hu-

422 2997 567 3052 milis
593 3008 712 3054 esto
741 3002 992 3079 omnibus
1027 3004 1218 3060 diebus
1251 3006 1374 3060 vita:
1401 3015 1525 3070 tute,
1552 3014 1605 3060 et
1629 3005 1846 3075 optimis
1875 3005 1996 3075 qui-

422 3087 634 3158 busque
667 3098 721 3144 te
746 3091 1019 3160 apponito.
1067 3092 1142 3147 De
1180 3095 1339 3149 rebus
1383 3095 1537 3149 malis
1577 3110 1643 3150 ne
1679 3096 1995 3163 interroges,

422 3179 516 3234 sed
565 3179 722 3251 longe
763 3181 849 3238 fac
890 3183 1030 3237 viam
1078 3192 1220 3237 tuam
1275 3185 1342 3238 ab
1386 3185 1508 3242 illis.
1552 3186 1726 3242 Verba
1762 3196 1848 3242 tua
1888 3187 1998 3240 sint

427 3285 551 3326 cum
585 3273 886 3340 dulcedine,
920 3276 1039 3332 sine
1081 3277 1424 3343 detrimento,
1452 3279 1703 3348 quoniam
1743 3279 1909 3349 gloria
1943 3287 1998 3333 et

425 3371 766 3434 contemptus
799 3375 926 3421 sunt
953 3382 981 3421 a
1009 3369 1209 3425 verbis.
1250 3370 1418 3438 Dilige
1444 3370 1883 3424 misericordiam.
1916 3369 1998 3423 lu-

427 3454 531 3508 due
563 3455 742 3510 fidem.
794 3455 896 3513 Fili
933 3459 1027 3524 mi,
1073 3473 1142 3513 ne
1184 3462 1464 3529 permittas
1493 3474 1588 3513 cor
1617 3468 1763 3513 tuum
1799 3458 1870 3514 ita
1907 3474 2000 3512 ne-

429 3560 588 3614 quam
615 3562 755 3614 esse,
796 3558 855 3603 ut
889 3549 972 3606 vel
999 3552 1196 3619 cogitet
1233 3551 1463 3617 malum;
1507 3552 1601 3607 sed
1641 3551 1847 3606 enitere
1872 3549 1997 3603 illud

428 3639 630 3696 bonum
666 3643 911 3710 reddere,
942 3651 994 3698 et
1035 3658 1218 3712 quaere
1250 3644 1543 3698 bonitatem
1596 3658 1659 3696 ac
1701 3656 1910 3712 pacem,
1948 3650 2003 3695 et

428 3732 632 3803 optima
658 3749 883 3804 quaeque
907 3735 1159 3790 aemulare
1181 3751 1362 3806 opera.
1385 3737 1584 3792 Vocem
1614 3746 1778 3800 tuam,
1805 3734 1876 3789 [ili
1907 3733 2000 3798 mi,

437 3837 506 3877 ne
537 3824 784 3879 extollas.
815 3824 946 3880 Cum
981 3827 1284 3896 quempiam
1317 3828 1536 3892 adieris,
1584 3828 1654 3882 sit
1702 3827 1862 3880 timor
1904 3826 2006 3879 Do-

433 3915 566 3968 mini
593 3915 644 3969 in
679 3916 844 3971 corde
877 3924 990 3982 tuo,
1018 3925 1074 3972 et
1101 3932 1163 3972 os
1192 3927 1339 3972 tuum
1361 3918 1590 3984 custodi,
1624 3927 1680 3972 ut
1725 3917 1912 3971 redeas
1938 3916 2003 3970 ad

434 4003 609 4059 locum
637 4014 785 4061 tuum
821 4005 872 4060 in
896 4021 1052 4076 pace.
1077 4010 1229 4078 Apud
1265 4009 1593 4080 superiorem
1628 4016 1773 4062 tuum
1810 4016 1864 4062 et
1893 4022 2007 4060 ma-

430 4095 632 4165 jorem,
678 4096 840 4152 verba
882 4113 950 4154 ne
989 4098 1329 4168 multiplices.
1368 4097 1470 4152 Fili
1513 4099 1611 4163 mi,
1653 4107 1834 4167 patres
1888 4106 2007 4173 tuos

435 4188 743 4258 Spirituales
779 4189 940 4260 dilige
971 4189 1092 4261 plus
1128 4206 1286 4261 quam
1323 4191 1501 4260 diligis
1542 4201 1718 4259 patres
1743 4199 1860 4245 tuos
1884 4204 2007 4244 car-

435 4280 606 4345 nales,
658 4281 912 4351 quoniam
967 4283 1066 4352 ipsi
1111 4283 1323 4338 solliciti
1369 4292 1498 4339 sunt
1544 4298 1640 4353 pro
1702 4293 1752 4340 te
1793 4292 2009 4353 propter

438 4373 631 4429 Deum.
655 4374 771 4431 ‘Fili
809 4379 906 4444 mi,
935 4379 980 4433 si
1020 4376 1074 4431 in
1109 4379 1285 4434 medio
1311 4375 1515 4433 sederis
1548 4375 1795 4441 fratrum,
1828 4389 1895 4429 ne
1926 4374 2009 4428 ni-

2089 1915 2328 1970 omnibus
2357 1915 2420 1971 “‘.

2158 2008 2242 2064 ιιι.
2275 2009 2375 2064 Fili
2409 2010 2502 2075 mi,
2537 2019 2824 2078 paupertas
2860 2007 2989 2062 nihil
3023 2007 3167 2062 aliud
3201 2014 3308 2070 est,
3342 2019 3508 2074 quam
3537 2018 3684 2059 con-

2091 2101 2316 2156 tinentia
2349 2111 2512 2171 atque
2552 2116 2672 2156 esse
2707 2110 3058 2164 contentum;
3099 2096 3463 2166 peregrinatio
3491 2104 3683 2148 autem

2088 2199 2142 2248 et
2173 2189 2408 2245 solitudo
2441 2198 2548 2255 est,
2586 2197 2643 2244 nt
2688 2205 2717 2242 a
2774 2189 2947 2244 turbis
2993 2189 3277 2243 subtrahas
3318 2197 3402 2252 te;
3445 2200 3686 2254 peregre

2090 2297 2219 2339 vero
2247 2281 2514 2352 proﬁcisci
2552 2280 2828 2351 religionis
2861 2294 3010 2348 ergo,
3036 2278 3289 2350 religioso
3327 2289 3412 2332 est
3441 2277 3496 2330 in
3537 2276 3682 2330 cella

2093 2372 2349 2428 residere.
2382 2371 2481 2426 Fili
2508 2373 2602 2436 mi,
2631 2371 2896 2426 modicum
2935 2369 3164 2438 aliquem
3193 2369 3432 2424 laborem
3473 2367 3526 2420 in
3561 2365 3683 2420 ccl-

2095 2465 2143 2519 la
2175 2475 2261 2520 tua
2285 2466 2642 2520 exercendum
2675 2464 2768 2519 tibi
2799 2462 3132 2526 constituito,
3175 2471 3226 2515 et
3259 2475 3356 2516 cor
3385 2469 3536 2513 tuum
3569 2458 3682 2510 hu-

2096 2555 2222 2610 mile
2249 2554 2363 2610 sit:
2405 2569 2468 2609 os
2501 2569 2629 2610 vero
2675 2567 2886 2624 semper
2925 2551 3175 2621 loquatur
3218 2553 3526 2606 veritatem.
3570 2548 3682 2603 Fili

2095 2648 2189 2709 mi,
2216 2647 2378 2718 dilige
2415 2647 2702 2716 opprobria
2731 2648 2900 2714 magis
2923 2659 3084 2713 quam
3107 2644 3362 2704 honores,
3403 2642 3567 2711 dilige
3596 2640 3685 2692 la-

2097 2737 2260 2793 bores
2294 2738 2536 2806 corporis
2578 2751 2737 2807 quam
2787 2736 3049 2805 requiem,
3083 2734 3244 2802 dilige
3282 2732 3680 2791 detrimentum

2071 2843 2280 2884 ~rerum
2317 2829 2710 2882 mundanarum
2742 2841 2902 2894 quam
2930 2826 3160 2880 lucrum.
3192 2823 3236 2880 Ο
3261 2822 3433 2877 fidelis
3457 2822 3683 2889 dilecte,

2096 2922 2222 2976 dum
2257 2920 2573 2978 obedientiae
2607 2919 2850 2974 subditus
2888 2933 2968 2983 es,
3003 2917 3146 2986 quod
3180 2915 3276 2986 tibi
3314 2915 3540 2979 dicitur,
3591 2922 3676 2969 at-

2101 3014 2257 3068 tende
2290 3022 2346 3068 et
2383 3010 2798 3080 comprehende,
2827 3009 3062 3078 illudque
3095 3008 3248 3076 juxta
3291 3006 3410 3075 ejus
3454 3006 3684 3074 exigen-

2023 3132 2071 3196 ρ
2102 3105 2229 3159 tiam
2279 3104 2467 3160 sedulo
2501 3102 2686 3160 facito.
2719 3101 2851 3196 Cum
2903 3099 3090 3196 fideles
3132 3098 3209 3152 tui
3234 3096 3443 3152 similes
3483 3109 3683 3196 censeo.

2102 3196 2238 3260 nies,
2265 3195 2401 3264 elige
2427 3193 2596 3264 magis
2635 3201 2692 3246 ut
2721 3189 2908 3245 audias
2936 3189 3283 3256 obediasque,
3314 3195 3370 3240 et
3408 3186 3551 3253 quod
3584 3183 3680 3238 tibi

2103 3281 2299 3337 dicitur
2322 3280 2622 3351 intelligas;
2648 3288 2700 3334 et
2725 3279 2826 3334 hoc
2851 3288 2934 3332 est
2974 3278 3242 3347 impendio
3272 3274 3486 3342 melius,
3517 3289 3681 3344 quam

2103 3372 2271 3442 loqui.
2302 3370 2475 3428 Homo
2521 3369 2894 3427 illecebrarum
2925 3379 3152 3436 amator,
3203 3369 3265 3422 ad
3303 3366 3511 3421 nullum
3547 3379 3686 3434 opus

2105 3463 2279 3519 bonus
2315 3471 2407 3518 aut
2439 3473 2596 3532 aptus
2625 3473 2728 3518 est.
2756 3460 2811 3516 Si
2849 3461 3055 3531 peccati
3099 3459 3236 3515 labis
3262 3473 3456 3527 expers
3493 3473 3574 3522 es,
3608 3456 3685 3510 ln-

2106 3564 2272 3619 quere
2309 3550 2363 3604 in
2395 3550 2609 3604 nomine
2660 3549 2891 3614 Domini,
2946 3558 3002 3603 et
3051 3549 3257 3603 instrue
3302 3561 3397 3601 eos
3451 3560 3684 3615 quorum

2105 3655 2267 3695 causa
2301 3641 2704 3709 blasphematur
2735 3655 2929 3695 nomen
2960 3638 3167 3695 Domini
3195 3657 3208 3707 ;
3236 3649 3292 3693 et
3327 3653 3452 3693 cum
3478 3639 3588 3692 sint
3628 3647 3686 3690 ut

2109 3730 2303 3784 mortui
2337 3744 2402 3784 ac
2439 3730 2594 3785 recisi
2639 3744 2669 3783 a
2707 3729 2953 3794 Domino,
2999 3745 3130 3784 cura
3183 3739 3240 3783 ut
3285 3729 3540 3784 recedant
3617 3730 3686 3783 ab

2109 3823 2364 3891 operibus
2391 3823 2524 3886 suis,
2560 3831 2614 3876 et
2661 3820 2885 3892 gloriam
2927 3829 3327 3892 consequantur
3366 3835 3432 3874 ac
3479 3821 3683 3873 vivant.

2110 3912 2208 3966 Fili
2239 3913 2334 3978 mi,
2361 3914 2546 3983 ingens
2569 3913 2736 3983 gloria
2767 3923 2872 3979 est,
2901 3926 2958 3968 ut
2989 3929 3208 3984 operam
3236 3914 3330 3967 des
3366 3911 3601 3972 silentio,
3630 3919 3687 3965 et

2112 4006 2397 4059 Dominum
2429 4005 2657 4060 imiteris
2690 4014 2954 4072 nostrum,
2992 4020 3149 4074 quem
3187 4015 3464 4073 propterea
3511 4003 3687 4058 Hero-

2113 4097 2206 4152 des
2252 4106 2336 4151 est
2379 4095 2692 4151 demiratus.
2728 4096 2830 4151 Fili
2865 4097 2960 4161 mi,
3004 4098 3356 4166 quodcunque
3403 4094 3553 4150 voles
3589 4110 3687 4164 ag-

2111 4189 2298 4255 gredi;
2328 4189 2379 4242 in
2404 4203 2510 4257 quo
2548 4188 2712 4242 Deum
2750 4203 2856 4244 non
2901 4188 3199 4258 cognoscis,
3230 4201 3296 4241 ne
3329 4186 3500 4242 facias
3531 4200 3686 4242 cave.

2113 4274 2212 4330 Fili
2251 4276 2343 4340 mi,
2372 4277 2442 4330 sit
2477 4277 2655 4331 anima
2692 4283 2783 4331 tua
2811 4291 2932 4332 cum
2965 4277 3189 4332 Domino
3217 4276 3361 4332 omni
3406 4289 3686 4344 tempore;

2116 4381 2312 4435 corpus
2342 4381 2470 4421 vero
2505 4377 2650 4422 tuum
2680 4368 2749 4422 sit
2779 4382 2942 4438 super
2976 4376 3118 4424 terra
3144 4367 3391 4437 imaginis
3428 4366 3595 4421 instar
3631 4373 3690 4421 et

436 4467 603 4520 mium
631 4466 908 4537 loqmtris;
951 4479 1008 4525 et
1045 4470 1089 4523 si
1122 4470 1249 4538 quid
1293 4469 1397 4523 illis
1427 4467 1800 4538 postulaveris,
1833 4468 2007 4522 brevi-
2041 4489 2086 4546 υ
2117 4459 2416 4515 simulacri.
2453 4459 2552 4514 Fili
2581 4460 2676 4526 mi,
2715 4460 2858 4514 nulla
2892 4461 3060 4530 major
3098 4469 3180 4512 est
3221 4459 3488 4528 impietas,
3521 4471 3687 4524 quam

435 4567 518 4613 ter
555 4573 678 4613 cum
715 4560 1018 4615 humilitate
1049 4561 1214 4617 dicito
1246 4560 1392 4616 illud.
1439 4560 1540 4615 Fili
1592 4559 1685 4624 mi,
1731 4559 1775 4613 si
1819 4558 2009 4628 injuria

436 4649 660 4706 allectus
683 4651 870 4718 fueris,
905 4668 976 4708 ne
1003 4668 1119 4708 eam
1147 4653 1465 4709 inferentem
1510 4653 1634 4708 odio
1671 4653 1893 4717 habeas,
1920 4654 2014 4708 sed

437 4744 642 4800 dicito:
673 4745 876 4817 Dignus
910 4747 1126 4816 quidem
1155 4762 1296 4812 sum,
1329 4748 1419 4818 qui
1451 4747 1518 4802 ab
1551 4747 1800 4802 omnibus
1831 4745 2014 4801 fratri-

436 4837 538 4890 bus
574 4837 772 4906 injuria
798 4837 1021 4893 alliciar.
1048 4837 1104 4893 Si
1133 4840 1254 4907 quis
1274 4838 1498 4892 fratrum
1526 4839 1591 4891 ad
1617 4848 1668 4893 te
1690 4835 2013 4892 veneritali-

437 4942 596 4996 quam
621 4929 690 4984 ob
727 4943 858 4992 rem,
888 4936 942 4984 te
969 4929 1020 4983 in
1053 4929 1303 4984 omnibus
1341 4930 1627 4992 demittito,
1651 4937 1703 4983 et
1731 4927 2011 4997 acquiesce

438 5018 512 5071 illi
545 5027 762 5088 propter
805 5016 994 5084 Deum,
1037 5028 1090 5073 et
1133 5032 1200 5073 ne
1242 5018 1489 5087 superbia
1525 5028 1576 5070 te
1606 5016 1819 5083 elIeras,
1855 5031 2006 5070 cave.

438 5109 495 5164 Si
527 5118 704 5163 autem
733 5109 1070 5164 constituerit
1103 5118 1153 5164 te
1189 5107 1351 5163 Pater
1372 5119 1491 5163 tuus
1523 5109 1586 5163 ad
1611 5108 2007 5163 inserviendum

441 5200 692 5266 inlirmis,
731 5201 928 5257 inservi
963 5216 1027 5258 ex
1067 5210 1174 5256 toto
1206 5201 1365 5256 corde
1396 5211 1505 5267 tuo,
1543 5211 1598 5255 ut
1627 5201 1890 5270 duplicem
1922 5216 2007 5255 re-

439 5301 624 5360 portes
661 5294 961 5348 mercedem
1009 5308 1037 5346 a
1067 5289 1203 5358 Deo,
1232 5302 1448 5362 propter
1475 5292 1831 5348 obedientiam
1869 5294 2013 5348 scili-

439 5390 526 5434 cet
559 5391 611 5435 et
651 5384 963 5438 servitutem
995 5398 1157 5452 quam
1184 5382 1502 5452 praestitisti.
1529 5383 1584 5436 Si
1613 5382 1730 5451 quis
1761 5391 1810 5438 te
1838 5383 2012 5437 corri-

442 5472 552 5541 piet
595 5473 860 5530 insontem
922 5475 1124 5544 peccati
1183 5473 1407 5542 alicujus
1463 5488 1649 5539 causa,
1697 5473 1916 5539 humilia
1962 5485 2014 5530 te

443 5565 642 5634 ipsum,
689 5573 746 5618 ut
790 5579 1044 5621 coronam
1081 5565 1450 5636 consequaris.
1489 5566 1685 5632 Aures,
1714 5576 1771 5620 ut
1815 5565 2012 5624 malum

515 5748 562 5784 “
602 5748 764 5808 Hebr.
798 5767 874 5819 ιι,
904 5749 994 5810 38.
1070 5757 1112 5790 θ’
1153 5754 1330 5809 Eccle.
1362 5769 1419 5818 ι,
1445 5751 1533 5806 l-l.

1613 5751 1656 5785 ιι
1695 5752 1882 5807 Matth.
1912 5769 2046 5821 xm,
2078 5752 2166 5810 39.

2117 4563 2404 4606 mcerorem
2434 4552 2663 4621 cuipiam
2695 4550 2913 4616 inferre,
2947 4561 3000 4604 et
3026 4565 3084 4604 se
3120 4548 3311 4603 ell'erre
3339 4563 3502 4617 super
3527 4545 3684 4602 θυοδ.

2110 4643 2210 4698 Fili
2237 4643 2334 4710 mi,
2370 4643 2550 4713 lingua
2580 4652 2667 4697 tua
2698 4653 2953 4712 sequatur
2986 4640 3312 4697 intellectum
3340 4649 3513 4701 tuum,
3553 4653 3688 4706 quo-

2111 4735 2256 4789 niam
2304 4735 2464 4789 verba
2510 4735 2871 4804 intelligentiae
2913 4735 3189 4805 expertia,
3242 4733 3409 4802 spina
3453 4738 3579 4786 sunt
3631 4738 3688 4784 et

2113 4827 2313 4880 arista).
2340 4825 2441 4880 Fili
2467 4827 2560 4892 mi,
2593 4826 2723 4879 nihil
2750 4825 3000 4895 cuiquam
3033 4839 3302 4894 proponas
3342 4830 3435 4876 aut
3467 4825 3684 4885 doceas,

2119 4930 2404 4989 antequam
2431 4918 2544 4988 ipse
2565 4933 2729 4988 opere
2756 4919 3110 4988 compleveris
3143 4919 3290 4974 illud.
3322 4917 3538 4971 Pensita
3561 4930 3686 4984 ope-

2117 5027 2174 5066 ra
2215 5012 2329 5077 Dei,
2359 5020 2412 5065 et
2435 5010 2582 5065 illum
2623 5027 2780 5067 orare
2805 5027 2872 5067 ne
2898 5020 2949 5065 te
2969 5011 3164 5079 pigeat,
3198 5011 3319 5078 quia
3349 5009 3524 5062 oratio
3553 5008 3683 5076 pigri

2116 5098 2278 5152 verba
2312 5109 2437 5154 sunt
2477 5102 2671 5158 otiosa.
2713 5103 2794 5156 Ah
2823 5101 3128 5155 hominibus
3168 5101 3358 5154 mentis
3389 5107 3442 5152 et
3479 5098 3682 5151 consilii

2115 5193 2446 5263 expertibus,
2481 5193 2748 5258 adnitere,
2784 5195 3023 5247 recedas.
3061 5193 3114 5246 Si
3155 5205 3259 5261 qua
3287 5205 3448 5259 opera
3477 5190 3686 5242 virtutis

2109 5284 2367 5347 edideris,
2398 5299 2462 5337 ne
2490 5294 2539 5337 te
2555 5283 2757 5351 jactes,
2783 5284 3037 5354 dicasque
3067 5302 3080 5337 :
3109 5282 3257 5336 Talia
3284 5292 3542 5351 operatus
3571 5295 3682 5334 sum

2111 5390 2167 5434 et
2194 5377 2291 5432 feci
2317 5397 2334 5444 ;
2363 5377 2617 5447 quoniam
2663 5377 2708 5430 si
2733 5376 3026 5444 jactavcris
3059 5385 3108 5429 te
3132 5389 3194 5428 ea
3222 5374 3438 5436 fecisse,
3471 5371 3683 5426 minime

2112 5470 2328 5539 sapiens
2361 5469 2488 5525 eris.
2516 5467 2607 5522 Est
2645 5468 2875 5523 dedecus
2908 5468 3069 5522 etiam
3107 5465 3344 5520 omnium
3373 5464 3681 5521 maximum.

2111 5562 2232 5617 aliis
2277 5577 2339 5618 ea
2366 5561 2631 5630 imperare
2655 5575 2772 5630 qua:
2799 5559 2910 5630 ipse
2939 5575 3042 5614 non
3077 5555 3454 5629 prastaveris;
3482 5552 3680 5609 nullam

2247 5750 2289 5782 ⁸⁸
2327 5749 2514 5805 l'l'im.
2554 5747 2739 5812 H315.
