3860 6324
87 358 280 416 £077
891 370 948 426 s.
987 370 1267 426 axroxu
1309 369 1378 426 ιι.
1419 365 1708 422 ABBATIS
1773 364 2076 422 REGULE
2115 362 2202 418 ET
2242 360 2648 418 Plt/ECEPTA.
3292 365 3429 424 tore

95 490 398 546 namque
431 479 718 536 utilitatem
741 483 938 552 ‘capies
979 485 1048 539 ab
1087 499 1250 553 opere
1299 484 1493 537 alieno.
1535 481 1626 536 Vir
1656 495 1747 536 ει·
1778 485 1822 540 Α
1854 489 1946 531 tuo
1992 475 2208 530 silentio
2239 474 2457 530 obstrue
2479 488 2606 537 ora;
2658 485 2756 527 nec
2783 470 3085 537 demlreris,
3131 471 3178 528 si
3210 475 3328 544 quis
3360 476 3428 529 de

93 563 312 634 piens
366 569 574 638 optime
641 571 790 626 novit
845 573 988 626 viam
1056 573 1266 626 itineris
1323 571 1447 635 sui,
1523 571 1750 638 ideoque
1855 581 1906 626 te
1928 568 2123 623 malum
2151 563 2637 636 obloquatur,quia
2667 563 2769 618 hoc
2793 571 3128 632 exopereest
3161 565 3428 633 pessimo-

97 671 246 709 non
293 657 520 714 festinat
569 660 637 716 ad
679 661 1034 732 loquendum;
1065 663 1158 718 sed
1199 664 1328 733 quid
1376 663 1477 718 sibi
1531 662 1753 732 loquen-
1854 675 1973 715 rum
2024 657 2278 720 hostium,
2311 663 2369 708 ut
2409 653 2845 722 impedimentum
2889 661 3163 721 opponant
3199 651 3427 717 homini,

101 746 282 802 dum
328 751 726 807 audiendumve
776 762 880 818 est,
935 755 1223 824 expendit;
1279 765 1488 820 contra,
1546 755 1629 808 vir
1669 753 1752 808 in-
1855 766 1922 806 ne
1972 747 2339 820 apprehendat
2389 746 2690 803 scientiam.
2744 743 2844 799 Fili
2878 744 2972 808 mi,
3013 743 3078 797 ab
3116 743 3240 796 odio
3273 742 3431 813 longe

106 837 538 912 disciplinatus
561 845 867 900 concredita
913 847 1011 900 sibi
1060 861 1256 901 arcana
1302 847 1520 902 minime
1547 855 1749 902 servat.
1855 854 1994 910 esto,
2029 852 2084 896 et
2123 857 2152 895 a
2198 841 2628 911 concupiscentia
2661 839 2772 910 ipse
2807 849 2857 894 te
2882 839 3052 909 ipsum
3088 837 3321 900 vindica,
3356 837 3430 891 si-

203 931 324 989 lV.
368 934 466 987 Fili
525 936 620 998 mi,
655 937 704 990 ei
750 936 843 1005 qui
887 937 1048 992 verba
1097 947 1184 991 tua
1229 954 1331 991 non
1378 938 1639 1006 percipit,
1686 952 1755 992 ne
1859 933 2076 1002 mulque
2109 933 2176 985 ab
2213 931 2462 986 obscenis
2490 928 2923 1000 cogitationibus.
2950 927 3236 996 Apostolus
3260 925 3428 980 Joan-

108 1023 409 1091 proferas
439 1026 550 1079 illa.
588 1026 687 1081 Fili
721 1028 814 1092 mi,
864 1043 1054 1083 omnes
1080 1027 1326 1083 homines
1365 1028 1448 1082 fac
1489 1028 1582 1083 tibi
1623 1028 1756 1082 ami-
1859 1039 1954 1079 nes
1981 1023 2071 1094 qui
2104 1021 2322 1077 effectus
2358 1031 2438 1076 est
2467 1018 2829 1077 habitaculum
2859 1018 3026 1074 Sancti
3055 1017 3305 1087 Spiritus,
3340 1015 3429 1069 tri-

114 1130 281 1183 eos,
317 1119 409 1171 sed
443 1133 547 1171 non
573 1117 934 1173 consiliarios.
967 1120 1103 1172 Ante
1131 1118 1308 1172 omnia
1351 1118 1552 1174 amicos
1593 1133 1756 1188 expe-
1857 1117 1956 1172 hus
1987 1114 2393 1184 comprehendit
2433 1114 2693 1168 humanas
2733 1111 3036 1180 voluptates
3089 1109 3426 1179 sapientissi-

115 1207 399 1262 rimento
430 1208 620 1278 proba,
643 1224 742 1264 nec
767 1225 954 1264 omnes
979 1209 1145 1264 facias
1171 1191 1500 1275 familiares;
1532 1220 1586 1264 et
1617 1211 1660 1264 si
1686 1210 1759 1263 fa-
1857 1220 1945 1260 mo
1985 1205 2074 1259 illo
2104 1215 2315 1259 asserto
2341 1221 2354 1257 :
2393 1203 2652 1269 Quoniam
2689 1217 2839 1257 omne
2866 1202 3003 1270 quod
3030 1211 3101 1254 est
3125 1201 3177 1253 iu
3209 1202 3424 1267 mundo,

118 1295 277 1352 cies
307 1311 520 1362 omnes,
558 1313 624 1352 ne
657 1299 910 1353 omnibus
945 1299 1100 1364 fidas,
1133 1301 1388 1370 quoniam
1417 1301 1644 1355 mundus
1678 1316 1758 1362 es;
1857 1307 1946 1349 aut
1979 1295 2395 1363 concupiscentia
2422 1297 2596 1347 carnis
2621 1303 2716 1358 est,
2739 1304 2829 1347 aut
2866 1293 3277 1360 concupiscentia
3305 1309 3430 1346 ocu-

122 1381 518 1443 conﬁrmatus
549 1389 600 1442 in
635 1389 794 1456 dolo;
827 1391 922 1446 sed
959 1407 1122 1446 unum
1153 1393 1246 1447 tibi
1275 1393 1411 1464 elige
1436 1393 1655 1447 fratrem
1693 1392 1760 1446 ιὶς
1860 1390 2027 1442 Ιοηιιιι
2059 1398 2148 1440 ant
2179 1386 2418 1455 superbia
2465 1387 2644 1439 mundi
2675 1386 2738 1438 ¹³.
2774 1385 3215 1454 Concupisccntia
3251 1386 3430 1440 carnis

128 1485 407 1530 mentem
444 1476 754 1543 Dominum,
791 1485 846 1532 et
871 1477 1087 1534 adbzere
1119 1478 1226 1532 Deo
1265 1489 1470 1531 tantum
1505 1487 1756 1546 tanquam
1858 1489 1939 1533 est
1989 1478 2192 1532 ventris
2239 1477 2459 1531 satietas
2512 1490 2575 1530 ex
2620 1476 2770 1544 copia
2825 1475 3093 1528 variorum
3160 1474 3426 1541 ciborum,

133 1567 310 1620 ﬁlius
344 1568 512 1636 patri,
547 1568 802 1636 quoniam
830 1583 1016 1622 omnes
1048 1569 1294 1623 homines
1320 1567 1372 1622 in
1394 1566 1572 1622 dolum
1608 1566 1758 1619 abie-
1859 1585 2019 1640 quam
2083 1567 2387 1624 necessario
2449 1566 2690 1636 sequitur
2738 1565 3107 1620 immundities
3174 1565 3426 1620 lusuriei.

135 1667 313 1724 runt,
339 1659 589 1726 exceptis
615 1658 836 1727 paucis;
866 1669 1007 1712 terra
1038 1668 1215 1713 autem
1244 1660 1356 1729 jam
1385 1659 1649 1729 completa
1675 1669 1762 1713 est
1859 1661 2305 1730 Concupiscentia
2342 1675 2470 1714 vero
2499 1659 2773 1714 oculorum
2801 1666 2926 1711 sunt
2961 1657 3258 1712 materialia
3297 1671 3428 1726 0pc-

135 1750 426 1804 vanitatis
461 1759 516 1805 et
548 1750 788 1805 laborum
820 1761 981 1822 atque
1007 1767 1319 1808 maerorum.
1353 1751 1451 1807 Fili
1486 1751 1580 1816 mi,
1610 1751 1654 1807 si
1682 1752 1759 1804 vi-
1863 1772 1944 1819 ra,
1995 1754 2046 1807 in
2103 1768 2330 1821 quorum
2373 1751 2771 1821 pcrpetratione
2817 1759 2908 1804 aut
2960 1747 3179 1804 effertur
3224 1749 3429 1815 oculus,

146 1849 279 1894 tam
309 1841 569 1897 dilexeris
593 1843 961 1912 tranquillam,
987 1859 1054 1898 ne
1089 1854 1139 1899 te
1171 1844 1472 1899 admisceas
1495 1843 1599 1899 illis
1623 1858 1756 1912 quo-
1788 1835 1831 1890 Β
1864 1855 1956 1898 aut
1984 1845 2290 1900 immundus
2326 1845 2392 1897 ad
2424 1857 2517 1896 cor
2543 1841 2738 1896 emittit
2774 1840 3001 1910 species.
3028 1839 3288 1912 Superbia
3333 1856 3430 1896 au-

145 1947 287 1986 rum
321 1933 563 1987 studium
604 1934 656 1988 in
683 1936 1009 1990 vanitatibus
1041 1937 1275 2004 positum
1307 1945 1498 2001 est;et
1528 1935 1572 1989 si
1618 1934 1755 1988 forte
1864 1947 1968 1990 tem
1999 1935 2184 1990 mundi
2209 1944 2294 1990 est
2326 1933 2494 2004 gloria
2526 1933 2636 1995 illa,
2673 1947 2795 2000 quae
2827 1932 3025 1987 nostris
3056 1931 3250 1987 insidet
3281 1947 3436 1988 men-

146 2031 220 2078 te
254 2024 634 2092 admiscueris,
664 2036 780 2080 esto
843 2036 1091 2096 tanquam
1152 2041 1257 2080 non
1317 2027 1598 2081 admistus.
1651 2024 1753 2079 Fili
1828 2028 1998 2082 .tibus
2033 2027 2103 2081 ob
2150 2026 2383 2080 caducas
2413 2036 2686 2092 vanasque
2720 2023 3022 2092 dignitates.
3065 2022 3163 2077 Fili
3209 2023 3304 2089 mi,
3342 2037 3432 2077 se-

148 2117 263 2179 mi,
296 2115 342 2171 si
370 2121 586 2185 placere
615 2117 724 2174 Deo
751 2117 1046 2184 desideras,
1073 2118 1346 2173 Christum
1377 2117 1493 2173 cole
1519 2135 1534 2183 ;
1557 2127 1610 2172 et
1637 2117 1750 2186 ipse

150 2199 426 2255 liberabit
477 2212 528 2256 te
561 2213 723 2274 atque
754 2205 1065 2264 vindicabit.
1103 2206 1177 2260 De
1213 2220 1374 2274 opere
1426 2205 1568 2261 bona
1615 2206 1757 2275 quod

152 2290 350 2347 facere
391 2293 648 2360 intendis,
694 2309 764 2351 ne
814 2296 1050 2365 loquaris
1090 2299 1332 2360 onmino,
1370 2299 1462 2352 sed
1505 2296 1666 2351 facito
1699 2297 1760 2350 il-

158 2384 281 2438 lud.
325 2382 672 2451 Voluptatum
721 2396 935 2440 amator
993 2402 1057 2441 ne
1107 2387 1205 2449 sis,
1247 2389 1375 2456 quia
1425 2386 1751 2458 voluptatum

159 2487 444 2530 amatores
484 2474 628 2530 Deus
675 2492 780 2530 non
824 2478 1062 2532 exaudit.
1120 2477 1370 2534 Defectus
1429 2489 1548 2534 tuos
1602 2479 1759 2534 nimis

167 2565 422 2620 crevisse
459 2576 747 2632 memento,
790 2577 841 2621 et
881 2565 1220 2636 juventntem
1264 2578 1405 2622 tuam
1433 2568 1544 2638 jam
1581 2579 1760 2623 trans-

165 2665 348 2710 actam
374 2670 516 2722 esse,
551 2668 606 2711 et
644 2655 866 2724 jamjam
897 2668 1108 2728 tempus
1137 2661 1325 2715 adesse
1357 2661 1439 2714 tui
1465 2661 1758 2725 discesais,

168 2747 226 2800 in
279 2763 391 2817 quo
445 2748 709 2804 rationem
762 2764 823 2804 es
881 2752 1190 2806 redditurus
1237 2763 1447 2806 tuorum
1507 2768 1760 2822 operum;

170 2840 429 2908 sciasque
455 2841 597 2908 quod
625 2841 693 2894 ibi
723 2855 823 2895 nec
849 2840 1016 2896 frater
1040 2842 1265 2897 redimet
1303 2844 1544 2909 fratrem,
1575 2860 1670 2898 nec
1700 2844 1762 2898 li-

170 2935 309 2988 lium
349 2944 506 3004 pater
535 2934 804 2992 liberabit.
842 2937 942 2992 Fili
986 2940 1080 3003 mi,
1110 2938 1301 2994 cellam
1331 2949 1475 2994 tuam
1507 2942 1558 2994 in
1589 2955 1765 2996 carceo

173 3043 292 3080 rem
330 3027 426 3082 tibi
458 3028 748 3094 constitue,
789 3031 911 3099 quia
955 3041 1386 3085 consummatum
1417 3031 1528 3100 jam
1562 3041 1642 3088 est
1679 3033 1757 3087 in-

177 3127 398 3172 ternum
447 3127 836 3190 externumque
879 3129 1062 3187 tuum;
1107 3132 1160 3176 et
1212 3121 1434 3192 jamjam
1487 3122 1767 3177 dissolutio

175 3223 270 3265 tua
299 3211 368 3264 ab
394 3210 497 3266 hoc
538 3211 736 3266 mundo
777 3213 946 3268 adest.
990 3213 1045 3266 ln
1088 3215 1339 3267 omnibus
1374 3214 1590 3268 humilis
1618 3222 1753 3278 esto,

179 3304 236 3355 in
276 3303 466 3356 habitu
503 3309 616 3366 tuo,
648 3303 700 3356 in
734 3304 1090 3369 vestimentis,
1119 3306 1171 3358 in
1214 3305 1475 3369 sessione,
1513 3306 1763 3372 statione,

175 3396 573 3458 ambulatione,
623 3397 808 3460 cubili,
868 3398 1000 3451 cella
1059 3408 1113 3452 et
1164 3399 1480 3467 supellectili
1521 3399 1656 3466 ejus.
1710 3398 1764 3454 In

177 3486 332 3540 omni
354 3485 769 3540 conversatione
792 3495 878 3540 tua
903 3501 1118 3541 assume
1151 3488 1242 3541 tibi
1267 3488 1506 3542 habitum
1534 3504 1764 3558 pauper-

182 3576 348 3640 tatis;
383 3589 483 3628 nec
526 3575 578 3628 in
630 3576 970 3630 sermonibus
1001 3577 1106 3630 tuis
1138 3576 1404 3648 glorieris,
1441 3592 1537 3632 nec
1568 3579 1620 3632 in
1651 3581 1766 3633 lau-

180 3665 500 3720 dationibus
551 3667 659 3721 tuis
709 3676 801 3722 aut
850 3667 1068 3736 hymnis
1118 3688 1131 3722 :
1180 3679 1234 3724 et
1290 3685 1413 3725 cum
1477 3673 1768 3727 convenies

182 3758 496 3826 proximum
543 3767 714 3823 tuum,
774 3759 933 3814 verba
971 3769 1056 3813 tua
1100 3776 1165 3815 ne
1209 3761 1315 3815 sint
1357 3776 1476 3815 cum
1518 3762 1764 3817 artificio.

181 3851 291 3906 Fili
353 3851 447 3916 mi,
493 3851 536 3905 si
586 3851 924 3908 laudaverint
972 3861 1023 3906 te
1076 3862 1292 3921 propter
1333 3868 1496 3922 opera
1538 3863 1648 3918 tua,
1703 3870 1770 3909 ne

184 3941 428 4012 gaudeas
494 3940 783 4011 propterea
844 3952 937 3997 aut
1007 3943 1321 4010 delecteris,
1375 3941 1470 3999 sed
1527 3959 1588 3999 ea
1657 3945 1769 3999 cela

186 4040 454 4108 quantum
495 4044 678 4103 potes;
713 4051 815 4091 nec
847 4036 1129 4105 permittas
1167 4037 1414 4106 cuiquam
1444 4037 1652 4092 illorum
1694 4037 1771 4090 fa-

187 4147 318 4188 cere
334 4131 683 4196 mentionem,
701 4137 754 4184 et
769 4128 1012 4183 obnitere
1029 4144 1094 4182 ne
1113 4129 1344 4185 lauderis
1361 4130 1427 4184 ab
1442 4131 1768 4185 hominibus.

264 4224 330 4279 V.
371 4222 468 4278 Fili
509 4224 602 4286 mi,
641 4221 944 4291 quempiam
989 4221 1097 4275 cito
1141 4235 1207 4274 ne
1255 4220 1549 4291 corripias;
1588 4223 1639 4276 in
1672 4223 1773 4276 hoc

189 4315 336 4369 enim
369 4325 452 4369 est
479 4328 637 4368 casus
673 4322 824 4378 tuus;
855 4311 947 4366 sed
980 4321 1246 4365 memento
1288 4321 1442 4366 antea
1479 4313 1656 4367 exitus
1696 4314 1772 4368 tui

192 4411 263 4464 ab
294 4408 398 4462 hoc
439 4418 688 4474 corpore,
725 4418 824 4458 nec
851 4402 1186 4456 obliviscaris
1220 4411 1432 4456 mternaz
1475 4404 1775 4458 damnatio-

1871 2117 2320 2186 Irinajustitiam,
2358 2124 2416 2168 ut
2466 2116 2589 2168 vita:
2624 2113 2831 2167 fructus
2880 2121 3072 2168 metas.
3098 2113 3326 2178 Adhibe,
3359 2113 3430 2167 fili

1860 2211 1957 2278 nti,
2019 2210 2256 2265 scientiae
2302 2207 2504 2272 lumen,
2554 2214 2612 2259 ut
2669 2203 3071 2276 generationem
3125 2217 3431 2274 consequa-

1862 2303 1936 2356 ris
1959 2304 2248 2369 justorum,
2275 2301 2398 2355 dum
2428 2307 2640 2367 tempus
2666 2302 2752 2350 est
2774 2294 3124 2364 conquirendi
3154 2295 3433 2351 scientiam

1863 2389 2099 2444 Domini.
2696 2380 2701 2385 ’

1939 2481 2020 2534 Vl.
2064 2480 2188 2546 Fili,
2220 2479 2476 2550 cogitatio
2507 2477 2682 2534 inanis
2707 2480 2912 2551 gloriae,
2949 2491 3098 2544 cave,
3123 2487 3174 2532 te
3195 2476 3438 2543 sedncat,

1862 2576 1991 2629 dum
2021 2572 2116 2626 tibi
2145 2575 2377 2641 suggerit
2412 2571 2554 2640 quod
2600 2573 2842 2642 requiem
2884 2570 2938 2625 in
2977 2569 3267 2625 solitudine
3302 2582 3438 2622 nan-

1864 2665 2106 2719 cisceris.
2156 2663 2424 2718 Perfectio
2462 2679 2593 2721 sane
2633 2662 2950 2722 certaminis
2983 2661 3081 2725 tui,
3130 2658 3447 2714 obedientia

1863 2766 1979 2822 est;
2008 2755 2262 2824 quoniam
2294 2754 2493 2810 bonum
2523 2766 2608 2812 est
2642 2759 2746 2811 hoc
2777 2754 3002 2818 homini,
3029 2761 3084 2807 ut
3108 2749 3294 2822 jugum
3333 2749 3437 2804 Do-

1866 2847 1992 2899 mini
2018 2862 2046 2898 a
2080 2845 2357 2913 iuventute
2377 2855 2571 2916 portet,
2603 2855 2658 2901 et
2690 2846 2890 2900 serviat
2918 2843 3279 2912 obediatque;
3319 2857 3432 2894 ma-

1869 2937 2052 2990 xillam
2095 2937 2412 3006 percutienti
2451 2937 2718 3006 praebens,
2767 2935 2976 2990 laetetur
3019 2935 3069 2989 in
3116 2933 3438 3002 Opprobriis,

1869 3035 2114 3087 ciborum
2148 3035 2405 3086 tenuitate
2436 3033 2503 3086 sit
2527 3040 2814 3086 contentus
2853 3046 2863 3080 :
2901 3037 3226 3100 quaprOpter
3259 3026 3444 3081 Domi-

1871 3139 1971 3178 nus
2002 3137 2186 3177 n05ter
2213 3120 2368 3176 Jesus
2406 3115 2654 3178 Christus
2696 3122 2834 3175 haud
2867 3121 3014 3174 illum
3048 3119 3304 3174 destituet
3337 3133 3442 3170 un-

1871 3230 2054 3284 quam,
2109 3215 2234 3281 quia
2280 3214 2450 3267 bonus
2486 3222 2566 3267 cst
2599 3222 2652 3266 et
2690 3212 2908 3280 adjutor
2947 3212 3272 3274 animarum,
3326 3223 3446 3276 quae

1872 3307 2139 3360 sustinent
2169 3313 2383 3375 pr0pter
2407 3304 2554 3358 illum
2583 3319 2644 3356 ac
2663 3305 2851 3373 ipsum
2881 3310 3127 3372 quaerunt
3150 3320 3164 3368 ;
3191 3299 3451 3355 corrobo-

1873 3397 2011 3451 rabit
2049 3397 2192 3450 enim
2217 3411 2312 3454 eos
2341 3394 2511 3450 donec
2538 3395 2590 3448 in
2624 3395 2803 3463 quiete
2836 3393 3323 3450 conﬁrmabuntur.
3361 3390 3455 3444 Τιι.

1873 3502 2021 3556 ergo,
2064 3487 2135 3540 liti
2173 3487 2264 3551 mi,
2299 3488 2370 3541 ita
2405 3487 2586 3550 facias,
2624 3495 2679 3539 ut
2711 3486 2956 3541 habitare
2995 3485 3167 3556 possis
3207 3483 3260 3538 in
3293 3492 3444 3537 tran-

1874 3579 2136 3648 quillitate
2161 3579 2330 3645 solus,
2355 3589 2407 3632 et
2431 3579 2588 3633 sileas
2616 3581 2666 3634 in
2691 3579 2890 3649 quiete.
2923 3577 3026 3633 Fili
3057 3578 3158 3645 mi,
3180 3576 3361 3631 laetare
3392 3576 3452 3634 in

1877 3671 2308 3726 tribulationibus
2345 3687 2463 3742 qua:
2502 3672 2596 3726 tibi
2634 3672 2920 3737 eveniunt;
2957 3671 3056 3725 has
3084 3670 3224 3723 enim
3259 3683 3449 3723 consc—

1875 3773 2112 3833 quuntur
2143 3762 2364 3818 fructus.
2396 3763 2448 3816 In
2489 3763 2852 3833 voluptatibus
2881 3761 3061 3816 tnundi
3102 3776 3168 3815 ne
3209 3759 3449 3813 delecte-

1879 3855 1972 3919 ris,
2009 3853 2080 3907 lili
2122 3853 2228 3920 mi;
2260 3855 2504 3908 morieris
2528 3855 2671 3908 enim
2708 3863 2876 3908 morte
2913 3853 3168 3922 pessima.
3202 3849 3304 3904 Fili
3353 3850 3453 3916 mi,

1879 3956 2133 4017 perpetuo
2168 3947 2360 4015 evigila
2406 3961 2473 4001 ne
2520 3945 2814 4011 sedncaris,
2845 3945 3097 4016 pigerque
3140 3940 3340 3997 evadas
3387 3955 3451 3994 ac

1880 4037 2154 4107 negligens
2179 4036 2528 4106 abiectosque
2553 4036 2627 4091 sis
2654 4035 2706 4089 in
2730 4033 2908 4089 futuro
2937 4031 3166 4100 saeculo;
3193 4028 3450 4099 scriptum

1879 4135 1962 4180 est
1987 4125 2127 4179 enim
2163 4143 2176 4178 :
2214 4123 2300 4179 Vte
2329 4125 2739 4196 negligentibus,
2771 4123 3025 4193 quoniam
3060 4119 3458 4190 appropinqua-

1881 4217 1957 4270 vit
1985 4216 2103 4270 linis
2131 4231 2340 4280 eorum,
2377 4229 2474 4270 nec
2508 4216 2658 4270 adest
2692 4213 2796 4268 illis
2828 4210 3062 4280 adjutor,
3097 4223 3194 4262 nec
3221 4222 3344 4276 spes
3368 4221 3454 4258 sa-

1883 4307 2026 4360 lutis.
2058 4306 2157 4360 Fili
2187 4307 2278 4369 mi,
2304 4320 2513 4361 morere
2549 4305 2770 4372 singulis
2803 4303 3016 4365 diebus,
3053 4309 3110 4354 ut
3137 4299 3300 4360 vivas,
3322 4297 3446 4364 quia

1883 4399 2187 4466 quicunque
2231 4397 2384 4450 timet
2419 4395 2724 4459 Dominum,
2763 4393 2908 4446 vivet
2952 4392 3003 4445 in
3038 4399 3320 4444 aeternum.
3353 4384 3454 4439 Fili

195 4499 282 4554 nis
313 4497 634 4552 memoriam
662 4513 676 4560 ;
709 4495 752 4548 si
787 4496 858 4548 ita
890 4494 1032 4548 enim
1063 4492 1278 4556 feceris,
1309 4493 1360 4545 in
1385 4503 1642 4546 aeternum
1671 4512 1773 4548 non
1811 4521 1853 4574 η
1886 4490 1976 4553 tui,
2007 4502 2142 4557 Quos
2169 4487 2431 4557 pertulisti
2471 4496 2687 4557 propter
2712 4485 2988 4548 virtutem,
3021 4497 3091 4537 ne
3117 4479 3456 4535 obliviscaris

195 4590 471 4662 peccabis.
506 4588 689 4642 Patres
718 4597 895 4640 autetn
923 4587 1088 4640 nostri
1117 4587 1418 4655 spirituales
1446 4597 1774 4653 asseverant,

194 4681 546 4738 solitudinem
577 4681 835 4746 aptiorem
878 4678 1052 4732 locum
1093 4691 1212 4731 esse
1257 4675 1617 4730 meditationis
1663 4693 1776 4731 me-

197 4772 387 4826 moria:
417 4768 626 4832 mortis,
669 4776 724 4820 et
769 4765 1028 4835 refugium
1068 4780 1096 4816 a
1140 4763 1297 4818 rebus
1331 4763 1624 4830 corporeis.
1678 4762 1779 4818 Fili

195 4864 294 4927 tui,
323 4861 603 4916 vilioribus
655 4872 808 4914 utere
852 4857 1006 4913 cibis.
1049 4856 1107 4912 Si
1143 4858 1220 4910 ira
1261 4855 1541 4925 perculsus
1590 4855 1775 4920 fueris,

198 4956 384 5011 statim
414 4954 559 5008 illam
602 4968 632 5006 a
678 4963 728 5008 te
759 4965 974 5005 remove
1018 4948 1221 5018 procul,
1260 4959 1315 5002 ut
1347 4949 1583 5018 gaudeas
1612 4963 1779 5018 usque

199 5051 252 5104 in
281 5050 479 5113 finem;
511 5055 565 5101 et
612 5045 770 5100 enixe
803 5057 1023 5114 precare
1057 5043 1280 5113 juvenes
1317 5041 1473 5096 simul
1517 5051 1571 5094 et
1602 5056 1778 5105 senes,

201 5152 389 5195 utnon
421 5137 736 5208 permittant
757 5136 856 5190 sibi
893 5133 1158 5190 dominari
1191 5133 1346 5186 iram.
1387 5131 1485 5186 Fili
1519 5132 1612 5197 mi,
1646 5132 1778 5185 nihil

201 5232 347 5285 aliud
399 5238 480 5285 est
526 5227 801 5290 fortitudo,
833 5240 994 5295 quam
1031 5225 1086 5278 in
1116 5222 1339 5278 veritate
1379 5221 1688 5292 persistere,
1730 5231 1782 5276 et

204 5324 461 5379 resistere
493 5320 740 5376 hostibus
774 5337 786 5373 :
815 5318 1066 5389 quoniam
1094 5331 1215 5370 cum
1251 5315 1355 5369 illis
1395 5328 1500 5368 non
1529 5314 1778 5378 cesseris,

203 5415 504 5477 discedent,
532 5421 587 5466 et
614 5425 720 5466 non
757 5408 1098 5464 invenientur
1137 5405 1364 5475 amplius
1399 5404 1635 5458 omnino.
1681 5404 1783 5458 Fili

206 5505 300 5572 mi,
335 5505 421 5560 vir
447 5502 664 5572 sapiens
707 5501 858 5554 vultu
891 5499 1128 5556 ostendit
1167 5497 1484 5566 sapientiam
1522 5513 1533 5548 :
1568 5495 1782 5566 sapiens

204 5599 369 5667 igitur
409 5605 547 5662 esto,
591 5605 646 5650 et
689 5595 904 5650 illorum
937 5594 1026 5666 qui
1056 5599 1246 5651 contra
1293 5600 1346 5649 te
1390 5590 1776 5660 obloquuntur,

315 5780 362 5816 ⁸⁸
400 5778 598 5836 Ηοιιιι.
627 5795 688 5848 tt,
729 5778 815 5834 l6.

1884 4582 2125 4635 laborum
2161 4590 2216 4636 et
2254 4582 2402 4652 piger
2443 4581 2561 4646 tias,
2598 4589 2653 4633 et
2686 4577 2945 4648 negligas,
2997 4590 3060 4631 ac
3095 4587 3246 4630 erres
3287 4572 3338 4624 in
3376 4571 3459 4623 ul»

1884 4675 2011 4728 lima
2048 4673 2203 4738 hora,
2237 4673 2328 4728 sed
2361 4671 2644 4727 Dominum
2680 4670 2838 4738 dilige
2870 4681 3038 4738 usque
3080 4668 3131 4721 in
3178 4665 3359 4729 finem,
3402 4672 3458 4716 et

1887 4763 2314 4821 misericordiam
2345 4765 2709 4834 consequeris.
2757 4760 2855 4815 Fili
2907 4760 3000 4822 mi,
3050 4767 3265 4827 propter
3292 4755 3460 4810 cadu-

1882 4874 1975 4913 cas
2015 4855 2102 4913 res
2133 4871 2199 4913 ne
2230 4857 2450 4913 recedas
2491 4873 2519 4908 a
2566 4856 2708 4920 Deo;
2755 4853 2850 4908 sed
2897 4851 3037 4922 quod
3077 4849 3344 4919 pollicitus
3399 4860 3460 4901 es

1887 4961 2128 5018 tempore
2159 4948 2510 5004 vehementia:
2548 4947 2622 5001 tui
2664 4945 2882 5010 caloris,
2925 4950 3218 4997 memento.
3265 4937 3461 5009 Signa.

1887 5043 2013 5107 culi,
2057 5040 2262 5097 scilicet
2310 5040 2527 5095 habitus
2566 5039 2661 5104 tui,
2697 5053 2806 5108 quo
2842 5036 3133 5090 mundatus
3181 5045 3244 5086 es
3286 5030 3459 5099 prius,

1888 5146 2077 5202 satage
2107 5149 2173 5190 ne
2205 5133 2561 5197 obliviscaris;
2593 5135 2687 5186 sed
2723 5131 3082 5201 lacrymarum
3129 5122 3463 5195 paenitentia:

1889 5239 1992 5283 tua:
2032 5244 2150 5296 quze
2196 5243 2292 5297 pro
2327 5237 2376 5280 te
2406 5226 2538 5278 fuste
2565 5234 2710 5289 sunt,
2742 5236 2947 5277 memor
2969 5228 3109 5283 esto,
3145 5225 3200 5271 et
3233 5213 3464 5269 festinus

1892 5322 2078 5373 recede
2119 5334 2148 5370 a
2182 5317 2592 5388 cogitationibus
2634 5312 2986 5375 absconditis,
3033 5324 3098 5363 ne
3131 5307 3305 5379 palam
3345 5314 3461 5358 tum

1891 5411 2187 5466 seducaris.
2237 5408 2334 5463 Fili
2384 5409 2477 5472 mi,
2520 5407 2716 5462 lectum
2753 5416 2901 5460 tuum
2947 5401 3172 5472 singulis
3213 5398 3462 5454 noctibus

1891 5503 2028 5565 lava,
2059 5511 2113 5555 et
2147 5509 2373 5556 stratum
2411 5508 2557 5554 tuum
2592 5497 2850 5568 lacrymis
2883 5495 2987 5550 tuis
3015 5491 3374 5554 madefatiito;
3408 5493 3464 5538 et

1891 5595 2112 5653 humilia
2145 5605 2195 5651 te
2225 5608 2408 5651 coram
2439 5592 2656 5650 Christo
2676 5589 2921 5658 Domino;
2956 5596 3013 5646 ut
3041 5593 3263 5660 peccata
3291 5578 3467 5638 deleat
