3860 6368
324 390 329 393 _
410 310 553 372 £079

1517 311 1787 369 PATRES
1823 311 1936 368 A36
1951 312 2124 367 \‘PTII
2164 307 2437 367 SECULI
2471 309 2559 365 IV.

3571 302 3746 363 sese

410 437 525 493 tua,
560 436 719 497 teque
751 434 970 483 renovet
1006 441 1219 495 rursus,
1242 426 1538 495 all'eratque
1577 440 1732 496 opem
1756 426 1822 481 ad
1859 426 1995 481 bona
2024 445 2070 501 Α
2102 439 2223 479 cum
2276 423 2440 478 Patre
2486 420 2714 493 optimo,
2772 432 2825 478 et
2892 421 3099 491 Spiritu
3159 429 3350 476 sancto
3405 435 3466 475 ex
3556 429 3724 473 ater

407 536 571 592 opera
603 518 949 585 absolvenda,
997 528 1051 575 et
1086 534 1305 591 regnum
1331 519 1548 574 demum
1592 533 1753 574 suum
1795 518 1998 587 sempi-

411 620 622 665 ternum
647 608 699 663 in
724 608 1089 667 haereditatem
1110 609 1306 664 tribuat
1326 609 1420 664 tibi
1442 625 1459 663 :
1485 623 1643 679 quem
1674 607 1831 663 decet
1856 608 1993 673 laus,

409 700 618 765 honor,
678 698 872 770 gloria,
946 698 1306 756 sanctiﬁcatio
1372 709 1425 755 et
1486 697 1768 762 aduratio,
1834 697 1997 752 simul

2108 517 2310 582 nitate,
2356 528 2533 580 nunc,
2572 520 2625 568 et
2656 526 2907 585 semper,
2935 522 2990 568 et
3025 514 3077 567 in
3108 513 3303 568 saecula
3344 512 3741 567 saeculorum.

2107 606 2303 663 Amen.

2599 693 2808 751 Laudes
2839 694 2946 752 Deo
2968 712 3187 766 semper.

1516 980 1857 1041 EIUSDEM
1886 980 1990 1040 SS.
2015 979 2291 1041 PATRIS
2319 979 2598 1041 NOSTRI

760 1172 981 1283 ,s.
1084 1165 1802 1285 ANTONII
1903 1164 2436 1283 MAGNI
2534 1163 3240 1281 ABBATIS

1067 1399 1867 1485 ADMONITIONES
1907 1401 2040 1482 ET
2070 1400 2709 1482 DOCUMENTA
2762 1402 3060 1485 VABIA

1536 1578 1629 1634 AD
1668 1577 1894 1635 FILIOS
1935 1575 2118 1637 SUOS
2158 1578 2553 1635 MONACHOS.

1992 1753 2065 1764 -ο

485 1878 541 1931 Si
573 1877 697 1949 quis
737 1877 907 1933 frater
937 1877 1132 1935 adierit
1164 1886 1236 1944 te,
1300 1877 1503 1947 tibique
1543 1892 1671 1932 suas
1719 1878 1993 1948 aperuerit
2025 1882 2068 1943 Β
2099 1880 2375 1936 civitatem
2437 1880 2673 1948 incolat;
2741 1892 2922 1950 neque
2984 1877 3173 1933 visitet
3243 1885 3533 1947 parentes,
3610 1878 3727 1927 aut

414 1970 792 2037 cogitationes,
814 1985 907 2025 eas
936 1985 1006 2027 Ite
1032 1971 1286 2041 cuiquam
1337 1984 1548 2026 reseres
1582 1984 1749 2035 cave;
1777 1970 1868 2025 sed
1894 1984 1991 2025 ora

410 2075 515 2129 pro
556 2070 607 2116 te
644 2076 708 2117 ac
746 2077 847 2134 pro
896 2062 1023 2129 illo,
1063 2071 1121 2118 ut
1166 2062 1475 2119 liberemini
1523 2063 1705 2118 ambo.
1762 2062 1818 2118 Si
1873 2064 1997 2134 quis

412 2152 582 2207 frater
628 2168 834 2224 pronus
859 2164 912 2210 te
948 2155 1222 2226 rogaverit
1261 2165 1320 2210 ut
1360 2156 1433 2212 illi
1466 2171 1622 2227 opem
1664 2156 1831 2223 feras,
1865 2172 1995 2229 ope-

411 2259 536 2301 rare
578 2261 704 2302 cum
747 2247 836 2303 illo
881 2256 999 2304 tota
1043 2248 1134 2304 die
1178 2248 1289 2305 illa.
1338 2248 1625 2306 Seniorum
1678 2250 1996 2307 monasterii

412 2349 471 2392 nt
507 2338 938 2396 benedictionem
967 2342 1342 2412 consequaris.
1376 2342 1602 2398 omnino
1626 2355 1829 2414 satage.
1864 2342 2000 2401 Cor-

410 2430 554 2499 ripe,
589 2444 691 2485 nec
734 2446 957 2501 parcas;
997 2434 1093 2487 sed
1139 2448 1262 2488 cum
1306 2434 1500 2489 timore
1543 2434 1677 2490 Dei:
1712 2450 1813 2492 nec
1847 2436 1995 2491 acci-

409 2522 528 2591 pias
554 2522 870 2595 cujusquam
910 2540 1238 2596 personam,
1268 2528 1515 2597 quisquis
1548 2528 1636 2584 ille
1664 2529 1765 2593 sit,
1806 2538 1861 2586 et
1896 2544 1994 2584 ex-

412 2616 753 2672 communica
797 2632 919 2672 eum
960 2619 1141 2674 verbis
1196 2621 1465 2677 veritatis.
1519 2622 1855 2678 Vestimenta
1906 2631 1995 2677 tua

409 2708 660 2776 custodi,
709 2724 778 2765 ne
830 2710 1053 2767 incedas
1101 2713 1277 2769 nudus
1317 2715 1370 2767 in
1418 2713 1504 2769 die
1544 2713 1755 2784 judicli.
1806 2714 1997 2770 Patres

409 2802 729 2857 monasterii
761 2804 851 2874 qui
892 2813 1153 2875 generant
1188 2812 1241 2860 te
1286 2805 1341 2860 in
1387 2806 1618 2875 spiritu,
1651 2804 1738 2861 fac
1765 2846 1780 2867 .
1819 2805 1995 2860 admi-

410 2902 601 2949 rentur
626 2894 857 2965 gloriam
905 2904 1047 2949 tuam
1086 2896 1137 2951 in
1187 2897 1366 2953 medio
1405 2908 1741 2953 sanctorum.
1792 2898 1997 2954 Panem

408 2993 560 3040 tuum
595 3000 718 3041 cum
750 2988 954 3057 quiete,
986 2988 1379 3058 tranquillitate
1403 2999 1457 3045 et
1474 2990 1809 3046 continentia
1836 3005 1997 3059 com-

410 3076 560 3131 ede:
606 3091 897 3134 consessus
944 3094 1078 3135 vero
1149 3088 1308 3145 tuus,
1351 3096 1523 3147 cave,
1574 3082 1649 3139 sit
1700 3081 1995 3139 modestus.

410 3166 615 3224 (Manes
655 3168 1015 3239 cogitationes
1049 3180 1170 3226 tuas
1202 3186 1269 3226 ne
1310 3159 1582 3244 sequaris.
1626 3171 1720 3229 Sta
1768 3174 1823 3229 in
1865 3188 1997 3229 con-

411 3270 601 3329 spectu
640 3260 855 3318 Domini
899 3277 1021 3319 cum
1065 3266 1412 3322 rectitudine.
1442 3266 1701 3324 Pulsante
1730 3283 1995 3339 campana

416 3368 486 3410 ne
532 3354 769 3427 pigreris
820 3359 1002 3415 statim
1038 3360 1191 3417 adire
1241 3361 1555 3420 ecclesiam.
1594 3363 1730 3420 Cant
1773 3377 1999 3435 peregre

409 3445 817 3516 proﬁcisceris,
845 3448 998 3506 brevi
1029 3452 1096 3506 ad
1138 3453 1529 3509 monasterium
1566 3462 1718 3509 tuum
1752 3463 1998 3509 reverta-

410 3539 489 3594 ris
515 3538 783 3608 adnitere,
819 3550 879 3597 ut
918 3542 1257 3598 orationibus
1290 3544 1397 3600 tuis
1422 3560 1620 3600 vacare
1655 3545 1858 3600 valeas.
1890 3544 2001 3602 Ne-

412 3628 566 3701 gotia
611 3631 859 3689 ecclesia:
898 3634 1313 3690 committantur
1366 3637 1485 3692 viro
1532 3637 1715 3704 fideli,
1788 3637 1998 3694 timenti

412 3723 607 3809 Deum.
660 3725 716 3781 Si
762 3727 849 3785 bis
887 3729 1088 3785 addere
1129 3730 1423 3801 quidquam
1456 3734 1539 3789 vis
1573 3734 1837 3788 bonorum
1873 3748 1999 3803 ope-

414 3832 561 3883 rum,
587 3816 785 3886 facito,
815 3828 870 3875 et
902 3832 1194 3893 perpetuas
1224 3823 1431 3895 gratias
1477 3839 1576 3896 age
1610 3824 1836 3883 Domino
1869 3824 1996 3881 Jcsu

412 3906 653 3977 Christo,
685 3913 771 3967 cui
809 3910 980 3983 gloria
1013 3913 1067 3968 in
1098 3926 1384 3972 aeternum.
1421 3916 1615 3972 Amen.

684 4000 935 4071 Ejusdem
966 4002 1031 4058 de
1058 4004 1405 4060 submissione
1432 4015 1481 4060 et
1510 4006 1723 4073 pietate.

485 4089 673 4146 Timor
708 4091 924 4150 Domini
972 4095 1081 4162 sit,
1115 4105 1367 4167 oportet,
1410 4111 1629 4169 semper
1659 4108 1786 4155 ante
1813 4096 2002 4156 oculos

417 4190 673 4248 nostros;
698 4183 939 4255 itemque
970 4188 1231 4241 memoria
1257 4187 1468 4253 mortis,
1497 4198 1553 4244 et
1576 4188 1763 4244 mundi
1794 4189 1999 4258 odium,

426 4283 482 4331 et
514 4274 851 4334 declinemus
875 4292 1035 4334 omne
1066 4278 1118 4335 id
1163 4280 1305 4351 quod
1357 4280 1517 4337 nobis
1564 4280 1722 4337 aﬂ'ert
1759 4282 1999 4353 requiem

417 4368 637 4433 carnis;
670 4368 839 4425 vitam
870 4381 1050 4429 autem
1084 4373 1226 4429 banc
1255 4375 1411 4447 parvi
1446 4373 1733 4441 ducamus,
1761 4383 1820 4430 ut
1847 4376 1998 4431 viva-

418 4476 542 4516 mus
574 4460 629 4516 in
657 4460 791 4530 Deo,
820 4452 910 4533 qui
942 4474 1152 4535 repetet
1176 4481 1207 4521 a
1241 4467 1397 4525 nobis
1424 4468 1480 4525 in
1504 4468 1589 4525 die
1615 4468 1831 4539 judicii,
1872 4484 1999 4524 num

2023 3225 2067 3286 C

2097 1972 2375 2042 proximos
2390 1970 2660 2037 carnales;
2678 1970 2805 2028 inde
2822 1971 2967 2027 enim
2982 1970 3259 2040 corruptio
3276 1970 3455 2023 oritur
3472 1968 3719 2031 animm,

2095 2072 2151 2117 et
2181 2064 2305 2118 vita:
2335 2061 2546 2118 fructus
2589 2063 2981 2134 deperduntur.
3022 2061 3076 2117 Si
3128 2073 3179 2116 te
3210 2060 3505 2115 tradideris
3540 2058 3718 2120 Deo.

2097 2155 2277 2211 omnia
2308 2156 2427 2227 ejus
2460 2170 2616 2211 serva
2646 2154 2899 2211 mandata
2925 2172 2939 2223 ;
2969 2164 3022 2211 et
3051 2155 3195 2225 quod
3226 2154 3321 2208 tibi
3347 2152 3716 2225 praecipitur,

2098 2246 2151 2301 id
2197 2245 2362 2301 facito
2418 2260 2517 2302 nec
2551 2245 2790 2317 abjicias
2825 2244 2958 2299 illud
2984 2286 2998 2309 ,
3028 2245 3156 2316 quia
3196 2244 3241 2299 si
3268 2244 3398 2297 illud
3429 2242 3715 2311 abjicies,

2098 2351 2443 2407 nequaquam
2470 2336 2651 2407 priora
2678 2335 2775 2391 tibi
2804 2337 3155 2392 dimittuntur
3180 2343 3399 2408 peccata
3423 2353 3440 2401 ;
3482 2335 3527 2389 si
3561 2348 3713 2391 ver)

2099 2430 2227 2485 illud
2253 2430 2590 2499 praestiteris,
2619 2438 2806 2486 certus
2832 2439 2969 2495 esto,
2996 2430 3180 2486 omnia
3218 2438 3309 2481 tua
3342 2427 3527 2496 priora
3562 2441 3712 2496 pec-

2098 2533 2220 2579 cata
2250 2522 2364 2594 jam
2398 2538 2518 2579 esse
2552 2522 2793 2578 dimissa.
2835 2521 2969 2579 Cum
3026 2522 3251 2578 muliere
3282 2535 3349 2575 ne
3388 2519 3665 2576 comedas
3689 2558 3709 2583 ,

2100 2632 2200 2672 nec
2239 2632 2361 2672 cum
2409 2630 2580 2687 puero
2628 2616 3055 2672 familiaritatem
3100 2616 3399 2671 contrahas
3441 2614 3707 2669 omnino.

2099 2708 2217 2765 Duo
2257 2709 2420 2765 simul
2469 2725 2637 2782 super
2671 2708 2860 2765 eadem
2891 2717 3072 2763 storca
3122 2723 3189 2763 ne
3235 2706 3542 2771 dormiatis,
3584 2703 3707 2759 nisi

2100 2803 2337 2859 maxima
2383 2803 2595 2874 cogerit
2639 2802 2984 2869 necessitas;
3015 2810 3070 2855 et
3102 2799 3191 2855 ille
3226 2800 3316 2870 qui
3349 2809 3525 2855 tecum
3562 2798 3707 2853 dor—

2100 2899 2221 2965 mit,
2255 2896 2328 2952 sit
2373 2896 2458 2952 vel
2498 2903 2649 2966 pater
2676 2904 2832 2959 tuus,
2866 2894 2950 2949 vel
2993 2892 3199 2960 frater;
3238 2903 3294 2948 et
3324 2904 3450 2948 tunc
3492 2906 3705 2963 magno

2099 3006 2221 3046 cum
2256 2990 2455 3045 timore
2480 2988 2531 3044 id
2560 2986 2748 3043 facias.
2776 2986 2908 3043 Cum
2929 2985 3156 3054 dormis,
3188 3001 3257 3042 ne
3286 3002 3507 3041 manum
3538 2996 3703 3039 tuam

2100 3084 2241 3138 intra
2283 3090 2335 3138 te
2370 3094 2637 3153 repones,
2680 3094 2744 3134 ne
2770 3079 2975 3134 inscius
3016 3094 3231 3150 pecces.
3260 3079 3437 3134 Sanus
3475 3095 3543 3134 ne
3575 3076 3705 3133 sol—

2099 3189 2197 3229 vas
2228 3189 2419 3229 zonam
2470 3182 2639 3229 tuam.
2673 3170 2752 3228 Ne
2784 3170 3161 3243 apprehendas
3200 3187 3415 3225 manum
3449 3171 3699 3238 proximi

2101 3266 2177 3320 tui
2203 3306 2217 3331 ,
2250 3280 2350 3321 nec
2380 3279 2551 3337 genas
2582 3272 2773 3334 tangas
2802 3263 2943 3332 eius,
2982 3264 3160 3317 minor
3186 3262 3259 3316 sit
3297 3263 3379 3317 vel
3410 3262 3588 3330 major
3623 3273 3701 3314 te.

2099 3359 2297 3415 Tribus
2333 3358 2440 3413 vini
2475 3356 2737 3412 calicibus
2768 3367 3022 3426 quartum
3066 3370 3134 3410 ne
3163 3354 3371 3421 addas,
3415 3354 3518 3408 nisi
3551 3368 3692 3423 pro-

2098 3461 2218 3524 pter
2243 3466 2496 3523 magnum
2527 3450 2775 3505 morbum
2801 3446 3057 3519 aliquem.
3085 3446 3333 3522 Divinum
3355 3455 3697 3517 praeceptur-

2100 3561 2170 3602 ne
2198 3544 2366 3600 violes
2401 3542 2695 3598 humanam
2729 3541 2799 3597 ob
2842 3539 3165 3596 amicitiam.
3201 3538 3280 3592 All
3322 3539 3606 3594 civitatem
3641 3538 3697 3592 in

2100 3652 2206 3708 qua
2247 3636 2383 3691 alias
2426 3634 2665 3707 peccasti
2693 3636 2744 3689 in
2779 3632 2967 3697 Deunt,
3007 3647 3074 3687 ne
3120 3633 3433 3687 revertaris.
3469 3628 3701 3684 Cultam

2100 3730 2410 3800 religiosum
2446 3742 2514 3783 ne
2553 3726 2832 3793 remittas,
2866 3740 2932 3779 ne
2968 3725 3062 3779 tibi
3098 3723 3148 3778 id
3183 3725 3341 3777 cedat
3372 3723 3423 3777 in
3454 3719 3700 3777 ol‘l'endi-

2094 3824 2286 3880 .culum
2314 3832 2368 3879 et
2395 3820 2670 3891 laqueum.
2719 3819 2967 3873 Studium
3010 3832 3144 3871 nava
3176 3816 3582 3884 Scripturarum
3623 3815 3703 3870 le-

2101 3915 2292 3980 ctioni,
2326 3928 2448 3984 qua:
2478 3912 2696 3982 Quidem
2736 3909 2805 3965 ab
2852 3908 3192 3964 immunditia
3222 3908 3451 3978 eripient
3489 3917 3557 3963 te.
3594 3906 3701 3964 Se-

2103 4008 2238 4063 dens
2276 4006 2330 4061 in
2382 4003 2517 4062 cella
2564 4012 2691 4069 tua,
2724 4002 3006 4057 laboribus
3042 4016 3301 4055 manuum
3347 4011 3559 4055 tuarum
3613 4002 3702 4056 in-

2102 4096 2383 4163 cumbito;
2418 4109 2615 4150 nomen
2648 4101 2831 4148 tamen
2869 4091 3082 4146 Domini
3113 4088 3239 4146 Jesu
3274 4106 3341 4143 ne
3373 4090 3625 4145 dimittas
3668 4108 3698 4143 a

2106 4202 2179 4257 te,
2208 4177 2310 4247 sed
2360 4199 2620 4265 perpetuo
2661 4189 2713 4244 in
2760 4198 2850 4242 tua
2884 4201 3042 4242 versa
3089 4196 3267 4241 mente
3313 4185 3579 4241 meditare
3642 4188 3699 4240 in

2104 4285 2301 4348 t'orde,
2352 4282 2512 4337 lauda
2557 4280 2776 4349 lingua,
2820 4293 2883 4334 ac
2925 4278 3128 4334 dicito:
3185 4276 3403 4331 Domine
3444 4277 3516 4330 mi
3561 4274 3701 4331 Iesu

2106 4358 2335 4439 Christe,
2372 4375 2615 4429 miserere
2657 4373 2779 4427 mei.
2825 4369 3001 4426 item:
3042 4369 3257 4425 Domine
3296 4368 3427 4423 Iesu
3455 4368 3700 4434 Christe,

2104 4468 2233 4520 mihi
2258 4478 2399 4521 luam
2422 4466 2614 4520 mittito
2642 4480 2808 4535 opem.
2838 4462 2947 4518 Nec
2974 4478 3080 4518 non
3107 4479 3121 4517 :
3161 4460 3343 4516 Laudo
3377 4471 3447 4526 te,
3474 4459 3705 4516 Domine

418 4552 781 4621 esurivimus,
818 4554 1130 4626 sitivimus,
1166 4559 1406 4615 nuditate
1440 4560 1839 4627 laboravimus,
1872 4575 1999 4617 con-
2031 4585 2081 4645 ο
2108 4562 2178 4615 mi
2221 4559 2351 4615 Jesu
2395 4560 2619 4615 Christe.
2672 4558 2821 4629 Elige
2865 4557 2960 4612 tibi
3000 4556 3268 4623 laborem;
3321 4563 3377 4611 et
3424 4554 3541 4626 ipse
3571 4568 3701 4608 cum

420 4645 622 4701 lt'islati
672 4662 899 4715 sumus,
936 4650 1242 4721 gemuimus
1278 4666 1343 4707 ex
1394 4652 1762 4723 profunditate
1822 4654 2004 4712 cordis

419 4741 626 4805 nostri,
666 4750 722 4796 et
776 4755 847 4797 an
897 4741 1258 4813 nosmetipsos
1296 4746 1764 4814 examinavimus,
1820 4758 2000 4804 utrum

421 4830 531 4885 Deo
563 4831 734 4887 simus
760 4832 933 4903 digni.
964 4833 1350 4890 Incumbamus
1386 4851 1516 4908 ergo
1547 4840 1767 4894 mmrori
1792 4850 1855 4897 et
1905 4841 2003 4898 tri-

420 4926 606 4991 stitiae,
638 4936 697 4981 ut
721 4927 887 4983 Deum
939 4928 1302 4997 inveniamus,
1332 4939 1745 4987 contemnamus
1782 4946 2001 4989 carnem

421 5018 487 5076 ad
525 5018 817 5075 salvandas
852 5021 1063 5075 animas
1095 5028 1335 5077 nostras.

1074 5109 1349 5180 Ejusdem.

492 5198 595 5265 Qui
638 5197 990 5255 solitudinem
1030 5192 1257 5265 incolit,
1286 5201 1528 5271 requiem
1558 5217 1587 5255 a
1623 5203 1795 5257 tribus
1830 5216 2004 5260 certa-

423 5292 661 5348 minibus
692 5293 1062 5363 adispiscitur.
1099 5293 1166 5347 ab
1192 5294 1376 5349 auditu
1406 5309 1620 5365 nempe,
1654 5294 2005 5366 disceptatio-

424 5384 614 5450 nibus,
649 5393 704 5441 et
732 5385 852 5441 visu
894 5400 1088 5441 eorum
1138 5401 1259 5457 quae
1290 5386 1473 5457 plagas
1506 5387 1655 5444 cordi
1693 5398 1881 5443 nostro
1920 5390 2004 5445 in-

424 5474 635 5546 fiigunl.

1082 5569 1354 5640 Ejusdem.

495 5656 816 5727 Quicunque
849 5658 1031 5715 salvus
1060 5676 1181 5717 esse
1210 5662 1344 5728 vult,
1380 5677 1531 5717 suam
1566 5677 1880 5736 corpoream
1909 5664 2005 5717 do-

428 5765 575 5806 mum
622 5764 688 5807 ne
740 5750 1097 5823 ingrediatur.
1145 5768 1244 5810 nec
1290 5770 1408 5811 eam
1460 5755 1513 5810 in
1563 5772 1665 5826 qua
1727 5755 2003 5827 peccavit,

2108 4654 2341 4726 jejunio,
2372 4653 2622 4709 oratione
2647 4662 2700 4707 et
2728 4650 2947 4721 vigiliis,
2976 4658 3028 4705 te
3062 4648 3310 4705 liberabit
3341 4649 3411 4703 ab
3441 4645 3701 4703 omnibus

2117 4745 2566 4817 turpitudinibus,
2596 4745 2721 4815 quia
2758 4742 2909 4798 labor
2938 4741 3184 4811 corporis
3216 4740 3379 4796 infert
3400 4738 3699 4811 puritatem

2113 4839 2329 4906 cordis;
2374 4838 2583 4909 puritas
2625 4850 2753 4894 vero
2786 4835 2971 4893 cordis
2999 4833 3197 4900 eﬂicit,
3247 4843 3306 4887 ut
3337 4834 3519 4887 anima
3556 4829 3700 4885 ferat

2114 4933 2347 4989 fructus.
2379 4930 2457 4988 Ne
2487 4914 2790 5001 tereputes
2819 4928 3114 5001 quidquam
3149 4926 3405 4990 omnino,
3439 4924 3535 4980 sed
3560 4938 3697 4980 vaca
3748 4938 3755 4944 '

2113 5024 2263 5081 ﬂetui
2296 5040 2393 5095 pro
2417 5031 2640 5095 peccato
2668 5031 2777 5075 tuo.
2804 5020 2859 5075 lu
2887 5019 3197 5091 quempiam
3224 5017 3503 5078 irascaris,
3532 5032 3690 5084 cave,

2113 5126 2170 5172 et
2202 5116 2454 5173 omnibus
2485 5116 2723 5187 ignosce.
2761 5115 2945 5184 Apage
2984 5111 3327 5167 mendacium
3354 5149 3369 5174 ,
3402 5110 3545 5179 quod
3584 5118 3698 5165 a‘te

2114 5209 2209 5265 Dei
2244 5209 2493 5265 timorem
2527 5205 2715 5275 procul
2741 5203 2983 5275 expellit.
3019 5200 3187 5256 Malas
3215 5200 3575 5271 cogitationes
3601 5200 3695 5253 abs

2114 5312 2169 5359 te
2200 5302 2356 5371 longe
2384 5313 2640 5364 remove,
2677 5307 2835 5367 teque
2884 5296 2997 5352 Deo
3032 5293 3183 5349 trade
3229 5293 3317 5362 qui
3350 5300 3602 5362 proteget
3642 5300 3691 5346 te

2114 5395 2304 5451 dextra
2333 5410 2451 5451 sua.
2483 5391 2562 5449 Ne
2598 5392 2813 5463 aperias
2846 5389 3100 5445 omnibus
3140 5386 3500 5458 cogitationes
3541 5394 3686 5450 tuas,

2120 5502 2187 5541 ne
2233 5484 2559 5541 oﬂendiculo
2607 5484 2683 5539 sis
2733 5482 2890 5537 fratri
2931 5490 3044 5536 tuo.
3085 5479 3217 5536 Esto
3264 5478 3478 5533 deditus
3526 5476 3689 5531 labori

2118 5590 2374 5633 manuum
2409 5585 2657 5642 tuarum;
2687 5574 3032 5647 superveniet
3057 5571 3150 5627 tibi
3189 5569 3351 5625 timor
3380 5568 3496 5625 Dei.

2190 5666 2363 5738 Dilige
2393 5668 2787 5733 humilitatem;
2822 5672 3068 5736 proteget
3099 5662 3282 5721 omnia
3309 5671 3533 5732 peccata
3564 5669 3665 5715 tua

2116 5758 2440 5815 lnobediens
2473 5772 2539 5816 ne
2569 5757 2644 5814 sis
2666 5798 2681 5827 ,
2716 5756 2847 5828 quia
2888 5755 2998 5813 eris
3028 5754 3454 5813 instrumentum
3493 5761 3548 5807 et
3594 5764 3684 5817 vas
