3860 6338
150 324 317 383 108i
851 314 910 371 S.
952 308 1234 371 ANTONII
1270 307 1341 365 Μ.
1380 301 1680 362 ABBA'IIS
1714 292 2238 359 ADMONITIONES
2273 290 2367 349 AD
2407 281 2803 346 MONACHOS.
3292 277 3433 339 ωδε

130 440 411 495 omnium
456 433 725 492 maiorum
752 437 810 488 et
842 428 1217 500 iniquitatum.
1253 427 1310 484 id
1340 426 1505 482 ﬁxum
1535 433 1751 492 semper
1779 420 1825 481 Α
1853 414 2146 484 dicasque:
2176 408 2326 464 Talia
2350 407 2474 476 feci,
2499 414 2547 460 et
2577 402 2706 459 talia
2727 398 2896 471 gessi;
2925 394 3119 455 nemini
3157 395 3314 452 intuli
3344 396 3428 452 in-

132 533 200 589 in
455 489 681 590 habeas,
716 533 775 579 ut
800 489 1023 579 obedias
1054 519 1198 576 Patri
1227 528 1354 584 tuo;
1402 527 1458 573 et
1491 489 1757 573 habitabit
1858 506 2192 563 commodum
2232 511 2326 556 aut
2377 498 2708 562 molestiam;
2739 492 2921 550 onmia
2966 490 3111 548 enim
3157 490 3274 546 haec
3318 489 3429 560 glo-

137 628 203 682 in
245 635 312 680 te
346 622 513 679 timor
538 619 655 675 Dei.
689 614 870 670 Fratri
903 623 996 670 tuo
1022 629 1090 669 ne
1114 610 1441 681 cxprobres,
1466 608 1569 664 etsi
1609 606 1757 661 vide-

137 718 237 773 ris
276 716 436 771 illum
467 710 714 768 omnium
748 715 1149 778 praeceptorum
1177 717 1361 768 reum,
1393 700 1520 771 quia
1548 697 1759 755 incides
1817 750 1822 754 .

140 818 211 864 et
250 808 375 879 ipse
409 805 466 860 in
497 817 693 860 manus
723 798 1072 857 inimicorum
1109 805 1345 850 tuorum.
1376 791 1602 849 Peccata
1638 802 1760 859 quae

142 903 301 958 olim
338 899 705 973 perpetrasti,
742 909 814 951 ne
854 891 1040 948 animo
1067 903 1285 956 verses,
1325 900 1393 942 ne
1433 891 1763 940 renoventur

146 998 215 1054 in
261 1006 354 1059 te;
383 1002 682 1062 certusque
711 997 830 1044 esto
854 1000 920 1043 ea
958 981 1055 1038 tibi
1082 981 1384 1038 condonata
1418 977 1608 1062 fuisse,
1638 988 1762 1031 cum

148 1098 220 1144 te
400 1055 693 1141 tradideris
718 1088 777 1135 et
805 1073 1162 1149 paenitentiae,
1190 1085 1288 1127 nec
1312 1073 1377 1127 de
1401 1055 1763 1125 boc'hareas.

150 1180 251 1236 Ta
319 1179 542 1235 doctum
602 1172 977 1241 sapientemve
1035 1181 1106 1221 ne
1160 1175 1422 1235 reputes;
1492 1159 1767 1216 evanescit

152 1274 381 1345 quippe
424 1268 582 1325 labor
605 1274 749 1329 tuus,
773 1272 828 1318 et
855 1270 946 1317 tua
969 1259 1124 1316 navis
1145 1259 1381 1313 inaniter
1406 1251 1762 1310 cucurrisset.

155 1370 495 1429 Assuesce,
526 1371 587 1417 ut
616 1369 709 1414 tua
743 1357 890 1413 dicat
920 1354 1105 1423 lingua
1136 1353 1191 1407 in
1224 1348 1517 1415 omnibus,
1553 1357 1769 1416 semper

160 1475 246 1515 ac
268 1456 418 1514 omni
450 1462 763 1519 momento,
798 1448 1062 1505 fratribus
1094 1444 1385 1507 omnibus,
1422 1441 1634 1514 ipsique
1659 1438 1771 1495 Deo

163 1552 491 1609 altissimo:
546 1546 768 1617 Ignosce
828 1541 995 1609 mihi,
1054 1537 1181 1610 quia
1232 1536 1280 1593 si
1335 1535 1486 1592 dices
1532 1545 1770 1601 semper,

165 1595 407 1715 Ignosce
444 1595 1005 1704 mili—ithuinilitatcm
1038 1595 1416 1701 consequeris.
1450 1595 1770 1696 Quempiam
1873 1627 1962 1672 tua
1984 1610 2237 1669 omnibus
2254 1606 2608 1665 immunditiis
2628 1599 3017 1659 habitaculum.
3040 1598 3123 1654 Ne
3153 1595 3450 1668 exprobres

169 1693 400 1715 πη----
596 1693 649 1704 ,κ
1227 1693 1244 1701 ,
1480 1693 1487 1694 ί
1626 1693 1643 1696 _

169 1754 253 1793 ue
284 1737 537 1799 damnes,
564 1745 635 1787 ne
665 1728 885 1787 recedat
911 1742 941 1781 a
978 1735 1028 1782 te
1054 1725 1229 1780 timor'
1244 1720 1363 1785 Dei,
1390 1731 1445 1775 et
1477 1718 1687 1774 incidas
1714 1719 1770 1769 in
1803 1779 1845 1799 ﬁ
1874 1706 2180 1765 mortalium
2206 1703 2465 1772 cuipiam,
2493 1713 2562 1755 ne
2583 1704 2899 1755 exsecretur
2930 1693 3073 1748 Deus
3096 1704 3286 1762 preces
3305 1696 3448 1744 tuas.

173 1844 410 1885 manum
443 1824 787 1881 inimicorum
819 1832 1056 1875 tuorum.
1095 1815 1441 1884 Voluptatum
1474 1821 1530 1866 et
1557 1810 1770 1865 insuum
1803 1779 1845 1835 Β
1873 1804 1919 1860 Α
1940 1803 2059 1858 lusu
2082 1807 2138 1855 et
2156 1799 2281 1870 ioco
2306 1796 2600 1867 plurimum
2623 1803 2775 1846 cave.
2800 1786 3209 1857 Scripturarum
3236 1779 3453 1837 lectioni

1866 599 2004 656 riam
2033 611 2143 667 prae
2173 610 2233 650 se
2260 593 2441 650 lerunt
2471 590 2709 656 inanem,
2739 596 2800 645 et
2830 585 2920 641 ille
2942 585 3036 654 qui
3073 584 3159 640 bis
3184 594 3268 639 est
3299 582 3433 639 inle-

1861 700 2004 754 ctus,
2027 688 2257 744 diahotis
2275 695 2329 739 et
2348 683 2631 754 spiritibus
2657 678 2949 735 immundis
2975 684 3059 732 est
3085 674 3312 732 eil'ectus
3338 676 3434 732 do-

1861 779 2152 838 micilium.
2184 776 2361 835 Unam
2390 775 2579 851 horam
2605 772 2659 828 in
2687 771 2775 827 die
2802 768 2870 825 ad
2900 767 3147 839 corporis
3181 765 3437 822 reiectio-

1861 888 1984 930 nem
2016 883 2074 928 et
2109 867 2560 928 sustentationem
2603 863 2875 921 constitue
2909 860 3040 927 tibi,
3070 876 3177 916 non
3216 859 3437 931 quidem

1863 971 1932 1027 ad
1962 966 2418 1031 delectationem;
2452 970 2509 1018 et
2545 959 2759 1029 subiice
2793 956 2924 1014 illud
2945 998 2962 1024 ,
2992 963 3160 1025 atque
3205 952 3438 1024 defatiga

1863 1059 2035 1118 multo
2063 1059 2270 1115 labore.
2297 1055 2507 1127 Saepius
2530 1051 2686 1109 ﬂecte
2707 1064 2903 1122 genua,
2929 1061 3066 1104 neve
3087 1048 3139 1102 in
3161 1045 3267 1101 hoc
3290 1045 3444 1117 piger

1865 1153 1980 1220 sis,
2013 1166 2081 1206 ne
2120 1148 2352 1220 pessima
2390 1143 2647 1201 moriaris
2691 1149 2884 1197 morte.
2923 1137 3135 1209 Corpus
3179 1146 3328 1191 tuum
3365 1135 3439 1189 ita

1866 1245 2103 1311 infirma,
2132 1250 2189 1296 ut
2218 1240 2289 1296 sit
2325 1237 2500 1294 instar
2530 1237 2776 1305 corporis
2802 1231 3039 1301 jacentis
3064 1229 3119 1284 in
3150 1228 3289 1284 lecto
3318 1241 3441 1296 pro-

1867 1348 1989 1410 pter
2013 1334 2284 1390 morbum.
2316 1330 2694 1402 Cogitationes
2725 1334 2829 1380 tuae
2851 1324 2999 1379 circa
3028 1320 3208 1375 divina
3241 1332 3445 1388 praece-

1868 1409 1960 1502 pta
1987 1441 2202 1498 semper
2228 1432 2531 1485 versentur,
2557 1434 2731 1489 eaque
2751 1414 3046 1487 adimplere
3079 1413 3207 1468 totis
3237 1409 3446 1466 viribus

1871 1522 2026 1581 stude
2045 1560 2060 1583 ,
2089 1529 2145 1574 et
2177 1517 2393 1574 illorum
2428 1512 2563 1569 nihil
2590 1509 2980 1582 praetermittas
2999 1547 3017 1574 ,
3047 1521 3117 1560 ne
3146 1505 3241 1560 iiat
3266 1502 3445 1558 anima

178 1914 405 1978 tuor'um
436 1918 635 1989 quibus
659 1927 901 1984 tempore
930 1910 1165 1982 pigritiae
1190 1923 1411 1979 operam
1445 1903 1674 1966 navasti,
1708 1916 1776 1957 ne

178 2013 546 2081 memineris,
584 2026 689 2067 nec
711 2009 879 2065 verba
923 2007 991 2061 de
1017 2004 1122 2059 illis
1154 2002 1428 2067 instituas,
1460 2012 1561 2053 nec
1585 1996 1773 2052 dicas:

181 2108 307 2165 Hoc
336 2107 468 2172 feci,
510 2103 596 2161 vel
626 2102 757 2160 illud
805 2097 1179 2171 praetermisi;
1212 2103 1373 2150 erunt
1412 2104 1647 2160 namque
1680 2087 1778 2143 tibi

183 2203 243 2257 in
267 2197 683 2257 oﬂ'endiculum.
714 2193 850 2248 Dum
876 2193 930 2247 in
960 2189 1097 2246 cella
1130 2198 1225 2244 tua
1242 2187 1421 2250 sedes,
1448 2182 1534 2238 his
1556 2194 1777 2251 operam

184 2294 288 2349 da:
323 2289 550 2346 lectioni
583 2299 778 2356 nempe
812 2283 1220 2353 Scripturarum
1240 2319 1256 2343 ,
1288 2273 1779 2347 supplicationibus

186 2386 258 2441 ad
295 2384 472 2440 Deum
516 2389 574 2437 et
602 2380 757 2451 operi
799 2390 1083 2433 manuum.
1129 2371 1451 2428 Passionum
1489 2367 1688 2438 quibus
1725 2365 1779 2420 in

188 2475 401 2533 mundo
452 2470 824 2535 succubuisti,
870 2482 972 2524 nec
1008 2479 1217 2521 memor
1262 2463 1340 2518 sis
1384 2459 1639 2532 penitus,
1682 2473 1783 2514 nec

186 2585 383 2627 eorum
429 2566 730 2638 cupiditate
767 2564 968 2620 iterum
1017 2557 1326 2623 irretiaris,
1374 2570 1447 2611 ne
1478 2553 1591 2610 sint
1630 2551 1784 2608 cordi

189 2674 292 2719 tuo
351 2657 763 2717 oﬂendiculum.
816 2653 1163 2721 Poenitentias
1226 2649 1490 2707 continuo
1540 2662 1670 2703 vaca
1721 2658 1788 2701 ac

190 2756 427 2820 sedulo,
468 2766 570 2809 nec
611 2756 889 2806 momento
938 2744 1201 2817 temporis
1251 2741 1505 2813 pigreris.
1541 2742 1584 2794 Δ
1627 2738 1787 2795 Patre

194 2861 315 2918 tuo,
352 2857 415 2904 ut
445 2847 681 2901 instruat
714 2851 768 2898 te
801 2840 857 2897 in
891 2840 959 2895 iis
986 2851 1108 2909 quae
1139 2838 1383 2907 ignoras,
1421 2833 1709 2891 humiliter
1732 2839 1789 2887 et

194 2956 327 2999 eum
372 2939 502 2996 ﬂetu
535 2933 743 3008 postulo
768 2971 787 3000 ,
821 2944 922 2988 nec
968 2939 1020 2985 te
1064 2928 1287 2999 pudeat.
1325 2923 1570 2995 Singulis
1597 2923 1791 2979 diebus

195 3035 347 3109 apud
381 3045 435 3090 te
478 3042 690 3098 statue,
716 3028 860 3100 quod
903 3025 1017 3082 sola
1057 3024 1146 3079 illa
1190 3022 1307 3078 dies
1345 3020 1440 3074 tibi
1471 3017 1710 3087 supersit
1735 3016 1789 3070 in

197 3314 630 3377 excellentiores
660 3325 782 3367 esse
814 3316 1035 3379 reputes
1061 3345 1078 3371 ,
1111 3319 1176 3361 ac
1207 3318 1307 3375 pro
1342 3309 1495 3357 certo
1526 3300 1579 3353 in
1611 3296 1795 3353 animo

204 3422 303 3467 tuo
335 3408 565 3473 habeas,
591 3411 645 3458 te
684 3401 861 3471 magis
899 3398 1141 3469 peccatis
1178 3408 1300 3449 esse
1334 3390 1666 3453 obnoxium;
1703 3401 1798 3442 ca-

200 3509 420 3574 putque
439 3506 591 3552 tuum
614 3492 911 3549 demissum
936 3497 1143 3550 teneas,
1167 3492 1222 3540 et
1241 3482 1423 3554 lingua
1442 3489 1530 3535 tua
1549 3487 1797 3550 prompta

205 3573 305 3662 sit,
329 3602 389 3649 ut
414 3592 567 3648 dicas
598 3586 794 3659 iniuria
826 3580 1080 3639 aﬂicienti
1108 3588 1191 3634 te:
1223 3575 1447 3631 Domine
1471 3573 1563 3638 mi,
1590 3573 1801 3642 ignosce

206 3687 344 3745 mihi
360 3702 381 3753 ;
410 3681 693 3740 meditatio
714 3692 846 3733 vero
873 3685 964 3730 tua
993 3673 1201 3744 iugiter
1230 3683 1378 3724 mors
1406 3667 1498 3722 sit.
1532 3667 1608 3721 De
1638 3668 1801 3719 rebus

209 3777 510 3838 mundanis
539 3789 608 3830 ne
638 3768 883 3842 loquaris
908 3766 1161 3831 omnino,
1193 3778 1349 3819 cave.
1394 3759 1800 3830 Concupisccn-

208 3875 320 3929 tias
361 3881 485 3927 tuas
525 3876 583 3925 et
611 3864 881 3925 desideria
922 3870 1014 3916 tua
1049 3872 1117 3914 ne
1153 3855 1471 3925 adimpleas.
1503 3850 1714 3922 Corpus
1747 3856 1804 3906 et

208 3962 504 4022 illecebras
534 3958 652 4029 eius
671 3956 798 4012 odio
821 3953 1040 4017 habeto,
1065 3949 1192 4019 quia
1225 3944 1442 4002 referta:
1466 3953 1595 3999 sunt
1618 3940 1798 3996 malis.

211 4053 499 4113 Desideria
538 4058 593 4107 et
632 4048 957 4119 cupiditates
1003 4052 1111 4099 tua:
1159 4038 1432 4096 neminem
1465 4032 1800 4102 defatigent,

211 4146 493 4203 neminem
521 4143 869 4212 oppugnent;
915 4132 1043 4191 etsi
1086 4139 1138 4187 te
1176 4129 1314 4185 falso
1354 4126 1481 4198 quis
1513 4124 1805 4193 redargue-

212 4241 288 4298 rit
308 4278 325 4304 ,
355 4252 428 4294 ne
460 4231 849 4291 excandescas.
894 4224 1215 4297 Superbiam
1243 4220 1407 4292 longe
1446 4215 1723 4290 propelle,
1752 4221 1808 4272 et

213 4332 532 4403 proximum
562 4341 628 4383 ac
673 4337 867 4380 omnes
919 4318 1170 4376 homines
1212 4325 1267 4370 te
1297 4313 1552 4369 meliores
1596 4316 1805 4379 reputa.

216 4401 514 4483 Peccatum
546 4417 692 4493 quod
736 4411 1100 4476 commisisti,
1138 4408 1278 4480 patri
1328 4414 1421 4461 tuo
1446 4401 1711 4475 spirituaii
1740 4413 1810 4454 ne

1876 1896 1922 1952 si
1974 1892 2289 1950 continuam
2340 1885 2695 1953 scdulamqne
2749 1878 3036 1935 navaveris
3082 1887 3346 1944 operam,
3400 1877 3458 1925 et

1876 1995 2139 2060 pmccpta
2172 1978 2590 2052 adimpleveris;
2620 1974 2713 2030 Dei
2744 1968 3119 2027 misericordia
3143 1965 3238 2022 tibi
3262 1972 3459 2036 praesto

1877 2058 2003 2137 erit.
2055 2074 2357 2132 Monachus
2407 2072 2462 2126 in
2509 2067 2645 2124 cella
2688 2063 2888 2122 sedens
2928 2075 3024 2117 ore
3055 2058 3370 2124 obstructo,
3403 2060 3459 2111 et

1879 2172 2167 2228 immemor
2212 2165 2338 2229 Dei,
2379 2163 2553 2218 instar
2580 2166 2666 2216 est
2692 2157 2886 2213 diruta:
2913 2153 3107 2208 domus
3136 2156 3292 2206 extra
3323 2145 3461 2202 civi-

1882 2270 2044 2317 tatem
2070 2258 2280 2329 positae,
2304 2252 2560 2309 omnibus
2585 2262 2801 2318 semper
2824 2244 2993 2316 plena:
3030 2239 3304 2305 sordibus,
3330 2237 3460 2308 quia

1881 2354 2191 2427 quicunque
2221 2349 2413 2404 domus
2452 2358 2564 2401 sum
2599 2340 2791 2398 sordes
2815 2352 3039 2411 egerere
3066 2334 3216 2402 vult,
3252 2346 3321 2387 eo
3343 2330 3464 2386 illas

1882 2422 2146 2517 asportat.
2174 2439 2464 2498 Orationes
2490 2444 2617 2490 ante
2644 2445 2709 2488 ac
2736 2439 3021 2503 postquam
3044 2440 3167 2483 cum
3192 2422 3462 2479 fratribus

1883 2512 2149 2603 oraveris,
2190 2546 2407 2602 semper
2437 2529 2492 2584 in
2528 2526 2664 2583 cella
2699 2532 2789 2580 tua
2826 2519 3142 2593 persolvite,
3185 2529 3284 2571 nec
3313 2512 3468 2585 piger

1889 2630 1942 2687 in
1973 2630 2079 2685 hoc
2104 2627 2204 2683 sis.
2233 2622 2516 2696 Lacrymis
2541 2618 2758 2675 assidue
2789 2612 3077 2678 incumbe;
3114 2606 3470 2665 miserebitur

1885 2723 2029 2779 enim
2066 2722 2144 2776 tui
2192 2718 2369 2782 Deus,
2400 2723 2459 2771 et
2501 2720 2730 2770 cunctos
2770 2718 2890 2764 tuos
2916 2703 3140 2777 [levabit
3178 2712 3464 2757 maerores.

1887 2813 2077 2872 Omnia
2106 2811 2376 2867 mundana
2401 2806 2526 2863 odio
2548 2804 2770 2869 habeto,
2796 2810 2852 2857 et
2878 2805 3128 2854 amoveto
3163 2810 3193 2850 a
3231 2803 3319 2858 te;
3345 2805 3469 2848 cer-

1892 2918 2087 2975 tusque
2112 2911 2231 2961 esto
2247 2942 2262 2966 ,
2289 2900 2407 2956 haec
2434 2912 2564 2955 vere
2591 2910 2690 2952 nos
2715 2890 3036 2964 longissime
3057 2903 3087 2942 a
3118 2886 3232 2942 Deo
3257 2881 3474 2955 propel-

1892 2974 2023 3055 lere.
2065 2994 2250 3050 Pusilli
2293 2990 2463 3046 animi
2506 3004 2573 3044 ne
2616 2987 2732 3051 sis,
2769 2997 2925 3042 cave.
2978 2974 3475 3050 Diligito'labores,

1901 3284 2022 3331 cata
2048 3270 2230 3328 omnia
2259 3266 2483 3323 dimittit
2511 3260 2769 3320 hominis.
2807 3258 3129 3327 Quicunque
3163 3263 3343 3308 autem
3368 3252 3483 3305 hac

1903 3385 2007 3426 non
2035 3364 2357 3429 servaverit,
2404 3361 2569 3416 Deum
2604 3354 2923 3427 provocabit
2952 3351 3019 3408 ad
3047 3352 3207 3404 iram.
3232 3345 3347 3416 Ego
3371 3338 3499 3398 Ana‘

1906 3463 2085 3519 tonius
2114 3463 2397 3515 veritatem
2428 3454 2521 3508 tibi
2556 3452 2715 3517 dico;
2752 3447 2932 3519 praebe
2954 3459 3097 3500 nunc
3121 3442 3288 3513 igitur
3322 3450 3485 3493 aures

1904 3553 2087 3611 verbis
2114 3550 2274 3617 meis,
2310 3555 2366 3603 et
2395 3544 2627 3601 reconde
2652 3540 2742 3595 illa
2785 3538 2839 3593 in
2868 3534 3035 3591 corde
3064 3528 3177 3595 tuo,
3224 3527 3482 3594 sciasque

1906 3646 2050 3719 quod
2080 3645 2166 3701 his
2196 3616 2542 3699 sermonibus
2561 3646 2617 3690 et
2643 3630 2928 3705 praeceptis
2953 3637 3004 3683 te
3025 3620 3274 3681 Creatori
3303 3616 3480 3683 trado;

1907 3756 2028 3814 quae
2058 3741 2102 3797 si
2135 3732 2546 3799 observaveris,
2578 3726 2840 3802 gaudebis
2865 3738 2988 3781 cum
3025 3718 3281 3778 omnibus
3320 3726 3489 3783 ange-

1907 3804 1996 3899 lis,
2046 3837 2102 3888 et
2150 3836 2373 3886 cunctos
2418 3823 2643 3894 spiritus
2690 3818 2863 3874 malos
2935 3826 3171 3871 mterore
3208 3804 3488 3864 conﬁcies.

1910 3894 2099 3995 itaque
2121 3923 2167 3979 si
2199 3921 2285 3976 bis
2312 3932 2536 3990 operam
2574 3912 2802 3970 navabis
2822 3951 2837 3975 ,
2871 3917 2928 3964 et
2961 3901 3268 3961 ambulabis
3291 3899 3346 3955 in
3375 3894 3489 3961 eis;

1912 3991 2053 4075 Deus
2096 4027 2272 4071 tecum
2307 4012 2447 4077 erit,
2482 4018 2538 4066 et
2568 4006 2744 4079 angeli
2778 4003 2899 4073 eius
2935 4011 3114 4056 tecum
3147 3991 3491 4066 gradientur,

1910 4121 1968 4166 et
1993 4109 2173 4165 anima
2209 4120 2297 4162 tua
2329 4102 2643 4176 impiebitur
2683 4094 3024 4154 aromatibus
3058 4098 3408 4148 sanctorum,
3439 4090 3495 4136 et

1913 4202 2120 4259 lumine
2167 4175 2450 4256 beatorum
2500 4191 2803 4267 splendebit
2850 4186 3033 4242 vultus
3075 4190 3229 4247 tuus,
3277 4175 3498 4242 erisque

1912 4295 2246 4355 sacriﬁcium
2302 4292 2411 4347 Deo
2461 4289 2605 4344 sicut
2640 4298 2833 4341 omnes
2873 4276 3091 4341 sancti;
3145 4280 3203 4327 et
3237 4277 3499 4325 occurres

1916 4392 2148 4451 Domino
2201 4404 2324 4444 cum
2368 4384 2541 4454 iubilo
2588 4391 2643 4437 et
2685 4377 2870 4434 laetitia
2901 4417 2916 4442 ,
2963 4370 3259 4437 audiesque
3306 4372 3495 4417 vocem

218 4451 514 4483 recussqu
546 4451 692 4493 ιιυυυ
736 4451 1057 4474 nun-uuam"-
1084 4451 1100 4476 ν
1140 4451 1278 4480 ,νυ-η.
1330 4451 1417 4461 -..ν
1446 4451 1711 4475 -..ηπ-τ--
1741 4451 1804 4454 η,
2370 4451 2382 4454 _

218 4520 363 4576 cela.
394 4511 775 4587 Respondendi
801 4510 1152 4580 impotentem
1177 4502 1418 4557 animum
1446 4512 1475 4552 a
1501 4504 1555 4552 te
1576 4494 1806 4565 depone,
1839 4496 1885 4552 1)
1914 4486 2061 4543 illam
2095 4484 2362 4537 dicentem
2394 4493 2409 4529 :
2446 4473 2651 4544 Optime
2673 4470 2860 4541 fecisti,
2892 4479 3034 4520 serue
3064 4466 3194 4514 bone
3217 4464 3268 4511 et
3266 4451 3498 4529 ﬁdelis;

1678 4586 1682 4587 ⁷
2134 4576 2144 4586 ⁸
2186 4584 2193 4587 -
2269 4572 2295 4587 “
2323 4572 2333 4587 '
2372 4571 2383 4587 '
2436 4585 2460 4587 η
2509 4568 2560 4587 -'--
2608 4564 2847 4587 -μ-ιιὲωι-
2896 4556 3207 4587 nan-rituum
3252 4558 3299 4587 Ιρ
3344 4558 3498 4587 enim:

220 4627 327 4669 nec
364 4586 564 4664 malum
600 4605 683 4662 vel
711 4605 877 4661 corde
900 4598 1105 4670 cogites
1131 4597 1182 4651 in
1208 4608 1354 4659 cum,
1384 4589 1477 4661 qui
1501 4598 1553 4645 te
1576 4587 1644 4641 ad
1674 4586 1808 4640 iram

220 4710 524 4777 provocat,
558 4709 724 4768 tuque
758 4696 826 4751 ad
850 4695 988 4750 iram
1021 4706 1089 4747 ne
1119 4698 1397 4760 properes.
1427 4680 1605 4738 Verba
1631 4678 1812 4734 inania

224 4774 295 4852 ne
331 4792 573 4857 eil'utias,
595 4792 690 4845 sed
722 4802 821 4844 nec
854 4781 1226 4841 eliuticntibus
1252 4790 1415 4832 aures
1451 4774 1714 4845 praebeas,
1747 4784 1816 4825 ne

225 4890 413 4944 animo
445 4885 535 4941 illa
582 4881 826 4938 haurias.
869 4876 1043 4932 Verba
1082 4884 1172 4929 tua
1203 4873 1313 4928 sint
1346 4867 1607 4925 memoria
1639 4867 1805 4921 bene-

226 4982 480 5038 ﬁciorum
528 4973 780 5032 altissimi
828 4970 961 5036 Dei;
1004 4979 1168 5037 tuque
1197 4964 1400 5037 iugiter
1441 4963 1509 5017 ab
1549 4960 1641 5016 illo
1681 4973 1808 5028 pro-

226 5073 574 5147 pitiationem
618 5073 832 5137 expete.
874 5060 1214 5118 Facultatum
1245 5056 1595 5127 cupiditatem
1650 5061 1706 5107 et
1736 5052 1821 5107 in-

228 5166 603 5225 obedientiam
639 5159 827 5230 procul
862 5158 1023 5228 fuge;
1065 5156 1161 5221 sed
1200 5152 1369 5207 multo
1407 5149 1581 5220 magis
1615 5147 1821 5220 gulam,

228 5277 298 5318 ne
328 5253 792 5327 concupiscentiis
817 5251 925 5306 tuis
956 5246 1271 5317 illaquearis
1299 5260 1313 5297 :
1351 5241 1477 5313 quia
1509 5242 1625 5295 haec
1657 5239 1819 5292 timo-

231 5370 348 5411 rem
379 5350 475 5406 Dei
500 5365 529 5404 a
561 5346 749 5413 corde,
776 5353 833 5402 et
857 5339 1242 5399 verecundiam
1273 5352 1299 5391 a
1331 5334 1480 5390 vultu
1504 5330 1817 5404 expellunt:

230 5446 316 5502 sui
384 5442 693 5499 studiosum
760 5435 961 5491 vilibus
1019 5447 1085 5487 ac
1132 5427 1368 5487 sordidis
1423 5422 1814 5496 cupiditatibus

232 5535 556 5607 subiiciunt,
593 5538 645 5587 et
678 5537 916 5585 mentem
948 5523 1260 5581 abalienarit
1289 5536 1317 5575 a
1360 5519 1492 5574 Deo.

307 5627 390 5686 Ne
411 5624 687 5700 glorieris,
722 5636 828 5680 nec
855 5620 1020 5679 corde
1044 5632 1231 5677 verses
1251 5657 1268 5689 ,
1297 5624 1392 5673 aut
1420 5611 1602 5671 verbis
1620 5610 1815 5685 iactes,

314 5809 358 5849 “
396 5806 590 5868 llatth.
624 5821 753 5872 xxv,
780 5801 871 5869 ει,
911 5799 1002 5857 25.

1919 4576 2145 4646 comperi
2179 4584 2226 4627 te
2259 4571 2467 4641 ﬁdelem
2508 4568 2563 4620 in
2605 4564 2847 4626 modico;
2892 4556 3210 4613 constituam
3250 4558 3299 4602 te
3344 4558 3499 4613 super

1921 4670 2123 4735 multa;
2173 4666 2447 4737 ingredere
2501 4664 2553 4714 in
2608 4656 2862 4729 gaudium
2915 4648 3131 4706 Domini
3168 4644 3243 4699 tui
3278 4640 3363 4695 ηε
3413 4636 3501 4693 cui

1921 4765 2093 4840 gloria
2120 4774 2338 4832 semper
2371 4758 2425 4813 in
2459 4755 2741 4813 saeculum.
2778 4750 2973 4803 Amen.

2188 4844 2199 4855 ’
2570 4845 2847 4917 Ejusdem.

1989 4951 2258 5023 Oportet,
2294 4955 2354 5001 ut
2396 4942 2580 5013 iunior
2631 4935 2931 4994 monachus
2976 4929 3044 4984 de
3098 4923 3246 4980 omni
3297 4931 3493 4990 gressu

1919 5014 2081 5118 quem
2121 5040 2369 5114 graditur
2414 5035 2503 5092 vel
2548 5034 2602 5089 in
2647 5046 2745 5087 sua
2780 5026 2950 5088 cella,
2983 5031 3037 5077 et
3066 5020 3133 5075 de
3170 5014 3319 5071 omni
3350 5016 3525 5081 gutta

1922 5109 2077 5210 aqua:
2103 5109 2267 5208 quam
2291 5131 2455 5193 bibit,
2483 5126 2729 5186 seniores
2750 5117 3017 5177 consulat.
3043 5109 3321 5181 Siquidem
3349 5116 3507 5209 quos-

1923 5198 2046 5290 dam
2100 5198 2337 5299 agnoseo
2391 5219 2692 5278 monachos
2746 5213 2842 5284 qui
2885 5208 3238 5267 ceciderunt,
3279 5198 3404 5270 quia
3446 5206 3508 5252 se

1923 5328 2036 5384 Deo
2072 5324 2289 5396 placere
2312 5313 2721 5376 existimabant.
2754 5307 2936 5376 Quare
2968 5301 3011 5358 si
3039 5298 3134 5354 tibi
3165 5300 3497 5365 praeceptum

1920 5388 2124 5490 aliquid
2157 5413 2351 5476 luerit,
2382 5407 2525 5479 quod
2572 5406 2664 5460 Dei
2724 5394 2935 5457 Domini
2962 5388 3151 5463 ,nostri
3211 5389 3500 5440 consentan

1921 5475 2082 5570 neum
2117 5510 2189 5566 sit
2253 5475 2577 5577 pneceptis,
2616 5494 2746 5551 illud
2776 5501 2999 5547 scrvare
3028 5493 3082 5539 et
3112 5475 3365 5549 amplecti
3395 5477 3509 5577 sat-

2224 5560 2278 5657 in
2338 5560 2492 5655 vobis
2545 5560 2905 5660 adimpleatur
2955 5578 3158 5636 dictum
3200 5560 3446 5641 Apostoli
3485 5573 3503 5618 ε
