3860 6362
374 324 513 382 I085
1473 313 1751 372 PATRES
1787 313 2088 372 EGYPTII
2130 311 2400 370 SECULI
2437 312 2520 369 IV.
3511 309 3690 366 i085

377 437 597 494 Ubed'ite
647 435 866 492 inuicem
918 434 976 488 in
1026 431 1283 487 cbaritate
1329 430 1532 487 Christi
1563 433 1627 485 ¹⁷.
1678 431 1879 497 Secus,
1916 431 1961 486 si
1994 437 2038 492 Α
2072 431 2336 484 admistus
2375 438 2606 490 tantum,
2639 434 2958 495 rueretque;
2993 432 3048 480 at
3081 438 3176 480 nec
3211 424 3387 490 obest,
3423 440 3526 478 nec
3561 441 3694 479 co-

377 529 536 586 nobis
586 527 789 598 aliquid
839 536 1172 598 praeceptum
1217 524 1383 580 fuerit
1443 525 1642 580 divinis
1688 524 1957 578 mandatis
2065 526 2160 594 git.
2192 522 2337 577 Inest
2371 522 2445 575 illi
2499 533 2716 590 quoque
2744 518 2880 573 alius
2914 528 3112 579 motus,
3169 516 3258 586 qui
3291 516 3546 571 exoritur
3580 529 3688 571 ex

338 611 345 620 “
376 621 713 692 oppositum;
742 627 869 674 tunc
889 618 1034 672 enim
1061 616 1390 687 praecipienti
1416 616 1682 680 dicamus,
1708 623 1954 683 oportet:
2064 614 2252 683 requie
2284 621 2338 666 et
2367 611 2589 667 mollitie
2620 608 2888 679 corporis,
2946 622 3045 662 nec
3090 623 3196 662 non
3238 605 3690 662 delicatioribus

381 714 524 780 Quid
558 713 726 780 magis
751 704 1161 766 consentaneum
1186 710 1332 764 nobis
1366 718 1463 776 est,
1492 708 1702 762 obedire
1729 705 1862 771 Deo,
1890 723 1959 760 an
2065 707 2202 761 cibis
2226 715 2281 760 et
2315 713 2440 775 potu
2468 720 2484 769 ;
2529 702 2674 757 unde
2707 701 2890 757 calclit
2924 714 3143 770 corpus,
3188 699 3410 768 sanguis
3438 696 3690 752 inﬂam-

379 802 676 859 Itominibus
711 801 796 854 ‘8?
847 801 1225 871 Memoresque
1275 803 1448 858 simus
1495 800 1644 855 vocis
1705 799 1955 854 Domini:

383 894 518 950 Oves
549 907 807 950 mete‘non
834 906 1116 965 sequentur
1144 895 1394 957 alienum,
1429 893 1517 947 sed
1547 892 1695 945 illum
1735 891 1959 962 fugient,

379 987 506 1056 quia
535 1003 638 1041 non
673 997 930 1042 noverunt
969 1003 1142 1040 vorem
1170 986 1310 1040 illius
1336 987 1399 1039 ".
1433 983 1698 1039 Similiter
1725 985 1962 1040 cmlestis

382 1076 582 1133 Paulus
630 1079 884 1134 admonet
931 1087 980 1134 et
1021 1078 1191 1133 dicit:
1226 1077 1289 1132 Si
1331 1095 1460 1142 nos,
1493 1085 1586 1131 aut
1620 1075 1817 1144 angeli,
1869 1087 1962 1131 aut

379 1169 642 1238 quispiam
689 1169 826 1223 alius
881 1170 1273 1223 annuntiaverit
1328 1167 1465 1223 vobis
1507 1177 1698 1237 prwter
1739 1185 1798 1222 ea
1845 1184 1962 1238 quin

384 1260 764 1314 annuntiamus
804 1261 946 1314 vobis
969 1301 986 1328 ,
1018 1241 1298 1314 anathema
1333 1260 1433 1324 sit,
1487 1275 1579 1312 nec
1615 1258 1768 1312 illum
1803 1259 1963 1314 susci-

382 1349 539 1414 piatis
564 1351 631 1404 ’°.

453 1439 645 1507 Magna
679 1450 761 1497 est
794 1441 970 1496 virtus
993 1441 1159 1506 illius,
1197 1441 1286 1510 qui
1316 1440 1555 1510 quandiu
1588 1439 1739 1506 vivit,
1771 1454 1966 1509 opera-

385 1539 477 1586 tur
502 1543 558 1588 et
594 1534 815 1604 respicit
837 1535 1078 1604 quotidie
1111 1550 1281 1606 usque
1310 1533 1376 1588 ad
1407 1534 1652 1588 ultimum
1691 1533 1963 1603 spiritum,

386 1623 440 1679 in
487 1636 806 1696 sequentem
845 1634 988 1681 tenta
1014 1636 1207 1681 torem.
1250 1626 1418 1682 Deum
1464 1628 1784 1697 deprecatus
1821 1641 1962 1692 sum,

387 1725 450 1771 ut
482 1719 614 1772 mihi
649 1719 957 1774 ostenderet
990 1718 1328 1788 praesidium,
1362 1718 1684 1773 monachum
1719 1715 1965 1771 ambiens

2064 807 2266 865 matur,
2301 804 2354 851 et
2389 802 2562 850 movet
2593 795 2660 848 ad
2705 792 3233 862 operandum.vllinc
3257 791 3476 846 divinus
3523 803 3690 858 apoo

2073 891 2242 945 stolus
2265 889 2464 944 Paulus
2496 889 2608 941 ait:
2656 885 2838 940 Nolite
2863 885 3109 938 inebriari
3162 886 3309 948 vino,
3351 886 3408 936 in
3438 899 3542 951 quo
3574 892 3678 935 eu

2065 983 2280 1038 luxuria
2317 985 2387 1038 ²¹.
2431 981 2692 1036 Dominus
2725 992 2939 1048 quoque
2986 977 3242 1054 praecepit
3269 977 3384 1031 suis
3409 975 3682 1043 discipu-

2065 1074 2130 1129 lis
2166 1075 2216 1128 in
2251 1089 2408 1130 sacro
2463 1072 2756 1142 Evangelia
2787 1071 3010 1126 dicens:
3063 1068 3260 1131 Videte,
3301 1077 3350 1121 et
3373 1066 3676 1127 attendite,

2069 1180 2132 1218 ne
2164 1173 2586 1218 transntutentur
2620 1163 2780 1216 corda
2825 1169 2996 1215 uestra
3045 1169 3255 1227 prapter
3297 1156 3575 1224 crapulam
3607 1166 3678 1208 et

2067 1256 2371 1310 ebrietatem
2394 1258 2462 1307 ”.
2496 1255 2592 1309 Est
2626 1254 2803 1308 adhuc
2837 1252 2974 1306 alius
3005 1257 3202 1308 motus.
3238 1249 3328 1318 qui
3383 1246 3686 1302 excitatur

2071 1349 2125 1404 in
2158 1349 2504 1404 decertantes
2531 1348 2600 1403 ab
2642 1347 2839 1402 invidia
2884 1353 2940 1400 et
2972 1346 3276 1399 daemonum
3316 1350 3461 1396 astu.
3497 1339 3682 1394 Scia-

2070 1454 2193 1496 mus
2221 1455 2372 1511 ergo,
2408 1450 2518 1496 tres
2548 1455 2669 1496 esse
2695 1439 2907 1494 calores
2951 1435 3295 1505 corporales:
3326 1447 3497 1488 unum
3553 1446 3680 1486 na-

2079 1533 2337 1598 turalem,
2391 1536 2525 1589 duos
2575 1547 2706 1588 vero
2758 1533 2895 1587 alios
2941 1528 3302 1586 accidentalcs
3336 1545 3354 1594 ;
3390 1543 3562 1582 unum
3587 1540 3676 1580 ex

2076 1625 2321 1681 ciborum
2353 1635 2406 1680 et
2433 1635 2559 1694 potu
2587 1625 2764 1694 copia,
2825 1621 3058 1677 alterum
3086 1636 3116 1674 a
3148 1619 3487 1674 damonibus
3511 1617 3682 1673 exci-

2072 1727 2262 1772 tatum.
2295 1717 2552 1774 Nostrum
2587 1732 2718 1788 ergo
2747 1718 2872 1783 erit,
2911 1729 3006 1772 eos
3041 1712 3128 1770 vel
3170 1710 3423 1782 amplecti
3462 1710 3552 1765 vel
3584 1722 3682 1764 re-

386 1816 550 1875 atque
593 1807 918 1874 defendens;
953 1818 1007 1864 et
1034 1809 1140 1863 vidi
1173 1809 1498 1864 monachum
1530 1810 1702 1878 igneis
1728 1808 1964 1864 circum-
1997 1797 2045 1853 Β
2071 1809 2287 1881 pellere,
2317 1809 2363 1866 si
2397 1810 2668 1866 volumus.

387 1899 574 1954 datum
603 1900 965 1972 lampadibus,
991 1911 1046 1957 et
1072 1901 1390 1972 angelorum
1423 1900 1821 1956 multitudinem
1849 1901 1966 1970 gla-

387 1991 494 2048 diis
525 1992 670 2048 illum
707 1995 1125 2050 custodientium
1157 2003 1214 2048 ut
1248 1994 1501 2064 pupillam
1535 1993 1674 2049 oculi
1696 2033 1712 2059 ,
1749 2005 1804 2050 et
1837 2009 1966 2051 ecce

387 2097 492 2140 vox
520 2084 585 2139 de
613 2084 751 2140 coelo
773 2085 957 2141 dicens
985 2105 999 2142 :
1047 2084 1127 2141 Ne
1157 2086 1292 2140 detis
1319 2087 1400 2140 illi
1433 2087 1656 2156 requient
1678 2128 1694 2154 ,
1723 2087 1959 2156 quandiu

389 2185 559 2230 rectus
582 2177 701 2232 vivit
725 2178 780 2232 in
807 2178 904 2232 hoc
927 2180 1141 2232 mundo.
1167 2177 1302 2234 Cum
1329 2194 1458 2248 ergo
1489 2181 1794 2248 huiusmodi
1824 2195 1970 2249 prte-

387 2267 584 2324 sldium
628 2270 950 2325 monachum
1001 2271 1245 2326 ambiens
1272 2270 1524 2326 vidissem
1551 2311 1566 2337 ,
1597 2271 1832 2340 ingemui
1859 2312 1874 2337 ,
1907 2287 1970 2329 ac

390 2359 500 2416 disi
531 2374 548 2415 :
592 2359 637 2415 Ο
665 2362 887 2430 Antoni,
930 2363 1033 2417 hoc
1067 2357 1236 2418 totum
1265 2363 1447 2418 datum
1484 2374 1567 2419 est
1599 2366 1888 2431 monacho,
1917 2375 1974 2421 et

389 2451 649 2520 praevalet
676 2453 938 2510 adversus
977 2469 1101 2509 eum
1137 2455 1419 2522 diabolus,
1447 2467 1503 2510 et
1528 2457 1675 2511 cadit
1701 2457 1976 2512 nihilomi-

390 2545 529 2598 nus!
565 2543 631 2599 Et
660 2545 807 2600 venit
841 2547 906 2600 ad
942 2560 1030 2600 me
1057 2561 1161 2601 vox
1193 2561 1224 2600 a
1257 2546 1607 2602 misericorde
1639 2547 1866 2603 Domino
1891 2549 1976 2604 di-

391 2649 523 2693 cens
551 2654 565 2690 :
601 2635 879 2694 Neminem
912 2638 1161 2694 diabolus
1191 2639 1426 2710 dejicere
1453 2649 1630 2710 potest
1664 2658 1678 2708 ;
1705 2641 1970 2710 ejusmodi

390 2730 538 2783 enim
569 2740 890 2799 potestatem
922 2747 1029 2786 non
1073 2718 1265 2797 habet,
1305 2733 1431 2802 quia
1468 2734 1622 2798 veni,
1666 2733 1977 2788 humanita-

393 2829 501 2876 tem
557 2823 871 2897 assumpsi,
923 2832 978 2880 et
1023 2822 1140 2892 ejus
1185 2825 1418 2880 contrivi
1469 2834 1828 2894 potestatem;
1880 2825 1974 2880 sed

393 2912 558 2968 humo
585 2915 702 2984 ipse
726 2921 836 2981 ;sua
880 2916 1175 2983 cupiditate
1211 2926 1268 2970 et
1309 2916 1749 2986 concupiscentia
1782 2917 1978 2972 dissol-

391 3004 542 3058 vitur
571 3014 629 3060 et
652 3005 817 3063 cadit.
858 3005 985 3070 Dixi
1009 3019 1110 3074 ego
1140 3024 1154 3061 :
1193 3007 1274 3060 An
1302 3006 1528 3076 singulis
1551 3007 1830 3063 monachis
1858 3008 1976 3064 haec

392 3095 465 3150 sit
491 3095 618 3150 data
654 3096 863 3152 virtus?
895 3097 959 3152 Et
999 3098 1237 3153 ostendit
1282 3099 1412 3153 mihi
1455 3099 1637 3170 plures
1672 3102 1976 3157 monachos

2719 1901 2990 1974 Ejusdem.

2147 1995 2382 2066 Tempus
2423 1993 2668 2066 profecto
2725 1994 2830 2050 erit
2887 1991 3211 2064 aliquando,
3245 2003 3368 2045 cum
3410 1987 3681 2043 homines

2073 2089 2378 2156 insanient;
2421 2098 2477 2144 et
2531 2089 2576 2143 si
2631 2101 2793 2159 quem
2827 2087 3066 2142 viderint
3116 2099 3222 2140 non
3271 2083 3676 2145 insanientem,

2075 2181 2355 2250 insurgent
2395 2181 2447 2234 in
2492 2179 2641 2234 illum
2670 2179 2916 2233 dicentes
2947 2195 2962 2232 :
3009 2175 3086 2230 Tu
3111 2191 3164 2230 es
3201 2174 3378 2244 utique
3401 2173 3624 2226 insanus
3649 2185 3678 2234 ;

2085 2274 2210 2344 quia
2239 2287 2344 2328 non
2368 2280 2454 2330 est
2481 2271 2674 2328 similis
2701 2270 2826 2325 illis.

2727 2361 3006 2433 Ejusdem:

2148 2457 2478 2528 Principium
2509 2457 2755 2520 omnium
2811 2457 3096 2520 virtutum,
3125 2461 3179 2508 et
3219 2449 3552 2521 principium
3573 2460 3681 2502 sa-

2075 2552 2293 2622 pientiae
2317 2590 2334 2616 ,
2375 2559 2461 2606 est
2493 2551 2656 2605 timor
2676 2549 2912 2603 Domini.

2145 2643 2612 2711 Quemadmodum
2645 2640 2952 2711 ingrediens
2980 2639 3158 2694 lumen
3182 2638 3402 2693 domum
3426 2633 3680 2705 aliquam

2084 2735 2458 2799 tenebrosam,
2485 2731 2702 2801 expellit
2727 2731 2844 2801 ejus
2877 2731 3150 2791 tenebras,
3189 2738 3244 2784 et
3279 2730 3424 2784 illam
3464 2729 3682 2785 illumi-

2078 2838 2190 2896 nat;
2223 2830 2294 2884 ita
2329 2828 2375 2883 si
2409 2828 2572 2882 timor
2625 2825 2841 2880 Domini
2892 2824 3227 2895 ingredietur
3259 2838 3356 2878 cor
3400 2822 3676 2884 hominis.

2078 2923 2194 2991 ejus
2221 2921 2440 2992 expellit
2475 2921 2760 2986 tenebras,
2797 2917 3092 2973 virtutibus
3142 2916 3396 2973 omnibus
3462 2915 3678 2970 imbuet

2077 3027 2131 3074 et
2160 3016 2445 3074 sapientia.

2375 3033 2445 3069 la.

2151 3033 2620 3176 Qiilﬂa‘dmodum
2658 3105 2914 3174 superbia
2957 3114 3010 3158 et
3043 3102 3208 3158 animi
3257 3101 3423 3158 elatio
3453 3101 3674 3171 dejeceo

394 3188 498 3242 hac
520 3189 778 3259 praeditos
806 3190 1027 3245 virtute.
1059 3189 1211 3247 Tunc
1232 3193 1532 3248 exclamavi
1557 3202 1612 3248 et
1638 3193 1749 3248 dixi
1782 3213 1794 3250 :
1831 3193 1972 3250 Bea-
2001 3171 2046 3231 (ἶ
2080 3171 2206 3254 runt
2232 3196 2500 3252 diabolum
2530 3197 2596 3251 ab
2623 3171 2903 3250 altitudine
2933 3197 2998 3247 ad
3044 3191 3366 3262 profundum
3401 3208 3416 3255 ;
3462 3193 3536 3245 ita
3575 3190 3674 3244 h-

394 3289 508 3335 tum
543 3291 624 3337 est
669 3297 839 3353 genus
885 3285 1219 3353 humanum,
1259 3294 1314 3341 et
1359 3286 1666 3356 praesertim
1700 3289 1974 3343 exercitus

397 3374 822 3442 monachorum,
853 3390 974 3431 cum
1009 3377 1245 3432 habeant
1272 3379 1559 3434 Dominum
1600 3390 1710 3434 tam
1753 3381 1971 3435 miseri—

393 3470 635 3532 cordem,
663 3478 717 3522 et
741 3468 814 3524 ita
846 3478 1144 3524 amatorem
1172 3471 1476 3527 hominum.
1502 3471 1681 3538 Quare
1705 3471 1771 3526 de
1794 3480 1978 3526 nostra

393 3559 568 3615 salute
618 3560 788 3617 simus
839 3562 1093 3631 solliciti,
1152 3578 1253 3619 nec
1301 3564 1448 3618 illum
1505 3565 1877 3635 negligamns,
1917 3573 1978 3620 ut

396 3666 618 3722 regnum
644 3667 952 3708 mereamur
975 3664 1303 3724 cooperante
1331 3654 1502 3724 gratia
1525 3663 1578 3708 et
1601 3654 1975 3710 misericordia

395 3742 606 3799 Domini
651 3747 824 3801 nostri
857 3745 984 3802 Jesu
1015 3746 1241 3815 Christi,
1271 3748 1358 3804 cui
1399 3759 1485 3801 est
1523 3747 1640 3802 laus
1665 3763 1788 3803 cum
1814 3747 1976 3803 Patre

392 3845 451 3892 et
482 3836 686 3906 Spiritu
711 3847 902 3894 sancto
937 3839 990 3893 in
1021 3840 1298 3895 saeculum.
1335 3841 1528 3896 Amen.

396 3947 657 4019 Ejusdem
715 3952 780 4005 de
847 3955 1077 4020 corporis
1133 3955 1358 4026 motibus
1398 3970 1416 4008 :
1450 3965 1496 4009 et
1561 3955 1820 4010 habentur
1864 3957 1976 4026 ejus

1070 4025 1224 4093 epist.
1268 4040 1306 4079 ι.

470 4110 645 4177 Scias,
683 4113 899 4182 corpori
955 4113 1133 4169 inesse
1181 4114 1469 4182 quemdam
1524 4116 1824 4171 naturalem
1862 4133 1980 4172 mo-

399 4212 511 4259 tum
539 4205 590 4258 in
622 4219 687 4260 eo
725 4207 1029 4271 ardentem,
1063 4206 1154 4261 sed
1190 4207 1236 4261 is
1297 4222 1636 4276 nequaquam
1703 4221 1978 4279 Operatur,

399 4298 500 4352 nisi
525 4297 717 4353 anima:
773 4297 1069 4354 accesserit
1115 4313 1455 4367 consensus;
1493 4315 1615 4354 nam
1655 4302 1866 4369 corpori
1901 4311 1984 4358 est

471 4415 513 4488 ξ’
551 4413 726 4471 Galat.
760 4432 812 4479 v,
843 4417 928 4486 13;
969 4416 1164 4488 Ephes.
1191 4433 1242 4482 v,
1284 4417 1375 4472 21.

398 4485 445 4518 ⁸⁸
468 4483 596 4540 Luc.
625 4503 740 4555 ut,
763 4488 854 4543 54.

2082 3287 2289 3343 militas
2311 3295 2366 3344 et
2390 3285 2746 3341 mansuetudo
2768 3285 3039 3339 hominem
3070 3281 3335 3337 extollunt
3363 3297 3393 3335 a
3425 3293 3574 3334 terra
3601 3281 3669 3333 ad

2079 3381 2296 3436 cmlum.

2154 3468 2644 3536 Quemadmodum,
2719 3468 2810 3522 lilii
2860 3469 2989 3532 mei,
3038 3466 3201 3537 piscis
3255 3473 3410 3520 extra
3469 3478 3670 3532 aquam

2079 3565 2308 3621 eductus
2343 3567 2528 3634 perit;
2563 3564 2636 3619 ita
2700 3566 2841 3636 perit
2896 3564 3061 3618 timor
3122 3561 3334 3617 Domini
3388 3575 3456 3617 ex
3502 3561 3672 3616 corde

2084 3658 2356 3725 monachi,
2389 3659 2432 3712 si
2461 3673 2558 3713 sua
2587 3657 2722 3714 cella
2751 3672 2950 3727 vagans
2974 3655 3300 3727 egredietur.

2156 3753 2302 3822 Opus
2354 3753 2866 3824 praestantissimum
2893 3752 3135 3808 omnium
3167 3751 3308 3823 quod
3332 3751 3500 3807 homo
3531 3765 3672 3822 prte-

2084 3854 2229 3902 stare
2250 3853 2448 3914 potest,
2496 3851 2581 3900 est
2631 3852 2690 3899 ut
2742 3854 2963 3914 peccata
2997 3857 3092 3898 sua
3117 3841 3439 3897 conﬁteatur
3477 3855 3670 3897 coram

2087 3940 2196 3994 Deo
2227 3939 2448 4006 suisque
2477 3936 2796 4006 maioribus,
2816 3944 2870 3990 et
2889 3945 3062 3990 semet
3083 3935 3257 4005 ipsum
3279 3933 3676 4003 reprehendat,

2087 4031 2266 4101 sitque
2297 4038 2519 4102 paratus
2545 4043 2835 4086 occurrere
2861 4030 3008 4086 omni
3037 4027 3374 4084 tribulationi
3404 4039 3580 4096 usque
3603 4029 3674 4079 ad

2089 4123 2444 4178 novissimum
2471 4123 2744 4193 spiritum.

2092 4233 2276 4290 Sancti
2347 4235 2566 4290 Antonii
2632 4235 3075 4370 Admogilionum
3146 4241 3194 4289 et
3267 4230 3676 4288 Sententiarum

2851 4323 2954 4364 ms.

2851 4323 2954 4364 ηιε.

1457 4417 1500 4449 ³⁸
1537 4419 1657 4473 Aci.
1692 4433 1743 4483 ν,
1791 4419 1881 4474 29.
1961 4423 1993 4453 ²¹

2109 4440 2194 4482 an.
2254 4443 2307 4491 κ,
2361 4426 2415 4482 5.
2489 4428 2536 4460 ὀ
2575 4425 2751 4483 Galat.
2819 4441 2858 4492 l,
2903 4426 2959 4493 8,
3009 4422 3062 4479 9.
3139 4423 3184 4455 ²¹
3226 4418 3423 4492 Ephes.
3470 4430 3526 4482 v,
3586 4412 3676 4468 18.

1010 4810 1129 4924 S.
1229 4811 1833 4927 ΑΝΤΟΝΙΙ
1914 4811 1993 4921 Μ

2125 4809 2372 4925 GNI
2464 4813 3062 4965 ABBATIS

1249 5049 2068 5131 SENTENTIARUM
2147 5053 2800 5146 QUARUMDAM

820 5233 1153 5313 Expositio
1207 5232 1364 5296 facta
1421 5251 1456 5295 θ
1515 5233 1790 5314 quodam
1848 5249 2002 5296 Sena
2058 5241 2201 5373 plost
2259 5234 2400 5313 ejus
2457 5236 2738 5310 obitum,
2796 5235 3286 5312 eﬂlagitantibus

1857 5329 2082 5373 monac
2113 5332 2209 5373 us.

1857 5329 2209 5375 [1100801118.

781 5615 1134 5687 Interrogatio
1176 5619 1589 5674 monachorum.

470 5709 753 5780 Quomodo
781 5719 864 5764 est
916 5711 1316 5781 intelligendum
1373 5713 1498 5767 illud
1537 5713 1593 5768 S.
1638 5714 1858 5768 Antonii
1890 5712 1978 5767 ab-

401 5804 545 5863 batis
578 5805 643 5863 ad
668 5805 991 5877 discipulum
1020 5822 1176 5862 suum
1213 5805 1437 5864 Paulum
1489 5807 1809 5878 simplicem,
1855 5822 1977 5861 cum

2005 5628 2052 5688 ι)
2077 5628 2222 5674 esset
2260 5633 2513 5688 egressus
2556 5619 2622 5672 de
2678 5616 2920 5672 mundo:
2983 5614 3046 5671 Si
3076 5616 3150 5671 vis
3185 5629 3297 5669 esse
3353 5613 3665 5668 monachus.

2090 5713 2218 5766 rode
2241 5713 2308 5763 ml
2337 5710 2710 5764 monasterium
2735 5709 3020 5762 multorum
3063 5709 3310 5777 fratrum,
3345 5705 3436 5775 qui
3463 5704 3663 5758 valeant

2091 5805 2346 5860 sustinere
2379 5804 2736 5874 ita/trinitatem
2771 5812 2913 5857 tuam
2942 5803 2966 5856 ?
