3860 6320
87 300 268 362 1085

679 417 964 486 Responsio
1020 419 1182 474 senis.

183 509 276 566 Ex
309 511 417 565 hac
455 525 516 566 re
542 511 836 566 ediscimus
859 509 1003 578 quod
1036 524 1136 564 nos
1165 515 1411 578 oporteat
1437 520 1715 577 suscipere

93 617 287 659 senes
326 601 606 666 inﬁrmos,
633 601 952 666 imbecillos,
1001 615 1176 656 caecos
1205 609 1259 654 et
1290 598 1638 670 paralyticos,
1662 605 1718 653 et

98 696 358 765 diligere
387 709 521 762 eos;
554 695 642 749 isti
671 695 815 749 enim
859 708 984 748 cum
1013 693 1210 764 gaudio
1256 701 1312 746 et
1338 693 1474 746 bona
1531 690 1718 744 volun-

103 797 236 843 tate
261 801 389 844 sese
444 787 742 844 virtutibus
780 786 1161 856 comparandis
1192 786 1476 850 dederunt,
1513 784 1616 838 etsi
1647 782 1717 837 ob

105 897 256 936 suas
281 881 635 935 inﬁrmitates
669 879 886 934 labores
912 880 1096 934 subire
1147 893 1255 932 non
1318 878 1549 946 possint.
1583 876 1719 930 llinc

109 975 271 1028 haud
305 974 572 1028 mediocri
629 973 1052 1043 reprehensione
1103 971 1248 1038 digni
1297 980 1424 1026 sunt
1478 980 1719 1024 rectores

107 1065 205 1120 illi
237 1075 298 1119 et
321 1065 640 1134 superiores
675 1064 1129 1119 monasteriorum
1151 1103 1167 1128 ,
1209 1063 1303 1132 qui
1362 1077 1519 1118 senes
1550 1072 1605 1117 et
1644 1063 1721 1116 in-

113 1157 343 1222 ﬁrmos,
380 1158 486 1211 etsi
526 1157 838 1211 virtutibus
879 1156 1350 1225 praeclarissimas,
1380 1169 1487 1209 non
1547 1155 1722 1210 susci-

110 1250 323 1318 piunt;
348 1248 659 1318 suscipiunt
684 1262 818 1301 vero
859 1246 1045 1302 libenti
1078 1246 1259 1299 animo
1297 1244 1723 1314 fortioresjuve-

112 1356 227 1395 nes
251 1350 481 1410 propter
509 1354 687 1394 rerum
713 1338 1142 1409 peragendarum
1176 1337 1722 1404 administrationem,

115 1433 336 1486 itinera
373 1429 752 1492 conﬁcienda,
818 1430 1122 1498 ingressum
1176 1436 1230 1482 et
1273 1441 1573 1496 egressum,
1622 1428 1722 1482 etsi

115 1523 375 1577 audaces
429 1522 540 1576 sint
603 1527 659 1576 et
693 1520 1051 1590 impudentes.
1103 1517 1210 1572 llos
1243 1519 1511 1588 interpres
1534 1520 1726 1574 beatus

116 1615 339 1670 acriter
366 1613 715 1684 reprehendit
746 1613 798 1666 in
833 1611 972 1666 libro
989 1611 1066 1664 De
1085 1609 1404 1679 perfectione
1430 1609 1720 1680 rcgiminis,

121 1706 356 1761 dicens:
387 1703 482 1761 lsti
513 1705 630 1760 suis
686 1703 992 1772 discipulis,
1051 1702 1179 1756 utin
1208 1701 1461 1772 operibus
1509 1703 1724 1756 virtutis

119 1798 274 1868 pigri
335 1797 468 1864 sint,
517 1795 859 1866 permittunt,
917 1803 969 1848 et
993 1796 1059 1847 ad
1105 1808 1268 1864 opera
1323 1791 1624 1862 corporalia
1659 1805 1722 1846 ac

125 1889 422 1942 mundana
492 1887 768 1956 impendio
815 1883 1137 1951 sollicitant;
1191 1883 1295 1938 illis
1344 1897 1475 1937 vero
1531 1883 1622 1951 qni
1655 1882 1723 1936 ad

121 1993 362 2046 operam
423 1979 728 2033 navandam
777 1974 1065 2030 virtutibus
1143 1974 1442 2044 religiosam
1490 1971 1722 2042 amplexi

123 2083 262 2126 sunt
288 2072 482 2134 vitam,
522 2069 723 2125 nullam
769 2069 1072 2124 concedunt
1101 2067 1169 2121 ab
1213 2065 1470 2136 operibus
1497 2065 1722 2119 munda-

127 2165 220 2219 nis
255 2164 501 2233 requiem
561 2170 654 2216 aut
699 2163 892 2226 otium,
925 2162 1021 2216 scd
1080 2160 1338 2216 continuo
1386 2161 1451 2214 ad
1483 2161 1596 2214 haec
1631 2173 1726 2216 eos

129 2265 357 2326 urgent,
390 2255 762 2324 improperant
790 2293 806 2319 ,
859 2253 1109 2320 irrident,
1159 2253 1510 2324 exprobrant,
1545 2253 1729 2306 redar-

128 2355 335 2416 guunt,
361 2347 508 2415 quod
531 2361 666 2416 opus
695 2345 798 2402 sibi
831 2348 1182 2400 commissum
1213 2361 1406 2415 magna
1442 2344 1730 2400 sedulitate

132 2454 250 2493 non
285 2438 625 2495 absolveriut
645 2479 659 2504 ,
695 2439 811 2493 sive
842 2438 894 2494 id
917 2439 1179 2494 acciderit
1206 2445 1427 2508 propter
1448 2435 1732 2492 imbecilli-

131 2543 334 2599 tatem,
368 2534 484 2589 sive
509 2534 581 2589 ob
611 2535 878 2588 incuriam
903 2534 1194 2602 aliquando
1216 2571 1233 2599 ,
1267 2547 1573 2602 quanquam
1597 2531 1732 2586 alias

136 2630 343 2685 millies
367 2628 568 2685 fuerint
593 2630 810 2684 solliciti
842 2644 907 2684 ac
935 2630 1238 2699 diligeules.
1262 2628 1487 2692 Contra,
1524 2630 1734 2698 magnis

135 2737 237 2777 eos
272 2723 555 2778 celebrant
603 2721 875 2788 laudibus,
931 2723 1022 2793 qui
1059 2721 1302 2777 sedulam
1340 2735 1560 2790 operam
1587 2735 1735 2772 mun-

142 2817 303 2871 danis
367 2817 499 2871 dant
547 2812 735 2882 rebus,
767 2815 871 2871 etsi
925 2815 980 2870 in
1037 2815 1329 2870 virtutibus
1389 2813 1735 2884 acquirendis

137 2911 253 2966 sint
273 2911 582 2981 pigerrimi.
609 2911 761 2978 Quod
795 2925 927 2965 sane
961 2924 1068 2964 non
1127 2923 1194 2964 ex
1240 2909 1439 2963 virtute
1469 2907 1732 2972 exoritur,

139 3005 238 3059 sed
277 3020 307 3057 a
371 3005 664 3060 mundanis
718 3003 868 3058 curis
915 3002 1198 3073 provenit;
1239 3000 1384 3070 quod
1411 3009 1592 3055 autem
1621 3013 1738 3054 om-

804 299 868 358 S.
905 302 1187 359 ANTONII
1224 302 1297 361 Μ.
1335 301 1633 358 ABBATIS
1671 297 2224 358 SENTENTIARUII
2259 299 2648 364 EXPOSITIO.

3249 316 3388 375 i086

1745 413 2084 478 Adilectio,
2151 430 2272 486 qua:
2345 419 2686 488 potissimum
2740 419 2849 476 vita
2911 433 2995 479 est
3052 429 3389 502 appellanda,

1818 508 2013 562 animae
2083 509 2292 564 scilicet
2356 521 2412 566 et
2469 512 2797 570 intellectus.
2873 516 2929 571 Si
2979 534 3109 588 ergo
3167 535 3391 580 cuncta-

1815 600 1962 655 bitur
2018 602 2314 658 monachus
2382 605 2434 660 in
2490 605 2736 674 urbibus,
2803 611 2922 666 visu
2980 622 3033 666 et
3078 615 3392 672 confabula-

1820 691 2058 748 tionibus
2093 695 2344 762 moritur,
2391 697 2696 765 privatione
2731 702 3026 770 spiritualis
3074 706 3216 771 vitae,
3247 712 3390 778 quod

1819 783 2107 838 abducitur
2157 799 2188 839 a
2246 786 2374 852 Deo,
2432 803 2664 860 eumque
2727 792 3083 861 obliviscitur,
3112 808 3162 851 et
3188 799 3391 856 Christi

1819 893 2058 932 amorem
2113 893 2144 932 e
2193 894 2294 936 suo
2348 883 2508 937 corde
2575 884 2812 954 depellit,
2867 903 3024 956 quem
3067 891 3251 946 multis
3275 893 3379 947 sibi

1821 981 2240 1039 comparaverat
2299 973 2600 1043 laboribus,
2649 977 2773 1030 dum
2805 983 2982 1046 quiete
3026 981 3301 1036 fruebatur
3341 985 3392 1037 in

1821 1063 1979 1118 cella.
2011 1063 2584 1133 Relaxaturpraaterea
2610 1069 2660 1122 in
2698 1085 2764 1124 eo
2801 1070 3104 1127 alﬂictionis
3134 1089 3309 1140 amur,
3341 1086 3398 1130 et

1826 1171 1944 1210 sese
1975 1157 2136 1210 dedet
2191 1159 2396 1227 requiei
2457 1169 2511 1214 et
2568 1163 3058 1232 concupiscentiis;
3119 1177 3170 1221 et
3218 1169 3396 1223 cordis

1825 1249 2188 1303 conturbatur
2215 1251 2422 1317 puritas
2457 1252 2526 1306 ob
2571 1255 2872 1322 Specierum
2911 1233 3253 1324 perturbatos
3281 1275 3396 1313 mo-

1827 1352 1938 1406 lus,
1975 1357 2094 1410 qua:
2141 1343 2492 1411 egrediuntur
2541 1353 2594 1398 et
2648 1345 3022 1414 ingrediuntur
3057 1362 3150 1416 per
3184 1364 3396 1417 sensus,

1825 1435 1916 1504 qui
1953 1444 2079 1488 sunt
2109 1435 2273 1499 visus,
2302 1436 2537 1503 auditus,
2578 1426 2996 1505 verba,‘tactus,
3027 1451 3240 1510 gustus,
3264 1443 3398 1498 odo-

1829 1535 2017 1591 ratus;
2043 1541 2110 1579 ex
2143 1525 2340 1594 quibus
2375 1524 2513 1580 forte
2555 1526 2840 1582 deducitur
2869 1529 2935 1582 ad
2983 1530 3400 1585 foruiCatinnem

1830 1616 2078 1686 aliasque
2128 1617 2430 1686 passiones,
2478 1633 2596 1687 quae
2631 1633 2757 1674 vere
2811 1631 2937 1674 sunt
2973 1622 3220 1676 monachi
3256 1637 3402 1677 mors

1829 1719 1880 1763 et
1906 1707 2178 1761 interitus.
2214 1707 2356 1762 Bene
2389 1708 2552 1778 igitur
2574 1709 2648 1762 ait
2699 1709 2761 1762 Β.
2806 1711 3103 1766 Antonius:
3135 1715 3405 1779 Quemad-

1831 1799 2042 1852 modum
2074 1801 2376 1852 moriuntur
2403 1801 2569 1869 pisces
2601 1800 2654 1854 in
2682 1803 2887 1856 aridam
2910 1805 3167 1870 extracti;
3201 1805 3274 1857 ita
3297 1819 3409 1856 mo—

1832 1893 1968 1945 ritur
2019 1891 2330 1958 monachus,
2396 1893 2490 1961 qui
2539 1902 2689 1946 extra
2757 1894 2943 1948 cellam
3003 1896 3058 1949 in
3111 1896 3407 1949 civitatibus

1831 1980 1986 2050 degit.

2434 2074 2808 2146 Interrogatio.

1905 2165 2052 2220 Dixit
2082 2165 2141 2221 S.
2172 2166 2339 2222 abbas
2368 2167 2634 2223 Antonius
2664 2187 2677 2224 :
2713 2168 2815 2234 Qui
2843 2169 3180 2223 solitudinem
3209 2170 3410 2237 incolit,

1835 2276 1866 2312 a
1898 2260 2064 2313 tribus
2101 2259 2356 2314 liberatur
2389 2259 2798 2314 certaminibus:
2827 2261 3021 2314 scilicet
3055 2263 3243 2324 verbis,
3271 2263 3411 2326 visu,

1837 2353 2064 2414 auditu;
2092 2362 2354 2422 restatque
2389 2353 2466 2407 illi
2497 2355 2758 2406 duntaxat
2791 2365 3052 2407 certamen
3083 2354 3276 2406 cordis.
3303 2353 3413 2408 Ex-

1839 2459 1977 2514 pone
2007 2443 2182 2510 nobis,
2216 2461 2422 2515 qnzeso,
2453 2448 2615 2500 verba
2652 2449 2762 2502 haec
2793 2449 2954 2502 beati.

2479 2537 2788 2609 Responsio.

1911 2631 2026 2686 Non
2052 2633 2196 2702 quod
2229 2645 2406 2702 pugna
2436 2645 2558 2700 qua:
2591 2633 2648 2686 tit
2709 2633 2760 2686 in
2799 2631 2983 2700 quiete
3029 2639 3084 2686 et
3131 2629 3421 2685 solitudine

1842 2727 2022 2781 minor
2056 2726 2126 2780 sit
2159 2726 2459 2780 certamine
2515 2725 2656 2794 quod
2689 2724 3051 2779 committitur
3071 2739 3190 2777 cum
3233 2723 3419 2776 l'ratri-

1841 2817 1943 2871 bus
1973 2824 2152 2870 mente
2178 2815 2456 2870 distractis
2512 2816 2580 2870 ob
2636 2816 2833 2880 visum,
2858 2816 3096 2875 auditum
3143 2825 3196 2870 et
3223 2815 3420 2878 verba;

1845 2907 1937 2962 sed
1969 2907 2052 2961 his
2080 2906 2339 2972 ostendit,
2381 2905 2731 2959 solitudinem
2759 2904 3056 2957 incolentes
3089 2917 3276 2956 carere
3304 2917 3424 2966 cer-

1848 2999 2143 3054 tatninibus
2169 3013 2450 3062 sensuum,
2476 2997 2674 3067 quibus
2703 2995 2792 3049 alii
2845 3005 3109 3049 vexantur
3133 2993 3272 3048 ultra
3301 3007 3423 3046 cer-

142 3098 296 3152 nium
331 3097 627 3166 pessimum
658 3105 763 3162 est,
799 3095 940 3164 pigri
995 3095 1105 3148 sint
1162 3093 1250 3148 isti
1309 3092 1394 3147 vel
1425 3092 1735 3162 diligentes,
1768 3119 1810 3178 α
1854 3090 2060 3144 tamina
2111 3089 2296 3143 cordis
2356 3103 2479 3158 qua:
2531 3087 2637 3141 illis
2697 3082 3252 3139 darmoncsiufertmt.
3303 3079 3428 3134 llaec

142 3208 242 3248 eos
269 3199 331 3246 ut
355 3205 548 3247 servos
602 3188 824 3245 habent.
876 3187 1059 3243 Abbas
1110 3195 1290 3241 autem
1323 3184 1523 3240 Bemen
1565 3185 1736 3238 dixit:

145 3285 209 3340 Si
235 3286 399 3338 trium
435 3282 815 3336 ctenobitarum
847 3296 979 3334 unus
1000 3290 1073 3334 est
1099 3280 1304 3349 quietus
1325 3279 1572 3349 Optimus,
1606 3277 1744 3330 alter

144 3377 401 3446 inﬁrmus
435 3375 638 3446 gratias
668 3390 827 3443 agens
859 3372 988 3438 Deo,
1017 3371 1200 3426 tertius
1238 3387 1355 3426 vero
1401 3370 1535 3424 bona
1561 3368 1745 3424 uolun-

147 3478 258 3524 tate
292 3471 546 3534 insert-it;
577 3484 758 3522 omnes
783 3477 886 3520 tres
933 3467 989 3520 in
1037 3467 1216 3520 eodem
1271 3473 1392 3518 sunt
1428 3478 1599 3532 opere.
1649 3461 1743 3516 llis

147 3571 381 3618 sanctus
404 3561 509 3616 iste
544 3561 831 3615 ostendere
861 3558 1098 3623 volebat,
1130 3557 1273 3626 quod
1302 3558 1353 3610 in
1390 3554 1744 3622 monasterio,

149 3651 242 3704 ubi
276 3655 410 3704 sunt
445 3649 599 3702 multi
635 3648 946 3718 congregati
1002 3663 1066 3702 ac
1121 3647 1429 3711 cmnobitaa,
1468 3662 1606 3716 opus
1635 3655 1740 3710 est,

151 3753 213 3797 ut
235 3756 349 3797 non
384 3741 492 3796 sint
533 3740 706 3794 fortes
765 3748 972 3794 tantum
1027 3739 1095 3792 ad
1130 3738 1431 3793 ministeria
1470 3740 1744 3802 obeunda,

154 3838 250 3891 sed
286 3835 460 3889 etiam
490 3844 548 3889 et
574 3833 776 3888 inﬁrmi
806 3832 1028 3900 fratres,
1057 3843 1112 3886 et
1148 3847 1306 3887 senes
1341 3831 1657 3895 imbecilles,
1691 3839 1748 3885 et

156 3927 360 3982 fratres
390 3927 483 3996 qui
539 3936 801 3996 perpetuo
860 3925 1138 3980 silentium
1195 3933 1442 3990 servent;
1505 3924 1745 3992 alioquin

157 4035 335 4076 vanus
361 4027 450 4075 est
487 4019 667 4075 omnis
705 4017 859 4072 labor
894 4033 1107 4072 eorum.

771 4111 1150 4180 Interrogatio.

231 4206 412 4273 Quam
455 4205 526 4260 ob
569 4219 684 4260 rem
724 4203 893 4258 abbas
947 4204 1214 4258 Antonius
1267 4204 1404 4258 dixit
1455 4203 1618 4258 Paulo
1654 4219 1750 4258 suo

160 4298 465 4368 discipulo:
507 4295 668 4362 Vade,
709 4300 830 4352 sede
859 4300 912 4351 iu
935 4296 1244 4362 solitudine,
1277 4307 1330 4349 ut
1359 4297 1562 4349 ediscas
1591 4308 1752 4349 certa-

160 4394 307 4446 mina
339 4391 640 4444 dwmonum
661 4389 688 4442 Ρ

802 4485 1110 4554 Responsio.

239 4581 516 4650 Quoniam
547 4579 808 4651 perfectio
839 4581 1092 4634 monachi
1125 4595 1152 4632 a
1193 4579 1453 4648 regimine
1489 4578 1756 4650 Spirituali

163 4691 287 4744 est;
329 4677 578 4746 regimen
613 4689 746 4730 vero
806 4674 1090 4744 spirituale
1125 4675 1367 4743 puritate
1401 4675 1580 4727 cordis
1610 4689 1758 4725 rout-

166 4781 428 4842 paratur;
479 4769 690 4839 puritas
729 4782 861 4822 vero
896 4768 1077 4821 cordis
1113 4783 1141 4820 a
1181 4767 1452 4837 regimine
1481 4776 1564 4820 est
1598 4765 1757 4819 intel-

166 4867 375 4926 lectus;
423 4863 668 4932 regimen
728 4871 912 4916 autem
969 4860 1276 4915 intellectus
1322 4871 1404 4914 est
1443 4862 1616 4915 oratio
1643 4861 1760 4913 sine

169 4955 610 5012 intermissione.
649 4954 940 5009 Certamen
974 4965 1153 5009 autem
1187 4971 1307 5009 cum
1346 4954 1678 5007 dzemonihus
1701 4952 1758 5006 lit

169 5045 599 5118 cogitationibus
637 5055 692 5100 et
728 5045 1235 5114 phantasmatibus;
1283 5060 1344 5100 ea
1376 5061 1501 5100 vero
1538 5046 1590 5100 in
1627 5046 1754 5100 soli-

174 5139 368 5196 tudine
400 5147 455 5194 et
478 5137 662 5208 quiete
697 5137 879 5192 acrius
906 5138 1233 5191 excitantur.

783 5226 1155 5295 Interrogatio.

247 5321 391 5390 Quid
423 5329 509 5377 est
537 5321 680 5392 quod
703 5320 840 5376 dixit
874 5321 1044 5374 abbas
1069 5319 1336 5373 Antonius
1362 5338 1374 5373 :
1407 5319 1764 5384 Quemadmo-

179 5420 306 5474 dum
330 5415 507 5470 educti
531 5425 680 5469 extra
709 5430 901 5483 aquam
923 5414 1090 5482 pisces
1125 5414 1486 5476 emoriuntur;
1516 5415 1591 5466 ita
1625 5416 1771 5467 acci-

183 5517 260 5569 dit
289 5513 550 5567 monacho
577 5528 807 5583 quoque,
853 5513 898 5566 si
928 5512 1019 5565 diu
1067 5509 1359 5564 morabitur
1391 5521 1542 5564 extra
1581 5509 1770 5565 cellam

185 5607 391 5664 suam?
420 5606 705 5674 Quomodo
737 5606 969 5661 moritur
1007 5604 1330 5672 monachus,
1365 5613 1422 5658 ut
1461 5602 1679 5672 pisces?

823 5696 1133 5768 Responsio.

260 5795 530 5866 Quoniam
562 5795 678 5854 vita
730 5796 922 5852 animae
971 5801 1054 5850 est
1087 5791 1234 5866 iugis
1265 5792 1356 5851 De'
1420 5813 1428 5822 -
1545 5793 1552 5800 ’
1644 5791 1654 5801 ’
1724 5798 1774 5841 nt

1846 3190 2090 3252 propter,
2143 3182 2208 3234 ad
2251 3180 2488 3251 quietem
2525 3193 2584 3232 se
2614 3176 2970 3234 conferebant
2994 3183 3194 3245 patres,
3220 3189 3285 3228 ne
3311 3187 3431 3226 cer-

1850 3275 2038 3330 tamini
2101 3273 2283 3330 cordis
2342 3272 2665 3328 accederent
2704 3267 3000 3325 certamina
3044 3270 3212 3330 visus,
3240 3265 3431 3318 verbo-

1849 3386 1968 3425 rum
2003 3377 2057 3422 et
2084 3368 2321 3421 auditus.
2397 3363 2860 3431 Quemadmodum
2911 3360 3051 3416 enim
3084 3359 3286 3413 cadunt
3316 3364 3430 3410 sta-

1852 3464 1946 3518 tim
2001 3462 2200 3514 fratres
2263 3457 2336 3513 illi
2369 3457 2462 3527 qui
2499 3456 2852 3527 egrediuntur
2911 3461 2964 3507 et
3032 3448 3428 3520 ingrediuntur,

1848 3557 1891 3611 si
1931 3569 2122 3625 pugna:
2145 3553 2322 3607 cordis
2345 3544 2634 3605 accesserit
2661 3562 2838 3619 pugna
2860 3559 3113 3602 sensuum
3144 3541 3388 3610 corporis
3414 3555 3430 3604 ;

1850 3651 1919 3705 ita
1948 3647 2106 3703 facile
2139 3661 2355 3718 quoque
2382 3647 2577 3700 cadent
2619 3641 2871 3696 monachi
2922 3639 2995 3694 illi
3029 3636 3122 3706 qui
3164 3637 3216 3689 in
3246 3633 3432 3703 quiete

1849 3745 2071 3812 degunt,
2110 3749 2168 3796 et
2221 3739 2406 3794 cordis
2466 3737 2638 3791 solum
2679 3740 2948 3788 vexantur
2997 3730 3337 3787 certamine,
3385 3724 3433 3776 si

1850 3838 1930 3891 eis
1974 3849 2231 3889 sensuum
2289 3830 2534 3901 corporis
2587 3825 2882 3882 accesserit
2943 3831 3240 3878 certamen.
3279 3814 3433 3882 Quod

1851 3931 2074 4002 quidem
2113 3928 2248 3982 satis
2277 3925 2624 3994 exploratum
2655 3931 2740 3976 est
2776 3933 2841 3972 ex
2874 3931 3060 3972 eorum
3109 3912 3335 3966 fratrum
3355 3909 3437 3961 fa-

1852 4039 1962 4094 cto,
1986 4025 2050 4078 ad
2082 4039 2219 4094 quos
2276 4022 2328 4076 in
2382 4020 2562 4090 quiete
2616 4017 2871 4086 degentes
2912 4027 3036 4066 cum
3071 4010 3328 4079 ingressae
3352 4017 3443 4058 es-

1853 4131 1975 4176 sent
2016 4120 2291 4184 mulieres,
2331 4127 2386 4172 et
2413 4112 2735 4169 accessisset
2757 4107 3045 4164 certamini
3083 4103 3262 4158 cordis
3293 4101 3443 4153 visus

1855 4214 2102 4283 corporis
2128 4221 2181 4266 et
2205 4211 2414 4280 species
2444 4208 2662 4270 vultus;
2703 4219 2732 4258 e
2764 4200 2996 4269 vestigio
3045 4193 3287 4264 superati
3317 4198 3442 4245 sunt

1855 4309 1923 4361 ab
1957 4309 2125 4360 arduo
2157 4306 2336 4359 cordis
2393 4300 2714 4361 certamine,
2753 4305 2913 4364 atque
2967 4291 3299 4346 ceciderunt.
3337 4284 3443 4337 Du-

1865 4400 1976 4451 rius
2010 4376 2161 4460 saue,
2195 4395 2474 4460 satiusque
2501 4390 2724 4443 arduum
2750 4401 2813 4438 ac
2841 4383 3132 4438 vehemens
3170 4387 3250 4432 est
3273 4386 3445 4430 certa-

1787 4463 1832 4518 D
1867 4505 1984 4543 men
2019 4502 2276 4541 sensuum
2313 4485 2508 4537 auium:
2551 4481 2812 4534 adversus
2870 4490 2964 4529 eos
3023 4473 3113 4542 qui
3156 4471 3208 4524 in
3257 4467 3444 4537 quiete

1863 4589 2082 4654 degunt,
2114 4597 2274 4653 quam
2325 4588 2601 4634 certamen
2667 4586 2919 4629 sensuum
2967 4565 3228 4636 corporis.
3287 4558 3444 4627 Quod

1864 4652 2081 4748 quidem
2135 4652 2274 4730 satis
2329 4682 2514 4726 notum
2567 4676 2651 4722 est
2709 4682 2772 4720 ex
2805 4664 2964 4718 dictis
3012 4657 3156 4714 beati
3190 4652 3441 4721 Evagrii;

1866 4770 2006 4842 quod
2040 4769 2246 4823 scilicet
2275 4780 2370 4836 per
2408 4778 2468 4818 se
2502 4776 2565 4817 ac
2589 4762 2705 4816 sine
2734 4757 2911 4813 medio
2933 4759 3140 4809 certant
3176 4749 3448 4804 dxmoues

1865 4838 1988 4919 cum
2040 4859 2321 4916 tnouachis
2363 4857 2490 4922 illis,
2528 4855 2621 4924 qui
2671 4853 2724 4906 in
2773 4848 3064 4906 solitudine
3091 4838 3447 4912 degunt:ad-

1866 4972 2057 5012 versus
2086 4971 2178 5010 eos
2204 4967 2338 5008 uero
2398 4949 2494 5020 qui
2536 4955 2664 5002 sunt
2715 4946 2768 4999 in
2821 4935 3357 5012 congregationibus,
3396 4939 3451 4983 et

1871 5049 2217 5122 perficiendis
2244 5045 2535 5100 virtutibus
2568 5042 2699 5095 dant
2721 5050 2967 5106 operam,
3012 5029 3304 5086 dissolutos
3339 5024 3448 5122 ira»

1872 5116 1981 5198 ires
2013 5143 2257 5197 excitant
2302 5137 2636 5202 incitantque
2682 5132 2994 5205 daemones;
3044 5123 3242 5192 quibus
3271 5116 3449 5172 nullus

1879 5237 2088 5301 durior,
2115 5231 2352 5288 amarior
2377 5236 2473 5284 aut
2500 5221 2892 5281 fraudulentior
2923 5226 3024 5271 est.

2469 5359 2845 5430 Interrogatio.

1949 5509 2088 5575 Quid
2113 5503 2242 5561 illud
2275 5501 2567 5572 signiﬁcat,
2600 5494 2742 5565 quod
2769 5491 2841 5545 ait
2874 5487 2933 5543 S.
2964 5487 3130 5540 abbas
3152 5479 3418 5575 Antonius
3441 5453 3476 5530 :-

1880 5571 2025 5656 Cella
2067 5571 2448 5652 monacltiiest
2498 5592 2692 5661 [ornas
2749 5580 3062 5652 Babylonis,
3123 5575 3268 5628 locus
3296 5571 3458 5623 trium

1881 5709 2179 5764 puerorum,
2217 5692 2354 5743 inter
2377 5701 2505 5757 quos
2532 5693 2643 5738 erat
2667 5677 2844 5733 Filius
2878 5675 3007 5739 Dei;
3029 5682 3076 5727 et
3107 5681 3181 5726 est
3214 5667 3459 5723 columna

1882 5787 2036 5855 iqnis,
2063 5783 2148 5838 ubi
2177 5782 2378 5837 locutus
2404 5785 2476 5832 est
2513 5772 2651 5830 Deus
2683 5785 2801 5826 cum
2832 5765 3056 5836 Moyse?
