3860 6394
423 316 563 373 1087

1055 429 1366 500 Responsio.

495 520 961 588 Quemadmodum
1024 519 1162 590 ignis
1195 520 1478 577 facultates
1528 522 1686 578 habet
1715 522 1866 584 duas,
1909 522 1989 576 al-

423 624 592 668 teram
649 612 877 667 calidam
930 612 1359 678 comburentem,
1415 612 1682 669 lucentem
1715 613 1993 669 Iaztiiican-

422 711 529 755 tvm
560 702 824 769 alteram;
873 702 945 756 ita
998 702 1405 771 perseverantia
1450 702 1502 756 iu
1541 702 1675 757 cella
1701 704 1840 757 duas
1890 702 1990 758 ba-

418 792 507 846 bet
533 790 894 859 diﬂicultates,
952 806 1181 861 quarunt
1246 807 1347 845 una
1414 793 1560 862 angit
1587 802 1638 846 et
1668 803 1827 847 vexat
1856 794 1992 848 tiro-

419 900 517 939 nes
549 883 600 938 in
634 882 841 953 quiete,
868 883 1037 937 nimio
1075 891 1291 953 torpore
1331 891 1383 937 et
1429 884 1725 937 certamine
1764 900 1777 936 :
1822 883 1991 937 altera

416 989 548 1030 vero
578 974 787 1046 perﬁcit
814 984 870 1030 et
900 974 1159 1041 laetificat,
1198 973 1483 1042 redditque
1538 974 1864 1043 tranquillos
1898 976 1993 1044 qui

423 1066 647 1135 perfecti
709 1075 836 1121 sunt
887 1066 939 1120 in
999 1066 1235 1135 puritate
1281 1065 1481 1128 cordis,
1513 1072 1567 1118 et
1618 1066 1991 1136 prmtergressi

418 1167 547 1214 sunt
574 1158 875 1227 passiones,
910 1169 1073 1229 atque
1104 1157 1171 1212 ad
1227 1156 1469 1213 lucentes
1530 1157 1761 1213 risiones
1799 1172 1992 1226 perve-

418 1259 635 1305 nerunt.
675 1249 803 1318 Ejus
835 1260 1012 1304 autem
1048 1249 1191 1321 quod
1223 1249 1291 1305 de
1343 1248 1516 1303 tribus
1547 1248 1729 1318 pueris
1776 1250 1867 1319 qui
1897 1248 1992 1306 Fi-

419 1344 549 1398 lium
580 1342 671 1399 Dei
703 1343 1042 1407 invenerunt,
1079 1342 1237 1407 dixit,
1282 1340 1397 1418 haec
1435 1348 1523 1394 est
1568 1340 1706 1394 ratio
1740 1356 1754 1393 :
1795 1340 1995 1408 Quem-

419 1434 706 1489 admodum
725 1435 988 1501 Ananias,
1010 1434 1232 1489 Azarias
1256 1441 1309 1489 et
1332 1432 1533 1497 Misael,
1566 1448 1685 1488 cum
1719 1433 1996 1508 Babylone

420 1523 607 1594 iujecti
631 1534 816 1580 essent
847 1525 899 1579 in
919 1525 1191 1579 caminum
1218 1524 1379 1594 ignis,
1404 1532 1457 1577 et
1482 1539 1588 1578 non
1618 1532 1742 1579 sunt
1770 1529 1993 1585 cremati

420 1630 523 1671 nec
563 1616 853 1681 combusti,
884 1616 977 1671 sed
1034 1614 1255 1686 angelus
1296 1614 1497 1670 missus
1537 1623 1640 1681 est,
1679 1617 1769 1685 qui
1805 1632 1992 1673 eorum

418 1708 582 1762 solvit
614 1709 825 1763 vincula
856 1718 912 1763 et
956 1709 1200 1765 liberavit
1248 1711 1317 1767 ab
1364 1711 1484 1782 igne
1530 1711 1710 1782 (quem
1746 1710 1994 1780 angelum

1532 314 1806 372 PATBES
1844 311 2143 372 EGYPTII
2182 308 2452 369 SECULI
2489 304 2569 367 iV.

2025 436 2073 493 Α
2104 445 2222 484 mur
2255 430 2336 495 '7;
2368 438 2421 482 et
2451 430 2492 481 si
2535 422 2939 492 sustinebimus,
2971 426 3317 498 regnabimus
3339 442 3468 482 cum
3496 429 3594 482 illo
3613 432 3679 487 “.

3540 310 3693 369 19$!

2096 517 2232 575 Iliuc
2258 518 2445 575 beatus
2472 516 2672 573 Paulus
2685 518 2936 573 hortatur
2957 532 3056 574 nos
3075 518 3261 574 dicens
3286 536 3301 574 :
3320 520 3679 589 Aspicimus,

2095 611 2309 680 fratres,
2337 624 2541 664 crucem
2594 606 2807 663 Domini
2855 609 3023 662 nostri
3050 606 3116 663 ι’.
3149 607 3285 665 Hinc
3310 608 3457 675 vide,
3497 625 3685 681 quau-

2089 712 2210 757 tum
2244 699 2467 771 pertulit
2497 714 2600 770 pro
2656 698 3056 769 peccatoribus,
3109 703 3201 772 qui
3230 701 3523 757 animabus
3568 702 3691 758 suis

2094 794 2400 850 adversarii
2423 803 2551 849 sunt
2585 792 2743 848 facti.
2777 788 2961 859 Quare
2986 806 3055 848 ne
3084 806 3182 848 vos
3214 794 3415 864 pigeat,
3444 808 3549 849 nec
3568 795 3681 849 ani-

2094 898 2197 941 ma
2222 885 2593 941 dissolvantur
2630 892 2829 940 vestrae
2860 884 2931 941 ob
2959 884 3276 963 patienti-am
3300 925 3317 950 ,
3342 887 3675 955 angustiam,

2094 974 2349 1045 injurias,
2396 972 2684 1044 opprobria
2738 984 2795 1029 et
2824 985 3082 1040 mortem,
3138 988 3262 1045 qua:
3306 976 3429 1044 ejus
3456 987 3683 1046 propter

2092 1082 2337 1122 amorem
2368 1064 2736 1136 perferuntur.
2789 1064 3011 1121 Veniam
3059 1066 3428 1136 deprecamini
3465 1067 3521 1122 in
3554 1082 3685 1122 ora-

2104 1157 2345 1213 tionibus
2364 1156 2558 1212 vestris
2574 1171 2675 1226 pro
2702 1157 3151 1226 persequentibus
3173 1171 3292 1221 vos,
3316 1160 3679 1229 quemadmo—

2094 1250 2221 1304 dum
2253 1246 2647 1317 deprecabatur
2674 1246 2937 1303 Dominus
2970 1262 3066 1317 pro
3113 1248 3563 1320 cruciﬁgentibus
3590 1252 3691 1306 di-

2095 1355 2264 1397 cens:
2297 1337 2480 1406 Pater,
2512 1339 2717 1394 dimitte
2744 1339 2848 1394 illis
2880 1340 2948 1394 ³⁶.
2983 1340 3178 1396 Beatus
3214 1339 3343 1395 item
3366 1340 3685 1409 Stephanus

2096 1432 2306 1488 veniam
2343 1446 2374 1487 a
2432 1430 2661 1487 Domino
2720 1442 2910 1488 nostro
2965 1433 3205 1502 petebat,
3268 1441 3437 1503 atque
3484 1433 3689 1488 orabat

2096 1536 2195 1591 pro
2226 1519 2593 1590 lapidantibus
2626 1520 2848 1577 dicens:
2881 1521 3129 1587 Domine,
3183 1538 3246 1577 ne
3268 1531 3540 1592 computes
3568 1523 3683 1579 illis

2096 1612 2191 1664 hoc
2223 1621 2493 1679 peccatum
2518 1608 2587 1665 “.
2629 1608 2687 1666 Si
2714 1620 2895 1667 autem
2926 1612 3043 1667 bac
3070 1621 3125 1666 et
3146 1610 3345 1667 similia
3360 1612 3505 1667 inter
3522 1615 3685 1683 quie-

2101 1711 2205 1756 tem
2238 1702 2526 1757 meditatus
2561 1700 2727 1758 fuerit
2756 1703 3052 1759 monachus
3072 1703 3128 1758 in
3164 1718 3260 1758 sua
3302 1702 3463 1772 cella,
3488 1717 3683 1759 corro-

420 1798 633 1852 vocavit
655 1796 850 1852 Filium
893 1797 984 1851 Dei
1016 1779 1582 1871 Nabuchodonosorﬂ
1606 1800 1681 1856 ita
1732 1779 1992 1860 fratribus

2099 1792 2399 1859 horabitur,
2428 1802 2485 1848 et
2509 1794 2723 1849 cunctis
2769 1794 2824 1849 in
2867 1792 3095 1849 Domino
3151 1782 3517 1850 dominabitur
3554 1811 3685 1865 pas-

422 1888 691 1942 tironibus
730 1888 783 1942 in
809 1889 1099 1946 solitudine
1123 1890 1445 1961 degentibus
1478 1891 1708 1949 diﬁicilis
1729 1902 1815 1950 est
1841 1894 1995 1951 initio

421 1995 595 2050 pugna
630 1983 939 2052 passionum
984 1999 1104 2054 quae
1132 1984 1211 2040 eis
1252 2000 1282 2038 a
1327 1985 1554 2040 diabolis
1607 1985 1871 2052 infertur;
1904 2003 1997 2043 ve-

420 2087 539 2126 rum
567 2073 788 2127 minime
820 2088 914 2129 eos
950 2075 1156 2130 deserit
1200 2074 1390 2146 gratiae
1427 2075 1638 2131 Domini
1665 2080 1839 2133 nostri
1871 2078 1992 2134 Filii

419 2163 516 2218 Dei
554 2163 833 2232 auxilium,
860 2163 958 2222 sed
988 2164 1123 2221 clam
1151 2166 1269 2223 illos
1293 2167 1498 2233 invisit,
1520 2169 1818 2238 opitulatur
1834 2181 1995 2242 atque

419 2254 626 2311 habitat
651 2271 772 2311 eum
802 2256 932 2328 ipsis
961 2259 1262 2315 secundum
1325 2260 1735 2329 dispositionem
1771 2265 1993 2320 ordina-

419 2345 753 2415 tionemque,
804 2346 1145 2416 passiouibus
1192 2347 1465 2416 superatis
1526 2356 1582 2402 et
1641 2348 1901 2415 diabolis,
1938 2358 1997 2406 et

418 2434 585 2490 ellicit
632 2445 690 2491 ut
720 2438 948 2507 gratiam
976 2448 1289 2494 mereantur
1327 2436 1580 2509 perfectae
1627 2440 1911 2495 cbaritatis
1942 2451 1999 2500 et

424 2528 611 2598 gloriae
640 2545 751 2584 sua:
777 2530 983 2585 lumen.

1016 2620 1395 2693 Interrogatio.

488 2708 626 2776 Quid
655 2721 735 2765 est
767 2710 820 2765 id
858 2710 1001 2782 quod
1030 2713 1108 2767 ait
1135 2713 1303 2770 abbas
1331 2716 1639 2774 Antonius:
1666 2717 1788 2773 Non
1811 2726 1887 2771 est
1912 2733 1992 2769 re-

412 2801 747 2855 tribuendum
776 2802 971 2856 malum
1010 2820 1105 2873 pro
1136 2806 1379 2871 malo;et
1412 2808 1457 2861 si
1482 2810 1551 2862 ad
1588 2808 1720 2862 hunc
1773 2809 1996 2877 gradum

418 2892 591 2943 adhuc
621 2908 721 2945 non
774 2896 1062 2960 pervenerit
1116 2898 1429 2961 monachus,
1455 2909 1619 2952 seruet
1646 2900 1916 2954 silentium
1945 2907 1997 2952 et

416 2982 688 3049 quietem?
729 2983 1008 3050 Quomodo
1040 2987 1203 3043 homo
1224 3004 1291 3044 ex
1317 2991 1500 3060 quiete
1525 2990 1592 3046 ad
1627 2992 1730 3047 hoc
1756 2992 2000 3062 pervenit

416 3075 681 3144 gradum?

1058 3168 1368 3240 Responsio.

488 3254 685 3312 Frater
710 3257 979 3325 inﬁrmus,
1011 3270 1174 3331 atque
1209 3261 1389 3333 lingua
1444 3262 1743 3333 injuriosus
1789 3266 1843 3322 iu
1882 3265 1991 3323 fra-

419 3355 559 3401 trem
587 3361 771 3415 suum,
825 3357 879 3405 et
929 3350 1110 3405 odium
1148 3368 1276 3425 erga
1326 3353 1478 3410 illum
1508 3355 1672 3412 corde
1701 3358 1910 3426 fovens,
1942 3361 1990 3417 si

413 3454 537 3496 sese
563 3440 616 3495 in
646 3441 779 3496 cella
803 3441 1159 3511 continuerit,
1189 3456 1245 3501 et
1268 3447 1593 3505 abstinuerit
1615 3450 1684 3505 ab
1714 3451 1989 3508 hominum

416 3532 968 3599 confabulationibus,
999 3544 1054 3590 et
1091 3537 1262 3594 malas
1312 3538 1584 3595 sedaverit
1612 3543 1989 3612 cogitationes,

421 3637 489 3678 ac
529 3625 870 3681 orationibus
906 3626 1111 3698 iugiter
1159 3635 1210 3682 et
1267 3643 1547 3686 sacrarum
1588 3630 1991 3702 Scripturarum

417 3712 636 3772 lectioni
667 3721 951 3775 naVaverit
985 3736 1230 3790 operam,
1265 3735 1297 3777 a
1343 3725 1516 3793 gratia
1552 3724 1817 3781 invisetur
1840 3735 1990 3782 tran-

420 3807 731 3876 quillitatis,
774 3810 1169 3868 illuminabitur
1203 3828 1299 3869 cor
1322 3814 1485 3883 illius,
1530 3825 1586 3871 et
1622 3816 1816 3888 spiritu
1855 3817 1993 3874 liber

414 3900 510 3955 lict
547 3902 915 3973 gaudebitque
974 3905 1029 3960 in
1082 3904 1209 3961 Deo.
1240 3906 1453 3963 Etenim
1500 3909 1661 3965 homo
1708 3910 1989 3979 ejusmodi,

414 4001 705 4061 conspecta
745 4009 910 4051 cruce
935 3994 1171 4063 Domini,
1208 3997 1325 4066 ejus
1363 4000 1677 4054 accenditur
1704 4015 1909 4067 amore,
1937 4010 1994 4058 et

416 4083 657 4141 osculata
684 4101 881 4153 cruce,
908 4090 1254 4145 meditabitur
1314 4092 1457 4148 illam
1500 4093 1866 4161 Scripturam:
1902 4093 1991 4148 Ita

416 4175 600 4230 dilexit
631 4175 767 4232 Deus
802 4181 1074 4247 mundum,
1125 4191 1179 4235 ut
1241 4179 1436 4237 Filium
1489 4198 1641 4237 suum
1671 4186 1991 4256 unigenitum

416 4266 699 4322 tradiderit
722 4270 879 4323 morti
927 4282 1138 4340 propter
1178 4271 1328 4325 illum
1370 4272 1438 4327 ”.
1473 4272 1572 4328 Hic
1604 4275 1845 4343 profecto
1871 4292 1993 4345 erga

414 4376 511 4414 nos
538 4377 693 4415 suum
751 4365 978 4416 ostendit
1028 4362 1167 4417 Deus
1215 4367 1623 4435 amorem;qniu
1667 4383 1784 4421 cum
1809 4384 1992 4435 pecca-

415 4462 553 4505 tores
578 4468 827 4518 essemus,
853 4451 1092 4508 Christus
1118 4469 1214 4524 pro
1244 4458 1394 4510 nobis
1443 4469 1677 4512 mortuus
1724 4470 1797 4512 est
1824 4460 1888 4513 ".
1930 4460 1987 4515 Si
2023 4456 2065 4512 D

414 4555 546 4609 ergo
569 4558 671 4596 non
697 4545 952 4612 perpercit
983 4541 1128 4599 Filio
1159 4561 1252 4601 suo
1275 4544 1436 4613 Deus,
1464 4550 1555 4601 sed
1588 4549 1810 4604 tradidit
1840 4550 1987 4605 illum

414 4647 511 4697 ,το
540 4633 686 4686 nobis
714 4634 893 4699 morti,
946 4643 999 4690 et
1037 4634 1257 4705 quidem
1313 4636 1458 4708 turpi
1486 4638 1561 4693 illi
1607 4641 1767 4695 morti
1789 4643 1985 4708 crucis,

416 4722 678 4789 quomodo
701 4726 877 4779 omnia
908 4724 1059 4781 nobis
1110 4743 1228 4781 cum
1261 4726 1356 4781 illo
1405 4745 1507 4782 non
1537 4732 1774 4786 concedet
1798 4733 1866 4797 ",
1895 4742 1989 4788 aut

415 4816 713 4887 quidquam
738 4817 965 4874 aliorum
996 4820 1284 4890 denegabit
1320 4822 1509 4878 nobis?
1550 4804 1787 4880 Dilectiol
1806 4837 1986 4883 autem

416 4906 622 4965 Christi
652 4910 876 4981 ejusque
898 4911 1141 4970 cbaritas
1184 4928 1286 4969 nos
1314 4913 1548 4986 impulit,
1586 4927 1642 4971 ut
1664 4919 1989 4989 cogitemus,

415 5002 561 5070 quod
592 5017 690 5058 nos
715 5004 906 5059 deceat
931 5004 1155 5061 minime
1194 5006 1379 5061 vivere
1436 5006 1725 5065 desideriis
1766 5014 1991 5079 nostris,

416 5095 511 5153 sed
547 5093 620 5147 illi
650 5095 741 5164 qui
775 5109 873 5165 pro
924 5095 1081 5153 nobis
1146 5106 1393 5152 mortuus
1426 5106 1511 5152 est
1562 5098 1609 5130 “
1656 5113 1673 5153 :
1713 5110 1769 5154 et
1806 5099 1988 5156 lesum

414 5184 769 5253 aspiciamus,
792 5186 882 5257 qui
915 5188 1189 5257 patientia:
1214 5187 1373 5244 nobis
1403 5187 1612 5243 initium
1632 5198 1687 5243 et
1717 5191 1993 5261 exemplar

418 5278 595 5335 factus
624 5289 728 5345 est,
775 5295 840 5337 ac
893 5293 1120 5338 mortem
1186 5297 1283 5354 pro
1322 5281 1478 5339 nobis
1511 5282 1763 5339 sustinuit
1791 5287 1988 5352 crucis,

418 5368 693 5424 infamiam
722 5387 934 5444 passus,
984 5389 1048 5431 ac
1082 5374 1295 5431 demum
1329 5374 1469 5431 sedit
1503 5376 1570 5431 ad
1600 5376 1849 5431 dextram
1894 5378 1986 5434 Dei

417 5457 473 5515 in
503 5462 751 5519 excelsis.
787 5465 953 5537 igitur
973 5468 1018 5523 si
1070 5453 1488 5539 com'patiemur,
1544 5469 1985 5540 conglorillcabi-

488 5692 534 5724 ²’
570 5690 725 5748 Joan.
754 5711 835 5751 Ill.
880 5696 961 5751 l6.
1038 5697 1281 5763 "llum.
1324 5698 1449 5755 v.8.
1528 5698 1571 5729 "
1615 5696 1769 5751 ιιοιι».
1809 5712 1929 5763 vm,
1958 5696 2046 5751 52.

2096 1884 2340 1940 sionibus
2371 1894 2469 1950 ;et
2492 1901 2596 1942 non
2631 1883 2807 1940 solum
2841 1886 3114 1943 neminem
3167 1886 3363 1955 injuria
3419 1886 3689 1953 lacesset,

2096 1976 2441 2047 antcuipiam
2468 1975 2871 2047 indignabitur,
2924 1977 3009 2033 vel
3047 1978 3247 2031 malum
3293 1992 3395 2048 pro
3417 1978 3562 2033 malo
3592 1994 3685 2034 re-

2099 2069 2332 2136 tribuet;
2366 2068 2462 2123 sed
2498 2082 2823 2138 magnopere
2850 2067 3127 2140 gaudebit,
3161 2078 3219 2124 et
3250 2069 3479 2124 honoris
3510 2068 3688 2124 habe-

2095 2158 2339 2226 bitloco,
2393 2173 2452 2216 se
2500 2158 2815 2231 opprobriis
2862 2169 2917 2216 et
2958 2159 3171 2231 injuriis
3225 2160 3383 2217 allici.
3420 2162 3504 2217 Ad
3540 2162 3684 2218 banc

2098 2252 2353 2305 virtutem
2380 2264 2556 2321 usque
2599 2250 2847 2322 pervenit
2878 2252 3179 2307 monachus
3230 2253 3286 2307 in
3318 2252 3456 2307 cella
3484 2267 3582 2308 sua
3607 2252 3691 2307 ob

2095 2343 2359 2413 quietem,
2392 2342 2711 2412 patientiam
2738 2351 2795 2399 et
2826 2342 3269 2414 adimpletionem
3311 2344 3685 2400 observantia

2096 2441 2490 2503 praeceptorum
2521 2431 2748 2498 Christi,
2800 2446 2920 2502 quae
2963 2441 3091 2490 sunt
3126 2432 3415 2502 jejunium,
3474 2436 3693 2502 oratio,

2098 2523 2378 2579 meditatio
2411 2532 2467 2578 et
2497 2522 2720 2593 reliquas
2750 2523 2981 2579 virtutes
3016 2524 3182 2581 bima
3213 2525 3393 2593 quiete
3415 2526 3677 2580 exoriun—

2097 2623 2203 2669 tur.
2253 2613 2466 2685 Optime
2518 2614 2685 2686 igitur
2738 2613 2891 2670 dixit
2938 2615 3127 2671 beatus
3181 2615 3345 2671 abbas
3367 2617 3676 2671 Antonius'

2097 2706 2160 2761 Si
2187 2705 2473 2761 monachus
2507 2706 2769 2760 continere
2796 2721 2899 2760 non
2945 2715 3113 2775 potest
3172 2706 3403 2777 linguam
3428 2724 3581 2761 suam
3609 2708 3685 2762 air

2098 2798 2336 2868 injuriis,
2370 2798 2788 2852 murmuratione
2827 2806 2983 2866 atque
3019 2798 3165 2868 gula,
3207 2814 3369 2867 neque
3411 2815 3446 2852 a
3482 2798 3683 2854 taliae:

2097 2907 2188 2945 cor
2222 2890 2491 2945 continere
2516 2890 2687 2957 valet;
2720 2888 2902 2945 saltem
2937 2900 3193 2955 quantum
3220 2890 3355 2959 potis
3380 2898 3483 2956 est,
3511 2891 3681 2960 quieti

2095 2981 2301 3035 studeat
2332 2990 2383 3036 et
2409 2980 2641 3036 silentio.

2695 3071 3072 3143 Interrogatio.

2043 3153 2061 3174 ¹
2167 3164 2399 3220 Profecti
2431 3174 2560 3221 sunt
2586 3166 2779 3220 fratres
2810 3165 3031 3234 quidam
3072 3162 3368 3234 aliquando
3399 3167 3467 3218 ad
3493 3163 3663 3217 abba-

2092 3265 2200 3311 tem
2231 3258 2547 3322 Antonium,
2584 3269 2638 3313 et
2675 3260 2932 3314 dixerunt
2984 3259 3059 3314 illi
3092 3273 3107 3311 :
3143 3258 3225 3311 Dn
3278 3258 3431 3312 nobis
3474 3274 3677 3329 prtere-

2091 3362 2235 3418 ptnm
2268 3351 2503 3419 aliquod,
2538 3360 2595 3403 ut
2629 3367 2889 3404 servemus
2925 3351 3082 3405 illud.
3109 3352 3209 3419 Qui
3231 3356 3310 3404 ait
3333 3351 3445 3406 illis
3475 3366 3491 3403 :
3524 3350 3676 3406 Scri-

2094 3454 2242 3509 ptum
2275 3452 2362 3498 est
2412 3443 2465 3497 in
2503 3441 2798 3514 Etangelio
2830 3460 2844 3496 :
2875 3441 3072 3514 Siquis
3100 3454 3147 3497 te
3175 3444 3492 3513 percusserit
3520 3458 3679 3510 super

2096 3546 2256 3585 unam
2291 3532 2586 3600 maxillam,
2616 3544 2751 3589 verte
2776 3533 2857 3586 illi
2909 3536 3129 3588 alterunt
3147 3534 3211 3588 ³⁸.
3243 3532 3344 3601 Qui
3376 3534 3673 3605 responde-

2095 3633 2221 3680 runt
2271 3625 2319 3681 ei
2350 3642 2365 3679 :
2402 3626 2517 3680 Hoc
2564 3641 2893 3698 nequaquam
2944 3624 3120 3695 facere
3157 3643 3460 3695 possumus.
3515 3624 3672 3681 Tuae

2092 3719 2169 3771 ait
2201 3717 2307 3773 illis
2343 3732 2504 3773 senex
2543 3736 2557 3772 :
2596 3716 2658 3775 Si
2684 3734 2787 3773 non
2817 3720 3034 3788 potestis
3070 3719 3523 3784 oerterealterunt,
3553 3734 3676 3772 sus-

2093 3812 2252 3864 tinete
2287 3811 2535 3879 primam.
2569 3809 2827 3866 Dixerunt
2873 3811 2923 3866 ei
2984 3828 2999 3865 :
3034 3809 3215 3883 Neque
3246 3809 3342 3864 hoc
3394 3826 3679 3877 possumus

2094 3904 2291 3971 facere.
2328 3902 2535 3970 Quibus
2570 3905 2645 3958 ait
2675 3921 2690 3958 :
2727 3902 2789 3959 Si
2821 3919 2984 3975 neque
3017 3905 3113 3957 hoc
3164 3902 3311 3956 aliud
3344 3904 3561 3968 potestis
3595 3904 3676 3973 [a-

2094 4012 2228 4062 cere,
2263 3996 2451 4051 saltem
2492 4013 2557 4051 ne
2600 3997 2991 4066 repercutiatis,
3028 4000 3119 4065 qui
3167 4012 3253 4050 uos
3284 4008 3673 4064 percusserunt.

2092 4092 2192 4156 Qui
2221 4091 2473 4145 dixerunt
2499 4106 2514 4146 :
2543 4087 2724 4161 Neque
2754 4091 2850 4145 hoc
2879 4105 3152 4161 possumus
3180 4084 3373 4158 facere:
3406 4087 3558 4144 Tunc
3587 4104 3673 4143 ve-

2095 4183 2362 4239 nerabilis
2400 4197 2571 4241 senex
2604 4184 2866 4254 discipulo
2908 4198 3007 4238 suo
3073 4184 3189 4237 ait:
3222 4179 3365 4233 Para
3414 4178 3674 4248 fratriias

2093 4273 2208 4327 istis
2249 4274 2352 4327 cibi
2397 4273 2618 4344 aliquid,
2646 4273 2771 4344 quia
2800 4283 3079 4344 egrotant.
3110 4272 3245 4340 Quid
3296 4270 3413 4325 haec
3452 4275 3675 4329 denotat

2093 4370 2265 4423 sancti
2295 4367 2473 4422 Patris
2501 4368 2807 4423 sententia?

2730 4458 3033 4528 Responsio.

2168 4553 2298 4608 Cibo
2338 4553 2425 4609 hic
2454 4554 2674 4608 denotat
2703 4570 2865 4625 Opera
2891 4553 3140 4620 fratrum,
3162 4564 3216 4611 et
3243 4554 3520 4612 seniorum
3541 4570 3669 4611 ora-

2096 4646 2269 4700 tiones
2304 4660 2368 4700 ac
2398 4660 2610 4716 preces,
2648 4645 2896 4716 idemque
2922 4654 3005 4703 est
3037 4661 3101 4702 ac
3132 4646 3179 4703 si
3197 4646 3421 4703 dixisset
3448 4665 3465 4703 :
3496 4646 3551 4703 Si
3571 4665 3665 4702 nc-

2093 4754 2199 4807 que
2232 4738 2367 4805 haec,
2394 4753 2569 4809 neque
2599 4738 2689 4793 illa
2729 4737 2913 4795 facere
2950 4740 3205 4809 potestis,
3236 4739 3483 4796 oratione
3515 4740 3666 4795 vobis

2099 4847 2235 4903 Opus
2281 4843 2383 4888 est.
2430 4831 2563 4887 Nam
2600 4833 3055 4905 quemadmodum
3101 4834 3292 4905 aegroti
3339 4834 3468 4891 cibo
3510 4844 3667 4906 egent

2095 4922 2351 4992 peculiari
2378 4922 2504 4977 dum
2537 4932 2826 4995 aegrotant,
2858 4924 2930 4979 ob
2964 4922 3336 4979 inﬁrmitatem
3375 4924 3662 4990 stomachi,

2097 5014 2188 5085 qui
2241 5028 2596 5086 quoscunque
2647 5013 2801 5070 cibos
2851 5028 3067 5070 sumere
3114 5029 3219 5068 non
3246 5023 3330 5069 est
3357 5024 3516 5084 aptus
3544 5032 3558 5067 :
3590 5013 3664 5068 ita

2095 5106 2250 5163 vobis
2283 5107 2477 5176 quibus
2508 5105 2764 5175 cogitatio
2808 5114 2919 5161 tam
2948 5105 3163 5161 infirma
3194 5114 3297 5172 est,
3326 5115 3385 5159 ut
3412 5120 3511 5159 nec
3538 5119 3661 5175 par-

2097 5205 2205 5252 tem
2265 5196 2481 5269 quidem
2534 5206 2931 5267 prteceptorum
2976 5195 3184 5251 Domini
3232 5194 3402 5250 nostri
3448 5206 3661 5249 servare

2099 5288 2362 5356 valeatis,
2410 5288 2642 5343 sanitate
2678 5296 2735 5343 et
2778 5288 3058 5343 curatione
3108 5287 3412 5341 animarum
3463 5297 3660 5342 vestra-

2098 5395 2215 5434 rum
2244 5396 2377 5450 opus
2405 5390 2506 5446 est,
2546 5392 2740 5450 nempe
2772 5377 3108 5435 orationibus
3152 5376 3370 5433 Patrum
3406 5377 3497 5447 qui
3529 5377 3657 5431 hanc

2096 5473 2248 5531 vobis
2278 5474 2568 5544 impetrent
2605 5471 2877 5543 precibus.

2122 5693 2219 5748 “il
2261 5694 2384 5746 tinr.
2428 5709 2480 5757 v,
2524 5692 2606 5757 li,
2641 5690 2724 5746 l5.
2800 5691 2843 5724 ³⁷
2878 5689 3037 5745 Rom.
3071 5704 3188 5754 vttt,
3228 5687 3314 5744 i7.
3389 5685 3434 5718 ⁸⁸
3454 5684 3497 5742 ιι
3528 5685 3655 5745 Tini.

417 5776 481 5834 ιι,
520 5766 600 5831 12,
640 5767 682 5798 ”
710 5766 873 5827 llcbr.
900 5768 1057 5834 λικε.
1104 5760 1107 5767 ’
1135 5768 1177 5801 ³⁸
1210 5768 1342 5825 Luc.
1372 5784 1527 5838 χλιιι,
1554 5768 1641 5823 δι.
1720 5768 1761 5800 ³⁸
1793 5758 1922 5823 Act:
1952 5784 1992 5822 vn

2097 5768 2159 5823 L9.
2239 5764 2486 5820 “Matth.
2520 5780 2566 5830 v,
2611 5763 2714 5833 39;
2741 5760 2871 5818 Luc.
2911 5776 2981 5826 vr,
3012 5758 3100 5814 39.
