3860 6322
50 334 215 391 ιεικο

704 447 1083 519 Interrogatio.

133 538 316 597 Dixit
349 550 588 599 sanctus
613 539 786 595 abbas
813 539 1086 595 Antonius
1111 553 1127 590 :
1162 534 1284 591 Vidi
1314 549 1492 589 omnes
1512 532 1699 587 diaboo

806 333 867 390 S.
907 328 1187 388 ANTONll
1224 326 1295 385 Μ.
1338 320 1629 385 ABBATIS
1667 321 1716 380 Si

1823 318 2213 381 I‘ENTIARUI
2250 318 2643 381 EXPOSIT.0.

3254 332 3395 388 1090

1717 444 1765 503 Α
1794 440 2066 496 internum
2143 446 2421 494 certamen
2471 437 2796 504 intellectus,
2831 438 3007 509 quies,
3053 441 3229 498 oratio
3278 449 3396 501 sine

1805 532 2215 589 intermissione
2244 547 2375 588 cum
2405 530 2647 603 perlecta
2681 530 3011 597 humilitate,
3045 545 3270 589 cunctas
3298 552 3393 592 su-

54 631 96 682 ti
140 628 393 702 laqueos
435 647 596 700 super
625 638 766 685 terra
806 636 1059 691 structas,
1091 625 1431 697 ingrmuiqus
1479 623 1619 687 ideo,
1647 630 1696 675 et
1804 632 1997 695 perant
2048 625 2336 693 passiones
2381 638 2448 680 ac
2493 623 2797 690 daemones,
2833 639 2935 679 nec
2967 625 3034 679 ad
3066 627 3395 685 monachum

56 722 187 779 disi
218 739 242 778 :
289 722 393 779 Vc
413 724 589 794 generi
614 723 887 777 humano!
913 722 1031 793 quis
1061 719 1250 792 poterit
1279 717 1414 785 eripi
1442 716 1508 771 ab
1534 714 1650 769 istis
1671 715 1698 768 .7
1805 718 1891 773 his
1921 717 2207 788 praeditum
2242 716 2552 788 pertingere
2580 716 2785 784 valent,
2812 719 3271 789 quemadmodum
3298 735 3397 776 an-

60 814 142 869 Et
176 816 459 872 dixerunt
486 816 615 869 mihi
638 832 657 870 :
684 813 977 869 Humilitas
1005 812 1175 868 salvat
1218 810 1283 865 ab
1318 811 1456 876 istis,
1493 826 1587 864 nec
1628 809 1697 863 ad
1805 807 1909 881 geli
1950 808 2007 864 S.
2036 808 2273 865 Antonio
2296 810 2482 865 abbati
2509 810 2783 865 dixerunt.

62 906 237 963 ω...
272 909 577 980 pertingere
614 907 807 963 valent.
849 905 1132 975 Quomodo
1164 904 1298 960 vidit
1345 911 1571 959 sanctus
1599 901 1701 957 iste

64 1000 324 1069 laqueos
373 1002 579 1057 diaboli
611 1018 626 1068 ;
670 1000 1090 1066 sensibiliterne,
1130 1012 1198 1053 an
1228 994 1701 1052 intellectualiter?

65 1105 125 1146 et
150 1094 408 1164 quinam
434 1102 562 1148 sunt
583 1092 681 1160 illi,
707 1092 801 1163 qui
824 1092 1077 1148 dixerunt
1106 1089 1207 1161 ipsi
1232 1106 1249 1147 :
1275 1088 1567 1143 Humilitas
1587 1087 1698 1142 sal-

66 1194 160 1239 ut
187 1185 273 1240 ab
294 1186 443 1251 istis,
481 1200 573 1240 nec
607 1185 677 1239 ad
704 1183 854 1238 illam
872 1182 1163 1254 pertingere
1191 1180 1365 1237 ualent
1382 1181 1409 1237 .’

730 1274 1051 1345 Responsio.

2408 923 2788 996 Interrogatio.

1877 1015 2021 1073 Dixit
2052 1014 2111 1071 S.
2144 1015 2413 1072 Antonius
2443 1016 2614 1073 abbas
2645 1037 2658 1073 :
2684 1015 2744 1072 Si
2770 1018 3099 1073 caruerimus
3146 1020 3397 1074 certanti-

1807 1126 1899 1174 ne,
1930 1108 2216 1179 plurimum
2265 1108 2413 1164 nobis
2461 1109 2749 1165 timendum
2800 1120 2915 1177 est;
2958 1127 3150 1182 nosque
3192 1100 3395 1180 oportet

1804 1201 1957 1258 valde
1982 1201 2259 1257 humiliari
2287 1218 2465 1257 coram
2488 1201 2618 1266 Deo,
2648 1205 2774 1274 quia
2806 1220 2925 1258 cum
2952 1204 3061 1272 ipse
3084 1205 3207 1260 bene
3227 1221 3395 1275 agno-

1805 1307 1917 1352 scat
1956 1304 2192 1367 nostram
2236 1294 2626 1364 inﬁrmitatem,
2656 1312 2751 1351 nos
2784 1306 3016 1366 proteget
3056 1297 3244 1351 dextra
3272 1312 3395 1360 sua,

154 1371 363 1426 Abba“
420 1368 732 1426 “aehaﬁus
787 1366 981 1437 ""50"
1028 1363 1350 1439 Egyp‘ius'
1402 1361 1700 1434 discum!“
1808 1398 1855 1443 et
1899 1366 2155 1441 custodiet
2185 1403 2203 1442 :
2234 1361 2305 1441 at-
2333 1387 2379 1441 si
2430 1361 2674 1457 superbia
2708 1361 3014 1458 efferantur,
3047 1404 3196 1442 suam
3233 1405 3264 1441 a
3298 1402 3397 1440 no-

71 1464 321 1521 ahbatis’
365 1464 619 1530 Antonii,
650 1462 783 1518 vidit
823 1476 1041 1533 quoque
1083 1463 1135 1517 in
1179 1462 1396 1517 deserto
1454 1457 1698 1514 interiori

74 1556 347 1628 Scythia
402 1570 594 1612 sumes
639 1554 862 1625 laqueos
904 1552 1237 1624 passionum,
1273 1565 1410 1622 quos
1456 1549 1590 1605 vidit
1635 1562 1701 1603 eo

77 1660 352 1719 tempore
389 1647 447 1703 S.
495 1647 664 1703 abbas
713 1644 1005 1701 Antonius.
1038 1642 1187 1700 Vidit
1232 1643 1431 1712 quippe
1480 1638 1702 1696 Macha-

82 1744 213 1798 rius
255 1740 508 1797 diabolos
559 1737 1040 1795 in‘slmilitudine
1100 1734 1330 1792 duorum
1394 1733 1699 1795 hominum,

78 1849 339 1906 quorum
369 1849 509 1889 unus
532 1830 811 1903 periorata
829 1839 948 1885 erat
972 1830 1192 1885 indutus
1221 1836 1393 1893 veste,
1426 1826 1514 1881 cui
1545 1826 1696 1897 qute-
1735 1817 1779 1876 Β

83 1930 225 1984 dam
269 1928 615 1984 diversorum
663 1922 909 1981 colorum
968 1932 1129 1979 erant
1179 1923 1417 1988 inserta;
1473 1918 1701 1974 alterius

83 2022 303 2077 detrita
367 2029 516 2076 veste
567 2027 739 2076 totum
790 2031 990 2088 corpus
1034 2013 1506 2073 circumamictum
1558 2018 1700 2073 erat,

85 2114 458 2185 habebatque
488 2122 606 2171 rete
634 2111 907 2184 quoddam
940 2109 1301 2182 ampullarum
1326 2107 1544 2179 plenum
1575 2119 1590 2157 :
1617 2104 1703 2159 his

86 2207 415 2263 accedebat
447 2207 612 2271 alius,
643 2206 736 2277 qui
764 2204 865 2260 alis
892 2205 1067 2260 instar
1100 2201 1421 2275 operimenti
1454 2208 1705 2270 contege~

87 2300 291 2357 batur.
330 2296 449 2354 Hos
476 2296 699 2368 quidem
733 2292 1096 2365 corporaliter
1125 2292 1297 2348 oculis
1318 2287 1599 2360 corporeis
1624 2286 1703 2341 vi-

91 2394 178 2447 dit
202 2391 385 2447 abbas
416 2389 756 2455 Macharius;
797 2398 1022 2445 sanctus
1072 2400 1200 2442 vero
1236 2383 1506 2440 Antonius
1535 2380 1704 2438 abbas

93 2485 269 2541 oculo
311 2483 623 2539 intellectus
663 2482 800 2538 vidit
835 2494 934 2553 per
988 2480 1209 2537 modum
1243 2476 1470 2533 visionis
1513 2487 1706 2531 omnes

99 2576 338 2647 laqueos
371 2574 491 2631 illos
533 2572 732 2630 diaboli
782 2588 918 2643 quos
951 2586 1169 2640 semper
1201 2568 1487 2626 monachis
1520 2566 1702 2629 struit,

97 2685 169 2725 ac
188 2685 289 2725 eos
308 2668 427 2724 istis
444 2666 724 2737 aucupari,
744 2665 962 2721 irretire
983 2672 1147 2735 atque
1168 2661 1426 2733 impedire
1448 2658 1707 2715 obnititur

99 2762 173 2816 ab
207 2761 407 2817 itinere
435 2759 767 2829 perﬁciendo
796 2757 847 2812 in
881 2757 967 2811 via
998 2755 1235 2820 virtutis,
1252 2752 1413 2809 sicuti
1445 2751 1704 2821 scriptum

99 2861 195 2905 est
224 2868 241 2906 ί
276 2849 348 2904 In
377 2851 458 2904 pia
484 2864 597 2905 mea
625 2847 1014 2904 absconderant
1050 2845 1181 2900 milii
1210 2844 1447 2915 laqueos,
1472 2849 1522 2897 et
1555 2840 1706 2911 funes

102 2944 465 2997 extenderunt
512 2940 691 2996 itineri
751 2955 862 2995 meo
893 2938 959 2992 ³³.
996 2936 1147 2993 Vidit
1183 2937 1367 3006 itaque
1399 2946 1590 2988 omnes
1631 2932 1708 2984 la-

104 3046 282 3103 queos
318 3030 521 3087 diaboli
574 3044 737 3101 super
792 3041 938 3087 terra
992 3035 1231 3084 structos
1269 3039 1336 3082 eo
1389 3023 1551 3079 modo
1598 3036 1708 3092 quo

105 3138 241 3183 suos
286 3121 520 3183 tendunt
575 3120 706 3181 leris
753 3130 1065 3179 venatores.
1090 3116 1246 3189 Quod
1281 3115 1494 3189 quidem
1523 3113 1710 3171 videns

107 3218 423 3274 admiratus
471 3225 578 3281 est,
633 3228 698 3271 ac
736 3211 1016 3283 obstupuit
1048 3185 1130 3268 ob'
1162 3185 1557 3264 multitudinem
1589 3220 1709 3260 cas-
1737 3185 1780 3244 ο

108 3310 254 3364 sium
286 3317 343 3364 et
373 3307 610 3374 retimn;
642 3305 843 3377 quibus
874 3305 921 3361 si
948 3302 1115 3361 semel
1162 3302 1378 3373 capitur
1406 3299 1543 3367 fera,
1583 3313 1709 3368 per-

108 3400 333 3455 ditﬁcite
375 3398 607 3455 evadere
638 3397 837 3467 poterit
877 3397 948 3453 ob
997 3409 1158 3452 ansas
1215 3397 1394 3450 varias
1448 3404 1503 3449 et
1540 3408 1712 3449 nexus

110 3490 467 3562 multiplices.
506 3489 705 3545 Abbati
740 3496 921 3543 autem
956 3487 1192 3545 Antonio
1231 3501 1354 3542 sese
1396 3484 1713 3543 obtulerunt

112 3597 285 3653 super
315 3590 520 3637 terram
561 3579 804 3635 omnium
843 3579 1166 3650 passionum
1217 3578 1462 3649 corporis
1498 3586 1555 3633 et
1590 3571 1741 3631 ani-'

114 3691 219 3731 tuae
269 3675 507 3746 species,
540 3674 745 3744 quibus
772 3672 975 3727 diaboli
1027 3683 1341 3744 oppugnant
1372 3672 1710 3736 monachos;

115 3780 171 3823 et
196 3768 339 3824 vidit
369 3774 591 3822 sanctos
627 3764 853 3837 angelos
881 3766 970 3836 qui
1011 3765 1110 3821 sibi
1129 3764 1372 3836 singulos
1399 3764 1711 3834 passionmn

118 3861 349 3931 laqueos
402 3858 725 3914 nominatim
799 3858 1173 3921 ostendebant,
1224 3870 1416 3926 nempe
1461 3855 1710 3924 laqueum

120 3953 330 4010 amoris
360 3952 568 4008 ventris
605 3966 700 4007 seu
748 3951 905 4021 gulae,
953 3948 1157 4005 amoris
1213 3948 1478 4019 pecuniae,
1512 3948 1716 4002 amoris

124 4043 533 4110 fornicationis,
568 4042 747 4099 inanis
776 4042 981 4113 glorim,
1006 4040 1273 4112 superbia:
1298 4048 1353 4095 et
1381 4038 1713 4109 reliquarum

123 4139 468 4208 passionum.
505 4134 873 4192 Ostenderunt
904 4134 977 4189 illi
1015 4143 1278 4204 praeterea
1308 4146 1505 4187 omnes
1544 4138 1712 4196 artes,

124 4230 355 4287 technas
380 4244 447 4286 ac
474 4229 719 4295 astutias,
748 4228 950 4300 quibus
1000 4228 1189 4283 hostes
1216 4240 1346 4283 suos
1380 4234 1599 4281 struunt
1636 4224 1717 4279 la-

125 4338 298 4396 queos
346 4331 405 4377 et
444 4321 690 4387 insidias,
733 4321 934 4390 quibus
987 4318 1287 4389 impediant
1340 4316 1561 4381 fratres,
1590 4315 1717 4370 illa-

126 4423 351 4484 queent,
388 4413 775 4484 retardentque
818 4411 886 4467 ab
924 4412 1119 4467 itinere
1148 4424 1343 4479 magno
1371 4407 1574 4462 amoris
1599 4405 1713 4461 Dei.

127 4509 255 4565 llaec
282 4522 408 4564 cum
439 4506 745 4562 admiratus
764 4516 933 4570 esset,
961 4514 1015 4560 et
1043 4514 1266 4571 stupore
1295 4497 1601 4571 perculsus,
1629 4498 1714 4553 in-

128 4603 359 4674 gemuit,
390 4610 446 4657 et
488 4598 641 4659 ﬂevit
680 4600 904 4656 dicens:
946 4598 1037 4653 Vw
1069 4597 1218 4653 nobis
1260 4593 1553 4660 monachis,
1588 4608 1719 4665 quo-

128 4702 287 4753 modo
339 4710 617 4765 possumus
662 4692 900 4760 expediri
948 4700 996 4746 et
1034 4690 1231 4747 saluari
1262 4690 1327 4743 ab
1361 4686 1600 4743 omnibus
1639 4684 1720 4740 Itis

130 4790 357 4862 laqueis,
387 4789 514 4859 quin
535 4788 860 4857 capiamur?
886 4786 1151 4841 Dixerunt
1185 4783 1261 4839 illi
1290 4780 1464 4852 angeli
1495 4798 1509 4836 :
1537 4778 1725 4834 Humi-

130 4884 258 4940 litas
287 4884 354 4937 ab
393 4882 477 4936 his
514 4881 754 4936 omnibus
794 4878 999 4943 salvat;
1032 4886 1081 4933 et
1110 4877 1200 4947 qui
1224 4875 1318 4931 illa
1340 4885 1419 4931 est
1444 4875 1718 4946 praeditus,

134 4978 352 5031 minime
380 4976 531 5029 cadet
564 4983 653 5028 aut
685 4971 1081 5043 illaqueabitur.
1108 4970 1181 5025 At
1207 4986 1316 5026 non
1347 4968 1459 5025 sola
1502 4966 1723 5024 humili-

134 5082 248 5127 tate
283 5068 534 5139 superari
580 5067 863 5138 passiones
890 5074 944 5121 et
979 5065 1274 5130 daemones,
1304 5063 1599 5126 dixerunt:
1626 5075 1723 5116 ve-

138 5173 258 5221 rum
305 5162 415 5217 alia
464 5175 681 5231 quoque
725 5173 891 5232 Opera
922 5166 979 5215 et
1005 5156 1303 5213 certamina
1331 5170 1435 5209 una
1470 5170 1593 5210 cum
1629 5156 1727 5207 hu-

136 5254 371 5308 militate
426 5253 797 5323 requiruntur.
843 5249 1122 5320 Siquidem
1175 5245 1452 5307 humilitas
1500 5248 1612 5302 sola
1655 5260 1723 5303 ac

136 5360 237 5415 per
260 5358 343 5410 se,
377 5344 577 5399 nullius
606 5353 691 5399 est
711 5341 1058 5400 emolumenti
1085 5358 1100 5407 ;
1125 5355 1290 5411 opera
1318 5354 1446 5396 vero
1468 5340 1587 5396 sine
1616 5340 1721 5395 hu-

140 5438 376 5493 militate
404 5436 539 5492 nihil
563 5446 827 5508 prosunt;
865 5442 992 5492 sunt
1018 5433 1163 5489 enim
1195 5435 1401 5503 absque
1446 5431 1558 5499 illa,
1592 5447 1720 5488 caro

144 5542 289 5587 terra
342 5529 499 5586 salita
539 5536 595 5585 et
635 5544 743 5585 non
789 5528 926 5595 sale,
968 5527 1209 5597 adeoque
1253 5523 1412 5581 facile
1470 5513 1722 5581 inituram

143 5619 422 5676 contrahit
445 5630 502 5675 et
533 5618 923 5691 corrumpitur.
962 5615 1151 5689 itaque
1175 5628 1344 5689 Opera
1377 5614 1717 5687 corporalia,

212 5782 256 5820 ’²
281 5791 425 5850 Psal.
458 5807 685 5864 cxxxu,
713 5794 767 5853 6.

1811 1479 1894 1535 bis
1923 1481 2153 1535 retraltet
2184 1480 2580 1552 protectionem,
2615 1491 2662 1535 et
2684 1480 2995 1549 peribimus.
3023 1478 3283 1548 Quisnam
3310 1487 3395 1538 est
3422 1482 3427 1487 ’

1818 1574 1977 1645 hujus
2010 1574 2150 1629 beati
2180 1573 2466 1630 sententiae
2493 1572 2722 1630 sensus?

2453 1684 2759 1757 Responsio.

1878 1776 1991 1834 Nos
2018 1777 2293 1836 humiliari
2339 1795 2555 1853 semper
2590 1789 2825 1853 oportet,
2880 1788 2986 1838 tam
3017 1790 3262 1856 tempore
3291 1799 3394 1840 an-

1808 1872 2125 1946 gustiarum,
2163 1872 2529 1930 tribulationis
2558 1888 2622 1930 ac
2655 1874 3041 1944 certaminum,
3058 1892 3222 1947 quam
3257 1887 3394 1933 tem-

1809 1980 1941 2036 pore
1977 1966 2127 2036 pacis
2159 1974 2215 2021 et
2244 1965 2447 2039 quietis
2475 1981 2507 2022 a
2538 1966 2965 2039 certaminibus;
2992 1969 3197 2025 etenim
3245 1968 3395 2026 omni

1810 2068 2058 2128 tempore
2091 2057 2403 2114 humilitate
2432 2057 2589 2114 nobis
2616 2071 2759 2127 opus
2798 2067 2904 2115 est.
2938 2057 3391 2131 Quandoquidem

1811 2149 1927 2205 haec
1964 2157 2209 2220 tempore
2233 2147 2551 2205 certaminis
2575 2147 2736 2203 nobis
2759 2147 2963 2218 praebet
2999 2163 3186 2220 opem,
3216 2149 3396 2204 addit-

1809 2255 1919 2311 que
1967 2240 2137 2296 rohur
2178 2239 2247 2296 ad
2275 2240 2618 2297 subeundum
2650 2240 2930 2311 patientia:
2961 2240 3172 2309 pondus
3206 2253 3223 2293 :
3251 2248 3392 2293 tem-

1814 2346 1946 2401 pore
1974 2345 2102 2387 vero
2137 2331 2283 2401 pacis
2314 2340 2370 2388 et
2398 2330 2606 2403 quietis
2639 2346 2668 2386 a
2714 2330 3118 2393 certaminibus,
3149 2343 3249 2384 nos
3280 2337 3397 2382 tue-

1814 2436 1900 2480 tur
1928 2440 1959 2479 a
2000 2424 2278 2496 superbia,
2313 2432 2369 2480 et
2394 2423 2628 2480 sustinet
2668 2439 2737 2479 ne
2780 2423 3058 2479 cadamus.
3088 2419 3157 2476 Et
3178 2419 3396 2489 quidem

1813 2527 2035 2590 propter
2083 2516 2504 2573 dissolutionem
2555 2523 2797 2572 nostram
2834 2521 2890 2570 et
2921 2512 3250 2573 oblivionem
3291 2523 3396 2578 qua

1811 2611 2054 2680 capimur
2081 2607 2202 2675 Dei,
2242 2608 2554 2664 humilitate
2586 2621 2806 2677 semper
2850 2604 3008 2660 nobis
3036 2615 3173 2673 opus
3194 2608 3299 2666 est,
3338 2606 3397 2652 ut

1814 2713 1997 2759 nostra
2019 2703 2235 2770 cognita
2263 2701 2579 2756 inﬁrmitate
2614 2712 2836 2769 operam
2862 2692 3154 2752 humilitati
3184 2691 3399 2756 demus,

1812 2805 1870 2851 et
1921 2794 2232 2866 superbiam
2266 2793 2589 2849 amoliamur
2617 2808 2644 2846 a
2679 2791 2859 2848 nobis.
2889 2788 3033 2844 Deus
3058 2800 3313 2856 namque,
3342 2794 3403 2838 ut

1813 2887 1958 2944 omni
2011 2896 2256 2957 tempore
2293 2884 2559 2956 angustiis
2610 2898 2946 2954 premamur,
2996 2879 3224 2935 minime
3266 2879 3403 2941 vult,

1815 2977 1910 3033 sed
1935 2990 2034 3032 sua
2062 2976 2337 3032 interdum
2376 2976 2578 3047 pietate
2611 2984 2665 3031 et
2697 2972 2986 3029 clementia
3020 2985 3117 3025 nos
3144 2967 3402 3037 protegit.

1814 3082 2139 3139 cessareque
2176 3065 2310 3125 facit
2352 3082 2385 3124 a
2426 3065 2583 3124 nobis
2634 3076 2935 3122 certamina
2983 3056 3303 3135 passionum
3347 3062 3406 3108 ει

1815 3159 2155 3216 diabolorum
2186 3157 2590 3214 crudelitatem.
2626 3154 2685 3212 Si
2720 3156 2905 3226 itaque
2932 3164 3177 3224 tempore
3202 3161 3397 3225 pugnae

1812 3260 1867 3306 et
1910 3247 2229 3305 certaminis
2274 3245 2343 3302 ad
2394 3245 2762 3301 humilitatem
2809 3245 3142 3299 recurrimus
3184 3253 3407 3313 propter

1811 3341 2052 3413 pericula
2105 3350 2161 3397 et
2199 3338 2583 3404 dilllcultates;
2629 3347 2873 3407 tempore
2894 3351 3023 3390 vero
3055 3334 3409 3406 tranquillita-

1816 3430 1885 3486 tis
1917 3437 1974 3485 et
2006 3426 2318 3485 securitatis
2342 3441 2372 3481 a
2403 3424 2799 3482 certaminibus
2830 3425 2997 3480 Deum
3030 3424 3426 3484 obliviscimur.

1812 3531 1867 3579 et
1904 3520 2181 3577 eﬂ'eritnur
2229 3519 2483 3591 superbia
2517 3535 2533 3574 :
2563 3533 2715 3575 suam
2747 3516 2939 3588 procul
2983 3517 3149 3573 dubio
3175 3533 3205 3573 a
3236 3518 3396 3574 nobis

1813 3615 2100 3671 contrahet
2157 3612 2570 3684 protectionem,
2607 3619 2664 3666 et
2713 3610 2867 3665 ruina
2905 3624 2972 3666 ac
3021 3609 3403 3680 desperatione

1820 3708 2135 3778 peribimus.
2169 3703 2387 3761 Nullum
2425 3707 2589 3777 igitur
2622 3714 2833 3774 tempus
2884 3710 2990 3769 est,
3038 3716 3146 3772 quo
3188 3702 3408 3757 humili-

1817 3809 1923 3856 tate
1958 3799 2114 3855 nobis
2146 3815 2283 3870 opus
2323 3814 2428 3854 non
2466 3799 2568 3865 sit;
2607 3797 3063 3867 quemadmodum
3094 3794 3243 3850 omni
3287 3794 3407 3849 loco

1815 3904 1869 3949 et
1903 3892 2155 3949 omnibus
2176 3893 2232 3947 in
2262 3892 2571 3947 actionibus
2599 3904 2660 3944 ea
2697 3889 2919 3944 omnino
2952 3888 3274 3957 indigemus.

2414 4006 2789 4077 Interrogatio.

1892 4104 2123 4174 Quidam
2150 4104 2427 4162 seniorum
2473 4101 2768 4175 postulavit
2803 4116 2832 4155 a
2864 4099 3007 4166 Deo,
3025 4107 3085 4154 ut
3113 4096 3191 4153 illi
3222 4105 3407 4154 osten-

1816 4196 1970 4255 deret
2014 4214 2204 4255 omnes
2258 4196 2479 4253 Patres:
2532 4196 2623 4267 qui
2671 4207 2850 4251 autem
2897 4209 2993 4249 eos
3034 4207 3223 4247 omnes
3245 4190 3404 4256 vidit,

1819 4302 2016 4363 przeter
2062 4290 2121 4347 S.
2175 4289 2427 4345 abbatem
2463 4289 2797 4353 Antonium;
2841 4297 2897 4342 et
2944 4285 3084 4339 dixit
3140 4294 3269 4339 tunc
3310 4280 3407 4337 ille

1818 4387 1910 4458 qui
1955 4400 2051 4440 eos
2099 4384 2199 4455 ipsi
2230 4383 2588 4439 ostenderat:
2617 4377 2718 4434 Ubi
2735 4388 2812 4433 est
2841 4377 3009 4443 Deus,
3038 4376 3110 4430 ibi
3135 4385 3209 4431 est
3238 4372 3404 4428 abbas

1819 4477 2100 4532 Antonius.
2139 4471 2422 4541 Quomodo
2454 4471 2589 4527 vidit
2618 4483 2808 4525 omnes
2860 4468 3077 4534 Patres,
3130 4474 3188 4523 et
3234 4477 3408 4535 quare

1750 4548 1793 4605 θ
1825 4586 1929 4625 non
1961 4568 2093 4624 vidit
2125 4567 2377 4624 abbatem
2410 4562 2753 4620 Antonium?

2463 4676 2769 4749 Responsio.

1898 4777 2003 4836 Vel
2030 4774 2272 4835 senioris
2309 4773 2620 4832 intellectus
2646 4771 2700 4827 in
2743 4768 3051 4841 paradisum
3083 4775 3269 4838 raptus
3300 4774 3406 4831 est,

1824 4878 1879 4927 et
1917 4869 1990 4926 ibi
2018 4867 2156 4923 vidit
2179 4864 2416 4931 Patres;
2453 4861 2537 4919 vel
2574 4861 2674 4931 ipsi
2710 4855 2901 4915 Patres
2930 4866 3197 4913 venerunt
3240 4857 3307 4912 ad
3338 4856 3406 4910 il-

1826 4964 1974 5031 lum;
2008 4961 2093 5016 vel
2126 4958 2351 5031 angelus
2384 4954 2626 5013 ostendit
2674 4952 2797 5009 illos
2846 4950 2946 5022 ipsi
2990 4950 3289 5006 secundum
3316 4964 3408 5004 or-

1830 5060 1986 5114 dines
2014 5056 2303 5111 visionum.
2337 5050 2454 5107 Non
2485 5058 2570 5105 est
2598 5056 2778 5103 autem
2813 5045 2965 5100 visus
2996 5044 3047 5099 ei
3094 5043 3261 5099 abbas
3291 5041 3409 5096 An-

1833 5151 2014 5205 tonius
2037 5148 2251 5204 duabus
2275 5142 2344 5200 de
2371 5141 2572 5205 causis,
2606 5149 2719 5195 tum
2744 5146 2964 5209 propter
2984 5135 3407 5205 magnitudinem

1831 5241 2056 5298 honoris
2089 5238 2148 5296 S.
2180 5236 2398 5293 abbatis
2424 5233 2668 5301 Antonii,
2693 5240 2807 5286 tum
2838 5237 2896 5284 ut
2922 5227 3298 5284 humiliaretur
3324 5242 3413 5282 se-

1832 5338 1955 5393 nior
2000 5334 2110 5398 ille,
2144 5342 2201 5389 et
2234 5345 2341 5386 non
2380 5326 2667 5385 eﬂerretur
2710 5322 2984 5392 superbia,
3019 5320 3162 5391 quod
3186 5317 3413 5374 vidisset

1833 5442 2027 5486 omnes
2045 5426 2256 5480 Patres.
2284 5420 2420 5477 Nam
2459 5433 2523 5475 ea
2554 5416 2760 5472 visione
2793 5412 3015 5469 Patrum
3047 5411 3311 5467 instruxit
3349 5408 3414 5464 il-

1834 5522 1943 5577 lum
1975 5518 2132 5584 Deus,
2175 5524 2235 5569 ut
2260 5514 2406 5586 ipsos
2441 5510 2768 5571 imitaretur,
2796 5504 2915 5575 ejus
2941 5501 3246 5571 adimplens
3270 5499 3414 5570 peti-

1836 5615 2061 5672 tionem.
2086 5608 2243 5679 Quod
2275 5620 2406 5665 vero
2434 5617 2542 5660 non
2572 5596 2835 5657 meruerit
2876 5592 3138 5650 visionem
3164 5586 3411 5655 Antonii,
