  <div class='ocr_page' id='page_1' title='image "/cluster/home/n/w/nwhite01/storage/ocr_20150623/40/hvd.32044019207786/575.png"; bbox 0 0 3860 6382; ppageno 0'>
   <div class='ocr_carea' id='block_1_1' title="bbox 428 326 560 384">
    <p class='ocr_par' dir='ltr' id='par_1_1' title="bbox 428 326 560 384">
     <span class='ocr_line' id='line_1_1' title="bbox 428 326 560 384; baseline -0.023 0"><span class='ocrx_word' id='word_1_1' title='bbox 428 326 560 384; x_wconf 68' lang='grc' dir='ltr'><strong>ιῡθι</strong></span> 
     </span>
    </p>
   </div>
   <div class='ocr_carea' id='block_1_2' title="bbox 1524 316 2584 378">
    <p class='ocr_par' dir='ltr' id='par_1_2' title="bbox 1524 316 2584 378">
     <span class='ocr_line' id='line_1_2' title="bbox 1524 316 2584 378; baseline -0.004 -1"><span class='ocrx_word' id='word_1_2' title='bbox 1524 319 1801 378; x_wconf 80' lang='lat' dir='ltr'><strong>PATRES</strong></span> <span class='ocrx_word' id='word_1_3' title='bbox 1839 317 2142 376; x_wconf 61' lang='lat' dir='ltr'><strong>EGYPTII</strong></span> <span class='ocrx_word' id='word_1_4' title='bbox 2177 317 2452 375; x_wconf 63' lang='lat' dir='ltr'><strong>SIECULI</strong></span> <span class='ocrx_word' id='word_1_5' title='bbox 2494 316 2584 374; x_wconf 75' lang='lat' dir='ltr'><strong>IV.</strong></span> 
     </span>
    </p>
   </div>
   <div class='ocr_carea' id='block_1_3' title="bbox 3580 318 3752 375">
    <p class='ocr_par' dir='ltr' id='par_1_3' title="bbox 3580 318 3752 375">
     <span class='ocr_line' id='line_1_3' title="bbox 3580 318 3752 375; baseline 0.017 -2"><span class='ocrx_word' id='word_1_6' title='bbox 3580 318 3752 375; x_wconf 69' lang='grc' dir='ltr'><strong>ΙωΞ</strong></span> 
     </span>
    </p>
   </div>
   <div class='ocr_carea' id='block_1_4' title="bbox 426 435 3740 513">
    <p class='ocr_par' dir='ltr' id='par_1_4' title="bbox 426 435 3740 513">
     <span class='ocr_line' id='line_1_4' title="bbox 426 435 3740 513; baseline -0.004 -12"><span class='ocrx_word' id='word_1_7' title='bbox 426 446 566 503; x_wconf 85' lang='lat' dir='ltr'><strong>ratio</strong></span> <span class='ocrx_word' id='word_1_8' title='bbox 603 443 724 509; x_wconf 84' lang='lat' dir='ltr'><strong>fuit,</strong></span> <span class='ocrx_word' id='word_1_9' title='bbox 755 454 814 498; x_wconf 90' lang='lat' dir='ltr'><strong>ut</strong></span> <span class='ocrx_word' id='word_1_10' title='bbox 850 453 1134 513; x_wconf 89' lang='lat' dir='ltr'><strong>appareret</strong></span> <span class='ocrx_word' id='word_1_11' title='bbox 1165 442 1410 499; x_wconf 79' lang='lat' dir='ltr'><strong>defectus</strong></span> <span class='ocrx_word' id='word_1_12' title='bbox 1448 441 1704 507; x_wconf 85' lang='lat' dir='ltr'><strong>senioris,</strong></span> <span class='ocrx_word' id='word_1_13' title='bbox 1735 454 1844 510; x_wconf 88' lang='lat' dir='ltr'><strong>quo</strong></span> <span class='ocrx_word' id='word_1_14' title='bbox 1874 454 2002 494; x_wconf 83' lang='lat' dir='ltr'><strong>eva—</strong></span> <span class='ocrx_word' id='word_1_15' title='bbox 2039 448 2087 504; x_wconf 72' lang='grc' dir='ltr'>Α</span> <span class='ocrx_word' id='word_1_16' title='bbox 2114 440 2290 493; x_wconf 78' lang='lat' dir='ltr'><strong><em>ederet</em></strong></span> <span class='ocrx_word' id='word_1_17' title='bbox 2327 447 2614 491; x_wconf 79' lang='lat' dir='ltr'><strong>mercedem</strong></span> <span class='ocrx_word' id='word_1_18' title='bbox 2646 452 2817 491; x_wconf 87' lang='lat' dir='ltr'><strong>suam.</strong></span> <span class='ocrx_word' id='word_1_19' title='bbox 2859 435 3118 492; x_wconf 73' lang='lat' dir='ltr'><strong>Similiter</strong></span> <span class='ocrx_word' id='word_1_20' title='bbox 3163 452 3256 491; x_wconf 89' lang='lat' dir='ltr'><strong>nos</strong></span> <span class='ocrx_word' id='word_1_21' title='bbox 3281 452 3496 507; x_wconf 76' lang='lat' dir='ltr'><strong>quoque</strong></span> <span class='ocrx_word' id='word_1_22' title='bbox 3530 437 3740 489; x_wconf 77' lang='lat' dir='ltr'><strong>diein</strong></span> 
     </span>
    </p>
   </div>
   <div class='ocr_carea' id='block_1_5' title="bbox 431 537 1446 607">
    <p class='ocr_par' dir='ltr' id='par_1_5' title="bbox 431 537 1446 607">
     <span class='ocr_line' id='line_1_5' title="bbox 431 537 1446 607; baseline -0.005 -12"><span class='ocrx_word' id='word_1_23' title='bbox 431 539 581 595; x_wconf 86' lang='lat' dir='ltr'><strong>deret</strong></span> <span class='ocrx_word' id='word_1_24' title='bbox 615 537 926 607; x_wconf 82' lang='lat' dir='ltr'><strong>superbiam</strong></span> <span class='ocrx_word' id='word_1_25' title='bbox 956 545 1010 592; x_wconf 89' lang='lat' dir='ltr'><strong>et</strong></span> <span class='ocrx_word' id='word_1_26' title='bbox 1044 537 1446 592; x_wconf 89' lang='lat' dir='ltr'><strong>humiliaretur.</strong></span> 
     </span>
    </p>
   </div>
   <div class='ocr_carea' id='block_1_6' title="bbox 1029 629 1407 699">
    <p class='ocr_par' dir='ltr' id='par_1_6' title="bbox 1029 629 1407 699">
     <span class='ocr_line' id='line_1_6' title="bbox 1029 629 1407 699; baseline 0 -17"><span class='ocrx_word' id='word_1_27' title='bbox 1029 629 1407 699; x_wconf 68' lang='lat' dir='ltr'><strong>Interrogatio.</strong></span> 
     </span>
    </p>
   </div>
   <div class='ocr_carea' id='block_1_7' title="bbox 503 715 2015 790">
    <p class='ocr_par' dir='ltr' id='par_1_7' title="bbox 503 715 2015 790">
     <span class='ocr_line' id='line_1_7' title="bbox 503 715 2015 790; baseline -0.004 -13"><span class='ocrx_word' id='word_1_28' title='bbox 503 722 786 778; x_wconf 79' lang='lat' dir='ltr'><strong>Profectus</strong></span> <span class='ocrx_word' id='word_1_29' title='bbox 829 729 912 776; x_wconf 89' lang='lat' dir='ltr'><strong>est</strong></span> <span class='ocrx_word' id='word_1_30' title='bbox 949 720 1242 790; x_wconf 84' lang='lat' dir='ltr'><strong>aliquando</strong></span> <span class='ocrx_word' id='word_1_31' title='bbox 1297 720 1467 773; x_wconf 80' lang='lat' dir='ltr'>abbas</span> <span class='ocrx_word' id='word_1_32' title='bbox 1503 716 1830 771; x_wconf 84' lang='lat' dir='ltr'><strong>Ammonius</strong></span> <span class='ocrx_word' id='word_1_33' title='bbox 1863 715 2015 786; x_wconf 80' lang='lat' dir='ltr'><strong>virgo</strong></span> 
     </span>
    </p>
   </div>
   <div class='ocr_carea' id='block_1_8' title="bbox 429 796 2012 877">
    <p class='ocr_par' dir='ltr' id='par_1_8' title="bbox 429 796 2012 877">
     <span class='ocr_line' id='line_1_8' title="bbox 429 796 2012 877; baseline -0.005 -7"><span class='ocrx_word' id='word_1_34' title='bbox 429 818 496 870; x_wconf 86' lang='lat' dir='ltr'><strong>ad</strong></span> <span class='ocrx_word' id='word_1_35' title='bbox 533 817 781 868; x_wconf 80' lang='lat' dir='ltr'><strong>abbatem</strong></span> <span class='ocrx_word' id='word_1_36' title='bbox 817 814 1132 877; x_wconf 88' lang='lat' dir='ltr'><strong>Antonium,</strong></span> <span class='ocrx_word' id='word_1_37' title='bbox 1165 823 1219 865; x_wconf 88' lang='lat' dir='ltr'><strong>et</strong></span> <span class='ocrx_word' id='word_1_38' title='bbox 1249 811 1392 865; x_wconf 76' lang='lat' dir='ltr'><strong>dixit</strong></span> <span class='ocrx_word' id='word_1_39' title='bbox 1431 811 1480 865; x_wconf 86' lang='lat' dir='ltr'><strong>ei</strong></span> <span class='ocrx_word' id='word_1_40' title='bbox 1515 796 1734 866; x_wconf 35' lang='lat' dir='ltr'><strong>:lVideo</strong></span> <span class='ocrx_word' id='word_1_41' title='bbox 1784 824 1864 862; x_wconf 90' lang='lat' dir='ltr'><strong>me</strong></span> <span class='ocrx_word' id='word_1_42' title='bbox 1914 809 2012 862; x_wconf 87' lang='lat' dir='ltr'><strong>ha-</strong></span> 
     </span>
    </p>
   </div>
   <div class='ocr_carea' id='block_1_9' title="bbox 429 901 2017 976">
    <p class='ocr_par' dir='ltr' id='par_1_9' title="bbox 429 901 2017 976">
     <span class='ocr_line' id='line_1_9' title="bbox 429 901 2017 976; baseline -0.006 -13"><span class='ocrx_word' id='word_1_43' title='bbox 429 910 545 964; x_wconf 87' lang='lat' dir='ltr'><strong>bere</strong></span> <span class='ocrx_word' id='word_1_44' title='bbox 582 909 736 976; x_wconf 90' lang='lat' dir='ltr'><strong>plura</strong></span> <span class='ocrx_word' id='word_1_45' title='bbox 772 924 949 976; x_wconf 83' lang='lat' dir='ltr'><strong>opera,</strong></span> <span class='ocrx_word' id='word_1_46' title='bbox 990 921 1146 976; x_wconf 87' lang='lat' dir='ltr'><strong>quam</strong></span> <span class='ocrx_word' id='word_1_47' title='bbox 1203 915 1258 957; x_wconf 91' lang='lat' dir='ltr'><strong>tu</strong></span> <span class='ocrx_word' id='word_1_48' title='bbox 1303 904 1494 966; x_wconf 86' lang='lat' dir='ltr'><strong>habes;</strong></span> <span class='ocrx_word' id='word_1_49' title='bbox 1544 901 1802 972; x_wconf 87' lang='lat' dir='ltr'><strong>quomodo</strong></span> <span class='ocrx_word' id='word_1_50' title='bbox 1854 902 2017 970; x_wconf 89' lang='lat' dir='ltr'><strong>igitur</strong></span> 
     </span>
    </p>
   </div>
   <div class='ocr_carea' id='block_1_10' title="bbox 428 992 2014 1070">
    <p class='ocr_par' dir='ltr' id='par_1_10' title="bbox 428 992 2014 1070">
     <span class='ocr_line' id='line_1_10' title="bbox 428 992 2014 1070; baseline -0.006 -15"><span class='ocrx_word' id='word_1_51' title='bbox 428 1001 598 1070; x_wconf 88' lang='lat' dir='ltr'><strong>magis</strong></span> <span class='ocrx_word' id='word_1_52' title='bbox 647 999 946 1068; x_wconf 85' lang='lat' dir='ltr'><strong>evulgatum</strong></span> <span class='ocrx_word' id='word_1_53' title='bbox 999 1007 1073 1051; x_wconf 87' lang='lat' dir='ltr'><strong>est</strong></span> <span class='ocrx_word' id='word_1_54' title='bbox 1132 1012 1316 1049; x_wconf 84' lang='lat' dir='ltr'><strong>nomen</strong></span> <span class='ocrx_word' id='word_1_55' title='bbox 1380 1005 1530 1048; x_wconf 85' lang='lat' dir='ltr'><strong>tuum</strong></span> <span class='ocrx_word' id='word_1_56' title='bbox 1587 993 1722 1044; x_wconf 86' lang='lat' dir='ltr'><strong>inter</strong></span> <span class='ocrx_word' id='word_1_57' title='bbox 1758 992 2014 1056; x_wconf 79' lang='lat' dir='ltr'><strong>homines,</strong></span> 
     </span>
    </p>
   </div>
   <div class='ocr_carea' id='block_1_11' title="bbox 428 1083 2014 1162">
    <p class='ocr_par' dir='ltr' id='par_1_11' title="bbox 428 1083 2014 1162">
     <span class='ocr_line' id='line_1_11' title="bbox 428 1083 2014 1162; baseline -0.004 -18"><span class='ocrx_word' id='word_1_58' title='bbox 428 1109 587 1162; x_wconf 88' lang='lat' dir='ltr'><strong>quam</strong></span> <span class='ocrx_word' id='word_1_59' title='bbox 634 1107 804 1144; x_wconf 87' lang='lat' dir='ltr'><strong>meum</strong></span> <span class='ocrx_word' id='word_1_60' title='bbox 829 1091 852 1143; x_wconf 87' lang='lat'><strong><em>?</em></strong></span> <span class='ocrx_word' id='word_1_61' title='bbox 880 1088 1182 1158; x_wconf 84' lang='lat' dir='ltr'><strong>Respondit</strong></span> <span class='ocrx_word' id='word_1_62' title='bbox 1222 1087 1295 1140; x_wconf 89' lang='lat' dir='ltr'><strong>illi</strong></span> <span class='ocrx_word' id='word_1_63' title='bbox 1325 1085 1592 1139; x_wconf 73' lang='lat' dir='ltr'><strong>Antonius</strong></span> <span class='ocrx_word' id='word_1_64' title='bbox 1624 1099 1638 1134; x_wconf 86' lang='lat'><strong>:</strong></span> <span class='ocrx_word' id='word_1_65' title='bbox 1670 1084 1809 1148; x_wconf 83' lang='lat' dir='ltr'><strong>Quin</strong></span> <span class='ocrx_word' id='word_1_66' title='bbox 1851 1083 2014 1152; x_wconf 83' lang='lat' dir='ltr'><strong>diligo</strong></span> 
     </span>
    </p>
   </div>
   <div class='ocr_carea' id='block_1_12' title="bbox 429 1174 2016 1253">
    <p class='ocr_par' dir='ltr' id='par_1_12' title="bbox 429 1174 2016 1253">
     <span class='ocr_line' id='line_1_12' title="bbox 429 1174 2016 1253; baseline -0.007 -13"><span class='ocrx_word' id='word_1_67' title='bbox 429 1185 620 1248; x_wconf 83' lang='lat' dir='ltr'><strong>Deum,</strong></span> <span class='ocrx_word' id='word_1_68' title='bbox 659 1182 776 1253; x_wconf 83' lang='lat' dir='ltr'><strong>plus</strong></span> <span class='ocrx_word' id='word_1_69' title='bbox 802 1199 956 1251; x_wconf 83' lang='lat' dir='ltr'><strong>quant</strong></span> <span class='ocrx_word' id='word_1_70' title='bbox 985 1191 1061 1234; x_wconf 87' lang='lat' dir='ltr'><strong>tu.</strong></span> <span class='ocrx_word' id='word_1_71' title='bbox 1094 1179 1376 1246; x_wconf 83' lang='lat' dir='ltr'><strong>Quodnam</strong></span> <span class='ocrx_word' id='word_1_72' title='bbox 1410 1186 1496 1232; x_wconf 88' lang='lat' dir='ltr'><strong>est</strong></span> <span class='ocrx_word' id='word_1_73' title='bbox 1536 1174 1662 1230; x_wconf 84' lang='lat' dir='ltr'><strong>dicti</strong></span> <span class='ocrx_word' id='word_1_74' title='bbox 1699 1174 1857 1245; x_wconf 84' lang='lat' dir='ltr'><strong>hujus</strong></span> <span class='ocrx_word' id='word_1_75' title='bbox 1889 1190 2016 1245; x_wconf 81' lang='lat' dir='ltr'><strong>pro-</strong></span> 
     </span>
    </p>
   </div>
   <div class='ocr_carea' id='block_1_13' title="bbox 428 1275 704 1351">
    <p class='ocr_par' dir='ltr' id='par_1_13' title="bbox 428 1275 704 1351">
     <span class='ocr_line' id='line_1_13' title="bbox 428 1275 704 1351; baseline -0.014 -16"><span class='ocrx_word' id='word_1_76' title='bbox 428 1275 704 1351; x_wconf 81' lang='lat' dir='ltr'><strong>positum?</strong></span> 
     </span>
    </p>
   </div>
   <div class='ocr_carea' id='block_1_14' title="bbox 1066 1367 1373 1437">
    <p class='ocr_par' dir='ltr' id='par_1_14' title="bbox 1066 1367 1373 1437">
     <span class='ocr_line' id='line_1_14' title="bbox 1066 1367 1373 1437; baseline 0.003 -16"><span class='ocrx_word' id='word_1_77' title='bbox 1066 1367 1373 1437; x_wconf 83' lang='lat' dir='ltr'><strong>Responsio.</strong></span> 
     </span>
    </p>
   </div>
   <div class='ocr_carea' id='block_1_15' title="bbox 504 1457 2016 1531">
    <p class='ocr_par' dir='ltr' id='par_1_15' title="bbox 504 1457 2016 1531">
     <span class='ocr_line' id='line_1_15' title="bbox 504 1457 2016 1531; baseline -0.006 -7"><span class='ocrx_word' id='word_1_78' title='bbox 504 1468 616 1524; x_wconf 86' lang='lat' dir='ltr'><strong>Nec</strong></span> <span class='ocrx_word' id='word_1_79' title='bbox 655 1466 822 1521; x_wconf 83' lang='lat' dir='ltr'><strong>abbas</strong></span> <span class='ocrx_word' id='word_1_80' title='bbox 851 1462 1173 1519; x_wconf 77' lang='lat' dir='ltr'><strong>Ammonius</strong></span> <span class='ocrx_word' id='word_1_81' title='bbox 1202 1463 1315 1516; x_wconf 86' lang='lat' dir='ltr'><strong>suis</strong></span> <span class='ocrx_word' id='word_1_82' title='bbox 1354 1459 1619 1531; x_wconf 82' lang='lat' dir='ltr'><strong>gloriatus</strong></span> <span class='ocrx_word' id='word_1_83' title='bbox 1655 1467 1738 1514; x_wconf 87' lang='lat' dir='ltr'><strong>est</strong></span> <span class='ocrx_word' id='word_1_84' title='bbox 1776 1457 2016 1529; x_wconf 84' lang='lat' dir='ltr'><strong>profecto</strong></span> 
     </span>
    </p>
   </div>
   <div class='ocr_carea' id='block_1_16' title="bbox 429 1551 2016 1632">
    <p class='ocr_par' dir='ltr' id='par_1_16' title="bbox 429 1551 2016 1632">
     <span class='ocr_line' id='line_1_16' title="bbox 429 1551 2016 1632; baseline -0.007 -16"><span class='ocrx_word' id='word_1_85' title='bbox 429 1562 708 1632; x_wconf 81' lang='lat' dir='ltr'><strong>Operibus,</strong></span> <span class='ocrx_word' id='word_1_86' title='bbox 760 1572 859 1613; x_wconf 88' lang='lat' dir='ltr'><strong>nec</strong></span> <span class='ocrx_word' id='word_1_87' title='bbox 909 1573 1005 1611; x_wconf 89' lang='lat' dir='ltr'><strong>sua</strong></span> <span class='ocrx_word' id='word_1_88' title='bbox 1047 1555 1218 1610; x_wconf 85' lang='lat' dir='ltr'><strong>abbas</strong></span> <span class='ocrx_word' id='word_1_89' title='bbox 1261 1555 1531 1610; x_wconf 90' lang='lat' dir='ltr'><strong>Antonius</strong></span> <span class='ocrx_word' id='word_1_90' title='bbox 1579 1553 1890 1616; x_wconf 87' lang='lat' dir='ltr'><strong>dilectione,</strong></span> <span class='ocrx_word' id='word_1_91' title='bbox 1923 1551 2016 1607; x_wconf 90' lang='lat' dir='ltr'><strong>sed</strong></span> 
     </span>
    </p>
   </div>
   <div class='ocr_carea' id='block_1_17' title="bbox 2116 527 3742 600">
    <p class='ocr_par' dir='ltr' id='par_1_17' title="bbox 2116 527 3742 600">
     <span class='ocr_line' id='line_1_17' title="bbox 2116 527 3742 600; baseline -0.002 -16"><span class='ocrx_word' id='word_1_92' title='bbox 2116 547 2296 584; x_wconf 84' lang='lat' dir='ltr'><strong>sumus</strong></span> <span class='ocrx_word' id='word_1_93' title='bbox 2329 529 2489 583; x_wconf 81' lang='lat' dir='ltr'><strong>velati</strong></span> <span class='ocrx_word' id='word_1_94' title='bbox 2509 529 2923 597; x_wconf 86' lang='lat' dir='ltr'><strong>dispensatione,</strong></span> <span class='ocrx_word' id='word_1_95' title='bbox 2945 529 3069 600; x_wconf 87' lang='lat' dir='ltr'><strong>quia</strong></span> <span class='ocrx_word' id='word_1_96' title='bbox 3091 528 3245 582; x_wconf 89' lang='lat' dir='ltr'><strong>initio</strong></span> <span class='ocrx_word' id='word_1_97' title='bbox 3296 544 3596 595; x_wconf 70' lang='lat' dir='ltr'><strong>operantur</strong></span> <span class='ocrx_word' id='word_1_98' title='bbox 3627 527 3742 580; x_wconf 79' lang='lat' dir='ltr'><strong>bo-</strong></span> 
     </span>
    </p>
   </div>
   <div class='ocr_carea' id='block_1_18' title="bbox 2116 619 3746 690">
    <p class='ocr_par' dir='ltr' id='par_1_18' title="bbox 2116 619 3746 690">
     <span class='ocr_line' id='line_1_18' title="bbox 2116 619 3746 690; baseline -0.002 -16"><span class='ocrx_word' id='word_1_99' title='bbox 2116 636 2241 674; x_wconf 87' lang='lat' dir='ltr'><strong>num</strong></span> <span class='ocrx_word' id='word_1_100' title='bbox 2273 619 2413 690; x_wconf 83' lang='lat' dir='ltr'><strong>quod</strong></span> <span class='ocrx_word' id='word_1_101' title='bbox 2460 635 2566 674; x_wconf 86' lang='lat' dir='ltr'><strong>non</strong></span> <span class='ocrx_word' id='word_1_102' title='bbox 2601 619 2852 686; x_wconf 81' lang='lat' dir='ltr'><strong>videmus,</strong></span> <span class='ocrx_word' id='word_1_103' title='bbox 2891 636 2954 674; x_wconf 89' lang='lat' dir='ltr'><strong>ne</strong></span> <span class='ocrx_word' id='word_1_104' title='bbox 2988 620 3163 674; x_wconf 81' lang='lat' dir='ltr'><strong>beatos</strong></span> <span class='ocrx_word' id='word_1_105' title='bbox 3198 636 3296 674; x_wconf 87' lang='lat' dir='ltr'><strong>nos</strong></span> <span class='ocrx_word' id='word_1_106' title='bbox 3339 620 3489 688; x_wconf 86' lang='lat' dir='ltr'><strong>ipsos</strong></span> <span class='ocrx_word' id='word_1_107' title='bbox 3517 619 3746 672; x_wconf 63' lang='lat' dir='ltr'><strong>habet.</strong></span> 
     </span>
    </p>
   </div>
   <div class='ocr_carea' id='block_1_19' title="bbox 2115 712 3742 781">
    <p class='ocr_par' dir='ltr' id='par_1_19' title="bbox 2115 712 3742 781">
     <span class='ocr_line' id='line_1_19' title="bbox 2115 712 3742 781; baseline 0 -17"><span class='ocrx_word' id='word_1_108' title='bbox 2115 728 2252 778; x_wconf 88' lang='lat' dir='ltr'><strong>mus,</strong></span> <span class='ocrx_word' id='word_1_109' title='bbox 2277 722 2588 780; x_wconf 87' lang='lat' dir='ltr'><strong>pereantque</strong></span> <span class='ocrx_word' id='word_1_110' title='bbox 2618 721 2894 780; x_wconf 88' lang='lat' dir='ltr'><strong>prapterea</strong></span> <span class='ocrx_word' id='word_1_111' title='bbox 2923 728 3081 781; x_wconf 83' lang='lat' dir='ltr'><strong>opera</strong></span> <span class='ocrx_word' id='word_1_112' title='bbox 3105 723 3319 776; x_wconf 89' lang='lat' dir='ltr'><strong>nostra;</strong></span> <span class='ocrx_word' id='word_1_113' title='bbox 3354 712 3588 780; x_wconf 76' lang='lat' dir='ltr'><strong>ideoque</strong></span> <span class='ocrx_word' id='word_1_114' title='bbox 3613 713 3742 764; x_wconf 79' lang='lat' dir='ltr'><strong>ali-</strong></span> 
     </span>
    </p>
   </div>
   <div class='ocr_carea' id='block_1_20' title="bbox 2115 801 3737 874">
    <p class='ocr_par' dir='ltr' id='par_1_20' title="bbox 2115 801 3737 874">
     <span class='ocr_line' id='line_1_20' title="bbox 2115 801 3737 874; baseline -0.003 -17"><span class='ocrx_word' id='word_1_115' title='bbox 2115 804 2326 874; x_wconf 72' lang='lat' dir='ltr'><strong>quando</strong></span> <span class='ocrx_word' id='word_1_116' title='bbox 2355 805 2410 858; x_wconf 92' lang='lat' dir='ltr'><strong>in</strong></span> <span class='ocrx_word' id='word_1_117' title='bbox 2446 804 2690 858; x_wconf 86' lang='lat' dir='ltr'><strong>sordidas</strong></span> <span class='ocrx_word' id='word_1_118' title='bbox 2718 803 3004 857; x_wconf 82' lang='lat' dir='ltr'><strong>incidimus</strong></span> <span class='ocrx_word' id='word_1_119' title='bbox 3035 803 3381 871; x_wconf 79' lang='lat' dir='ltr'><strong>cogitationes</strong></span> <span class='ocrx_word' id='word_1_120' title='bbox 3413 801 3622 864; x_wconf 80' lang='lat' dir='ltr'><strong>solum,</strong></span> <span class='ocrx_word' id='word_1_121' title='bbox 3656 809 3737 853; x_wconf 75' lang='grc' dir='ltr'><strong>ιε</strong></span> 
     </span>
    </p>
   </div>
   <div class='ocr_carea' id='block_1_21' title="bbox 2115 889 3736 963">
    <p class='ocr_par' dir='ltr' id='par_1_21' title="bbox 2115 889 3736 963">
     <span class='ocr_line' id='line_1_21' title="bbox 2115 889 3736 963; baseline -0.002 -16"><span class='ocrx_word' id='word_1_122' title='bbox 2115 909 2204 947; x_wconf 84' lang='lat' dir='ltr'><strong>ens</strong></span> <span class='ocrx_word' id='word_1_123' title='bbox 2235 894 2464 947; x_wconf 83' lang='lat' dir='ltr'><strong>videntes</strong></span> <span class='ocrx_word' id='word_1_124' title='bbox 2501 903 2698 947; x_wconf 84' lang='lat' dir='ltr'><strong>nosmet</strong></span> <span class='ocrx_word' id='word_1_125' title='bbox 2724 893 2864 963; x_wconf 89' lang='lat' dir='ltr'><strong>ipsos</strong></span> <span class='ocrx_word' id='word_1_126' title='bbox 2914 892 3376 961; x_wconf 80' lang='lat' dir='ltr'><strong>reprehendamus.</strong></span> <span class='ocrx_word' id='word_1_127' title='bbox 3403 889 3514 944; x_wconf 70' lang='lat' dir='ltr'><strong>Ha:</strong></span> <span class='ocrx_word' id='word_1_128' title='bbox 3534 901 3736 944; x_wconf 68' lang='lat' dir='ltr'><strong>auten:</strong></span> 
     </span>
    </p>
   </div>
   <div class='ocr_carea' id='block_1_22' title="bbox 2115 986 3734 1057">
    <p class='ocr_par' dir='ltr' id='par_1_22' title="bbox 2115 986 3734 1057">
     <span class='ocr_line' id='line_1_22' title="bbox 2115 986 3734 1057; baseline -0.004 -17"><span class='ocrx_word' id='word_1_129' title='bbox 2115 989 2345 1042; x_wconf 72' lang='lat' dir='ltr'><strong>sordidae</strong></span> <span class='ocrx_word' id='word_1_130' title='bbox 2392 988 2760 1057; x_wconf 83' lang='lat' dir='ltr'><strong>cogitationes,</strong></span> <span class='ocrx_word' id='word_1_131' title='bbox 2817 987 3024 1042; x_wconf 85' lang='lat' dir='ltr'><strong>modici</strong></span> <span class='ocrx_word' id='word_1_132' title='bbox 3070 987 3191 1041; x_wconf 86' lang='lat' dir='ltr'><strong>boni</strong></span> <span class='ocrx_word' id='word_1_133' title='bbox 3233 986 3376 1056; x_wconf 85' lang='lat' dir='ltr'><strong>quod</strong></span> <span class='ocrx_word' id='word_1_134' title='bbox 3418 1001 3734 1053; x_wconf 66' lang='lat' dir='ltr'><strong>operantur</strong></span> 
     </span>
    </p>
   </div>
   <div class='ocr_carea' id='block_1_23' title="bbox 2116 1076 3730 1148">
    <p class='ocr_par' dir='ltr' id='par_1_23' title="bbox 2116 1076 3730 1148">
     <span class='ocr_line' id='line_1_23' title="bbox 2116 1076 3730 1148; baseline -0.002 -19"><span class='ocrx_word' id='word_1_135' title='bbox 2116 1087 2237 1130; x_wconf 87' lang='lat' dir='ltr'><strong>sunt</strong></span> <span class='ocrx_word' id='word_1_136' title='bbox 2281 1077 2646 1130; x_wconf 81' lang='lat' dir='ltr'><strong>uelamentum.</strong></span> <span class='ocrx_word' id='word_1_137' title='bbox 2688 1077 2963 1148; x_wconf 85' lang='lat' dir='ltr'><strong>Siquidem</strong></span> <span class='ocrx_word' id='word_1_138' title='bbox 3016 1078 3169 1131; x_wconf 87' lang='lat' dir='ltr'><strong>homo</strong></span> <span class='ocrx_word' id='word_1_139' title='bbox 3227 1078 3318 1146; x_wconf 89' lang='lat' dir='ltr'><strong>qui</strong></span> <span class='ocrx_word' id='word_1_140' title='bbox 3370 1076 3730 1142; x_wconf 67' lang='lat' dir='ltr'><strong>semetipsum</strong></span> 
     </span>
    </p>
   </div>
   <div class='ocr_carea' id='block_1_24' title="bbox 2117 1167 3724 1240">
    <p class='ocr_par' dir='ltr' id='par_1_24' title="bbox 2117 1167 3724 1240">
     <span class='ocr_line' id='line_1_24' title="bbox 2117 1167 3724 1240; baseline -0.004 -18"><span class='ocrx_word' id='word_1_141' title='bbox 2117 1170 2472 1238; x_wconf 79' lang='lat' dir='ltr'><strong>reprehendit,</strong></span> <span class='ocrx_word' id='word_1_142' title='bbox 2526 1187 2675 1224; x_wconf 84' lang='lat' dir='ltr'><strong>suam</strong></span> <span class='ocrx_word' id='word_1_143' title='bbox 2733 1171 3026 1225; x_wconf 83' lang='lat' dir='ltr'><strong>mercedem</strong></span> <span class='ocrx_word' id='word_1_144' title='bbox 3079 1185 3417 1240; x_wconf 86' lang='lat' dir='ltr'><strong>nequaquam</strong></span> <span class='ocrx_word' id='word_1_145' title='bbox 3482 1167 3724 1221; x_wconf 70' lang='lat' dir='ltr'><strong>amittit.</strong></span> 
     </span>
    </p>
   </div>
   <div class='ocr_carea' id='block_1_25' title="bbox 2119 1260 3416 1333">
    <p class='ocr_par' dir='ltr' id='par_1_25' title="bbox 2119 1260 3416 1333">
     <span class='ocr_line' id='line_1_25' title="bbox 2119 1260 3416 1333; baseline 0 -19"><span class='ocrx_word' id='word_1_146' title='bbox 2119 1261 2342 1331; x_wconf 80' lang='lat' dir='ltr'><strong>Expone</strong></span> <span class='ocrx_word' id='word_1_147' title='bbox 2369 1263 2523 1318; x_wconf 89' lang='lat' dir='ltr'><strong>nobis</strong></span> <span class='ocrx_word' id='word_1_148' title='bbox 2562 1262 2694 1333; x_wconf 88' lang='lat' dir='ltr'><strong>quid</strong></span> <span class='ocrx_word' id='word_1_149' title='bbox 2723 1263 2859 1318; x_wconf 90' lang='lat' dir='ltr'><strong>lucri</strong></span> <span class='ocrx_word' id='word_1_150' title='bbox 2890 1272 2979 1319; x_wconf 88' lang='lat' dir='ltr'><strong>est</strong></span> <span class='ocrx_word' id='word_1_151' title='bbox 3007 1263 3063 1317; x_wconf 91' lang='lat' dir='ltr'><strong>in</strong></span> <span class='ocrx_word' id='word_1_152' title='bbox 3093 1264 3196 1320; x_wconf 89' lang='lat' dir='ltr'><strong>hoc</strong></span> <span class='ocrx_word' id='word_1_153' title='bbox 3220 1262 3367 1318; x_wconf 89' lang='lat' dir='ltr'><strong>dicto</strong></span> <span class='ocrx_word' id='word_1_154' title='bbox 3390 1260 3416 1314; x_wconf 68' lang='grc' dir='ltr'><em>ἲ</em></span> 
     </span>
    </p>
   </div>
   <div class='ocr_carea' id='block_1_26' title="bbox 2753 1355 3060 1426">
    <p class='ocr_par' dir='ltr' id='par_1_26' title="bbox 2753 1355 3060 1426">
     <span class='ocr_line' id='line_1_26' title="bbox 2753 1355 3060 1426; baseline 0.007 -17"><span class='ocrx_word' id='word_1_155' title='bbox 2753 1355 3060 1426; x_wconf 83' lang='lat' dir='ltr'><strong>Responsio.</strong></span> 
     </span>
    </p>
   </div>
   <div class='ocr_carea' id='block_1_27' title="bbox 2186 1445 3726 1520">
    <p class='ocr_par' dir='ltr' id='par_1_27' title="bbox 2186 1445 3726 1520">
     <span class='ocr_line' id='line_1_27' title="bbox 2186 1445 3726 1520; baseline 0.001 -20"><span class='ocrx_word' id='word_1_156' title='bbox 2186 1445 2242 1504; x_wconf 88' lang='lat' dir='ltr'><strong>Id</strong></span> <span class='ocrx_word' id='word_1_157' title='bbox 2275 1458 2496 1518; x_wconf 84' lang='lat' dir='ltr'><strong>pmpter</strong></span> <span class='ocrx_word' id='word_1_158' title='bbox 2531 1465 2637 1505; x_wconf 90' lang='lat' dir='ltr'><strong>non</strong></span> <span class='ocrx_word' id='word_1_159' title='bbox 2669 1458 2952 1504; x_wconf 85' lang='lat' dir='ltr'><strong>merentur</strong></span> <span class='ocrx_word' id='word_1_160' title='bbox 2979 1463 3170 1520; x_wconf 87' lang='lat' dir='ltr'><strong>omnes</strong></span> <span class='ocrx_word' id='word_1_161' title='bbox 3202 1447 3375 1504; x_wconf 86' lang='lat' dir='ltr'><strong>sancti</strong></span> <span class='ocrx_word' id='word_1_162' title='bbox 3400 1446 3596 1503; x_wconf 77' lang='lat' dir='ltr'><strong>videre</strong></span> <span class='ocrx_word' id='word_1_163' title='bbox 3622 1445 3726 1501; x_wconf 82' lang='lat' dir='ltr'><strong>vi-</strong></span> 
     </span>
    </p>
   </div>
   <div class='ocr_carea' id='block_1_28' title="bbox 2117 1542 3726 1614">
    <p class='ocr_par' dir='ltr' id='par_1_28' title="bbox 2117 1542 3726 1614">
     <span class='ocr_line' id='line_1_28' title="bbox 2117 1542 3726 1614; baseline -0.002 -16"><span class='ocrx_word' id='word_1_164' title='bbox 2117 1542 2332 1610; x_wconf 88' lang='lat' dir='ltr'><strong>siones;</strong></span> <span class='ocrx_word' id='word_1_165' title='bbox 2384 1558 2562 1614; x_wconf 84' lang='lat' dir='ltr'><strong>neque</strong></span> <span class='ocrx_word' id='word_1_166' title='bbox 2610 1545 2754 1614; x_wconf 86' lang='lat' dir='ltr'><strong>quod</strong></span> <span class='ocrx_word' id='word_1_167' title='bbox 2806 1553 3102 1614; x_wconf 85' lang='lat' dir='ltr'><strong>operantur</strong></span> <span class='ocrx_word' id='word_1_168' title='bbox 3147 1544 3370 1608; x_wconf 86' lang='lat' dir='ltr'><strong>bonum,</strong></span> <span class='ocrx_word' id='word_1_169' title='bbox 3402 1552 3458 1599; x_wconf 84' lang='lat' dir='ltr'><strong>et</strong></span> <span class='ocrx_word' id='word_1_170' title='bbox 3487 1550 3726 1612; x_wconf 77' lang='lat' dir='ltr'><strong>paratas</strong></span> 
     </span>
    </p>
   </div>
   <div class='ocr_carea' id='block_1_29' title="bbox 430 1635 3727 1717">
    <p class='ocr_par' dir='ltr' id='par_1_29' title="bbox 430 1635 3727 1717">
     <span class='ocr_line' id='line_1_29' title="bbox 430 1635 3727 1717; baseline -0.006 -9"><span class='ocrx_word' id='word_1_171' title='bbox 430 1669 620 1708; x_wconf 88' lang='lat' dir='ltr'><strong>eorum</strong></span> <span class='ocrx_word' id='word_1_172' title='bbox 687 1650 818 1705; x_wconf 89' lang='lat' dir='ltr'><strong>dicti</strong></span> <span class='ocrx_word' id='word_1_173' title='bbox 883 1647 935 1702; x_wconf 93' lang='lat' dir='ltr'><strong>id</strong></span> <span class='ocrx_word' id='word_1_174' title='bbox 988 1647 1321 1717; x_wconf 90' lang='lat' dir='ltr'><strong>pr0positum</strong></span> <span class='ocrx_word' id='word_1_175' title='bbox 1363 1646 1489 1700; x_wconf 84' lang='lat' dir='ltr'><strong>fuit.</strong></span> <span class='ocrx_word' id='word_1_176' title='bbox 1518 1645 1650 1701; x_wconf 85' lang='lat' dir='ltr'><strong>Cum</strong></span> <span class='ocrx_word' id='word_1_177' title='bbox 1702 1644 1875 1699; x_wconf 89' lang='lat' dir='ltr'><strong>sancti</strong></span> <span class='ocrx_word' id='word_1_178' title='bbox 1931 1643 2016 1698; x_wconf 85' lang='lat' dir='ltr'><strong>isti</strong></span> <span class='ocrx_word' id='word_1_179' title='bbox 2115 1636 2510 1705; x_wconf 87' lang='lat' dir='ltr'><strong>promissiones</strong></span> <span class='ocrx_word' id='word_1_180' title='bbox 2542 1636 2731 1692; x_wconf 90' lang='lat' dir='ltr'><strong>vident</strong></span> <span class='ocrx_word' id='word_1_181' title='bbox 2773 1637 3152 1707; x_wconf 79' lang='lat' dir='ltr'><strong>Spiritualiter,</strong></span> <span class='ocrx_word' id='word_1_182' title='bbox 3191 1636 3296 1692; x_wconf 88' lang='lat' dir='ltr'><strong>etsi</strong></span> <span class='ocrx_word' id='word_1_183' title='bbox 3345 1635 3610 1704; x_wconf 86' lang='lat' dir='ltr'><strong>operibus</strong></span> <span class='ocrx_word' id='word_1_184' title='bbox 3650 1642 3727 1687; x_wconf 73' lang='lat' dir='ltr'><strong>et</strong></span> 
     </span>
    </p>
   </div>
   <div class='ocr_carea' id='block_1_30' title="bbox 429 1738 2015 1814">
    <p class='ocr_par' dir='ltr' id='par_1_30' title="bbox 429 1738 2015 1814">
     <span class='ocr_line' id='line_1_30' title="bbox 429 1738 2015 1814; baseline -0.007 -15"><span class='ocrx_word' id='word_1_185' title='bbox 429 1745 592 1814; x_wconf 89' lang='lat' dir='ltr'><strong>primi</strong></span> <span class='ocrx_word' id='word_1_186' title='bbox 640 1743 842 1797; x_wconf 82' lang='lat' dir='ltr'><strong>fuerint</strong></span> <span class='ocrx_word' id='word_1_187' title='bbox 870 1741 1209 1794; x_wconf 87' lang='lat' dir='ltr'><strong>institutores</strong></span> <span class='ocrx_word' id='word_1_188' title='bbox 1244 1738 1520 1808; x_wconf 80' lang='lat' dir='ltr'><strong>regiminis</strong></span> <span class='ocrx_word' id='word_1_189' title='bbox 1570 1738 1925 1791; x_wconf 86' lang='lat' dir='ltr'><strong>monachatus</strong></span> <span class='ocrx_word' id='word_1_190' title='bbox 1960 1743 2015 1789; x_wconf 88' lang='lat' dir='ltr'><strong>et</strong></span> 
     </span>
    </p>
   </div>
   <div class='ocr_carea' id='block_1_31' title="bbox 2117 1723 3720 1802">
    <p class='ocr_par' dir='ltr' id='par_1_31' title="bbox 2117 1723 3720 1802">
     <span class='ocr_line' id='line_1_31' title="bbox 2117 1723 3720 1802; baseline -0.001 -23"><span class='ocrx_word' id='word_1_191' title='bbox 2117 1726 2409 1782; x_wconf 82' lang='lat' dir='ltr'><strong>virtutibus</strong></span> <span class='ocrx_word' id='word_1_192' title='bbox 2458 1727 2567 1802; x_wconf 83' lang='lat' dir='ltr'><strong>sint</strong></span> <span class='ocrx_word' id='word_1_193' title='bbox 2619 1728 3064 1784; x_wconf 89' lang='lat' dir='ltr'><strong>cumulatissimi.</strong></span> <span class='ocrx_word' id='word_1_194' title='bbox 3103 1726 3170 1782; x_wconf 87' lang='lat' dir='ltr'><strong>Et</strong></span> <span class='ocrx_word' id='word_1_195' title='bbox 3208 1741 3342 1782; x_wconf 86' lang='lat' dir='ltr'><strong>sane</strong></span> <span class='ocrx_word' id='word_1_196' title='bbox 3392 1741 3505 1780; x_wconf 87' lang='lat' dir='ltr'><strong>non</strong></span> <span class='ocrx_word' id='word_1_197' title='bbox 3558 1723 3720 1794; x_wconf 78' lang='lat' dir='ltr'><strong>quod</strong></span> 
     </span>
    </p>
   </div>
   <div class='ocr_carea' id='block_1_32' title="bbox 431 1809 2022 1901">
    <p class='ocr_par' dir='ltr' id='par_1_32' title="bbox 431 1829 2019 1901">
     <span class='ocr_line' id='line_1_32' title="bbox 431 1829 2019 1901; baseline -0.008 -8"><span class='ocrx_word' id='word_1_198' title='bbox 431 1839 700 1894; x_wconf 85' lang='lat' dir='ltr'><strong>incolatus</strong></span> <span class='ocrx_word' id='word_1_199' title='bbox 745 1834 1070 1900; x_wconf 86' lang='lat' dir='ltr'><strong>solitudinis,</strong></span> <span class='ocrx_word' id='word_1_200' title='bbox 1099 1832 1163 1885; x_wconf 91' lang='lat' dir='ltr'><strong>ad</strong></span> <span class='ocrx_word' id='word_1_201' title='bbox 1201 1831 1430 1885; x_wconf 89' lang='lat' dir='ltr'><strong>invicem</strong></span> <span class='ocrx_word' id='word_1_202' title='bbox 1485 1831 1798 1901; x_wconf 87' lang='lat' dir='ltr'><strong>perquirere</strong></span> <span class='ocrx_word' id='word_1_203' title='bbox 1847 1829 2019 1882; x_wconf 89' lang='lat' dir='ltr'><strong>inten-</strong></span> 
     </span>
    </p>
   </div>
   <div class='ocr_carea' id='block_1_33' title="bbox 2133 1809 3720 1901">
    <p class='ocr_par' dir='ltr' id='par_1_33' title="bbox 2133 1813 3720 1887">
     <span class='ocr_line' id='line_1_33' title="bbox 2133 1813 3720 1887; baseline -0.003 -15"><span class='ocrx_word' id='word_1_204' title='bbox 2133 1819 2268 1874; x_wconf 76' lang='lat' dir='ltr'><strong>Dws</strong></span> <span class='ocrx_word' id='word_1_205' title='bbox 2300 1833 2490 1874; x_wconf 88' lang='lat' dir='ltr'><strong>eorum</strong></span> <span class='ocrx_word' id='word_1_206' title='bbox 2519 1835 2626 1875; x_wconf 91' lang='lat' dir='ltr'><strong>non</strong></span> <span class='ocrx_word' id='word_1_207' title='bbox 2658 1819 2872 1874; x_wconf 72' lang='lat' dir='ltr'><strong>laetetur</strong></span> <span class='ocrx_word' id='word_1_208' title='bbox 2900 1818 3222 1884; x_wconf 77' lang='lat' dir='ltr'><strong>virtutibus,</strong></span> <span class='ocrx_word' id='word_1_209' title='bbox 3255 1825 3310 1873; x_wconf 88' lang='lat' dir='ltr'><strong>et</strong></span> <span class='ocrx_word' id='word_1_210' title='bbox 3337 1814 3604 1887; x_wconf 83' lang='lat' dir='ltr'><strong>operibus</strong></span> <span class='ocrx_word' id='word_1_211' title='bbox 3629 1813 3720 1869; x_wconf 78' lang='lat' dir='ltr'><strong>si-</strong></span> 
     </span>
    </p>
   </div>
   <div class='ocr_carea' id='block_1_34' title="bbox 431 1921 2017 1993">
    <p class='ocr_par' dir='ltr' id='par_1_34' title="bbox 431 1921 2017 1993">
     <span class='ocr_line' id='line_1_34' title="bbox 431 1921 2017 1993; baseline -0.007 -10"><span class='ocrx_word' id='word_1_212' title='bbox 431 1929 650 1993; x_wconf 87' lang='lat' dir='ltr'><strong>debant,</strong></span> <span class='ocrx_word' id='word_1_213' title='bbox 679 1936 734 1982; x_wconf 91' lang='lat' dir='ltr'><strong>et</strong></span> <span class='ocrx_word' id='word_1_214' title='bbox 757 1927 864 1982; x_wconf 94' lang='lat' dir='ltr'><strong>hoc</strong></span> <span class='ocrx_word' id='word_1_215' title='bbox 889 1926 1143 1980; x_wconf 90' lang='lat' dir='ltr'><strong>omnibus</strong></span> <span class='ocrx_word' id='word_1_216' title='bbox 1169 1923 1382 1992; x_wconf 88' lang='lat' dir='ltr'><strong>aperire</strong></span> <span class='ocrx_word' id='word_1_217' title='bbox 1416 1921 1700 1976; x_wconf 88' lang='lat' dir='ltr'><strong>monachis</strong></span> <span class='ocrx_word' id='word_1_218' title='bbox 1725 1923 2017 1975; x_wconf 88' lang='lat' dir='ltr'><strong>documen-</strong></span> 
     </span>
    </p>
   </div>
   <div class='ocr_carea' id='block_1_35' title="bbox 434 2011 2019 2089">
    <p class='ocr_par' dir='ltr' id='par_1_35' title="bbox 434 2011 2019 2089">
     <span class='ocr_line' id='line_1_35' title="bbox 434 2011 2019 2089; baseline -0.006 -14"><span class='ocrx_word' id='word_1_219' title='bbox 434 2029 570 2087; x_wconf 91' lang='lat' dir='ltr'><strong>tum,</strong></span> <span class='ocrx_word' id='word_1_220' title='bbox 608 2019 751 2089; x_wconf 90' lang='lat' dir='ltr'><strong>quod</strong></span> <span class='ocrx_word' id='word_1_221' title='bbox 791 2016 1000 2074; x_wconf 88' lang='lat' dir='ltr'><strong>scilicet</strong></span> <span class='ocrx_word' id='word_1_222' title='bbox 1040 2017 1283 2086; x_wconf 81' lang='lat' dir='ltr'><strong>regimen</strong></span> <span class='ocrx_word' id='word_1_223' title='bbox 1326 2013 1637 2068; x_wconf 87' lang='lat' dir='ltr'><strong>intellectus</strong></span> <span class='ocrx_word' id='word_1_224' title='bbox 1667 2011 2019 2082; x_wconf 72' lang='lat' dir='ltr'><strong>pra-stantius</strong></span> 
     </span>
    </p>
   </div>
   <div class='ocr_carea' id='block_1_36' title="bbox 431 2104 2017 2181">
    <p class='ocr_par' dir='ltr' id='par_1_36' title="bbox 431 2104 2017 2181">
     <span class='ocr_line' id='line_1_36' title="bbox 431 2104 2017 2181; baseline -0.007 -14"><span class='ocrx_word' id='word_1_225' title='bbox 431 2112 505 2168; x_wconf 91' lang='lat' dir='ltr'><strong>sit</strong></span> <span class='ocrx_word' id='word_1_226' title='bbox 536 2111 793 2181; x_wconf 84' lang='lat' dir='ltr'><strong>Operibus</strong></span> <span class='ocrx_word' id='word_1_227' title='bbox 838 2109 1109 2180; x_wconf 91' lang='lat' dir='ltr'><strong>corporis.</strong></span> <span class='ocrx_word' id='word_1_228' title='bbox 1150 2107 1398 2176; x_wconf 84' lang='lat' dir='ltr'><strong>Namque</strong></span> <span class='ocrx_word' id='word_1_229' title='bbox 1434 2105 1744 2160; x_wconf 88' lang='lat' dir='ltr'><strong>intellectus</strong></span> <span class='ocrx_word' id='word_1_230' title='bbox 1777 2104 2017 2174; x_wconf 88' lang='lat' dir='ltr'><strong>regimen</strong></span> 
     </span>
    </p>
   </div>
   <div class='ocr_carea' id='block_1_37' title="bbox 429 2191 2018 2275">
    <p class='ocr_par' dir='ltr' id='par_1_37' title="bbox 429 2191 2018 2275">
     <span class='ocr_line' id='line_1_37' title="bbox 429 2191 2018 2275; baseline -0.007 -15"><span class='ocrx_word' id='word_1_231' title='bbox 429 2205 618 2275; x_wconf 79' lang='lat' dir='ltr'><strong>dirigit</strong></span> <span class='ocrx_word' id='word_1_232' title='bbox 663 2203 980 2272; x_wconf 79' lang='lat' dir='ltr'><strong>extollitque</strong></span> <span class='ocrx_word' id='word_1_233' title='bbox 1035 2199 1288 2255; x_wconf 90' lang='lat' dir='ltr'><strong>monachi</strong></span> <span class='ocrx_word' id='word_1_234' title='bbox 1346 2207 1582 2253; x_wconf 86' lang='lat' dir='ltr'><strong>mentem</strong></span> <span class='ocrx_word' id='word_1_235' title='bbox 1635 2191 1702 2252; x_wconf 87' lang='lat' dir='ltr'><strong>ad</strong></span> <span class='ocrx_word' id='word_1_236' title='bbox 1757 2196 2018 2250; x_wconf 81' lang='lat' dir='ltr'><strong>altissima</strong></span> 
     </span>
    </p>
   </div>
   <div class='ocr_carea' id='block_1_38' title="bbox 432 2286 2019 2367">
    <p class='ocr_par' dir='ltr' id='par_1_38' title="bbox 432 2286 2019 2367">
     <span class='ocr_line' id='line_1_38' title="bbox 432 2286 2019 2367; baseline -0.01 -11"><span class='ocrx_word' id='word_1_237' title='bbox 432 2300 527 2356; x_wconf 90' lang='lat' dir='ltr'><strong>Dei</strong></span> <span class='ocrx_word' id='word_1_238' title='bbox 564 2299 767 2354; x_wconf 89' lang='lat' dir='ltr'><strong>amoris</strong></span> <span class='ocrx_word' id='word_1_239' title='bbox 793 2314 809 2364; x_wconf 93' lang='lat'><strong>;</strong></span> <span class='ocrx_word' id='word_1_240' title='bbox 840 2309 1037 2367; x_wconf 87' lang='lat' dir='ltr'><strong>nempe</strong></span> <span class='ocrx_word' id='word_1_241' title='bbox 1064 2295 1255 2365; x_wconf 87' lang='lat' dir='ltr'><strong>dignus</strong></span> <span class='ocrx_word' id='word_1_242' title='bbox 1287 2291 1519 2348; x_wconf 70' lang='lat' dir='ltr'><strong>edicitur</strong></span> <span class='ocrx_word' id='word_1_243' title='bbox 1546 2291 1754 2347; x_wconf 84' lang='lat' dir='ltr'><strong>visione</strong></span> <span class='ocrx_word' id='word_1_244' title='bbox 1785 2286 2019 2343; x_wconf 82' lang='lat' dir='ltr'><strong>manife-</strong></span> 
     </span>
    </p>
   </div>
   <div class='ocr_carea' id='block_1_39' title="bbox 432 2379 2019 2460">
    <p class='ocr_par' dir='ltr' id='par_1_39' title="bbox 432 2379 2019 2460">
     <span class='ocr_line' id='line_1_39' title="bbox 432 2379 2019 2460; baseline -0.011 -10"><span class='ocrx_word' id='word_1_245' title='bbox 432 2394 683 2450; x_wconf 87' lang='lat' dir='ltr'><strong>stationis</strong></span> <span class='ocrx_word' id='word_1_246' title='bbox 706 2391 824 2460; x_wconf 90' lang='lat' dir='ltr'><strong>ejus</strong></span> <span class='ocrx_word' id='word_1_247' title='bbox 865 2390 917 2445; x_wconf 93' lang='lat' dir='ltr'><strong>in</strong></span> <span class='ocrx_word' id='word_1_248' title='bbox 957 2389 1182 2443; x_wconf 88' lang='lat' dir='ltr'><strong>lumine.</strong></span> <span class='ocrx_word' id='word_1_249' title='bbox 1218 2385 1394 2456; x_wconf 86' lang='lat' dir='ltr'><strong>Opera</strong></span> <span class='ocrx_word' id='word_1_250' title='bbox 1427 2384 1646 2454; x_wconf 90' lang='lat' dir='ltr'><strong>quidem</strong></span> <span class='ocrx_word' id='word_1_251' title='bbox 1715 2379 2019 2452; x_wconf 85' lang='lat' dir='ltr'><strong>corporalia</strong></span> 
     </span>
    </p>
   </div>
   <div class='ocr_carea' id='block_1_40' title="bbox 432 2473 2021 2552">
    <p class='ocr_par' dir='ltr' id='par_1_40' title="bbox 432 2473 2021 2552">
     <span class='ocr_line' id='line_1_40' title="bbox 432 2473 2021 2552; baseline -0.009 -11"><span class='ocrx_word' id='word_1_252' title='bbox 432 2486 758 2541; x_wconf 89' lang='lat' dir='ltr'><strong>monachum</strong></span> <span class='ocrx_word' id='word_1_253' title='bbox 797 2499 826 2537; x_wconf 91' lang='lat' dir='ltr'><strong>a</strong></span> <span class='ocrx_word' id='word_1_254' title='bbox 861 2479 1206 2552; x_wconf 91' lang='lat' dir='ltr'><strong>passionibus</strong></span> <span class='ocrx_word' id='word_1_255' title='bbox 1246 2477 1494 2548; x_wconf 87' lang='lat' dir='ltr'><strong>corporis</strong></span> <span class='ocrx_word' id='word_1_256' title='bbox 1553 2473 1856 2536; x_wconf 86' lang='lat' dir='ltr'><strong>vindicant,</strong></span> <span class='ocrx_word' id='word_1_257' title='bbox 1889 2487 2021 2526; x_wconf 89' lang='lat' dir='ltr'><strong>con-</strong></span> 
     </span>
    </p>
   </div>
   <div class='ocr_carea' id='block_1_41' title="bbox 433 2565 2020 2639">
    <p class='ocr_par' dir='ltr' id='par_1_41' title="bbox 433 2565 2020 2639">
     <span class='ocr_line' id='line_1_41' title="bbox 433 2565 2020 2639; baseline -0.008 -7"><span class='ocrx_word' id='word_1_258' title='bbox 433 2578 655 2632; x_wconf 83' lang='lat' dir='ltr'><strong>ﬁrmant</strong></span> <span class='ocrx_word' id='word_1_259' title='bbox 681 2577 733 2630; x_wconf 91' lang='lat' dir='ltr'><strong>in</strong></span> <span class='ocrx_word' id='word_1_260' title='bbox 762 2574 1081 2639; x_wconf 84' lang='lat' dir='ltr'><strong>virtutibus,</strong></span> <span class='ocrx_word' id='word_1_261' title='bbox 1110 2571 1278 2625; x_wconf 89' lang='lat' dir='ltr'><strong>robur</strong></span> <span class='ocrx_word' id='word_1_262' title='bbox 1309 2569 1541 2623; x_wconf 68' lang='lat' dir='ltr'><strong>aderunt</strong></span> <span class='ocrx_word' id='word_1_263' title='bbox 1574 2571 1640 2622; x_wconf 91' lang='lat' dir='ltr'><strong>ad</strong></span> <span class='ocrx_word' id='word_1_264' title='bbox 1671 2565 2020 2635; x_wconf 78' lang='lat' dir='ltr'><strong>expellendas</strong></span> 
     </span>
    </p>
   </div>
   <div class='ocr_carea' id='block_1_42' title="bbox 432 2654 2022 2739">
    <p class='ocr_par' dir='ltr' id='par_1_42' title="bbox 432 2654 2022 2739">
     <span class='ocr_line' id='line_1_42' title="bbox 432 2654 2022 2739; baseline -0.011 -15"><span class='ocrx_word' id='word_1_265' title='bbox 432 2667 925 2739; x_wconf 89' lang='lat' dir='ltr'><strong>concupiscontias,</strong></span> <span class='ocrx_word' id='word_1_266' title='bbox 967 2673 1022 2722; x_wconf 92' lang='lat' dir='ltr'><strong>et</strong></span> <span class='ocrx_word' id='word_1_267' title='bbox 1064 2661 1280 2732; x_wconf 91' lang='lat' dir='ltr'><strong>corpori</strong></span> <span class='ocrx_word' id='word_1_268' title='bbox 1315 2661 1515 2715; x_wconf 88' lang='lat' dir='ltr'><strong>addunt</strong></span> <span class='ocrx_word' id='word_1_269' title='bbox 1547 2658 1861 2728; x_wconf 86' lang='lat' dir='ltr'><strong>puritatem.</strong></span> <span class='ocrx_word' id='word_1_270' title='bbox 1891 2654 2022 2710; x_wconf 85' lang='lat' dir='ltr'><strong>Cer-</strong></span> 
     </span>
    </p>
   </div>
   <div class='ocr_carea' id='block_1_43' title="bbox 434 2747 2021 2816">
    <p class='ocr_par' dir='ltr' id='par_1_43' title="bbox 434 2747 2021 2816">
     <span class='ocr_line' id='line_1_43' title="bbox 434 2747 2021 2816; baseline -0.01 0"><span class='ocrx_word' id='word_1_271' title='bbox 434 2771 615 2816; x_wconf 79' lang='lat' dir='ltr'><strong>tamen</strong></span> <span class='ocrx_word' id='word_1_272' title='bbox 639 2773 770 2813; x_wconf 91' lang='lat' dir='ltr'><strong>vero</strong></span> <span class='ocrx_word' id='word_1_273' title='bbox 797 2755 1105 2812; x_wconf 89' lang='lat' dir='ltr'><strong>intellectus</strong></span> <span class='ocrx_word' id='word_1_274' title='bbox 1137 2761 1374 2808; x_wconf 87' lang='lat' dir='ltr'><strong>mentem</strong></span> <span class='ocrx_word' id='word_1_275' title='bbox 1409 2749 1731 2806; x_wconf 87' lang='lat' dir='ltr'><strong>corroborat</strong></span> <span class='ocrx_word' id='word_1_276' title='bbox 1759 2747 2021 2801; x_wconf 88' lang='lat' dir='ltr'><strong>adversus</strong></span> 
     </span>
    </p>
   </div>
   <div class='ocr_carea' id='block_1_44' title="bbox 435 2841 2024 2918">
    <p class='ocr_par' dir='ltr' id='par_1_44' title="bbox 435 2841 2024 2918">
     <span class='ocr_line' id='line_1_44' title="bbox 435 2841 2024 2918; baseline -0.011 -10"><span class='ocrx_word' id='word_1_277' title='bbox 435 2851 703 2916; x_wconf 92' lang='lat' dir='ltr'><strong>diabolos,</strong></span> <span class='ocrx_word' id='word_1_278' title='bbox 729 2859 783 2905; x_wconf 92' lang='lat' dir='ltr'><strong>et</strong></span> <span class='ocrx_word' id='word_1_279' title='bbox 813 2847 1170 2918; x_wconf 78' lang='lat' dir='ltr'><strong>cegitationes</strong></span> <span class='ocrx_word' id='word_1_280' title='bbox 1211 2845 1278 2899; x_wconf 88' lang='lat' dir='ltr'><strong>ab</strong></span> <span class='ocrx_word' id='word_1_281' title='bbox 1312 2843 1398 2897; x_wconf 89' lang='lat' dir='ltr'><strong>his</strong></span> <span class='ocrx_word' id='word_1_282' title='bbox 1423 2841 1800 2904; x_wconf 89' lang='lat' dir='ltr'><strong>subinductas,</strong></span> <span class='ocrx_word' id='word_1_283' title='bbox 1839 2848 1893 2893; x_wconf 90' lang='lat' dir='ltr'><strong>et</strong></span> <span class='ocrx_word' id='word_1_284' title='bbox 1925 2851 2024 2906; x_wconf 89' lang='lat' dir='ltr'><strong>pu-</strong></span> 
     </span>
    </p>
   </div>
   <div class='ocr_carea' id='block_1_45' title="bbox 442 2930 2024 3003">
    <p class='ocr_par' dir='ltr' id='par_1_45' title="bbox 442 2930 2024 3003">
     <span class='ocr_line' id='line_1_45' title="bbox 442 2930 2024 3003; baseline -0.01 -5"><span class='ocrx_word' id='word_1_285' title='bbox 442 2943 660 2998; x_wconf 87' lang='lat' dir='ltr'><strong>ritatem</strong></span> <span class='ocrx_word' id='word_1_286' title='bbox 693 2939 1012 2995; x_wconf 87' lang='lat' dir='ltr'><strong>reconciliat</strong></span> <span class='ocrx_word' id='word_1_287' title='bbox 1057 2936 1259 3000; x_wconf 87' lang='lat' dir='ltr'><strong>cordis,</strong></span> <span class='ocrx_word' id='word_1_288' title='bbox 1289 2933 1430 3003; x_wconf 88' lang='lat' dir='ltr'><strong>quod</strong></span> <span class='ocrx_word' id='word_1_289' title='bbox 1477 2937 1642 2986; x_wconf 90' lang='lat' dir='ltr'><strong>robur</strong></span> <span class='ocrx_word' id='word_1_290' title='bbox 1665 2947 1696 2985; x_wconf 91' lang='lat' dir='ltr'><strong>a</strong></span> <span class='ocrx_word' id='word_1_291' title='bbox 1737 2930 2024 2985; x_wconf 90' lang='lat' dir='ltr'><strong>dilectione</strong></span> 
     </span>
    </p>
   </div>
   <div class='ocr_carea' id='block_1_46' title="bbox 436 3021 2023 3101">
    <p class='ocr_par' dir='ltr' id='par_1_46' title="bbox 436 3021 2023 3101">
     <span class='ocr_line' id='line_1_46' title="bbox 436 3021 2023 3101; baseline -0.007 -13"><span class='ocrx_word' id='word_1_292' title='bbox 436 3033 688 3101; x_wconf 88' lang='lat' dir='ltr'><strong>acquirit,</strong></span> <span class='ocrx_word' id='word_1_293' title='bbox 716 3043 771 3086; x_wconf 91' lang='lat' dir='ltr'><strong>et</strong></span> <span class='ocrx_word' id='word_1_294' title='bbox 799 3032 1017 3099; x_wconf 78' lang='lat' dir='ltr'><strong>dignum</strong></span> <span class='ocrx_word' id='word_1_295' title='bbox 1047 3029 1278 3084; x_wconf 89' lang='lat' dir='ltr'><strong>ellicitur</strong></span> <span class='ocrx_word' id='word_1_296' title='bbox 1301 3024 1569 3096; x_wconf 89' lang='lat' dir='ltr'><strong>spirituali</strong></span> <span class='ocrx_word' id='word_1_297' title='bbox 1593 3023 1880 3094; x_wconf 84' lang='lat' dir='ltr'><strong>regimine.</strong></span> <span class='ocrx_word' id='word_1_298' title='bbox 1913 3021 2023 3077; x_wconf 86' lang='lat' dir='ltr'><strong>Nec</strong></span> 
     </span>
    </p>
   </div>
   <div class='ocr_carea' id='block_1_47' title="bbox 434 3116 2022 3193">
    <p class='ocr_par' dir='ltr' id='par_1_47' title="bbox 434 3116 2022 3193">
     <span class='ocr_line' id='line_1_47' title="bbox 434 3116 2022 3193; baseline -0.007 -12"><span class='ocrx_word' id='word_1_299' title='bbox 434 3125 613 3181; x_wconf 90' lang='lat' dir='ltr'><strong>omnis</strong></span> <span class='ocrx_word' id='word_1_300' title='bbox 636 3124 931 3179; x_wconf 82' lang='lat' dir='ltr'><strong>virtutibus</strong></span> <span class='ocrx_word' id='word_1_301' title='bbox 956 3121 1166 3193; x_wconf 64' lang='lat' dir='ltr'><strong>prmditi</strong></span> <span class='ocrx_word' id='word_1_302' title='bbox 1195 3130 1249 3176; x_wconf 89' lang='lat' dir='ltr'><strong>et</strong></span> <span class='ocrx_word' id='word_1_303' title='bbox 1281 3119 1556 3189; x_wconf 83' lang='lat' dir='ltr'><strong>diligentis</strong></span> <span class='ocrx_word' id='word_1_304' title='bbox 1589 3116 1896 3183; x_wconf 89' lang='lat' dir='ltr'><strong>Dominum,</strong></span> <span class='ocrx_word' id='word_1_305' title='bbox 1924 3130 2022 3170; x_wconf 89' lang='lat' dir='ltr'><strong>ne—</strong></span> 
     </span>
    </p>
   </div>
   <div class='ocr_carea' id='block_1_48' title="bbox 435 3212 2021 3284">
    <p class='ocr_par' dir='ltr' id='par_1_48' title="bbox 435 3212 2021 3284">
     <span class='ocr_line' id='line_1_48' title="bbox 435 3212 2021 3284; baseline -0.005 -8"><span class='ocrx_word' id='word_1_306' title='bbox 435 3235 590 3276; x_wconf 87' lang='lat' dir='ltr'><strong>cesse</strong></span> <span class='ocrx_word' id='word_1_307' title='bbox 613 3229 695 3275; x_wconf 88' lang='lat' dir='ltr'><strong>est</strong></span> <span class='ocrx_word' id='word_1_308' title='bbox 729 3219 928 3274; x_wconf 83' lang='lat' dir='ltr'><strong>famam</strong></span> <span class='ocrx_word' id='word_1_309' title='bbox 964 3218 1109 3272; x_wconf 90' lang='lat' dir='ltr'><strong>inter</strong></span> <span class='ocrx_word' id='word_1_310' title='bbox 1134 3216 1383 3273; x_wconf 88' lang='lat' dir='ltr'><strong>homines</strong></span> <span class='ocrx_word' id='word_1_311' title='bbox 1438 3213 1734 3284; x_wconf 86' lang='lat' dir='ltr'><strong>divulgari;</strong></span> <span class='ocrx_word' id='word_1_312' title='bbox 1768 3228 1890 3266; x_wconf 91' lang='lat' dir='ltr'><strong>nam</strong></span> <span class='ocrx_word' id='word_1_313' title='bbox 1924 3212 2021 3268; x_wconf 82' lang='lat' dir='ltr'><strong>ab-</strong></span> 
     </span>
    </p>
   </div>
   <div class='ocr_carea' id='block_1_49' title="bbox 434 3308 2018 3383">
    <p class='ocr_par' dir='ltr' id='par_1_49' title="bbox 434 3308 2018 3383">
     <span class='ocr_line' id='line_1_49' title="bbox 434 3308 2018 3383; baseline -0.006 -15"><span class='ocrx_word' id='word_1_314' title='bbox 434 3311 535 3369; x_wconf 82' lang='lat' dir='ltr'><strong>bas</strong></span> <span class='ocrx_word' id='word_1_315' title='bbox 582 3311 784 3367; x_wconf 87' lang='lat' dir='ltr'><strong>Paulus</strong></span> <span class='ocrx_word' id='word_1_316' title='bbox 832 3311 1087 3383; x_wconf 86' lang='lat' dir='ltr'><strong>princeps</strong></span> <span class='ocrx_word' id='word_1_317' title='bbox 1138 3311 1516 3374; x_wconf 90' lang='lat' dir='ltr'><strong>eremitarum,</strong></span> <span class='ocrx_word' id='word_1_318' title='bbox 1545 3318 1600 3362; x_wconf 88' lang='lat' dir='ltr'><strong>et</strong></span> <span class='ocrx_word' id='word_1_319' title='bbox 1628 3308 2018 3362; x_wconf 87' lang='lat' dir='ltr'><strong>monachorum</strong></span> 
     </span>
    </p>
   </div>
   <div class='ocr_carea' id='block_1_50' title="bbox 435 3397 2021 3474">
    <p class='ocr_par' dir='ltr' id='par_1_50' title="bbox 435 3397 2021 3474">
     <span class='ocr_line' id='line_1_50' title="bbox 435 3397 2021 3474; baseline -0.004 -16"><span class='ocrx_word' id='word_1_320' title='bbox 435 3403 831 3474; x_wconf 85' lang='lat' dir='ltr'><strong>primogenitus</strong></span> <span class='ocrx_word' id='word_1_321' title='bbox 863 3403 1046 3472; x_wconf 89' lang='lat' dir='ltr'><strong>(quem</strong></span> <span class='ocrx_word' id='word_1_322' title='bbox 1085 3401 1251 3454; x_wconf 86' lang='lat' dir='ltr'><strong>abbas</strong></span> <span class='ocrx_word' id='word_1_323' title='bbox 1278 3399 1546 3454; x_wconf 88' lang='lat' dir='ltr'><strong>Antonius</strong></span> <span class='ocrx_word' id='word_1_324' title='bbox 1581 3398 1752 3453; x_wconf 87' lang='lat' dir='ltr'><strong>Eliam</strong></span> <span class='ocrx_word' id='word_1_325' title='bbox 1791 3397 2021 3468; x_wconf 80' lang='lat' dir='ltr'><strong>prOphe-</strong></span> 
     </span>
    </p>
   </div>
   <div class='ocr_carea' id='block_1_51' title="bbox 439 3485 2020 3562">
    <p class='ocr_par' dir='ltr' id='par_1_51' title="bbox 439 3485 2020 3562">
     <span class='ocr_line' id='line_1_51' title="bbox 439 3485 2020 3562; baseline -0.003 -17"><span class='ocrx_word' id='word_1_326' title='bbox 439 3503 548 3546; x_wconf 87' lang='lat' dir='ltr'><strong>tam</strong></span> <span class='ocrx_word' id='word_1_327' title='bbox 588 3491 881 3562; x_wconf 86' lang='lat' dir='ltr'><strong>aliquando</strong></span> <span class='ocrx_word' id='word_1_328' title='bbox 931 3489 1241 3561; x_wconf 87' lang='lat' dir='ltr'><strong>appellavit,</strong></span> <span class='ocrx_word' id='word_1_329' title='bbox 1271 3487 1566 3557; x_wconf 88' lang='lat' dir='ltr'><strong>aliquando</strong></span> <span class='ocrx_word' id='word_1_330' title='bbox 1614 3485 1882 3541; x_wconf 85' lang='lat' dir='ltr'><strong>Joannem</strong></span> <span class='ocrx_word' id='word_1_331' title='bbox 1913 3485 2020 3540; x_wconf 81' lang='lat' dir='ltr'><strong>Ba-</strong></span> 
     </span>
    </p>
   </div>
   <div class='ocr_carea' id='block_1_52' title="bbox 437 3577 2022 3655">
    <p class='ocr_par' dir='ltr' id='par_1_52' title="bbox 437 3577 2022 3655">
     <span class='ocr_line' id='line_1_52' title="bbox 437 3577 2022 3655; baseline -0.004 -16"><span class='ocrx_word' id='word_1_332' title='bbox 437 3586 684 3655; x_wconf 86' lang='lat' dir='ltr'><strong>ptistam,</strong></span> <span class='ocrx_word' id='word_1_333' title='bbox 731 3582 960 3638; x_wconf 88' lang='lat' dir='ltr'><strong>Paulum</strong></span> <span class='ocrx_word' id='word_1_334' title='bbox 1048 3582 1349 3651; x_wconf 89' lang='lat' dir='ltr'><strong>apostolum</strong></span> <span class='ocrx_word' id='word_1_335' title='bbox 1406 3577 1740 3650; x_wconf 87' lang='lat' dir='ltr'><strong>aliquando),</strong></span> <span class='ocrx_word' id='word_1_336' title='bbox 1783 3578 2022 3648; x_wconf 82' lang='lat' dir='ltr'><strong>quandiu</strong></span> 
     </span>
    </p>
   </div>
   <div class='ocr_carea' id='block_1_53' title="bbox 437 3670 2020 3742">
    <p class='ocr_par' dir='ltr' id='par_1_53' title="bbox 437 3670 2020 3742">
     <span class='ocr_line' id='line_1_53' title="bbox 437 3670 2020 3742; baseline -0.004 -11"><span class='ocrx_word' id='word_1_337' title='bbox 437 3677 595 3742; x_wconf 80' lang='lat' dir='ltr'><strong>vixit,</strong></span> <span class='ocrx_word' id='word_1_338' title='bbox 636 3677 945 3732; x_wconf 90' lang='lat' dir='ltr'><strong>hominibus</strong></span> <span class='ocrx_word' id='word_1_339' title='bbox 987 3674 1214 3730; x_wconf 89' lang='lat' dir='ltr'><strong>minime</strong></span> <span class='ocrx_word' id='word_1_340' title='bbox 1252 3673 1506 3728; x_wconf 90' lang='lat' dir='ltr'><strong>innotuit.</strong></span> <span class='ocrx_word' id='word_1_341' title='bbox 1543 3670 1762 3739; x_wconf 86' lang='lat' dir='ltr'><strong>Verum,</strong></span> <span class='ocrx_word' id='word_1_342' title='bbox 1815 3680 1874 3726; x_wconf 93' lang='lat' dir='ltr'><strong>ut</strong></span> <span class='ocrx_word' id='word_1_343' title='bbox 1908 3672 2020 3740; x_wconf 85' lang='lat' dir='ltr'><strong>jam</strong></span> 
     </span>
    </p>
   </div>
   <div class='ocr_carea' id='block_1_54' title="bbox 438 3763 2024 3837">
    <p class='ocr_par' dir='ltr' id='par_1_54' title="bbox 438 3763 2024 3837">
     <span class='ocr_line' id='line_1_54' title="bbox 438 3763 2024 3837; baseline -0.003 -13"><span class='ocrx_word' id='word_1_344' title='bbox 438 3769 574 3832; x_wconf 79' lang='lat' dir='ltr'><strong>dixi,</strong></span> <span class='ocrx_word' id='word_1_345' title='bbox 607 3769 700 3822; x_wconf 91' lang='lat' dir='ltr'><strong>isti</strong></span> <span class='ocrx_word' id='word_1_346' title='bbox 732 3767 837 3822; x_wconf 90' lang='lat' dir='ltr'><strong>duo</strong></span> <span class='ocrx_word' id='word_1_347' title='bbox 864 3765 1062 3822; x_wconf 89' lang='lat' dir='ltr'><strong>Patres</strong></span> <span class='ocrx_word' id='word_1_348' title='bbox 1107 3766 1423 3837; x_wconf 86' lang='lat' dir='ltr'><strong>perquirere</strong></span> <span class='ocrx_word' id='word_1_349' title='bbox 1468 3764 1756 3820; x_wconf 85' lang='lat' dir='ltr'><strong>voluerunt</strong></span> <span class='ocrx_word' id='word_1_350' title='bbox 1787 3764 1854 3820; x_wconf 89' lang='lat' dir='ltr'><strong>ab</strong></span> <span class='ocrx_word' id='word_1_351' title='bbox 1885 3763 2024 3819; x_wconf 84' lang='lat' dir='ltr'><strong>invi—</strong></span> 
     </span>
    </p>
   </div>
   <div class='ocr_carea' id='block_1_55' title="bbox 438 3856 2022 3929">
    <p class='ocr_par' dir='ltr' id='par_1_55' title="bbox 438 3856 2022 3929">
     <span class='ocr_line' id='line_1_55' title="bbox 438 3856 2022 3929; baseline -0.004 -13"><span class='ocrx_word' id='word_1_352' title='bbox 438 3877 580 3925; x_wconf 90' lang='lat' dir='ltr'><strong>cem,</strong></span> <span class='ocrx_word' id='word_1_353' title='bbox 620 3872 826 3929; x_wconf 90' lang='lat' dir='ltr'><strong>nosque</strong></span> <span class='ocrx_word' id='word_1_354' title='bbox 855 3859 1070 3924; x_wconf 89' lang='lat' dir='ltr'><strong>docere,</strong></span> <span class='ocrx_word' id='word_1_355' title='bbox 1110 3859 1382 3928; x_wconf 89' lang='lat' dir='ltr'><strong>quodnam</strong></span> <span class='ocrx_word' id='word_1_356' title='bbox 1430 3856 1668 3928; x_wconf 84' lang='lat' dir='ltr'><strong>regimen</strong></span> <span class='ocrx_word' id='word_1_357' title='bbox 1704 3858 1808 3912; x_wconf 88' lang='lat' dir='ltr'><strong>alio</strong></span> <span class='ocrx_word' id='word_1_358' title='bbox 1841 3856 2022 3912; x_wconf 81' lang='lat' dir='ltr'><strong>excel-</strong></span> 
     </span>
    </p>
   </div>
   <div class='ocr_carea' id='block_1_56' title="bbox 441 3949 2023 4019">
    <p class='ocr_par' dir='ltr' id='par_1_56' title="bbox 441 3949 2023 4019">
     <span class='ocr_line' id='line_1_56' title="bbox 441 3949 2023 4019; baseline -0.001 -14"><span class='ocrx_word' id='word_1_359' title='bbox 441 3951 555 4005; x_wconf 87' lang='lat' dir='ltr'><strong>sius</strong></span> <span class='ocrx_word' id='word_1_360' title='bbox 585 3951 656 4003; x_wconf 83' lang='lat' dir='ltr'><strong>sit</strong></span> <span class='ocrx_word' id='word_1_361' title='bbox 685 3967 700 4016; x_wconf 92' lang='lat'><strong>;</strong></span> <span class='ocrx_word' id='word_1_362' title='bbox 733 3949 1036 4019; x_wconf 89' lang='lat' dir='ltr'><strong>corporale,</strong></span> <span class='ocrx_word' id='word_1_363' title='bbox 1083 3965 1150 4004; x_wconf 89' lang='lat' dir='ltr'><strong>an</strong></span> <span class='ocrx_word' id='word_1_364' title='bbox 1185 3949 1485 4019; x_wconf 88' lang='lat' dir='ltr'><strong>spirituale,</strong></span> <span class='ocrx_word' id='word_1_365' title='bbox 1511 3949 1654 4019; x_wconf 90' lang='lat' dir='ltr'><strong>quod</strong></span> <span class='ocrx_word' id='word_1_366' title='bbox 1686 3959 1766 4005; x_wconf 88' lang='lat' dir='ltr'><strong>est</strong></span> <span class='ocrx_word' id='word_1_367' title='bbox 1796 3950 2023 4004; x_wconf 89' lang='lat' dir='ltr'><strong>interius</strong></span> 
     </span>
    </p>
   </div>
   <div class='ocr_carea' id='block_1_57' title="bbox 441 4043 2025 4111">
    <p class='ocr_par' dir='ltr' id='par_1_57' title="bbox 441 4043 2025 4111">
     <span class='ocr_line' id='line_1_57' title="bbox 441 4043 2025 4111; baseline -0.001 -13"><span class='ocrx_word' id='word_1_368' title='bbox 441 4044 728 4111; x_wconf 87' lang='lat' dir='ltr'><strong>latensque</strong></span> <span class='ocrx_word' id='word_1_369' title='bbox 785 4053 1063 4098; x_wconf 90' lang='lat' dir='ltr'><strong>certamen</strong></span> <span class='ocrx_word' id='word_1_370' title='bbox 1107 4044 1329 4107; x_wconf 90' lang='lat' dir='ltr'><strong>mentis,</strong></span> <span class='ocrx_word' id='word_1_371' title='bbox 1369 4051 1421 4098; x_wconf 87' lang='lat' dir='ltr'><strong>et</strong></span> <span class='ocrx_word' id='word_1_372' title='bbox 1468 4044 1584 4098; x_wconf 90' lang='lat' dir='ltr'><strong>sine</strong></span> <span class='ocrx_word' id='word_1_373' title='bbox 1627 4043 2025 4098; x_wconf 84' lang='lat' dir='ltr'><strong>intermissione</strong></span> 
     </span>
    </p>
   </div>
   <div class='ocr_carea' id='block_1_58' title="bbox 443 4134 2024 4204">
    <p class='ocr_par' dir='ltr' id='par_1_58' title="bbox 443 4134 2024 4204">
     <span class='ocr_line' id='line_1_58' title="bbox 443 4134 2024 4204; baseline -0.001 -13"><span class='ocrx_word' id='word_1_374' title='bbox 443 4137 620 4192; x_wconf 89' lang='lat' dir='ltr'><strong>oratio</strong></span> <span class='ocrx_word' id='word_1_375' title='bbox 647 4150 710 4190; x_wconf 91' lang='lat' dir='ltr'><strong>ac</strong></span> <span class='ocrx_word' id='word_1_376' title='bbox 738 4135 1021 4190; x_wconf 87' lang='lat' dir='ltr'><strong>meditatio</strong></span> <span class='ocrx_word' id='word_1_377' title='bbox 1053 4134 1180 4201; x_wconf 87' lang='lat' dir='ltr'><strong>Dei;</strong></span> <span class='ocrx_word' id='word_1_378' title='bbox 1211 4148 1331 4204; x_wconf 71' lang='lat' dir='ltr'><strong>quae</strong></span> <span class='ocrx_word' id='word_1_379' title='bbox 1356 4149 1479 4189; x_wconf 92' lang='lat' dir='ltr'><strong>cum</strong></span> <span class='ocrx_word' id='word_1_380' title='bbox 1503 4143 1875 4189; x_wconf 89' lang='lat' dir='ltr'><strong>consummata</strong></span> <span class='ocrx_word' id='word_1_381' title='bbox 1907 4134 2024 4191; x_wconf 83' lang='lat' dir='ltr'><strong>fue-</strong></span> 
     </span>
    </p>
   </div>
   <div class='ocr_carea' id='block_1_59' title="bbox 445 4227 2026 4298">
    <p class='ocr_par' dir='ltr' id='par_1_59' title="bbox 445 4227 2026 4298">
     <span class='ocr_line' id='line_1_59' title="bbox 445 4227 2026 4298; baseline -0.003 -13"><span class='ocrx_word' id='word_1_382' title='bbox 445 4231 576 4296; x_wconf 84' lang='lat' dir='ltr'><strong>rint,</strong></span> <span class='ocrx_word' id='word_1_383' title='bbox 605 4229 820 4283; x_wconf 85' lang='lat' dir='ltr'><strong>elevant</strong></span> <span class='ocrx_word' id='word_1_384' title='bbox 859 4227 1194 4282; x_wconf 88' lang='lat' dir='ltr'><strong>intelleetum</strong></span> <span class='ocrx_word' id='word_1_385' title='bbox 1240 4227 1488 4282; x_wconf 89' lang='lat' dir='ltr'><strong>monachi</strong></span> <span class='ocrx_word' id='word_1_386' title='bbox 1516 4227 1584 4282; x_wconf 91' lang='lat' dir='ltr'><strong>ad</strong></span> <span class='ocrx_word' id='word_1_387' title='bbox 1611 4227 1854 4297; x_wconf 86' lang='lat' dir='ltr'><strong>spiritale</strong></span> <span class='ocrx_word' id='word_1_388' title='bbox 1882 4230 2026 4298; x_wconf 83' lang='lat' dir='ltr'><strong>regi-</strong></span> 
     </span>
    </p>
   </div>
   <div class='ocr_carea' id='block_1_60' title="bbox 363 4303 2026 4395">
    <p class='ocr_par' dir='ltr' id='par_1_60' title="bbox 363 4303 2026 4395">
     <span class='ocr_line' id='line_1_60' title="bbox 363 4303 2026 4395; baseline -0.005 -14"><span class='ocrx_word' id='word_1_389' title='bbox 363 4303 376 4314; x_wconf 52' lang='grc'><strong><em>’</em></strong></span> <span class='ocrx_word' id='word_1_390' title='bbox 443 4341 592 4389; x_wconf 87' lang='lat' dir='ltr'><strong>men,</strong></span> <span class='ocrx_word' id='word_1_391' title='bbox 620 4325 763 4395; x_wconf 91' lang='lat' dir='ltr'><strong>quod</strong></span> <span class='ocrx_word' id='word_1_392' title='bbox 809 4331 890 4378; x_wconf 90' lang='lat' dir='ltr'><strong>est</strong></span> <span class='ocrx_word' id='word_1_393' title='bbox 921 4322 1180 4392; x_wconf 88' lang='lat' dir='ltr'><strong>spiritalis</strong></span> <span class='ocrx_word' id='word_1_394' title='bbox 1215 4320 1410 4386; x_wconf 88' lang='lat' dir='ltr'><strong>oratio,</strong></span> <span class='ocrx_word' id='word_1_395' title='bbox 1446 4321 1732 4376; x_wconf 86' lang='lat' dir='ltr'><strong>admiratio</strong></span> <span class='ocrx_word' id='word_1_396' title='bbox 1759 4321 1876 4386; x_wconf 91' lang='lat' dir='ltr'><strong>Dei,</strong></span> <span class='ocrx_word' id='word_1_397' title='bbox 1909 4321 2026 4391; x_wconf 90' lang='lat' dir='ltr'><strong>ejus</strong></span> 
     </span>
    </p>
   </div>
   <div class='ocr_carea' id='block_1_61' title="bbox 443 4410 2022 4484">
    <p class='ocr_par' dir='ltr' id='par_1_61' title="bbox 443 4410 2022 4484">
     <span class='ocr_line' id='line_1_61' title="bbox 443 4410 2022 4484; baseline -0.005 -12"><span class='ocrx_word' id='word_1_398' title='bbox 443 4419 606 4484; x_wconf 83' lang='lat' dir='ltr'><strong>visio,</strong></span> <span class='ocrx_word' id='word_1_399' title='bbox 637 4425 692 4472; x_wconf 88' lang='lat' dir='ltr'><strong>et</strong></span> <span class='ocrx_word' id='word_1_400' title='bbox 719 4414 930 4470; x_wconf 91' lang='lat' dir='ltr'><strong>Domini</strong></span> <span class='ocrx_word' id='word_1_401' title='bbox 982 4413 1156 4467; x_wconf 89' lang='lat' dir='ltr'><strong>nostri</strong></span> <span class='ocrx_word' id='word_1_402' title='bbox 1191 4411 1284 4467; x_wconf 91' lang='lat' dir='ltr'><strong>Dei</strong></span> <span class='ocrx_word' id='word_1_403' title='bbox 1316 4412 1498 4481; x_wconf 73' lang='lat' dir='ltr'><strong>gloriae</strong></span> <span class='ocrx_word' id='word_1_404' title='bbox 1529 4410 1918 4479; x_wconf 84' lang='lat' dir='ltr'><strong>manilestatio,</strong></span> <span class='ocrx_word' id='word_1_405' title='bbox 1939 4412 2022 4467; x_wconf 89' lang='lat' dir='ltr'><strong>cui</strong></span> 
     </span>
    </p>
   </div>
   <div class='ocr_carea' id='block_1_62' title="bbox 446 4505 1476 4568">
    <p class='ocr_par' dir='ltr' id='par_1_62' title="bbox 446 4505 1476 4568">
     <span class='ocr_line' id='line_1_62' title="bbox 446 4505 1476 4568; baseline -0.007 -1"><span class='ocrx_word' id='word_1_406' title='bbox 446 4513 564 4568; x_wconf 89' lang='lat' dir='ltr'><strong>laus</strong></span> <span class='ocrx_word' id='word_1_407' title='bbox 597 4512 649 4566; x_wconf 91' lang='lat' dir='ltr'><strong>in</strong></span> <span class='ocrx_word' id='word_1_408' title='bbox 688 4509 884 4567; x_wconf 68' lang='lat' dir='ltr'><strong>smcula</strong></span> <span class='ocrx_word' id='word_1_409' title='bbox 911 4506 1252 4563; x_wconf 72' lang='lat' dir='ltr'><strong>szeculorum.</strong></span> <span class='ocrx_word' id='word_1_410' title='bbox 1285 4505 1476 4561; x_wconf 83' lang='lat' dir='ltr'><strong>Amen.</strong></span> 
     </span>
    </p>
   </div>
   <div class='ocr_carea' id='block_1_63' title="bbox 1045 4596 1417 4666">
    <p class='ocr_par' dir='ltr' id='par_1_63' title="bbox 1045 4596 1417 4666">
     <span class='ocr_line' id='line_1_63' title="bbox 1045 4596 1417 4666; baseline 0 -15"><span class='ocrx_word' id='word_1_411' title='bbox 1045 4596 1417 4666; x_wconf 85' lang='lat' dir='ltr'><strong>Interrogatio.</strong></span> 
     </span>
    </p>
   </div>
   <div class='ocr_carea' id='block_1_64' title="bbox 519 4686 2032 4758">
    <p class='ocr_par' dir='ltr' id='par_1_64' title="bbox 519 4686 2032 4758">
     <span class='ocr_line' id='line_1_64' title="bbox 519 4686 2032 4758; baseline -0.006 -9"><span class='ocrx_word' id='word_1_412' title='bbox 519 4695 662 4750; x_wconf 82' lang='lat' dir='ltr'><strong>Dixit</strong></span> <span class='ocrx_word' id='word_1_413' title='bbox 689 4694 749 4748; x_wconf 86' lang='lat' dir='ltr'><strong>S.</strong></span> <span class='ocrx_word' id='word_1_414' title='bbox 783 4691 952 4746; x_wconf 86' lang='lat' dir='ltr'><strong>abbas</strong></span> <span class='ocrx_word' id='word_1_415' title='bbox 985 4689 1271 4753; x_wconf 89' lang='lat' dir='ltr'><strong>Antonius,</strong></span> <span class='ocrx_word' id='word_1_416' title='bbox 1303 4687 1447 4758; x_wconf 92' lang='lat' dir='ltr'><strong>quod</strong></span> <span class='ocrx_word' id='word_1_417' title='bbox 1481 4686 1627 4742; x_wconf 89' lang='lat' dir='ltr'><strong>Deus</strong></span> <span class='ocrx_word' id='word_1_418' title='bbox 1662 4701 1768 4742; x_wconf 92' lang='lat' dir='ltr'><strong>non</strong></span> <span class='ocrx_word' id='word_1_419' title='bbox 1804 4687 2032 4758; x_wconf 80' lang='lat' dir='ltr'><strong>permit-</strong></span> 
     </span>
    </p>
   </div>
   <div class='ocr_carea' id='block_1_65' title="bbox 446 4779 2028 4852">
    <p class='ocr_par' dir='ltr' id='par_1_65' title="bbox 446 4779 2028 4852">
     <span class='ocr_line' id='line_1_65' title="bbox 446 4779 2028 4852; baseline -0.007 -8"><span class='ocrx_word' id='word_1_420' title='bbox 446 4791 513 4844; x_wconf 91' lang='lat' dir='ltr'><strong>tit</strong></span> <span class='ocrx_word' id='word_1_421' title='bbox 561 4787 778 4844; x_wconf 77' lang='lat' dir='ltr'><strong>diabolo</strong></span> <span class='ocrx_word' id='word_1_422' title='bbox 832 4785 1002 4840; x_wconf 87' lang='lat' dir='ltr'><strong>ardua</strong></span> <span class='ocrx_word' id='word_1_423' title='bbox 1051 4781 1190 4838; x_wconf 87' lang='lat' dir='ltr'><strong>bella</strong></span> <span class='ocrx_word' id='word_1_424' title='bbox 1239 4779 1444 4836; x_wconf 75' lang='lat' dir='ltr'><strong>inferre</strong></span> <span class='ocrx_word' id='word_1_425' title='bbox 1488 4779 1824 4852; x_wconf 82' lang='lat' dir='ltr'><strong>generatioui</strong></span> <span class='ocrx_word' id='word_1_426' title='bbox 1880 4779 2028 4846; x_wconf 88' lang='lat' dir='ltr'><strong>huic,</strong></span> 
     </span>
    </p>
   </div>
   <div class='ocr_carea' id='block_1_66' title="bbox 446 4881 960 4952">
    <p class='ocr_par' dir='ltr' id='par_1_66' title="bbox 446 4881 960 4952">
     <span class='ocr_line' id='line_1_66' title="bbox 446 4881 960 4952; baseline -0.012 -15"><span class='ocrx_word' id='word_1_427' title='bbox 446 4882 574 4952; x_wconf 88' lang='lat' dir='ltr'><strong>quia</strong></span> <span class='ocrx_word' id='word_1_428' title='bbox 617 4881 828 4934; x_wconf 89' lang='lat' dir='ltr'><strong>intirma</strong></span> <span class='ocrx_word' id='word_1_429' title='bbox 857 4887 960 4934; x_wconf 87' lang='lat' dir='ltr'><strong>est.</strong></span> 
     </span>
    </p>
   </div>
   <div class='ocr_carea' id='block_1_67' title="bbox 1090 4966 1395 5035">
    <p class='ocr_par' dir='ltr' id='par_1_67' title="bbox 1090 4966 1395 5035">
     <span class='ocr_line' id='line_1_67' title="bbox 1090 4966 1395 5035; baseline -0.007 -14"><span class='ocrx_word' id='word_1_430' title='bbox 1090 4966 1395 5035; x_wconf 81' lang='lat' dir='ltr'><strong>Responsio.</strong></span> 
     </span>
    </p>
   </div>
   <div class='ocr_carea' id='block_1_68' title="bbox 521 5057 2032 5136">
    <p class='ocr_par' dir='ltr' id='par_1_68' title="bbox 521 5057 2032 5136">
     <span class='ocr_line' id='line_1_68' title="bbox 521 5057 2032 5136; baseline -0.009 -13"><span class='ocrx_word' id='word_1_431' title='bbox 521 5068 666 5123; x_wconf 89' lang='lat' dir='ltr'><strong>Deus</strong></span> <span class='ocrx_word' id='word_1_432' title='bbox 689 5061 906 5136; x_wconf 76' lang='lat' dir='ltr'><strong>quidem</strong></span> <span class='ocrx_word' id='word_1_433' title='bbox 941 5061 1100 5132; x_wconf 87' lang='lat' dir='ltr'><strong>hujus</strong></span> <span class='ocrx_word' id='word_1_434' title='bbox 1122 5061 1412 5118; x_wconf 86' lang='lat' dir='ltr'><strong>miseretur</strong></span> <span class='ocrx_word' id='word_1_435' title='bbox 1441 5057 1809 5130; x_wconf 72' lang='lat' dir='ltr'><strong>generationis</strong></span> <span class='ocrx_word' id='word_1_436' title='bbox 1843 5076 1856 5110; x_wconf 90' lang='lat'>:</span> <span class='ocrx_word' id='word_1_437' title='bbox 1895 5073 2032 5128; x_wconf 87' lang='lat' dir='ltr'><strong>qua-</strong></span> 
     </span>
    </p>
   </div>
   <div class='ocr_carea' id='block_1_69' title="bbox 451 5150 2035 5227">
    <p class='ocr_par' dir='ltr' id='par_1_69' title="bbox 451 5150 2035 5227">
     <span class='ocr_line' id='line_1_69' title="bbox 451 5150 2035 5227; baseline -0.006 -13"><span class='ocrx_word' id='word_1_438' title='bbox 451 5174 512 5214; x_wconf 90' lang='lat' dir='ltr'><strong>re</strong></span> <span class='ocrx_word' id='word_1_439' title='bbox 541 5175 659 5213; x_wconf 88' lang='lat' dir='ltr'><strong>eam</strong></span> <span class='ocrx_word' id='word_1_440' title='bbox 687 5158 808 5227; x_wconf 90' lang='lat' dir='ltr'><strong>plus</strong></span> <span class='ocrx_word' id='word_1_441' title='bbox 840 5157 1007 5211; x_wconf 83' lang='lat' dir='ltr'><strong>nimio</strong></span> <span class='ocrx_word' id='word_1_442' title='bbox 1040 5153 1218 5224; x_wconf 84' lang='lat' dir='ltr'><strong>urgeri</strong></span> <span class='ocrx_word' id='word_1_443' title='bbox 1245 5168 1275 5207; x_wconf 92' lang='lat' dir='ltr'><strong>a</strong></span> <span class='ocrx_word' id='word_1_444' title='bbox 1305 5151 1536 5207; x_wconf 86' lang='lat' dir='ltr'><strong>diabolis</strong></span> <span class='ocrx_word' id='word_1_445' title='bbox 1558 5150 1781 5205; x_wconf 86' lang='lat' dir='ltr'><strong>minime</strong></span> <span class='ocrx_word' id='word_1_446' title='bbox 1810 5151 2035 5219; x_wconf 88' lang='lat' dir='ltr'><strong>permit-</strong></span> 
     </span>
    </p>
   </div>
   <div class='ocr_carea' id='block_1_70' title="bbox 454 5241 2035 5320">
    <p class='ocr_par' dir='ltr' id='par_1_70' title="bbox 454 5241 2035 5320">
     <span class='ocr_line' id='line_1_70' title="bbox 454 5241 2035 5320; baseline -0.005 -16"><span class='ocrx_word' id='word_1_447' title='bbox 454 5253 537 5314; x_wconf 89' lang='lat' dir='ltr'><strong>tit,</strong></span> <span class='ocrx_word' id='word_1_448' title='bbox 575 5251 700 5320; x_wconf 90' lang='lat' dir='ltr'><strong>quia</strong></span> <span class='ocrx_word' id='word_1_449' title='bbox 733 5264 833 5304; x_wconf 91' lang='lat' dir='ltr'><strong>nos</strong></span> <span class='ocrx_word' id='word_1_450' title='bbox 863 5247 1044 5304; x_wconf 88' lang='lat' dir='ltr'><strong>deticit</strong></span> <span class='ocrx_word' id='word_1_451' title='bbox 1091 5244 1240 5300; x_wconf 91' lang='lat' dir='ltr'><strong>calor</strong></span> <span class='ocrx_word' id='word_1_452' title='bbox 1268 5242 1578 5308; x_wconf 86' lang='lat' dir='ltr'><strong>charitatis,</strong></span> <span class='ocrx_word' id='word_1_453' title='bbox 1605 5251 1659 5296; x_wconf 90' lang='lat' dir='ltr'><strong>et</strong></span> <span class='ocrx_word' id='word_1_454' title='bbox 1691 5241 1898 5296; x_wconf 85' lang='lat' dir='ltr'><strong>amoris</strong></span> <span class='ocrx_word' id='word_1_455' title='bbox 1938 5241 2035 5296; x_wconf 85' lang='lat' dir='ltr'><strong>bo-</strong></span> 
     </span>
    </p>
   </div>
   <div class='ocr_carea' id='block_1_71' title="bbox 456 5333 2038 5408">
    <p class='ocr_par' dir='ltr' id='par_1_71' title="bbox 456 5333 2038 5408">
     <span class='ocr_line' id='line_1_71' title="bbox 456 5333 2038 5408; baseline -0.003 -17"><span class='ocrx_word' id='word_1_456' title='bbox 456 5353 646 5392; x_wconf 91' lang='lat' dir='ltr'><strong>norum</strong></span> <span class='ocrx_word' id='word_1_457' title='bbox 675 5353 934 5408; x_wconf 80' lang='lat' dir='ltr'><strong>Operum;</strong></span> <span class='ocrx_word' id='word_1_458' title='bbox 967 5337 1196 5406; x_wconf 88' lang='lat' dir='ltr'><strong>ideoque</strong></span> <span class='ocrx_word' id='word_1_459' title='bbox 1226 5334 1508 5390; x_wconf 84' lang='lat' dir='ltr'><strong>remissius</strong></span> <span class='ocrx_word' id='word_1_460' title='bbox 1555 5349 1652 5390; x_wconf 81' lang='lat' dir='ltr'><strong>nos</strong></span> <span class='ocrx_word' id='word_1_461' title='bbox 1698 5333 1899 5388; x_wconf 87' lang='lat' dir='ltr'><strong>diaboli</strong></span> <span class='ocrx_word' id='word_1_462' title='bbox 1940 5348 2038 5402; x_wconf 82' lang='lat' dir='ltr'><strong>op-</strong></span> 
     </span>
    </p>
   </div>
   <div class='ocr_carea' id='block_1_72' title="bbox 455 5426 2033 5502">
    <p class='ocr_par' dir='ltr' id='par_1_72' title="bbox 455 5426 2033 5502">
     <span class='ocr_line' id='line_1_72' title="bbox 455 5426 2033 5502; baseline -0.001 -17"><span class='ocrx_word' id='word_1_463' title='bbox 455 5441 698 5502; x_wconf 78' lang='lat' dir='ltr'><strong>pugnant</strong></span> <span class='ocrx_word' id='word_1_464' title='bbox 738 5432 809 5487; x_wconf 90' lang='lat' dir='ltr'><strong>ob</strong></span> <span class='ocrx_word' id='word_1_465' title='bbox 853 5429 1282 5488; x_wconf 83' lang='lat' dir='ltr'><strong>imbecillitatem</strong></span> <span class='ocrx_word' id='word_1_466' title='bbox 1328 5438 1594 5494; x_wconf 84' lang='lat' dir='ltr'><strong>nostram.</strong></span> <span class='ocrx_word' id='word_1_467' title='bbox 1624 5438 1678 5484; x_wconf 89' lang='lat' dir='ltr'><strong>et</strong></span> <span class='ocrx_word' id='word_1_468' title='bbox 1703 5426 2033 5499; x_wconf 63' lang='lat' dir='ltr'><strong>dissolutio-</strong></span> 
     </span>
    </p>
   </div>
   <div class='ocr_carea' id='block_1_73' title="bbox 458 5538 1476 5578">
    <p class='ocr_par' dir='ltr' id='par_1_73' title="bbox 458 5538 1476 5578">
     <span class='ocr_line' id='line_1_73' title="bbox 458 5538 1476 5578; baseline -0.009 0"><span class='ocrx_word' id='word_1_469' title='bbox 458 5538 604 5578; x_wconf 89' lang='lat' dir='ltr'><strong>nem.</strong></span> <span class='ocrx_word' id='word_1_470' title='bbox 1449 5555 1476 5569; x_wconf 55' lang='grc' dir='ltr'><strong>κ</strong></span> 
     </span>
    </p>
   </div>
   <div class='ocr_carea' id='block_1_74' title="bbox 1059 5613 1432 5685">
    <p class='ocr_par' dir='ltr' id='par_1_74' title="bbox 1059 5613 1432 5685">
     <span class='ocr_line' id='line_1_74' title="bbox 1059 5613 1432 5685; baseline 0 -17"><span class='ocrx_word' id='word_1_471' title='bbox 1059 5613 1086 5668; x_wconf 91' lang='grc' dir='ltr'><strong><em>Ι</em></strong></span> <span class='ocrx_word' id='word_1_472' title='bbox 1095 5615 1432 5685; x_wconf 86' lang='lat' dir='ltr'><strong>nterrogatio.</strong></span> 
     </span>
    </p>
   </div>
   <div class='ocr_carea' id='block_1_75' title="bbox 527 5706 2034 5777">
    <p class='ocr_par' dir='ltr' id='par_1_75' title="bbox 527 5706 2034 5777">
     <span class='ocr_line' id='line_1_75' title="bbox 527 5706 2034 5777; baseline 0.003 -17"><span class='ocrx_word' id='word_1_473' title='bbox 527 5707 666 5775; x_wconf 83' lang='lat' dir='ltr'><strong>Quid</strong></span> <span class='ocrx_word' id='word_1_474' title='bbox 697 5715 777 5762; x_wconf 90' lang='lat' dir='ltr'><strong>est</strong></span> <span class='ocrx_word' id='word_1_475' title='bbox 802 5706 950 5772; x_wconf 90' lang='lat' dir='ltr'><strong>illud,</strong></span> <span class='ocrx_word' id='word_1_476' title='bbox 991 5709 1132 5777; x_wconf 88' lang='lat' dir='ltr'><strong>quod</strong></span> <span class='ocrx_word' id='word_1_477' title='bbox 1187 5709 1322 5762; x_wconf 85' lang='lat' dir='ltr'><strong>dixit</strong></span> <span class='ocrx_word' id='word_1_478' title='bbox 1353 5707 1520 5763; x_wconf 86' lang='lat' dir='ltr'><strong>abbas</strong></span> <span class='ocrx_word' id='word_1_479' title='bbox 1560 5708 1871 5764; x_wconf 85' lang='lat' dir='ltr'><strong>Antonius:</strong></span> <span class='ocrx_word' id='word_1_480' title='bbox 1911 5708 2034 5765; x_wconf 83' lang='lat' dir='ltr'><strong>Nisi</strong></span> 
     </span>
    </p>
   </div>
   <div class='ocr_carea' id='block_1_76' title="bbox 441 5791 2034 5870">
    <p class='ocr_par' dir='ltr' id='par_1_76' title="bbox 441 5791 2034 5870">
     <span class='ocr_line' id='line_1_76' title="bbox 441 5791 2034 5870; baseline -0.002 -12"><span class='ocrx_word' id='word_1_481' title='bbox 441 5791 676 5858; x_wconf 64' lang='lat' dir='ltr'><strong>iumenti</strong></span> <span class='ocrx_word' id='word_1_482' title='bbox 701 5801 884 5856; x_wconf 72' lang='lat' dir='ltr'><strong>velaret</strong></span> <span class='ocrx_word' id='word_1_483' title='bbox 917 5801 1092 5855; x_wconf 87' lang='lat' dir='ltr'><strong>oculos</strong></span> <span class='ocrx_word' id='word_1_484' title='bbox 1119 5803 1350 5866; x_wconf 81' lang='lat' dir='ltr'><strong>molitor,</strong></span> <span class='ocrx_word' id='word_1_485' title='bbox 1376 5812 1774 5870; x_wconf 71' lang='lat' dir='ltr'><strong>converteretur,</strong></span> <span class='ocrx_word' id='word_1_486' title='bbox 1793 5813 1840 5856; x_wconf 90' lang='lat' dir='ltr'><strong>et</strong></span> <span class='ocrx_word' id='word_1_487' title='bbox 1888 5819 2034 5855; x_wconf 87' lang='lat' dir='ltr'><strong>cont-</strong></span> 
     </span>
    </p>
   </div>
   <div class='ocr_carea' id='block_1_77' title="bbox 2119 1908 3722 1981">
    <p class='ocr_par' dir='ltr' id='par_1_77' title="bbox 2119 1908 3722 1981">
     <span class='ocr_line' id='line_1_77' title="bbox 2119 1908 3722 1981; baseline -0.003 -17"><span class='ocrx_word' id='word_1_488' title='bbox 2119 1910 2175 1964; x_wconf 88' lang='lat' dir='ltr'><strong>bi</strong></span> <span class='ocrx_word' id='word_1_489' title='bbox 2236 1911 2573 1981; x_wconf 85' lang='lat' dir='ltr'><strong>complaceat</strong></span> <span class='ocrx_word' id='word_1_490' title='bbox 2620 1911 2812 1968; x_wconf 88' lang='lat' dir='ltr'><strong>:absit</strong></span> <span class='ocrx_word' id='word_1_491' title='bbox 2859 1919 2918 1965; x_wconf 87' lang='lat' dir='ltr'><strong>ut</strong></span> <span class='ocrx_word' id='word_1_492' title='bbox 2963 1910 3204 1981; x_wconf 88' lang='lat' dir='ltr'><strong>optimus</strong></span> <span class='ocrx_word' id='word_1_493' title='bbox 3262 1908 3423 1964; x_wconf 83' lang='lat' dir='ltr'><strong>bonis</strong></span> <span class='ocrx_word' id='word_1_494' title='bbox 3475 1913 3722 1961; x_wconf 71' lang='lat' dir='ltr'><strong>servata</strong></span> 
     </span>
    </p>
   </div>
   <div class='ocr_carea' id='block_1_78' title="bbox 2121 1997 3716 2071">
    <p class='ocr_par' dir='ltr' id='par_1_78' title="bbox 2121 1997 3716 2071">
     <span class='ocr_line' id='line_1_78' title="bbox 2121 1997 3716 2071; baseline -0.003 -17"><span class='ocrx_word' id='word_1_495' title='bbox 2121 2000 2391 2056; x_wconf 87' lang='lat' dir='ltr'><strong>mercedis</strong></span> <span class='ocrx_word' id='word_1_496' title='bbox 2421 2001 2720 2071; x_wconf 88' lang='lat' dir='ltr'><strong>quidquam</strong></span> <span class='ocrx_word' id='word_1_497' title='bbox 2763 2000 3070 2056; x_wconf 89' lang='lat' dir='ltr'><strong>diminuat!</strong></span> <span class='ocrx_word' id='word_1_498' title='bbox 3107 2001 3204 2056; x_wconf 87' lang='lat' dir='ltr'><strong>sed</strong></span> <span class='ocrx_word' id='word_1_499' title='bbox 3243 1999 3295 2054; x_wconf 90' lang='lat' dir='ltr'><strong>id</strong></span> <span class='ocrx_word' id='word_1_500' title='bbox 3318 1997 3472 2065; x_wconf 81' lang='lat' dir='ltr'><strong>facit,</strong></span> <span class='ocrx_word' id='word_1_501' title='bbox 3513 2010 3582 2050; x_wconf 86' lang='lat' dir='ltr'><strong>ne</strong></span> <span class='ocrx_word' id='word_1_502' title='bbox 3607 2011 3716 2050; x_wconf 82' lang='lat' dir='ltr'><strong>sn-</strong></span> 
     </span>
    </p>
   </div>
   <div class='ocr_carea' id='block_1_79' title="bbox 2120 2091 3715 2165">
    <p class='ocr_par' dir='ltr' id='par_1_79' title="bbox 2120 2091 3715 2165">
     <span class='ocr_line' id='line_1_79' title="bbox 2120 2091 3715 2165; baseline -0.003 -18"><span class='ocrx_word' id='word_1_503' title='bbox 2120 2094 2306 2164; x_wconf 89' lang='lat' dir='ltr'><strong>perbia</strong></span> <span class='ocrx_word' id='word_1_504' title='bbox 2341 2093 2660 2161; x_wconf 72' lang='lat' dir='ltr'><strong>efferantur,</strong></span> <span class='ocrx_word' id='word_1_505' title='bbox 2697 2103 2751 2150; x_wconf 91' lang='lat' dir='ltr'><strong>et</strong></span> <span class='ocrx_word' id='word_1_506' title='bbox 2784 2096 2957 2151; x_wconf 90' lang='lat' dir='ltr'><strong>virtus</strong></span> <span class='ocrx_word' id='word_1_507' title='bbox 2993 2109 3182 2150; x_wconf 87' lang='lat' dir='ltr'><strong>eorum</strong></span> <span class='ocrx_word' id='word_1_508' title='bbox 3233 2102 3424 2165; x_wconf 86' lang='lat' dir='ltr'><strong>pereat</strong></span> <span class='ocrx_word' id='word_1_509' title='bbox 3460 2091 3715 2163; x_wconf 84' lang='lat' dir='ltr'><strong>penitus,</strong></span> 
     </span>
    </p>
   </div>
   <div class='ocr_carea' id='block_1_80' title="bbox 2121 2181 3720 2258">
    <p class='ocr_par' dir='ltr' id='par_1_80' title="bbox 2121 2181 3720 2258">
     <span class='ocr_line' id='line_1_80' title="bbox 2121 2181 3720 2258; baseline -0.003 -18"><span class='ocrx_word' id='word_1_510' title='bbox 2121 2196 2173 2241; x_wconf 90' lang='lat' dir='ltr'><strong>et</strong></span> <span class='ocrx_word' id='word_1_511' title='bbox 2203 2187 2405 2256; x_wconf 89' lang='lat' dir='ltr'><strong>paratis</strong></span> <span class='ocrx_word' id='word_1_512' title='bbox 2434 2187 2774 2258; x_wconf 82' lang='lat' dir='ltr'><strong>servatisque</strong></span> <span class='ocrx_word' id='word_1_513' title='bbox 2806 2189 2887 2243; x_wconf 89' lang='lat' dir='ltr'><strong>eis</strong></span> <span class='ocrx_word' id='word_1_514' title='bbox 2918 2189 3199 2258; x_wconf 88' lang='lat' dir='ltr'><strong>priventur</strong></span> <span class='ocrx_word' id='word_1_515' title='bbox 3230 2186 3410 2254; x_wconf 90' lang='lat' dir='ltr'><strong>bonis,</strong></span> <span class='ocrx_word' id='word_1_516' title='bbox 3443 2199 3512 2239; x_wconf 90' lang='lat' dir='ltr'><strong>ac</strong></span> <span class='ocrx_word' id='word_1_517' title='bbox 3545 2181 3720 2238; x_wconf 84' lang='lat' dir='ltr'><strong>alieni</strong></span> 
     </span>
    </p>
   </div>
   <div class='ocr_carea' id='block_1_81' title="bbox 2121 2279 3715 2350">
    <p class='ocr_par' dir='ltr' id='par_1_81' title="bbox 2121 2279 3715 2350">
     <span class='ocr_line' id='line_1_81' title="bbox 2121 2279 3715 2350; baseline -0.004 -15"><span class='ocrx_word' id='word_1_518' title='bbox 2121 2279 2430 2335; x_wconf 78' lang='lat' dir='ltr'><strong>elﬁciantur</strong></span> <span class='ocrx_word' id='word_1_519' title='bbox 2457 2297 2486 2334; x_wconf 89' lang='lat' dir='ltr'><strong>a</strong></span> <span class='ocrx_word' id='word_1_520' title='bbox 2516 2282 2690 2350; x_wconf 80' lang='lat' dir='ltr'><strong>gratia</strong></span> <span class='ocrx_word' id='word_1_521' title='bbox 2721 2281 2836 2336; x_wconf 91' lang='lat' dir='ltr'><strong>Dei.</strong></span> <span class='ocrx_word' id='word_1_522' title='bbox 2856 2280 3221 2349; x_wconf 87' lang='lat' dir='ltr'><strong>Quamobrem</strong></span> <span class='ocrx_word' id='word_1_523' title='bbox 3251 2279 3352 2335; x_wconf 90' lang='lat' dir='ltr'><strong>etsi</strong></span> <span class='ocrx_word' id='word_1_524' title='bbox 3379 2287 3715 2347; x_wconf 85' lang='lat' dir='ltr'><strong>operatores</strong></span> 
     </span>
    </p>
   </div>
   <div class='ocr_carea' id='block_1_82' title="bbox 2122 2375 3720 2446">
    <p class='ocr_par' dir='ltr' id='par_1_82' title="bbox 2122 2375 3720 2446">
     <span class='ocr_line' id='line_1_82' title="bbox 2122 2375 3720 2446; baseline -0.004 -17"><span class='ocrx_word' id='word_1_525' title='bbox 2122 2375 2234 2430; x_wconf 92' lang='lat' dir='ltr'><strong>sint</strong></span> <span class='ocrx_word' id='word_1_526' title='bbox 2275 2385 2581 2445; x_wconf 86' lang='lat' dir='ltr'><strong>naventque</strong></span> <span class='ocrx_word' id='word_1_527' title='bbox 2629 2390 2851 2446; x_wconf 90' lang='lat' dir='ltr'><strong>operam</strong></span> <span class='ocrx_word' id='word_1_528' title='bbox 2895 2376 3190 2431; x_wconf 88' lang='lat' dir='ltr'><strong>virtutibus</strong></span> <span class='ocrx_word' id='word_1_529' title='bbox 3219 2413 3235 2441; x_wconf 90' lang='lat'><strong>,</strong></span> <span class='ocrx_word' id='word_1_530' title='bbox 3284 2382 3338 2428; x_wconf 88' lang='lat' dir='ltr'><strong>et</strong></span> <span class='ocrx_word' id='word_1_531' title='bbox 3384 2387 3481 2428; x_wconf 89' lang='lat' dir='ltr'><strong>eos</strong></span> <span class='ocrx_word' id='word_1_532' title='bbox 3530 2379 3720 2426; x_wconf 80' lang='lat' dir='ltr'><strong>servet</strong></span> 
     </span>
    </p>
   </div>
   <div class='ocr_carea' id='block_1_83' title="bbox 2123 2465 3722 2540">
    <p class='ocr_par' dir='ltr' id='par_1_83' title="bbox 2123 2465 3722 2540">
     <span class='ocr_line' id='line_1_83' title="bbox 2123 2465 3722 2540; baseline -0.004 -18"><span class='ocrx_word' id='word_1_533' title='bbox 2123 2467 2295 2533; x_wconf 89' lang='lat' dir='ltr'><strong>Deus;</strong></span> <span class='ocrx_word' id='word_1_534' title='bbox 2324 2469 2592 2537; x_wconf 86' lang='lat' dir='ltr'><strong>permittit</strong></span> <span class='ocrx_word' id='word_1_535' title='bbox 2643 2477 2820 2524; x_wconf 90' lang='lat' dir='ltr'><strong>tamen</strong></span> <span class='ocrx_word' id='word_1_536' title='bbox 2854 2469 3172 2540; x_wconf 90' lang='lat' dir='ltr'><strong>aliquando,</strong></span> <span class='ocrx_word' id='word_1_537' title='bbox 3202 2477 3261 2524; x_wconf 89' lang='lat' dir='ltr'><strong>ut</strong></span> <span class='ocrx_word' id='word_1_538' title='bbox 3290 2482 3384 2524; x_wconf 90' lang='lat' dir='ltr'><strong>eos</strong></span> <span class='ocrx_word' id='word_1_539' title='bbox 3407 2465 3722 2535; x_wconf 78' lang='lat' dir='ltr'><strong>corripiant</strong></span> 
     </span>
    </p>
   </div>
   <div class='ocr_carea' id='block_1_84' title="bbox 2125 2561 3718 2633">
    <p class='ocr_par' dir='ltr' id='par_1_84' title="bbox 2125 2561 3718 2633">
     <span class='ocr_line' id='line_1_84' title="bbox 2125 2561 3718 2633; baseline -0.002 -18"><span class='ocrx_word' id='word_1_540' title='bbox 2125 2561 2418 2629; x_wconf 85' lang='lat' dir='ltr'><strong>daemones,</strong></span> <span class='ocrx_word' id='word_1_541' title='bbox 2450 2572 2505 2618; x_wconf 90' lang='lat' dir='ltr'><strong>et</strong></span> <span class='ocrx_word' id='word_1_542' title='bbox 2533 2561 2778 2633; x_wconf 87' lang='lat' dir='ltr'><strong>injiciant</strong></span> <span class='ocrx_word' id='word_1_543' title='bbox 2811 2564 2891 2619; x_wconf 90' lang='lat' dir='ltr'><strong>eis</strong></span> <span class='ocrx_word' id='word_1_544' title='bbox 2915 2563 3164 2619; x_wconf 89' lang='lat' dir='ltr'><strong>sordidas</strong></span> <span class='ocrx_word' id='word_1_545' title='bbox 3209 2561 3589 2632; x_wconf 81' lang='lat' dir='ltr'><strong>cogitationes,</strong></span> <span class='ocrx_word' id='word_1_546' title='bbox 3616 2567 3718 2613; x_wconf 80' lang='lat' dir='ltr'><strong>aut</strong></span> 
     </span>
    </p>
   </div>
   <div class='ocr_carea' id='block_1_85' title="bbox 2127 2653 3718 2727">
    <p class='ocr_par' dir='ltr' id='par_1_85' title="bbox 2127 2653 3718 2727">
     <span class='ocr_line' id='line_1_85' title="bbox 2127 2653 3718 2727; baseline -0.001 -19"><span class='ocrx_word' id='word_1_547' title='bbox 2127 2654 2396 2720; x_wconf 90' lang='lat' dir='ltr'><strong>timorem,</strong></span> <span class='ocrx_word' id='word_1_548' title='bbox 2449 2665 2543 2711; x_wconf 88' lang='lat' dir='ltr'><strong>aut</strong></span> <span class='ocrx_word' id='word_1_549' title='bbox 2596 2655 2804 2727; x_wconf 83' lang='lat' dir='ltr'><strong>ﬂagella</strong></span> <span class='ocrx_word' id='word_1_550' title='bbox 2861 2666 2919 2711; x_wconf 90' lang='lat' dir='ltr'><strong>ut</strong></span> <span class='ocrx_word' id='word_1_551' title='bbox 2973 2671 3125 2711; x_wconf 90' lang='lat' dir='ltr'><strong>suam</strong></span> <span class='ocrx_word' id='word_1_552' title='bbox 3180 2662 3479 2726; x_wconf 78' lang='lat' dir='ltr'><strong>agnoscant</strong></span> <span class='ocrx_word' id='word_1_553' title='bbox 3535 2653 3718 2708; x_wconf 77' lang='lat' dir='ltr'><strong>imbe—</strong></span> 
     </span>
    </p>
   </div>
   <div class='ocr_carea' id='block_1_86' title="bbox 2127 2747 3713 2818">
    <p class='ocr_par' dir='ltr' id='par_1_86' title="bbox 2127 2747 3713 2818">
     <span class='ocr_line' id='line_1_86' title="bbox 2127 2747 3713 2818; baseline -0.003 -15"><span class='ocrx_word' id='word_1_554' title='bbox 2127 2747 2431 2816; x_wconf 81' lang='lat' dir='ltr'><strong>cillitatem,</strong></span> <span class='ocrx_word' id='word_1_555' title='bbox 2465 2760 2519 2804; x_wconf 86' lang='lat' dir='ltr'><strong>et</strong></span> <span class='ocrx_word' id='word_1_556' title='bbox 2549 2750 2650 2805; x_wconf 89' lang='lat' dir='ltr'><strong>sibi</strong></span> <span class='ocrx_word' id='word_1_557' title='bbox 2691 2765 2909 2818; x_wconf 88' lang='lat' dir='ltr'><strong>semper</strong></span> <span class='ocrx_word' id='word_1_558' title='bbox 2938 2758 3193 2814; x_wconf 89' lang='lat' dir='ltr'><strong>caveant;</strong></span> <span class='ocrx_word' id='word_1_559' title='bbox 3232 2763 3352 2802; x_wconf 89' lang='lat' dir='ltr'><strong>nam</strong></span> <span class='ocrx_word' id='word_1_560' title='bbox 3382 2747 3621 2816; x_wconf 90' lang='lat' dir='ltr'><strong>quandiu</strong></span> <span class='ocrx_word' id='word_1_561' title='bbox 3652 2747 3713 2800; x_wconf 82' lang='lat' dir='ltr'><strong>in</strong></span> 
     </span>
    </p>
   </div>
   <div class='ocr_carea' id='block_1_87' title="bbox 2127 2840 3712 2915">
    <p class='ocr_par' dir='ltr' id='par_1_87' title="bbox 2127 2840 3712 2915">
     <span class='ocr_line' id='line_1_87' title="bbox 2127 2840 3712 2915; baseline -0.001 -21"><span class='ocrx_word' id='word_1_562' title='bbox 2127 2843 2326 2915; x_wconf 79' lang='lat' dir='ltr'><strong>mundo</strong></span> <span class='ocrx_word' id='word_1_563' title='bbox 2355 2843 2672 2912; x_wconf 87' lang='lat' dir='ltr'><strong>superstites</strong></span> <span class='ocrx_word' id='word_1_564' title='bbox 2717 2850 2865 2909; x_wconf 83' lang='lat' dir='ltr'><strong>sunt,</strong></span> <span class='ocrx_word' id='word_1_565' title='bbox 2906 2843 3012 2896; x_wconf 89' lang='lat' dir='ltr'><strong>vita</strong></span> <span class='ocrx_word' id='word_1_566' title='bbox 3067 2857 3255 2897; x_wconf 90' lang='lat' dir='ltr'><strong>eorum</strong></span> <span class='ocrx_word' id='word_1_567' title='bbox 3287 2840 3563 2896; x_wconf 85' lang='lat' dir='ltr'><strong>versatilis</strong></span> <span class='ocrx_word' id='word_1_568' title='bbox 3601 2851 3712 2894; x_wconf 88' lang='lat' dir='ltr'><strong>est.</strong></span> 
     </span>
    </p>
   </div>
   <div class='ocr_carea' id='block_1_88' title="bbox 2126 2932 3715 3006">
    <p class='ocr_par' dir='ltr' id='par_1_88' title="bbox 2126 2932 3715 3006">
     <span class='ocr_line' id='line_1_88' title="bbox 2126 2932 3715 3006; baseline 0.001 -21"><span class='ocrx_word' id='word_1_569' title='bbox 2126 2932 2592 3000; x_wconf 86' lang='lat' dir='ltr'><strong>Quemadmodum</strong></span> <span class='ocrx_word' id='word_1_570' title='bbox 2647 2946 2826 2990; x_wconf 90' lang='lat' dir='ltr'><strong>autem</strong></span> <span class='ocrx_word' id='word_1_571' title='bbox 2871 2937 3112 3005; x_wconf 88' lang='lat' dir='ltr'><strong>ipsorum</strong></span> <span class='ocrx_word' id='word_1_572' title='bbox 3146 2950 3370 3006; x_wconf 85' lang='lat' dir='ltr'><strong>operum</strong></span> <span class='ocrx_word' id='word_1_573' title='bbox 3401 2949 3600 3004; x_wconf 86' lang='lat' dir='ltr'><strong>scopas</strong></span> <span class='ocrx_word' id='word_1_574' title='bbox 3624 2943 3715 2988; x_wconf 85' lang='lat' dir='ltr'><strong>est</strong></span> 
     </span>
    </p>
   </div>
   <div class='ocr_carea' id='block_1_89' title="bbox 2127 3025 3713 3099">
    <p class='ocr_par' dir='ltr' id='par_1_89' title="bbox 2127 3025 3713 3099">
     <span class='ocr_line' id='line_1_89' title="bbox 2127 3025 3713 3099; baseline 0.001 -20"><span class='ocrx_word' id='word_1_575' title='bbox 2127 3025 2407 3080; x_wconf 86' lang='lat' dir='ltr'><strong>meditatio</strong></span> <span class='ocrx_word' id='word_1_576' title='bbox 2449 3027 2597 3092; x_wconf 92' lang='lat' dir='ltr'><strong>boni,</strong></span> <span class='ocrx_word' id='word_1_577' title='bbox 2635 3028 2778 3097; x_wconf 91' lang='lat' dir='ltr'><strong>quod</strong></span> <span class='ocrx_word' id='word_1_578' title='bbox 2825 3028 2936 3083; x_wconf 91' lang='lat' dir='ltr'><strong>illis</strong></span> <span class='ocrx_word' id='word_1_579' title='bbox 2986 3036 3264 3084; x_wconf 83' lang='lat' dir='ltr'><strong>servatum</strong></span> <span class='ocrx_word' id='word_1_580' title='bbox 3311 3037 3397 3082; x_wconf 89' lang='lat' dir='ltr'><strong>est</strong></span> <span class='ocrx_word' id='word_1_581' title='bbox 3443 3043 3541 3099; x_wconf 85' lang='lat' dir='ltr'><strong>pro</strong></span> <span class='ocrx_word' id='word_1_582' title='bbox 3580 3028 3713 3096; x_wconf 84' lang='lat' dir='ltr'><strong>ipsis</strong></span> 
     </span>
    </p>
   </div>
   <div class='ocr_carea' id='block_1_90' title="bbox 2127 3119 3706 3192">
    <p class='ocr_par' dir='ltr' id='par_1_90' title="bbox 2127 3119 3706 3192">
     <span class='ocr_line' id='line_1_90' title="bbox 2127 3119 3706 3192; baseline 0.001 -20"><span class='ocrx_word' id='word_1_583' title='bbox 2127 3119 2400 3189; x_wconf 90' lang='lat' dir='ltr'><strong>operibus,</strong></span> <span class='ocrx_word' id='word_1_584' title='bbox 2435 3127 2488 3175; x_wconf 90' lang='lat' dir='ltr'><strong>et</strong></span> <span class='ocrx_word' id='word_1_585' title='bbox 2521 3120 2800 3176; x_wconf 89' lang='lat' dir='ltr'><strong>meditatio</strong></span> <span class='ocrx_word' id='word_1_586' title='bbox 2825 3119 2969 3192; x_wconf 89' lang='lat' dir='ltr'><strong>jugis</strong></span> <span class='ocrx_word' id='word_1_587' title='bbox 2993 3123 3174 3191; x_wconf 89' lang='lat' dir='ltr'><strong>operis</strong></span> <span class='ocrx_word' id='word_1_588' title='bbox 3193 3122 3260 3176; x_wconf 89' lang='lat' dir='ltr'><strong>ad</strong></span> <span class='ocrx_word' id='word_1_589' title='bbox 3295 3121 3706 3191; x_wconf 83' lang='lat' dir='ltr'><strong>acquisitionent</strong></span> 
     </span>
    </p>
   </div>
   <div class='ocr_carea' id='block_1_91' title="bbox 2127 3211 3710 3285">
    <p class='ocr_par' dir='ltr' id='par_1_91' title="bbox 2127 3211 3710 3285">
     <span class='ocr_line' id='line_1_91' title="bbox 2127 3211 3710 3285; baseline 0.001 -18"><span class='ocrx_word' id='word_1_590' title='bbox 2127 3211 2254 3267; x_wconf 87' lang='lat' dir='ltr'><strong>boni</strong></span> <span class='ocrx_word' id='word_1_591' title='bbox 2287 3229 2302 3266; x_wconf 92' lang='lat'><strong>:</strong></span> <span class='ocrx_word' id='word_1_592' title='bbox 2329 3211 2402 3266; x_wconf 90' lang='lat' dir='ltr'><strong>ila</strong></span> <span class='ocrx_word' id='word_1_593' title='bbox 2428 3211 2710 3268; x_wconf 88' lang='lat' dir='ltr'><strong>meditatio</strong></span> <span class='ocrx_word' id='word_1_594' title='bbox 2744 3229 2966 3269; x_wconf 91' lang='lat' dir='ltr'><strong>suorum</strong></span> <span class='ocrx_word' id='word_1_595' title='bbox 3004 3215 3312 3270; x_wconf 79' lang='lat' dir='ltr'><strong>defectuum</strong></span> <span class='ocrx_word' id='word_1_596' title='bbox 3343 3229 3407 3272; x_wconf 87' lang='lat' dir='ltr'><strong>ac</strong></span> <span class='ocrx_word' id='word_1_597' title='bbox 3437 3215 3710 3285; x_wconf 85' lang='lat' dir='ltr'><strong>impoten-</strong></span> 
     </span>
    </p>
   </div>
   <div class='ocr_carea' id='block_1_92' title="bbox 2129 3305 3708 3375">
    <p class='ocr_par' dir='ltr' id='par_1_92' title="bbox 2129 3305 3708 3375">
     <span class='ocr_line' id='line_1_92' title="bbox 2129 3305 3708 3375; baseline 0.001 -18"><span class='ocrx_word' id='word_1_598' title='bbox 2129 3305 2216 3358; x_wconf 72' lang='lat' dir='ltr'><strong>tiae</strong></span> <span class='ocrx_word' id='word_1_599' title='bbox 2250 3314 2490 3359; x_wconf 89' lang='lat' dir='ltr'><strong>removet</strong></span> <span class='ocrx_word' id='word_1_600' title='bbox 2525 3305 2644 3359; x_wconf 92' lang='lat' dir='ltr'><strong>illos</strong></span> <span class='ocrx_word' id='word_1_601' title='bbox 2678 3320 2706 3359; x_wconf 91' lang='lat' dir='ltr'><strong>a</strong></span> <span class='ocrx_word' id='word_1_602' title='bbox 2739 3307 3015 3375; x_wconf 72' lang='lat' dir='ltr'><strong>superbia,</strong></span> <span class='ocrx_word' id='word_1_603' title='bbox 3048 3313 3103 3362; x_wconf 85' lang='lat' dir='ltr'><strong>et</strong></span> <span class='ocrx_word' id='word_1_604' title='bbox 3120 3305 3303 3369; x_wconf 85' lang='lat' dir='ltr'><strong>ellicit,</strong></span> <span class='ocrx_word' id='word_1_605' title='bbox 3332 3317 3390 3361; x_wconf 92' lang='lat' dir='ltr'><strong>ut</strong></span> <span class='ocrx_word' id='word_1_606' title='bbox 3421 3321 3580 3362; x_wconf 90' lang='lat' dir='ltr'><strong>omne</strong></span> <span class='ocrx_word' id='word_1_607' title='bbox 3608 3308 3708 3361; x_wconf 81' lang='lat' dir='ltr'><strong>hu-</strong></span> 
     </span>
    </p>
   </div>
   <div class='ocr_carea' id='block_1_93' title="bbox 2127 3396 3708 3469">
    <p class='ocr_par' dir='ltr' id='par_1_93' title="bbox 2127 3396 3708 3469">
     <span class='ocr_line' id='line_1_93' title="bbox 2127 3396 3708 3469; baseline 0.003 -20"><span class='ocrx_word' id='word_1_608' title='bbox 2127 3396 2377 3450; x_wconf 84' lang='lat' dir='ltr'><strong>utilitatis</strong></span> <span class='ocrx_word' id='word_1_609' title='bbox 2432 3397 2769 3452; x_wconf 89' lang='lat' dir='ltr'><strong>meditentur</strong></span> <span class='ocrx_word' id='word_1_610' title='bbox 2825 3413 3014 3468; x_wconf 84' lang='lat' dir='ltr'><strong>genus,</strong></span> <span class='ocrx_word' id='word_1_611' title='bbox 3079 3407 3416 3469; x_wconf 86' lang='lat' dir='ltr'><strong>caveautque</strong></span> <span class='ocrx_word' id='word_1_612' title='bbox 3466 3398 3590 3462; x_wconf 90' lang='lat' dir='ltr'><strong>sibi,</strong></span> <span class='ocrx_word' id='word_1_613' title='bbox 3639 3414 3708 3453; x_wconf 88' lang='lat' dir='ltr'><strong>ne</strong></span> 
     </span>
    </p>
   </div>
   <div class='ocr_carea' id='block_1_94' title="bbox 2128 3489 3706 3563">
    <p class='ocr_par' dir='ltr' id='par_1_94' title="bbox 2128 3489 3706 3563">
     <span class='ocr_line' id='line_1_94' title="bbox 2128 3489 3706 3563; baseline 0.001 -19"><span class='ocrx_word' id='word_1_614' title='bbox 2128 3503 2281 3544; x_wconf 88' lang='lat' dir='ltr'><strong>suam</strong></span> <span class='ocrx_word' id='word_1_615' title='bbox 2329 3489 2580 3544; x_wconf 86' lang='lat' dir='ltr'><strong>amittant</strong></span> <span class='ocrx_word' id='word_1_616' title='bbox 2619 3491 2873 3546; x_wconf 89' lang='lat' dir='ltr'><strong>virtutem</strong></span> <span class='ocrx_word' id='word_1_617' title='bbox 2921 3507 2987 3547; x_wconf 92' lang='lat' dir='ltr'><strong>eo</strong></span> <span class='ocrx_word' id='word_1_618' title='bbox 3041 3503 3306 3561; x_wconf 90' lang='lat' dir='ltr'><strong>tempore,</strong></span> <span class='ocrx_word' id='word_1_619' title='bbox 3353 3507 3462 3561; x_wconf 88' lang='lat' dir='ltr'><strong>quo</strong></span> <span class='ocrx_word' id='word_1_620' title='bbox 3515 3492 3706 3563; x_wconf 76' lang='lat' dir='ltr'><strong>duplex</strong></span> 
     </span>
    </p>
   </div>
   <div class='ocr_carea' id='block_1_95' title="bbox 2129 3581 3707 3652">
    <p class='ocr_par' dir='ltr' id='par_1_95' title="bbox 2129 3581 3707 3652">
     <span class='ocr_line' id='line_1_95' title="bbox 2129 3581 3707 3652; baseline 0.004 -18"><span class='ocrx_word' id='word_1_621' title='bbox 2129 3581 2382 3652; x_wconf 80' lang='lat' dir='ltr'><strong>gaudium</strong></span> <span class='ocrx_word' id='word_1_622' title='bbox 2434 3590 2559 3636; x_wconf 89' lang='lat' dir='ltr'><strong>sunt</strong></span> <span class='ocrx_word' id='word_1_623' title='bbox 2605 3584 2950 3639; x_wconf 84' lang='lat' dir='ltr'><strong>consecuturi</strong></span> <span class='ocrx_word' id='word_1_624' title='bbox 3001 3599 3032 3639; x_wconf 90' lang='lat' dir='ltr'><strong>a</strong></span> <span class='ocrx_word' id='word_1_625' title='bbox 3085 3586 3315 3640; x_wconf 89' lang='lat' dir='ltr'><strong>Domino</strong></span> <span class='ocrx_word' id='word_1_626' title='bbox 3361 3596 3550 3641; x_wconf 90' lang='lat' dir='ltr'><strong>nostro</strong></span> <span class='ocrx_word' id='word_1_627' title='bbox 3580 3584 3707 3641; x_wconf 82' lang='lat' dir='ltr'><strong>Jesu</strong></span> 
     </span>
    </p>
   </div>
   <div class='ocr_carea' id='block_1_96' title="bbox 2129 3673 3242 3745">
    <p class='ocr_par' dir='ltr' id='par_1_96' title="bbox 2129 3673 3242 3745">
     <span class='ocr_line' id='line_1_96' title="bbox 2129 3673 3242 3745; baseline 0.003 -16"><span class='ocrx_word' id='word_1_628' title='bbox 2129 3673 2350 3729; x_wconf 89' lang='lat' dir='ltr'><strong>Christo</strong></span> <span class='ocrx_word' id='word_1_629' title='bbox 2374 3673 2426 3728; x_wconf 93' lang='lat' dir='ltr'><strong>in</strong></span> <span class='ocrx_word' id='word_1_630' title='bbox 2461 3689 2635 3745; x_wconf 85' lang='lat' dir='ltr'><strong>regno</strong></span> <span class='ocrx_word' id='word_1_631' title='bbox 2666 3677 2929 3733; x_wconf 72' lang='lat' dir='ltr'><strong>cmlorum</strong></span> <span class='ocrx_word' id='word_1_632' title='bbox 2957 3677 3072 3733; x_wconf 90' lang='lat' dir='ltr'><strong>sine</strong></span> <span class='ocrx_word' id='word_1_633' title='bbox 3112 3677 3242 3734; x_wconf 83' lang='lat' dir='ltr'><strong>ﬁne.</strong></span> 
     </span>
    </p>
   </div>
   <div class='ocr_carea' id='block_1_97' title="bbox 2734 3769 3108 3840">
    <p class='ocr_par' dir='ltr' id='par_1_97' title="bbox 2734 3769 3108 3840">
     <span class='ocr_line' id='line_1_97' title="bbox 2734 3769 3108 3840; baseline 0 -16"><span class='ocrx_word' id='word_1_634' title='bbox 2734 3769 3108 3840; x_wconf 83' lang='lat' dir='ltr'><strong>Interrogatio.</strong></span> 
     </span>
    </p>
   </div>
   <div class='ocr_carea' id='block_1_98' title="bbox 2209 3857 3701 3932">
    <p class='ocr_par' dir='ltr' id='par_1_98' title="bbox 2209 3857 3701 3932">
     <span class='ocr_line' id='line_1_98' title="bbox 2209 3857 3701 3932; baseline 0.007 -23"><span class='ocrx_word' id='word_1_635' title='bbox 2209 3857 2364 3914; x_wconf 81' lang='lat' dir='ltr'><strong>Venit</strong></span> <span class='ocrx_word' id='word_1_636' title='bbox 2407 3859 2578 3915; x_wconf 84' lang='lat' dir='ltr'><strong>abbas</strong></span> <span class='ocrx_word' id='word_1_637' title='bbox 2623 3860 2862 3916; x_wconf 87' lang='lat' dir='ltr'><strong>Ellenius</strong></span> <span class='ocrx_word' id='word_1_638' title='bbox 2897 3877 2928 3917; x_wconf 93' lang='lat' dir='ltr'><strong>e</strong></span> <span class='ocrx_word' id='word_1_639' title='bbox 2970 3862 3126 3932; x_wconf 67' lang='lat' dir='ltr'><strong>Sy’ria</strong></span> <span class='ocrx_word' id='word_1_640' title='bbox 3165 3863 3230 3918; x_wconf 87' lang='lat' dir='ltr'><strong>ad</strong></span> <span class='ocrx_word' id='word_1_641' title='bbox 3260 3863 3509 3920; x_wconf 88' lang='lat' dir='ltr'><strong>abbatem</strong></span> <span class='ocrx_word' id='word_1_642' title='bbox 3538 3864 3701 3920; x_wconf 82' lang='lat' dir='ltr'><strong>Anto-</strong></span> 
     </span>
    </p>
   </div>
   <div class='ocr_carea' id='block_1_99' title="bbox 2131 3950 3706 4019">
    <p class='ocr_par' dir='ltr' id='par_1_99' title="bbox 2131 3950 3706 4019">
     <span class='ocr_line' id='line_1_99' title="bbox 2131 3950 3706 4019; baseline 0.004 -15"><span class='ocrx_word' id='word_1_643' title='bbox 2131 3950 2312 4019; x_wconf 87' lang='lat' dir='ltr'><strong>nium;</strong></span> <span class='ocrx_word' id='word_1_644' title='bbox 2345 3952 2430 4006; x_wconf 91' lang='lat' dir='ltr'><strong>cui</strong></span> <span class='ocrx_word' id='word_1_645' title='bbox 2463 3953 2582 4007; x_wconf 89' lang='lat' dir='ltr'><strong>viso</strong></span> <span class='ocrx_word' id='word_1_646' title='bbox 2621 3953 2760 4007; x_wconf 74' lang='lat' dir='ltr'><strong>dixit</strong></span> <span class='ocrx_word' id='word_1_647' title='bbox 2808 3954 2975 4008; x_wconf 89' lang='lat' dir='ltr'><strong>abbas</strong></span> <span class='ocrx_word' id='word_1_648' title='bbox 3019 3954 3323 4010; x_wconf 87' lang='lat' dir='ltr'><strong>Antonius:</strong></span> <span class='ocrx_word' id='word_1_649' title='bbox 3358 3955 3498 4010; x_wconf 86' lang='lat' dir='ltr'><strong>Bene</strong></span> <span class='ocrx_word' id='word_1_650' title='bbox 3534 3958 3706 4010; x_wconf 66' lang='lat' dir='ltr'><strong>nenias</strong></span> 
     </span>
    </p>
   </div>
   <div class='ocr_carea' id='block_1_100' title="bbox 2130 4043 3700 4116">
    <p class='ocr_par' dir='ltr' id='par_1_100' title="bbox 2130 4043 3700 4116">
     <span class='ocr_line' id='line_1_100' title="bbox 2130 4043 3700 4116; baseline 0.003 -18"><span class='ocrx_word' id='word_1_651' title='bbox 2130 4043 2278 4098; x_wconf 79' lang='lat' dir='ltr'><strong>sidus</strong></span> <span class='ocrx_word' id='word_1_652' title='bbox 2316 4046 2660 4108; x_wconf 84' lang='lat' dir='ltr'><strong>matutinum,</strong></span> <span class='ocrx_word' id='word_1_653' title='bbox 2690 4047 2827 4115; x_wconf 85' lang='lat' dir='ltr'><strong>quod</strong></span> <span class='ocrx_word' id='word_1_654' title='bbox 2872 4063 3024 4100; x_wconf 89' lang='lat' dir='ltr'><strong>mane</strong></span> <span class='ocrx_word' id='word_1_655' title='bbox 3069 4051 3260 4100; x_wconf 87' lang='lat' dir='ltr'><strong>oritur.</strong></span> <span class='ocrx_word' id='word_1_656' title='bbox 3289 4047 3388 4102; x_wconf 84' lang='lat' dir='ltr'><strong>Cui</strong></span> <span class='ocrx_word' id='word_1_657' title='bbox 3425 4049 3700 4116; x_wconf 80' lang='lat' dir='ltr'><strong>respondit</strong></span> 
     </span>
    </p>
   </div>
   <div class='ocr_carea' id='block_1_101' title="bbox 2133 4136 3702 4208">
    <p class='ocr_par' dir='ltr' id='par_1_101' title="bbox 2133 4136 3702 4208">
     <span class='ocr_line' id='line_1_101' title="bbox 2133 4136 3702 4208; baseline 0.004 -20"><span class='ocrx_word' id='word_1_658' title='bbox 2133 4137 2300 4191; x_wconf 88' lang='lat' dir='ltr'><strong>abbas</strong></span> <span class='ocrx_word' id='word_1_659' title='bbox 2331 4136 2569 4191; x_wconf 86' lang='lat' dir='ltr'><strong>Ellenius</strong></span> <span class='ocrx_word' id='word_1_660' title='bbox 2597 4156 2608 4189; x_wconf 88' lang='lat'>:</span> <span class='ocrx_word' id='word_1_661' title='bbox 2638 4137 2790 4192; x_wconf 84' lang='lat' dir='ltr'><strong>Salve</strong></span> <span class='ocrx_word' id='word_1_662' title='bbox 2829 4150 2884 4192; x_wconf 90' lang='lat' dir='ltr'><strong>tu</strong></span> <span class='ocrx_word' id='word_1_663' title='bbox 2925 4156 3160 4208; x_wconf 83' lang='lat' dir='ltr'><strong>quoque,</strong></span> <span class='ocrx_word' id='word_1_664' title='bbox 3184 4139 3424 4195; x_wconf 84' lang='lat' dir='ltr'><strong>columna</strong></span> <span class='ocrx_word' id='word_1_665' title='bbox 3469 4141 3702 4206; x_wconf 79' lang='lat' dir='ltr'><strong>luminis,</strong></span> 
     </span>
    </p>
   </div>
   <div class='ocr_carea' id='block_1_102' title="bbox 2131 4228 3701 4299">
    <p class='ocr_par' dir='ltr' id='par_1_102' title="bbox 2131 4228 3701 4299">
     <span class='ocr_line' id='line_1_102' title="bbox 2131 4228 3701 4299; baseline 0.004 -18"><span class='ocrx_word' id='word_1_666' title='bbox 2131 4245 2249 4299; x_wconf 65' lang='lat' dir='ltr'><strong>quae</strong></span> <span class='ocrx_word' id='word_1_667' title='bbox 2278 4228 2454 4282; x_wconf 88' lang='lat' dir='ltr'><strong>orbem</strong></span> <span class='ocrx_word' id='word_1_668' title='bbox 2490 4239 2751 4283; x_wconf 86' lang='lat' dir='ltr'><strong>terrarum</strong></span> <span class='ocrx_word' id='word_1_669' title='bbox 2786 4230 3071 4284; x_wconf 81' lang='lat' dir='ltr'><strong>decoravit.</strong></span> <span class='ocrx_word' id='word_1_670' title='bbox 3107 4232 3238 4298; x_wconf 88' lang='lat' dir='ltr'><strong>Quis</strong></span> <span class='ocrx_word' id='word_1_671' title='bbox 3290 4241 3376 4286; x_wconf 86' lang='lat' dir='ltr'><strong>est</strong></span> <span class='ocrx_word' id='word_1_672' title='bbox 3422 4233 3521 4289; x_wconf 87' lang='lat' dir='ltr'><strong>iste</strong></span> <span class='ocrx_word' id='word_1_673' title='bbox 3563 4232 3701 4288; x_wconf 78' lang='lat' dir='ltr'><strong>Elle-</strong></span> 
     </span>
    </p>
   </div>
   <div class='ocr_carea' id='block_1_103' title="bbox 2134 4317 3353 4391">
    <p class='ocr_par' dir='ltr' id='par_1_103' title="bbox 2134 4317 3353 4391">
     <span class='ocr_line' id='line_1_103' title="bbox 2134 4317 3353 4391; baseline 0.002 -19"><span class='ocrx_word' id='word_1_674' title='bbox 2134 4317 2290 4372; x_wconf 89' lang='lat' dir='ltr'><strong>nius?</strong></span> <span class='ocrx_word' id='word_1_675' title='bbox 2315 4328 2368 4374; x_wconf 91' lang='lat' dir='ltr'><strong>et</strong></span> <span class='ocrx_word' id='word_1_676' title='bbox 2401 4334 2497 4375; x_wconf 89' lang='lat' dir='ltr'><strong>cur</strong></span> <span class='ocrx_word' id='word_1_677' title='bbox 2529 4319 2603 4374; x_wconf 91' lang='lat' dir='ltr'><strong>ita</strong></span> <span class='ocrx_word' id='word_1_678' title='bbox 2634 4319 2784 4374; x_wconf 90' lang='lat' dir='ltr'><strong>illum</strong></span> <span class='ocrx_word' id='word_1_679' title='bbox 2813 4321 3002 4375; x_wconf 89' lang='lat' dir='ltr'><strong>beatus</strong></span> <span class='ocrx_word' id='word_1_680' title='bbox 3029 4320 3353 4391; x_wconf 81' lang='lat' dir='ltr'><strong>appellavit?</strong></span> 
     </span>
    </p>
   </div>
   <div class='ocr_carea' id='block_1_104' title="bbox 2765 4411 3072 4480">
    <p class='ocr_par' dir='ltr' id='par_1_104' title="bbox 2765 4411 3072 4480">
     <span class='ocr_line' id='line_1_104' title="bbox 2765 4411 3072 4480; baseline 0.007 -14"><span class='ocrx_word' id='word_1_681' title='bbox 2765 4411 3072 4480; x_wconf 82' lang='lat' dir='ltr'><strong>Responsio.</strong></span> 
     </span>
    </p>
   </div>
   <div class='ocr_carea' id='block_1_105' title="bbox 2058 4501 3698 4578">
    <p class='ocr_par' dir='ltr' id='par_1_105' title="bbox 2058 4501 3698 4578">
     <span class='ocr_line' id='line_1_105' title="bbox 2058 4501 3698 4578; baseline 0.004 -21"><span class='ocrx_word' id='word_1_682' title='bbox 2058 4519 2109 4578; x_wconf 80' lang='grc' dir='ltr'><strong>ι)</strong></span> <span class='ocrx_word' id='word_1_683' title='bbox 2205 4501 2450 4559; x_wconf 87' lang='lat' dir='ltr'><strong>Ellenius</strong></span> <span class='ocrx_word' id='word_1_684' title='bbox 2475 4503 2580 4559; x_wconf 92' lang='lat' dir='ltr'><strong>iste</strong></span> <span class='ocrx_word' id='word_1_685' title='bbox 2611 4514 2730 4559; x_wconf 92' lang='lat' dir='ltr'><strong>erat</strong></span> <span class='ocrx_word' id='word_1_686' title='bbox 2757 4507 3092 4575; x_wconf 89' lang='lat' dir='ltr'><strong>temporibus</strong></span> <span class='ocrx_word' id='word_1_687' title='bbox 3131 4506 3190 4561; x_wconf 93' lang='lat' dir='ltr'><strong>S.</strong></span> <span class='ocrx_word' id='word_1_688' title='bbox 3216 4507 3438 4563; x_wconf 82' lang='lat' dir='ltr'><strong>Antonii</strong></span> <span class='ocrx_word' id='word_1_689' title='bbox 3478 4509 3698 4573; x_wconf 85' lang='lat' dir='ltr'><strong>abbatis,</strong></span> 
     </span>
    </p>
   </div>
   <div class='ocr_carea' id='block_1_106' title="bbox 2134 4597 3704 4668">
    <p class='ocr_par' dir='ltr' id='par_1_106' title="bbox 2134 4597 3704 4668">
     <span class='ocr_line' id='line_1_106' title="bbox 2134 4597 3704 4668; baseline 0 -15"><span class='ocrx_word' id='word_1_690' title='bbox 2134 4607 2188 4653; x_wconf 90' lang='lat' dir='ltr'><strong>et</strong></span> <span class='ocrx_word' id='word_1_691' title='bbox 2208 4597 2434 4668; x_wconf 74' lang='lat' dir='ltr'><strong>aequalis</strong></span> <span class='ocrx_word' id='word_1_692' title='bbox 2454 4597 2551 4666; x_wconf 90' lang='lat' dir='ltr'><strong>ipsi</strong></span> <span class='ocrx_word' id='word_1_693' title='bbox 2576 4597 2744 4667; x_wconf 83' lang='lat' dir='ltr'><strong>gradu</strong></span> <span class='ocrx_word' id='word_1_694' title='bbox 2772 4607 2827 4652; x_wconf 89' lang='lat' dir='ltr'><strong>et</strong></span> <span class='ocrx_word' id='word_1_695' title='bbox 2853 4599 3128 4668; x_wconf 90' lang='lat' dir='ltr'><strong>operibus.</strong></span> <span class='ocrx_word' id='word_1_696' title='bbox 3150 4599 3303 4655; x_wconf 86' lang='lat' dir='ltr'><strong>Hunc</strong></span> <span class='ocrx_word' id='word_1_697' title='bbox 3325 4601 3704 4656; x_wconf 81' lang='lat' dir='ltr'><strong>Constantinus</strong></span> 
     </span>
    </p>
   </div>
   <div class='ocr_carea' id='block_1_107' title="bbox 2134 4689 3697 4764">
    <p class='ocr_par' dir='ltr' id='par_1_107' title="bbox 2134 4689 3697 4764">
     <span class='ocr_line' id='line_1_107' title="bbox 2134 4689 3697 4764; baseline 0.003 -20"><span class='ocrx_word' id='word_1_698' title='bbox 2134 4690 2428 4758; x_wconf 88' lang='lat' dir='ltr'><strong>imperator</strong></span> <span class='ocrx_word' id='word_1_699' title='bbox 2457 4690 2632 4744; x_wconf 90' lang='lat' dir='ltr'><strong>victor</strong></span> <span class='ocrx_word' id='word_1_700' title='bbox 2683 4689 2920 4745; x_wconf 89' lang='lat' dir='ltr'><strong>laudavit</strong></span> <span class='ocrx_word' id='word_1_701' title='bbox 2957 4691 3142 4746; x_wconf 89' lang='lat' dir='ltr'><strong>dicens</strong></span> <span class='ocrx_word' id='word_1_702' title='bbox 3178 4708 3193 4745; x_wconf 91' lang='lat'><strong>:</strong></span> <span class='ocrx_word' id='word_1_703' title='bbox 3227 4690 3441 4748; x_wconf 80' lang='lat' dir='ltr'><strong>Gratias</strong></span> <span class='ocrx_word' id='word_1_704' title='bbox 3468 4710 3561 4764; x_wconf 82' lang='lat' dir='ltr'><strong>ago</strong></span> <span class='ocrx_word' id='word_1_705' title='bbox 3594 4694 3697 4749; x_wconf 83' lang='lat' dir='ltr'><strong>Do-</strong></span> 
     </span>
    </p>
   </div>
   <div class='ocr_carea' id='block_1_108' title="bbox 2132 4780 3700 4851">
    <p class='ocr_par' dir='ltr' id='par_1_108' title="bbox 2132 4780 3700 4851">
     <span class='ocr_line' id='line_1_108' title="bbox 2132 4780 3700 4851; baseline 0.001 -15"><span class='ocrx_word' id='word_1_706' title='bbox 2132 4782 2273 4836; x_wconf 88' lang='lat' dir='ltr'><strong>mino</strong></span> <span class='ocrx_word' id='word_1_707' title='bbox 2308 4780 2536 4846; x_wconf 84' lang='lat' dir='ltr'><strong>Christo,</strong></span> <span class='ocrx_word' id='word_1_708' title='bbox 2585 4783 2724 4851; x_wconf 86' lang='lat' dir='ltr'><strong>quod</strong></span> <span class='ocrx_word' id='word_1_709' title='bbox 2772 4783 2878 4836; x_wconf 86' lang='lat' dir='ltr'><strong>tria</strong></span> <span class='ocrx_word' id='word_1_710' title='bbox 2927 4783 3104 4838; x_wconf 69' lang='lat' dir='ltr'><strong>divina</strong></span> <span class='ocrx_word' id='word_1_711' title='bbox 3155 4784 3438 4840; x_wconf 88' lang='lat' dir='ltr'><strong>luminaria</strong></span> <span class='ocrx_word' id='word_1_712' title='bbox 3497 4788 3603 4841; x_wconf 85' lang='lat' dir='ltr'><strong>sint</strong></span> <span class='ocrx_word' id='word_1_713' title='bbox 3650 4788 3700 4838; x_wconf 84' lang='lat' dir='ltr'><strong>in</strong></span> 
     </span>
    </p>
   </div>
   <div class='ocr_carea' id='block_1_109' title="bbox 2135 4873 3696 4946">
    <p class='ocr_par' dir='ltr' id='par_1_109' title="bbox 2135 4873 3696 4946">
     <span class='ocr_line' id='line_1_109' title="bbox 2135 4873 3696 4946; baseline 0.002 -18"><span class='ocrx_word' id='word_1_714' title='bbox 2135 4874 2312 4929; x_wconf 80' lang='lat' dir='ltr'><strong>diebus</strong></span> <span class='ocrx_word' id='word_1_715' title='bbox 2339 4875 2491 4940; x_wconf 83' lang='lat' dir='ltr'><strong>meis,</strong></span> <span class='ocrx_word' id='word_1_716' title='bbox 2523 4874 2722 4929; x_wconf 81' lang='lat' dir='ltr'><strong>scilicet</strong></span> <span class='ocrx_word' id='word_1_717' title='bbox 2752 4873 2820 4930; x_wconf 89' lang='grc' dir='ltr'><strong>Β.</strong></span> <span class='ocrx_word' id='word_1_718' title='bbox 2843 4875 3005 4930; x_wconf 83' lang='lat' dir='ltr'><strong>abbas</strong></span> <span class='ocrx_word' id='word_1_719' title='bbox 3051 4877 3329 4946; x_wconf 81' lang='lat' dir='ltr'><strong>Antonius,</strong></span> <span class='ocrx_word' id='word_1_720' title='bbox 3363 4877 3521 4933; x_wconf 80' lang='lat' dir='ltr'><strong>abbas</strong></span> <span class='ocrx_word' id='word_1_721' title='bbox 3559 4878 3696 4932; x_wconf 83' lang='lat' dir='ltr'><strong>Elle-</strong></span> 
     </span>
    </p>
   </div>
   <div class='ocr_carea' id='block_1_110' title="bbox 2135 4967 3695 5028">
    <p class='ocr_par' dir='ltr' id='par_1_110' title="bbox 2135 4967 3695 5028">
     <span class='ocr_line' id='line_1_110' title="bbox 2135 4967 3695 5028; baseline 0.005 -9"><span class='ocrx_word' id='word_1_722' title='bbox 2135 4968 2253 5022; x_wconf 76' lang='lat' dir='ltr'><strong>nius</strong></span> <span class='ocrx_word' id='word_1_723' title='bbox 2286 4976 2334 5022; x_wconf 89' lang='lat' dir='ltr'><strong>et</strong></span> <span class='ocrx_word' id='word_1_724' title='bbox 2361 4967 2521 5022; x_wconf 86' lang='lat' dir='ltr'><strong>abbas</strong></span> <span class='ocrx_word' id='word_1_725' title='bbox 2553 4968 2843 5024; x_wconf 85' lang='lat' dir='ltr'><strong>Euchinus.</strong></span> <span class='ocrx_word' id='word_1_726' title='bbox 2883 4969 2976 5025; x_wconf 85' lang='lat' dir='ltr'><strong>lsti</strong></span> <span class='ocrx_word' id='word_1_727' title='bbox 3024 4971 3169 5025; x_wconf 86' lang='lat' dir='ltr'><strong>enim</strong></span> <span class='ocrx_word' id='word_1_728' title='bbox 3198 4971 3489 5028; x_wconf 85' lang='lat' dir='ltr'><strong>monachos</strong></span> <span class='ocrx_word' id='word_1_729' title='bbox 3517 4986 3695 5028; x_wconf 85' lang='lat' dir='ltr'><strong>omnes</strong></span> 
     </span>
    </p>
   </div>
   <div class='ocr_carea' id='block_1_111' title="bbox 2136 5061 3695 5136">
    <p class='ocr_par' dir='ltr' id='par_1_111' title="bbox 2136 5061 3695 5136">
     <span class='ocr_line' id='line_1_111' title="bbox 2136 5061 3695 5136; baseline 0.006 -24"><span class='ocrx_word' id='word_1_730' title='bbox 2136 5061 2226 5130; x_wconf 90' lang='lat' dir='ltr'><strong>qui</strong></span> <span class='ocrx_word' id='word_1_731' title='bbox 2261 5076 2327 5116; x_wconf 92' lang='lat' dir='ltr'><strong>eo</strong></span> <span class='ocrx_word' id='word_1_732' title='bbox 2363 5072 2604 5131; x_wconf 89' lang='lat' dir='ltr'><strong>tempore</strong></span> <span class='ocrx_word' id='word_1_733' title='bbox 2641 5062 2899 5117; x_wconf 89' lang='lat' dir='ltr'><strong>vivebant</strong></span> <span class='ocrx_word' id='word_1_734' title='bbox 2935 5063 3155 5133; x_wconf 86' lang='lat' dir='ltr'><strong>notique</strong></span> <span class='ocrx_word' id='word_1_735' title='bbox 3186 5073 3366 5131; x_wconf 86' lang='lat' dir='ltr'><strong>erant,</strong></span> <span class='ocrx_word' id='word_1_736' title='bbox 3396 5063 3548 5136; x_wconf 88' lang='lat' dir='ltr'><strong>longe</strong></span> <span class='ocrx_word' id='word_1_737' title='bbox 3577 5081 3695 5136; x_wconf 73' lang='lat' dir='ltr'><strong>prae-</strong></span> 
     </span>
    </p>
   </div>
   <div class='ocr_carea' id='block_1_112' title="bbox 2136 5155 3694 5227">
    <p class='ocr_par' dir='ltr' id='par_1_112' title="bbox 2136 5155 3694 5227">
     <span class='ocr_line' id='line_1_112' title="bbox 2136 5155 3694 5227; baseline 0.001 -17"><span class='ocrx_word' id='word_1_738' title='bbox 2136 5155 2422 5212; x_wconf 87' lang='lat' dir='ltr'><strong>cellebant.</strong></span> <span class='ocrx_word' id='word_1_739' title='bbox 2475 5155 2609 5211; x_wconf 83' lang='lat' dir='ltr'><strong>Eum</strong></span> <span class='ocrx_word' id='word_1_740' title='bbox 2642 5166 2820 5212; x_wconf 90' lang='lat' dir='ltr'><strong>autem</strong></span> <span class='ocrx_word' id='word_1_741' title='bbox 2877 5158 3163 5227; x_wconf 82' lang='lat' dir='ltr'><strong>appellavit</strong></span> <span class='ocrx_word' id='word_1_742' title='bbox 3223 5158 3390 5214; x_wconf 80' lang='lat' dir='ltr'><strong>abbas</strong></span> <span class='ocrx_word' id='word_1_743' title='bbox 3446 5160 3694 5215; x_wconf 81' lang='lat' dir='ltr'><strong>Antomus</strong></span> 
     </span>
    </p>
   </div>
   <div class='ocr_carea' id='block_1_113' title="bbox 2136 5247 3693 5323">
    <p class='ocr_par' dir='ltr' id='par_1_113' title="bbox 2136 5247 3693 5323">
     <span class='ocr_line' id='line_1_113' title="bbox 2136 5247 3693 5323; baseline 0.001 -21"><span class='ocrx_word' id='word_1_744' title='bbox 2136 5247 2284 5302; x_wconf 82' lang='lat' dir='ltr'><strong>sidus</strong></span> <span class='ocrx_word' id='word_1_745' title='bbox 2316 5249 2636 5302; x_wconf 81' lang='lat' dir='ltr'><strong>matutinum</strong></span> <span class='ocrx_word' id='word_1_746' title='bbox 2664 5250 2733 5304; x_wconf 90' lang='lat' dir='ltr'><strong>ob</strong></span> <span class='ocrx_word' id='word_1_747' title='bbox 2769 5265 3022 5320; x_wconf 88' lang='lat' dir='ltr'><strong>magnum</strong></span> <span class='ocrx_word' id='word_1_748' title='bbox 3069 5250 3309 5320; x_wconf 89' lang='lat' dir='ltr'><strong>regimen</strong></span> <span class='ocrx_word' id='word_1_749' title='bbox 3338 5292 3352 5313; x_wconf 88' lang='lat'><strong>,</strong></span> <span class='ocrx_word' id='word_1_750' title='bbox 3378 5251 3500 5322; x_wconf 85' lang='lat' dir='ltr'><strong>quia</strong></span> <span class='ocrx_word' id='word_1_751' title='bbox 3525 5267 3693 5323; x_wconf 84' lang='lat' dir='ltr'><strong>quem-</strong></span> 
     </span>
    </p>
   </div>
   <div class='ocr_carea' id='block_1_114' title="bbox 2137 5342 3691 5414">
    <p class='ocr_par' dir='ltr' id='par_1_114' title="bbox 2137 5342 3691 5414">
     <span class='ocr_line' id='line_1_114' title="bbox 2137 5342 3691 5414; baseline -0.001 -20"><span class='ocrx_word' id='word_1_752' title='bbox 2137 5342 2428 5396; x_wconf 78' lang='lat' dir='ltr'><strong>admodum</strong></span> <span class='ocrx_word' id='word_1_753' title='bbox 2478 5344 2804 5397; x_wconf 88' lang='lat' dir='ltr'><strong>matutinum</strong></span> <span class='ocrx_word' id='word_1_754' title='bbox 2865 5342 3017 5399; x_wconf 87' lang='lat' dir='ltr'><strong>sidus</strong></span> <span class='ocrx_word' id='word_1_755' title='bbox 3053 5353 3254 5398; x_wconf 65' lang='lat' dir='ltr'><strong>cetera</strong></span> <span class='ocrx_word' id='word_1_756' title='bbox 3285 5343 3461 5399; x_wconf 87' lang='lat' dir='ltr'><strong>sidera</strong></span> <span class='ocrx_word' id='word_1_757' title='bbox 3501 5342 3691 5414; x_wconf 83' lang='lat' dir='ltr'><strong>magni-</strong></span> 
     </span>
    </p>
   </div>
   <div class='ocr_carea' id='block_1_115' title="bbox 2140 5431 3683 5506">
    <p class='ocr_par' dir='ltr' id='par_1_115' title="bbox 2140 5431 3683 5506">
     <span class='ocr_line' id='line_1_115' title="bbox 2140 5431 3683 5506; baseline 0.003 -22"><span class='ocrx_word' id='word_1_758' title='bbox 2140 5431 2327 5486; x_wconf 88' lang='lat' dir='ltr'><strong>tudine</strong></span> <span class='ocrx_word' id='word_1_759' title='bbox 2356 5441 2413 5486; x_wconf 90' lang='lat' dir='ltr'><strong>et</strong></span> <span class='ocrx_word' id='word_1_760' title='bbox 2447 5431 2648 5487; x_wconf 91' lang='lat' dir='ltr'><strong>lumine</strong></span> <span class='ocrx_word' id='word_1_761' title='bbox 2683 5433 2964 5503; x_wconf 71' lang='lat' dir='ltr'><strong>praecellit,</strong></span> <span class='ocrx_word' id='word_1_762' title='bbox 3001 5433 3072 5488; x_wconf 90' lang='lat' dir='ltr'><strong>ita</strong></span> <span class='ocrx_word' id='word_1_763' title='bbox 3114 5434 3283 5489; x_wconf 83' lang='lat' dir='ltr'><strong>abbas</strong></span> <span class='ocrx_word' id='word_1_764' title='bbox 3306 5434 3538 5489; x_wconf 84' lang='lat' dir='ltr'><strong>Ellenius</strong></span> <span class='ocrx_word' id='word_1_765' title='bbox 3572 5449 3683 5506; x_wconf 64' lang='lat' dir='ltr'><strong>pre-</strong></span> 
     </span>
    </p>
   </div>
   <div class='ocr_carea' id='block_1_116' title="bbox 2137 5512 3689 5595">
    <p class='ocr_par' dir='ltr' id='par_1_116' title="bbox 2137 5512 3689 5595">
     <span class='ocr_line' id='line_1_116' title="bbox 2137 5512 3689 5595; baseline -0.001 -17"><span class='ocrx_word' id='word_1_766' title='bbox 2137 5512 2368 5579; x_wconf 76' lang='lat' dir='ltr'><strong>cellebat</strong></span> <span class='ocrx_word' id='word_1_767' title='bbox 2406 5523 2610 5580; x_wconf 86' lang='lat' dir='ltr'><strong>lumine</strong></span> <span class='ocrx_word' id='word_1_768' title='bbox 2658 5525 2849 5595; x_wconf 76' lang='lat' dir='ltr'><strong>gratiae</strong></span> <span class='ocrx_word' id='word_1_769' title='bbox 2899 5524 3139 5594; x_wconf 87' lang='lat' dir='ltr'><strong>reliquos</strong></span> <span class='ocrx_word' id='word_1_770' title='bbox 3176 5540 3368 5581; x_wconf 84' lang='lat' dir='ltr'><strong>omnes</strong></span> <span class='ocrx_word' id='word_1_771' title='bbox 3419 5528 3689 5580; x_wconf 82' lang='lat' dir='ltr'><strong>monachos</strong></span> 
     </span>
    </p>
   </div>
   <div class='ocr_carea' id='block_1_117' title="bbox 2139 5614 3685 5687">
    <p class='ocr_par' dir='ltr' id='par_1_117' title="bbox 2139 5614 3685 5687">
     <span class='ocr_line' id='line_1_117' title="bbox 2139 5614 3685 5687; baseline 0 -20"><span class='ocrx_word' id='word_1_772' title='bbox 2139 5614 2258 5684; x_wconf 84' lang='lat' dir='ltr'><strong>ejus</strong></span> <span class='ocrx_word' id='word_1_773' title='bbox 2303 5617 2585 5686; x_wconf 88' lang='lat' dir='ltr'><strong>temporis.</strong></span> <span class='ocrx_word' id='word_1_774' title='bbox 2627 5615 2828 5672; x_wconf 84' lang='lat' dir='ltr'><strong>Volens</strong></span> <span class='ocrx_word' id='word_1_775' title='bbox 2882 5627 3063 5672; x_wconf 84' lang='lat' dir='ltr'><strong>autem</strong></span> <span class='ocrx_word' id='word_1_776' title='bbox 3117 5617 3205 5672; x_wconf 86' lang='lat' dir='ltr'><strong>ille</strong></span> <span class='ocrx_word' id='word_1_777' title='bbox 3261 5632 3474 5687; x_wconf 87' lang='lat' dir='ltr'><strong>quoque</strong></span> <span class='ocrx_word' id='word_1_778' title='bbox 3523 5627 3685 5672; x_wconf 86' lang='lat' dir='ltr'><strong>notum</strong></span> 
     </span>
    </p>
   </div>
   <div class='ocr_carea' id='block_1_118' title="bbox 2141 5705 3686 5780">
    <p class='ocr_par' dir='ltr' id='par_1_118' title="bbox 2141 5705 3686 5780">
     <span class='ocr_line' id='line_1_118' title="bbox 2141 5705 3686 5780; baseline 0.002 -20"><span class='ocrx_word' id='word_1_779' title='bbox 2141 5705 2320 5762; x_wconf 77' lang='lat' dir='ltr'><strong>facere</strong></span> <span class='ocrx_word' id='word_1_780' title='bbox 2358 5709 2537 5763; x_wconf 89' lang='lat' dir='ltr'><strong>abbati</strong></span> <span class='ocrx_word' id='word_1_781' title='bbox 2567 5708 2824 5775; x_wconf 82' lang='lat' dir='ltr'><strong>Antonio,</strong></span> <span class='ocrx_word' id='word_1_782' title='bbox 2870 5709 3014 5780; x_wconf 90' lang='lat' dir='ltr'><strong>quod</strong></span> <span class='ocrx_word' id='word_1_783' title='bbox 3040 5709 3262 5764; x_wconf 87' lang='lat' dir='ltr'><strong>minime</strong></span> <span class='ocrx_word' id='word_1_784' title='bbox 3294 5724 3354 5765; x_wconf 89' lang='lat' dir='ltr'><strong>se</strong></span> <span class='ocrx_word' id='word_1_785' title='bbox 3383 5710 3567 5765; x_wconf 84' lang='lat' dir='ltr'><strong>lateret</strong></span> <span class='ocrx_word' id='word_1_786' title='bbox 3596 5723 3686 5763; x_wconf 79' lang='lat' dir='ltr'><strong>ms-</strong></span> 
     </span>
    </p>
   </div>
   <div class='ocr_carea' id='block_1_119' title="bbox 2143 5800 3685 5874">
    <p class='ocr_par' dir='ltr' id='par_1_119' title="bbox 2143 5800 3685 5874">
     <span class='ocr_line' id='line_1_119' title="bbox 2143 5800 3685 5874; baseline 0.001 -23"><span class='ocrx_word' id='word_1_787' title='bbox 2143 5800 2362 5870; x_wconf 72' lang='lat' dir='ltr'><strong>gnitudo</strong></span> <span class='ocrx_word' id='word_1_788' title='bbox 2393 5800 2508 5870; x_wconf 83' lang='lat' dir='ltr'><strong>ejus</strong></span> <span class='ocrx_word' id='word_1_789' title='bbox 2537 5801 2816 5872; x_wconf 76' lang='lat' dir='ltr'><strong>regiminis</strong></span> <span class='ocrx_word' id='word_1_790' title='bbox 2849 5812 2902 5857; x_wconf 90' lang='lat' dir='ltr'><strong>et</strong></span> <span class='ocrx_word' id='word_1_791' title='bbox 2937 5801 3157 5859; x_wconf 88' lang='lat' dir='ltr'><strong>luminis</strong></span> <span class='ocrx_word' id='word_1_792' title='bbox 3189 5801 3383 5874; x_wconf 83' lang='lat' dir='ltr'><strong>gloria,</strong></span> <span class='ocrx_word' id='word_1_793' title='bbox 3431 5802 3685 5872; x_wconf 80' lang='lat' dir='ltr'><strong>appellavit</strong></span> 
     </span>
    </p>
   </div>
  </div>
