3860 6318
189 295 344 353 1093

976 299 1033 355 S.
1073 300 1353 360 ANTONll
1385 303 1456 360 Μ.
1489 304 1781 361 ABBATIS
1817 304 2338 365 RESPONSKONES
2363 309 2702 376 QUAENAM.

3309 325 3445 384 1098

183 424 314 461 cum
341 407 642 462 columnam
680 409 896 465 [nuntius
919 428 1036 481 qua!
1084 415 1347 472 decoravit
1378 421 1551 474 orbem
1602 431 1764 475 terra-
1806 429 1854 484 Α
1883 423 2021 490 loca,
2048 424 2424 482 existimantes
2455 441 2515 483 se
2560 429 2798 498 requiem
2831 441 3084 490 nacturos
3115 451 3147 490 a
3188 443 3434 495 certami-

187 518 331 555 tum.

799 599 826 654 Ι
836 601 1174 670 nterrogatio.

263 689 412 744 Dixit
455 691 629 746 abbas
667 692 972 746 Antonius:
1000 690 1130 745 Ideo
1165 707 1265 746 non
1291 693 1613 759 proficimus,
1639 695 1766 760 quia

183 786 424 848 gradum
467 792 516 835 et
557 783 792 835 ordinem
848 792 1084 835 nostrum
1131 783 1342 835 minime
1391 785 1766 852 cognoscimus,

181 889 352 938 neque
387 871 733 942 intelligimus
764 889 880 938 quce
925 873 1261 941 aggredimur
1292 887 1470 939 opera,
1516 878 1604 926 sed
1657 876 1768 928 sine

185 964 366 1017 labore
390 964 634 1017 uirtutem
660 965 904 1032 consequi
930 963 1187 1016 uolumus.
1218 962 1358 1016 Nam
1388 967 1590 1033 quoties
1623 966 1766 1020 uide-

185 1071 305 1109 mus
335 1055 644 1109 certaminis
679 1055 1012 1114 tentationem
1060 1056 1112 1108 in
1143 1056 1255 1108 loco
1289 1057 1357 1108 ad
1399 1073 1548 1124 quem
1598 1058 1766 1110 uocati

183 1163 392 1208 sumus,
415 1147 486 1199 ad
512 1148 674 1199 alium
712 1147 1167 1215 transmigramus,
1203 1147 1565 1199 existimantes
1594 1149 1764 1200 locum

181 1253 296 1291 esse
317 1239 549 1302 aliquem
571 1239 624 1291 in
643 1253 744 1306 quo
761 1254 863 1290 non
888 1239 951 1290 sit
977 1237 1236 1290 diabolus.
1258 1235 1358 1300 Qui
1384 1237 1522 1290 norit
1550 1237 1763 1302 bellum,

185 1341 492 1385 coristanler
525 1333 577 1382 in
602 1327 710 1380 Deo
748 1328 1007 1391 decertat;
1035 1326 1282 1395 quoniam
1312 1325 1564 1380 Dominus
1593 1340 1766 1380 uoster

179 1423 320 1475 dixit
350 1437 370 1473 :
413 1418 601 1488 Utique
622 1436 834 1488 regnum
858 1419 954 1474 Dei
981 1419 1034 1473 in
1059 1418 1197 1474 vobis
1221 1415 1295 1472 est
1314 1418 1382 1469 ³⁵.
1415 1419 1553 1484 Quid
1594 1418 1764 1488 signi-

181 1510 313 1564 ticat
342 1509 432 1564 bis
458 1507 680 1563 verbis?

824 1599 1124 1668 Responsio.

253 1694 390 1760 Ejus
414 1695 706 1750 verborum
739 1694 784 1750 is
812 1710 1004 1749 sensus
1038 1703 1143 1750 est.
1161 1694 1316 1760 Quod
1346 1694 1556 1752 scilicet
1584 1704 1760 1752 trans-

1878 514 2036 568 nibus
2074 525 2126 570 et
2160 517 2413 572 solatium
2446 533 2475 572 a
2536 521 2974 590 cogitationibus,
3013 529 3448 598 transmigraudu

1873 606 1942 660 de
1976 623 2081 660 uno
2105 609 2158 662 in
2191 609 2352 663 alium
2396 611 2592 677 locum,
2621 622 2678 668 et
2701 616 2765 668 de
2802 631 2906 670 una
2959 616 3012 670 in
3065 618 3225 672 aliam
3271 624 3417 688 regio

1875 712 2016 752 nem.
2055 699 2412 765 Quamobrem
2438 706 2797 773 persistamus
2845 706 2899 761 in
2935 707 3065 764 locis
3115 713 3356 778 nostris;
3391 725 3452 771 et

1873 789 1916 842 si
1973 800 2244 846 certamen
2293 793 2375 846 vel
2429 797 2660 849 tentatio
2703 812 2802 851 nos
2831 797 3204 868 aggrediatur,
3233 801 3455 871 jejuno-

1875 896 2013 943 mus,
2065 897 2317 948 oremus,
2375 900 2513 954 genu
2549 885 2846 955 ﬂectamus,
2904 889 3215 958 adoremus,
3255 907 3442 949 nostra

1871 974 2142 1040 pulsemus
2174 985 2389 1044 pectora
2427 991 2608 1031 coram
2657 993 2818 1034 cruce
2868 982 3079 1040 Domini
3116 985 3284 1039 nostri
3317 1025 3332 1050 ,
3387 994 3450 1039 et

1869 1063 2127 1134 lacrymis
2156 1068 2443 1134 cordisque
2474 1069 2658 1123 dolore
2700 1072 3029 1140 postulamus
3055 1091 3212 1146 Opem
3242 1076 3311 1130 ab
3351 1076 3444 1130 illo

1868 1165 1921 1211 et
1951 1156 2181 1211 Salutem
2209 1174 2224 1220 ;
2253 1160 2506 1226 quoniam
2534 1163 2677 1216 omni
2715 1174 2955 1232 tempore
2989 1169 3143 1222 nobis
3175 1169 3348 1234 adest,
3385 1178 3439 1224 et

1867 1250 1921 1301 in
1951 1250 2104 1304 nobis
2156 1251 2378 1304 habitat.
2415 1251 2685 1323 Scriptum
2733 1257 2875 1309 enim
2910 1269 2993 1312 est
3026 1277 3042 1316 :
3077 1259 3333 1314 Dominus
3360 1269 3442 1314 est

1864 1355 2024 1408 prope
2045 1344 2294 1395 contritos
2330 1344 2505 1407 corde,
2561 1355 2606 1398 et
2640 1346 2860 1400 humiles
2908 1352 3098 1418 spiritu
3154 1351 3339 1405 liberat
3367 1352 3440 1399 “-

1868 1430 2012 1485 Dixit
2061 1447 2276 1503 quoque
2330 1432 2588 1488 Dominus
2640 1449 2870 1491 noster-z
2903 1439 3134 1510 Regnum
3167 1441 3262 1495 Dei
3295 1443 3442 1498 intra

1863 1537 1950 1573 vos
1981 1531 2056 1574 est
2088 1521 2155 1587 ³⁸,
2195 1523 2245 1575 id
2279 1531 2386 1586 est,
2427 1522 2481 1577 in
2511 1524 2663 1578 vobis
2709 1527 2911 1582 habito.
2958 1529 3199 1600 Regnum
3239 1534 3439 1603 quippe

1863 1611 1958 1667 Dei
1991 1624 2072 1668 est
2093 1614 2339 1669 Christus
2369 1614 2449 1685 (ut
2480 1616 2673 1670 asserit
2697 1629 2916 1675 sanctus
2953 1620 3306 1691 blacharius),
3336 1625 3427 1692 qui

1865 1703 1916 1757 in
1950 1705 2103 1760 nobis
2128 1720 2339 1773 semper
2371 1705 2596 1762 habitat.
2627 1707 2824 1765 Beatus
2850 1726 3061 1781 quoque
3090 1712 3288 1768 Paulus
3317 1714 3428 1768 ait:

176 1789 484 1858 migramus
524 1789 590 1842 de
627 1788 748 1842 loco
779 1788 831 1841 in
872 1787 1069 1852 locum,
1103 1787 1168 1841 ad
1200 1789 1546 1857 quaerendum
1582 1789 1757 1845 locum
1792 1766 1834 1820 Β
1866 1793 2118 1858 Nescitis,
2159 1766 2282 1862 quia
2317 1794 2553 1848 Christus
2580 1795 2779 1850 habitat
2819 1766 2881 1852 in
2918 1766 3060 1854 vobis
3089 1766 3437 1856 ίτῖήιέεὲ

178 1882 419 1949 aliquem
450 1881 503 1933 in
536 1876 644 1950 quo
672 1896 776 1935 non
805 1881 873 1935 sit
900 1880 1171 1946 diabolus;
1211 1896 1336 1935 cum
1362 1896 1490 1935 vero
1519 1881 1763 1937 videmus

176 1973 504 2029 certaminis
557 1973 910 2029 tentationem
955 1988 1019 2028 eo
1066 1973 1228 2028 etiam
1271 1973 1474 2030 inloco
1507 1975 1573 2028 ad
1601 1989 1760 2044 quem

173 2080 280 2120 nos
304 2063 657 2132 contulimus,
699 2066 806 2121 alio
840 2066 1208 2122 concedimus.
1244 2067 1314 2120 At
1341 2067 1430 2136 qui
1469 2067 1615 2120 novit
1651 2067 1764 2122 bel-

175 2157 311 2222 lum,
344 2157 420 2213 ibi
472 2156 524 2208 in
569 2157 678 2210 Deo
708 2157 971 2220 decertat,
1001 2157 1116 2213 nec'
1141 2157 1302 2211 alium
1333 2158 1525 2227 qumrit
1561 2157 1757 2212 locum.

173 2251 393 2304 Asserti
426 2258 606 2303 autem
641 2247 781 2304 illius
834 2249 1043 2302 Domini
1077 2250 1247 2304 nostri
1276 2266 1290 2302 :
1320 2248 1512 2319 Utique
1545 2266 1760 2318 regnum

171 2339 276 2393 Dei
313 2341 370 2392 in
390 2340 530 2393 vobis
550 2350 646 2406 est,
670 2343 714 2396 is
737 2348 820 2396 est
850 2355 1068 2404 sensus,
1110 2341 1250 2410 quod
1284 2355 1475 2411 nempe
1517 2350 1760 2408 oporteat

171 2439 232 2482 ut
273 2443 377 2482 nos
427 2429 675 2483 monachi
723 2430 813 2500 qui
854 2446 884 2486 e
936 2430 1136 2485 mundo
1183 2431 1386 2498 egressi
1438 2445 1660 2494 sumus,
1705 2441 1760 2486 et

169 2535 398 2574 crucem
445 2521 776 2590 portavimus
827 2531 1066 2576 nostram
1114 2521 1268 2591 juxta
1313 2521 1522 2576 Domini
1585 2523 1754 2578 nostri

169 2620 508 2680 praeceptum
529 2651 544 2676 ,
581 2619 634 2666 et
665 2611 889 2683 vestigia
921 2611 1038 2681 ejus
1071 2613 1243 2668 secuti
1289 2627 1510 2677 sumus,
1564 2615 1615 2668 in
1649 2630 1757 2669 uno

168 2718 592 2772 permaneamus
648 2701 809 2770 loco,
861 2713 920 2759 et
972 2705 1040 2759 de
1096 2713 1403 2760 nostrarum
1455 2705 1755 2760 animarum

169 2797 346 2851 simus
370 2795 587 2850 solliciti
623 2794 815 2859 salute,
846 2809 912 2849 ac
935 2805 1128 2850 cuncta
1175 2794 1538 2851 sustineamus
1576 2804 1754 2850 certa-

167 2889 343 2942 mina.
373 2887 599 2955 Propter
630 2887 723 2943 Dei
755 2903 995 2943 amorem
1045 2886 1270 2957 ejusque
1316 2887 1752 2956 adimpletionem

165 2977 475 3033 voluntatis
500 2993 620 3048 qua:
657 2977 711 3032 in
759 2977 928 3047 ipsius
965 2987 1359 3047 praeceptorum
1401 2973 1747 3032 observantia

1865 1884 1917 1938 in
1951 1884 2106 1939 nobis
2142 1885 2350 1938 habitat
2384 1887 2690 1952 duntaxat,
2721 1890 2816 1943 sed
2867 1905 2966 1946 nos
3011 1906 3225 1960 quoque
3252 1891 3304 1946 in
3342 1892 3438 1947 illo

1863 1991 2162 2041 manemus,
2207 1988 2264 2032 ut
2311 1978 2425 2047 ipse
2459 1981 2533 2034 ait
2565 1998 2578 2034 :
2617 1979 2823 2035 Manete
2853 1982 2908 2036 in
2939 1999 3038 2050 me,
3072 1994 3119 2037 et
3145 2000 3234 2053 ego
3259 1984 3312 2038 in
3339 2000 3436 2036 νο..

1863 2067 1940 2120 bis
1969 2068 2034 2122 "'.
2064 2066 2260 2124 Beatus
2299 2070 2428 2124 item
2459 2071 2593 2126 dixit
2637 2072 2805 2127 David
2838 2090 2854 2128 :
2893 2073 3023 2128 Esto
3049 2076 3180 2129 mihi
3218 2074 3425 2130 habita-

1860 2156 2058 2219 culum,
2099 2159 2167 2210 ad
2192 2163 2330 2228 quod
2370 2161 2511 2214 omni
2545 2169 2774 2230 tempore
2800 2162 3087 2231 ingrediar,
3122 2172 3170 2217 et
3203 2164 3429 2232 prtecipe

1859 2247 2080 2301 salutem
2114 2265 2301 2303 meam.
2336 2250 2392 2304 Si
2431 2251 2591 2321 igitur
2635 2252 2688 2306 in
2728 2253 2840 2308 Deo
2876 2253 3204 2317 habitamus,
3246 2261 3303 2308 et
3331 2268 3428 2308 nos

1863 2341 1986 2393 item
2019 2341 2088 2393 illi
2120 2357 2308 2396 sumus
2360 2344 2745 2408 habitaculum,
2781 2344 3060 2399 Dominum
3092 2353 3332 2399 nostrum
3363 2358 3428 2398 ne

1860 2429 2224 2498 relinquamus
2249 2440 2488 2501 tempore
2514 2433 2892 2495 tentationum,
2925 2431 3331 2485 tribulationum
3364 2443 3428 2484 ac

1859 2522 2250 2589 certaminum,
2317 2533 2374 2577 et
2424 2523 2529 2580 alio
2585 2525 3030 2594 transmigrantes
3075 2523 3322 2578 solatium
3373 2533 3430 2576 et

1856 2627 2009 2683 Opem
2036 2628 2067 2668 a
2097 2614 2407 2684 regionibus
2437 2625 2493 2671 et
2517 2615 2650 2671 locis
2679 2630 3014 2684 quaeramus;
3035 2617 3128 2670 sed
3155 2615 3206 2668 in
3231 2612 3430 2668 nostris

1857 2719 2171 2759 maneamus
2221 2703 2371 2772 locis,
2413 2713 2469 2760 et
2515 2706 2843 2776 postulemus
2873 2719 2904 2760 a
2936 2705 3163 2761 Domino
3214 2703 3428 2758 inhabi-

1857 2804 2001 2848 tanto
2037 2794 2091 2848 in
2132 2795 2311 2859 nobis,
2352 2803 2412 2850 ut
2447 2810 2546 2851 nos
2573 2797 2851 2861 vindicet,
2881 2806 2936 2852 et
2974 2796 3231 2851 auxilium
3267 2793 3424 2850 feret.

1854 2885 1935 2939 Ad
1994 2885 2146 2952 haec,
2203 2884 2456 2942 Patrihus
2485 2887 2683 2942 nostris
2715 2888 3067 2957 cogitationes
3124 2887 3428 2955 aperiemus

1858 2985 2091 3041 nostras,
2123 2986 2180 3032 et
2225 2978 2463 3049 ipsorum
2496 2979 2808 3034 orationum
2852 2993 3010 3048 opem
3057 2977 3426 3047 imploremus.

165 3071 571 3138 manifestatur,
592 3071 770 3126 omnia
801 3072 955 3125 nobis
983 3071 1257 3126 subeunda
1285 3079 1410 3124 sunt
1448 3069 1747 3124 certamina
1777 3101 1820 3160 ο
1856 3065 2196 3125 Sustinentes
2243 3070 2404 3140 igitur
2446 3071 2498 3125 in
2549 3063 2680 3126 locis
2731 3073 2967 3137 nostris,
3020 3069 3088 3125 ad
3136 3067 3429 3124 SalvatOris

166 3164 641 3232 tentationesque;
677 3163 785 3219 sint
826 3161 928 3217 illa).
962 3177 991 3216 a
1023 3162 1389 3233 passionibus,
1431 3160 1546 3216 sive
1575 3175 1604 3214 a
1641 3159 1750 3214 dte-

165 3257 447 3324 monibus,
499 3257 614 3311 sive
647 3271 676 3310 a
725 3255 880 3310 malis
913 3256 1241 3310 hominibus.
1296 3253 1375 3308 Ne
1404 3266 1535 3323 ergo
1575 3251 1749 3321 ignari

165 3347 379 3412 simus,
418 3347 561 3417 quod
610 3347 697 3402 isti
743 3347 973 3416 imperiti
1025 3347 1164 3401 bello
1208 3345 1451 3400 saltitent
1506 3353 1563 3397 ut
1615 3341 1746 3410 pulli

163 3438 401 3492 sarcina:
436 3436 672 3493 ferenda:
690 3437 828 3493 haud
862 3439 1084 3504 assueti,
1108 3446 1161 3493 et
1195 3437 1264 3491 ad
1293 3437 1396 3490 alia
1421 3435 1747 3490 contendant

252 3591 302 3622 "
337 3591 472 3645 Luc.
512 3605 646 3657 xm,
679 3591 772 3645 21.
865 3592 911 3623 ³⁸⁵
940 3589 1078 3644 Psal.
1117 3605 1308 3654 xxxiii,
1346 3589 1431 3642 19.

1534 3589 1578 3620 ³⁸
1608 3588 1736 3643 Luc.
1782 3603 1911 3654 xvn,
1943 3588 2032 3644 ΩΙ.

1858 3160 2029 3215 nostri
2071 3175 2286 3231 semper
2316 3160 2691 3230 confugiamus
2736 3163 3125 3231 protectionem
3163 3177 3177 3212 :
3215 3167 3269 3214 et
3301 3173 3428 3228 pro-

1856 3249 1997 3306 fecto
2028 3251 2259 3307 victores
2291 3265 2389 3306 nos
2440 3249 2635 3306 elliciet
2669 3253 2722 3306 in
2754 3252 3006 3307 omnibus
3043 3249 3428 3306 certaminibus
3471 3245 3476 3254 ’

1855 3341 2072 3397 nostris.

2051 3431 2534 3511 Interrogationum
2571 3443 2618 3489 et
2645 3431 3057 3503 Responsionum
3084 3429 3227 3493 linis.

2113 3589 2202 3642 ³⁷1
2237 3589 2363 3645 Cor.
2412 3606 2495 3653 Ill,
2560 3588 2642 3642 16.
2756 3588 2800 3620 ³⁸
2839 3585 2994 3644 Joan.
3046 3603 3134 3652 sv,
3165 3586 3220 3640 4.

928 3941 2088 4036 INTERROGATIONES
2161 3943 2691 4049 QUEDAM

365 4138 417 4196 A
460 4133 718 4196 diversis
747 4134 850 4194 SS.
878 4133 1042 4196 Patri
1077 4139 1290 4196 nostro
1313 4133 1518 4195 abbati
1549 4132 1820 4196 Antonio
1847 4133 2049 4210 facile,
2079 4142 2337 4216 ejusque
2365 4135 2441 4197 ad
2472 4134 2725 4198 easdem
2754 4137 3222 4217 responsiones.

1763 4288 1832 4304 —

236 4413 467 4481 Quidam
525 4411 694 4468 frater
738 4413 1090 4483 interrogavit
1139 4414 1392 4468 abbatem
1422 4415 1739 4483 Antonium,
1771 4449 1816 4504 υ
1845 4416 1962 4482 Quo
2015 4429 2176 4484 opere
2211 4414 2372 4468 homo
2405 4413 2616 4481 placere
2648 4420 2822 4481 potest
2870 4412 3009 4466 Deo?
3065 4411 3364 4480 Respondit
3399 4429 3416 4467 :

161 4509 398 4563 dicens:
435 4504 572 4572 Quid
617 4503 845 4572 faciam,
885 4515 942 4560 ut
995 4507 1264 4560 inveniam
1311 4506 1738 4562 misericordiam

159 4601 305 4668 apud
333 4599 546 4653 Deum?
577 4598 874 4668 Respondit
903 4599 951 4652 ei
983 4608 1204 4654 sanctus
1242 4614 1428 4665 senex,
1465 4607 1519 4652 et
1552 4599 1688 4652 dixit
1723 4615 1736 4652 :

158 4689 317 4756 Quod
341 4692 435 4744 tibi
453 4690 594 4755 dico,
616 4695 711 4745 hoc
735 4690 1008 4759 diligenter
1025 4707 1172 4745 serva
1195 4707 1214 4746 :
1253 4690 1572 4760 Quocunque
1594 4692 1737 4754 ieris,

157 4785 334 4838 Deum
355 4793 487 4838 'ante
535 4785 712 4838 oculos
762 4799 962 4853 semper
988 4784 1204 4852 ponito:
1235 4783 1578 4853 quodcunque
1612 4801 1738 4852 opus

154 4875 370 4947 feceris,
411 4874 598 4929 adhibe
627 4875 720 4928 tibi
750 4875 1098 4929 testimonium
1139 4889 1204 4927 ex
1239 4873 1530 4942 Scripturis
1556 4889 1574 4926 :
1606 4885 1651 4928 et
1682 4878 1736 4928 in

153 4981 465 5035 quocunque
498 4965 815 5020 habitaueris
846 4961 982 5031 loco,
1029 4981 1324 5032 persevera,
1355 4982 1444 5020 nec
1484 4967 1602 5020 inde
1633 4969 1734 5021 cito

151 5057 370 5126 migres.
401 5055 529 5110 ﬂa'c
558 5059 662 5110 tria
701 5073 846 5111 serva
870 5074 889 5112 :
923 5058 1168 5126 quiesces.

227 5148 588 5219 Interrogavit
612 5148 904 5218 aliquando
933 5148 1100 5203 abbas
1149 5147 1312 5203 Bemo
1345 5148 1596 5205 abbatem
1625 5151 1735 5204 Au-

152 5242 388 5307 tonium,
429 5241 558 5310 quid
597 5241 696 5297 sibi
737 5239 1042 5296 faciendum
1084 5241 1156 5294 sit
1202 5242 1268 5294 ad
1295 5244 1729 5310 consequendum

150 5331 518 5395 salutem;cui
547 5332 824 5401 respondit
847 5346 1013 5387 senex
1048 5333 1237 5386 beatus
1266 5347 1279 5384 :
1317 5331 1382 5384 In
1400 5332 1612 5400 justitia
1640 5343 1730 5386 tua

150 5440 214 5477 ne
237 5423 500 5492 confidas;
509 5426 892 5492 praeteritorum
909 5434 1241 5493 peccatorum
1271 5439 1379 5478 vere
1401 5433 1450 5479 te
1461 5425 1729 5494 pteniteut;

149 5517 413 5585 linguam,
453 5533 542 5571 cor
565 5528 611 5572 et
639 5528 860 5573 uentrem
887 5520 1109 5574 contine.

221 5608 700 5678 interrogaverunt
749 5623 876 5666 eum
926 5625 1142 5682 quoque
1179 5609 1379 5668 fratres
1433 5610 1722 5667 dicentes:

263 5763 304 5798 ⁸⁹
345 5764 502 5824 Dent.
533 5781 606 5832 vi,
647 5767 698 5822 5.
776 5770 820 5802 ⁸⁸
860 5767 1000 5825 Psal.
1047 5783 1156 5836 su,
1183 5769 1239 5822 ‘2.

1845 4507 1953 4562 Lea:
1979 4516 2024 4562 et
2055 4524 2182 4573 opus
2213 4506 2484 4559 charitatis
2517 4514 2589 4558 est
2640 4505 2772 4557 bona
2823 4504 3060 4559 uoluntas
3085 4542 3099 4567 ,
3147 4519 3264 4572 qua:
3307 4503 3418 4557 Deo

1843 4599 2223 4669 perfectissime
2245 4599 2433 4666 placet.
2490 4596 2642 4651 Hanc
2673 4613 2787 4651 vero
2815 4595 3081 4665 adimplet,
3114 4597 3202 4666 qui
3253 4594 3418 4650 Deum

1833 4690 2035 4761 jugiter
2068 4690 2250 4744 laudat
2282 4690 2492 4744 mundis
2521 4689 2944 4759 cogitationibus,
2976 4704 3093 4758 qurv
3121 4687 3418 4756 producunt

1841 4783 2147 4836 memoriam
2198 4781 2290 4835 Dei
2335 4791 2383 4835 et
2419 4782 2722 4836 memoriam
2754 4779 3007 4833 bonorum
3034 4794 3151 4850 qua:
3177 4779 3415 4847 promisit

1841 4888 1888 4931 et
1921 4879 2188 4931 nobiscum
2218 4875 2489 4945 complevit
2521 4887 2664 4938 apere
2697 4915 2712 4940 ,
2760 4882 2805 4927 et
2859 4889 3012 4943 quam
3063 4873 3172 4926 lucc
3226 4887 3416 4940 magna

1841 4969 1965 5022 sint.
2010 4965 2093 5021 Ea:
2123 4967 2308 5020 horum
2337 4966 2471 5020 enim
2519 4966 2615 5017 hac
2659 4967 2909 5017 memoria
2942 4964 3185 5016 exoritur
3228 4963 3281 5015 in
3317 4964 3413 5014 ho-

1841 5057 1978 5110 mine
2001 5055 2306 5126 hujusmodi
2344 5065 2592 5124 perpetua
2622 5053 2831 5106 dilectio
2851 5054 3014 5122 juxta
3050 5035 3412 5120 pra'scriptum

1840 5149 1974 5201 illud
2002 5161 2021 5199 :
2055 5165 2072 5197 ι
2106 5147 2279 5217 Dilige
2314 5147 2595 5201 Dominum
2641 5143 2808 5197 Deum
2841 5158 2987 5198 tuum
3019 5162 3082 5198 ea:
3124 5154 3232 5198 toto
3259 5147 3415 5197 corde

1839 5249 1952 5303 tuo,
1998 5249 2044 5292 et
2075 5255 2141 5292 ea:
2176 5247 2283 5291 tota
2330 5239 2506 5290 anima
2543 5246 2653 5300 tua,
2700 5246 2746 5288 et
2802 5251 2866 5289 ea:
2913 5244 3022 5289 tota
3071 5237 3258 5288 virtute
3285 5235 3349 5287 ³⁸.
3390 5255 3408 5287 s

1839 5332 2107 5401 Scriptum
2140 5347 2346 5400 quoque
2394 5338 2512 5384 est:
2547 5347 2566 5380 t
2603 5329 2753 5384 Sicut
2809 5328 3072 5383 desiderat
3125 5343 3300 5381 cervus
3344 5327 3414 5379 ad

1835 5426 2002 5495 fontes
2047 5439 2338 5492 aquarum,
2385 5425 2459 5476 ita
2499 5433 2575 5476 est
2603 5423 2920 5476 desiderium
2950 5421 3138 5475 animle
3176 5435 3305 5472 mete
3343 5421 3412 5472 ad

1835 5529 1903 5584 te,
1937 5515 2156 5570 Domine
2183 5515 2250 5570 ⁸ο.
2305 5533 2323 5566 ι
2372 5513 2487 5568 lloc
2543 5516 2716 5584 itaque
2761 5531 2890 5584 Opus
2918 5555 2933 5581 ,
2986 5524 3032 5568 et
3073 5513 3208 5566 hanc
3247 5511 3410 5581 legem

1834 5610 2210 5679 adimpleamus
2257 5620 2454 5678 Oportet
2509 5610 2752 5676 Domino,
2813 5619 2869 5665 ut
2919 5611 2982 5666 de
3015 5608 3164 5664 nobis
3209 5607 3410 5662 dictum
