3860 6316
444 294 586 355 1095

1533 290 1809 349 PATRES
1837 289 2140 351 EGYPTll
2180 292 2459 353 SECULI
2503 294 2593 351 IV.

3579 312 3717 372 l090

444 414 579 471 illud
610 412 849 480 Apostoli
879 408 1158 480 impleatur
1179 410 1222 442 ἰι
1253 425 1269 466 :
1299 428 1318 461 ε
1364 407 1507 475 Quid
1543 427 1791 479 separate
1822 427 1902 464 me
1930 427 2024 480 ρο·
2051 415 2098 473 Α
2127 410 2387 484 laerymis
2428 412 2723 469 uberrimis
2770 408 2847 470 ita
2898 414 2986 472 vir'
3011 415 3104 474 Dei
3135 423 3417 491 respondit
3445 440 3462 479 :
3496 427 3716 497 Tentpus

446 510 571 562 terit
604 524 636 561 a
674 506 931 559 charitate
960 504 1197 559 Christi?
1228 502 1378 558 Certe
1409 520 1570 573 neque
1609 504 1973 558 tribulationes
2001 543 2017 569 ,

450 615 612 669 neque
654 612 922 660 mcerores,
964 612 1127 667 neque
1172 595 1361 665 fames,
1401 611 1563 665 neque
1593 596 1833 661 nuditas,
1862 612 2025 667 neque

448 688 729 758 angustiis,
767 702 928 754 neque
952 685 1182 757 gladius,
1209 702 1371 757 neque
1398 687 1556 757 ignis.
1591 705 1612 739 ι

518 778 908 847 interrogatus,
939 778 982 833 si
1007 778 1130 848 quis
1151 778 1388 833 dixerit:
1422 777 1537 833 Non
1569 778 1831 848 accipiam
1859 777 2020 848 quid-

449 884 609 941 quam
641 885 669 923 a
702 868 981 934 fratribus,
1031 886 1209 941 neque
1254 870 1394 926 dabo
1419 872 1501 926 eis
1522 871 1815 941 quidquam
1843 889 1857 938 ;
1892 872 2024 927 mihi

448 971 628 1017 autem
688 976 805 1016 mea
861 961 1173 1018 sulliciunt:
1210 963 1481 1032 quomodo
1541 972 1758 1018 nosmet
1804 978 2026 1019 servare

446 1052 739 1110 debeamus
774 1055 842 1110 ab
871 1070 930 1109 re
962 1053 1291 1123 bujusmodi,
1340 1053 1503 1110 Pater
1532 1056 1748 1111 noster?
1780 1055 2026 1126 Respon-

447 1142 527 1199 dit
553 1158 581 1198 εκ
603 1142 735 1198 Filii
771 1146 894 1212 mei,
923 1145 1014 1215 qui
1034 1145 1293 1216 ejusmodi
1324 1155 1423 1213 est,
1454 1146 1622 1202 durus
1652 1159 1728 1201 est
1764 1151 1943 1215 corde,
1975 1157 2024 1204 et

446 1237 679 1291 animum
710 1246 768 1291 ut
803 1237 883 1293 leo
920 1239 1110 1293 induit.
1146 1238 1293 1293 Nam
1317 1240 1601 1309 quomodo,
1632 1242 1724 1311 qui
1757 1252 1832 1296 est
1874 1242 2023 1312 ejus-

444 1328 613 1393 modi,
642 1329 805 1384 vitam
830 1346 986 1401 agere
1014 1330 1121 1384 uult
1145 1331 1199 1384 in
1222 1330 1321 1385 hoc
1351 1332 1546 1386 mundo
1583 1334 1774 1403 absque
1806 1335 2024 1389 miseri-

443 1419 625 1472 eordia
650 1420 676 1473 .’
736 1418 924 1490 Itaque
963 1420 1070 1475 iste
1102 1420 1305 1475 alienus
1337 1421 1626 1477 censendus
1656 1432 1733 1478 est
1756 1422 1820 1477 ab
1851 1424 2023 1479 omni-

388 1526 399 1539 '
444 1508 539 1564 bus
569 1510 737 1566 bonis.

512 1605 897 1677 lnterrogatus,
936 1607 1218 1675 Quomodo
1248 1607 1373 1679 quis
1398 1606 1667 1664 inservire
1693 1608 1890 1665 debeat
1915 1609 2026 1665 fra-

445 1698 664 1753 tribus!
697 1699 1041 1770 Respondit:
1073 1698 1292 1755 Fratres
1330 1702 1422 1771 qui
1451 1702 1644 1756 servire
1686 1702 1869 1756 uolunt
1904 1705 2023 1771 [ra-

2130 506 2291 556 ueniet
2341 503 2651 574 aliquando,
2705 506 2809 575 ﬁlii
2842 508 3196 578 dilectissimi,
3224 531 3345 569 cum
3394 516 3716 575 solitudines

2128 594 2487 666 derelinquent
2537 600 2813 665 monachi,
2864 617 3147 673 earumque
3193 605 3308 661 loco
3360 609 3713 677 opulentiores

2128 695 2375 754 appetent
2399 688 2655 753 civitates,
2680 690 2855 759 ibique
2889 708 2984 760 pro
3012 695 3093 747 his
3119 695 3311 751 deserti
3360 700 3627 768 speluncis
3649 721 3714 757 ac

2128 775 2330 830 cellulis
2364 778 2590 847 superba
2620 781 2923 836 excitabunt
2954 784 3182 853 cedi/icio
3215 790 3460 843 certatim
3482 832 3499 856 ,
3535 808 3711 864 regum

2127 867 2430 922 temulantia
2463 869 2699 938 palatia;
2722 888 2818 942 pro
2855 884 3164 945 paupertate
3195 878 3505 935 diuitiarum
3530 898 3715 936 curuu-

2127 956 2412 1013 landarum
2466 963 2699 1015 studium
2743 964 2969 1034 gliscet;
3019 967 3293 1024 humilitas
3323 971 3379 1025 in
3409 974 3708 1040 superbiam

2127 1060 2358 1106 vertetur
2382 1054 2597 1117 cordis;
2630 1055 2957 1125 inﬂabuntur
2986 1062 3205 1117 scientia
3232 1064 3409 1129 multi,
3444 1068 3542 1121 sed
3566 1068 3711 1123 bonis

2125 1142 2413 1198 secundum
2449 1147 2723 1201 scientiam
2761 1153 2903 1204 nuda
2940 1154 3222 1222 operibus;
3269 1156 3511 1213 cher-itas
3535 1160 3711 1228 defer-

2128 1244 2326 1301 vescet;
2356 1248 2546 1292 crescet
2588 1255 2686 1306 pro
2721 1240 3028 1311 frugalitate
3057 1262 3210 1301 amor
3238 1251 3459 1315 uentris.
3499 1261 3553 1308 et
3576 1255 3713 1308 deli-

2124 1327 2417 1383 catioribus
2447 1331 2577 1385 cibis
2610 1349 2713 1389 non
2747 1336 2921 1390 minus
2954 1354 3135 1394 eorum
3165 1340 3340 1411 plures
3362 1360 3580 1413 operam
3611 1364 3709 1402 tta-

2125 1417 2315 1473 uabunt
2338 1436 2496 1489 quam
2524 1426 2784 1480 mundani
2813 1427 2932 1495 ipsi,
2965 1445 2998 1481 a
3028 1432 3213 1499 quibus
3241 1435 3476 1505 religiosi
3494 1438 3579 1493 illi
3602 1441 3709 1496 alio

2127 1511 2262 1565 nihil
2284 1513 2683 1584 distinguentur
2709 1533 2867 1586 quam
2895 1520 3081 1576 habitu
3118 1534 3167 1578 et
3214 1528 3461 1594 cucullo;
3489 1539 3545 1585 et
3590 1548 3707 1587 cum

2125 1600 2232 1655 sint
2271 1602 2328 1656 in
2360 1605 2532 1659 medio
2559 1609 2763 1668 mundi.
2820 1626 2909 1665 eos
2955 1628 3063 1667 non
3096 1616 3307 1683 pudebit
3330 1620 3471 1688 falso
3499 1628 3711 1680 nomine

2128 1695 2415 1750 monachos
2447 1700 2625 1753 uocari
2656 1709 2709 1753 et
2743 1702 3040 1760 solitarios.
3096 1705 3483 1766 Gloriabuntur
3536 1716 3710 1771 adhuc

444 1787 639 1858 tribus,
668 1791 894 1845 serviunt
928 1799 985 1844 ut
1020 1792 1154 1845 serui
1186 1791 1416 1845 dominis
1437 1790 1569 1854 suis,
1601 1799 1649 1844 et
1678 1792 2024 1861 quemadmo-
2054 1785 2098 1840 Β
2127 1784 2353 1842 dicentes
2374 1803 2393 1842 .'
2442 1806 2462 1840 ι
2498 1786 2610 1859 Ego
2634 1808 2750 1846 sum
2780 1792 2959 1862 Pauli,
2993 1808 3042 1851 et
3066 1815 3158 1869 ego
3173 1801 3357 1871 Apollo
3379 1804 3473 1871 “‘;
3514 1824 3535 1859 ι
3558 1811 3712 1878 quasi

444 1880 572 1935 dum
620 1882 824 1937 seruiuit
870 1881 1127 1938 Dominus
1179 1882 1336 1937 Petro
1380 1882 1605 1953 principi
1632 1882 2023 1952 apostolorum;

440 1971 535 2039 qui
557 1969 674 2024 licet
696 1970 952 2025 Dominus
985 1983 1178 2026 essetet
1209 1981 1421 2035 creator
1446 1972 1614 2039 illius,
1644 1972 1799 2028 uilem
1828 1973 2027 2039 praesti-

441 2061 504 2115 tit
527 2063 574 2117 ei
597 2063 915 2117 servitutem.
935 2063 1138 2130 Quibus
1169 2066 1418 2119 indicauit
1436 2067 1585 2119 nobis
1608 2064 1888 2132 Dominus,
1922 2083 2026 2120 non

441 2152 615 2208 minus
646 2154 963 2209 inhumanos
997 2172 1107 2210 esse
1134 2172 1221 2210 eos
1246 2158 1337 2226 qui
1359 2158 1659 2211 servitutem
1697 2158 1796 2211 sibi
1820 2158 2024 2212 exhibi-

442 2248 551 2294 tam
580 2254 844 2309 recusant,
873 2254 923 2298 et
954 2245 1153 2299 nemini
1197 2248 1504 2313 permittunt
1533 2255 1589 2299 ut
1623 2248 1699 2301 eis
1748 2247 2022 2315 inserviat,

441 2330 519 2384 uti
538 2347 592 2385 se
618 2331 807 2387 Petrus
829 2332 1161 2399 continebat;
1203 2352 1359 2405 quam
1383 2337 1473 2405 qui
1506 2335 1765 2405 fratribus
1807 2338 1919 2393 suis
1944 2340 2025 2394 in-

439 2421 633 2475 seruire
661 2422 1046 2492 dedignantur:
1079 2424 1420 2494 quamobrem
1450 2426 1538 2479 isti
1562 2436 1763 2495 partem
1794 2443 1898 2482 non
1929 2428 2026 2483 ha-

438 2509 626 2566 bebunt
649 2529 767 2567 cum
805 2512 1051 2581 Domino,
1100 2526 1155 2568 ut
1185 2514 1439 2571 Dominus
1475 2515 1635 2573 Petro
1678 2521 1753 2573 ait
1784 2520 1855 2588 δ’,
1897 2522 2025 2590 quia

437 2605 548 2675 ipse
580 2604 840 2662 Dominus
883 2618 938 2661 ut
986 2608 1201 2663 inuicem
1255 2626 1318 2663 ac
1366 2620 1550 2666 mutuo
1576 2613 1887 2682 serviamus,
1930 2631 2025 2671 nos

437 2698 641 2753 docuit.

508 2789 899 2862 Interrogatus,
922 2791 1205 2859 Quodnam
1239 2792 1311 2849 sit
1344 2794 1605 2864 gaudium
1647 2805 1872 2866 propter
1920 2797 2024 2852 Do-

437 2881 670 2947 minum,
701 2893 756 2938 et
779 2898 1027 2951 quaenam
1064 2884 1311 2938 facienda
1338 2885 1492 2942 nobis
1515 2887 1642 2952 sint,
1671 2889 1867 2957 quibus
1895 2904 2027 2943 con-

441 2986 737 3042 sequamur
773 2974 980 3029 vitam?
1014 2976 1310 3045 Respondit
1344 2993 1357 3029 :
1394 2976 1723 3048 Pra'ceptum
1749 2980 2022 3051 quodcun-

437 3080 537 3135 que
553 3080 703 3133 opere
731 3066 1040 3135 completum
1064 3084 1181 3121 cum
1202 3070 1396 3138 gaudio
1425 3071 1481 3125 in
1501 3070 1725 3141 gloriam
1754 3072 1871 3138 Dei,
1887 3073 2019 3127 illud

442 3164 523 3209 est
560 3156 812 3223 gaudium
846 3168 1062 3226 propter
1084 3158 1390 3215 Dominum.
1426 3158 1570 3216 Nam
1613 3163 1730 3232 ejus
1761 3173 2021 3234 pra‘cepta

436 3257 771 3315 exsequentes
794 3256 842 3301 et
876 3250 1243 3319 adimplentes,
1273 3252 1601 3322 gaudeamus
1625 3265 1866 3325 oportet;
1898 3274 2022 3311 con-

437 3345 543 3399 tra,
571 3337 695 3389 dum
724 3354 784 3391 ea
808 3355 909 3392 non
943 3340 1265 3408 per/Scimus,
1298 3346 1719 3400 coutristandum
1748 3349 1896 3402 nobis
1919 3358 2019 3404 est.

440 3424 616 3491 Quare
645 3426 830 3481 lcetitia
860 3430 1096 3482 cordium
1150 3441 1449 3497 nostrorum
1497 3444 1759 3503 praecepta
1811 3437 2022 3508 exsequi

434 3529 758 3589 satagumus,
788 3533 842 3575 ut
875 3533 1056 3577 mutuo
1096 3526 1525 3595 congratulemur
1562 3528 1617 3581 in
1645 3527 1907 3594 Domina;
1930 3530 2021 3585 sed

433 3611 657 3665 multum
692 3630 990 3680 careamus,
1024 3632 1086 3669 ne
1115 3620 1239 3670 dum
1269 3617 1584 3687 gaudemus,
1624 3621 1866 3689 superbia
1893 3622 2022 3691 e/fe-

435 3720 635 3772 rantur,
659 3709 749 3760 sed
777 3708 1106 3777 conﬁdamus
1136 3711 1191 3763 iu
1220 3710 1466 3766 Dontino.

503 3794 910 3866 Interrogatus,
974 3797 1141 3853 Nobis
1179 3800 1539 3856 ridendunme
1588 3813 1669 3857 est
1735 3805 2019 3876 unquam?

435 3886 777 3957 Respondit:
830 3889 1086 3945 Dominus
1134 3903 1307 3947 noster
1342 3895 1561 3948 damnat
1615 3897 1843 3951 ridentes
1891 3899 2017 3953 dum

432 3981 603 4034 dicit:
637 3998 655 4032 ι
697 3980 1007 4044 Plorabitis,
1038 3994 1085 4036 et
1118 3983 1347 4051 ﬂebitis;
1395 3986 1624 4040 mundus
1656 4005 1772 4041 vero
1816 3990 2017 4059 gaude-

433 4071 503 4127 bit
529 4070 574 4102 δ’
599 4089 644 4125 :s
676 4073 823 4141 ﬁdeli
855 4089 975 4143 ergo
1002 4074 1254 4127 monac/to
1288 4091 1389 4129 non
1418 4087 1492 4130 est
1525 4079 1824 4133 ridendum.
1874 4079 2015 4133 Nam

432 4161 696 4226 ploremus
728 4170 933 4227 oportet
962 4179 1119 4233 super
1163 4180 1251 4218 eos
1290 4166 1381 4237 qui
1422 4166 1780 4235 blasphemant
1831 4179 2014 4222 contra

434 4256 626 4319 Deum,
660 4256 777 4319 eius
806 4256 1253 4326 transgredientes
1286 4259 1469 4329 legem,
1502 4270 1549 4312 et
1602 4274 1759 4326 super
1798 4275 1883 4313 eos
1925 4262 2017 4327 qui

433 4349 487 4401 in
516 4351 740 4417 peccatis
777 4350 1059 4419 patrandis
1110 4359 1271 4403 totam
1312 4366 1462 4404 suam
1489 4352 1788 4420 transigunt
1813 4354 2012 4418 vitam;

2130 1891 2246 1929 vero
2281 1886 2390 1931 tota
2429 1880 2791 1950 religiositatis
2832 1887 2969 1940 ratio
3002 1888 3056 1941 in
3082 1891 3530 1958 pradecessorum
3585 1916 3709 1953 con-

2126 1968 2282 2022 sistat
2309 1972 2641 2039 auctoritate,
2676 1986 2724 2029 et
2752 1993 2856 2032 non
2882 1995 3033 2035 secus
3052 1983 3116 2036 de
3147 1985 3257 2039 suis
3308 1985 3565 2045 Patribus
3594 1993 3708 2061 glo-

2128 2060 2359 2128 riantur,
2394 2080 2457 2117 ac
2497 2064 2563 2119 de
2608 2066 2913 2125 Abrahamo
2945 2084 3159 2140 parente
3189 2076 3388 2133 Judaei.
3422 2080 3579 2136 Inter
3601 2060 3711 2141 ibo:

2127 2160 2302 2206 tamen
2337 2154 2551 2225 quidam
2574 2168 2726 2213 erunt
2754 2176 2817 2214 eo
2855 2171 3083 2231 tentpore
3107 2166 3256 2239 longe
3285 2172 3436 2229 nobis
3469 2174 3710 2233 meliores

2126 2254 2282 2315 atque
2313 2248 2686 2315 perfectiores;
2711 2252 2836 2319 quia
2868 2271 2888 2304 ι
2920 2253 3138 2311 Beatior
3165 2259 3253 2316 ille
3280 2272 3360 2317 est
3397 2266 3493 2335 qui
3538 2271 3709 2338 potuit

2128 2339 2449 2406 transgredi,
2478 2349 2528 2392 et
2563 2357 2664 2395 non
2703 2352 2782 2399 est
2813 2355 3205 2417 transgressus;
3249 2353 3428 2424 facere
3464 2362 3630 2426 mala,
3661 2373 3710 2417 et

2128 2438 2231 2478 non
2249 2427 2371 2494 fecit
2402 2427 2449 2460 “
2470 2468 2485 2493 ,
2526 2448 2546 2481 ι
2579 2447 2736 2500 quam
2765 2436 2855 2503 qui
2873 2437 3162 2495 multorum
3190 2443 3449 2502 bonorum
3479 2452 3710 2507 trahitur

2125 2518 2365 2579 exemplo
2393 2521 2463 2573 ad
2502 2521 2713 2578 bonum.
2748 2524 2888 2582 Hinc
2927 2526 3068 2594 Noe,
3105 2533 3334 2591 Abrahae
3363 2550 3413 2593 et
3439 2541 3577 2598 Loth
3622 2547 3710 2617 qui

2125 2608 2265 2664 inter
2300 2612 2555 2679 pessimos
2601 2615 2927 2675 innocentem
2968 2628 3315 2683 traduxerunt
3363 2634 3531 2690 uitam
3579 2608 3708 2695 satis

2123 2716 2397 2772 superque,
2424 2704 2636 2773 justitia
2662 2709 2954 2766 celebratur
2992 2715 3047 2769 in
3072 2715 3385 2788 Scripturis.

2195 2795 2577 2855 Convenerunt
2595 2801 2887 2873 aliquando
2912 2806 3103 2866 Patres
3131 2814 3198 2869 ad
3223 2812 3283 2873 S.
3312 2816 3566 2875 abbatem
3598 2840 3707 2879 un-

2126 2887 2357 2954 tonium,
2390 2900 2449 2945 ut
2483 2907 2731 2963 quaenam
2757 2898 3016 2956 virtutum
3036 2907 3277 2963 omnium
3301 2909 3705 2972 absolutissima

2124 2986 2295 3043 esset,
2328 2995 2556 3050 quaeque
2590 2986 2915 3041 monachum
2950 2990 3017 3045 ab
3043 2995 3294 3051 omnibus
3319 2998 3495 3055 hostis
3525 3016 3706 3057 serra-

2126 3078 2209 3124 rct
2239 3070 2466 3140 lauueis,
2500 3076 2905 3147 disquirerent;
2943 3092 2997 3137 et
3025 3098 3212 3140 eorum
3235 3096 3616 3170 unusquisque
3636 3110 3699 3151 ea

2123 3177 2243 3233 qua:
2271 3166 2373 3220 sibi
2408 3177 2555 3223 recta
2584 3171 2931 3240 videbantur,
2987 3176 3140 3233 dixit.
3182 3166 3549 3247 Quamobrem
3588 3190 3705 3258 qui-

2124 3255 2249 3310 dam
2290 3257 2557 3328 jejunium
2586 3270 2641 3316 et
2669 3264 2883 3334 vigilias
2919 3269 3256 3331 in,oratione
3287 3255 3621 3345 laudarunt,
3639 3291 3696 3334 ut

2123 3360 2244 3416 quae
2276 3348 2516 3422 dirigunt
2542 3355 2917 3426 cogitationes,
2954 3361 3205 3419 subtilem
3224 3363 3465 3423 elliciunt
3491 3370 3701 3427 intele-

2122 3448 2289 3507 ctum,
2320 3450 2375 3497 et
2396 3442 2611 3499 facilem
2641 3448 2876 3505 reddunt
2898 3451 3101 3509 homini
3119 3459 3187 3511 ad
3205 3456 3373 3513 Deum
3398 3475 3697 3519 accessura.

2120 3527 2229 3583 Alii
2280 3544 2657 3602 paupertatem
2690 3542 3141 3600 commendarunt
3171 3555 3226 3602 et
3255 3564 3434 3605 rerum
3463 3562 3701 3609 terrena-

2124 3636 2246 3701 rum
2276 3634 2676 3697 contemptum,
2723 3645 2789 3686 ex
2848 3647 2954 3703 quo
2984 3639 3345 3708 tranquillior,
3397 3647 3594 3714 purior
3640 3664 3700 3705 ac

2121 3711 2345 3769 liberior
2401 3731 2430 3771 a
2492 3722 2783 3779 mundanis
2849 3727 2997 3782 curis
3073 3711 3697 3806 intellectus'ellicitur,

2121 3807 2365 3878 adeoque
2408 3810 2623 3868 facilior
2677 3817 2925 3873 redditur
2973 3820 3048 3876 illi
3088 3825 3153 3879 ad
3200 3824 3369 3882 Deum
3414 3844 3696 3889 accessus.

2122 3897 2374 3957 Nonnulli
2427 3904 2685 3962 virtutem
2739 3909 3127 3970 misericordia
3159 3918 3419 3974 virtutum
3457 3926 3697 3980 omnium

2117 3996 2623 4061 prmstantissimam
2658 4015 2780 4057 esse
2813 4005 3087 4072 volebant,
3119 4009 3241 4082 quia
3271 4011 3531 4070 Dominus
3554 4017 3697 4073 dicet

2121 4085 2587 4154 misericordibus,
2624 4092 2698 4146 uti
2728 4093 2999 4162 pollicitus
3032 4108 3116 4153 est
3143 4117 3157 4154 :
3202 4100 3407 4171 Venite,
3439 4106 3696 4166 benedicti

2117 4175 2305 4232 Patris
2352 4181 2489 4244 mei,
2534 4184 2796 4251 possidete
2843 4203 3057 4257 regnum
3103 4203 3347 4259 paratum
3387 4198 3531 4253 uobis
3580 4211 3698 4256 ante

2117 4273 2542 4328 constitutionem
2590 4279 2771 4330 sa'culi
2796 4278 2983 4334 ".Alii
3024 4281 3129 4334 alia
3159 4284 3443 4355 dixerunt;
3477 4300 3593 4347 tum
3625 4294 3697 4348 ait

2118 4360 2175 4415 S.
2215 4360 2384 4418 abbas
2416 4364 2685 4422 Antonius
2719 4384 2732 4421 :
2764 4368 2956 4425 Omnes
2984 4389 3119 4443 quas
3182 4382 3512 4436 memorastis
3588 4385 3696 4439 uir-

432 4442 677 4511 ﬂeamus,
711 4452 755 4494 et
784 4441 1071 4509 ploremus,
1106 4440 1372 4512 Deumque
1412 4443 2006 4548 iugiter.deprecwmr.
2042 4492 2085 4547 η
2117 4465 2250 4510 tutes
2275 4457 2574 4513 utilissima?
2597 4470 2741 4525 sunt,
2764 4462 2967 4535 illisque
2988 4440 3339 4537 querentibus
3370 4470 3544 4527 Deum
3569 4494 3695 4548 opus

432 4548 496 4585 ne
522 4532 575 4584 in
596 4532 823 4599 peccatis
850 4543 1190 4600 perseverent,
1215 4544 1264 4588 et
1290 4533 1690 4605 comprehendat
1721 4536 1841 4592 illos
1869 4555 2006 4592 mors

427 4631 553 4676 ante
578 4623 954 4691 penitentiam.

502 4713 984 4787 lnterrogaverunt
1033 4716 1329 4786 aliquando
1391 4718 1636 4790 discipuli
1687 4722 1906 4792 quidam
1937 4722 2006 4778 Ι).

426 4808 723 4863 Antonium
752 4808 1026 4875 abbatem,
1065 4824 1189 4863 cum
1228 4809 1471 4866 viderent
1496 4812 1548 4866 in
1580 4813 1809 4869 desertis
1851 4815 2007 4869 innu-

426 4900 744 4956 merabilem
780 4900 924 4956 illam
962 4903 1364 4959 multitudinem
1399 4907 1789 4962 monachorum
1816 4950 1831 4974 ,
1894 4909 2008 4963 vir-

428 4992 635 5049 tutibus
703 4996 955 5051 omnibus
1001 5005 1055 5051 et
1102 4996 1410 5051 sanctitatis
1456 4998 1713 5067 operibus
1751 5002 2002 5057 certatim

426 5101 622 5157 magno
655 5103 779 5143 cum
813 5088 1024 5145 fervore
1050 5090 1381 5155 studentem,
1409 5100 1570 5161 atque
1608 5093 1960 5150 dixeruntilli
1988 5113 2002 5149 :

425 5175 801 5245 Pater,diune
828 5196 1212 5253 permansuros
1236 5190 1321 5237 est
1366 5183 1453 5239 hic
1492 5184 1672 5241 fervor
1686 5196 1740 5241 et
1762 5188 2001 5244 studium

426 5271 756 5339 solitudinis,
790 5274 1142 5342 paupertatis,
1177 5274 1519 5343 humilitatis,
1554 5279 1865 5346 cbaritatis,
1892 5282 2003 5335 fru-

425 5365 685 5434 galitatis,
718 5381 781 5420 ac
818 5364 1148 5435 reliquarum
1176 5368 1415 5425 omnium
1466 5372 1752 5441 virtutum,
1803 5374 1999 5445 quibus

435 5455 646 5511 inlinita
701 5458 816 5514 lucc
856 5462 1245 5531 propemodum
1288 5464 1674 5520 monachorum
1710 5466 1997 5523 multitudo

424 5562 645 5621 Operam
676 5561 838 5609 navat
886 5554 1172 5625 impense?
1217 5555 1313 5613 liis
1357 5571 1462 5612 non
1497 5557 1614 5614 sine
1649 5559 1900 5629 suspiriis
1940 5568 1996 5615 et

428 5650 433 5654 ἱ
490 5667 536 5701 ιι
564 5669 720 5745 liam.
754 5686 870 5741 vttt,
899 5672 968 5729 35
992 5689 1110 5745 sqq.

422 5739 671 5801 xsv.5t.

2114 4556 2212 4615 est,
2240 4558 2286 4603 et
2321 4548 2411 4619 qui
2441 4551 2724 4607 vehementi
2753 4555 2821 4608 ad
2845 4572 2961 4611 eum
2997 4560 3279 4616 accedendi
3311 4563 3544 4635 ﬂagrant
3603 4570 3688 4623 de-

2114 4640 2328 4707 siderio,
2380 4642 2445 4696 iis
2480 4641 2712 4714 indigent
2741 4650 2975 4705 omnino.
3029 4650 3219 4710 Verum
3248 4658 3425 4727 plures
3477 4677 3693 4732 conspe-

2116 4733 2288 4787 ximus
2313 4750 2408 4788 sua
2427 4734 2743 4792 dilacerasse
2780 4757 3001 4812 corpora
3032 4748 3189 4802 nimio
3202 4749 3434 4819 jejunio,
3473 4754 3689 4822 uigiliis,

2119 4826 2174 4878 in
2226 4827 2536 4883 solitudines
2591 4848 2816 4899 secessu,
2872 4836 3094 4909 itemque
3138 4845 3424 4899 maximam
3474 4863 3691 4905 navasse

2120 4933 2328 4987 operam
2352 4918 2642 4990 laboribus,
2664 4931 2988 4997 paupertati,
3005 4935 3318 5004 contemptui
3349 4953 3525 4993 rerum
3544 4957 3691 4995 mun-

2107 5008 2415 5076 danorum;
2456 5023 2511 5066 ut
2544 5032 2634 5070 nec
2663 5035 2724 5072 ea
2753 5019 2856 5074 sibi
2890 5021 3237 5080 adsciscerent
3280 5029 3467 5099 quibus
3500 5033 3556 5086 in
3584 5034 3691 5087 dies

2111 5118 2237 5170 opus
2267 5113 2363 5168 est,
2413 5107 2503 5160 sed
2551 5110 2728 5164 omnia
2774 5129 2891 5183 qua:
2930 5118 3289 5185 possidebant,
3326 5126 3687 5193 erogas-autin

2108 5206 2380 5261 pauperes.
2439 5194 2635 5253 Tamen
2668 5211 2778 5271 post
2833 5204 2944 5259 haec
2999 5209 3177 5263 omnia
3230 5212 3568 5277 declinarunt
3623 5215 3686 5270 ad

2111 5285 2306 5340 malum
2328 5300 2374 5343 et
2401 5293 2738 5363 ceciderunt;
2771 5315 2833 5352 ac
2858 5301 3051 5369 privati
3082 5304 3363 5361 uirtutibus
3381 5284 3494 5362 illis
3520 5310 3688 5365 omni-

2113 5378 2230 5472 bus,
2262 5384 2463 5453 reprobi
2485 5387 2657 5455 e/I'ecti
2684 5404 2827 5448 sunt.
2864 5394 2961 5450 Rei
2987 5408 3163 5453 autem
3190 5399 3348 5469 hujus
3381 5401 3533 5456 nulla
3570 5420 3685 5472 pro-

2111 5468 2245 5537 fecto
2281 5477 2387 5528 alia
2423 5478 2527 5545 [uit
2561 5497 2745 5549 causa,
2775 5487 2876 5541 nisi
2900 5489 3040 5557 quod
3069 5468 3265 5545 uirtute
3279 5468 3615 5549 discretionis
3641 5500 3684 5547 et

2107 5569 2399 5634 prudentiae
2428 5576 2715 5646 caruerint,
2747 5595 2910 5652 eaque
2963 5598 3067 5637 non
3102 5585 3210 5639 sint
3257 5586 3361 5643 usi.
3389 5585 3525 5641 Hec
3551 5603 3685 5641 nast-

1186 5674 1231 5708 “
1256 5672 1413 5730 .loan.
1448 5690 1566 5743 sm,
1595 5674 1648 5731 8.
1690 5675 1735 5710 ”
1761 5673 1914 5731 Joan.
1951 5693 2059 5746 xw,
2090 5680 2183 5737 20.
2253 5684 2318 5718 ⁵³·
2348 5684 2514 5747 lCor.
2549 5705 2586 5758 ι,
2615 5690 2703 5747 12.
2777 5694 3011 5754 “Eccli.
3049 5712 3200 5769 aut,
3244 5700 3332 5756 l0.
3412 5697 3457 5731 “
3500 5696 3681 5755 λίθω..
