3860 6384
180 342 319 398 1097

1299 342 1355 398 s.
1401 343 1678 403 ANTONII
1725 349 1928 408 DlCTa
1968 350 2294 421 quaom.

3316 367 3448 426 10ῧὸ

173 478 278 533 que
301 461 402 516 illa
435 472 534 527 est,
555 477 675 533 qut?
710 464 974 518 hominem
1005 479 1100 533 per
1129 465 1265 519 viam
1295 478 1493 520 rectam
1522 469 1764 523 incedere
1794 477 1839 534 Α
1867 473 2150 543 propheta’,
2183 483 2229 528 et
2253 475 2392 544 quod
2421 477 2748 535 victimarum
2774 484 3038 540 oblatione
3083 488 3135 540 id
3185 500 3447 556 prtvstan-

174 555 355 610 edocet
409 571 475 609 ac
503 555 746 620 instruit,
785 563 835 609 et
879 555 944 608 ab
984 556 1196 626 obliqua
1228 557 1514 613 declinare.
1555 557 1764 613 Etenim

176 646 219 700 si
237 661 332 715 per
348 647 548 716 regiam
568 646 932 702 incesserimus
958 648 1117 710 viam.
1143 650 1410 716 rapiemur
1437 666 1763 721 nequaquam

176 736 238 791 ab
269 738 676 792 insidiatoribus
704 739 906 793 dextra:
947 755 1164 794 excessu
1194 741 1563 805 abstinentiae;
1600 758 1766 812 neque

171 829 243 902 ab
271 830 673 886 insidiatoribus
700 831 931 886 sinistra:
971 832 1305 903 negligentia,
1356 835 1561 888 incuria
1612 845 1661 891 et
1690 853 1766 890 re-

169 922 443 975 missione.
466 922 721 978 Discretio
743 924 932 994 quippe
952 924 1133 978 oculos
1157 933 1234 978 est
1259 925 1452 979 anima:
1476 936 1523 979 et
1547 911 1762 980 lucerna

169 1011 308 1082 ejus,
365 1015 810 1084 quemadmodum
855 1033 874 1066 ι
917 1014 1116 1070 Oculus
1144 1014 1358 1070 lucerna
1382 1027 1459 1072 est
1483 1018 1714 1087 corporis
1741 1035 1760 1074 :

168 1107 216 1162 si
249 1117 434 1162 autem
463 1108 646 1163 oculus
682 1108 890 1166 lucidus
926 1109 1111 1179 fuerit,
1145 1125 1334 1176 corpus
1367 1127 1572 1181 quoque
1595 1122 1759 1165 totum

169 1199 415 1254 lucidum
453 1202 587 1265 erit;
611 1202 656 1256 si
683 1218 800 1257 vero
825 1202 1148 1268 tenebrosus,
1177 1211 1342 1256 totum
1369 1205 1532 1257 etiam
1570 1219 1759 1271 corpus

170 1293 508 1346 tenebrosum
534 1294 651 1359 erit,
691 1312 710 1345 s
747 1295 880 1347 sicut
909 1294 964 1348 in
1006 1310 1160 1349 sacro
1189 1292 1475 1364 Evangelia
1502 1294 1756 1350 Dominus

163 1384 303 1437 dixit
337 1385 406 1438 ".
425 1384 746 1440 Discretione
773 1385 983 1456 quidem
1002 1386 1310 1457 pervestigat
1330 1387 1484 1440 homo
1513 1403 1637 1442 suas
1666 1403 1757 1443 vo-

166 1474 422 1540 luntates,
451 1478 593 1530 dicta
627 1477 886 1546 factaque,
911 1489 958 1532 et
987 1480 1051 1532 ab
1075 1479 1315 1534 omnibus
1338 1479 1403 1532 iis
1428 1480 1617 1532 recedit
1638 1496 1757 1549 quae

165 1581 198 1617 a
234 1563 352 1619 Deo
396 1575 656 1621 amovent.
695 1566 1026 1623 Discretione
1068 1569 1312 1639 singulas
1360 1584 1414 1623 se
1457 1570 1754 1625 adorientes

165 1657 336 1712 hostis
361 1658 582 1726 fraudes
609 1660 833 1728 protelat
866 1672 914 1715 et
947 1662 1221 1727 amolitur,
1255 1672 1303 1717 et
1333 1679 1450 1733 qua:
1475 1662 1610 1718 bona
1633 1674 1752 1719 sunt

164 1749 422 1804 discernit
455 1767 487 1804 α
517 1751 692 1806 molis.
741 1751 967 1823 Liquida
995 1769 1024 1807 e
1064 1754 1229 1808 sacris
1253 1752 1474 1808 Litteris
1497 1754 1553 1808 id
1582 1764 1749 1823 patet.

1870 566 1972 617 tius
1997 576 2127 620 esset
2154 587 2172 620 :
2206 567 2325 622 hinc
2361 567 2522 624 Deum
2547 572 2616 626 ad
2643 574 2781 627 iram
2823 592 2882 628 eo
2914 580 3230 642 provocarit,
3269 589 3370 649 quo
3399 599 3444 635 et

1867 656 2072 722 placere
2089 662 2346 728 putabat;
2377 661 2591 733 ideoque
2626 681 2784 736 regno
2806 668 2999 736 ejectus
3027 680 3123 724 est.
3157 671 3443 740 Apostolus

1867 751 2229 805 discretionem
2279 755 2622 822 magistram,
2674 766 2722 809 et
2774 761 3040 814 rectricem
3085 762 3200 815 vita:
3253 775 3443 818 nostra:

1867 842 2116 912 appellat,
2168 845 2328 914 juxta
2388 848 2522 900 illud
2578 848 2918 916 Scriptum:
2954 871 2972 905 ι
3011 852 3277 909 Rectorem
3337 873 3439 910 non

1865 933 2110 990 habentes
2141 937 2385 991 decidunt
2401 948 2455 991 ut
2479 938 2685 1001 folium.
2728 960 2746 993 ι
2789 941 2988 997 Eadem
3028 945 3306 1017 Scriptura
3334 951 3443 1004 dis~

1864 1027 2144 1082 cretionem
2193 1030 2471 1086 consilium
2499 1049 2701 1104 quoque
2731 1035 2978 1104 appellat,
2999 1041 3357 1109 pra'cipitque,
3379 1059 3440 1095 ne

1864 1119 2150 1188 quidquam
2185 1123 2378 1193 absque
2405 1127 2624 1182 consilio
2649 1141 2955 1198 peragatur,
2988 1144 3043 1184 ut
3068 1148 3158 1185 nec
3184 1133 3258 1186 vel
3286 1135 3438 1201 spiri-

1861 1212 2059 1267 tualem
2107 1225 2285 1283 potum
2321 1217 2678 1296 lazti/icantem
2704 1239 2795 1276 cor
2820 1223 3046 1278 hominis
3082 1226 3229 1279 nobis
3270 1225 3439 1281 bibere

1861 1304 2123 1372 permittat
2154 1305 2346 1372 absque
2377 1309 2617 1376 consilio,
2646 1329 2765 1365 cum
2789 1313 2932 1368 dicat
2962 1332 2978 1368 :
3010 1333 3028 1366 ‹
3062 1312 3295 1370 Consilio
3321 1333 3440 1384 per-

1860 1397 2304 1467 agequodcunque
2323 1401 2527 1469 peragis
2539 1402 2604 1456 ".
2621 1421 2639 1453 ι
2661 1402 2728 1456 Et
2749 1418 2766 1455 :
2787 1423 2804 1458 ς
2831 1404 3061 1460 Consilio
3079 1407 3188 1460 bibe
3204 1408 3434 1461 vinum.»

1861 1485 1998 1542 Item
2026 1490 2172 1542 nobis
2197 1491 2326 1544 dicit
2359 1491 2664 1559 Scriptura,
2695 1497 2831 1565 quod
2861 1499 3295 1564 quemadmodum
3320 1499 3442 1553 civi-

1860 1587 2020 1632 tatem
2055 1579 2266 1634 minime
2299 1582 2558 1635 munitam
2583 1585 2878 1655 quicunque
2905 1585 3012 1640 vult
3048 1587 3358 1658 ingreditur,
3390 1598 3438 1642 et

1857 1669 2039 1738 diripit
2069 1670 2183 1741 ejus
2205 1672 2520 1741 thesauros;
2553 1679 2627 1731 ita
2661 1687 2734 1732 est
2763 1679 2940 1746 homo,
2965 1681 3055 1750 qui
3102 1684 3306 1752 negotia
3335 1699 3434 1736 sua

1857 1761 2052 1831 absque
2081 1763 2300 1817 consilio
2335 1781 2605 1834 operatur.

162 1840 302 1897 Saul
324 1859 420 1898 rea'
442 1842 637 1911 Israel,
665 1862 782 1900 cum
809 1846 908 1901 hac
938 1847 1192 1901 caruisset
1216 1846 1455 1913 lucerna,
1492 1847 1754 1902 intellectu
1789 1821 1829 1877 Β
1863 1850 2014 1908 Finis
2041 1821 2530 1926 interrogationum
2563 1863 2629 1915 ad
2660 1863 3062 1919 sanctissimum
3090 1864 3306 1920 Patrem
3342 1879 3440 1920 no-

163 1937 534 1992 obtenebratus
549 1947 649 2006 est,
676 1955 769 1994 nec
799 1941 1024 2008 percepit
1074 1949 1350 2010 propterea
1373 1940 1636 2012 quomodo
1659 1942 1754 1994 ob-

161 2037 397 2081 servaret
430 2029 571 2098 quod
588 2030 796 2085 dixerat
819 2031 900 2085 illi
933 2031 1073 2086 Deus
1102 2049 1198 2101 per
1213 2033 1448 2103 linguam
1484 2031 1751 2089 Samuelis

240 2189 291 2220 “
315 2190 507 2248 Matth.
533 2205 612 2256 λη,
643 2187 736 2252 29..
773 2190 864 2246 9.5.
942 2189 986 2222 "’
1024 2189 1191 2247 Eccli.
1223 2206 1399 2257 xxxn,
1430 2191 1521 2246 ει.

1930 1952 2104 1998 stram
2124 1945 2375 2001 abbatem
2402 1951 2717 2018 Antonium,
2753 1961 2808 2006 et
2828 1953 2945 2022 ejus
2973 1951 3433 2024 Responsiouum.

1927 2031 2215 2092 Orationes
2248 2036 2394 2093 illius
2412 2040 2522 2094 sint
2544 2040 2850 2098 nobiscum.

168 2381 3417 2428 Μ

683 2533 981 2596 RELATA
1027 2533 1132 2595 EX
1177 2529 1436 2595 EODEM
1487 2534 1750 2596 CODICE
1798 2535 1895 2597 DE
1939 2537 2186 2599 ΒΕΑΤο
2223 2537 2555 2602 ANTONIO
2600 2541 2914 2605 ABBATE.

231 2801 398 2858 Venit
437 2771 744 2869 aliquando.
765 2797 947 2854 senior
985 2796 1202 2868 quidam
1233 2804 1393 2853 aetate
1425 2795 1706 2853 confectus
1727 2838 1745 2866 ,

158 2913 369 2972 onagro
405 2897 668 2962 insidens,
693 2895 760 2950 ad
799 2896 1018 2954 beatum
1059 2891 1310 2948 abbatem
1349 2892 1746 2968 Antoniumin

1851 2800 2110 2856 ducerent
2136 2842 2152 2869 ,
2183 2801 2276 2856 sed
2309 2801 2530 2866 acriter,
2556 2811 2612 2856 et
2639 2801 2760 2872 plus
2780 2817 2936 2873 aequo
2962 2803 3108 2859 illum
3135 2806 3436 2877 arguebant

1848 2893 2128 2948 dicentes:
2161 2891 2312 2947 Talia
2341 2901 2397 2948 et
2430 2892 2555 2946 talia
2601 2895 2969 2964 perpetrasti;
3009 2896 3097 2950 ille
3129 2912 3257 2953 vero
3299 2898 3434 2955 nihil

159 2995 462 3047 desertum.
495 2987 665 3055 Quem
713 3001 836 3052 cum
883 2984 1113 3040 vidisset
1153 2984 1236 3039 vir
1290 2983 1383 3039 Dei
1433 2984 1744 3054 Antonius,
1844 2984 2072 3041 istorum
2099 2999 2158 3041 se
2185 2993 2525 3054 perpetrasse
2549 2996 2864 3042 constanter
2888 2989 3268 3056 respondebat.
3290 2987 3430 3044 Dum

156 3085 237 3139 ait
265 3102 280 3138 :
322 3081 618 3138 Maximum
656 3079 741 3134 hic
776 3086 852 3133 est
885 3076 1124 3133 volumen
1147 3118 1164 3144 ,
1198 3077 1290 3132 sed
1321 3094 1390 3130 an
1426 3077 1743 3145 salvabitur,

1841 3077 1958 3133 haec
2025 3075 2252 3145 ﬂebant,
2303 3091 2433 3132 casu
2490 3078 2679 3132 aderat
2734 3061 2901 3133 abbas
2956 3079 3275 3147 Bebnutlus,
3339 3081 3432 3152 qui

158 3179 367 3248 ignoro.
393 3174 531 3229 Tum
556 3173 754 3228 accidit
791 3170 990 3226 factum
1023 3171 1290 3241 quoddam
1313 3211 1328 3236 ,
1367 3179 1420 3226 ct
1447 3170 1740 3242 adimpleta
1776 3204 1821 3262 ο
1852 3168 2160 3240 exemplum
2199 3167 2517 3262 huiusmodi
2553 3169 2688 3225 dixit
2722 3170 2866 3225 illis:
2903 3169 3023 3226 Vidi
3063 3172 3336 3228 hominem
3378 3175 3433 3229 in

157 3279 287 3326 sunt
315 3267 479 3322 verba
509 3265 682 3320 Beati.

238 3360 521 3416 Venerunt
558 3371 776 3430 quoque
824 3353 1116 3425 aliquando
1163 3353 1362 3409 fratres
1407 3354 1629 3425 quidam
1682 3355 1751 3411 ad

158 3456 342 3510 locum
371 3452 584 3508 abbatis
612 3449 864 3513 Antonii,
898 3454 956 3502 ut
983 3447 1131 3502 illum
1158 3446 1508 3502 consulerent
1529 3445 1600 3502 de
1628 3447 1750 3516 qui-

157 3546 386 3604 busdam
425 3543 894 3617 phantasmatibus
915 3556 1035 3613 quae
1066 3540 1354 3609 videbant,
1385 3549 1550 3612 atque
1578 3541 1749 3597 inter-

157 3645 422 3707 rogarent
443 3677 458 3702 ,
488 3651 556 3690 an
592 3648 720 3688 vera
751 3643 935 3688 essent
963 3632 1046 3686 vel
1077 3645 1107 3684 a
1140 3631 1376 3686 diabolo.
1400 3629 1496 3687 Isti
1525 3631 1740 3687 asinum

155 3746 346 3787 secum
380 3728 661 3784 habebant
683 3768 698 3792 ,
726 3727 818 3797 qui
853 3734 1100 3782 mortuus
1128 3735 1213 3782 est
1236 3726 1288 3780 in
1319 3726 1427 3779 via.
1456 3723 1590 3782 Cum
1618 3739 1749 3794 ergo

155 3823 542 3896 pervenissent
574 3822 642 3876 ad
670 3835 888 3887 senem,
924 3819 1000 3874 ait
1028 3817 1171 3874 illis:
1206 3817 1481 3883 Quomodo
1510 3827 1747 3872 mortuus

154 3927 230 3972 est
259 3916 447 3971 asinus
478 3925 648 3970 vester
672 3915 729 3968 in
759 3915 842 3968 via
868 3915 893 3970 ἲ
919 3912 1017 3979 Qui
1048 3911 1334 3968 dixerunt:
1362 3908 1517 3967 Unde
1549 3908 1747 3964 novisti

155 4011 292 4075 boc,
316 4007 499 4063 Pater
531 4007 763 4062 noster?
797 4004 1133 4076 Respondit:
1166 4002 1378 4058 Diaboli
1415 4005 1471 4058 id
1503 4002 1631 4057 mihi
1661 4003 1744 4057 in-

154 4104 427 4157 dicarunt.
464 4100 568 4168 Qui
599 4101 854 4155 dixerunt
883 4117 896 4153 :
930 4098 1041 4154 Nos
1070 4111 1284 4167 quoque
1313 4097 1561 4152 venimus
1589 4096 1657 4152 de
1687 4111 1747 4152 re

155 4195 472 4266 huiusmodi
509 4196 886 4265 interrogare,
928 4201 984 4246 et
1027 4189 1312 4246 consulere
1357 4199 1450 4256 te;
1483 4189 1742 4261 quoniam

155 4289 408 4344 videmus
454 4287 869 4357 phantasmata,
910 4297 1032 4355 quae
1077 4284 1370 4353 aliquando
1400 4296 1527 4338 vers
1564 4282 1746 4339 dicere

154 4381 412 4436 videntur
439 4357 608 4434 :Iideo
638 4379 892 4433 timemus
913 4417 928 4442 ,
965 4392 1030 4431 ne
1058 4377 1408 4447 decipiamur.
1440 4373 1592 4429 Tunc
1620 4388 1746 4427 san-

153 4487 276 4532 ctus
305 4489 476 4530 senex
497 4514 512 4540 ,
537 4487 694 4544 aequo
719 4474 904 4528 animo
927 4487 1021 4528 eos
1039 4472 1443 4536 essebortatur,
1461 4469 1586 4540 quia
1616 4477 1744 4523 sunt

1855 3260 2041 3318 littore
2074 3260 2242 3315 maris
2279 3261 2593 3316 immersum
2634 3263 2685 3314 in
2719 3276 2877 3318 creato
2913 3278 3083 3333 usque
3115 3266 3182 3319 ad
3217 3280 3431 3335 genua;

1850 3363 1908 3410 et
1953 3354 2233 3409 venientes
2265 3351 2484 3423 quidam
2521 3363 2578 3408 ut
2611 3354 2683 3408 illi
2733 3369 2890 3424 opem
2923 3353 3156 3421 ferrent,
3211 3357 3429 3412 immer-

1851 3455 2043 3503 serunt
2073 3445 2222 3500 illum
2256 3460 2430 3515 usque
2458 3446 2526 3500 ad
2562 3447 2838 3502 humeros.
2867 3445 3110 3503 Audiens
3139 3458 3316 3503 autem
3341 3450 3434 3504 ab-

1856 3539 1954 3595 bas
1979 3538 2248 3593 Antonius
2281 3539 2381 3593 hoc
2409 3538 2614 3594 dictum
2643 3539 2855 3596 abbatis
2872 3538 3112 3596 Bebnudi
3141 3543 3301 3597 dixit:
3330 3541 3434 3598 Hic

1847 3640 1927 3687 est
1948 3631 2030 3685 vir
2051 3642 2232 3700 potens
2260 3647 2480 3698 sanare,
2506 3643 2554 3686 et
2585 3631 2789 3687 salvare
2812 3634 3041 3689 animas.
3066 3635 3429 3702 Quamobrem

1857 3724 2057 3780 fratres
2087 3725 2374 3779 verborum
2407 3741 2528 3796 quae
2581 3725 2868 3792 dixerant,
2914 3731 3198 3798 paenituit,
3233 3740 3290 3788 et
3342 3746 3432 3786 ve-

1847 3816 1934 3870 nia
1961 3829 1991 3869 a
2023 3813 2188 3870 fratre
2219 3815 2482 3885 postulata
2505 3857 2520 3882 ,
2554 3818 2884 3873 reduxerunt
2909 3819 2974 3873 ad
3002 3821 3280 3891 proprium
3317 3837 3432 3888 uno:

1848 3911 2166 3965 nasterlum.

1917 4002 2128 4058 Accidit
2160 4003 2450 4074 aliquando
2487 4003 2643 4059 fratri
2679 4005 2898 4062 cuidam
2937 4007 3162 4062 tentatio
3195 4007 3247 4062 in
3285 4024 3424 4079 quo-

1846 4093 1968 4148 dam
1999 4095 2359 4163 monasterio,
2390 4099 2478 4166 qui
2507 4098 2631 4152 inde
2656 4111 2937 4169 propterea
2961 4101 3166 4171 ejectns
3189 4111 3289 4157 est.
3321 4102 3419 4158 llic

1847 4186 1900 4241 in
1933 4196 2169 4245 montem
2202 4189 2270 4244 ad
2304 4190 2553 4246 abbatem
2582 4191 2878 4247 Antonium
2907 4195 3182 4262 perrexit,
3216 4195 3427 4249 habita-

1845 4279 2030 4349 vitque
2063 4280 2137 4336 ibi
2169 4290 2381 4352 tempus
2407 4283 2658 4353 aliquod,
2687 4294 2809 4353 post
2837 4285 2980 4354 quod
3023 4287 3232 4340 remisit
3280 4287 3428 4339 illum

1858 4371 2054 4427 Beatus
2087 4366 2152 4427 ad
2182 4387 2338 4427 suum
2371 4375 2764 4429 monasterium
2791 4393 2806 4441 ;
2838 4390 2995 4443 quem
3027 4377 3300 4446 suscipere
3337 4394 3436 4431 no-

1846 4463 2092 4528 luerunt,
2124 4465 2220 4519 sed
2245 4463 2567 4533 expulerunt
2593 4480 2802 4520 rursus.
2831 4465 2930 4532 Qui
2963 4481 3212 4522 reversus
3241 4467 3305 4522 ad
3336 4471 3434 4522 ab-

154 4583 185 4623 a
218 4567 480 4630 diabolo;
519 4576 575 4624 et
621 4565 1027 4638 congratulatus
1071 4575 1157 4621 est
1207 4563 1363 4635 ipsis.
1400 4563 1534 4618 Dum
1570 4571 1748 4616 autem
1781 4554 1828 4611 D
1857 4555 2034 4611 batem
2075 4556 2372 4612 Antonium
2421 4557 2558 4611 dixit
2607 4556 2723 4612 illi:
2778 4557 3076 4613 Noluernnt
3127 4575 3212 4614 me
3264 4560 3436 4615 susci-

153 4660 628 4724 confabulabatnr,
668 4659 799 4713 vidit
834 4667 1144 4714 venatorem
1186 4656 1444 4723 ferarum,
1474 4663 1525 4710 et
1559 4654 1744 4709 volens

151 4771 314 4810 suum
346 4754 690 4825 fratrumque
717 4753 930 4808 illorum
959 4751 1124 4808 solari
1154 4751 1392 4806 animtnn
1416 4789 1432 4816 ,
1460 4749 1599 4806 dixit
1625 4748 1740 4803 illi:

153 4848 198 4902 0
230 4858 474 4912 venator,
511 4863 644 4915 pone
677 4847 926 4917 sagittam
957 4846 1009 4898 in
1043 4860 1172 4898 arcu
1204 4854 1329 4909 tuo,
1362 4852 1409 4896 et
1441 4841 1653 4896 intende
1679 4839 1744 4894 il-

150 4937 308 5000 lum;
343 4935 434 5005 qui
474 4934 728 4990 intendit.
758 4933 860 4989 Cui
908 4935 986 4989 ait
1019 4932 1266 4988 Beatus:
1315 4931 1503 4986 Adhuc
1545 4930 1740 5001 fortius

147 5028 390 5082 intende.
436 5025 775 5097 Respondit:
813 5024 872 5080 Si
905 5025 1188 5080 intentlero
1222 5023 1342 5094 plus
1374 5037 1535 5093 quam
1585 5036 1746 5091 opor-

148 5129 224 5173 ιρι
249 5159 267 5184 ,
297 5117 580 5190 frangetur
604 5133 786 5174 arcus.
812 5117 966 5174 Tunc
988 5132 1152 5174 senex
1183 5117 1257 5169 ait
1283 5133 1297 5171 :
1332 5115 1419 5169 ita
1443 5125 1562 5169 sunt
1585 5130 1743 5183 opera

149 5212 284 5276 Dei,
319 5212 450 5282 quia
481 5213 528 5265 si
564 5212 845 5266 terminum
880 5220 1242 5279 transgressus
1277 5206 1437 5276 fuerit
1471 5207 1657 5268 homo,
1691 5213 1742 5258 et

147 5303 476 5373 oppresserit
500 5304 695 5373 fratres
715 5344 731 5369 ,
763 5305 918 5357 citius
944 5302 1256 5371 frangentur
1278 5314 1298 5352 :
1326 5313 1538 5352 necesse
1578 5298 1742 5366 igitur

145 5406 227 5450 est
259 5397 340 5451 eis
367 5398 684 5468 quandoque
717 5396 1011 5468 indulgere.

225 5488 636 5544 Fornicationis
687 5489 980 5558 aliquando
1034 5483 1381 5541 insimulatus
1431 5492 1514 5538 est
1571 5481 1741 5537 frater

146 5581 377 5652 quidam
412 5583 463 5635 in
493 5596 593 5637 suo
615 5582 980 5647 monasterio,
1012 5580 1105 5650 qui
1133 5578 1419 5650 egrediens
1447 5575 1570 5631 inde
1596 5574 1745 5630 venit

45 5675 96 5748 εξ
146 5675 222 5728 ad
261 5675 438 5729 locum
468 5673 684 5730 abbatis
705 5671 945 5727 Antonii.
981 5669 1136 5727 llune
1167 5668 1442 5726 subsecuti
1472 5676 1600 5724 sunt
1627 5666 1742 5722 fra-

144 5770 266 5822 tres
289 5763 337 5836 ej
365 5781 408 5819 ss
443 5765 803 5830 monasterii,
837 5771 892 5818 et
918 5777 984 5817 eo
1014 5771 1314 5830 venerunt,
1355 5770 1416 5817 ut
1467 5760 1614 5815 illum
1650 5775 1736 5816 re-

397 5867 674 5926 l’nuOL.
719 5861 840 5924 GR.
886 5859 1021 5923 XL.

1855 4663 2005 4718 pere,
2070 4648 2230 4703 Pater
2295 4649 2388 4704 mi.
2443 4649 2532 4704 ille
2585 4665 2714 4705 vero
2773 4651 2963 4706 iterum
3024 4653 3235 4708 remisit
3288 4654 3433 4709 illum

1853 4742 2040 4798 dicens
2075 4742 2372 4799 fratribus:
2410 4742 2577 4798 Navis
2607 4745 2944 4815 naufragium
2973 4763 3130 4814 passa
3158 4758 3231 4800 est
3263 4761 3310 4802 et
3336 4749 3431 4817 ja-

1852 4845 2091 4903 cturam,
2127 4846 2175 4890 et
2219 4836 2304 4892 vis:
2337 4837 2502 4891 multo
2538 4836 2719 4892 labare
2761 4841 2813 4892 in
2859 4850 3070 4908 portum
3122 4840 3234 4909 ipsa
3285 4844 3434 4896 navis

1849 4931 2050 4996 evasit;
2083 4946 2220 4984 nunc
2250 4931 2388 5000 quod
2424 4931 2686 4986 saloatum
2717 4941 2834 4995 est,
2869 4937 3026 4987 vultis
3071 4949 3158 4987 vos
3198 4935 3435 4986 submer-

1847 5023 2015 5092 gere?
2047 5021 2126 5077 illi
2171 5037 2300 5094 ergo
2329 5039 2450 5078 cum
2502 5024 2910 5092 cognovissent,
2951 5040 3072 5078 eum
3127 5025 3193 5079 ab
3241 5025 3434 5079 abbate

1847 5111 2086 5166 Antonio
2132 5111 2299 5168 fuisse
2354 5113 2675 5174 rerniSsum.
2727 5116 2908 5168 statim
2955 5125 3311 5186 susceperunt
3350 5117 3430 5186 ip-

1846 5218 1965 5258 sum
2001 5219 2123 5258 cum
2153 5205 2368 5275 gaudio.

1921 5295 2058 5352 Tres
2091 5299 2336 5354 seniores
2373 5297 2599 5370 singulis
2633 5300 2793 5355 annis
2827 5301 2997 5357 semei
3030 5301 3307 5373 proficisci
3341 5317 3432 5358 so-

1850 5387 2036 5444 lebant
2070 5391 2137 5444 ad
2169 5389 2232 5445 Β.
2269 5390 2521 5448 abbatem
2555 5393 2846 5448 Antonium
2874 5435 2890 5461 ,
2925 5409 2956 5450 e
2992 5396 3192 5467 quibus
3221 5399 3327 5451 duo
3364 5397 3429 5450 il-

1853 5483 1963 5536 lum
1993 5482 2058 5537 de
2089 5483 2204 5538 suis
2233 5485 2648 5553 cogitationibus
2675 5493 2730 5541 et
2761 5487 3064 5542 animarum
3093 5489 3264 5545 salute
3298 5506 3433 5545 cnn-

1850 5576 2103 5633 sulebant
2129 5594 2142 5642 ;
2171 5579 2363 5634 tertius
2390 5595 2520 5634 vero
2546 5580 2742 5635 silebat
2770 5593 3034 5650 perpetuo
3062 5623 3076 5647 ,
3109 5591 3161 5636 et
3191 5584 3258 5637 de
3286 5582 3432 5635 nulla

1850 5669 2173 5725 cantabatur
2210 5684 2285 5724 re.
2318 5669 2445 5725 Post
2479 5672 2705 5725 inultum
2737 5683 2918 5727 autem
2957 5675 3213 5744 temporis
3247 5673 3321 5727 ait
3359 5673 3433 5727 illi

1847 5763 2018 5821 abbas
2060 5764 2323 5821 Antonius
2352 5783 2366 5821 :
2397 5763 2617 5819 Iamdiu
2661 5766 2728 5821 ad
2770 5782 2851 5822 me
2889 5769 3070 5832 venis,
3107 5777 3154 5819 et
3186 5769 3250 5820 de
3289 5766 3432 5818 nulla

3097 5860 3174 5924 3'5
