3860 6330
453 297 592 355 1099

1578 291 1848 347 PATRES
1879 288 2182 346 [EGYPTII
2219 289 2488 348 S/ECULI
2521 291 2606 350 IV.

3590 299 3717 355 “00

454 435 509 472 re
540 433 617 470 me
645 415 982 485 interrogas?
1020 412 1355 486 Respondit:
1407 412 1615 468 Sullicit
1659 414 1785 468 mihi
1814 453 1829 478 ,
1870 411 2032 467 Pater
2065 420 2108 473 Λ
2151 429 2360 468 marum
2390 415 2721 470 contexenda
2750 415 2910 471 folia:
2941 430 3127 472 rursus
3145 416 3400 485 surgebat
3428 423 3485 470 et
3507 416 3714 482 orabat,

454 509 527 563 mi
556 546 571 562 .
609 516 661 563 te
693 507 894 563 videre.

527 601 756 668 Quidam
813 599 1008 656 fratres
1055 616 1118 656 rx
1170 600 1409 672 Scythia:
1459 601 1751 656 solitudine
1797 597 2025 668 profecti

456 704 584 747 sunt
622 694 689 747 ad
723 694 780 748 S.
817 693 1066 748 abbatem
1110 693 1436 753 Antonium.
1481 701 1536 746 et
1579 705 1873 746 conscensa
1913 690 2035 744 navi

458 787 779 839 invenerunt
812 801 994 839 senem
1023 786 1310 854 quemdam
1344 801 1407 838 ex
1445 785 1693 839 l’atribus
1728 797 1887 853 quem
1927 798 2032 836 non

456 877 855 948 cognoscebant
875 918 889 941 ,
917 877 1056 931 idem
1087 877 1188 932 iter
1210 878 1577 947 arripientem.
1603 879 1737 932 Cum
1762 893 1890 946 ergo
1914 892 2039 931 con-

455 970 725 1023 sedissent
761 967 960 1023 fratres
996 969 1048 1021 in
1089 969 1249 1032 navi,
1285 970 1353 1024 de
1402 969 1621 1024 Patrum
1661 969 1830 1038 gestis
1873 969 2035 1022 verba

457 1063 637 1118 facere
665 1064 842 1118 exorsi
874 1073 995 1117 sunt
1020 1103 1033 1126 ,
1059 1074 1116 1116 et
1142 1064 1207 1116 de
1235 1064 1531 1132 Scripturis
1559 1079 1621 1117 ac
1644 1063 1899 1130 operibus
1925 1077 2038 1115 ma-

460 1169 624 1207 nuum
673 1151 1045 1206 conferebant.
1094 1153 1270 1207 Senex
1309 1167 1438 1206 vero
1473 1151 1560 1206 ille
1596 1153 1710 1206 lucc
1741 1152 1923 1206 omnia
1960 1161 2041 1203 ta-

459 1257 591 1296 cens
620 1242 891 1296 audiebat.
923 1242 1324 1296 Descendeutes
1347 1257 1376 1296 e
1408 1242 1529 1295 navi
1561 1251 1929 1311 cognoverunt
1954 1255 2041 1295 se-

459 1349 580 1388 nem
613 1334 762 1387 illum
793 1335 982 1388 eodem
1015 1335 1345 1388 contendere
1377 1334 1578 1389 itinere
1607 1335 1673 1388 ad
1704 1334 1762 1388 S.
1789 1335 2038 1388 abbatem

459 1428 771 1480 Antonium.
804 1425 937 1480 Cum
970 1441 1033 1480 eo
1067 1427 1248 1494 itaque
1275 1428 1684 1493 pervenissent,
1715 1437 1769 1480 et
1801 1426 2044 1495 aspexis—

458 1527 540 1569 set
573 1532 665 1569 eos
697 1515 754 1571 S.
801 1517 1068 1570 Antonius
1094 1556 1108 1579 ,
1153 1517 1230 1570 ait
1281 1517 1384 1569 illis
1424 1514 1721 1572 fratribus:
1773 1517 2043 1586 Optimum

460 1608 702 1661 comitem
730 1606 870 1659 nacti
899 1588 1020 1661 estis
1048 1607 1186 1660 hunc
1216 1624 1410 1662 senem.
1441 1606 1509 1660 Et
1536 1608 1670 1662 dixit
1700 1609 1815 1663 seni
1844 1625 1858 1662 :
1892 1608 2045 1678 Opti-

462 1718 570 1753 mos
617 1701 827 1752 comites
891 1708 1074 1753 nactus
1117 1712 1174 1753 tu
1220 1717 1421 1770 quoque
1466 1718 1554 1766 es,
1605 1701 1788 1757 Pater.
1821 1702 1917 1758 Cui
1959 1718 2042 1757 re-

2137 513 2194 558 et
2227 515 2338 558 tum
2370 507 2522 575 operi
2552 506 2916 562 incumbebat.
2949 506 3050 574 Qui
3087 516 3263 562 autem
3302 508 3419 562 haec
3448 507 3712 576 faciebat,

2140 595 2364 664 angelus
2393 606 2514 651 erat
2546 595 2640 650 Dei
2670 596 2965 662 immissus,
2991 605 3050 650 ut
3075 597 3286 652 animos
3312 596 3536 650 adderet
3555 596 3716 652 Anto-

2142 691 2253 752 nio,
2273 699 2326 744 et
2355 692 2617 746 exritaret
2645 692 2710 746 ad
2746 691 3136 747 fortitudinem.
3157 690 3311 746 Tunc
3331 693 3405 744 ait
3425 692 3529 761 ipsi
3563 708 3719 761 ange-

2139 781 2225 835 lus
2252 782 2338 836 ille
2368 802 2382 836 :
2414 787 2500 838 Ita
2533 783 2640 852 fac,
2661 783 2873 848 Antoni,
2891 794 2938 838 et
2965 784 3269 838 saleaberis.
3295 783 3503 850 Quibus
3532 782 3720 837 auditis

2138 869 2298 925 valde
2321 871 2558 941 gavisus,
2589 883 2642 927 et
2680 872 2922 928 imitatus
2946 889 3080 943 Opus
3113 873 3275 938 illius,
3309 873 3553 928 salvatus
3587 885 3685 930 est.
3741 907 3747 924 ι

2213 961 2406 1016 Fertur
2451 962 2704 1030 juvenem
2739 965 3025 1035 quemdam
3049 969 3377 1021 monachum
3406 967 3718 1020 miraculum

2145 1054 2198 1108 in
2227 1054 2311 1108 via
2333 1065 2703 1125 perpetrasse,
2732 1057 3044 1113 videntibus
3067 1059 3378 1114 senioribus
3402 1060 3718 1128 quibusdam

2145 1146 2250 1200 iter
2296 1146 2643 1202 facientibus.
2697 1148 3015 1204 ll'liraculum
3045 1161 3222 1205 autem
3255 1150 3566 1220 bujusmodi
3597 1150 3717 1204 fuit:

2144 1234 2279 1290 Cum
2317 1237 2386 1291 ob
2420 1239 2644 1294 nimiam
2694 1240 3070 1296 lassitudinem
3119 1241 3334 1296 itineris
3361 1242 3615 1297 sederent
3644 1259 3724 1296 se-

2148 1327 2328 1382 niores
2357 1329 2575 1397 quidam
2607 1331 2658 1384 in
2689 1331 2812 1395 via,
2847 1333 3102 1402 praecepit
3130 1332 3347 1399 juvenis
3390 1332 3486 1385 ille
3513 1333 3724 1401 onagris

2146 1419 2236 1488 qui
2270 1419 2341 1474 ibi
2378 1435 2545 1490 prope
2571 1423 2905 1490 pascebant,
2960 1433 3020 1476 ut
3069 1423 3347 1486 venientes
3387 1433 3726 1491 asportarent

2149 1514 2397 1569 seniores
2429 1513 2548 1569 illos
2579 1515 2646 1568 ad
2677 1513 2795 1568 loca
2822 1530 2919 1570 sua
2945 1531 2961 1579 ;
2991 1516 3132 1584 quod
3165 1514 3348 1568 statim
3376 1516 3571 1584 onagri
3601 1529 3725 1584 pra:-

2149 1602 2612 1670 stiterunt.-Quod
2645 1605 2890 1660 seniores
2923 1602 2982 1658 S.
3011 1605 3191 1658 abbati
3226 1603 3504 1668 Antonio,
3541 1618 3607 1658 eo
3635 1618 3723 1672 ap-

2144 1694 2418 1765 .pellentes
2443 1735 2459 1758 ,
2493 1694 2823 1750 indicarunt.
2863 1694 2966 1761 Qui
2999 1695 3074 1749 ait
3111 1694 3212 1749 illis
3243 1713 3255 1748 :
3295 1693 3492 1765 Utique
3522 1711 3725 1763 compa-

462 1793 679 1862 spondit
729 1807 893 1846 senex
924 1811 937 1846 ς
970 1791 1166 1860 Optimi
1204 1791 1418 1861 quidem
1457 1795 1540 1846 isti
1577 1807 1702 1849 sum
1722 1836 1738 1856 ,
1768 1796 1862 1850 sed
1901 1797 2043 1864 ipso-
2077 1777 2118 1832 Β
2149 1788 2286 1842 ratio
2311 1788 2553 1841 monac/ti
2579 1783 2915 1857 hujus‘penes
2941 1804 3021 1842 me
3049 1789 3302 1842 instarest
3323 1789 3470 1842 naris
3493 1786 3724 1839 omnibus

462 1902 581 1941 rum
607 1885 798 1940 domus
818 1884 978 1952 jantta
1007 1894 1156 1939 caret
1184 1903 1196 1938 :
1225 1901 1390 1953 quare
1411 1886 1503 1955 qui
1535 1886 1808 1941 stabulum
1839 1889 2043 1956 ingredi

462 1977 611 2042 vult,
641 1987 696 2032 et
729 1977 939 2031 asinum
970 1976 1182 2030 solvere
1213 1985 1268 2030 ct
1298 1976 1601 2040 abducere,
1638 1978 1840 2031 nullum
1879 1979 2046 2034 babe-

464 2069 539 2122 bit
569 2069 968 2138 prohibentem.
998 2068 1204 2133 Quibus
1231 2083 1398 2123 senex
1430 2069 1690 2125 innuebat
1715 2111 1730 2135 ,
1758 2086 1851 2126 eos
1885 2072 2042 2127 obvia

462 2174 688 2230 quaeque
720 2159 916 2228 linguis
953 2159 1266 2229 protulisse.

535 2251 730 2306 Fertur
765 2251 986 2306 fratrem
1017 2253 1327 2322 quemdam,
1359 2256 1558 2312 mundo
1578 2268 1903 2328 contempto,
1928 2275 2046 2314 om-

475 2347 564 2399 nia
600 2361 720 2415 qum
749 2344 1096 2414 possidebat,
1131 2347 1342 2401 modico
1373 2348 1438 2400 ad
1468 2350 1715 2418 proprias
1746 2351 2042 2406 necessita-

411 2505 414 2507 Α
467 2448 550 2494 tes
579 2437 942 2491 sublevandas
977 2447 1206 2500 retento,
1261 2453 1515 2508 erogasse
1549 2440 1602 2493 in
1653 2457 1918 2512 pauperes
1943 2483 1957 2507 ,
1991 2451 2046 2497 et

464 2529 530 2582 ad
565 2528 622 2582 S.
663 2529 955 2582 Antonium
1005 2543 1064 2583 se
1107 2529 1398 2600 recepisse.
1449 2529 1619 2597 Quem
1652 2547 1775 2588 cum
1823 2533 2045 2588 intuitus

464 2631 610 2674 esset
658 2634 851 2682 senex,
890 2631 942 2673 ct
978 2619 1123 2671 illum
1175 2622 1554 2689 cognovisset,
1589 2622 1664 2676 ait
1700 2623 1814 2678 illi:
1864 2624 1926 2680 Si
1967 2626 2043 2679 vis

464 2711 578 2776 ﬁeri
612 2715 896 2764 monachus
917 2751 930 2772 ,
969 2713 1097 2763 vade
1128 2711 1197 2763 ad
1231 2711 1337 2764 tale
1373 2711 1653 2780 Oppidum,
1686 2732 1796 2769 eme
1822 2733 2006 2770 carnes
2027 2757 2042 2782 ,

464 2801 724 2856 subtiliter
749 2802 951 2856 disseca
973 2841 989 2866 ,
1034 2813 1079 2854 et
1126 2814 1311 2856 exutus
1339 2806 1560 2858 vestibus
1587 2807 1843 2873 suspende
1870 2824 1895 2860 e
1925 2807 2046 2859 bra-

465 2902 596 2955 chiis
639 2913 686 2955 et
732 2903 1007 2965 manibus,
1050 2911 1096 2953 et
1143 2901 1242 2954 huc
1291 2915 1559 2957 revertere.
1606 2905 1759 2971 Quod
1796 2905 2047 2973 prmstitit

466 2993 634 3048 frater
674 2993 800 3057 ille,
847 3004 904 3046 ut
969 3009 1133 3048 sete:
1181 3007 1552 3064 pra‘ceperat;
1602 2999 1695 3052 sed
1740 3013 1806 3051 en
1851 3014 2044 3063 canes,

467 3100 592 3140 aves
624 3098 677 3140 et
707 3084 1002 3140 crabrones
1039 3085 1189 3140 illum
1219 3087 1571 3141 circumdant
1593 3129 1609 3152 ,
1637 3099 1690 3143 et
1715 3090 1933 3145 vulnera
1964 3093 2047 3146 itt-

467 3173 655 3246 l'ligunt
680 3177 945 3229 mantbus.
971 3175 1103 3231 Cum
1133 3187 1315 3229 autem
1341 3178 1685 3246 pervenisset
1717 3179 1783 3234 ad
1820 3195 2005 3236 senem
2032 3221 2048 3244 ,

467 3275 524 3320 et
567 3267 966 3335 interrogatus,
1013 3282 1081 3320 an
1137 3267 1352 3322 fecisset
1381 3270 1524 3337 quod
1569 3271 1644 3323 illi
1678 3282 2049 3340 prteceperat,

468 3360 725 3430 conqueri
768 3361 964 3428 ('(Bpit,
990 3359 1302 3415 'ostendens
1349 3361 1571 3416 vulnera
1605 3378 1722 3418 sua.
1755 3364 1851 3418 Cui
1883 3365 2052 3420 abbas

466 3451 731 3507 Antonius
757 3453 865 3506 ait:
894 3452 996 3518 Qui
1021 3453 1276 3505 mundum
1306 3455 1593 3507 contemnit
1619 3496 1633 3521 ,
1661 3457 1757 3510 etsi
1785 3457 2049 3510 modicum

469 3545 715 3610 retineat,
759 3546 831 3597 ita
868 3547 1031 3598 evenit
1068 3545 1186 3609 illi;
1234 3545 1596 3599 vulnerabitur
1629 3548 1765 3600 enim
1803 3564 1835 3602 a
1867 3549 2051 3602 diabo-

467 3637 562 3700 lis,
591 3647 636 3689 et
666 3637 1032 3690 certaminibus
1060 3637 1376 3691 dilaceratus
1404 3638 1723 3692 succumbet.

542 3728 737 3782 Fertur
765 3728 909 3782 de‘S.
947 3729 1141 3784 abbate
1175 3730 1432 3793 Antonio,
1466 3731 1632 3799 quod,
1678 3747 1798 3786 cmn
1837 3731 1888 3787 in
1922 3733 2054 3788 soli-

473 3825 656 3880 tudine
679 3825 907 3878 sedisset
927 3824 1239 3892 aliquando,
1259 3832 1313 3878 et
1337 3823 1780 3893 pusillanitnitate
1807 3842 1871 3882 ac
1899 3829 2054 3883 taedio

472 3917 695 3972 affectus
731 3926 908 3981 esset,
941 3927 1104 3986 atque
1136 3916 1388 3971 tenebras
1415 3917 1516 3986 ipsi
1545 3917 1904 3974 obduxissent
1936 3919 2054 3988 ejus

474 4008 835 4077 cogitationes
858 4049 872 4071 ,
905 4007 1153 4077 querelas
1184 4006 1408 4062 fundere
1440 4007 1505 4061 ad
1535 4008 1702 4062 Deum
1755 4012 1920 4079 cmpit
1942 4050 1956 4072 ,
1991 4026 2054 4067 ac

472 4100 653 4154 dicere
682 4117 693 4151 :
735 4097 956 4152 Domine
981 4141 995 4163 ,
1031 4101 1141 4154 rolo
1169 4099 1402 4166 salvari,
1431 4101 1521 4154 sed
1548 4101 1894 4170 cogitationes
1926 4121 2054 4159 mea:

470 4205 799 4258 nequaquam
844 4191 970 4243 milia
1026 4191 1354 4259 permittunt.
1404 4190 1544 4257 Quid
1583 4209 1705 4264 ergo
1757 4193 1951 4263 faciam
1992 4198 2056 4252 de

467 4281 794 4352 passionibus
823 4282 948 4335 meis
969 4323 985 4347 ,
1017 4294 1061 4336 et
1096 4285 1357 4351 quomodo
1392 4284 1684 4340 salvabor?
1720 4287 1783 4341 Et
1817 4289 1939 4345 inde
1970 4306 2057 4346 se-

468 4373 668 4427 cedens
711 4371 983 4441 paululum
1031 4374 1171 4428 sedit
1202 4373 1306 4428 alio
1337 4373 1389 4427 in
1425 4374 1586 4442 loco;
1633 4388 1688 4432 et
1728 4394 1857 4435 ecce
1905 4383 2052 4436 videt

2148 1877 2350 1936 onustae
2367 1883 2513 1936 bonis
2533 1898 2552 1947 ;
2573 1883 2663 1936 sed
2691 1898 2758 1934 an
2781 1881 2926 1936 salva
2951 1883 3020 1936 ad
3043 1891 3252 1950 portum
3279 1881 3524 1951 appellet,
3542 1881 3725 1934 nescio.

2150 1972 2277 2027 Post
2314 1972 2530 2042 aliquod
2577 1981 2759 2026 autem
2793 1973 3054 2043 temporis
3081 2014 3095 2038 ,
3127 1974 3326 2027 factum
3364 1972 3728 2028 nescientibus

2149 2066 2206 2121 S.
2248 2065 2429 2120 Patris
2473 2066 2783 2136 discipulis,
2834 2080 2964 2121 ecce
2996 2065 3210 2134 plorare
3254 2080 3463 2132 senex,
3514 2063 3729 2132 capillos

2145 2158 2379 2213 evellere
2402 2198 2416 2222 ,
2451 2169 2505 2212 ct
2556 2159 2831 2229 ingemere
2859 2158 3070 2213 fortiter
3093 2157 3426 2227 aggreditur.
3455 2156 3552 2211 Cui
3583 2155 3732 2210 disci-

2150 2249 2262 2319 puli
2300 2249 2493 2305 aiunt:
2527 2248 2688 2315 Quid,
2725 2249 2908 2312 Pater,
2957 2247 3163 2302 babes?
3190 2247 3492 2317 Respondit
3523 2263 3683 2302 senex
3714 2266 3725 2300 :

2151 2333 2642 2411 Magna'Ecclesia:
2688 2341 2931 2394 columna
2978 2342 3160 2395 cecidit
3210 2344 3306 2394 hac
3348 2341 3482 2394 hora
3508 2383 3522 2402 ,
3562 2358 3730 2409 nempe

2137 2430 2346 2500 juvenis
2380 2430 2470 2482 ille
2501 2432 2588 2484 cui
2640 2429 2942 2485 obedierunt
2977 2433 3204 2500 onagri:
3247 2433 3337 2484 sed
3380 2431 3629 2497 festinate
3654 2433 3717 2484 ad

2093 2562 2104 2572 κ
2146 2523 2296 2576 illum
2318 2563 2333 2587 ,
2364 2532 2412 2576 et
2439 2522 2564 2592 quid
2603 2524 2678 2577 rei
2709 2523 2902 2576 accidit
2937 2523 3017 2577 illi
3053 2526 3237 2578 videte.
3275 2521 3517 2577 Profecti
3549 2533 3722 2579 autem

2148 2615 2395 2686 discipuli
2426 2615 2750 2671 invenerunt
2779 2618 3103 2671 monachum
3137 2615 3416 2671 sedentem
3443 2631 3610 2687 super
3637 2628 3731 2670 sto-

2149 2724 2264 2771 rea,
2301 2709 2608 2780 plorantem
2648 2723 2710 2762 ac
2739 2719 3040 2778 gementem
3071 2724 3169 2778 pro
3195 2716 3422 2774 peccato
3451 2710 3593 2776 quod
3623 2725 3730 2778 per-

2146 2810 2470 2871 petraverat.
2521 2800 2620 2868 Qui
2668 2816 2790 2855 cum
2836 2801 3061 2856 vidisset
3093 2800 3382 2868 discipulos
3443 2800 3632 2862 senis,
3664 2801 3731 2852 ait

2153 2892 2257 2946 illis
2285 2909 2298 2947 :
2331 2891 2540 2961 Rogate
2586 2906 2768 2946 senem
2791 2932 2806 2958 ,
2833 2906 3016 2960 quaeso
3039 2932 3054 2956 ,
3084 2901 3142 2944 ut
3173 2891 3301 2945 mibi
3339 2907 3369 2944 a
3404 2889 3515 2945 Deo
3551 2893 3730 2960 depre-

2150 2995 2304 3042 cetur
2339 2986 2529 3040 decem
2563 2983 2772 3038 dierum
2807 2984 2927 3038 vita:
2957 2984 3188 3053 spatium
3213 3023 3230 3047 ,
3265 2991 3322 3034 ttt
3350 2983 3721 3050 paenitentiam

2155 3095 2332 3149 agam.
2368 3075 2473 3132 Sed
2511 3085 2635 3132 ante
2669 3075 2911 3147 quinque
2942 3075 3058 3129 dies
3087 3074 3338 3130 decessit.

2225 3169 2417 3225 Fertur
2460 3169 2519 3224 S.
2571 3170 2886 3232 Antonium,
2921 3169 3223 3238 perculsmn
3272 3170 3565 3240 aliquando
3614 3186 3727 3240 pro-

2155 3266 2417 3320 funditate
2457 3264 2786 3333 judiciormn
2837 3265 2926 3318 Dei
2958 3263 3182 3335 ejusque
3224 3265 3723 3335 dispensationem,

2161 3374 2347 3412 orasse
2379 3369 2540 3427 atque
2592 3357 2791 3412 dixisse
2819 3372 2834 3409 :
2865 3356 3085 3411 Domine
3111 3397 3126 3421 ,
3154 3357 3414 3428 quomodo
3468 3359 3728 3412 ltonn'mun

2166 3451 2382 3522 quidam
2414 3450 2481 3502 ad
2513 3458 2824 3504 senectutem
2855 3451 3156 3518 perveniunt
3187 3460 3234 3503 et
3264 3450 3584 3518 decrepitam
3615 3462 3729 3505 tcta-

2154 3553 2253 3617 tem
2275 3583 2289 3606 ,
2320 3541 2413 3594 alii
2439 3540 2668 3610 infantes
2699 3542 2995 3595 moriuntur
3025 3550 3074 3595 et
3105 3542 3244 3595 brevi
3276 3543 3493 3597 vivunt?
3519 3545 3592 3596 Et
3620 3559 3729 3609 quo-

2155 3636 2310 3688 modo
2351 3649 2601 3703 pauperes
2651 3633 2862 3704 quidam
2907 3642 3063 3698 sunt,
3102 3632 3195 3687 alii
3240 3650 3357 3688 vero
3399 3635 3640 3688 divites?
3673 3632 3727 3686 Et

2154 3727 2413 3790 quomodo
2444 3725 2656 3796 tyranni
2692 3734 2737 3778 et
2779 3741 3104 3794 Oppressere:
3132 3739 3512 3797 prosperantur
3563 3746 3624 3782 ac
3663 3729 3730 3781 di-

2156 3827 2357 3883 tantur,
2377 3817 2513 3887 justi
2543 3832 2662 3871 vero
2688 3819 3066 3884 conﬂictantur
3092 3819 3527 3874 tribulationibus
3581 3829 3627 3874 et
3666 3822 3732 3871 in-

2159 3913 2279 3981 apia
2309 3912 2333 3965 ?
2361 3912 2493 3966 Cum
2525 3920 2704 3965 autem
2741 3909 2830 3964 diu
2874 3911 3196 3980 pensitaudo
3242 3913 3556 3978 laboraret,
3594 3915 3732 3967 venit

2155 4007 2224 4061 ad
2257 4006 2403 4060 illum
2434 4020 2536 4058 vox
2567 4005 2750 4060 dicens
2776 4023 2788 4058 :
2821 4004 3052 4068 Antoni,
3078 4005 3313 4073 prospice
3343 4006 3472 4071 tibi,
3505 4015 3559 4060 et
3592 4004 3733 4077 judi-

2157 4099 2239 4152 cia
2271 4097 2369 4152 Dei
2404 4115 2465 4151 ne
2495 4098 2820 4168 pervestiges.

2230 4190 2422 4245 Fertur
2455 4193 2511 4244 S.
2545 4191 2792 4246 abbatem
2825 4189 3121 4244 Antonium
3158 4189 3360 4244 dixisse
3389 4211 3402 4245 :
3444 4189 3568 4245 Vidi
3622 4191 3734 4260 Spi-

2161 4284 2318 4338 ritum
2360 4283 2457 4336 Dei
2495 4283 2889 4337 descendentem
2935 4299 3091 4350 super
3121 4293 3222 4336 tres
3259 4299 3514 4352 personas
3539 4323 3558 4347 ,
3591 4299 3735 4350 super

2160 4376 2395 4429 abbatem
2437 4374 2823 4436 Athanasium,
2855 4384 2902 4427 et
2933 4375 3087 4427 datus
3119 4383 3193 4427 est
3230 4375 3276 4427 ei
3303 4377 3732 4443 patrimi-Iratus;

469 4468 743 4521 hominem
771 4467 1055 4536 quemdam
1079 4477 1248 4522 totum
1279 4480 1597 4538 occupatum
1628 4473 1676 4525 in
1711 4473 1894 4530 labore
1943 4493 2055 4550 tua-
2085 4469 2128 4524 ι)
2157 4484 2310 4537 super
2348 4468 2585 4520 abbatem
2633 4465 3010 4532 Pacttomiam,
3044 4477 3094 4520 et
3124 4468 3279 4522 datus
3301 4477 3377 4522 est
3406 4470 3456 4522 ei
3483 4471 3732 4539 primatus

469 4573 633 4611 nuum
656 4571 910 4618 suarum,
936 4556 1025 4625 qui
1055 4565 1165 4610 tum
1193 4558 1470 4627 surgebat,
1495 4559 1684 4613 relicto
1705 4575 1901 4630 opere,
1925 4579 2051 4617 ora-

469 4649 591 4711 bat,
629 4650 934 4718 iterumque
969 4649 1351 4704 revertebatur
1383 4653 1449 4704 ad
1485 4665 1618 4720 opus
1643 4691 1656 4716 ,
1706 4668 1898 4723 nempe
1941 4656 2049 4723 pal-

2162 4559 2536 4615 ctenobitarum
2561 4575 2577 4622 ;
2601 4574 2753 4624 super
2778 4557 3014 4613 abbatem
3042 4557 3376 4613 Machari-um
3401 4599 3414 4623 ,
3441 4571 3489 4615 et
3517 4561 3643 4614 data
3664 4567 3731 4614 est

2161 4655 2208 4707 ei
2239 4652 2410 4722 gratia
2442 4635 2798 4704 curationum.

1395 4819 1731 4877 MONACHO
1770 4823 2107 4890 QUOMODO
2143 4828 2271 4884 EST
2325 4825 2820 4883 PSALLENDUJI.

538 4965 728 5021 Juuior
753 4962 973 5032 quidam
1003 4961 1303 5014 monachus
1327 5000 1341 5023 ,
1377 4958 1436 5012 ι).
1477 4960 1696 5016 Antonii
1730 4962 1939 5019 abbatis
1967 4965 2051 5020 di-

466 5051 705 5128 scipulus
726 5093 740 5119 ,
786 5053 984 5106 missus
1030 5057 1114 5104 est
1141 5049 1439 5118 aliquando
1477 5063 1507 5103 a
1540 5051 1803 5121 magistro
1825 5092 1840 5118 ,
1881 5063 1937 5109 ut
1967 5071 2055 5111 se-

469 5164 592 5205 nem
625 5143 946 5200 monachum
969 5183 984 5207 ,
1017 5143 1276 5195 virtutum
1307 5140 1572 5195 celebrem
1639 5141 1778 5196 fama
1804 5185 1820 5210 ,
1855 5145 2054 5200 invise-

472 5251 590 5307 ret;
625 5238 716 5309 qui
753 5251 874 5291 cum
912 5235 1058 5289 illum
1095 5235 1316 5288 adiisset
1358 5244 1521 5304 atque
1556 5235 1885 5302 salutasset,
1923 5239 1998 5293 an
2035 5257 2048 5293 ε

471 5331 746 5398 Quomodo
771 5327 910 5382 vales
932 5372 943 5393 ,
982 5327 1143 5381 Pater
1173 5329 1244 5381 mi
1269 5330 1295 5383 Ρ
1333 5326 1594 5392 Pessime,
1630 5331 1913 5397 rt'Spundit
1962 5347 2051 5385 se-

473 5429 612 5480 nior.
639 5421 988 5494 Cur?junior
1039 5421 1234 5491 inquit.
1264 5421 1399 5486 Quin
1422 5463 1436 5483 ,
1465 5422 1645 5477 subdit
1672 5423 1873 5490 senior,
1900 5426 2056 5479 trice-

470 5519 634 5572 simus
668 5520 841 5585 agitur
861 5515 979 5582 jam
1011 5531 1179 5568 anuus
1201 5557 1215 5578 ,
1248 5531 1310 5568 ea:
1338 5531 1438 5586 quo
1473 5532 1593 5567 sum
1637 5515 1690 5570 in
1729 5515 1826 5569 hoc
1853 5503 2054 5572 deserto

473 5607 738 5680 religionis
785 5622 947 5676 ergo;
989 5616 1162 5662 tamen
1208 5617 1316 5663 toto
1359 5606 1457 5661 hoc
1503 5617 1734 5679 tempore
1780 5609 2048 5666 orationes

554 5789 601 5821 "
626 5793 767 5850 Psal.
797 5809 963 5850 cxvtn
987 5835 999 5859 ,
1035 5793 1125 5848 Eli.

2163 4984 2290 5021 mea:
2333 4974 2456 5020 sunt
2503 4978 2690 5019 contra
2745 4982 2868 5019 me:
2925 4983 3041 5017 nam
3090 4965 3321 5036 quotidie
3360 4979 3548 5024 memet
3576 4971 3726 5038 ipsum

2162 5075 2322 5112 orans
2354 5058 2609 5112 maledico
2636 5075 2656 5123 ;
2690 5056 2854 5111 Deum
2878 5096 2893 5120 ,
2931 5073 2992 5108 ne
3019 5058 3325 5112 misereatur
3355 5064 3455 5114 mei
3479 5104 3493 5125 ,
3531 5080 3727 5128 precor;

2160 5161 2207 5204 et
2233 5167 2408 5204 omnes
2430 5150 2636 5203 demum
2659 5165 2834 5218 preces
2855 5167 2984 5204 mete
3005 5159 3126 5203 sunt
3161 5153 3489 5205 mendacium
3510 5171 3572 5206 ac
3593 5156 3726 5207 verba

2160 5243 2363 5297 inania.
2393 5243 2598 5311 Quibus
2625 5244 2884 5296 attonitus
2910 5244 3087 5299 verbis
3111 5246 3405 5300 ItiOltaCilllS
3430 5247 3518 5301 ille
3542 5247 3725 5314 iunior.

2164 5337 2239 5388 ait
2266 5353 2277 5388 :
2313 5336 2586 5401 Quomodo
2612 5336 2722 5388 lta'c
2743 5375 2757 5398 ,
2788 5334 2947 5389 Pater
2978 5339 3046 5388 mi
3075 5340 3099 5392 Ρ
3132 5337 3270 5402 Quia
3291 5379 3304 5402 ,
3343 5341 3626 5408 respondit
3662 5354 3727 5389 sr-

2167 5427 2304 5489 ninr,
2336 5424 2542 5478 declina
2577 5442 2608 5476 a
2641 5425 2902 5478 mandatis
2938 5425 3064 5488 Dei,
3091 5437 3261 5479 tamen
3286 5428 3556 5492 psallendo
3583 5428 3689 5479 dice
3711 5439 3724 5474 :

2169 5535 2188 5568 ί
2222 5516 2540 5571 ﬂia/edictus
2563 5557 2578 5578 ,
2607 5518 2701 5581 qui
2728 5520 2956 5572 declinat
2987 5538 3016 5572 a
3048 5520 3314 5573 mandatis
3347 5522 3452 5573 tuis
3488 5521 3552 5572 “.
3580 5539 3598 5571 ι
3630 5519 3725 5570 lni-

2154 5614 2380 5684 quitates
2434 5625 2670 5685 perpetro
2703 5655 2718 5682 ,
2789 5625 2896 5670 tum
2954 5615 3148 5669 cantito
3191 5632 3213 5671 :
3253 5633 3273 5668 t
3308 5614 3394 5671 Ne
3447 5614 3723 5672 miserearis
