3860 6320
231 251 362 310 “0|

1224 260 1593 324 VARIORUM
1627 267 1934 329 REGULE
1968 274 2062 331 AD
2086 276 2479 336 MONACHOS.

3350 292 3484 348 “02

214 369 480 435 omnibus,
511 371 601 439 qui
627 381 912 443 operantur
936 373 1344 445 iniquitatem".
1373 399 1393 433 ι
1423 382 1699 439 Mendacia
1734 385 1812 455 ef-
1837 396 1887 457 Α
1915 390 2148 446 laborem
2204 411 2372 451 meum
2396 438 2411 464 ,
2465 407 2514 453 et
2567 400 2773 456 dimitte
2814 402 2944 456 mihi
2987 405 3226 460 universa
3268 419 3485 475 peccata

214 459 351 528 {utio
378 503 395 527 ,
420 471 471 515 et
500 478 593 517 oro
623 463 791 518 Deum
820 478 839 518 :
891 482 911 517 ι
943 465 1138 523 Perdes
1169 486 1346 527 omnes
1391 475 1483 544 qui
1515 474 1803 546 loquuntur

214 554 553 609 mendacium
582 557 653 611 ⁸⁸.
687 575 706 609 ι
737 555 901 612 Totus
931 574 1047 613 sum
1086 560 1141 614 in
1180 561 1309 616 cibis
1355 568 1710 635 apparandis,
1754 577 1803 622 et

211 644 351 713 gula:
395 648 732 718 crapulteque
782 650 1026 719 deditus,
1078 652 1411 719 impudenter
1459 675 1639 713 coram
1696 660 1802 715 Deo

213 731 425 798 fundo:
470 753 490 787 ι
521 735 728 791 Oblitus
758 755 875 792 sum
915 742 1185 797 comedere
1222 761 1409 812 panem
1458 766 1628 803 meum
1677 750 1745 805 ".
1778 771 1796 804 ι

218 824 461 896 Pigritia:
487 845 551 882 ac
582 845 763 883 somno
787 832 916 886 satis
946 831 1214 905 indulgeo,
1248 847 1299 891 et
1331 840 1502 893 media
1525 841 1689 910 ferme
1719 846 1803 900 die

209 917 437 971 decanto
469 919 610 973 Deo:
637 940 657 971 ‹
687 921 866 976 Media
897 932 1046 979 nocte
1071 928 1346 996 surgebam
1364 915 1431 984 ad
1451 934 1801 1003 confitendum

210 1008 305 1062 tibi
343 1011 412 1063 δ’.
448 1028 467 1061 ι
505 1012 758 1066 Sedulam
809 1014 1005 1084 requiei
1043 1031 1175 1070 navo
1210 1033 1418 1087 operam
1461 1033 1512 1076 et
1545 1023 1802 1092 jucunda:

208 1102 363 1164 vita,
400 1101 732 1173 laboremque
772 1104 1022 1174 refugio;
1053 1117 1215 1178 atque
1252 1112 1420 1177 psallo
1466 1123 1579 1167 tum
1599 1131 1618 1170 :
1650 1132 1670 1167 ι
1695 1114 1804 1170 ΙΛ-

209 1193 394 1245 boraoi
422 1194 478 1245 in
515 1198 706 1265 gemitu
736 1213 849 1251 meo
876 1196 943 1250 ⁸³.
972 1216 995 1250 s
1024 1196 1213 1266 Risui,
1243 1201 1449 1258 lwtitia:
1474 1221 1535 1258 ac
1560 1209 1798 1263 omnibus

209 1287 500 1341 mundanis
531 1288 784 1344 illecebris
814 1291 1042 1362 impense
1071 1297 1253 1348 studeo
1281 1312 1300 1358 ;
1347 1296 1455 1349 alta
1498 1308 1672 1353 tamen
1708 1300 1797 1355 in-

207 1388 334 1433 tono
363 1396 480 1434 voce
501 1397 521 1435 :
552 1399 570 1433 ι
602 1380 843 1436 Fuerunt
874 1384 1003 1439 mihi
1031 1384 1280 1456 lacryma:
1317 1404 1447 1443 mea:
1485 1406 1676 1458 panes,
1712 1392 1799 1446 die

205 1487 271 1523 ac
304 1484 457 1527 nocte
484 1473 551 1527 “.
583 1495 601 1526 ο
632 1473 738 1529 Cor
768 1492 938 1530 meum
979 1478 1032 1531 in
1062 1480 1343 1534 mundanis
1373 1481 1719 1551 dignitatibus
1748 1494 1798 1538 et

208 1560 498 1615 honoribus
529 1565 805 1631 captandis
839 1574 1006 1620 totum
1035 1578 1108 1622 est
1137 1568 1357 1638 inﬁxum
1379 1611 1393 1635 ,
1432 1583 1480 1625 et
1518 1573 1690 1627 media
1723 1575 1795 1628 ad

204 1663 402 1706 metam
432 1656 633 1723 simper
672 1657 1003 1725 meditatur;
1030 1661 1283 1715 audacter
1321 1661 1671 1718 nihilominus
1705 1680 1795 1719 oc-

1907 500 2020 537 mea
2043 486 2111 540 ⁸⁷.
2145 504 2164 538 ι
2194 485 2300 543 Cor
2324 507 2496 545 meum
2522 492 2591 545 ad
2621 495 2799 548 divina
2826 496 3181 564 suscipienda,
3209 514 3487 569 exsequen-

1905 576 2074 644 daque
2101 578 2199 634 Dei
2228 583 2481 638 mandata
2515 601 2845 657 nequaquam
2876 597 3125 658 paratum
3162 600 3281 657 est;
3314 592 3482 662 psallo

1906 678 2122 725 tamen:
2153 690 2171 723 ι
2208 670 2465 728 Paratum
2508 693 2598 730 cor
2638 694 2840 745 meum,
2885 679 3056 745 Deus.
3101 692 3349 751 paratum
3394 702 3486 739 cor

1904 777 2076 816 meum
2123 764 2192 820 ⁵⁸.
2218 783 2239 817 s
2281 765 2415 821 Cum
2446 768 2557 823 ha'c
2603 786 2724 842 ergo
2762 773 2837 826 ita
2861 788 2972 828 sese
3010 774 3274 842 habeant,
3316 794 3484 832 nonne

1905 851 2031 904 mihi
2064 853 2353 910 timendum
2379 869 2453 913 est
2477 900 2491 925 ,
2517 861 2657 929 quod
2687 862 2888 932 frustra
2914 865 3144 919 stadium
3174 867 3272 921 hoc
3295 885 3483 922 cucur-

1905 942 2122 1006 rissent.
2153 945 2460 1002 delusissem
2493 951 2790 1018 veritatem,
2835 962 2884 1007 et
2921 956 3130 1021 prtemii
3170 956 3285 1011 loco
3327 961 3482 1013 meri-

1903 1038 1984 1082 tus
2015 1046 2176 1084 essem
2207 1036 2464 1104 supplicia
2489 1037 2514 1090 1’

1972 1120 2053 1174 Ad
2091 1121 2206 1177 hanc
2234 1124 2419 1191 junior
2449 1128 2524 1181 uit
2561 1132 2859 1186 monachus
2887 1149 2900 1185 :
2937 1134 3103 1188 Pater
3135 1137 3247 1201 mi,
3286 1141 3385 1193 ista
3415 1141 3479 1194 de

1901 1228 1956 1266 se
1989 1213 2103 1281 ipso
2129 1218 2344 1282 protulit
2384 1218 2551 1275 David
2571 1262 2587 1285 ,
2623 1239 2727 1278 non
2768 1227 2975 1295 quidem
3004 1230 3068 1284 de
3111 1231 3257 1286 nobis
3293 1248 3479 1287 mona-

1890 1304 2031 1363 chis.
2065 1304 2159 1360 Cui
2197 1322 2303 1363 non
2341 1310 2458 1364 sine
2490 1314 2738 1383 suspiriis
2778 1325 2834 1371 et
2898 1318 3189 1374 uberrimis
3224 1321 3477 1394 lacrymis

1902 1385 2178 1467 respondit
2229 1400 2416 1455 senior
2461 1401 2593 1459 ille:
2642 1403 2748 1458 Fili
2791 1409 2895 1473 mi,
2944 1419 3082 1465 certe
3128 1411 3231 1466 nisi
3257 1429 3318 1467 ea
3356 1431 3477 1483 qua:

1899 1488 2026 1544 olim
2069 1508 2183 1547 vere
2220 1492 2285 1548 de
2327 1510 2381 1549 se
2418 1495 2531 1562 ipso
2570 1498 2755 1552 cecinit
2784 1500 2952 1556 David
2974 1544 2988 1570 ,
3028 1520 3165 1559 nunc
3191 1522 3284 1561 nos
3314 1510 3476 1562 etiam

1898 1581 1963 1636 de
1989 1582 2135 1638 nobis
2163 1601 2277 1639 uere
2305 1602 2560 1642 canamus
2586 1629 2600 1652 ,
2635 1606 2753 1644 cum
2784 1608 2845 1646 ea
2880 1593 2934 1647 in
2970 1606 3149 1649 nostra
3175 1597 3475 1653 orcinamus

1897 1686 2120 1740 persona
2141 1715 2156 1740 ,
2180 1683 2230 1727 et
2255 1675 2443 1730 iisdem
2470 1677 2638 1733 verbis
2669 1678 2836 1735 Deum
2866 1682 3235 1754 alloquamur;
3260 1689 3478 1751 menda-

204 1744 327 1796 cino
356 1761 535 1798 coram
567 1745 674 1802 Deo
694 1764 714 1802 :
743 1766 762 1799 ι
790 1747 1068 1805 Meditatio
1098 1753 1270 1806 cordis
1303 1753 1405 1808 mei
1435 1755 1488 1807 in
1517 1765 1795 1824 conspectu
1830 1746 1872 1804 Β
1900 1762 1985 1815 cia
2005 1763 2345 1831 e/fuudimus,
2365 1767 2488 1836 quia
2511 1769 2700 1823 veritas
2723 1782 2837 1838 est,
2863 1783 2918 1826 ut
2946 1744 3098 1827 verba
3128 1778 3475 1845 respondeant

202 1845 294 1890 tuo
325 1853 528 1906 semper
556 1838 623 1895 ⁸⁵.
656 1858 676 1892 ι
702 1839 901 1911 Jejuno
943 1842 1054 1913 fere
1102 1860 1368 1916 nunquam
1412 1856 1503 1901 aut
1547 1861 1668 1902 raro
1687 1888 1703 1913 ,
1738 1859 1785 1903 et
1894 1852 2093 1923 factis;
2115 1864 2271 1925 atque
2298 1857 2374 1911 ita
2398 1860 2664 1916 orationes
2690 1873 2883 1918 nostra
2907 1864 3059 1920 verba
3086 1878 3237 1922 erunt
3265 1869 3472 1926 inania;

202 1928 570 1999 impinguatus
618 1949 680 1986 ac
715 1934 1132 2002 valentissimus,
1160 1937 1342 2007 e/futio
1362 1950 1383 1991 :
1411 1957 1431 1991 ί
1461 1938 1643 1996 Genua
1672 1957 1788 1995 mea

202 2022 480 2090 inﬁrmata
509 2036 630 2080 sunt
665 2043 697 2080 a
716 2026 923 2096 jejunio
952 2027 1017 2080 ⁸⁸.
1052 2047 1071 2080 ι
1098 2027 1354 2099 Superbia
1381 2032 1591 2102 efferor,
1620 2042 1791 2087 totus«

198 2131 303 2184 que
348 2116 568 2171 scientia
618 2120 788 2172 instar
812 2120 954 2174 asini
981 2122 1114 2175 utris
1139 2138 1254 2177 sum
1287 2124 1529 2194 inﬂatus,
1559 2126 1790 2180 nullam-

199 2223 304 2276 que
335 2209 468 2263 veris
492 2208 643 2265 bonis
672 2210 913 2275 operibus
943 2213 1009 2268 do
1042 2231 1283 2285 operam,
1314 2214 1518 2271 labores
1547 2217 1787 2288 refugio;

1896 1942 2015 2000 Imo
2046 1962 2151 2001 non
2178 1948 2331 2001 verba
2365 1958 2571 2004 tantum
2611 1953 2794 2007 inania
2815 1993 2831 2016 .
2880 1956 2973 2010 sed
3022 1968 3205 2013 contra
3238 1976 3376 2026 nos;
3411 1978 3476 2017 ae

1897 2036 2166 2092 verissime
2204 2037 2339 2093 illud
2367 2040 2432 2094 de
2462 2041 2612 2096 nobis
2639 2046 3018 2113 praedicabitur
3043 2048 3280 2118 ejusdem
3311 2050 3475 2106 Davi-

1899 2125 1983 2181 dis
2006 2143 2027 2181 :
2057 2145 2077 2178 ι
2112 2126 2178 2182 Et
2207 2130 2376 2184 oratio
2394 2130 2509 2200 ejus
2534 2131 2628 2201 ﬁat
2655 2133 3001 2205 inpeccatum
3027 2138 3096 2193 ".
3126 2156 3148 2192 s
3173 2138 3310 2194 Item
3336 2139 3472 2213 illud

1892 2220 2140 2287 sapientis
2187 2219 2485 2278 Salomonis
2519 2237 2539 2277 :
2571 2242 2592 2273 ι
2621 2223 2801 2281 Oratio
2861 2227 2974 2299 ejus
3028 2231 3125 2285 erit
3171 2234 3469 2286 exsecrabi-

199 2301 445 2369 suppiico
476 2310 650 2356 tamen
684 2302 851 2358 Deum
876 2319 896 2358 :
927 2322 947 2357 ‹
991 2304 1118 2362 Vide
1146 2307 1501 2364 humilitatem
1539 2325 1707 2365 meam
1733 2323 1784 2365 et
1889 2311 1954 2366 lis
1976 2312 2041 2366 ‘°.
2069 2332 2087 2365 ι

269 2451 798 2545 ‘;P§21.Lvm,6_.~
847 2456 1157 2545 {iugi},
1194 2461 1246 2516 7.
1322 2460 1367 2494 ιι
1408 2437 1794 2545 lis-31.91,§._

1908 2465 2046 2523 Psal.
2073 2470 2403 2545 CEVIlliGg.
2443 2474 2525 2545 ﬁ"
2563 2472 2707 2529 Psal.
2737 2491 2827 2542 γι,
2863 2476 2914 2530 7.
2990 2478 3038 2510 “
3076 2477 3216 2534 Psal.
3253 2494 3377 2545 xu,
3409 2479 3467 2534 ι.

198 2525 248 2611 1'
292 2522 436 2611 Esal.
507 2522 681 2590 nul,
716 2528 820 2611 n15.
895 2528 944 2561 ⁵⁸
984 2522 1151 2585 Ρδθῑξ
1194 2545 1360 2599 cvm,
1422 2532 1515 2589 9.4.
1589 2522 1794 2591 "'Psal

1904 2522 2043 2605 :xlv,
2082 2522 2194 2595 ⁷18(
2229 2522 2297 2574 7""
2322 2522 2478 2598 igni.
2533 2522 2707 2611 c'vuT,"
2730 2522 2786 2600 ἐξ

199 2596 248 2627 ⁸⁸
287 2594 449 2650 Prov.
488 2612 681 2661 xum,
716 2597 770 2652 9.

2861 2547 2908 2581 ⁸⁹
2975 2547 3115 2605 Psai.
3178 2564 3347 2615 CVIII,
3410 2550 3464 2603 7.

203 2787 3466 2853 Μ
1170 2818 2111 2836 —__.__..._....____________

1527 2967 1667 3011 ANNO
1704 2968 1889 3011 υοιιιω
1917 2970 2163 3013 CCCLXV"

732 3134 892 3292 s.
986 3137 1985 3341 THEODORI
2084 3137 2905 3363 'ABBATIS

397 3418 982 3545 EPISTOLA
1033 3451 1184 3542 AD
1240 3450 1640 3547 OMNIA
1710 3448 2529 3544 MONASTERIA.
2609 3453 2758 3545 DE
2833 3455 3277 3548 PASCHA
3374 3458 3387 3475 ί
3467 3444 3475 3457 ‘

272 3660 409 3759 Vide
452 3664 773 3738 Palrologim
818 3667 1021 3724 Latina:
1065 3679 1194 3728 tom.
1240 3666 1472 3738 XXIII,
1495 3668 1597 3725 col.
1619 3667 1712 3727 99.
1737 3665 1969 3796 -ῖίαξξὲα
2007 3675 2187 3723 exstat
2208 3667 2264 3721 in
2295 3666 2447 3724 Actis
2481 3675 2795 3726 sanctorum
2824 3668 3065 3730 Bolland.
3092 3673 3162 3727 ad
3191 3672 3328 3729 diem
3354 3673 3390 3729 9

196 3961 3453 3999 W

525 4136 633 4199 SS.
663 4137 980 4201 PATRUM
1007 4099 1480 4216 SERAPIéNIS,
1509 4141 1858 4215 MACARII,
1890 4139 2332 4214 PAPHNUTII,
2362 4139 2679 4201 MACARII
2721 4140 3123 4216 ALTERIUS,

1129 4345 1596 4437 BEGULA
1669 4278 1855 4434 AD.
1892 4340 2546 4437 MONACHOS

932 4559 1064 4618 Vide
1119 4562 1359 4633 ejusdem
1403 4560 1727 4632 Palrologiaa
1780 4559 1797 4615 l

1904 4575 1988 4616 nae
2046 4568 2174 4615 tam.
2199 4534 2367 4626 cui,
2410 4559 2512 4615 col.
2542 4558 2671 4617 435.

195 4755 3427 4794 mg.

538 4922 549 4939 ‘
631 4908 910 5001 ALIA
978 4908 1467 5002 PATRUM
1547 4906 2021 5000 REGULA
2106 4906 2253 4997 AD
2323 4895 2977 5005 MONACHOS

1518 5081 1644 5138 Vide
1670 5081 1826 5146 tbid.,
1865 5081 1967 5138 col.
1997 5082 2093 5138 4M
2109 5120 2123 5134 .

183 5274 3439 5308 ψ

636 5417 1113 5512 REGULA
1181 5417 1456 5509 ALIA
1535 5415 2400 5513 ORIENTALIUM
2493 5423 2989 5516 PATRUM

1493 5565 1626 5622 Vide
1658 5564 1818 5634 ibid.,
1863 5566 1971 5623 col.
2008 5567 2131 5624 475.
