3860 6320
409 283 3660 338 m

1691 456 1831 499 ANNO
1871 457 2055 499 DOIINI
2102 456 2360 518 .CCCLXXII

1147 639 1320 818 S.
1427 629 2134 817 ISAIAS
2230 633 2939 822 ABBAS

1741 1113 2351 1230 NOTITIA

1289 1341 1577 1406 (Causam,
1613 1340 1714 1390 Vel.
1742 1340 1884 1390 Patr.
1914 1336 2162 1400 Biblioth,
2190 1346 2224 1390 t.
2252 1339 2358 1402 VII,
2384 1341 2606 1408 Proleg.,
2633 1358 2683 1407 ρ.
2709 1346 2798 1410 Vl.)

477 1657 519 1711 I.
547 1654 715 1712 Isaias
747 1651 914 1707 abbas
949 1646 1384 1703 anachoreticam
1417 1644 1579 1698 vitam
1609 1643 1661 1698 in
1707 1644 1850 1699 Sceti
1880 1644 1982 1700 du-
2013 1650 2061 1707 Α
2089 1645 2264 1701 dictus
2317 1647 2652 1705 Anisnensis
2685 1650 2740 1706 in
2799 1653 2986 1710 codice
3019 1655 3343 1729 Regularum
3374 1643 3674 1722 IIolstenia-

409 1749 555 1805 xisse
582 1745 833 1808 traditur,
867 1741 991 1796 dum
1055 1740 1232 1795 adhuc
1266 1739 1317 1792 in
1356 1737 1496 1792 vivis
1547 1746 1730 1808 ageret
1762 1736 1986 1808 Magnus

408 1840 762 1904 Athanasius,
810 1845 865 1891 nt
925 1851 990 1890 ex
1037 1831 1322 1892 Ammonis
1373 1828 1612 1899 episcopi
1671 1828 1893 1899 epistola
1920 1829 1986 1884 ad

405 1931 770 2003 Theophilum
825 1923 1250 1981 Alexandrinum
1281 1921 1558 1976 erudimur
1588 1918 1686 1990 (a).
1723 1918 1876 1974 IIaud
1913 1927 1988 1974 ta-

407 2040 532 2082 men
583 2029 920 2092 compertum
963 2018 1247 2079 habemus,
1303 2026 1429 2066 num
1482 2012 1584 2068 iste
1617 2011 1785 2066 Isaias
1845 2011 1984 2067 idem

407 2115 571 2171 fuerit
595 2127 716 2168 cum
743 2124 809 2166 eo
838 2109 928 2178 qui
959 2107 1112 2163 Paesii
1147 2104 1314 2160 frater
1362 2103 1532 2160 fuisse
1555 2103 1892 2172 perhibetur,
1921 2103 1986 2158 de

405 2221 515 2278 quo
542 2204 707 2261 multa
728 2203 1000 2259 Palladius
1028 2199 1126 2272 (b).
1156 2198 1354 2270 Neque
1391 2199 1518 2254 item
1569 2205 1803 2262 constat,
1829 2209 1894 2249 an
1920 2195 1987 2250 de

405 2311 593 2359 nostro
618 2298 1042 2356 archimandrita
1071 2296 1275 2352 mentio
1308 2294 1574 2350 habeatur
1609 2292 1662 2346 in
1695 2289 1988 2360 Apoplitlie-

402 2392 667 2464 gmatibus
689 2390 909 2444 Patrum
944 2387 1038 2457 (ε).
1062 2385 1192 2454 Qua:
1215 2394 1393 2440 tamen
1424 2383 1574 2437 Isaiae
1601 2381 1816 2437 abbatis
1842 2381 1984 2435 dicta

404 2486 603 2542 ibidem
643 2489 969 2539 enarrantur
999 2478 1101 2552 (di,
1134 2479 1251 2533 viro
1281 2477 1440 2532 beato
1467 2476 1532 2529 de
1560 2488 1668 2544 quo
1689 2473 1981 2542 loquimur,

406 2577 606 2632 rectius
637 2574 866 2630 fortasse
903 2571 1221 2628 ascribenda
1261 2569 1383 2639 quis
1439 2565 1656 2621 dixerit.
1697 2565 1822 2634 Ejus
1851 2579 1987 2633 quo-

405 2684 509 2739 que
541 2667 784 2724 meminit
828 2681 949 2721 cum
1004 2661 1160 2718 laude
1209 2661 1552 2732 Nicephorus
1605 2657 1902 2714 monachus
1930 2657 1982 2712 in

405 2758 664 2828 opusculo
693 2758 766 2813 De
798 2757 1036 2812 custodia
1059 2755 1254 2820 cordis,
1283 2753 1426 2825 quod
1451 2751 1680 2807 Possino
1703 2757 1982 2820 acceptum

406 2848 694 2902 referimus
723 2847 815 2917 (ε).
882 2848 957 2902 De
1010 2861 1076 2901 eo
1108 2853 1370 2915 praeterea
1402 2844 1604 2899 mentio
1645 2844 1785 2913 apud
1830 2842 1985 2898 Rufi-

404 2954 533 2992 num
554 2939 621 3009 (ι’)
643 2949 696 2994 et
722 2917 1023 2992 Palladium
1042 2938 1138 3007 (g).
1169 2937 1298 3004 Quae
1329 2950 1490 3006 porro
1517 2936 1582 3006 de
1609 2945 1796 2990 nostro
1823 2934 1981 2991 beato

2096 1753 2168 1792 no
2200 1737 2288 1808 (ἰ).
2323 1737 2575 1808 Capitula
2621 1743 2854 1814 denique
2889 1762 2980 1802 six
3035 1749 3100 1802 de
3152 1750 3397 1821 religiosa
3426 1758 3675 1813 exercita-

2094 1830 2233 1885 tione
2270 1840 2320 1885 et
2363 1833 2553 1900 quiete,
2605 1849 2725 1904 qua:
2751 1835 2937 1894 Graece
2964 1855 3028 1894 ac
3071 1840 3264 1899 Latine
3289 1843 3516 1904 Parisiis
3543 1865 3673 1908 anno

2094 1923 2233 1980 1684
2267 1926 2319 1980 in
2350 1926 2540 1998 vulgus
2565 1928 2880 1997 prodierunt
2915 1947 3043 1987 cura
3075 1943 3131 1988 et
3163 1938 3344 1993 studio
3372 1939 3519 1996 Petri
3555 1942 3676 1998 Pos-

2093 2016 2197 2071 sini
2233 2018 2321 2087 (j).
2350 2018 2480 2086 Qua:
2502 2019 2716 2090 quidem
2757 2022 2940 2076 omnia
2983 2025 3143 2080 simul
3170 2027 3395 2084 collecta
3433 2041 3599 2101 atque
3625 2035 3670 2088 in

2093 2109 2360 2165 sectiones
2407 2111 2683 2182 distincta,
2724 2115 2866 2184 typis
2903 2119 3284 2174 committenda
3325 2122 3667 2183 tradidimus.

2093 2200 2208 2258 Non
2239 2212 2322 2259 est
2355 2204 2441 2260 hic
2490 2216 2670 2260 autem
2707 2210 3162 2279 praetereundum,
3199 2212 3447 2285 Capitula
3497 2217 3671 2274 Possi-

2094 2291 2253 2347 niana
2284 2294 2418 2349 nihil
2445 2297 2586 2351 aliud
2609 2312 2733 2354 esse
2759 2315 2919 2369 quam
2937 2312 3188 2374 excerpta
3211 2320 3276 2358 ex
3305 2304 3539 2362 laudatis
3565 2326 3672 2364 ora-

2096 2385 2332 2440 tionibus
2360 2401 2492 2442 xxlx
2545 2403 2574 2441 a
2612 2387 2747 2443 Zino
2780 2390 3046 2462 evulgalis
3083 2409 3096 2447 :
3131 2395 3275 2463 quod
3319 2398 3542 2467 quidem
3573 2416 3668 2455 non

2096 2477 2255 2532 modo
2303 2478 2592 2546 editorem,
2651 2481 2744 2536 sed
2801 2481 3200 2541 'I‘illemontium
3246 2489 3434 2557 etiam,
3489 2492 3671 2547 Fabri-

2091 2571 2236 2624 cium
2289 2570 2529 2642 aliosque
2587 2573 2848 2629 hactenus
2877 2575 3050 2632 latuit.
3105 2576 3401 2650 Utrobique
3453 2599 3581 2639 vero
3609 2586 3669 2639 ad

2093 2661 2315 2718 Iimbum
2344 2663 2459 2722 loca
2515 2666 2873 2725 indicavimus
2907 2691 2919 2725 :
2956 2671 3007 2725 in
3040 2672 3391 2732 Orationibus
3416 2677 3667 2733 nimirum

2093 2753 2348 2810 lectorem
2399 2757 2464 2811 ad
2497 2759 2734 2829 capitula
2788 2762 3145 2831 remittentes,
3173 2782 3279 2836 quo
3327 2769 3518 2826 Graeca
3548 2787 3668 2827 con-

2090 2849 2270 2904 sulere
2297 2849 2501 2920 valeat;
2544 2853 2596 2906 in
2627 2853 2878 2923 capitulis
2911 2866 3089 2912 autem
3129 2861 3195 2914 ad
3226 2860 3534 2930 Orationes,
3568 2880 3668 2934 quo

2089 2950 2301 2996 constet
2347 2942 2489 2997 unde
2546 2959 2640 2998 sua
2698 2945 3058 3017 desmnpserit
3111 2953 3538 3010 consarcinator.
3593 2956 3665 3011 Ex

404 3030 567 3084 Patre
596 3045 627 3082 a
661 3028 932 3084 veteribus
975 3029 1284 3094 traduntur,
1325 3026 1610 3098 diligenter
1656 3025 1788 3080 satis
1815 3040 1982 3082 excu-
2015 3020 2060 3076 Β
2090 3033 2192 3088 hac
2219 3048 2383 3103 porro
2415 3034 2664 3091 instituta
2697 3037 2985 3095 collatione
3035 3040 3162 3097 illud
3195 3046 3469 3101 commodi
3497 3063 3665 3103 emer-

407 3122 472 3175 tit
503 3118 875 3174 Tillemontius
902 3120 1001 3190 (It).

2087 3140 2217 3196 gere
2245 3141 2402 3182 nemo
2438 3143 2541 3182 non
2583 3130 2748 3199 videt,
2804 3133 3036 3202 pretium
3088 3134 3336 3193 videlicet
3371 3153 3477 3193 non
3516 3141 3666 3195 mini-

476 3211 538 3266 ΙΙ.
572 3212 860 3278 Caeterum,
907 3221 966 3266 ut
996 3212 1064 3266 ad
1095 3213 1424 3284 propositum
1479 3227 1726 3275 nostrum
1770 3215 1988 3288 propius
2090 3232 2235 3272 mum
2282 3233 2405 3273 cum
2463 3219 2703 3277 Zinianae
2754 3226 3021 3294 versioni,
3075 3239 3188 3283 tum
3242 3231 3477 3286 maxime
3531 3232 3662 3288 beati

406 3307 751 3370 accedamus,
801 3304 889 3373 qui
947 3304 1073 3360 vitae
1133 3306 1489 3363 sanctimonia
1539 3307 1765 3366 florebat
1795 3307 1982 3374 Isaias,

406 3394 580 3465 ipsum
631 3409 846 3463 quoque
891 3395 1172 3465 praeceptis
1218 3396 1588 3467 institutisque
1637 3399 1834 3456 fratres
1876 3400 1983 3454 im-

404 3487 592 3544 buisse
642 3486 887 3558 quicum
922 3488 1068 3543 eoin
1114 3487 1400 3544 solitudine
1446 3490 1726 3560 degebant,
1752 3489 1985 3547 Joannes

403 3579 771 3634 Antiocbcnns
796 3578 1020 3632 antistes
1050 3581 1377 3647 posteritatis
1401 3583 1682 3636 memoriae
1707 3594 1985 3637 commen-

403 3673 570 3736 davit,
626 3671 679 3726 in
731 3671 974 3726 oratione
1035 3671 1284 3740 superius
1329 3673 1484 3728 nobis
1527 3673 1741 3729 laudata
1797 3673 1885 3728 ubi
1916 3673 1984 3729 de

402 3761 639 3816 Macario
669 3758 924 3831 Egyptio
959 3761 1122 3813 verba
1177 3759 1420 3817 fecimus.
1456 3759 1531 3816 Ibi
1557 3777 1785 3832 namque
1813 3761 1982 3818 libros

403 3866 733 3906 enumerans
780 3851 1040 3905 divinitus
1095 3851 1403 3921 inspiratos,
1465 3851 1680 3923 βίϐλους
1727 3853 1982 3908 θεοπνεύ-

404 3959 586 4006 στους,
619 3957 757 4012 quos
781 3942 953 3997 sancti
979 3957 1135 3998 senes
1161 3942 1338 4001 Scetis
1362 3944 1750 4013 conscripsere,
1786 3946 1979 4001 librum

401 4031 566 4085 etiam
621 4041 883 4086 memorat
941 4031 1109 4086 sancti
1153 4031 1337 4100 Isaiae,
1375 4032 1467 4085 τοῦ
1523 4033 1669 4087 ὁσίου
1718 4035 1976 4090 Ἦσαΐουτ

400 4120 491 4189 qui
524 4131 806 4191 propterea
841 4121 980 4179 inter
1013 4121 1268 4178 Ecclesiae
1294 4123 1588 4193 scriptores
1620 4127 1982 4184 recensendas

393 4212 520 4282 jure
548 4213 815 4268 videatur.

2087 3307 2239 3363 Isaiae
2268 3310 2426 3366 dictis
2451 3313 2708 3370 accedere
2734 3332 2749 3382 ;
2809 3319 2976 3374 donec
3002 3322 3311 3376 earumdem
3349 3322 3662 3379 Orationem

2091 3404 2504 3476 textusinteger
2532 3407 2824 3477 aliquando
2866 3411 2917 3465 in
2946 3413 3181 3466 medium
3217 3413 3469 3482 prodeat.

2160 3492 2246 3550 III.
2281 3496 2500 3552 Interim
2555 3515 2684 3555 vero
2735 3515 2840 3571 pro
2859 3505 3029 3559 nostri
3079 3506 3238 3562 ollicii
3287 3511 3523 3574 ratione,
3551 3525 3663 3577 quae

2085 3585 2154 3640 ad
2207 3583 2518 3642 Orationem
2565 3605 2636 3642 xx
2685 3588 2871 3646 erca
2929 3604 3224 3664 pertment,
3273 3612 3340 3653 ex
3383 3598 3660 3653 Parallelis

2089 3676 2489 3734 Damascenicis
2543 3679 2946 3753 descripsimus,
2995 3695 3050 3741 et
3075 3687 3301 3758 vulgata:
3336 3690 3659 3759 interpreta-

2087 3767 2217 3824 tioni
2253 3774 2620 3840 apposuimus.
2675 3774 2870 3833 Nostra
2917 3789 3178 3848 przeterea
3212 3783 3477 3861 interesse
3511 3784 3661 3838 duxi-

2085 3876 2225 3927 mus,
2275 3863 2376 3917 alia
2412 3867 2665 3922 nonnulla
2720 3868 2805 3925 hic
2834 3872 3082 3940 proferre
3104 3874 3299 3944 quibus
3338 3875 3541 3946 aliquot
3570 3879 3660 3932 ha-

2084 3967 2270 4009 rumce
2307 3952 2625 4012 Orationum
2688 3959 2820 4016 locis
2871 3964 2986 4018 sive
3039 3961 3226 4018 Graeca
3285 3967 3656 4033 restituantur,

2081 4042 2196 4098 sive
2225 4044 2601 4116 interpretatio
2621 4049 2965 4108 reformetnr.
2995 4052 3062 4108 Et
3093 4056 3327 4124 primum
3357 4055 3578 4124 quidem
3607 4060 3655 4111 in

2081 4134 2340 4194 Oratione
2366 4155 2458 4194 vm
2493 4138 2566 4212 (k)
2595 4156 2660 4196 ex
2691 4159 2790 4198 ms.
2825 4144 3137 4202 Colbcrtino
3169 4147 3304 4204 hanc
3339 4145 3492 4203 Isaia:
3538 4163 3657 4202 sen-

2029 4261 2043 4276 .
2089 4227 2306 4281 tentiam
2339 4230 2390 4283 in
2439 4229 2644 4288 Latinis
2673 4233 2904 4304 vulgatis
2958 4237 3246 4292 admodum
3287 4238 3655 4308 depravatam,

468 4305 696 4359 Exstant
748 4306 928 4374 itaque
981 4307 1081 4363 snb
1110 4307 1227 4378 ejus
1255 4309 1470 4362 nomine
1519 4306 1797 4364 Orationes
1824 4326 1974 4377 xxix,

473 4410 528 4420 ..ι-
559 4412 616 4420 η-
653 4397 831 4420 ...νηηη
855 4398 1035 4420 Π-μ--
1083 4401 1399 4420 -._..__-..,-.!-
1455 4401 1493 4420 .l
1520 4416 1599 4420 Α..-
1624 4403 1843 4420 -.-μηνμ-

2089 4317 2159 4371 ita
2223 4319 2800 4381 describitCoteIerius
2837 4326 2898 4398 (ι)
2931 4341 2947 4381 ε
2977 4326 3107 4382 Ἐὰν
3155 4329 3263 4401 γάρ
3296 4305 3380 4392 τιξ
3407 4329 3655 4401 νηστεύει

396 4410 530 4463 quas
555 4412 621 4450 ex
650 4397 833 4451 codice
854 4398 1040 4454 Graeco
1081 4401 1405 4468 pervetusns
1448 4401 1846 4458 characteribus
1881 4420 1978 4459 ex-

393 4498 545 4542 arato
570 4490 774 4557 primus
800 4488 989 4545 Latine
1017 4495 1182 4547 vertit
1212 4493 1550 4563 vulgavitque
1571 4493 1808 4549 Venetiis
1829 4509 1968 4552 anno

394 4578 536 4632 1574
567 4578 758 4636 Petrus
814 4581 1136 4638 Franciscus
1165 4585 1331 4640 Zinus
1356 4585 1704 4642 Veronensis.
1734 4587 1828 4644 Ila:
1865 4608 1962 4645 au-

393 4679 499 4724 tem
531 4670 814 4729 Orationes
845 4675 895 4729 in
950 4677 1126 4731 varias
1156 4676 1376 4733 Patrum
1427 4679 1783 4738 bibliothecas
1815 4684 1965 4738 dein-

390 4779 519 4833 ceps
574 4765 755 4821 illatae.
816 4767 1087 4824 Ilabemns
1143 4781 1401 4837 prazterea
1451 4771 1689 4841 ejusdem
1753 4777 1964 4832 abbatis

386 4854 536 4912 Isaize
581 4857 850 4928 Praecepta
879 4875 970 4915 seu
993 4860 1225 4916 Consilia
1275 4878 1464 4930 vam,
1497 4866 1671 4933 posita
1700 4867 1962 4923 tironibus

307 4931 310 4934 ’
387 4945 442 4998 in
501 4948 839 5014 monac/tatu,
878 4964 998 5018 qua:
1042 4952 1198 5006 nobis
1247 4954 1483 5008 serVaVit
1537 4966 1757 5012 sanctus
1791 4956 1964 5013 Bene-

455 5102 811 5180 (a)_A_mm_nn.
846 5107 1182 5180 cpist._apud
1213 5108 1497 5180 iBoIIand.,
1549 5121 1678 5171 tom.
1716 5115 1776 5169 III
1811 5115 1954 5180 Maii,

382 5187 505 5250 pag.
540 5175 673 5250 '5_57,_
700 5175 743 5250 §>
765 5191 885 5250 xxiv
915 5189 969 5229 et
992 5175 1094 5250 9r.
1119 5180 1168 5232 in
1199 5179 1324 5243 fine,
1353 5197 1404 5250 p.
1440 5175 1531 5236 Ἠ.

455 5244 528 5325 (ὁ)
567 5244 775 5325 I’allail.
817 5246 952 5325 ιιξσι.
987 5245 1176 5325 Ιιςιιιις.2
1218 5244 1525 5325 capflfift
1559 5254 1647 5314 16.
1685 5271 1804 5325 pag.
1828 5257 1953 5312 916.

453 5315 810 5434 (6);;i‘mpélttlz.
841 5316 1012 5383 l’atr.,
1031 5319 1258 5376 Coteler.
1277 5321 1421 5376 Mou.
1448 5323 1588 5378 Eccl.
1616 5315 1732 5392 Gr},
1754 5315 1886 5382 ἶυιιι.
1914 5330 1955 5393 I,

458 5397 505 5434 2.
535 5407 566 5434 ι)
628 5407 658 5434 ι.
736 5402 812 5434 ιιι.

423 5395 505 5449 ag.
535 5385 658 5454 ἤδη,
685 5386 711 5454 §
736 5402 812 5438 ιιι.

386 5394 505 5449 pag.
535 5386 658 5445 580,
685 5386 711 5454 ἓ
736 5402 812 5438 ιιι.

451 5454 529 5517 (di
554 5451 713 5523 Ibid.,
749 5471 866 5523 pag.
902 5457 1006 5512 M5
1040 5459 1163 5513 447.

451 5525 518 5601 te)
544 5521 771 5601 ἔδοξ-εἰη..
803 5526 954 5601 Tities.
993 5542 1176 5601 ascen,
1209 5546 1328 5601 pag.
1359 5531 1485 5589 417.

448 5590 514 5662 (Γ)
542 5591 720 5649 ιὶιιεὶιι.
759 5595 811 5650 in
854 5597 954 5652 Vit.
987 5590 1371 5669 Patr.,'|ib.vtt,
1398 5620 1516 5675 cap.
1549 5605 1634 5673 I0,
1667 5621 1790 5678 pag.
1815 5608 1941 5666 358.

2083 4408 2144 4474 ἒξ
2176 4409 2255 4477 ἒξ,
2294 4413 2386 4465 καὶ
2408 4413 2547 4485 ἐκδῷ
2575 4417 2765 4471 ἑαυτὸν
2797 4421 2878 4483 εὶς
2909 4419 3178 4491 μεγάλους
3204 4421 3404 4486 κόπους
3447 4423 3544 4476 καὶ
3573 4424 3656 4474 ὲν-

2074 4500 2254 4566 τολὰς,
2286 4503 2443 4568 ἐκτὸς
2493 4505 2590 4576 τῆς
2614 4493 2732 4561 ὀδοῦ
2765 4511 2953 4578 αὐτοῦ,
3000 4511 3200 4576 πάντες
3226 4513 3275 4566 οἱ
3310 4513 3470 4567 κόποι
3491 4513 3651 4568 αὑτοῦ

2077 4593 2298 4663 poi-cato!
2345 4595 2502 4650 εἰσιν.
2561 4597 2670 4652 IIoc
2709 4611 2839 4655 est:
2882 4601 3023 4656 Nam
3077 4605 3124 4657 si
3169 4606 3283 4674 quis
3310 4605 3520 4674 jejunet
3566 4622 3654 4672 per

2071 4699 2162 4736 sea;
2191 4685 2325 4747 dies,
2357 4696 2404 4738 et
2433 4702 2487 4740 se
2535 4690 2740 4759 magnis
2770 4690 3036 4746 laboribus
3071 4709 3134 4747 ac
3169 4696 3442 4763 prwceptis
3472 4697 3647 4760 dedat,

2068 4787 2219 4830 extra
2267 4777 2406 4831 viam
2433 4795 2611 4845 suam,
2665 4799 2841 4836 omnes
2893 4783 3095 4838 labores
3146 4785 3258 4854 ejus
3287 4787 3468 4840 inanes
3508 4799 3645 4842 sunt.

2068 4868 2232 4924 Zinus
2270 4870 2540 4942 interpres
2578 4889 2591 4928 :
2634 4871 2787 4938 Quod
2826 4875 2871 4929 si
2905 4877 3020 4945 quis
3072 4879 3184 4931 sine
3211 4877 3527 4940 humilitate,
3575 4879 3648 4934 vel

2066 4961 2278 5031 iejuniis
2315 4965 2618 5035 incumbat,
2672 4968 2748 5022 vel
2787 4985 2898 5023 sese
2942 4970 3261 5024 vehementer
3297 4970 3513 5041 aﬂligat,
3571 4986 3645 5026 cet

2157 5121 2207 5197 g)
2241 5122 2452 5197 Ballad.
2490 5124 2632 5197 Hist.
2671 5126 2859 5194 Laus.,
2891 5144 3011 5197 cap.
3045 5128 3135 5190 55,
3161 5145 3214 5196 p.
3243 5129 3368 5185 989.

2155 5193 2453 5268 lt)_'_I_'i_l_Icm.
2513 5196 2673 5250 Mém.
2729 5200 2879 5262 eccl.,
2924 5193 3052 5252 tom.
3100 5193 3208 5264 VII,
3259 5217 3377 5268 pag.
3420 5200 3546 5262 4⁸50,
3592 5212 3645 5256 et

2063 5272 2191 5335 tom.
2223 5263 2350 5335 XIII,
2378 5283 2496 5335 pag.
2522 5267 2624 5320 447
2646 5280 2697 5320 et
2732 5268 2853 5335 789,
2895 5280 3008 5323 nol.
3035 5270 3092 5332 2.
3116 5263 3207 5323 sur
3229 5263 3286 5324 S.
3317 5265 3564 5330 Pambon.

2221 5333 2471 5408 llolsteu:
2492 5339 2620 5408 Cod.
2661 5339 2817 5407 Reg.,
2842 5333 2989 5408 part.
3020 5355 3057 5401 t,
3094 5356 3212 5404 pag.
3247 5341 3437 5397 13-22.

2131 5405 2200 5480 (λ)
2238 5406 2446 5480 I‘nssin.
2491 5407 2641 5462 Thes.
2667 5405 2999 5480 ascet.,—pag.
3029 5410 3293 5467 ὅίό-ᾶῧ,

2134 5477 2203 5550 (lt)
2233 5477 2353 5550 Isa.
2383 5478 2537 5550 Orat.
2573 5495 2688 5550 νιιι,
2718 5479 2744 5550 §
2773 5481 2822 5541 I.
2852 5477 2902 5549 ιι.
2933 5477 3063 5536 “Z89.

2125 5547 2184 5618 (ι)
2211 5549 2377 5604 Cotel.
2411 5548 2559 5603 illan.
2594 5547 2740 5606 Eccl.
2773 5547 2892 5616 GrL,
2928 5563 3058 5608 tom.
3088 5555 3130 5615 I,
3161 5567 3285 5623 pag.
3313 5550 3428 5609 80L
