3860 6348
165 397 304 455 H05

1204 404 1262 458 S.
1313 403 1516 459 lSAlAS
1553 403 1846 462 ABBATIS
1879 406 2294 468 ORATIONES.

3305 415 3442 472 1106

161 516 416 568 mamiata
448 523 666 571 conetur
683 515 992 583 observare;
1013 519 1128 590 ejus
1165 521 1346 576 inanes
1388 539 1500 577 esse
1521 522 1746 578 labores.
1783 536 1823 592 Α
1852 537 2016 595 potest
2040 545 2183 584 meus
2210 547 2320 586 esse
2334 531 2626 602 discipulus
2647 544 2718 590 ἰ.»
2739 533 2907 602 Quam
2939 532 3086 597 dicit,
3115 542 3168 586 ut
3197 533 3442 591 tollamus

161 606 374 674 Quibus
411 607 678 676 recitatis,
720 608 898 680 Vides,
941 611 1116 682 inquit
1147 611 1228 667 vir
1260 612 1351 670 ille
1379 615 1751 682 doctissimus,

157 707 416 765 quantum
440 699 649 755 intersit
685 695 912 770 .Grtccos
941 714 1182 758 auctores
1240 721 1337 760 sua
1366 706 1545 777 lingua
1591 709 1758 762 editos

161 791 372 846 habere.
397 791 554 846 Alter
576 791 724 848 locus
751 809 817 848 ex
852 794 1003 851 lsaia:
1032 795 1291 853 Oratione
1315 815 1438 853 xxv:
1475 799 1549 854 De
1601 802 1754 856 dictis

159 899 275 943 ante
310 881 514 938 Petrus
542 886 704 941 abbas
745 888 1042 958 discipulus
1073 891 1188 960 ejus
1218 907 1285 945 ea:
1317 891 1412 946 illo
1460 895 1680 962 accepit,
1706 905 1753 948 et

159 974 348 1028 litteris
403 981 782 1034 commendavit
816 983 923 1051 (a),
962 980 1014 1035 in
1067 981 1288 1038 laudato
1321 985 1508 1040 codice
1535 985 1756 1042 Colber-

161 1066 292 1129 tino,
326 1066 431 1122 sub
470 1069 642 1135 titulo,
670 1069 868 1144 Θρῆνοι
893 1071 988 1126 τοῦ
1010 1072 1157 1128 ἀϐὁᾶ
1195 1074 1441 1140 Ἡσαΐου,
1468 1077 1546 1132 sic
1572 1092 1632 1133 se
1651 1078 1754 1132 cha-

160 1159 244 1215 bet
280 1163 358 1232 (b)
404 1163 678 1236 τΔένδρον
737 1167 1094 1240 ποτιζόμενον
1155 1168 1278 1222 καθ’
1329 1170 1561 1242 ἡμέραν,
1624 1173 1754 1225 πότε

158 1253 475 1326 ξηραίνεται
530 1259 696 1313 αὑτοῦ
752 1263 785 1331 ἡ
840 1262 964 1334 ῥίζα
1013 1264 1093 1327 εἰς
1131 1263 1193 1317 τὸ
1258 1264 1333 1337 μὴ
1399 1265 1756 1338 καρποφορῆ-

156 1362 245 1398 aut
270 1365 284 1410 ;
320 1346 436 1403 Hoc
467 1361 549 1405 est
578 1367 592 1402 :
629 1353 800 1405 Arbor
829 1368 948 1420 qua:
970 1355 1204 1423 quotidie
1238 1357 1514 1425 irrigatur,
1541 1359 1753 1424 quando

156 1442 350 1493 arescit
377 1444 535 1497 radix
555 1444 691 1508 eius,
749 1455 803 1498 ut
828 1445 1058 1513 fructum
1081 1465 1184 1502 non
1221 1449 1494 1518 proferat?
1518 1448 1596 1504 Ita
1623 1466 1754 1507 vero

154 1529 322 1584 Zinus
359 1531 628 1603 interpres
677 1551 692 1588 :
730 1536 904 1589 Arbor
941 1553 1060 1608 qua:
1085 1538 1366 1609 irrigatur,
1399 1557 1502 1594 non
1533 1543 1749 1607 arescit,

153 1624 243 1676 sed
273 1625 508 1692 fructum
540 1626 716 1694 aﬂ'ert.
751 1627 1018 1683 Observat
1039 1631 1273 1700 denique
1304 1631 1443 1687 idem
1471 1633 1535 1687 V.
1563 1631 1624 1689 C.
1654 1634 1750 1703 (c),

154 1712 204 1765 in
225 1711 433 1767 Catena
463 1715 706 1770 Corderii
740 1718 804 1772 ad
832 1717 992 1773 Luca:
1024 1734 1134 1784 xtv,
1157 1719 1226 1774 27
1255 1721 1404 1792 (pag.
1429 1722 1581 1794 473),
1613 1725 1753 1780 hanc

153 1807 483 1860 scntcntiam
547 1809 773 1878 proferri
853 1809 1002 1864 velut
1061 1809 1216 1867 Isaia:
1305 1814 1746 1886 archiepiscopi:

1864 633 2091 681 crucem,
2145 621 2248 674 nisi
2280 632 2335 675 ut
2388 639 2532 678 mens
2562 626 2774 679 assidue
2834 623 3033 695 vigilet,
3071 633 3118 677 et
3163 627 3442 680 virtutibus

1863 706 2178 764 incumbat?
2217 711 2263 764 Α
2288 728 2441 767 cruce
2468 730 2570 768 non
2599 716 2840 783 discedit,
2890 715 2980 786 qui
3017 713 3142 766 vitia
3179 718 3443 783 persequi-

1861 808 1950 853 tur
1994 803 2160 858 done‘c
2215 821 2276 858 ea
2332 805 2574 877 pro/liget
2617 825 2679 860 ac
2739 819 2945 877 superet
2977 821 2994 858 :
3025 805 3198 860 nullus
3233 806 3438 873 dubito,

1861 892 1990 960 quin
2041 892 2352 949 abbreviata
2403 897 2672 966 scriptura
2704 897 2821 950 viro
2855 897 3014 952 docto
3048 893 3221 949 fraudi
3260 894 3438 956 fuerit,

1862 993 1915 1037 ut
1946 985 2431 1042 archimandrilam
2471 989 2522 1042 in
2557 989 3026 1059 archiepiscopum
3079 995 3438 1040 converteret.

1860 1074 1985 1131 llaec
2009 1075 2100 1133 ille
2135 1095 2150 1132 :
2185 1093 2292 1148 quo
2325 1080 2542 1150 quidem
2574 1078 2802 1135 fortasse
2832 1077 3273 1148 monentevidem
3304 1076 3440 1132 Cor—

1858 1168 1994 1224 derii
2028 1165 2268 1225 erratum
2304 1171 2509 1227 notavit
2545 1181 2730 1242 postea
2760 1171 3045 1228 Fabricius
3073 1169 3165 1239 (e).

1929 1261 2015 1318 IV.
2050 1261 2318 1318 Caeterum
2352 1272 2551 1334 praeter
2597 1268 2732 1320 duas
2757 1264 2873 1320 illas
2897 1261 3134 1332 ejusdem
3169 1259 3317 1314 lsaiw
3342 1257 3440 1314 ab-

1858 1353 1999 1406 batis
2025 1352 2348 1420 sententias,
2387 1368 2524 1423 quas
2556 1367 2620 1408 ex
2656 1351 2879 1408 Joannis
2909 1347 3235 1407 Damasceni
3262 1345 3440 1400 Sacris

1857 1443 2143 1501 Parallelis
2192 1446 2486 1515 descriptas
2535 1444 2673 1500 infra
2719 1443 3040 1515 protulimus
3093 1455 3159 1497 ac
3221 1437 3441 1507 reliquis

1854 1536 1972 1609 ejus
2002 1538 2218 1607 scriptis
2249 1536 2595 1606 subiecimus,
2624 1536 2820 1606 quippe
2847 1551 2965 1606 quae
2995 1535 3046 1589 in
3084 1529 3312 1603 vulgatis
3347 1543 3442 1584 co-

1855 1632 2066 1688 dicibus
2097 1646 2203 1686 non.
2233 1640 2583 1700 compareant
2609 1646 2624 1695 ;
2653 1629 2921 1684 nonnulla:
2953 1637 3212 1695 praeterea
3245 1637 3440 1680 occur-

1855 1733 1981 1779 runt
2017 1724 2157 1794 apud
2206 1725 2502 1781 Antonium
2540 1723 2810 1779 hie-lissam
2853 1722 2942 1794 (f),
2978 1721 3070 1793 qui
3103 1737 3130 1774 a
3178 1719 3441 1784 magistre

1854 1831 1955 1871 suo
1984 1817 2320 1872 Damasceno
2347 1817 2570 1874 edoctus
2612 1815 2777 1871 Locos
2805 1828 3106 1870 communes
3143 1809 3435 1864 contexuit.

155 1897 386 1962 Qualem
425 1911 598 1954 autem
623 1917 830 1956 crucem
856 1904 980 1958 dicit
1018 1915 1072 1958 ut
1099 1905 1415 1974 bajulemus,
1471 1909 1576 1962 nisi
1621 1926 1746 1964 con-
1777 1938 1821 1993 Β
1853 1908 1992 1976 Quin
2025 1918 2084 1964 et
2131 1908 2236 1964 alia
2288 1909 2460 1965 nostri
2507 1907 2652 1963 beati
2689 1903 3137 1962 architnandrita:
3180 1897 3437 1970 opuscula

153 1993 427 2045 tinentiam
457 2011 490 2047 α
511 1997 865 2065 passionibus,
903 1999 1066 2052 donec
1089 2015 1232 2053 mens
1271 2000 1393 2054 illas
1422 2003 1627 2071 penitus
1652 2017 1742 2058 ex—

153 2084 335 2152 stirpet
358 2088 384 2140 7
426 2084 646 2152 Verum,
695 2087 890 2158 inquit,
925 2089 1359 2160 quandoquidem
1393 2092 1546 2147 Isaiae
1578 2091 1746 2148 abba-

154 2177 218 2229 tis
252 2177 516 2232 Oratione
541 2195 628 2232 xx:
671 2179 747 2249 (tl)
775 2193 841 2234 ex
868 2178 984 2234 Zini
1047 2181 1296 2236 versione
1329 2182 1586 2251 scriptum
1617 2183 1745 2254 legi-

155 2278 268 2323 tur:
301 2287 322 2321 ‹
357 2269 461 2335 Qui
484 2287 586 2325 non
611 2271 741 2325 toth‘t
763 2287 971 2326 crucem
1003 2289 1152 2326 suam
1182 2283 1229 2328 et
1255 2273 1490 2344 sequitur
1507 2291 1606 2344 me,
1639 2291 1745 2330 non

219 2430 237 2460 ¹
268 2428 406 2484 Luc.
439 2444 551 2496 ιιν,
583 2427 674 2483 27.

243 2591 300 2654 a)
331 2590 433 2677 lsa.
462 2589 615 2646 Orat.
653 2607 801 2657 xxvn,
835 2591 949 2714 §8b,
980 2606 1101 2662 pag.
1127 2591 1251 2646 316.

243 2662 296 2714 bl
323 2663 495 2714 Lotel.
532 2663 565 2714 Ι.
598 2677 669 2714 c..
699 2678 817 2714 nau.
884 2661 972 2714 09.

243 2662 296 2730 b)
323 2663 495 2732 Cotel.
532 2663 565 2715 Ι.
598 2677 669 2722 c..
699 2678 817 2732 pag.
841 2661 972 2718 ῑλοθ.

220 2731 294 2800 (c)
327 2731 403 2785 Id.
430 2732 464 2784 Ι.
488 2747 578 2802 _c.,
612 2731 734 2802 pag.
763 2731 886 2787 808.

217 2801 301 2874 (ἀ)
335 2803 439 2857 lsa.
465 2800 622 2858 Orat.
661 2800 779 2869 ﬁt,
813 2803 841 2876 §
869 2802 926 2870 4,
957 2819 1079 2874 pag.
1113 2802 1241 2862 502.

1849 1999 2149 2056 etiamnum
2184 2002 2383 2057 inedita
2410 2011 2648 2065 exstare,
2688 2009 2887 2072 praeter
2914 1997 3192 2051 laudatum
3226 1990 3440 2048 Cotele-

1850 2094 1989 2146 rium
2027 2093 2126 2164 (g),
2165 2094 2318 2149 testis
2366 2103 2450 2150 est
2503 2093 2742 2164 locuples
2801 2089 3128 2145 Bibliotheca
3165 2083 3441 2139 bibliothe-

1850 2201 2030 2238 carum
2081 2187 2584 2256 manuscriptorum,
2614 2202 2644 2241 a
2685 2185 2755 2242 cl.
2788 2179 3190 2238 Montfauconio
3220 2174 3442 2233 concin-

1849 2285 1999 2332 nata.

1928 2591 1998 2662 (e)
2025 2591 2189 2648 Febr.
2215 2591 2359 2648 Bibi.
2383 2589 2504 2657 Gr.,
2526 2598 2672 2662 tom.
2696 2587 3125 2662 Vlll,p_ag.§6?g.

1926 2658 1995 2734 (Ῑ)
2031 2665 2237 2734 Anton.
2269 2663 2490 2728 Meliss.,
2523 2661 2597 2734 lib
2617 2676 2671 2734 ξ.
2695 2676 2814 2732 cap.
2839 2660 2929 2726 39,
2961 2658 3052 2726 52,
3087 2660 3179 2716 58.

1927 2729 2003 2805 (g)
2034 2733 2204 2791 Cotel.
2240 2735 2279 2790 l.
2313 2750 2386 2801 c.,
2423 2749 2546 2804 pag.
2573 2729 2698 2787 808.

154 2992 3438 3030 Μ

1041 3176 1180 3301 Β.
1286 3169 1762 3302 ISAUE

1875 3169 2554 3301 ABBATIS

1352 3429 2221 3549 OBATIONES.

782 3771 1040 3831 ORATIO
1074 3773 1112 3828 Ι.

306 3867 578 3935 Praecpta
602 3867 670 3918 ad
700 3867 892 3937 fratres
923 3869 1013 3938 qui
1043 3884 1162 3922 cum
1186 3868 1298 3937 ipso
1324 3869 1580 3926 vivebant.

229 3956 270 4009 Ι.
305 3955 412 4022 Qui
463 3969 672 4008 mecum
705 3969 924 4009 manere
955 3955 1138 4022 vultis,
1174 3957 1381 4022 audite,
1407 3974 1613 4030 quaeso,
1643 3975 1740 4032 per

157 4048 355 4102 Deum.
393 4047 448 4102 In
485 4047 618 4101 cella
645 4047 878 4117 quisque
907 4063 1004 4102 sua
1035 4047 1197 4120 degat
1226 4063 1350 4103 cum
1387 4049 1583 4107 timore
1626 4053 1742 4108 Dei.

153 4141 307 4212 Opus
354 4156 611 4195 manuum
662 4149 966 4195 vestrarum
1025 4151 1244 4212 propter
1291 4143 1382 4198 Dei
1437 4146 1746 4201 mandatum

158 4250 229 4288 ne
269 4232 660 4287 contemnatis.
697 4231 892 4287 Curam
928 4234 1200 4303 propriam
1225 4245 1281 4289 et
1314 4235 1619 4290 orationem
1661 4253 1752 4294 as-

159 4329 382 4384 siduam
425 4341 492 4380 ne
519 4325 830 4397 negligatis.
863 4323 971 4380 Cor
1001 4327 1068 4381 ab
1097 4327 1292 4382 alienis
1323 4328 1749 4399 cogitationibus

160 4419 460 4486 custodite,
509 4417 642 4472 nihil
687 4418 752 4472 de
791 4417 900 4471 ullo
932 4418 1150 4473 homine
1187 4427 1280 4472 aut
1328 4417 1548 4495 negotio
1595 4418 1752 4487 hujus

160 4516 349 4572 sazculi
397 4514 636 4573 solliciti.
671 4513 901 4585 Semper
954 4514 1182 4584 quaerite
1229 4513 1502 4583 quomodo
1527 4528 1752 4583 progre-

163 4607 421 4670 diamini,
456 4614 510 4660 et
540 4620 639 4660 vos
665 4604 985 4670 emendetis,
1021 4618 1143 4659 cum
1179 4604 1345 4658 animi
1376 4603 1560 4660 dolore
1592 4614 1645 4660 et
1677 4604 1754 4658 la-

163 4699 398 4770 crymis,
424 4707 480 4752 et
508 4695 804 4752 atﬂictione
838 4696 1007 4751 Deum
1039 4697 1417 4761 obsecrantes,
1446 4706 1506 4750 ut
1535 4706 1754 4766 peccata

1777 3782 1818 3839 c
1853 3775 1955 3831 nisi
1988 3774 2116 3846 quid
2147 3775 2266 3845 ipse
2306 3787 2401 3828 vos
2436 3782 2609 3853 roget.
2637 3772 2749 3829 Sua
2785 3775 2979 3846 singuli
3016 3774 3354 3832 bebdomada
3383 3774 3438 3830 in

1851 3868 2044 3922 timore
2075 3864 2170 3920 Dei
2211 3864 2292 3920 sic
2330 3864 2497 3922 victui
2531 3866 2842 3921 necessaria
2878 3866 3095 3937 reliquis
3130 3877 3342 3936 parent,
3381 3876 3442 3922 ut

1848 3975 1919 4017 ne
1959 3959 2175 4014 interim
2209 3959 2482 4030 propriam
2523 3959 2690 4014 animi
2725 3973 2912 4016 curam
2951 3959 3230 4030 abjiciant.
3268 3959 3446 4017 Nemo

1851 4054 1903 4108 in
1940 4053 2124 4108 fratris
2169 4051 2252 4108 sui
2286 4053 2480 4108 cellam
2517 4053 2871 4124 ingrediatur.
2900 4051 2978 4107 Ne
3008 4052 3211 4109 curetis
3252 4063 3443 4109 mutuo

1850 4158 1946 4199 vos
1976 4150 2102 4198 ante
2140 4141 2467 4212 pmﬂnitum
2503 4149 2720 4213 tempus
2754 4142 3091 4212 conspicere.
3128 4141 3249 4196 Noli
3286 4143 3438 4197 inve-

1851 4236 2053 4306 stigare
2077 4249 2200 4304 qua:
2225 4235 2408 4290 caeteri
2443 4249 2609 4304 Opera
2648 4233 2897 4298 fecerint,
2923 4248 3097 4302 neque
3126 4242 3305 4287 utrum
3338 4232 3442 4286 fra-

1855 4335 1938 4383 ter
1981 4326 2104 4397 plus
2140 4339 2304 4396 quam
2337 4333 2414 4392 tu,
2450 4339 2518 4379 an
2565 4333 2618 4378 tu
2675 4339 2837 4394 quam
2887 4324 2976 4379 ille
3022 4324 3309 4381 laboraris.
3359 4325 3442 4378 Ad

1851 4433 1991 4489 opus
2035 4425 2324 4482 exeuntes,
2367 4431 2398 4471 a
2440 4414 2649 4471 desidia
2685 4425 2742 4470 et
2786 4414 3093 4486 arrogantia
3125 4422 3333 4469 cavete.
3375 4410 3444 4466 Et

1853 4510 2228 4581 unusquisque
2255 4525 2382 4565 cum
2419 4509 2616 4564 timore
2645 4507 2740 4564 Dei
2769 4507 3013 4562 attendat
3049 4505 3178 4572 sibi,
3211 4513 3267 4562 et
3292 4505 3443 4574 operi

1855 4619 2110 4659 manuum
2157 4617 2400 4670 suarum,
2451 4610 2614 4672 atque
2654 4598 2988 4656 meditationi
3020 4607 3074 4654 et
3103 4598 3296 4654 animm
3332 4612 3445 4653 suae

1855 4699 1910 4753 in
1957 4695 2298 4752 abscondito.
2344 4694 2480 4752 Cum
2521 4692 2812 4749 dimittitur
2861 4691 3233 4762 congregatio,
3283 4699 3379 4745 aut
3413 4705 3444 4744 a

161 4791 324 4845 vobis
368 4790 676 4853 condonet,
723 4798 778 4843 et
817 4791 870 4842 in
913 4786 1154 4842 futurum
1195 4788 1467 4844 custodiat
1501 4803 1632 4853 vos,
1687 4802 1757 4842 ne
1860 4804 2047 4844 mensa
2084 4787 2436 4860 consurgitis,
2476 4787 2622 4843 inter
2663 4800 2760 4842 vos
2796 4799 2864 4840 ne
2902 4783 3098 4841 divinis
3128 4783 3345 4854 quidem
3379 4782 3446 4837 de

163 4883 218 4937 in
253 4881 446 4938 eadem
477 4896 695 4936 rursum
723 4881 994 4937 incidatis.
1021 4879 1163 4935 Mors
1179 4879 1336 4936 vobis
1361 4880 1606 4951 quotidie
1633 4886 1760 4935 ante
1860 4882 2022 4937 rebus
2066 4881 2440 4951 colloquentes
2485 4877 2854 4943 consideatis;
2884 4875 2978 4933 sed
3021 4889 3172 4932 suam
3215 4873 3447 4944 quisque

172 4973 359 5029 oculos
387 4981 654 5026 versetur.
689 4971 762 5025 Ea
808 4985 904 5026 vos
942 4985 1071 5024 cura
1107 4970 1382 5038 sollicitet,
1414 4970 1683 5041 quomodo
1727 4984 1761 5027 e
1860 4973 2051 5029 cellam
2098 4981 2280 5044 petat,
2331 4971 2515 5043 ibique
2558 4962 2737 5041 lugeat
2781 4976 3001 5038 peccata
3037 4963 3358 5030 sua.'Quod
3397 4962 3447 5017 si

164 5076 402 5131 corpore
444 5061 686 5128 exeatis,
734 5061 1007 5132 quomodo
1058 5069 1352 5132 potestates
1397 5063 1758 5119 tenebrarum
1797 5132 1817 5134 _
1875 5066 2176 5122 necessitas
2210 5063 2545 5134 colloquium
2577 5061 2780 5131 exiget,
2813 5057 3142 5128 paucissima
3183 5069 3308 5111 cum
3348 5053 3448 5108 hu-

167 5155 425 5221 evitetis,
479 5168 601 5224 quae
650 5155 705 5210 in
751 5170 878 5210 aere
925 5154 1075 5210 vobis
1127 5163 1435 5210 occurrent.
1483 5155 1765 5222 Quomodo
1795 5132 1840 5189 Β
1872 5160 2100 5214 militate
2132 5167 2188 5214 et
2220 5132 2500 5227 religione,
2530 5164 2787 5223 tanquam
2823 5151 2933 5206 Deo
2967 5155 3257 5219 praesente,
3285 5144 3448 5202 collo-

168 5260 360 5300 coram
399 5243 510 5299 Deo
550 5246 866 5301 consistatis
898 5246 950 5300 in
983 5246 1256 5301 horrendo
1293 5247 1384 5302 illo
1417 5247 1607 5320 iudicii
1647 5247 1757 5314 die,
1870 5249 2118 5319 quimini.
2171 5249 2280 5304 Nec
2329 5246 2435 5302 ulla
2477 5247 2545 5301 de
2591 5260 2650 5300 re
2696 5242 3028 5308 contendite,
3079 5250 3172 5295 aut
3210 5237 3450 5308 cuipiam

169 5356 297 5394 cum
331 5355 430 5408 pro
460 5340 724 5410 cujusque
757 5355 923 5411 opere
956 5351 1012 5396 et
1051 5356 1305 5396 sermone
1349 5351 1403 5396 et
1436 5341 1766 5412 cogitatione
1870 5341 2168 5405 detrahite,
2215 5347 2310 5394 aut
2337 5351 2667 5408 quemquam
2716 5333 2993 5404 iudicate;
3032 5339 3127 5385 aut
3162 5343 3448 5392 sermone,

169 5430 372 5484 merita
409 5432 627 5499 praemia
675 5432 1003 5486 tribuantur.
1044 5430 1240 5486 Omnia
1281 5432 1420 5486 enim
1463 5441 1584 5486 sunt
1618 5433 1766 5486 nuda

169 5532 217 5574 et
258 5531 447 5589 aperta
475 5521 642 5576 oculis
667 5522 781 5592 ejus
807 5525 849 5588 ²,
884 5523 967 5577 cui
1004 5521 1158 5578 vobis
1195 5522 1463 5577 reddenda
1489 5531 1574 5578 est
1601 5523 1762 5578 ratio.

171 5615 230 5668 ln
285 5628 472 5667 mensa
525 5624 579 5666 et
626 5615 1045 5685 congregatione
1093 5613 1224 5669 nihil
1273 5613 1603 5684 loquamini,
1659 5613 1760 5669 nisi

174 5722 378 5777 magna
397 5716 628 5777 urgente
651 5707 992 5764 necessitate.
1019 5707 1342 5764 Psallentem
1366 5724 1431 5764 ne
1453 5707 1761 5780 corrigatis,

235 5867 256 5896 ’
287 5865 456 5922 Hebr.
499 5879 572 5931 tv,
603 5861 689 5919 i5.

1871 5433 2124 5488 animove
2168 5429 2478 5500 quempiam
2525 5425 2879 5491 contemnite,
2926 5430 3020 5477 aut
3063 5421 3132 5477 de
3175 5434 3449 5491 quoquam

1876 5522 2003 5578 mali
2064 5522 2265 5593 aliquid
2305 5518 2680 5592 suspicamini.
2726 5515 2835 5571 Nec
2875 5516 3213 5571 mendacium
3248 5528 3314 5566 ex
3357 5525 3450 5564 ore

1875 5626 2062 5672 vestro
2085 5615 2416 5688 egrediatur.
2444 5612 2556 5668 Nec
2584 5612 2750 5682 loqui,
2770 5620 2863 5663 aut
2882 5609 3071 5664 audire
3092 5606 3273 5662 velitis
3298 5599 3447 5672 quid--

1879 5721 2039 5778 quam
2085 5707 2227 5780 quod
2275 5722 2379 5765 nou
2427 5703 2700 5776 expediat.
2743 5699 2945 5758 Malitia
2987 5703 3038 5757 in
3076 5699 3239 5755 corde
3276 5698 3448 5749 vestro
