3860 6324
406 366 546 422 Ηοτ

1495 333 1765 420 Paratas
1804 365 2108 422 moverit
2153 367 2422 426 suum
2461 370 2544 426 tv.

3517 369 3656 427 “08

405 496 474 537 ne
513 483 764 549 resideat,
809 496 982 554 neque
1011 481 1215 547 odium,
1255 496 1429 551 neque
1467 483 1666 538 invidia
1719 481 1982 537 adversus
2012 487 2057 542 Δ
2087 493 2225 551 lem,
2277 495 2334 539 ut
2379 501 2571 540 omnes
2621 486 2992 540 immnnditias
3035 485 3506 554 concupiscamus.
3559 485 3654 540 Est

404 575 735 644 proximum.
1559 619 1564 625 .

478 667 543 722 ll.
589 667 761 724 Unum
805 667 856 720 in
894 682 990 722 ore
1020 673 1348 736 promptum,
1375 664 1517 718 aliud
1541 665 1592 718 in
1624 665 1803 719 animo
1830 663 1980 717 clau-

403 776 521 814 sum
568 776 635 815 ne
675 760 940 814 habeatis.
987 759 1130 814 Deus
1184 758 1326 812 enim
1370 775 1472 811 non
1525 757 1778 811 irridetur
1811 756 1853 824 ³,
1885 755 1981 811 sed

402 851 581 906 omnia
619 861 725 904 tam
769 850 985 904 occulta
1025 866 1187 920 quam
1238 849 1524 904 manifesta
1559 847 1834 918 perspicit.
1869 846 1977 901 Co-

403 943 691 1010 gitationes
724 951 777 996 et
805 941 1123 997 alﬂictiones
1145 952 1198 996 et
1219 941 1554 1010 suspiciones
1580 947 1788 1022 vestras
1812 938 1981 994 nolite

406 1033 760 1096 :tbScOtidet‘e,
791 1033 884 1087 sed
915 1047 1011 1088 eas
1040 1031 1220 1087 abbati
1247 1041 1430 1085 vestro
1461 1039 1682 1086 cunctas
1709 1029 1978 1095 indicate;

403 1132 454 1178 et
485 1126 632 1194 quod
663 1126 730 1180 ab
777 1127 893 1193 ipso
924 1126 1145 1190 auditis,
1186 1125 1236 1180 id
1267 1141 1390 1179 cum
1425 1125 1528 1179 fide
1565 1123 1845 1194 percipite.
1878 1124 1981 1178 Ca-

403 1227 545 1282 vete,
579 1231 648 1272 ne
695 1216 949 1272 mandata
995 1233 1111 1272 mea
1160 1217 1466 1287 negligatis,
1510 1216 1724 1284 quando
1769 1230 1978 1270 mecum

403 1306 587 1360 vivere
621 1307 964 1364 decrevistis.
1000 1309 1056 1366 Si
1089 1309 1230 1363 eitim
1258 1324 1319 1362 ea
1351 1307 1726 1372 servaveritis,
1753 1321 1850 1376 ego
1885 1320 1981 1374 pro

403 1394 559 1449 vobis
588 1395 698 1450 Deo
726 1397 989 1451 rationem
1025 1398 1245 1453 reddam
1272 1413 1287 1463 ;
1319 1397 1401 1452 sin
1437 1412 1500 1450 ea
1537 1410 1641 1451 non
1670 1395 1979 1450 servaveri-

405 1484 495 1549 tis,
535 1499 564 1538 a
597 1486 749 1540 vobis
785 1497 841 1542 et
891 1487 956 1543 de
997 1487 1326 1557 negligentia
1363 1495 1564 1551 vestra,
1591 1494 1646 1541 et
1689 1486 1756 1541 de
1787 1485 1980 1540 inertia

404 1591 525 1630 mea
561 1577 700 1630 ratio
734 1586 1030 1647 repetetur.
1066 1577 1167 1644 Qui
1202 1576 1450 1630 mandata
1486 1591 1603 1631 mea
1635 1574 1980 1639 custodierit,

404 1675 515 1720 tam
549 1667 602 1721 in
639 1668 876 1734 occulto,
919 1685 1082 1740 quam
1115 1670 1166 1723 in
1211 1668 1523 1734 manifesto,
1555 1667 1814 1723 Dominus
1841 1667 1982 1722 Deus

405 1758 670 1813 custodiet
705 1760 878 1828 ipsum
926 1761 994 1816 ab
1023 1761 1165 1814 omni
1209 1760 1368 1824 malo,
1403 1769 1456 1814 et
1494 1768 1739 1829 proteget
1769 1773 1891 1813 eum
1929 1759 1979 1811 in

409 1848 559 1902 omni
590 1851 885 1906 tentatione
917 1859 1023 1905 tant
1052 1850 1285 1914 occulta,
1317 1866 1477 1921 quam
1504 1851 1813 1907 manifesta.
1845 1849 1978 1904 llor-
2012 1829 2054 1884 Β

409 1951 495 1995 tor
524 1957 638 2008 vos,
667 1941 862 1997 fratres
899 1942 1026 2005 mei,
1059 1951 1118 1994 ut
1148 1941 1530 2007 considerelis,
1567 1957 1664 1996 cur
1707 1957 1737 1995 e
1781 1940 1978 1995 munde

406 2031 762 2085 recesseritis.
803 2030 1005 2086 Salutis
1032 2039 1226 2085 vestrae
1251 2045 1436 2085 curam
1477 2031 1644 2101 agite,
1677 2045 1743 2085 ne
1773 2046 1976 2084 renun-

409 2123 561 2177 tiatio
587 2133 762 2177 vestra
797 2124 972 2178 inanis
999 2125 1106 2190 sit;
1144 2133 1199 2179 et
1225 2123 1276 2177 in
1303 2133 1590 2200 conspectu
1620 2121 1716 2178 Dei
1759 2131 1814 2177 et
1851 2137 1979 2178 san-

405 2222 615 2268 ctorum
649 2213 788 2281 ejus,
825 2214 916 2284 qui
967 2223 1190 2285 propter
1234 2214 1409 2285 ipsum
1458 2215 1657 2269 mundo
1706 2214 1983 2269 renuntia-

402 2313 602 2360 verunt
645 2304 938 2377 amictique
975 2317 1121 2373 sunt,
1153 2307 1508 2363 erubescatis.
1539 2307 1594 2362 In
1628 2321 1693 2362 eo
1725 2308 1977 2362 virtutem

401 2395 560 2451 sitam
590 2399 921 2468 existimate,
953 2400 996 2456 si
1025 2415 1053 2454 a
1079 2401 1522 2456 contentionibus
1553 2401 1889 2471 temperatis,
1935 2401 1978 2455 si

403 2503 492 2542 res
517 2489 772 2545 adversas
802 2507 960 2562 arquo
989 2492 1173 2547 animo
1202 2493 1506 2562 patiamini,
1532 2493 1577 2548 si
1616 2492 1978 2549 humilitatem

401 2578 689 2645 excolatis,
722 2579 767 2633 si
797 2581 1047 2636 onmibus
1071 2583 1122 2634 in
1158 2583 1319 2636 rebus
1343 2582 1674 2636 voluntatem
1705 2580 1978 2651 propriam

401 2669 702 2742 abnegetis,
731 2673 776 2728 si
801 2674 1027 2744 justitiae
1051 2683 1248 2729 vestra:
1272 2675 1498 2731 minime
1526 2675 1813 2730 conﬂdatis
1837 2691 1852 2740 ;
1886 2675 1980 2729 sed

407 2773 628 2830 peccata
659 2774 837 2820 vestra
859 2781 1072 2836 semper
1099 2775 1224 2821 ante
1250 2766 1436 2822 oculos
1459 2767 1727 2822 habeatis.
1747 2767 1980 2820 llecrea.

401 2856 501 2922 tio,
545 2859 674 2914 miln
707 2862 934 2924 credite,
978 2871 1029 2915 et
1057 2860 1343 2926 relaxatio,
1366 2871 1422 2916 et
1448 2863 1624 2916 inanis
1659 2861 1828 2932 gloria
1863 2876 1980 2916 om-

405 2964 526 3005 nem
557 2953 807 3006 monachi
842 2953 1076 3010 fructum
1125 2955 1430 3010 excutiunt.

1001 3066 1261 3125 ORATIO
1298 3065 1361 3121 ll.

757 3180 834 3236 De
861 3194 1027 3238 mente
1050 3183 1335 3238 secundum
1362 3193 1633 3241 naturam.
1698 3231 1708 3250 ,

478 3290 520 3351 1.
563 3294 698 3350 ΝοΙο
748 3311 842 3351 vos
896 3298 1167 3367 ignorare,
1218 3281 1438 3367 fratres,
1491 3299 1681 3366 Deum,
1738 3317 1860 3356 cum
1929 3302 1983 3356 in

403 3384 675 3456 principio
723 3388 996 3443 hominem
1029 3389 1266 3456 fecisset,
1307 3406 1429 3446 eum
1460 3393 1713 3447 sensibus
1763 3393 1986 3462 integris

407 3487 463 3529 et
511 3487 720 3531 natura:
776 3481 1202 3548 congruentibus
1254 3482 1308 3535 in
1358 3483 1614 3551 paradiso
1660 3484 1982 3538 collocasse.

409 3562 610 3620 Verum
646 3577 832 3636 postea
883 3583 1046 3637 quam
1081 3571 1286 3625 audivit
1333 3570 1482 3626 illum
1521 3588 1549 3625 a
1594 3587 1701 3641 quo
1733 3573 1987 3642 deceptus

408 3655 536 3724 fuit,
566 3673 756 3714 Omnes
799 3660 916 3730 ejus
947 3676 1143 3718 sensus
1183 3663 1236 3716 in
1269 3662 1513 3718 habitum
1543 3675 1747 3720 natura
1774 3674 1988 3720 contra-

408 3749 551 3804 rium
590 3750 839 3805 conversi
873 3761 1021 3816 sunt,
1056 3763 1112 3806 et
1155 3753 1271 3822 ipse
1311 3769 1342 3809 e
1382 3753 1553 3823 gloria
1601 3770 1699 3810 sua
1747 3755 1988 3825 dejectus

407 3849 514 3894 cst.
545 3842 616 3894 At
651 3842 911 3898 Dominus
943 3853 1132 3900 noster
1164 3860 1356 3915 magna
1407 3845 1673 3915 impulsus
1718 3847 1986 3902 charitate

409 3931 845 3986 misericordiam
875 3948 1027 3987 suam
1057 3947 1183 4005 erga
1216 3948 1391 4003 genus
1418 3934 1708 3988 ltumanum
1739 3935 1984 3990 declara-

411 4023 509 4074 vit.
547 4019 780 4076 Verbum
822 4024 965 4078 enim
1000 4039 1150 4090 caro,
1180 4025 1232 4080 id
1269 4034 1355 4080 est
1395 4024 1666 4094 perfectus
1715 4028 1874 4081 homo
1906 4027 1988 4080 fa-

412 4123 559 4166 ctmn
605 4124 708 4178 est,
754 4115 1005 4171 omnibus
1048 4118 1100 4170 in
1138 4117 1299 4171 rebus
1343 4117 1498 4170 nobis
1531 4118 1730 4182 simile,
1759 4129 1989 4189 excepto

411 4213 638 4270 peccato
678 4203 721 4268 ⁸,
766 4215 824 4258 ιιι
873 4220 968 4274 per
1012 4216 1260 4260 sanctum
1316 4222 1517 4278 corpus
1577 4225 1733 4262 suum
1786 4225 1884 4264 nos
1933 4213 1986 4262 in

412 4299 702 4368 pristinum
743 4309 950 4354 natura:
1000 4309 1200 4354 statum
1251 4311 1552 4357 revocaret.
1597 4300 1809 4356 Homini
1840 4301 1985 4358 'enim

411 4389 704 4445 ostendens
737 4390 1166 4446 misericordiam
1190 4408 1364 4458 suam,
1404 4393 1618 4448 reduxit
1648 4409 1770 4448 eum
1805 4395 1857 4447 in
1889 4410 1985 4464 pa-

2085 577 2250 632 animi
2287 578 2558 633 a-mnlatio
2583 587 2791 633 naturae
2814 593 3140 647 congruens,
3173 578 3290 632 sine
3317 591 3423 644 qua
3455 590 3555 629 non
3584 577 3652 629 Ii-

2084 679 2173 722 cet
2226 669 2279 722 in
2327 667 2495 723 Deum
2539 667 2811 739 progredi.
2850 667 3057 722 Idcirco
3093 665 3440 730 wntulamini,
3485 665 3651 731 inquit

2092 761 2402 828 Apostolus,
2428 761 2566 814 dona
2587 758 2956 829 prrcstantiora
2971 759 3010 811 ⁸.
3043 758 3230 810 Divina
3254 758 3368 810 haec
3386 757 3650 809 εειιιιιιηιὶα

2089 850 2309 905 deﬂexit
2332 867 2361 905 e
2383 860 2523 906 statu
2557 849 2815 916 naturali,
2849 859 2907 902 ut
2935 850 3134 903 mutuis
3165 865 3264 904 nos
3292 847 3646 902 aemulationi-

2086 943 2185 997 bus
2211 953 2263 998 et
2290 943 2488 998 invidia
2516 952 2570 998 et
2596 941 2890 998 mendaciis
2904 957 3295 1013 Oppugnemus.

2157 1031 2220 1086 ll.
2251 1032 2346 1086 Est
2374 1033 2572 1089 mentis
2593 1032 2673 1087 ira
2695 1047 2724 1086 a
2750 1040 2954 1088 natura:
2976 1033 3183 1086 ratione
3210 1030 3435 1084 minime
3459 1028 3650 1091 aliena,

2090 1125 2208 1179 sine
2247 1141 2353 1195 qua
2378 1127 2605 1181 castitas
2643 1124 2843 1179 homini
2877 1141 2980 1179 non
3011 1134 3245 1188 constat,
3280 1124 3384 1176 hoc
3416 1130 3519 1182 est,
3551 1121 3650 1173 nisi

2091 1219 2353 1271 adversus
2383 1220 2591 1272 semina
2621 1233 2741 1287 qua:
2763 1220 2831 1274 ab
2854 1219 3075 1272 inimico
3098 1217 3150 1270 in
3181 1231 3277 1268 nos
3304 1222 3652 1284 sparguntur,

2087 1309 2389 1379 irascamur
2411 1312 2898 1379 :quemadmodum
2941 1309 3171 1365 Phinees
3195 1309 3215 1340 "
3243 1307 3383 1360 ﬁlius
3406 1304 3652 1366 Eleazar,

2085 1399 2348 1469 ejusmodi
2381 1400 2460 1453 ira
2490 1410 2790 1455 commotus
2813 1402 3084 1456 hominem
3116 1397 3274 1452 simul
3305 1412 3428 1450 cum
3458 1394 3656 1447 femina

2084 1491 2346 1556 confodit,
2378 1503 2432 1548 et
2466 1493 2544 1547 ira
2579 1491 2792 1549 Domini
2820 1507 2850 1546 a
2888 1491 3081 1563 populo
3110 1505 3208 1545 suo
3241 1488 3490 1544 recessit.
3534 1484 3654 1539 Hace

2085 1583 2240 1637 nobis
2289 1583 2368 1637 ira
2401 1596 2466 1636 eo
2505 1596 2765 1637 conversa
2801 1589 3003 1646 est,'ut
3043 1579 3304 1650 proximis
3347 1576 3550 1632 nostris
3587 1577 3654 1629 de

2086 1673 2249 1726 rebus
2275 1669 2607 1741 quibuslibet
2631 1670 2810 1726 stultis
2831 1681 2885 1724 et
2910 1670 3187 1725 inutilibus
3211 1668 3531 1723 irascamur.
3562 1665 3656 1720 Est

2084 1762 2266 1818 odium
2295 1762 2455 1816 animi
2485 1759 2783 1817 secundum
2804 1769 3075 1824 naturam,
3099 1774 3206 1829 quo
3233 1758 3378 1812 Elias
3402 1757 3656 1815 inventos

2083 1869 2271 1910 omnes
2318 1853 2664 1925 turpitudinis
2710 1852 3002 1924 prophetas
3042 1851 3416 1908 interfecit".
3457 1851 3654 1906 Eodem

2082 1957 2136 2001 et
2192 1944 2410 2001 Samuel
2455 1948 2507 2002 in
2544 1947 2693 2017 Agag
2740 1960 2917 2013 regem
2951 1945 3167 1999 Amalec
3208 1943 3417 1999 exarsit
3449 1942 3494 1996 ⁸.
3530 1940 3656 1995 Sine

2084 2040 2186 2094 hoc
2212 2041 2266 2094 in
2297 2038 2670 2094 adversarium
2702 2039 2847 2103 odio,
2878 2037 3042 2091 animi
3075 2034 3242 2106 gloria
3269 2051 3375 2088 non
3411 2035 3658 2089 declara-

2082 2139 2190 2185 tnr.
2247 2127 2442 2184 Verum
2483 2127 2586 2183 hoc
2616 2127 2772 2182 nobis
2799 2129 2981 2183 odium
3008 2137 3197 2183 contra
3240 2139 3493 2181 naturam
3534 2141 3658 2178 con-

2082 2236 2299 2275 versum
2335 2230 2440 2286 est,
2471 2231 2524 2274 et
2553 2221 2674 2275 ideo
2715 2219 3020 2290 proximum
3052 2218 3263 2272 odimus
3289 2226 3455 2286 atque
3481 2217 3658 2283 despi-

2082 2313 2289 2378 cimus,
2344 2320 2399 2366 et
2449 2312 2678 2366 virtutes
2717 2325 2904 2365 omnes
2951 2309 3302 2364 insectantur.
3351 2308 3448 2362 Est
3493 2307 3654 2360 animi

2082 2405 2246 2459 elatio
2271 2404 2323 2458 in
2349 2403 2533 2458 hostes
2559 2401 2782 2456 minime
2807 2407 3012 2455 natura:
3036 2399 3331 2462 contraria,
3365 2412 3530 2466 quam
3559 2396 3658 2452 Job

2083 2511 2204 2552 cum
2238 2493 2553 2558 invenisset,
2595 2492 2830 2547 inimicis
2864 2491 2977 2545 suis
3009 2489 3312 2545 convicium
3347 2489 3474 2544 iccit
3509 2507 3523 2542 :
3557 2487 3658 2542 Ησ-

2083 2585 2273 2648 mines,
2314 2582 2587 2652 inquiens,
2621 2580 2825 2635 sordidi
2855 2592 2902 2636 et
2946 2580 3136 2651 objecti
3173 2589 3328 2649 atque
3366 2579 3656 2648 indigentes

2085 2675 2228 2729 omni
2262 2673 2416 2740 bona,
2446 2688 2574 2742 quos
2606 2672 2846 2740 indignos
2875 2671 3169 2725 existimavi
3191 2686 3381 2738 ponere
3414 2687 3533 2722 cum
3569 2685 3656 2721 cn-

2085 2765 2237 2819 nibus
2271 2765 2441 2835 gregis
2479 2763 2641 2818 mei’.
2668 2761 2792 2818 llaec
2819 2777 2916 2817 nos
2939 2762 3106 2816 animi
3130 2761 3434 2816 sublimitas
3464 2760 3657 2815 defecit

2085 2861 2347 2914 adversus
2376 2856 2650 2923 inimicos,
2689 2867 2744 2910 et
2781 2854 3054 2911 ltumiliati
3087 2868 3276 2909 sumus
3301 2853 3538 2907 inimicis
3567 2868 3658 2905 no-

2085 2952 2245 3018 stris,
2273 2967 2396 3007 cum
2446 2949 2713 3020 proximis
2757 2956 2936 3003 autem
2987 2947 3222 3017 superbe
3259 2945 3654 3009 contendimus,

2085 3056 2142 3103 et
2179 3060 2280 3101 nos
2323 3059 2434 3116 prae
2473 3043 2581 3099 illis
2621 3042 2796 3113 justus
2840 3041 3236 3096 existimamus.
3280 3037 3395 3106 Qua
3441 3039 3656 3107 quidem

2008 3171 2052 3228 ο
2090 3137 2349 3203 superbia
2401 3135 2544 3190 Deus
2583 3135 2742 3190 nobis
2790 3132 3042 3187 inimicus
3085 3129 3333 3185 cllicitur.
3385 3126 3656 3197 Ejusmodi

2088 3229 2255 3283 animi
2310 3226 2623 3282 affectiones
2669 3239 2792 3280 cum
2842 3224 3061 3278 homine
3095 3231 3289 3277 creatae
3331 3231 3480 3284 sunt,
3527 3234 3658 3289 quas

2094 3319 2205 3385 ille,
2245 3333 2368 3372 cum
2401 3334 2465 3372 ex
2497 3317 2690 3370 arbore
2726 3313 2888 3369 vetita
2918 3312 3263 3380 comedisset,
3297 3311 3350 3365 in
3383 3311 3558 3378 turpia
3583 3310 3658 3362 vi-

2087 3411 2157 3464 tia
2197 3410 2571 3464 commutavit.
2623 3404 2747 3462 Haec
2799 3419 2920 3472 nos,
2966 3404 3164 3459 fratres
3213 3400 3547 3465 charissimi,
3593 3414 3655 3454 ex

2087 3502 2286 3556 animis
2333 3501 2534 3555 nostris
2577 3499 2878 3563 deleamus,
2908 3506 2964 3552 et
2991 3495 3232 3552 colamus
3265 3510 3326 3550 ea
3355 3509 3476 3562 quae
3507 3493 3657 3547 nobis

2086 3595 2139 3648 in
2165 3602 2354 3648 sancto
2378 3607 2607 3664 corpore
2631 3607 2730 3646 suo
2755 3590 3015 3645 Dominus
3041 3599 3219 3644 noster
3240 3586 3660 3643 JesusChristus

2084 3685 2346 3742 ostendit.
2383 3683 2619 3740 Sanctus
2645 3682 2734 3738 ille
2757 3694 2860 3745 est,
2889 3691 2944 3736 et
2970 3683 3021 3735 in
3053 3682 3253 3736 sanctis
3299 3679 3525 3734 habitat.
3570 3679 3658 3732 At-

2088 3779 2374 3832 tendamus
2411 3774 2568 3830 nobis
2595 3773 2727 3844 ipsis
2756 3781 2812 3827 et
2833 3787 3050 3842 operam
3082 3772 3295 3836 demus,
3329 3781 3386 3824 ut
3422 3769 3530 3824 Deo
3565 3784 3659 3838 pro

2094 3869 2301 3923 viribus
2363 3866 2700 3937 placeamus,
2747 3865 2903 3919 bonis
2955 3863 3212 3933 operibus
3260 3862 3656 3917 incumbentes.

2088 3957 2280 4016 Omiiia
2314 3957 2492 4012 studia
2524 3964 2578 4011 et
2621 3971 2782 4012 curas
2812 3962 3027 4010 nostras
3061 3953 3441 4024 ponderemus,
3477 3953 3542 4007 ad
3577 3968 3657 4008 re-

2087 4063 2339 4120 ctamqne
2373 4057 2581 4104 natura:
2622 4048 2887 4104 rationein
2928 4062 2992 4102 ac
3035 4061 3280 4101 normam
3330 4045 3657 4115 redigamus,

2091 4155 2149 4197 ut
2183 4141 2523 4196 inveniamus
2554 4139 2984 4195 misericordiam
3010 4137 3063 4191 in
3088 4135 3174 4192 die
3205 4135 3522 4191 tentationis
3543 4151 3662 4204 qua:

2089 4234 2206 4290 orbi
2248 4233 2495 4288 innninet
2534 4232 2788 4287 universo
2838 4232 2904 4286 ⁸ο.
2940 4229 3034 4286 Dei
3078 4228 3408 4296 benignitate
3451 4241 3664 4295 semper

2089 4327 2416 4396 indigemus,
2447 4340 2567 4396 quae
2592 4325 2896 4380 infirmitati
2927 4335 3125 4379 nostrae
3144 4322 3280 4378 ferat
3320 4321 3580 4376 auxilium
3613 4329 3663 4374 et

2093 4418 2288 4474 liberet
2332 4433 2430 4474 nos
2469 4420 2537 4474 ab
2580 4417 2816 4474 inimicis
2852 4419 3088 4474 nostris:
3123 4417 3379 4488 quoniam
3423 4415 3538 4482 ejus
3587 4422 3664 4468 est

416 4487 681 4581 radisum.
727 4488 816 4542 Sic
855 4488 1126 4581 enimeos
1167 4489 1259 4558 qui
1302 4489 1420 4558 ejus
1451 4490 1610 4581 sequi
1643 4490 1892 4560 vestigia,
1933 4498 1988 4544 et
2022 4519 2066 4574 υ
2093 4511 2356 4581 potentia,
2383 4519 2440 4564 ει
2471 4510 2728 4565 auxilium
2764 4518 2818 4565 ει
2849 4511 3133 4581 imperium
3169 4511 3221 4565 in
3263 4509 3460 4564 macula
3494 4521 3660 4561 smn-

417 4580 692 4633 mandatis
734 4595 854 4647 quae
901 4580 1057 4634 nobis
1097 4579 1244 4634 dedit
1285 4581 1508 4635 obedire
1533 4580 1740 4643 volunt,
1783 4582 1990 4635 excita-

409 4671 510 4736 vit,
554 4678 610 4724 ut
635 4685 729 4725 eos
761 4671 976 4726 vincere
1006 4671 1236 4736 valeant,
1272 4671 1364 4740 qui
1401 4687 1500 4725 nos
1537 4686 1568 4725 e
1595 4671 1765 4740 gloria
1799 4680 1983 4725 nostra

416 4763 751 4832 dejecerunt.
783 4761 1029 4817 Tradidit
1065 4762 1228 4816 etiam
1274 4761 1432 4816 nobis
1476 4771 1719 4816 sanctam
1760 4762 1853 4816 Dei
1884 4777 1982 4816 co—

411 4855 556 4910 lendi
589 4857 850 4910 rationem
880 4855 1159 4925 legemque
1185 4869 1395 4925 puram,
1425 4863 1487 4907 ut
1512 4853 1564 4908 in
1590 4854 1739 4908 illum
1781 4864 1987 4909 naturae

413 4956 618 5002 statuat
652 4949 814 5003 homo
846 4957 1155 5003 revertatur
1194 4947 1248 5001 in
1289 4961 1397 5016 quo
1432 4945 1607 5000 fuerat
1646 4962 1676 5000 a
1722 4946 1833 5001 Deo
1863 4961 1991 5002 con-

415 5042 663 5098 stitutus.
694 5039 931 5096 Proinde
956 5040 1049 5109 qui
1084 5040 1197 5094 vult
1224 5040 1350 5094 illuc
1374 5039 1570 5104 redire,
1600 5039 1646 5094 is
1665 5040 1842 5094 omnis
1871 5055 1992 5095 car-

414 5133 504 5187 nis
532 5147 643 5186 suae
698 5139 943 5200 amputat
981 5129 1311 5193 voluntates,
1347 5139 1405 5183 ut
1450 5143 1684 5184 mentem
1734 5145 1887 5185 suam
1939 5132 1991 5186 in

415 5234 618 5280 statum
664 5223 949 5294 pristinum
1001 5221 1228 5292 redigat.
1279 5222 1376 5277 Est
1415 5221 1740 5278 desiderium
1788 5232 1994 5278 naturae

415 5315 776 5378 conveniens,
795 5313 912 5368 sine
935 5329 1042 5383 quo
1067 5330 1165 5370 nec
1187 5315 1423 5370 charitas
1451 5315 1501 5369 in
1529 5313 1698 5370 Deum
1721 5315 1991 5371 consistit.

417 5402 630 5457 Idcirco
682 5403 869 5458 Daniel
901 5411 1124 5458 vocatus
1163 5415 1245 5459 est
1278 5407 1357 5458 rir
1399 5404 1781 5459 desideriorum
1815 5403 1861 5456 ⁸.
1894 5403 1994 5459 De-

419 5493 680 5547 siderium
713 5493 814 5548 hoc
861 5493 1111 5550 inimicus
1141 5494 1196 5551 in
1232 5493 1430 5550 laedam
1465 5493 1691 5548 mutavit
1727 5492 1993 5564 cupidita-u

517 5713 538 5744 ³
572 5713 692 5769 Gal.
734 5731 809 5781 vi,
853 5715 904 5768 7.
999 5716 1021 5748 δ
1062 5716 1223 5773 llebr.
1257 5733 1327 5783 tv,
1368 5717 1455 5771 15.
1561 5716 1584 5747 ⁸
1618 5714 1752 5770 Dan.
1795 5732 1873 5782 Ix,
1902 5716 1992 5770 25.

418 5796 579 5852 “tu,
623 5785 712 5840 40.
787 5787 810 5819 ⁸
842 5787 861 5842 l
890 5786 1018 5858 Reg.
1063 5804 1149 5855 xv,
1189 5789 1277 5843 53.
1351 5791 1371 5821 ⁹
1408 5785 1506 5842 Job
1547 5802 1676 5851 xxx,
1715 5787 1843 5853 1,2.

2090 4603 2286 4660 lorum.
2315 4603 2507 4658 Amen.

2689 4709 2942 4768 ORATIO
2981 4709 3067 4766 ΙΙΙ.

2447 4821 2528 4874 Ad
2565 4821 2756 4891 fratres
2785 4821 3333 4892 junioresinstitutto.

2165 4937 2208 4991 l.
2249 4934 2538 4990 llumilitas
2583 4937 2637 4989 in
2679 4935 2868 5006 primis
2919 4944 3002 4991 est
3045 4934 3383 4997 necessaria,
3429 4936 3570 5003 quod
3614 4934 3661 4988 in

2095 5031 2240 5084 omni
2266 5043 2519 5085 sermone
2540 5029 2827 5083 dicendum
2853 5037 2955 5083 est.
2980 5027 3290 5083 ilumilitate
3314 5029 3459 5082 enim
3483 5041 3664 5082 omnes

2101 5120 2405 5175 adversarii
2437 5131 2586 5175 artes
2607 5130 2949 5190 superantur.
2978 5119 3171 5176 Omnia
3191 5136 3310 5190 qua:
3338 5121 3432 5175 tibi
3463 5121 3662 5190 agenda

2097 5222 2232 5269 sunt
2270 5213 2557 5284 diligenter
2592 5212 2856 5284 expende,
2889 5214 3023 5268 utin
3058 5213 3240 5268 verbis
3280 5213 3386 5269 tuis
3413 5226 3662 5269 constans

2101 5305 2420 5363 inveniaris.
2444 5303 2610 5362 Serva
2641 5306 2959 5377 gravitatem
2991 5304 3044 5359 in
3071 5305 3217 5359 vultu
3243 5321 3258 5371 ;
3283 5320 3410 5374 erga
3431 5305 3664 5376 h05pites

2107 5406 2260 5453 utere
2297 5399 2728 5466 mansuetudine,
2765 5409 2825 5454 ut
2849 5398 2944 5454 Dei
2969 5399 3130 5454 timor
3155 5408 3328 5453 tecum
3358 5397 3586 5453 habitet.
3615 5398 3664 5451 Si

2102 5504 2228 5545 cum
2270 5489 2529 5547 fratribus
2577 5491 2679 5546 iter
2729 5489 3058 5563 susceperis,
3091 5492 3166 5547 ita
3207 5501 3259 5546 te
3297 5491 3583 5558 confirma,
3617 5499 3666 5543 ut

2106 5717 2125 5748 °
2165 5716 2325 5772 lCor.
2355 5734 2452 5781 xit,
2497 5720 2583 5774 5i.
2693 5721 2710 5750 '
2755 5719 3061 5788 Nunnxxv,
3106 5719 3156 5786 7,
3201 5717 3253 5770 8.
3356 5717 3400 5748 ⁷·
3442 5713 3507 5768 Ill
3544 5717 3661 5786 Reg.

1947 5787 1989 5818 '°
2028 5787 2161 5846 Luc.
2204 5803 2317 5856 XXI,
2362 5788 2450 5843 26.
