3860 6318
183 343 332 398 i109

1221 335 1282 394 S.
1324 333 1526 391 lSAl/E
1567 331 1856 388 ABBATIS
1892 333 2300 391 ORATIONES.

3306 348 3442 405 {HO

183 470 398 514 taceas.
436 456 495 510 In
535 465 726 510 ttmere
762 467 915 508 mens
939 453 992 506 in
1033 451 1215 507 varias
1243 461 1424 522 partes
1457 466 1523 506 ne
1570 451 1770 503 distra-
1800 447 1846 505 Α
1877 448 2027 502 enim
2052 450 2362 505 rationibus
2382 453 2561 507 studio
2593 453 2806 524 pietatis
2830 457 3186 516 adolescentia
3210 463 3437 530 proﬁcit.

184 554 376 615 batur,
414 549 511 605 sed
558 559 732 604 tecum
776 549 891 616 ipse
934 545 1236 610 meditare,
1298 554 1391 599 aut
1443 544 1552 599 Deo
1607 542 1770 598 funde

183 660 382 714 preces
415 645 468 698 in
495 643 657 698 corde
684 651 793 696 tuo.
832 638 1153 709 Ubicunque
1179 637 1484 704 diverteris,
1517 650 1771 704 arrogan-

189 739 324 790 tiam
361 736 493 801 vita,
533 743 587 789 et
613 732 863 787 onmibus
893 731 945 786 in
991 732 1150 785 rebus
1187 730 1486 785 modestum
1526 743 1591 783 ac
1618 741 1772 782 vere-

185 829 432 884 cundum
466 838 517 882 te
556 828 756 896 praebe.
799 825 881 880 Ad
925 825 977 880 id
1008 824 1149 894 quod
1187 822 1283 877 tibi
1315 821 1616 892 appositum
1653 819 1771 874 fue-

187 921 284 986 rit,
337 920 420 973 sic
458 933 678 973 manum
713 917 1013 982 extendito,
1071 924 1326 984 tanquam
1361 915 1522 968 edere
1552 921 1771 967 coactus

186 1013 286 1066 sis.
318 1012 380 1064 Si
405 1010 591 1078 junior
614 1024 694 1073 es,
727 1025 791 1064 ne
819 1009 1020 1063 audeas
1055 1007 1269 1076 corpori
1294 1006 1520 1060 alterius
1552 1018 1768 1058 manum

189 1103 477 1156 adhibere.
517 1101 635 1168 Quo
687 1101 738 1155 in
775 1100 889 1155 loco
926 1100 1019 1154 tibi
1051 1108 1134 1154 est
1174 1097 1570 1160 dormiendmn,
1611 1095 1770 1165 pallio

187 1204 244 1248 te
278 1206 447 1263 atque
490 1194 654 1248 alium
691 1208 759 1248 ne
798 1193 1164 1262 cooperueris.
1200 1191 1502 1258 Antequam
1542 1199 1591 1242 te
1619 1188 1770 1242 cubi-

187 1296 304 1339 tum
342 1286 621 1352 couferas,
675 1285 869 1340 multas
919 1283 1083 1338 funde
1128 1299 1316 1354 preces
1361 1283 1412 1335 in
1447 1282 1612 1336 corde
1655 1290 1767 1334 tuo.

188 1377 246 1431 Si
279 1377 352 1432 de
392 1379 478 1432 via
521 1380 697 1432 fessus
738 1377 857 1432 oleo
896 1376 1171 1447 paululum
1214 1375 1338 1444 ungi
1373 1373 1606 1428 volueris
1644 1387 1770 1443 pro-

187 1480 313 1537 pter
346 1469 558 1524 itinezis
603 1470 863 1533 laborem,
909 1469 1074 1539 pedes
1117 1480 1235 1522 tuos
1280 1477 1482 1520 tantum
1519 1468 1598 1522 sie
1643 1466 1767 1535 ungi

182 1562 470 1630 permitte,
501 1574 557 1616 ut
582 1577 683 1616 eos
723 1563 890 1632 retegi
936 1564 1196 1617 verearis.
1238 1561 1432 1616 Totum
1479 1575 1608 1614 vero
1649 1573 1768 1613 cor-

185 1669 288 1721 pus
333 1655 462 1723 ungi
496 1669 562 1709 ne
595 1655 929 1724 permiseris,
967 1655 1068 1710 nisi
1101 1652 1398 1708 necessitas
1426 1661 1518 1706 aut
1547 1651 1770 1706 morbus

185 1744 453 1812 impellat.
488 1743 543 1798 Si
580 1747 648 1799 ad
675 1756 726 1800 te
762 1745 814 1799 in
845 1745 978 1800 cella
1009 1753 1097 1798 tua
1128 1751 1552 1799 commorantem
1598 1740 1769 1795 frater

185 1839 508 1906 peregrinus
550 1839 866 1901 accesserit,
901 1839 1043 1893 idem
1083 1837 1157 1891 illi
1205 1835 1440 1891 oﬂieium
1487 1833 1761 1896 exhibete,

151 1925 418 1996 .eleoque
473 1929 635 1996 pedes
676 1929 794 1998 ejus
835 1929 1110 1999 iuungito,
1147 1943 1211 1982 ac
1259 1928 1425 1982 dicito
1471 1925 1764 1980 charitatis

184 2018 362 2084 gratia
391 2036 404 2070 :
434 2018 646 2084 Frater,
676 2020 894 2089 suscipe
930 2034 1119 2090 parum
1155 2018 1280 2082 olei,
1313 2027 1366 2072 et
1391 2031 1588 2086 corpus
1617 2025 1762 2069 tuum

184 2124 342 2162 cura.
373 2110 526 2175 Quod
568 2114 611 2165 si
653 2129 774 2167 cum
818 2114 1001 2182 quiete
1029 2113 1264 2166 noluerit
1295 2111 1563 2180 accipere,
1595 2108 1762 2163 mole-

184 2213 308 2256 stus
344 2203 416 2255 illi
452 2220 518 2258 ne
545 2213 682 2259 esto.
725 2205 792 2258 At
833 2206 877 2260 si
911 2220 1074 2259 senex
1111 2205 1215 2259 erit
1242 2205 1591 2271 exercitatus,
1635 2219 1766 2275 coge

184 2293 394 2361 ipsum,
431 2301 488 2347 ut
520 2303 688 2348 totum
723 2310 784 2349 se
828 2297 954 2366 ungi
993 2296 1288 2364 permittat.
1323 2295 1380 2350 Si
1424 2296 1492 2350 ad
1523 2311 1762 2352 mensam

97 2445 112 2457 I
180 2403 308 2440 eum
367 2387 632 2444 fratribus
673 2388 982 2458 junioribus
1027 2388 1398 2455 discubueris,
1451 2405 1516 2444 ne
1564 2389 1767 2444 dixeris

181 2480 371 2533 animo
403 2490 514 2543 tuo,
538 2480 808 2538 Comede:
838 2482 931 2537 sed
954 2491 1172 2553 peccata
1207 2493 1293 2536 tua
1321 2483 1414 2537 tibi
1449 2484 1501 2537 in
1533 2495 1764 2538 mentem

181 2587 407 2637 revoca,
454 2589 524 2628 ne
560 2575 810 2630 comedas
850 2591 972 2629 eum
1017 2575 1308 2645 voluptate.
1351 2576 1566 2632 Manum
1616 2588 1762 2632 tuam

181 2677 314 2721 ante
346 2678 398 2723 te
424 2667 596 2724 solum
638 2672 917 2740 protende.
961 2669 1020 2726 Si
1051 2671 1179 2741 quid
1213 2680 1393 2727 autem
1434 2682 1559 2728 ante
1600 2672 1762 2727 alium

181 2761 425 2829 positum
470 2771 576 2825 est,
624 2763 689 2817 ad
719 2763 771 2816 id
815 2778 1033 2818 manum
1074 2763 1288 2834 injicias
1329 2780 1480 2820 cave.
1536 2764 1762 2820 Pallium

182 2859 446 2921 contegat
479 2855 642 2920 pedes
678 2862 815 2910 tuos.
845 2853 1030 2910 Genua
1072 2864 1161 2910 tua
1199 2856 1310 2910 sint
1357 2856 1500 2912 inter
1535 2872 1597 2912 se
1632 2872 1764 2912 con-

180 2940 395 3010 juncta.
445 2942 541 2998 Sin
585 2944 822 3014 hospites
863 2945 1065 3001 fuerint
1111 2947 1204 3016 qui
1253 2958 1564 3012 vescuntur,
1608 2949 1765 3004 hilari

185 3035 341 3087 vultu
377 3038 681 3091 necessaria
713 3037 818 3091 illis
847 3039 1222 3097 subministra.
1252 3040 1317 3095 Et
1344 3054 1464 3096 cum
1495 3043 1656 3096 edere
1680 3043 1768 3096 de-

1882 538 2015 594 Cum
2055 541 2255 610 aliquid
2303 543 2552 599 manibus
2584 546 2690 602 tuis
2720 550 2991 616 Operaris,
3026 552 3075 603 in
3118 552 3307 608 timore
3348 553 3437 607 Dei

1879 629 2217 700 diligentiam
2247 634 2463 699 adhibe,
2494 651 2579 704 ne,
2614 640 2657 691 si
2691 641 2964 710 negligens
3006 643 3100 708 sis,
3143 645 3438 713 ignorantia

1876 736 2088 792 pecces.
2123 723 2255 778 Cum
2298 741 2432 795 npus
2474 727 2690 799 aliquod
2724 733 2907 798 discis,
2954 736 3264 803 magistrum
3308 753 3438 792 eone

1877 814 2014 877 sule,
2041 824 2097 869 et
2126 832 2190 868 ne
2213 819 2470 873 eruhesce
2495 821 2688 887 saepius
2715 823 2862 877 illum
2889 842 3067 893 orare,
3102 837 3155 880 ιιι
3182 846 3276 898 pro
3307 832 3440 884 cha-

1879 904 2036 960 ritate
2062 906 2280 973 videat,
2317 917 2536 965 rectene
2581 911 2708 966 illud
2742 930 2801 969 se
2830 916 3044 981 habeat,
3077 935 3263 974 necne.
3291 920 3346 976 Si
3387 930 3441 977 te

1873 995 1926 1049 in
1985 1012 2149 1066 opere
2193 1011 2513 1070 occupatum
2562 1008 2832 1061 vocaverit
2861 1007 3025 1062 frater
3070 1019 3212 1077 tuus,
3255 1012 3440 1066 sedulo

1878 1085 1999 1142 vide
2045 1088 2173 1156 quid
2205 1090 2365 1155 velit;
2399 1102 2452 1147 et
2489 1108 2649 1164 opere.
2677 1107 2766 1152 tuo
2794 1097 3124 1164 intermisso,
3156 1101 3304 1157 illum
3343 1105 3441 1159 ad-

1867 1178 2016 1248 juva.
2063 1180 2194 1234 Cum
2238 1197 2268 1236 e
2313 1199 2495 1240 mensa
2547 1189 2740 1256 surgis,
2781 1189 2832 1242 in
2858 1191 3046 1246 cellam
3089 1204 3230 1247 tuam
3261 1197 3441 1265 ingre-

1875 1273 2027 1337 dere,
2070 1283 2123 1327 et
2171 1277 2421 1343 precibus
2465 1279 2732 1345 incumbe,
2775 1299 2875 1337 nec
2919 1299 3042 1338 cum
3087 1285 3190 1340 illis
3219 1288 3440 1342 conside

1872 1363 1964 1429 qui
2007 1363 2100 1415 tibi
2146 1379 2252 1416 non
2290 1378 2533 1435 prosunt.
2561 1366 2711 1433 Quod
2752 1370 2794 1424 si
2842 1371 2906 1424 de
2944 1372 3054 1427 Deo
3081 1389 3236 1428 senes
3274 1375 3438 1428 collo-

1874 1463 2131 1522 quantur,
2162 1457 2411 1512 abbatem
2439 1467 2587 1513 tuum
2614 1476 2761 1531 ruga,
2792 1473 2969 1517 utrum
2999 1465 3089 1518 tibi
3112 1465 3438 1520 audiendum

1872 1549 1972 1610 sit,
2036 1564 2101 1602 an
2142 1553 2375 1605 euadunt
2416 1557 2479 1607 ad
2521 1554 2750 1619 cellam;
2791 1566 2843 1609 et
2895 1557 3034 1626 quod
3079 1557 3167 1611 ille
3207 1558 3439 1625 dixerit,

1872 1637 2063 1694 facito.
2111 1641 2166 1694 Si
2225 1651 2275 1695 te
2324 1643 2505 1712 aliquo
2549 1646 2792 1711 miserit,
2837 1663 2997 1715 roga,
3043 1657 3099 1701 ut
3145 1658 3195 1702 le
3248 1649 3439 1702 diverti

1874 1729 2035 1795 velit;
2069 1740 2123 1784 et
2167 1747 2288 1800 qua:
2335 1733 2423 1786 tibi
2461 1736 2713 1790 mandata
2745 1737 2857 1802 det,
2887 1738 3167 1807 diligenter
3201 1740 3444 1793 animad-

1874 1831 2046 1886 verte,
2081 1837 2148 1874 ne
2201 1823 2318 1890 plus
2361 1824 2609 1879 minusve
2654 1825 2840 1880 facias.
2888 1827 3015 1894 Qua:
3057 1827 3187 1883 foris
3221 1830 3441 1884 audive—

1875 1913 1970 1977 ris,
1999 1928 2061 1967 ea
2101 1925 2378 1970 revertens
2424 1919 2622 1972 nemini
2657 1918 2878 1976 dixeris.
2926 1919 2980 1973 Si
3017 1936 3176 1974 aures
3205 1931 3323 1975 tuas
3351 1937 3444 1973 cn-

1879 2006 2159 2070 stodieris,
2205 2007 2383 2078 lingua
2415 2019 2503 2063 tua
2537 2025 2639 2063 non
2671 2012 2940 2080 peccabit.
2974 2011 3029 2066 Si
3062 2026 3172 2065 rem
3209 2012 3440 2080 aliquam

1877 2099 1978 2166 vis,
2007 2110 2060 2154 et
2105 2115 2224 2154 eam
2268 2103 2312 2156 is
2340 2118 2463 2157 cum
2496 2117 2603 2172 quo
2632 2104 2862 2170 habitas,
2895 2104 3078 2168 nollet,
3123 2107 3334 2159 remitte
3368 2105 3441 2158 illi

1874 2194 2206 2249 voluntatem
2240 2203 2410 2262 tuam,
2443 2213 2509 2251 ne
2532 2198 2806 2252 contentio
2840 2200 3139 2264 oboriatur,
3184 2214 3313 2252 neve
3338 2198 3439 2252 fra-

1878 2295 1959 2340 ter
2009 2297 2130 2342 tuus
2167 2289 2379 2344 tristitia
2413 2289 2696 2346 adiciatur.

1950 2379 2032 2434 ΙΙΙ.
2079 2378 2321 2449 Ilospitin
2354 2391 2636 2453 susceptus
2667 2399 2695 2437 a
2723 2382 2894 2439 fratre
2927 2393 3037 2449 tuo,
3073 2401 3142 2440 ne
3183 2384 3310 2455 quid
3342 2385 3442 2449 illi,

1877 2481 1935 2525 ut
1975 2474 2311 2541 peregrinus,
2331 2475 2634 2544 praecipias,
2668 2491 2769 2533 neu
2795 2477 2927 2530 velis
2958 2476 3071 2546 ipse
3099 2493 3348 2548 praeesse.
3383 2479 3436 2532 Ιιι

1878 2580 2064 2620 eorum
2110 2580 2388 2621 sermones
2426 2569 2746 2638 quibuscum
2781 2568 3010 2635 habitas,
3065 2584 3130 2624 ne
3175 2579 3229 2625 te
3261 2579 3319 2623 ut
3354 2587 3444 2624 su—

1874 2657 2014 2711 eium
2058 2668 2113 2712 et
2156 2673 2338 2727 parem
2383 2660 2647 2715 intrudas.
2687 2661 2742 2716 Si
2781 2663 2909 2732 quid
2955 2661 3046 2716 tibi
3076 2665 3447 2718 commiserint

1873 2748 2015 2816 quod
2051 2749 2164 2817 ipse
2215 2749 2373 2812 nolis,
2408 2763 2585 2818 pugna
2629 2765 2750 2804 cum
2798 2751 3074 2823 voluntate
3132 2761 3218 2806 tua
3265 2753 3441 2822 quoad

1875 2839 2046 2909 ipsam
2079 2854 2325 2909 superes,
2362 2857 2428 2894 ne
2465 2841 2668 2911 allligas
2694 2856 2808 2907 eos,
2846 2853 2900 2897 et
2935 2844 3250 2898 modestiam
3288 2845 3449 2898 amit-

1875 2941 1958 2986 tas
1994 2941 2164 2996 tuam,
2207 2940 2263 2986 et
2292 2932 2531 3001 quietam
2565 2934 2803 3000 ipsorum
2830 2937 3274 2989 consuetudinem
3321 2949 3443 3003 per-

1880 3022 2080 3079 turbes.
2115 3023 2172 3078 Si
2213 3023 2385 3078 frater
2427 3037 2658 3094 quocum
2708 3025 2940 3092 habitas,
2994 3024 3196 3096 aliquid
3250 3026 3348 3081 sibi
3391 3037 3448 3078 ιιι

189 3126 412 3190 sierint,
442 3127 528 3181 dic
561 3127 664 3182 illis
691 3128 909 3197 iterum,
934 3145 999 3185 ae
1026 3130 1185 3185 tertio
1218 3151 1230 3185 ε
1261 3131 1540 3187 Cumedite
1565 3132 1761 3199 adhuc,
1795 3149 1839 3208 α
1878 3115 2212 3186 prospicias.
2253 3115 2352 3170 abs
2397 3125 2448 3169 te
2478 3116 2724 3185 petierit:
2760 3117 2900 3184 quod
2945 3116 3152 3184 possis.
3197 3115 3248 3169 id
3287 3113 3448 3168 τείνετο

182 3222 420 3274 obsecro
481 3236 598 3285 vos,
651 3222 967 3291 pauxillum.
1019 3223 1162 3278 Inter
1202 3225 1528 3280 vescendum
1583 3224 1770 3281 oculos

183 3324 312 3366 tuos
367 3313 421 3366 in
472 3314 774 3382 proximum
815 3330 884 3368 ne
925 3315 1244 3384 conjeceris,
1286 3331 1422 3371 neve
1464 3317 1770 3387 respexeris

186 3405 295 3460 huc
329 3416 386 3458 et
408 3405 552 3469 illuc,
587 3422 761 3475 neque
791 3409 956 3462 verba
982 3408 1144 3461 stulta
1170 3408 1484 3478 protuleris.
1516 3410 1596 3464 Ad
1639 3409 1770 3464 nihil

183 3498 332 3564 quod
369 3497 450 3551 vel
477 3513 503 3551 s
554 3514 773 3553 manum
807 3501 1056 3566 extende,
1081 3502 1180 3557 nisi
1209 3502 1358 3571 prius
1383 3503 1533 3557 dicas
1560 3521 1572 3556 :
1602 3501 1774 3556 Bene-

184 3592 377 3646 dicite.
421 3590 556 3646 Cum
599 3607 793 3662 aquam
843 3592 1013 3658 bibis,
1065 3605 1253 3663 guttur
1305 3604 1451 3648 tuum
1499 3609 1564 3649 ne
1621 3596 1772 3650 sinas

187 3700 385 3739 sonum
418 3687 602 3750 edere,
629 3697 686 3740 ut
713 3685 887 3741 solent
917 3689 1166 3742 homines
1193 3687 1463 3757 vulgares.
1495 3685 1552 3743 Si
1583 3688 1634 3742 in
1671 3688 1773 3741 fra-

193 3789 340 3831 trum
393 3792 650 3832 conscssu
703 3778 893 3847 pituita
940 3778 1098 3832 fuerit
1144 3763 1372 3833 molesta
1404 3779 1520 3844 tibi,
1558 3793 1676 3833 eam
1718 3780 1770 3834 in

191 3881 386 3922 eorum
425 3877 718 3938 conspectu
768 3884 835 3923 ne
869 3869 1096 3939 projice,
1153 3870 1248 3925 sed
1296 3871 1444 3926 foras
1488 3870 1769 3938 egredere,

193 3960 380 4029 ibique
422 3969 475 4013 te
503 3974 761 4030 expurga.
798 3959 908 4015 Nec
931 3975 1129 4029 corpus
1163 3970 1313 4016 tuum
1352 3975 1583 4031 expone,
1617 3970 1676 4015 ut
1703 3960 1773 4014 ab

191 4049 510 4104 ltontittibus
549 4051 809 4105 videatur.
851 4049 906 4105 Si
935 4051 1200 4106 oscitandi
1242 4059 1294 4107 te
1321 4051 1588 4121 cupiditas
1623 4053 1774 4107 inva-

191 4143 350 4207 serit,
378 4157 441 4196 os
471 4142 712 4196 clausum
742 4142 980 4209 contine,
1010 4152 1063 4197 et
1095 4143 1195 4198 abs
1230 4153 1278 4198 te
1306 4143 1497 4213 fugiet.
1537 4142 1613 4198 Ne
1643 4160 1773 4214 ape-

195 4237 376 4290 rueris
406 4251 468 4289 os
510 4245 656 4288 tuum
689 4247 747 4290 ut
798 4237 1005 4291 rideas:
1051 4245 1134 4290 est
1160 4235 1304 4290 enim
1341 4238 1393 4291 id
1424 4237 1591 4291 animi
1629 4237 1775 4292 solu-

197 4328 376 4380 tioris.
412 4325 470 4380 Si
505 4327 732 4395 proximi
775 4327 852 4381 tui
885 4337 980 4380 aut
1021 4336 1248 4394 vestem,
1292 4339 1384 4382 aut
1429 4343 1644 4395 zonam,
1685 4339 1779 4382 aut

192 4420 486 4484 cucullam,
524 4426 616 4473 aut
660 4420 802 4474 aliud
853 4420 1130 4489 quidpiam
1195 4421 1418 4485 videris,
1463 4421 1514 4475 id
1546 4436 1620 4476 ne
1645 4437 1776 4476 con-

1875 3224 1998 3264 cum
2035 3208 2234 3262 timore
2264 3207 2380 3261 Dei.
2418 3207 2475 3261 Si
2507 3209 2648 3277 quod
2683 3221 2818 3277 opus
2856 3208 3158 3262 faciendum
3190 3217 3293 3268 est,
3339 3222 3450 3260 om-

1877 3315 1972 3355 nes
2000 3299 2091 3369 qui
2118 3298 2277 3354 simul
2311 3297 2509 3365 vivitis,
2538 3313 2755 3352 manum
2791 3287 3114 3366 ad’movete;
3146 3314 3300 3353 nemo
3326 3313 3444 3352 cor-

1875 3393 1990 3460 pori
2021 3406 2120 3446 suo
2147 3399 2357 3462 parcat,
2383 3407 2450 3447 ne
2471 3392 2697 3446 aliorum
2720 3390 3052 3445 conscientia
3078 3389 3444 3460 perturbetur.

1874 3480 2008 3536 Cum
2053 3497 2212 3538 tuane
2245 3483 2440 3552 surgis,
2475 3482 2716 3553 quotidie
2741 3482 2893 3553 prius
2925 3495 3084 3550 quam
3117 3482 3182 3532 ad
3225 3493 3360 3546 opus
3398 3487 3448 3532 te

1876 3576 2147 3638 conferas,
2192 3589 2309 3644 qua:
2355 3575 2447 3630 Dei
2504 3585 2633 3630 sunt
2671 3576 2952 3630 meditare.
2991 3571 3125 3627 Cum
3177 3586 3270 3625 seu
3305 3584 3450 3638 spor-

1879 3668 2011 3732 tula,
2047 3683 2144 3722 seu
2184 3682 2301 3731 vas.
2335 3682 2427 3722 seu
2458 3669 2584 3738 quid
2613 3668 2754 3722 aliud
2787 3666 3089 3721 faciendum
3117 3673 3225 3729 est,
3257 3662 3307 3716 id
3350 3662 3451 3715 im-

1878 3761 2032 3833 pigre
2052 3775 2172 3814 cunt
2203 3761 2482 3828 diligentia
2512 3759 2696 3815 facito.
2728 3757 2785 3813 Si
2810 3758 2940 3829 quid
2970 3767 3052 3812 est
3075 3756 3215 3826 quod
3242 3755 3448 3810 lucrum
3537 3828 3539 3830 η

1832 3891 1834 3894 μ
1881 3852 2092 3918 atterat,
2135 3852 2360 3908 fratrem
2393 3852 2589 3907 adhibe
2635 3851 2866 3914 socium,
2899 3859 2955 3904 et
2985 3864 3050 3902 ne
3086 3849 3350 3902 invideas.
3389 3843 3447 3899 Si

1829 3973 1835 3990 ι
1879 3961 2016 4016 opus
2053 3956 2134 4001 est
2175 3947 2390 4014 aliquod
2433 3960 2679 4015 parvum,
2726 3954 2778 3997 et
2830 3958 2967 3996 unus
3015 3941 3166 3995 alteri
3219 3940 3447 3994 dixerit:

1881 4038 2114 4105 Recede,
2142 4037 2333 4100 frater,
2357 4052 2601 4107 operare,
2618 4051 2717 4103 ego
2733 4035 2879 4090 solus
2896 4035 2998 4089 hoc
3023 4034 3215 4088 faciam
3239 4051 3254 4100 ;
3286 4047 3443 4104 pare:

1884 4132 1974 4200 qui
2003 4132 2147 4186 enim
2179 4141 2352 4201 paret,
2389 4131 2434 4185 is
2463 4119 2690 4199 magnus
2714 4139 2820 4184 est.
2841 4128 2898 4183 Si
2923 4127 2991 4182 ad
3026 4134 3078 4181 te
3108 4128 3277 4179 frater
3303 4139 3456 4194 perc-

1885 4225 2071 4294 grinus
2114 4224 2343 4289 accedit,
2390 4223 2509 4278 heta
2545 4224 2718 4291 ipsum
2759 4221 2896 4276 facie
2924 4221 3092 4276 saluta
3127 4229 3286 4288 atque
3313 4234 3455 4272 com-

1888 4317 2148 4384 plectere,
2169 4325 2224 4369 et
2258 4331 2419 4383 quam
2446 4322 2621 4384 gestat
2648 4314 2938 4374 sarcinam,
2965 4327 3087 4366 cum
3117 4311 3311 4382 gaudio
3343 4311 3454 4379 ipse

1883 4407 2115 4474 suscipe.
2159 4405 2224 4459 Et
2274 4406 2325 4459 in
2379 4406 2496 4474 ejus
2543 4405 2786 4458 discessu
2829 4418 3040 4457 rursum
3086 4402 3224 4456 idem
3266 4401 3451 4455 facito.

193 4514 470 4584 cupiam.
503 4512 690 4581 Neque
719 4511 917 4566 similia
943 4511 1040 4566 ubi
1075 4513 1188 4582 ipse
1217 4514 1532 4580 canﬁciel’s,
1567 4522 1669 4568 tum
1693 4515 1778 4568 in,
1811 4489 1856 4544 D
1891 4495 2158 4584 Salutatio
2201 4504 2379 4548 autem
2404 4505 2518 4584 “tua
2565 4495 2637 4548 sit
2681 4508 2802 4548 cum
2845 4492 3252 4548 mansuetudine
3293 4502 3345 4546 et
3389 4492 3456 4546 ti-

194 4603 424 4674 dulgeas
454 4603 758 4672 cupiditati.
803 4602 862 4658 Si
902 4603 1093 4658 librum
1124 4604 1217 4658 tibi
1254 4603 1372 4673 ipse
1411 4606 1776 4674 compegeris,

195 4698 254 4750 in
292 4710 361 4751 eo
395 4711 462 4751 ne
505 4696 723 4753 labores
749 4696 1105 4765 exornando;
1147 4705 1228 4752 est
1252 4696 1396 4751 enim
1432 4696 1619 4750 vitium
1651 4711 1782 4766 pue-

193 4790 316 4845 rite.

270 4882 334 4938 ll.
372 4882 428 4938 Si
461 4883 639 4952 aliqua
686 4883 739 4936 in
769 4898 826 4938 re
867 4883 1160 4948 erraveris,
1197 4883 1492 4938 mendacio
1535 4898 1603 4938 ne
1633 4875 1782 4951 tegas

174 5004 179 5010 ν-
211 4990 448 5030 :rrorem
477 4984 655 5039 tuum,
681 4975 774 5029 sed
799 4975 1169 5044 paenitentiam
1197 4989 1364 5045 agens
1387 4975 1600 5029 veniam
1631 4984 1773 5045 pete,

202 5075 254 5120 et
285 5080 444 5121 error
489 5064 586 5118 tibi
620 5063 948 5118 remittetur.
984 5063 1040 5117 Si
1075 5063 1198 5132 quis
1233 5072 1284 5117 te
1323 5062 1510 5117 durius
1539 5057 1780 5129 compel-

199 5157 350 5221 larit,
402 5171 472 5210 ne
517 5154 749 5210 extollas
797 5155 1058 5209 adversus
1114 5153 1262 5206 illum
1303 5167 1399 5207 cor
1456 5160 1635 5215 ιιιιιιιι,
1687 5151 1780 5201 sed

197 5267 426 5319 operam
461 5252 549 5315 da,
575 5262 633 5304 nt
663 5251 736 5304 illi
762 5249 1065 5304 satisfacias
1087 5259 1213 5302 ante
1238 5261 1396 5315 quam
1420 5246 1635 5299 animus
1658 5254 1782 5298 tuus

209 5347 524 5414 indignetur
553 5363 566 5397 :
602 5345 681 5398 ira
709 5343 852 5398 enim
884 5361 952 5398 ex
984 5343 1163 5397 studio
1191 5343 1268 5413 (rt)
1306 5341 1570 5411 provenit.
1597 5340 1652 5393 Si
1686 5339 1784 5392 ali-

200 5456 307 5507 qua
344 5439 397 5491 in
432 5453 489 5492 re
530 5437 613 5491 vel
643 5438 789 5507 jure,
830 5436 913 5491 vel
943 5433 1139 5506 injuria
1170 5435 1238 5489 ab
1263 5434 1448 5502 aliquo
1485 5431 1781 5500 reprehen-

200 5547 300 5588 sus
346 5530 544 5596 fueris,
591 5545 658 5585 ne
703 5529 1061 5600 perturberis,
1102 5528 1197 5583 sed
1241 5528 1611 5596 paenitentiam
1658 5539 1781 5594 age,

189 5623 433 5696 .lgnosce
457 5662 473 5688 ,
517 5621 785 5692 inquiens,
819 5621 947 5676 mihi
973 5640 988 5690 ;
1014 5636 1120 5676 non
1167 5620 1397 5690 amplius
1438 5618 1653 5673 faciam.
1691 5617 1786 5672 llis

276 5779 360 5852 (ί)
405 5777 488 5834 Ex
526 5779 719 5834 studio.
751 5777 831 5832 An
885 5791 948 5832 ex
992 5775 1152 5831 odio?

1888 4600 2035 4640 more
2084 4583 2202 4649 Dei,
2248 4599 2317 4639 ne
2356 4582 2675 4640 offendatur.
2711 4584 2855 4640 Cave
2903 4601 2968 4640 ne
3001 4584 3148 4638 illum
3189 4587 3255 4640 de
3297 4586 3455 4639 rebus

1889 4678 2169 4734 inutilibus
2196 4679 2519 4749 interroges,
2548 4679 2641 4734 sed
2687 4693 2810 4733 eum
2844 4679 2910 4734 ad
2939 4679 3236 4735 orationem
3265 4678 3450 4732 invita.

1889 4770 1953 4824 Et
1985 4779 2168 4838 postea
2203 4787 2363 4840 quam
2392 4771 2614 4836 sederit,
2641 4773 2910 4842 quomodo
2941 4787 2999 4827 se
3031 4772 3226 4826 habeat
3251 4786 3453 4840 qua-re,

1886 4873 1943 4918 et
1973 4864 2105 4917 nihil
2130 4863 2385 4934 amplius,
2423 4864 2516 4918 sed
2557 4863 2795 4919 libellum
2825 4864 2873 4918 ei
2906 4864 3139 4933 aliquem
3173 4863 3453 4930 legendum

1887 4955 2087 5024 prmbe.
2120 4953 2223 5007 Sin
2260 4952 2436 5008 fessus
2471 4953 2633 5008 fuerit
2668 4954 2734 5007 de
2772 4953 2881 5014 via,
2912 4955 2994 5008 fac
3029 4963 3086 5007 ut
3115 4955 3378 5022 quiescat,
3405 4966 3458 5007 et

1892 5051 2056 5118 pedes
2088 5048 2203 5119 ejus
2230 5048 2371 5102 lava.
2403 5046 2462 5102 Si
2491 5047 2651 5102 verba
2683 5046 2967 5116 protulerit
2997 5061 3104 5100 non
3134 5046 3460 5101 convenien-

1887 5145 1984 5206 tia,
2016 5157 2177 5195 moue
2220 5141 2392 5210 ipsum
2427 5153 2549 5193 cum
2577 5139 2877 5193 cltaritate:
2908 5137 3146 5209 Ignosce,
3183 5137 3456 5206 inquiens,

1888 5236 2019 5289 mihi
2048 5252 2063 5299 ;
2096 5234 2345 5288 infirmus
2370 5247 2510 5296 sum,
2535 5240 2589 5285 et
2623 5231 2809 5286 istbtee
2831 5230 2971 5286 ferre
2997 5245 3101 5284 non
3127 5244 3364 5298 possunt.
3399 5229 3456 5282 Si

1891 5341 2093 5392 pauper
2116 5333 2221 5387 est,
2246 5332 2300 5378 et
2324 5323 2543 5377 sordida
2566 5320 2728 5376 habet
2757 5321 3096 5384 vestimenta,
3121 5336 3182 5374 ea
3211 5330 3264 5374 tu
3280 5319 3454 5374 ablue.

1893 5415 1949 5470 Si
1982 5431 2152 5485 vagus
2185 5426 2268 5469 est
2299 5424 2354 5469 et
2387 5414 2700 5478 circulator,
2732 5422 2787 5468 et
2831 5413 3038 5481 aliquos
3069 5413 3206 5482 apud
3241 5422 3292 5466 te
3327 5411 3459 5466 fide-

1890 5508 1968 5563 les
2001 5507 2189 5570 habes,
2223 5521 2345 5560 eum
2387 5506 2438 5559 in
2473 5512 2828 5572 conspectum
2859 5518 3045 5559 eorum
3088 5517 3155 5558 ne
3182 5503 3455 5563 adducito,

1889 5599 1986 5658 sed
2027 5597 2456 5653 misericordiam
2488 5595 2540 5651 in
2572 5595 2720 5650 illum
2751 5595 3020 5651 ostendito
3048 5609 3170 5650 cum
3201 5591 3296 5646 Dei
3327 5591 3458 5646 cha-
