3862 6382
363 332 493 392 llll

1419 329 1695 388 PATRES
1735 331 2039 387 EGYPTH
2084 332 2358 393 SECCLI
2396 333 2484 389 ιγ.

3486 334 3648 393 Hi!

369 451 553 505 ritate.
592 445 688 501 Sin
733 446 939 507 frater,
992 454 1044 499 et
1086 455 1304 515 propter
1348 445 1515 502 Deum
1555 450 1753 519 quaerit
1796 450 1936 519 apud
1966 454 2014 510 Α
2042 450 2223 506 cibum
2250 461 2532 521 capturus,
2560 447 2819 517 intelligis
2853 448 3053 504 ibidem
3086 449 3367 506 mulierem
3401 452 3641 506 adfatu-

363 553 417 596 te
448 540 730 611 hospitari,
756 554 821 593 ne
847 550 1060 592 avertas
1089 536 1282 593 faciem
1309 548 1456 593 tuatn
1480 541 1549 596 ab
1576 557 1664 607 eo,
1687 543 1782 597 sed
1810 559 1933 598 cum

365 636 553 691 latitia
587 634 734 688 illum
772 632 1005 700 suscipe,
1043 640 1247 688 etcum
1291 633 1543 691 fidelibus
1575 636 1666 706 qui
1702 638 1844 706 apud
1888 648 1936 692 te

362 728 718 789 diverterunt,
752 725 997 779 admitte.
1030 722 1088 778 Si
1131 725 1412 782 mendicus
1436 736 1539 792 est,
1585 743 1812 782 vacuum
1841 730 1937 784 abs

361 834 411 876 te
455 836 521 875 ne
551 820 843 883 dimiseris,
878 820 973 875 sed
1010 819 1446 876 benedictionem
1475 837 1636 891 quam
1669 824 1761 877 tibi
1796 822 1936 878 Deus

362 913 508 965 dedit
544 911 747 981 aliquid
784 911 1084 982 impertire,
1123 921 1181 965 ut
1208 912 1453 969 declares
1494 929 1557 969 ea
1603 929 1722 984 qua:
1748 916 1935 980 habes,

358 1023 463 1059 nun
505 1018 626 1059 esse
671 1015 782 1071 tua,
827 1005 921 1060 sed
958 1006 1098 1060 dona
1130 1005 1249 1060 Dei.
1285 1006 1342 1061 Si
1376 1005 1544 1060 frater
1569 1008 1710 1077 apud
1756 1016 1806 1062 te
1838 1008 1938 1062 ali-

359 1096 487 1165 quid
522 1097 857 1168 deposuerit,
904 1097 1031 1152 illud
1078 1113 1145 1153 ne
1185 1100 1425 1168 aperias,
1467 1100 1566 1154 nisi
1617 1102 1730 1170 ipse
1770 1101 1933 1156 adsit.

360 1187 416 1242 Si
450 1190 747 1258 pretiosum
778 1189 979 1259 aliquid
1014 1190 1177 1257 inest,
1212 1191 1296 1245 dic
1342 1192 1391 1245 ei
1426 1204 1483 1246 ut
1523 1193 1571 1246 id
1618 1202 1845 1263 reponat
1880 1194 1935 1248 in

360 1296 521 1335 manu
555 1290 664 1335 tua.
1312 1356 1313 1363 γ

428 1370 517 1426 ιν.
559 1372 615 1428 Si
667 1389 889 1446 peregre
932 1375 1282 1443 proficiscens
1319 1377 1604 1435 diverteris
1646 1380 1783 1450 apud
1834 1380 1935 1435 ali-

357 1477 551 1531 quem,
584 1471 637 1516 et
683 1463 772 1518 ille
817 1464 976 1520 domo
1008 1466 1339 1536 egrediatur,
1392 1478 1447 1522 et
1491 1478 1541 1524 te
1570 1468 1742 1524 solum
1773 1471 1933 1525 relin-

358 1562 519 1621 quat,
562 1555 746 1611 oculos
794 1564 912 1611 tuos
954 1571 1023 1612 nc
1066 1558 1369 1624 sustuleris,
1403 1569 1495 1627 ut,
1530 1577 1650 1631 qua:
1679 1561 1753 1616 ibi
1781 1574 1935 1627 sunt,

360 1662 484 1700 vasa
531 1658 586 1701 et
624 1648 1009 1718 supellectilem
1063 1651 1317 1722 aspicias.
1373 1652 1685 1711 Fenestram
1720 1665 1814 1711 aut
1850 1672 1942 1711 ar-

358 1755 478 1793 cam
519 1753 613 1797 aut
647 1742 839 1797 librum
888 1746 1132 1812 aperias,
1176 1763 1326 1804 cave.
1372 1749 1523 1804 Illum
1560 1760 1736 1807 autem
1782 1768 1939 1823 egre—

359 1832 592 1886 dientem
626 1848 718 1887 ora
742 1873 756 1896 ,
784 1845 838 1888 et
862 1836 905 1889 si
938 1836 1140 1906 aliquid
1174 1839 1267 1894 tibi
1296 1841 1476 1907 operis
1504 1844 1855 1910 commiserit,
1888 1844 1939 1899 id

360 1923 523 1979 facito
559 1924 862 1994 diligenter.
906 1925 1179 1997 Incognita
1214 1945 1280 1984 ne
1313 1928 1573 1988 laudaris.
1603 1932 1733 1999 Qua!
1781 1936 1938 1990 audi-

359 2015 528 2081 veris,
555 2031 617 2069 ea
643 2032 915 2086 nunquam
942 2029 1086 2074 certa
1109 2028 1274 2092 atque
1305 2035 1588 2093 perspecta
1614 2040 1680 2081 ne
1707 2025 1941 2081 allirma-

361 2108 523 2162 veris.
565 2107 843 2166 Neminem
880 2122 1099 2181 propter
1132 2114 1375 2171 habitum
1409 2126 1713 2173 contemne.
1748 2119 1807 2173 Si
1856 2121 1939 2176 vel

359 2215 554 2269 aquam
587 2202 795 2268 hauris,
827 2204 910 2259 vel
936 2205 1082 2262 aliud
1110 2208 1387 2277 quidpiam
1422 2210 1539 2264 usui
1568 2212 1936 2267 necessarium

359 2292 495 2362 agis,
534 2308 599 2347 ne
632 2296 706 2349 sis
743 2297 1039 2367 negligens,
1074 2299 1167 2354 sed
1193 2316 1221 2353 a
1254 2300 1365 2355 Deo
1401 2310 1452 2356 te
1483 2302 1723 2372 conspici
1751 2318 1937 2358 recoro

358 2386 507 2439 dare.
540 2384 597 2438 Si
620 2386 672 2439 in
701 2385 831 2441 cella
862 2396 950 2441 tua
986 2403 1144 2445 vacas
1168 2391 1488 2459 precationi,
1526 2407 1657 2448 cave
1685 2394 1737 2448 id
1767 2393 1939 2449 facias

360 2477 709 2549 negligenter,
743 2495 830 2546 ne,
868 2481 993 2535 dum
1030 2483 1111 2537 vis
1149 2484 1313 2537 Deum
1362 2484 1632 2541 honorare
1656 2526 1671 2548 ,
1706 2501 1830 2542 eum
1869 2488 1938 2542 ad

358 2570 694 2625 iracundiam
728 2586 1024 2641 provoces;
1063 2573 1157 2629 sed
1191 2584 1274 2631 sta
1304 2575 1356 2629 in
1396 2576 1588 2633 timore
1618 2577 1752 2633 Dei:
1781 2595 1849 2634 ne
1887 2590 1939 2635 te

357 2660 530 2727 ipsum
576 2662 638 2715 ad
690 2662 949 2731 parietem
984 2664 1242 2731 inclines;
1298 2679 1366 2721 ne
1412 2665 1483 2720 ita
1531 2675 1740 2724 statuas
1775 2669 1938 2738 pedes

359 2763 515 2820 tuos,
570 2764 628 2810 ut
674 2754 727 2819 in
764 2771 870 2812 uno
902 2765 1049 2823 stes,
1087 2767 1143 2813 et
1185 2758 1413 2812 alterum
1451 2758 1642 2823 tollas,
1683 2770 1741 2814 ut
1785 2759 1936 2814 stulti

360 2845 581 2899 laciunt.
622 2847 728 2903 Cor
759 2858 904 2903 tuum
946 2850 1019 2904 ita
1050 2848 1316 2905 confirma
1337 2891 1353 2916 ,
1382 2866 1451 2905 ne
1476 2852 1720 2907 ambules
1758 2851 1810 2905 in
1845 2867 1938 2906 vo-

357 2937 565 2993 luntate
598 2947 710 3005 tua,
746 2950 803 2995 ut
829 2942 1154 2997 sacrificium
1181 2952 1328 2997 tuum
1365 2944 1473 2998 Deo
1498 2943 1567 2998 sit
1597 2954 1835 3013 gratum.
1875 2945 1933 3000 Si

356 3028 591 3095 psallitis
643 3028 784 3084 inter
814 3046 946 3099 vos,
992 3047 1181 3101 preces
1207 3033 1437 3102 quisque
1474 3048 1602 3090 suas
1639 3034 1933 3104 persolvat.

2043 558 2196 607 ram,
2232 558 2301 598 ne
2340 543 2626 599 consideas
2651 541 2761 596 ullo
2801 542 2983 599 modo.
3017 540 3199 599 Satius
3229 543 3378 597 enim
3418 554 3540 607 est,
3580 551 3637 596 ut

2040 651 2164 691 eum
2195 637 2286 706 qui
2323 645 2374 693 te
2401 635 2675 701 invitavit,
2707 634 2976 701 offendas,
3005 651 3167 705 quam
3196 636 3265 690 ut'
3288 637 3499 692 occulte
3535 650 3635 690 eor

2044 736 2196 780 tuum
2231 727 2535 782 committat
2565 727 2915 783 adulterium.
2944 726 3025 783 Ne
3054 734 3231 784 vestes
3261 727 3477 797 quidem
3508 741 3633 778 mu-

2044 818 2237 873 lierum
2263 862 2278 885 ,
2313 820 2357 874 si
2388 820 2502 875 fieri
2540 829 2753 888 potest,
2802 819 3056 890 aspicias.
3098 819 3156 875 Si
3205 830 3258 874 te
3293 818 3488 873 mulier
3523 818 3631 872 iter

2043 909 2331 967 facientem
2384 911 2742 977 salutaverit,
2788 910 3055 982 responde
3098 910 3174 966 illi
3210 910 3263 964 in
3302 909 3468 964 corde
3494 918 3631 972 tuo,

2040 1002 2135 1057 sed
2165 1003 2351 1059 oculos
2386 1003 2533 1058 humi
2564 1003 2771 1060 defixos
2821 1013 2961 1059 tene.
3004 1002 3061 1059 Si
3108 1018 3231 1060 cum
3276 1000 3491 1058 seniore
3521 1000 3634 1053 iter

2041 1092 2199 1158 facis,
2229 1095 2523 1159 sarcinam,
2556 1096 2603 1150 si
2639 1111 2758 1165 quae
2789 1095 3011 1152 ferenda
3040 1104 3151 1161 est,
3189 1110 3257 1151 ne
3294 1094 3446 1149 sinas
3472 1091 3630 1145 illum

2038 1186 2261 1242 omnino
2317 1196 2549 1256 gestare.
2604 1188 2699 1243 Sin
2732 1188 2967 1256 aequales
2995 1189 3130 1245 eStis
3152 1227 3166 1250 ,
3198 1202 3317 1243 eam
3348 1186 3509 1241 ambo
3540 1185 3633 1237 vi-

2039 1280 2221 1333 cissim
2250 1289 2460 1349 gestate
2485 1319 2501 1346 ,
2535 1281 2607 1336 ita
2640 1291 2815 1338 tamen
2836 1326 2853 1351 ,
2890 1291 2949 1339 ut
2983 1296 3193 1351 semper
3223 1290 3454 1336 onustus
3481 1292 3631 1349 prte—

2038 1372 2214 1427 cedat.

2638 1461 2897 1520 ORATIO
2935 1462 3021 1519 IV.

2393 1554 2531 1619 Quid
2571 1556 2626 1609 in
2666 1557 2849 1611 itinere
2883 1556 3280 1610 observandum.

2113 1647 2153 1702 Ι.
2198 1646 2278 1715 Si,
2320 1665 2443 1702 cum
2477 1649 2582 1703 iter
2617 1646 2828 1715 facitis,
2870 1656 2956 1704 est
2985 1647 3180 1718 aliquis
3210 1648 3350 1703 inter
3387 1662 3483 1703 vos
3520 1665 3629 1703 nm-

2044 1741 2306 1807 hecillior,
2351 1741 2515 1795 sinite
2564 1741 2712 1796 illum
2761 1741 2990 1810 praeire,
3027 1751 3083 1795 ut
3135 1741 3179 1795 si
3222 1741 3416 1796 sedere
3467 1742 3623 1809 velit,

2044 1833 2231 1903 possit.
2284 1831 2377 1887 Sin
2425 1832 2619 1887 iterum
2668 1830 2971 1902 contingit,
3013 1846 3135 1886 cum
3180 1832 3430 1901 iuniores
3461 1834 3624 1899 sitis,

2043 1924 2197 1981 vobis
2235 1924 2471 1994 primutn
2513 1923 2580 1978 ad
2623 1938 2865 1980 mensam
2912 1923 3357 1980 discumbendum
3400 1924 3503 1989 sit,
3537 1925 3623 1980 vel

2042 2034 2235 2075 manus
2264 2019 2331 2073 ad
2362 2017 2602 2089 patinam
2645 2017 3014 2085 admovenda,
3042 2019 3209 2074 semel
3238 2018 3289 2072 id
3320 2019 3481 2074 facite
3504 2059 3521 2085 ,
3556 2034 3626 2074 ne

2041 2112 2085 2166 si
2132 2119 2260 2167 ante
2301 2112 2493 2167 horam
2528 2110 2905 2179 secesseritis,
2952 2111 3363 2182 perturbemini.
3425 2111 3625 2169 Verum

2042 2203 2087 2258 si
2128 2203 2249 2273 quis
2283 2218 2425 2257 nunc
2469 2201 2677 2271 primus
2708 2201 3030 2273 ingreditur,
3074 2201 3211 2257 alius
3237 2202 3371 2257 alias
3412 2202 3627 2271 primus

2043 2295 2393 2366 ingrediatur.
2432 2293 2491 2349 Si
2529 2294 2596 2349 de
2638 2293 3055 2365 cogitationibus
3095 2293 3201 2349 tuis
3226 2308 3413 2349 senem
3447 2294 3625 2348 inter-

2042 2404 2222 2458 rogas,
2254 2396 2308 2443 et
2350 2402 2471 2444 eum
2504 2388 2571 2443 ad
2598 2402 2661 2442 ea
2700 2402 2825 2459 quae
2870 2387 3071 2442 dixeris
3103 2386 3455 2443 custodienda
3491 2387 3626 2442 ϐόες

2044 2480 2146 2535 lem
2175 2495 2295 2537 esse
2338 2479 2694 2552 cognoveris,
2731 2480 2972 2535 animum
3016 2479 3092 2535 illi
3141 2489 3288 2534 tuum
3315 2479 3487 2534 libere
3528 2494 3625 2549 pa-

2045 2569 2281 2627 tefacito.
2317 2570 2373 2625 Si
2416 2569 2600 2626 fratris
2642 2570 2719 2626 tui
2761 2579 3042 2638 peccatum
3083 2570 3393 2635 audiveris,
3440 2569 3493 2625 id
3527 2584 3624 2624 ne-

2041 2662 2174 2718 mini
2222 2663 2677 2727 communicaris;
2733 2672 2818 2720 est
2866 2662 3010 2717 enim
3065 2676 3213 2718 mors
3274 2670 3387 2716 tua.
3448 2658 3507 2716 Si
3556 2661 3626 2716 de

2041 2754 2460 2825 cogitationibus
2488 2754 2689 2825 quibus
2715 2754 3062 2826 oppugnaris,
3095 2754 3257 2824 aliqui
3294 2754 3616 2825 colloquan-

2042 2856 2150 2911 tur,
2178 2863 2271 2904 eos
2307 2864 2373 2903 ne
2405 2864 2562 2905 cures
2588 2848 2779 2904 audire
2800 2887 2816 2914 ,
2850 2864 2919 2903 ne
2955 2848 3050 2904 tibi
3092 2847 3290 2903 bellum
3322 2847 3617 2903 excitetur.

2040 2939 2284 2995 Orationi
2316 2939 2630 3011 frequenter
2663 2940 2953 3005 incumbe;
2997 2953 3119 2994 nam
3147 2939 3344 2994 animae
3389 2949 3495 2995 tua:
3526 2940 3619 2994 lux

2040 3042 2123 3088 est
2146 3032 2338 3089 oratio.
2374 3032 2626 3100 Quotidie
2656 3047 2776 3103 quae
2799 3032 3133 3101 peccaveris,
3170 3032 3385 3103 cogita;
3416 3032 3618 3087 etenim

358 3121 412 3174 Si
460 3122 777 3190 peregrinus
814 3123 1009 3193 aliquis
1032 3125 1206 3191 adest,
1237 3136 1423 3197 rogate
1447 3126 1595 3183 illum
1637 3143 1758 3182 cum
1799 3129 1933 3184 cha-
1963 3143 2005 3201 ο
2040 3124 2085 3180 si
2118 3138 2215 3195 pro
2253 3125 2491 3193 peccatis
2532 3124 2637 3180 tuis
2665 3123 3063 3192 deprecaberis,
3095 3122 3238 3180 Deus
3265 3139 3328 3179 ea
3361 3125 3461 3179 tibi
3490 3140 3620 3179 θου-

356 3214 537 3279 ritate,
571 3221 628 3267 ut
657 3228 721 3268 eo
752 3215 868 3285 ipse
893 3232 1115 3273 munere
1134 3216 1410 3288 fungatur,
1438 3219 1600 3290 idque
1640 3220 1712 3275 illi
1741 3221 1932 3277 iterum

358 3320 419 3359 ac
458 3308 615 3361 tertia
649 3306 811 3362 dicite
855 3308 973 3364 sine
1004 3311 1365 3366 contentione.
1400 3309 1459 3365 In
1491 3312 1624 3369 hora
1675 3311 1935 3368 sacrificii

357 3402 547 3455 resiste
578 3400 1025 3471 cogitationibus,
1072 3411 1128 3459 ut
1171 3419 1363 3460 sensus
1408 3415 1529 3462 tuos
1557 3406 1842 3473 continens
1881 3407 1933 3461 in

355 3510 541 3550 amore
573 3494 687 3561 Dei,
732 3496 1004 3566 mysteriis
1042 3496 1235 3569 dignus
1263 3496 1554 3564 efficiaris,
1595 3508 1648 3552 ct
1680 3500 1934 3556 Dominus

358 3597 476 3641 tuas
508 3599 660 3643 curet
693 3588 1061 3659 aegritudines.
1106 3588 1278 3655 Cave,
1322 3606 1391 3646 ne
1437 3606 1635 3663 corpus
1688 3601 1833 3646 tuum
1880 3597 1933 3646 in

354 3679 603 3734 sordibus
637 3679 909 3749 abjectum
945 3681 1258 3752 relinquens
1290 3683 1358 3739 ab
1383 3682 1531 3737 inani
1575 3683 1743 3755 gloria
1776 3684 1937 3739 sedu-

355 3770 519 3827 caris.
561 3772 660 3839 Qui
699 3772 886 3843 junior
913 3782 1026 3839 est,
1061 3787 1258 3842 corpus
1292 3774 1346 3829 in
1381 3776 1531 3841 omni
1575 3777 1811 3847 negligat
1840 3774 1937 3832 dc-

346 3864 665 3931 'formitate;
697 3865 749 3919 id
773 3866 915 3922 enim
941 3867 1019 3920 illi
1054 3868 1290 3937 prodest.
1319 3867 1419 3935 Qui
1440 3867 1625 3936 junior
1653 3880 1755 3935 est,
1793 3884 1933 3924 nun-

356 3972 516 4024 quam
548 3958 833 4025 pulcltrum
876 3957 1065 4014 induat
1100 3960 1503 4024 vestimentum,
1549 3960 1653 4016 nisi
1688 3959 1838 4028 prius
1867 3961 1934 4015 ad

354 4047 565 4100 virilem
601 4055 812 4101 aetatem
838 4048 1148 4116 pervenerit
1181 4065 1194 4102 :
1240 4048 1341 4103 hac
1368 4049 1511 4103 enim
1546 4059 1670 4119 eget
1702 4048 1789 4104 ille
1820 4063 1935 4104 me-

358 4140 555 4192 dicina.
591 4138 671 4192 Ad
703 4141 920 4193 tertium
947 4155 1117 4211 usque
1144 4141 1424 4211 cyathum,
1451 4141 1495 4196 si
1526 4142 1579 4196 id
1614 4142 1936 4197 valetudinis

358 4233 497 4286 ratio
520 4230 774 4301 postulat,
805 4233 985 4285 vinum
1014 4232 1183 4287 bibat.
1217 4231 1415 4287 Dentes
1444 4233 1495 4287 in
1521 4233 1631 4289 risu
1659 4248 1933 4303 nunquam

358 4326 590 4393 aperiat.
638 4324 851 4379 Faciem
907 4324 1055 4379 humi
1115 4339 1225 4393 prae
1273 4324 1596 4379 verecundia
1642 4322 1933 4379 demissam

359 4426 554 4472 teneat.
589 4417 761 4472 iturus
789 4416 1029 4472 cubitum
1073 4432 1206 4472 zona
1242 4432 1340 4472 sua
1370 4418 1693 4485 praecinctus
1722 4417 1813 4473 sit.
1846 4414 1938 4472 Sic

2045 3218 2287 3272 donabit.
2323 3218 2377 3271 Si
2409 3217 2531 3287 quis
2568 3231 2751 3271 curam
2776 3215 3085 3285 teloquitur
3104 3216 3368 3272 adversus
3392 3215 3617 3271 fratrem

2042 3325 2198 3365 suum
2222 3352 2237 3377 ,
2272 3324 2403 3365 cave
2438 3320 2617 3365 taceas
2651 3324 2759 3378 prae
2788 3309 3013 3379 pudore,
3048 3317 3141 3364 aut
3172 3308 3245 3363 illi
3273 3308 3641 3381 assentiaris,»

2045 3416 2111 3457 ue
2142 3416 2333 3472 pecces
2363 3400 2626 3457 adversus
2662 3401 2830 3456 Deum
2865 3419 2879 3455 :
2912 3403 3007 3458 sed
3042 3416 3163 3456 cum
3184 3402 3487 3456 humilitate
3510 3402 3618 3465 dic,

2043 3494 2268 3567 Ignosce
2304 3493 2467 3561 mihi,
2506 3493 2694 3560 frater,
2747 3493 2931 3550 infelix
2964 3508 3064 3565 ego
3088 3508 3239 3560 sum;
3269 3504 3322 3549 et
3352 3494 3472 3550 haec
3501 3508 3621 3564 qua

2043 3588 2283 3658 loqueris
2313 3603 2429 3642 mea
2457 3595 2605 3648 sunt,
2646 3597 2700 3642 et
2730 3602 2795 3645 ea
2833 3586 2976 3642 ferre
3004 3602 3109 3643 non
3138 3602 3378 3657 possum.
3410 3587 3470 3642 Si
3513 3587 3622 3641 fra-

2047 3691 2128 3736 ter
2167 3691 2218 3736 te
2253 3680 2468 3747 laeserit,
2497 3689 2553 3735 et
2578 3680 2773 3749 aliquis
2806 3680 2874 3735 de
2901 3679 2991 3734 illo
3016 3694 3199 3734 coram
3227 3689 3278 3735 te
3301 3680 3445 3735 male
3472 3680 3621 3734 disco

2046 3775 2138 3837 rit,
2170 3788 2267 3829 cor
2297 3783 2445 3827 tuum
2484 3772 2717 3838 custodi,
2751 3788 2820 3828 ne
2863 3773 3066 3827 malitia
3097 3772 3151 3827 in
3182 3789 3246 3828 eo
3290 3786 3617 3837 renovetur;

2044 3877 2097 3924 et
2120 3878 2466 3937 peccatorum
2492 3875 2706 3921 tuorum
2735 3865 2787 3920 in
2812 3866 2904 3921 Dei
2926 3878 3219 3936 conspectu
3245 3866 3618 3933 reminiscere,

2045 3968 2107 4014 ut
2143 3959 2391 4030 ignoscat
2422 3958 2539 4013 tibi.
2591 3956 2673 4014 Ne
2707 3957 2903 4014 malum
2944 3973 3043 4029 pro
3073 3957 3216 4013 male
3256 3959 3464 4014 tribuas
3494 3974 3620 4028 pro-

2046 4052 2193 4106 ximo
2226 4059 2316 4106 tuo
2340 4051 2405 4103 “.
2433 4049 2491 4106 Si
2519 4064 2641 4105 cum
2684 4049 2945 4106 fratribus
2984 4049 3182 4117 ignotis
3210 4059 3371 4120 teque
3400 4050 3620 4104 minori-

2045 4143 2147 4199 bus
2175 4143 2278 4199 iter
2320 4140 2478 4206 facis,
2509 4158 2603 4199 eos
2642 4152 2703 4197 ut
2727 4141 2966 4210 majores
2997 4142 3224 4199 honora.
3270 4140 3424 4209 Quod
3468 4142 3513 4198 si
3552 4143 3620 4197 ad

2046 4237 2283 4292 amicum
2322 4246 2472 4291 tuum
2500 4234 2808 4301 diverteris,
2840 4250 2935 4291 eos
2960 4236 3055 4291 tibi
3089 4236 3342 4291 omnibus
3369 4236 3424 4291 in
3461 4236 3622 4290 rebus

2044 4337 2333 4399 antepoue,
2361 4337 2421 4384 ut
2447 4337 2504 4385 et
2534 4329 2586 4383 in
2617 4343 2803 4384 mensa
2828 4329 2978 4398 prius
3000 4328 3360 4395 discumbant,
3390 4338 3446 4385 et
3472 4330 3621 4399 prius

2047 4421 2183 4478 cibis
2243 4436 2439 4476 manus
2485 4423 2846 4489 admoveant,
2894 4437 2964 4478 ne
3010 4432 3231 4492 propter
3281 4431 3336 4478 te
3382 4422 3618 4492 δυκεριί

359 4521 637 4567 assuescat
670 4526 902 4576 manus,
959 4528 1026 4566 ne
1070 4512 1212 4566 intro
1262 4510 1525 4567 ferantur.
1576 4509 1739 4565 Multa
1789 4511 1932 4566 enim
1966 4513 2013 4568 D
2040 4512 2205 4568 fuisse
2236 4513 2548 4580 videantur,
2580 4514 2675 4569 sed
2704 4522 2890 4569 contra
2934 4514 3147 4584 potius,
3191 4528 3285 4569 eos
3324 4514 3618 4579 honerans,

358 4602 522 4656 habet
546 4618 743 4673 corpus
774 4604 935 4667 vitia,
986 4617 1106 4671 quae
1138 4601 1348 4672 perlicit
1386 4603 1619 4660 animus.
1652 4602 1708 4657 lu
1744 4600 1938 4658 itinere

361 4702 593 4759 tantum,
626 4709 731 4749 non
766 4706 946 4749 autem
1002 4694 1054 4748 in
1092 4694 1227 4749 cella
1266 4695 1569 4753 sandalium
1608 4694 1767 4750 ferat.
1802 4694 1938 4752 Cum

360 4786 621 4849 ambulat,
657 4802 849 4840 manus
876 4788 943 4840 ad
971 4800 1159 4840 zonam
1187 4785 1329 4840 inter
1363 4801 1422 4841 se
1449 4787 1769 4854 conjunctas
1798 4804 1941 4843 com-

360 4888 545 4943 ponat,
575 4893 748 4946 neque
778 4878 895 4932 illas
927 4877 1229 4942 concutiat,
1260 4886 1319 4930 ut
1357 4877 1534 4934 solent
1577 4879 1827 4935 homines
1855 4895 1941 4936 so.

360 4968 603 5025 latiores.
641 4970 696 5025 Si
739 4985 860 5024 cum
911 4969 1205 5038 majoribus
1238 4969 1343 5025 iter
1379 4968 1534 5033 facit,
1568 4985 1635 5025 ne
1671 4973 1941 5040 prtccedat

357 5064 596 5115 omnino.
627 5063 681 5117 Si
713 5064 757 5118 is
780 5062 868 5131 qui
898 5061 1071 5130 major
1094 5072 1199 5126 est,
1228 5061 1495 5128 consistit,
1527 5071 1580 5116 et
1606 5077 1730 5117 cum
1753 5063 1934 5133 aliquo

359 5157 617 5226 loquitur,
659 5168 710 5213 tu
748 5176 814 5212 ne
844 5166 1167 5221 contemne,
1205 5166 1301 5211 aut
1332 5156 1589 5221 conside,
1618 5159 1715 5212 sed
1753 5158 1935 5214 tandiu

358 5260 463 5313 sta,
500 5251 676 5319 quoad
710 5250 796 5305 ille
829 5250 955 5318 quid
990 5249 1083 5304 tibi
1129 5250 1394 5319 agendum
1435 5249 1543 5315 sit,
1578 5250 1744 5305 dicat.
1793 5250 1848 5307 Si
1883 5254 1936 5309 in

360 5344 636 5396 civitatem
668 5351 759 5396 aut
787 5341 963 5396 vicum
998 5342 1387 5409 proﬁcisceris,
1414 5343 1555 5399 oculi
1586 5344 1659 5398 tui
1685 5343 1936 5400 deorsum

362 5434 668 5502 aspiciant,
697 5449 765 5489 ne
794 5436 980 5490 hostes
1017 5435 1112 5490 tibi
1153 5437 1206 5491 in
1255 5435 1389 5491 cella
1418 5438 1670 5493 suscites.
1706 5436 1938 5508 Peregre

361 5527 715 5599 proficiscens
758 5544 826 5584 ne
858 5530 1097 5585 dormias
1141 5529 1193 5583 in
1242 5528 1567 5600 cujusquam
1600 5530 1794 5597 domo,
1845 5530 1935 5585 ubi

360 5636 457 5675 cor
484 5620 691 5689 peccati
730 5622 1029 5691 periculum
1064 5620 1399 5677 reformidet.
1436 5622 1493 5677 Si
1520 5621 1705 5691 aliquo
1737 5622 1790 5676 in
1820 5620 1938 5677 loco

439 5774 477 5806 “
524 5774 679 5832 Rom.
720 5793 817 5844 xu,
844 5777 888 5831 7.

2044 4606 2271 4663 ostende
2311 4617 2363 4662 te
2401 4614 2623 4678 pr0pter
2669 4605 2791 4662 illos
2841 4592 3269 4661 misericordiam
3318 4606 3616 4676 accepisse.

2045 4698 2101 4753 Si
2126 4714 2248 4754 cum
2270 4697 2440 4754 fratre
2469 4707 2525 4755 te
2553 4697 2605 4752 in
2630 4697 2772 4753 viam
2794 4698 3037 4761 dederis,
3065 4706 3116 4751 et
3147 4696 3356 4752 amicus
3376 4697 3473 4751 tibi
3506 4697 3617 4752 fue-

2044 4794 2114 4847 rit
2144 4791 2457 4847 iuvisendus
2478 4828 2494 4853 ,
2542 4804 2765 4845 causam
2815 4789 2964 4858 aperi
2998 4787 3150 4843 fratri
3184 4797 3273 4842 tuo
3294 4829 3308 4853 ,
3339 4798 3395 4844 et
3425 4789 3514 4844 dic
3544 4787 3617 4843 illi

2045 4885 2313 4954 tantiSper
2338 4892 2397 4938 ut
2424 4882 2633 4938 sedeat.
2668 4880 2821 4949 Quod
2846 4882 2892 4937 si
2925 4891 2978 4937 te
3003 4880 3228 4945 amicus,
3256 4889 3315 4934 ιιι
3340 4882 3616 4946 comedas,

2042 4977 2316 5048 coegerit,
2342 4990 2474 5033 cave
2504 4992 2571 5032 ne
2602 4976 2734 5047 quid
2776 4990 2839 5031 os
2882 4983 3030 5029 tuum
3059 4973 3394 5043 ingrediatur
3449 4975 3618 5042 prius-

2041 5086 2201 5142 quam
2232 5070 2465 5125 advoces
2495 5067 2717 5123 fratrem
2765 5076 2944 5130 tuum,
2986 5073 3047 5119 ut
3089 5062 3251 5119 simul
3281 5063 3530 5134 quiescat
3565 5075 3619 5119 et

2042 5173 2340 5220 recreetur.

2110 5254 2195 5312 ΙΙ.-
2218 5254 2275 5309 Si
2298 5269 2421 5310 cum
2448 5252 2692 5325 pluribus
2714 5251 2973 5307 fratribus
2999 5250 3397 5319 iteringressus
3430 5246 3616 5311 fueris,

2040 5356 2094 5403 et
2130 5347 2337 5417 pudore
2370 5344 2665 5401 detinearis
2690 5383 2706 5408 ,
2740 5356 2851 5413 quo
2881 5342 3063 5399 minus
3088 5355 3185 5397 eos
3235 5348 3412 5393 tecum
3452 5338 3618 5392 ducas

2041 5440 2107 5494 ad
2137 5439 2373 5493 amicum
2404 5446 2599 5504 tuum,
2650 5437 2776 5505 quia
2815 5435 2969 5491 multi
3013 5434 3153 5500 sint,
3195 5446 3357 5497 cave,
3391 5445 3457 5484 ne
3489 5444 3617 5483 con-

2042 5540 2253 5585 temnas
2284 5544 2410 5597 eos,
2431 5528 2642 5586 etclam
2663 5527 2868 5584 relictis
2904 5525 3015 5582 illis
3056 5524 3305 5581 discedas
3342 5530 3435 5575 aut
3469 5534 3618 5574 cinn-

2041 5626 2169 5680 edas
2211 5643 2225 5680 :
2271 5624 2366 5680 sed
2404 5638 2522 5692 eos,
2552 5622 2681 5694 quid
2714 5621 2809 5678 tibi
2855 5619 3125 5691 agendum
3150 5617 3258 5684 sit,
3281 5612 3535 5679 consule,
3561 5619 3618 5666 et
