3862 6324
139 353 286 408 1113

1230 352 1288 408 S.
1330 351 1532 410 lSAIZE
1573 355 1867 414 ABBATIS
1904 357 2312 416 ORATIONES.

3246 367 3390 423 'llll

133 470 284 541 quod
327 469 431 539 ipsi
465 467 738 535 dixerint,
782 485 902 541 age.
937 469 993 526 ln
1026 472 1111 528 via
1153 483 1335 530 autem
1367 489 1432 530 ne
1475 475 1569 530 tibi
1611 475 1724 543 ipse
1751 478 1795 534 Î‘
1829 478 2136 534 misericors
2174 487 2257 534 est
2304 477 2445 531 enim
2512 477 2563 531 in
2618 476 2894 552 hominum
2952 478 3282 535 infirmitate.
3335 481 3391 538 Si

135 578 357 632 parcas,
390 561 610 616 servilia
642 577 904 632 respuens
933 565 1256 622 miniSteria.
1293 564 1527 635 Peregre
1561 567 1724 635 proli-

133 658 377 716 eisceus,
405 654 450 709 si
487 655 626 723 apud
657 655 881 710 fratrem
922 657 1192 714 divertere
1242 659 1509 724 volueris,
1539 669 1593 714 et
1633 659 1722 714 ille

131 748 375 816 hospitio
412 757 464 802 te
508 746 786 816 suscipere
826 750 1118 814 recusarit,
1154 759 1208 805 et
1250 749 1296 804 is
1333 760 1513 820 postea
1552 751 1630 806 vel
1666 753 1720 806 in

131 841 223 893 via
258 839 352 894 tibi
396 840 588 894 obvius
631 840 832 907 fuerit,
875 841 960 896 vel
991 842 1058 895 ad
1096 853 1146 896 te
1189 842 1472 898 diverterit
1521 846 1724 914 impru-

130 935 289 998 dens,
316 948 441 988 eum
469 933 754 1001 benignius
786 935 1179 1005 humaniusque
1201 946 1450 991 tractato.
1480 937 1536 992 Si
1560 953 1721 1008 quem

132 1023 233 1076 tibi
269 1024 554 1092 acceperis
585 1025 908 1090 detraxisse,
940 1035 994 1081 et
1035 1027 1219 1096 aliquo
1255 1029 1307 1082 in
1352 1027 1472 1084 loco
1500 1045 1724 1100 congre-

129 1114 363 1168 diamini
392 1155 409 1180 ,
442 1115 523 1168 vel
561 1115 624 1170 ad
671 1127 723 1172 te
757 1117 872 1187 ipse
897 1118 1206 1186 diverterit,
1236 1119 1462 1176 hilarem
1485 1131 1540 1176 et
1565 1121 1722 1176 beni-

126 1222 298 1275 gnum
345 1206 421 1261 illi
449 1222 546 1277 pro
582 1209 790 1265 viribus
818 1211 1022 1266 vultum
1051 1213 1298 1279 ostende,
1333 1227 1505 1284 neque
1533 1211 1641 1277 illa,
1674 1213 1720 1268 si

130 1297 443 1364 audivisti,
491 1307 929 1357 commemorans
973 1319 1194 1374 quaere,
1243 1320 1341 1359 cur
1388 1305 1460 1359 ita
1509 1304 1719 1363 locutus

129 1391 207 1444 sit
241 1409 255 1446 :
302 1406 430 1446 nam
482 1401 540 1448 ut
581 1393 632 1447 in
674 1393 984 1450 Proverbiis
1021 1397 1280 1467 scriptum
1309 1407 1436 1453 est:
1485 1395 1588 1463 Qui
1615 1414 1722 1452 nte-

130 1500 252 1536 mor
293 1495 370 1537 est
394 1485 743 1554 injuriarum,
775 1486 987 1556 iniquus
1011 1499 1087 1543 est
1133 1489 1195 1542 ".
1231 1489 1286 1542 Si
1315 1487 1515 1544 fratres
1556 1489 1716 1555 eStis,

127 1585 190 1629 et
218 1590 450 1648 peregre
482 1578 891 1648 proficiscentes
941 1580 1007 1634 ad
1065 1579 1288 1634 fratrem
1324 1595 1615 1650 pauperem
1643 1580 1723 1636 di-

131 1667 350 1722 vertitis
376 1707 392 1731 ,
442 1684 510 1724 ne
556 1665 808 1739 amigatis
850 1684 972 1724 eum
1021 1669 1182 1726 rebus
1226 1669 1580 1734 necessariis,
1623 1669 1718 1726 sed

127 1774 228 1813 eas
257 1760 417 1818 vobis
451 1761 635 1825 emite,
657 1769 718 1816 ut
739 1762 788 1816 ei
815 1776 1032 1833 quoque
1059 1763 1194 1819 satis
1217 1763 1348 1826 sint,
1379 1761 1719 1832 hospitioque

127 1868 198 1908 ac
254 1862 401 1909 tecto
443 1853 682 1908 contenti
723 1865 899 1911 estote
934 1857 1076 1926 quod
1122 1856 1426 1912 invenistis.
1463 1854 1518 1910 Si
1560 1871 1718 1911 senes

128 1945 348 2015 aliquos
390 1945 482 2000 tibi
527 1958 680 2002 notos
713 1947 1000 2016 inviseris,
1047 1958 1103 2003 et
1147 1958 1325 2004 tecum
1374 1949 1577 2004 fuerint
1627 1951 1715 2006 alii

126 2041 360 2095 senibus
403 2040 568 2111 ignOti
596 2082 610 2105 ,
658 2056 726 2096 ne
776 2034 1103 2113 Colloquaris
1155 2053 1207 2095 tu
1249 2057 1371 2097 cum
1411 2043 1630 2098 senibus
1663 2043 1716 2098 in

126 2141 428 2201 con5peclu
471 2133 745 2202 ipsorum,
781 2134 878 2186 sed
916 2133 1068 2188 sinas
1106 2149 1201 2188 eos
1236 2133 1400 2204 loqui.
1431 2133 1487 2189 Si
1520 2133 1717 2190 fratres

127 2232 314 2276 tecum
335 2222 600 2290 habitant,
625 2238 812 2278 eorum
837 2239 1023 2280 curam
1046 2240 1173 2295 gere
1196 2224 1506 2295 diligenter,
1535 2225 1717 2282 sciens

127 2326 183 2369 te
214 2329 318 2383 pro
355 2315 488 2384 ipsis
533 2316 640 2372 Deo
685 2318 949 2373 rationem
992 2317 1354 2374 redditurum.
1399 2319 1454 2375 Si
1491 2331 1712 2390 propter

127 2406 303 2460 Deum
365 2408 603 2478 aliquem
645 2411 698 2464 in
754 2409 928 2465 locum
965 2412 1297 2479 secesseris,
1338 2427 1405 2467 ne
1443 2429 1712 2468 comtnerc

123 2496 272 2551 cium
326 2496 478 2552 ineas
510 2512 632 2553 cum
666 2499 858 2555 incolis
891 2500 1036 2556 illius
1071 2501 1213 2568 loci,
1263 2517 1400 2559 neve
1448 2518 1570 2559 cum
1608 2504 1714 2560 illis

123 2603 416 2646 sermones
445 2590 731 2659 conferas;
765 2595 940 2649 satius
971 2595 1115 2650 enirn
1156 2595 1296 2652 forte
1341 2596 1412 2652 sit
1459 2597 1550 2652 tibi
1585 2613 1711 2654 cum

124 2677 234 2733 illis
286 2693 409 2734 esse
462 2681 551 2746 qui
599 2685 862 2753 sanguine
895 2685 988 2740 tibi
1036 2686 1310 2757 conjuncti
1360 2696 1507 2744 sunt.
1559 2690 1615 2744 Si
1657 2691 1710 2744 in

124 2779 370 2826 montem
404 2772 738 2841 ascenderis,
779 2785 838 2830 ut
872 2773 1067 2832 fratres
1099 2777 1152 2832 in
1185 2779 1531 2836 monasteriis
1569 2780 1711 2835 invi-

122 2877 238 2929 sas,
273 2863 419 2934 apud
453 2879 613 2934 quem
652 2865 938 2923 diverteris
960 2883 1198 2933 maneas,
1236 2885 1411 2941 neque
1441 2873 1508 2927 ad
1545 2872 1709 2928 alium

123 2955 403 3021 discedas,
444 2956 546 3011 nisi
577 2957 726 3026 prius
753 2972 908 3029 roges
935 2975 1080 3024 eum,
1112 2970 1289 3016 utrum
1335 2963 1464 3018 velit
1486 2981 1556 3021 an
1579 2979 1709 3022 non.

123 3049 279 3116 Quod
320 3049 366 3104 si
397 3049 664 3118 noluerit,
699 3067 764 3108 ne
796 3053 1067 3123 relinquas
1093 3054 1240 3110 illum
1261 3097 1279 3124 ,
1312 3055 1417 3111 nisi
1456 3071 1578 3112 cum
1616 3057 1710 3113 tibi

1825 583 1986 623 vacas
2011 569 2417 634 exercitationi,
2451 583 2512 624 ea
2545 584 2639 624 cor
2679 578 2824 624 tuum
2857 584 2924 624 ne
2953 570 3212 625 innitatur
3235 581 3394 643 atque

1824 657 2091 720 confidat,
2124 659 2216 713 sed
2262 659 2575 729 cogitationi
2614 667 2717 714 tute
2749 659 2896 715 dicas
2918 699 2933 725 ,
2972 659 3115 715 Deus
3152 677 3247 731 per
3273 678 3393 718 cor-

1823 750 1970 819 poris
2002 750 2343 805 alllictionem
2390 751 2573 806 audiet
2620 753 2890 807 miseriam
2937 769 3130 808 meam.
3175 754 3231 809 Si
3273 757 3394 825 quis

1825 851 1878 897 te
1913 841 2151 897 effecerit
2187 843 2506 898 contumelia
2533 883 2548 908 ,
2582 859 2650 898 ne
2691 845 3019 913 respondeas
3048 846 3158 911 illi,
3187 848 3279 902 sed
3315 857 3394 902 ta-

1823 933 1962 989 citus
1986 944 2159 988 tecnm
2194 936 2306 1004 ipse
2335 936 2613 989 considera
2637 975 2652 1000 ,
2681 952 2746 988 an
2778 950 2902 990 vera
2931 937 3043 992 sint
3065 953 3185 1007 quae
3209 939 3390 1008 audis;

1821 1037 1878 1080 et
1909 1027 1952 1082 si
1985 1042 2110 1081 vera
2138 1037 2299 1092 sunt,
2331 1028 2700 1096 paenitentiam
2728 1042 2826 1096 age
2850 1067 2866 1091 ,
2895 1038 2949 1082 et
2997 1028 3137 1085 Dens
3169 1031 3393 1085 misere-

1821 1120 1967 1174 bitur
2005 1120 2104 1176 tui.
2153 1119 2209 1174 Si
2255 1136 2377 1174 cum
2425 1119 2682 1174 fratribus
2729 1119 2830 1174 iter
2882 1119 3114 1186 faciens,
3161 1122 3392 1191 aliquem

1821 1213 1965 1267 inter
2012 1227 2105 1267 eos
2135 1223 2327 1267 nactus
2369 1212 2537 1268 fueris
2559 1252 2591 1278 ,.
2621 1226 2779 1281 quem
2823 1213 2877 1266 in
2921 1210 3032 1268 Deo
3062 1213 3254 1284 diligas
3275 1253 3291 1279 ,
3329 1231 3396 1269 ne

1821 1303 2044 1360 liberius
2073 1320 2195 1361 cum
2237 1304 2329 1358 illo
2358 1304 2574 1361 caeteris
2618 1303 2926 1360 videntibus
2955 1306 3299 1376 colloquaris,
3329 1320 3395 1360 ne

1819 1391 1962 1446 forte
1987 1393 2060 1448 sit
2089 1393 2230 1450 inter
2252 1395 2397 1464 ipsos
2431 1396 2676 1454 infirmus
2700 1399 2968 1469 quispiam
2998 1399 3089 1469 qui
3129 1399 3245 1453 zelo
3281 1414 3394 1452 mo-
3460 1453 3475 1471 Î´

1821 1485 2029 1552 riatur;
2071 1497 2127 1541 et
2160 1496 2214 1541 tu
2263 1498 2542 1556 peccatum
2581 1489 2699 1559 ejus
2736 1492 3024 1554 sustineas,
3057 1491 3311 1560 quoniam
3341 1491 3392 1546 ei

1820 1575 2078 1644 peccandi
2122 1577 2463 1634 occasionem
2499 1579 2763 1634 obtulisti.
2795 1580 2928 1634 Cum
2963 1581 3030 1633 ad
3063 1579 3272 1648 aliquos
3309 1579 3391 1633 di-

1820 1670 2007 1738 vertis,
2036 1685 2103 1726 ne
2130 1681 2412 1744 exspectes
2435 1713 2452 1738 ,
2486 1683 2546 1727 ut
2573 1673 2643 1730 ab
2679 1673 2784 1728 illis
2829 1689 2952 1729 cum
2995 1675 3190 1743 gaudio
3221 1674 3395 1728 susci-

1821 1763 2018 1832 piaris;
2047 1772 2103 1818 at
2129 1764 2175 1818 si
2211 1773 2263 1818 te
2302 1765 2667 1834 susceperint,
2693 1765 2804 1821 Deo
2840 1767 3043 1835 gratias
3069 1781 3217 1836 agas.
3253 1765 3308 1819 Si
3342 1777 3395 1820 te

1822 1853 1875 1906 in
1903 1853 2033 1908 cella
2061 1854 2230 1923 quieti
2270 1864 2549 1910 vacantem
2581 1860 2801 1912 morbus
2839 1857 3130 1922 invaserit,
3163 1871 3231 1912 ne
3260 1871 3394 1910 con-

1819 1943 1967 1998 cidas
1995 1945 2206 2009 animo,
2249 1945 2342 1998 sed
2385 1959 2483 2014 age
2506 1947 2710 2014 gratias
2751 1946 2884 2003 Deo.
2935 1947 2990 2002 Si
3034 1964 3128 2002 cor
3158 1946 3395 2001 senseris

1818 2045 2258 2103 consternatum,
2307 2037 2393 2090 dic
2441 2032 2558 2092 illi:
2595 2020 2783 2094 Nonne
2830 2042 3052 2095 morbus
3099 2041 3188 2095 hic
3226 2041 3393 2094 levior

1821 2129 1915 2184 tibi
1949 2140 2222 2199 estquam
2271 2129 2534 2200 gebenna.
2570 2130 2623 2185 in
2654 2146 2838 2200 qnam,
2881 2133 2982 2188 nisi
3031 2142 3081 2188 te
3129 2134 3391 2202 patienter

1817 2230 2238 2292 constanterque
2252 2225 2418 2294 geris,
2439 2224 2722 2280 introibis?
2749 2235 2909 2295 atque
2936 2227 3006 2280 ita
3026 2228 3389 2295 conquiescet.

1818 2314 1875 2370 Si
1905 2315 2044 2383 apud
2077 2314 2270 2370 fratres
2297 2316 2600 2382 diverteris,
2632 2327 2686 2373 et
2714 2334 2899 2373 eorum
2932 2319 3129 2388 aliquis
3150 2319 3388 2375 dixerit:

1817 2405 1916 2460 Hic
1941 2421 2041 2477 ego
2071 2407 2306 2476 quietem
2340 2426 2443 2462 non
2475 2409 2704 2479 reperio,
2741 2412 2988 2465 habitare
3025 2423 3200 2467 tecum
3233 2411 3388 2478 volo;

1817 2507 1870 2550 tu
1905 2497 1957 2551 id
1995 2497 2042 2552 ei
2080 2514 2146 2552 ne
2182 2498 2529 2567 permiseris,
2567 2515 2634 2555 ne
2671 2501 2891 2570 reliquis
2931 2502 3008 2557 sis
3045 2500 3389 2557 offendicula.

1816 2587 1913 2643 Sin
1953 2588 2192 2644 dixerit:
2227 2588 2307 2644 Ob
2336 2604 2446 2644 rem
2475 2590 2742 2646 occultam
2776 2593 3002 2647 moritur
3035 2594 3214 2646 anima
3252 2607 3391 2659 mea,

1811 2679 1859 2733 ei
1884 2679 1948 2731 da
1980 2677 2190 2746 locum,
2225 2689 2282 2733 ut
2314 2679 2440 2734 inde
2474 2679 2668 2748 abeat;
2698 2681 2790 2737 sed
2817 2683 2958 2751 apud
2994 2693 3046 2738 te
3074 2698 3293 2739 manere
3327 2699 3392 2740 ne

1813 2771 2121 2843 permittas.

1884 2862 1968 2918 IV.
2009 2863 2142 2918 Cum
2177 2865 2229 2918 in
2259 2863 2392 2919 cella
2426 2873 2512 2919 tua
2545 2865 2778 2933 quietem
2815 2873 2869 2918 et
2909 2865 3182 2921 silentium
3223 2866 3382 2936 colis,

1811 2955 1866 3011 in
1910 2956 2030 3012 cibo
2077 2956 2296 3011 modum
2348 2956 2582 3026 aliquem
2620 2971 2814 3020 serva,
2853 2967 2912 3012 ut
2963 2973 3160 3028 corpus
3197 2959 3389 3012 habeat

1813 3065 1935 3120 qua:
1978 3048 2290 3106 necessaria
2325 3059 2488 3115 sunt,
2519 3059 2575 3104 et
2623 3050 2694 3109 ibi
2733 3051 2786 3104 in
2823 3050 3008 3106 divino
3037 3051 3184 3106 cultu
3223 3053 3393 3121 possit

123 3153 206 3198 est
243 3143 581 3198 abeundum.
611 3143 668 3198 Si
708 3143 898 3199 cellam
937 3147 989 3201 in
1020 3161 1124 3216 qua
1163 3147 1354 3214 degas,
1393 3149 1667 3219 acceperis
1689 3191 1706 3216 ,
1737 3174 1784 3236 Î¿
1816 3143 2102 3201 inservire.
2156 3144 2300 3200 Nihil
2333 3154 2546 3210 autem,
2569 3147 2671 3201 seu
2704 3146 2900 3200 honuni
2933 3161 3027 3200 seu
3059 3146 3258 3200 malum
3299 3147 3392 3212 sit,

121 3235 330 3290 multos
367 3235 459 3290 tibi
493 3236 700 3292 amicos
730 3251 797 3294 ne
851 3239 1141 3300 asciveris.
1188 3255 1326 3295 unus
1358 3240 1451 3295 tibi
1481 3241 1551 3296 sit
1579 3244 1712 3300 satis

121 3337 352 3397 propter
394 3327 759 3384 infirmitatem
783 3370 800 3398 ,
835 3341 888 3386 et
925 3344 1212 3387 successus
1255 3333 1328 3387 tui
1368 3332 1602 3389 fructum
1647 3350 1714 3391 ne

121 3419 372 3473 amittas.

195 3509 287 3568 Ill.
331 3508 392 3566 Si
447 3511 668 3582 pauperi
722 3511 1094 3581 benefeceris,
1142 3528 1209 3570 ne
1252 3530 1416 3572 voces
1458 3515 1606 3572 illum
1646 3517 1713 3572 ad

121 3622 285 3677 opus,
322 3621 392 3661 ne
426 3605 742 3662 beneficium
773 3608 967 3676 perdas
993 3609 1138 3677 quod
1168 3609 1221 3664 in
1256 3625 1379 3665 eum
1411 3610 1712 3667 contulisti.

123 3699 180 3756 Si
216 3701 274 3754 iu
313 3699 704 3754 monasterium
741 3700 834 3754 tibi
875 3701 1118 3770 ignotum
1152 3701 1446 3768 introieris,
1489 3702 1580 3758 ubi
1612 3703 1708 3759 tibi

123 3807 354 3848 manere
403 3792 776 3861 permittetur;
814 3792 888 3848 ibi
937 3807 1095 3848 mane
1128 3809 1302 3864 neque
1328 3794 1574 3852 aliamin
1607 3796 1718 3852 cel-

123 3883 228 3937 lam
266 3883 554 3952 ingredere
575 3921 591 3946 ,
621 3879 724 3936 nisi
759 3881 1083 3936 aceersaris.
1133 3881 1190 3938 Si
1221 3883 1552 3953 propinquos
1582 3884 1712 3939 reli-

122 3975 328 4046 quisti,
361 3983 422 4028 ut
459 3982 679 4044 propter
721 3974 885 4029 Deum
925 3974 978 4028 in
1020 3973 1308 4030 solitudine
1337 3976 1594 4045 degeres,
1622 3991 1715 4033 eo-

124 4085 244 4123 rum
287 4077 341 4122 te
380 4065 653 4122 desiderio
681 4066 796 4137 capi
829 4082 896 4122 ne
925 4066 1258 4137 permiseris.
1305 4065 1361 4122 Si
1397 4075 1448 4122 te
1490 4069 1542 4123 in
1580 4068 1714 4124 cella

123 4169 560 4216 cumtnorantem
592 4159 760 4229 patris
805 4169 894 4214 aut
930 4159 1120 4214 matris
1165 4161 1572 4216 commiseratio
1613 4163 1716 4218 sti-

123 4251 444 4318 mulaverit,
481 4260 572 4305 aut
599 4250 782 4306 fratris
815 4251 1089 4306 sororisvc
1128 4251 1451 4318 recordatio,
1486 4264 1578 4308 aut
1615 4255 1717 4309 tui-

123 4344 427 4401 sericordia
458 4343 714 4407 filiorum,
739 4353 830 4398 aut
857 4343 1042 4397 uxoris
1070 4342 1397 4399 desiderium
1423 4360 1439 4410 ;
1467 4345 1560 4399 tibi
1589 4356 1716 4401 ante

122 4437 317 4493 oculos
366 4451 504 4505 pone
545 4445 847 4489 extremum
881 4434 1006 4490 vita:
1045 4433 1188 4489 diem
1219 4445 1380 4504 atque
1408 4435 1630 4506 jndicii,
1662 4438 1712 4489 in

1815 3235 2039 3290 comede
2095 3251 2216 3291 cum
2263 3234 2620 3290 delectatione
2651 3245 2707 3288 et
2751 3245 2941 3305 gustus
2984 3235 3280 3305 voluptate.
3337 3233 3392 3290 Si

1815 3327 2110 3383 necessitas
2135 3335 2312 3397 coget,
2347 3325 2542 3382 fratres
2569 3335 2664 3380 aut
2684 3325 2994 3382 coenobium
3026 3326 3250 3390 invisas.
3275 3341 3389 3382 cor-

1814 3418 1932 3488 pori
1986 3427 2077 3473 tuo
2125 3418 2256 3474 nihil
2301 3417 2443 3488 quod
2478 3417 2526 3472 ei
2569 3416 2865 3488 jucundum
2931 3417 3001 3472 sit
3071 3417 3277 3472 tribuas
3329 3418 3390 3470 ad

1814 3510 2180 3576 saturitatem,
2207 3519 2268 3564 ut
2295 3508 2548 3564 libentius
2570 3507 2636 3562 ad
2663 3507 2912 3564 cellulam
2939 3517 3261 3574 revertatur,
3294 3503 3396 3563 t'tec

1816 3611 1869 3658 te
1901 3603 2114 3670 prodat.
2158 3603 2216 3658 Si
2250 3603 2525 3657 daemones
2564 3602 2838 3657 suaserint
2879 3601 3061 3657 animo
3101 3609 3192 3654 tuo
3239 3607 3299 3654 ut
3343 3607 3397 3654 te

1815 3710 1978 3764 supra
2025 3695 2168 3750 vires
2201 3708 2458 3750 exerceas
2490 3702 2644 3757 tuas,
2674 3707 2768 3748 eos
2803 3708 2870 3748 ne
2899 3692 3178 3747 audieris:
3219 3689 3398 3746 solent

1815 3785 1961 3842 enim
1997 3784 2273 3840 hominem
2303 3783 2372 3838 ad
2400 3797 2463 3838 ea
2491 3798 2612 3853 qua:
2642 3791 2897 3852 praestare
2935 3799 3039 3839 non
3067 3791 3284 3855 potest,
3315 3781 3397 3835 in-

1817 3879 2012 3942 citare,
2033 3886 2097 3932 ut
2128 3877 2181 3931 in
2211 3890 2402 3930 manus
2424 3890 2614 3930 eorum
2643 3875 2864 3938 incidat,
2898 3883 2953 3930 et
2978 3875 3079 3945 ipsi
3105 3875 3395 3944 gaudeant.

1818 3969 1998 4026 Semel
2028 3970 2082 4024 in
2120 3969 2208 4024 die
2237 3969 2493 4034 comede,
2525 3976 2575 4022 et
2607 3967 2824 4038 corpori
2865 3967 3008 4039 quod
3054 3969 3100 4023 ei
3147 3980 3398 4022 necessa-

1818 4063 1957 4117 riutn
1983 4067 2069 4116 est
2096 4060 2296 4127 tribue,
2324 4067 2383 4114 ut
2408 4059 2460 4114 in
2487 4059 2751 4114 exercitio
2773 4071 2864 4115 tuo
2884 4059 2970 4130 pio
2991 4060 3185 4114 durare
3207 4071 3397 4126 queas.

1818 4155 2023 4226 Vigiliaa
2044 4157 2334 4226 prudenter
2352 4168 2501 4216 vaca,
2523 4169 2621 4208 nec
2644 4155 2875 4223 quietem
2905 4153 3263 4208 necessariam
3282 4166 3401 4206 cor-

1817 4247 1935 4319 pori
1963 4262 2120 4317 nega,
2149 4246 2244 4301 sed
2270 4261 2393 4300 cum
2417 4244 2830 4300 mansuetudine
2853 4254 2908 4299 et
2936 4243 3273 4298 considerate
3290 4241 3401 4310 pie-

1821 4338 1950 4394 tatis
1981 4337 2217 4392 studium
2248 4337 2629 4406 complectere,
2673 4350 2741 4390 ne
2776 4336 2941 4391 nimia
2972 4334 3150 4402 vigilia
3179 4333 3394 4386 animus

1819 4431 2168 4500 perturbetur
2205 4439 2259 4484 et
2290 4444 2320 4482 e
2341 4429 2517 4483 stadio
2552 4428 2741 4497 fugiat.
2771 4425 2956 4481 Noctis
2987 4424 3264 4480 dimidium
3311 4422 3401 4491 pio

123 4545 234 4600 quo
267 4527 370 4583 tibi
403 4539 590 4582 eorum
626 4541 783 4581 nemo
829 4526 1038 4580 laturus
1081 4535 1168 4580 est
1203 4525 1503 4590 auxilium,
1534 4535 1587 4580 et
1619 4540 1714 4581 eos
1745 4516 1790 4572 á¿™)
1819 4523 1954 4579 satis
1975 4533 2062 4576 est
2086 4520 2370 4587 exercitio,
2393 4519 2674 4574 dimidium
2700 4519 2930 4574 alterum
2954 4515 3198 4586 corporis
3220 4517 3393 4584 quieti

124 4633 177 4677 te
212 4618 513 4688 reliquisse
556 4617 778 4672 minime
806 4617 1112 4686 paenitebit.
1144 4616 1199 4672 Si
1244 4617 1298 4672 in
1339 4617 1473 4674 cella
1511 4629 1598 4673 tua
1631 4633 1716 4674 se-

125 4717 267 4770 dens
297 4711 616 4768 memineris
639 4711 869 4782 alicujus
896 4727 926 4765 a
968 4726 1076 4782 quo
1117 4711 1286 4768 fueris
1315 4710 1541 4768 affectus
1580 4712 1716 4783 inju-

123 4809 232 4869 ria.
266 4820 452 4875 surge,
492 4812 546 4860 et
574 4819 640 4858 ex
673 4811 782 4857 toto
826 4804 986 4857 corde
1015 4814 1107 4859 tuo
1140 4805 1330 4870 Deum,
1364 4812 1420 4859 ut
1451 4803 1525 4859 illi
1562 4804 1716 4873 igno-

123 4911 245 4957 seat
268 4939 284 4964 ,
317 4900 615 4969 deprecare
636 4939 652 4962 ,
680 4909 736 4952 et
765 4897 985 4952 ultionis
1015 4897 1111 4952 abs
1160 4905 1212 4952 te
1240 4895 1412 4966 fugiet
1441 4897 1716 4967 cogitatio.

123 4995 180 5050 Si
259 4993 330 5046 ad
377 4990 777 5062 percipiendam
843 4989 1222 5060 mysteriorum
1284 4988 1719 5044 communionem

123 5085 394 5148 accedis,
448 5097 637 5139 omnes
685 5093 803 5137 tnas
847 5083 1205 5152 cogitationes
1250 5081 1514 5146 observa,
1561 5097 1629 5136 ne
1667 5084 1720 5138 in

117 5175 396 5246 judicium
449 5189 568 5228 eam
623 5174 910 5244 percipias.
977 5172 1034 5227 Si
1094 5181 1254 5226 noctu
1315 5173 1724 5228 consuetudinis

124 5264 522 5337 imaginatione
564 5264 810 5328 tentaris,
857 5261 1068 5318 custodi
1111 5277 1206 5317 cor
1235 5270 1383 5316 tuum
1409 5303 1422 5328 ,
1458 5279 1524 5318 ne
1552 5263 1724 5318 inter-

122 5361 217 5417 diu
253 5357 592 5422 consideret,
625 5357 802 5426 qualis
838 5370 903 5412 ea
937 5369 1225 5423 corporum
1256 5354 1417 5409 fuerit
1449 5355 1718 5424 imagina-

123 5455 227 5517 tio,
260 5461 427 5520 atque
449 5449 522 5504 ita
557 5464 618 5504 ea
651 5449 982 5519 cogitatione
1007 5446 1409 5516 coinquineris,
1449 5445 1724 5516 Deumque

121 5559 400 5618 provoces
429 5543 495 5597 ad
535 5543 964 5613 indignationem
988 5581 1002 5604 ,
1030 5541 1123 5596 sed
1159 5540 1387 5611 supplex
1420 5550 1546 5594 ante
1579 5540 1725 5594 illum

120 5637 433 5712 procumbo
479 5635 532 5690 in
571 5643 684 5692 toto
729 5636 892 5690 corde
940 5642 1063 5702 tuo,
1101 5643 1156 5690 et
1201 5631 1550 5688 auxiliabitur
1595 5627 1730 5690 tibi;

205 5793 256 5829 â¸â¸
293 5793 452 5851 Prov.
490 5809 588 5861 Î¹Î¹Î¹,
624 5794 712 5852 lb.

1817 4616 2166 4672 concedatur.
2204 4613 2368 4668 Binas
2405 4623 2695 4682 antequam
2722 4611 2968 4667 cubitum
2995 4623 3089 4674 eas
3111 4648 3126 4674 ,
3161 4608 3400 4672 orando,

1818 4705 2203 4777 psallendoque
2251 4703 2414 4758 horas
2462 4716 2744 4757 consume.
2782 4700 2974 4755 Postea
3027 4698 3290 4770 quiesce,
3346 4705 3404 4752 et

1819 4814 1940 4854 cum
1965 4808 2016 4853 te
2035 4795 2290 4851 Dominus
2323 4793 2665 4857 excitaverit,
2697 4791 3094 4863 precationibus
3114 4788 3405 4857 diligenter

1823 4892 2093 4948 incumbe.
2119 4889 2176 4946 Si
2205 4904 2402 4960 corpus
2428 4899 2576 4944 tuum
2605 4887 2816 4958 pigrum
2843 4884 3063 4950 videris,
3092 4883 3163 4937 illi
3194 4881 3360 4937 dicito
3384 4897 3400 4935 :

1823 4985 1918 5041 Vis
1953 4985 2020 5039 ad
2067 4983 2233 5038 breve
2280 4991 2488 5052 tempus
2542 4990 2788 5051 torpere,
2826 4987 2884 5033 et
2932 4992 3058 5032 mox
3107 4973 3294 5046 projici
3348 4974 3402 5028 in

1824 5077 2074 5133 tenebras
2110 5074 2446 5131 exteriores?
2481 5073 2536 5128 Si
2572 5083 2622 5127 te
2665 5071 2942 5142 paululum
2994 5068 3281 5132 excitabis,
3307 5082 3404 5121 ro-

1823 5170 1927 5225 bur
1965 5176 2022 5224 et
2046 5169 2202 5237 ,vires
2229 5166 2540 5222 advenient.
2572 5162 2650 5219 Ne
2682 5163 2836 5219 ineas
2875 5177 2996 5219 cum
3026 5159 3134 5216 illis
3170 5159 3405 5214 homini-

1823 5261 1926 5318 bus
1950 5261 2270 5327 amicitiam,
2293 5261 2384 5330 qui
2411 5258 2502 5314 tibi
2527 5267 2652 5314 sunt
2672 5257 2902 5313 aliorum
2925 5255 3088 5310 etiam
3123 5251 3402 5307 hominum

1828 5352 2249 5408 familiaritatem
2275 5350 2639 5415 conciliatnri,
2670 5364 2739 5404 ne
2775 5346 2868 5400 tibi
2901 5345 3068 5400 nimia
3101 5341 3401 5399 celebritas

1828 5449 2208 5502 detrimentum
2259 5441 2471 5498 afferat.
2506 5440 2563 5497 Si
2610 5442 2663 5496 in
2702 5439 3030 5495 monasterio
3067 5453 3166 5504 es,
3204 5446 3259 5491 et
3285 5451 3405 5491 ser-

1828 5553 1952 5592 vum
1981 5536 2182 5600 habes,
2223 5533 2277 5589 in
2307 5549 2468 5605 quem
2508 5532 2793 5603 imperium
2827 5545 3121 5594 exerceas,
3160 5527 3404 5583 habitum

1829 5628 1998 5686 amcis
2038 5627 2396 5695 contumelia;
2431 5625 2516 5683 sin
2549 5639 2672 5682 eum
2707 5633 2766 5679 ut
2812 5621 3033 5680 fratrem
3077 5620 3257 5689 diligis
3279 5659 3296 5686 ,
3347 5617 3403 5672 in
