3862 6388
409 378 551 436 lli-'5

1505 384 1777 443 PATiiiZS
1812 386 2108 443 .‘EGYPTII
2148 389 2417 446 δίεευω
2454 392 2543 448 lV.

3562 381 3714 446 “f6

413 502 582 560 Deum
628 517 816 572 peccas
845 504 946 560 nisi
982 518 1103 560 eum
1143 506 1511 571 manumittis,
1542 518 1600 562 ut
1644 509 1780 563 liber
1808 511 1983 566 disce—
2011 516 2056 575 Α
2085 513 2442 583 cogitationes
2479 528 2609 568 suas
2654 513 2813 583 tegit,
2845 527 2940 568 seu
2980 512 3131 568 malae
3153 550 3169 576 ,
3206 527 3300 568 seu
3335 510 3507 565 bonae
3549 511 3704 578 sint,

415 595 528 652 dat.
561 593 712 661 Quod
743 595 788 649 si
822 595 949 650 velit
987 599 1279 650 monachus
1315 596 1461 662 ﬁeri,
1501 599 1614 669 ipse
1650 600 1885 671 viderit;
1930 614 1983 656 ιιι

413 689 722 758 quidemne
764 689 1075 757 permiseris
1112 699 1192 745 ἰιι
1237 699 1413 746 tecum
1477 703 1726 759 maneat,
1757 695 1807 748 id
1842 698 1986 750 enim

417 799 522 838 non
556 782 774 851 expedit
801 783 999 837 anima:
1027 790 1153 838 tuae.

492 873 553 927 γ.
597 873 652 928 Si
688 875 740 929 iu
776 876 894 929 loco
931 875 1130 930 celebri
1171 891 1373 947 corpus
1403 885 1551 932 tuum
1581 876 1794 949 aﬁligis,
1824 892 1881 937 et
1910 882 1990 937 id-

417 967 567 1022 circo
596 977 648 1022 te
676 967 923 1023 homines
949 968 1275 1024 amulantur
1315 979 1371 1025 et
1412 971 1702 1039 honorant,
1744 989 1865 1029 eum
1902 992 1991 1032 re-

420 1061 640 1129 linque,
687 1070 741 1117 et
774 1060 882 1117 alio
926 1060 1270 1132 proﬁciscere
1295 1103 1311 1130 ,
1354 1078 1423 1118 ne
1464 1063 1617 1119 labor
1656 1076 1777 1121 tuus
1817 1067 1993 1125 inanis

421 1154 707 1211 eﬁieiatur.
760 1156 913 1223 Quod
957 1154 1003 1210 si
1055 1154 1270 1211 inanem
1327 1157 1552 1225 gloriam
1601 1158 1879 1229 subegisti,
1927 1175 1996 1216 ne

422 1248 671 1303 attendas
703 1250 831 1316 quid
866 1249 1112 1306 homines
1135 1250 1317 1304 dicant
1345 1259 1436 1304 aut
1454 1248 1678 1317 faciant,
1696 1252 1791 1307 sed
1816 1253 1995 1308 omnia

427 1341 571 1395 refer
597 1342 663 1395 ad
691 1340 786 1395 Dei
835 1341 1281 1396 muniﬁcentiam.
1321 1340 1379 1396 Si
1420 1343 1622 1397 mundo
1660 1344 1996 1410 renuntiasti,

428 1432 526 1488 tibi
567 1432 704 1486 nihil
747 1433 971 1489 omnino
1017 1448 1257 1489 reserva.
1316 1433 1374 1488 Si
1416 1443 1468 1489 te
1522 1436 1747 1505 vagandi
1796 1437 2001 1507 cupidi-

431 1533 516 1577 tas
556 1523 849 1589 invaserit,
886 1538 1081 1590 corpus
1138 1524 1190 1577 in
1243 1537 1407 1593 opere
1474 1539 1724 1579 manuum
1786 1534 1998 1580 tuarum

429 1614 604 1685 alllige
653 1615 1064 1682 vehementius,
1121 1624 1179 1669 ut
1227 1614 1281 1669 in
1330 1615 1522 1670 cellula
1568 1625 1655 1674 tua
1686 1635 1806 1675 cum
1849 1635 2003 1675 manv

429 1707 711 1762 suetudine
757 1707 1132 1775 conquiescas,
1189 1717 1245 1762 et
1288 1708 1541 1767 comedas
1583 1725 1773 1781 panem
1826 1720 1997 1766 ιιιυιιι,

433 1795 490 1851 Si
521 1806 577 1850 ut
605 1811 765 1865 opera
797 1805 884 1849 tua
926 1796 1127 1850 vendas
1147 1834 1163 1861 ,
1194 1794 1261 1853 ad
1295 1801 1481 1856 urbem
1520 1800 1902 1869 proﬁcisceris,
1935 1817 2003 1856 ne

433 1893 501 1945 de
522 1890 696 1958 pretio
720 1888 1018 1945 contendas
1036 1929 1051 1955 ,
1077 1899 1135 1950 ut
1169 1895 1345 1950 solent
1385 1896 1631 1951 homines
1676 1895 1966 1951 smculares
1988 1935 2003 1961 ,

434 1986 529 2039 sed
554 2001 616 2041 ea
647 1988 815 2043 vende
848 2003 970 2043 cum
1019 1992 1405 2065 simplicitate,
1457 2007 1524 2048 ne
1552 1993 1703 2049 cella:
1750 2003 1854 2049 tua:
1889 1991 2007 2049 fru-

434 2086 579 2130 ειιιιη
607 2078 845 2143 amittas.
889 2081 947 2143 Si
978 2089 1117 2160 cogit
1166 2089 1463 2143 necessitas
1514 2097 1572 2142 ut
1617 2088 1818 2158 aliquid
1857 2104 2009 2145 emas

434 2169 754 2248 aliquando,
787 2195 907 2236 eme
948 2182 1065 2237 sine
1110 2184 1489 2249 contentione;
1540 2198 1609 2237 ne
1658 2183 1808 2238 dicas
1842 2206 1855 2240 :
1894 2182 2008 2237 Non

436 2284 636 2336 emam,
656 2272 758 2327 nisi
780 2273 947 2338 tanti;
974 2273 1066 2328 sed
1095 2274 1157 2329 da
1177 2275 1316 2345 quod
1332 2275 1549 2342 petitur,
1568 2276 1610 2328 si
1632 2275 1797 2331 habes
1813 2292 1827 2343 ;
1842 2276 1886 2331 si
1905 2291 2009 2330 non

437 2362 624 2426 habes,
648 2379 769 2418 cum
794 2364 1011 2420 silentio
1037 2364 1271 2421 discede.
1306 2365 1458 2434 Quod
1476 2367 1520 2422 si
1547 2377 1598 2422 te
1630 2368 1884 2438 cogitatio
1911 2370 2010 2423 sti-

439 2456 753 2524 mulaverit,
784 2459 949 2514 dicito
987 2479 1001 2516 :
1040 2459 1274 2516 Omnino
1334 2461 1447 2532 jam
1500 2462 1674 2518 factus
1714 2479 1830 2517 sum
1870 2463 2012 2519 sicut

438 2564 630 2606 munes
650 2553 843 2618 sancti,
866 2556 955 2623 qui
980 2555 1166 2609 tentati
1184 2555 1467 2610 iueruntin
1491 2563 1825 2629 paupertate,
1844 2557 2013 2612 donec

439 2657 626 2696 eorum
672 2646 1008 2714 propositum
1057 2646 1213 2701 ﬁdele
1266 2646 1407 2702 Deus
1440 2648 1683 2713 invenit,
1731 2656 1787 2703 et
1828 2648 2015 2703 eduxit

439 2748 536 2791 eos
572 2737 624 2791 in
676 2737 1044 2794 latitudinem.
1084 2740 1140 2794 Si
1186 2741 1323 2810 apud
1371 2749 1425 2796 te
1468 2738 1639 2795 frater
1682 2740 1879 2811 aliquid
1920 2740 2043 2796 de-'

441 2830 702 2896 posuerit,
735 2838 788 2884 et
812 2844 878 2884 eo
897 2830 991 2886 tibi
1019 2831 1093 2886 sit
1118 2846 1276 2899 opus,
1309 2830 1439 2885 illud
1478 2830 1582 2885 nisi
1614 2831 1763 2900 prius
1790 2830 2014 2886 fratrem

444 2921 744 2990 rogaveris,
775 2939 841 2977 ne
859 2924 1181 2993 contingito.
1214 2922 1273 2977 Si
1309 2933 1359 2978 te
1383 2923 1564 2994 aliquo
1586 2924 2015 2993 proﬁciscentem

443 3014 680 3067 oraverit
728 3012 914 3081 frater,
962 3015 1064 3070 sibi
1125 3025 1183 3070 ut
1239 3016 1440 3086 aliquid
1492 3032 1681 3082 emas,
1728 3014 1773 3070 si
1822 3014 1916 3069 tibi
1964 3015 2017 3070 id

446 3120 627 3159 emere
650 3115 821 3176 potes,
846 3122 966 3161 eme
995 3115 1050 3161 et
1082 3107 1178 3163 illi.
1212 3107 1307 3163 Sin
1341 3119 1521 3162 autem
1552 3122 1674 3162 cum
1710 3105 1830 3162 aliis
1860 3107 2012 3171 vivis,

2088 609 2339 677 gaudium
2386 607 2710 677 percipiunt.
2748 606 2891 662 Cave
2921 606 3237 676 diligenter,
3271 620 3399 660 cum
3433 603 3514 658 ad
3547 619 3706 657 com-

2092 702 2398 755 munionem
2453 701 2702 765 accedis,
2752 715 2820 755 ne
2863 699 2989 768 quid
3024 699 3245 754 malitiae
3304 698 3524 753 habeas
3574 712 3701 751 cum

2093 797 2259 851 fratre
2285 806 2411 860 tuo;
2437 795 2517 850 sic
2545 793 2689 849 enim
2718 800 2770 848 te
2794 794 2972 864 ipsum
2997 793 3219 862 decipis.
3245 791 3303 846 Si
3332 790 3510 846 verba
3538 789 3699 843 Scri-

2093 897 2264 957 ptura:
2317 888 2413 941 tibi
2465 885 2756 957 pateﬁunt,
2803 896 2863 940 ut
2907 901 2970 940 ea
3026 884 3204 954 possis
3240 884 3307 938 ad
3360 880 3698 952 allegoriam

2100 978 2419 1043 transferre,
2445 979 2497 1033 id
2522 976 2707 1032 facito.
2734 976 2838 1033 Sed
2870 993 3022 1041 cave,
3045 993 3113 1032 ne
3143 976 3379 1031 litteram
3404 974 3695 1037 destruas,

2096 1085 2229 1124 neve
2258 1070 2435 1123 sensui
2470 1078 2560 1122 tuo
2584 1069 2755 1136 magis
2779 1068 2991 1131 credas,
3018 1082 3177 1137 quam
3203 1077 3408 1121 sanctae
3430 1063 3697 1131 Scriptu-

2097 1177 2207 1227 rte;
2257 1162 2307 1214 id
2350 1163 2494 1216 enim
2540 1161 2803 1230 superbiae
2842 1171 2924 1215 est
2973 1167 3373 1230 argumentum.
3407 1156 3468 1211 Si
3521 1154 3694 1209 frater

2100 1262 2224 1307 tuus
2253 1252 2431 1307 verbis
2462 1251 2716 1320 deceptus
2757 1251 3157 1317 haereticorum,
3191 1265 3221 1304 a
3265 1260 3415 1304 recta
3453 1247 3568 1301 ﬁde
3599 1260 3695 1315 per

2100 1346 2516 1416 imprudentiam
2561 1343 2905 1408 discesserit,
2940 1344 3007 1399 ad
3037 1356 3267 1413 eamque
3310 1356 3517 1397 rursus
3553 1339 3693 1395 resi-

2099 1438 2313 1509 piscens
2346 1448 2664 1499 revertatur,
2698 1453 2819 1492 eum
2853 1447 2906 1490 tu
2946 1451 3014 1492 ne
3039 1433 3389 1504 despexeris;
3422 1434 3694 1504 ignoran~

2103 1530 2173 1583 tia
2219 1527 2363 1584 enim
2412 1518 2702 1583 aberravit.
2739 1527 2915 1591 Cave,
2964 1543 3033 1582 ne
3079 1524 3433 1581 defendenda
3467 1522 3691 1592 quidem

2105 1620 2225 1674 ﬁdei
2255 1634 2418 1675 causa
2453 1634 2575 1674 cum
2605 1619 2873 1673 haereticis
2902 1617 3259 1686 colloquaris,
3296 1631 3367 1671 ne
3399 1616 3547 1671 forte
3579 1628 3695 1669 ser-

2105 1724 2292 1766 mones
2336 1711 2572 1780 ipsorum
2610 1710 2793 1763 animo
2850 1719 2940 1763 tuo
2978 1709 3125 1764 virus
3168 1707 3479 1762 infundant.
3524 1704 3589 1761 Si
3629 1706 3694 1758 li-

2107 1806 2260 1858 brum
2299 1802 2571 1858 inveneris
2600 1803 2690 1872 qui
2721 1817 2841 1858 esse
2875 1802 3089 1857 dicatur
3115 1801 3524 1862 haereticorum,
3565 1815 3696 1853 cave

2110 1911 2176 1949 ne
2204 1895 2352 1948 illum
2390 1894 2567 1964 legas,
2604 1911 2672 1949 ne
2712 1908 2915 1948 veneno
2945 1891 3227 1947 mortifero
3266 1907 3363 1947 cor
3393 1901 3552 1945 tuum
3594 1889 3696 1942 im-

2110 1987 2272 2058 pleat,
2310 1987 2404 2042 sed
2437 1988 2488 2040 in
2524 2001 2587 2040 ea
2621 1985 2865 2041 doctrina
2912 2001 3072 2056 quam
3113 1984 3167 2039 in
3208 1982 3451 2061 Ecclesia
3498 1992 3691 2036 sancta

2109 2079 2364 2145 didicisti,
2406 2080 2478 2134 ita
2512 2080 2766 2150 persiste,
2795 2087 2856 2133 ut
2910 2078 2959 2134 ei
2996 2079 3126 2132 nihil
3177 2077 3374 2140 addas,
3422 2075 3562 2129 nihil
3603 2075 3696 2127 de-

2113 2173 2314 2227 trahas.
2345 2171 2592 2227 Abhorre
2618 2186 2648 2224 a
2682 2170 2800 2226 falsi
2835 2171 3070 2227 nominis
3100 2169 3326 2225 scientia
3348 2210 3365 2235 ,
3393 2184 3521 2238 quae
3549 2182 3692 2222 sane

2112 2264 2390 2326 doctrinm,
2425 2273 2483 2318 ut
2511 2262 2995 2332 inquitApostolus
3029 2261 3095 2325 ¹³,
3135 2262 3478 2316 adversatur.
3525 2256 3581 2311 Si
3608 2258 3695 2325 ju-

2112 2356 2232 2411 nior
2255 2370 2314 2410 es
2342 2365 2398 2409 et
2426 2368 2622 2424 corpus
2658 2365 2806 2409 tuum
2836 2353 3070 2408 nondum
3106 2353 3159 2407 in
3189 2353 3509 2407 servitutem
3541 2350 3693 2404 rede-

2112 2445 2262 2517 gisti,
2297 2444 2452 2500 audis
2478 2454 2660 2500 autem
2696 2445 2924 2500 eximias
2956 2453 3167 2514 patrum
3198 2444 3447 2505 virtutes,
3473 2442 3543 2495 ad
3578 2438 3692 2493 illas

2114 2553 2183 2591 ne
2222 2536 2293 2590 ita
2327 2535 2645 2599 contendas,
2680 2545 2738 2589 ut
2765 2551 2858 2590 eas
2889 2548 2941 2590 te
2973 2535 3025 2589 in
3053 2534 3163 2588 otio
3198 2542 3257 2588 et
3282 2532 3469 2602 quiete
3497 2546 3691 2586 conse-

2114 2628 2205 2698 qui
2233 2642 2393 2699 posse
2424 2628 2687 2684 conﬁdas.
2714 2625 2827 2682 Nisi
2852 2627 2995 2682 enim
3026 2627 3145 2682 illas
3172 2625 3429 2689 colueris,
3470 2641 3578 2678 non
3608 2639 3693 2676 as-

2115 2720 2381 2790 sequeris.
2425 2720 2580 2787 Quod
2632 2720 2675 2776 si
2720 2720 2974 2787 colueris,
3012 2726 3203 2789 sponte
3231 2719 3299 2772 ad
3342 2726 3394 2772 te
3428 2717 3562 2787 ipsa:
3607 2729 3691 2770 re-

2116 2813 2287 2867 nient.

2194 2923 2306 2979 Vll.
2342 2925 2422 2979 Ah
2452 2925 2643 2980 inertia
2696 2924 2838 2995 fuge,
2877 2930 3135 2995 quantum
3175 2932 3356 2992 potes;
3404 2922 3523 2977 haec
3555 2919 3689 2976 enim

2119 3018 2370 3073 monachi
2399 3019 2630 3071 fructum
2662 3016 2942 3085 disperdit.
2980 3014 3035 3069 Si
3067 3029 3187 3069 cum
3212 3013 3380 3067 animi
3413 3013 3691 3082 perturba-

2124 3111 2357 3167 tionibus
2400 3119 2455 3165 et
2482 3109 2630 3163 vitiis
2667 3122 2911 3179 pugnas,
2949 3122 3016 3162 ne
3055 3105 3244 3171 deﬁce,
3284 3106 3378 3158 sed
3423 3115 3476 3157 te
3527 3104 3688 3170 ipsum

448 3195 501 3248 id
555 3206 750 3264 praeter
791 3212 977 3252 eorum
1024 3203 1348 3257 sententiam
1396 3215 1463 3256 ne
1505 3199 1697 3255 feceris
1718 3240 1733 3265 ,
1785 3213 1852 3254 ne
1898 3209 2018 3254 tuos
2045 3219 2088 3277 ο
2121 3214 2403 3273 prosterne
2428 3216 2613 3256 coram
2643 3200 2781 3257 Deo;
2805 3197 2922 3253 Non
2956 3213 3194 3268 possum,
3224 3196 3476 3265 inquiens
3504 3196 3558 3247 in
3590 3203 3689 3248 toto

447 3284 691 3342 oﬁ‘endas
730 3290 1163 3345 contubernales.
1209 3292 1265 3346 Si
1305 3306 1409 3359 qua
1440 3290 1766 3346 necessitate
1796 3300 2018 3345 coactus

450 3379 502 3433 in
532 3380 761 3448 patriam
804 3381 1184 3450 proﬁcisceris,
1217 3384 1430 3439 custodi
1465 3394 1516 3440 te
1546 3386 1613 3441 ab
1639 3386 1725 3441 his
1760 3387 1851 3455 qui
1893 3402 2022 3443 san-

451 3462 611 3545 guine
640 3473 732 3528 tibi
757 3474 1035 3546 conjuncti
1069 3486 1216 3536 sunt.
1246 3492 1313 3532 ne
1341 3477 1562 3532 liberius
1590 3494 1710 3533 eum
1740 3479 1872 3548 ipsis
1900 3495 2023 3534 ver-

450 3564 623 3629 seris,
673 3580 1047 3623 sermonemve
1088 3567 1356 3624 conferas.
1409 3568 1466 3625 Si
1516 3572 1644 3641 quid
1707 3572 1802 3627 tibi
1856 3572 2023 3628 frater

450 3657 904 3726 commodaverit,
934 3674 1001 3714 ne
1037 3659 1160 3713 illud
1194 3661 1473 3732 negligas,
1501 3663 1594 3717 sed
1629 3662 1898 3734 integrum
1936 3678 2025 3720 ce-

453 3748 641 3802 leriter
680 3749 895 3804 reddas.
926 3750 983 3805 Si
1032 3753 1450 3807 instrumentum
1494 3762 1578 3809 est
1617 3755 1833 3824 aliquod
1873 3755 2024 3825 operi

455 3840 855 3905 necessarium,
927 3840 1092 3894 simul
1150 3856 1215 3895 ac
1262 3856 1398 3908 Opus
1450 3843 1782 3910 confeceris,
1842 3845 2025 3900 redde.

454 3931 609 3998 Quod
654 3932 701 3986 si
742 3934 839 3987 abs
881 3942 932 3987 te
963 3932 1126 3988 fuerit
1154 3933 1509 4013 Confractum‘
1548 3947 1642 3991 aut
1676 3944 2026 4007 corruptum,

459 4021 641 4084 reﬁce,
678 4031 771 4077 aut
798 4021 939 4077 aliud
968 4024 1160 4079 melius
1188 4026 1435 4083 restitue.
1467 4027 1526 4082 Si
1561 4029 1690 4098 quid
1716 4033 2029 4083 commoda-

454 4115 619 4176 veris,
667 4123 761 4168 aut
802 4126 989 4170 mutuo
1017 4115 1231 4173 dederis
1271 4117 1427 4173 fratri
1462 4129 1553 4174 tuo
1592 4119 1845 4192 pauperi,
1888 4119 2030 4189 quod

457 4200 811 4275 ille‘nequeat
867 4209 1126 4275 reddere,
1184 4226 1253 4266 ne
1304 4208 1510 4282 aﬂligas
1558 4227 1718 4277 eum,
1771 4210 2033 4266 acerbeve

456 4298 642 4369 exigas
661 4337 678 4364 ,
721 4313 817 4354 seu
846 4299 1105 4368 pecunia,
1141 4317 1234 4358 seu
1265 4303 1455 4367 vestis,
1483 4318 1577 4359 seu
1612 4303 1741 4374 quid
1771 4303 1913 4359 aliud
1939 4302 2029 4371 sit,

458 4390 598 4459 quod
624 4390 671 4443 ei
714 4390 933 4445 dedisti.

534 4480 619 4537 VI.
662 4484 721 4538 Si
752 4484 983 4555 aliquem
1025 4487 1077 4541 in
1126 4486 1304 4542 locum
1335 4486 1400 4540 ad
1437 4485 1792 4542 habitandum
1825 4493 1876 4540 te
1904 4500 2034 4540 con-

2120 3299 2285 3353 corde
2319 3305 2429 3362 tuo,
2463 3312 2558 3366 per
2600 3311 2684 3351 me
2718 3295 3005 3359 resistere;
3036 3302 3090 3345 tu
3142 3290 3274 3344 mihi
3331 3288 3557 3353 misero,
3597 3287 3688 3338 Do-

2123 3389 2287 3453 mine,
2319 3385 2399 3442 fer
2426 3386 2721 3441 auxilium:
2771 3394 2827 3440 et
2864 3383 3167 3453 superabis.
3201 3380 3258 3435 Si
3292 3380 3391 3434 tibi
3422 3379 3478 3433 in
3509 3377 3688 3433 cellula

2123 3479 2479 3535 commoranti
2510 3478 2715 3534 semina
2748 3477 3094 3549 turpitudinis
3130 3474 3187 3530 in
3213 3472 3375 3530 corde
3399 3483 3491 3526 tuo
3517 3485 3687 3541 sparsa

2127 3573 2347 3638 fuerint,
2376 3573 2503 3628 totis
2526 3572 2734 3627 virilms
2762 3570 3056 3635 contende,
3086 3582 3154 3624 ne
3178 3566 3512 3631 coalescant,
3545 3574 3689 3632 atque

2126 3667 2393 3736 imperent
2441 3664 2560 3719 tibi.
2620 3662 2913 3718 Considera
2972 3660 3141 3715 Deum
3189 3672 3309 3714 esse
3358 3664 3685 3726 praesentem,

2128 3758 2280 3829 cujus
2312 3757 2481 3813 oculis
2519 3765 2737 3827 pateant
2764 3770 2827 3810 ea
2861 3768 2980 3823 qua:
3035 3753 3086 3807 in
3123 3750 3287 3806 corde
3311 3747 3571 3818 loqueris.
3612 3743 3689 3799 Sic

2130 3850 2294 3921 igitur
2322 3849 2560 3905 animam
2599 3858 2741 3902 tuam
2781 3846 3054 3916 alloquere
3089 3860 3104 3898 :
3144 3843 3201 3897 Si
3230 3843 3305 3896 tui
3347 3840 3554 3896 similes
3581 3853 3689 3894 eru-

2133 3942 2310 3997 bescis
2340 3948 2678 4010 peccatores,
2707 3938 3011 4005 metuisque
3036 3951 3101 3990 ne
3124 3934 3343 3989 videant
3365 3926 3689 4003 ﬁagitia'tua,

2131 4040 2332 4102 quanto
2376 4031 2544 4101 magis
2578 4029 2745 4085 Deum
2779 4028 2957 4083 vereri
2989 4028 3174 4091 debes,
3216 4026 3302 4081 cui
3352 4032 3480 4078 sunt
3526 4021 3689 4076 omnia

2135 4124 2455 4179 manifesta?
2512 4124 2589 4178 Ex
2654 4123 2755 4178 hac
2802 4119 3235 4177 consideratione
3292 4118 3455 4169 timor
3503 4113 3594 4168 Dei
3644 4114 3689 4165 in

2132 4217 2310 4271 anima
2345 4215 2646 4281 excitatur;
2676 4215 2759 4269 cui
2804 4214 2848 4269 si
2882 4212 3157 4274 innitaris,
3202 4208 3462 4263 adversm
3494 4215 3691 4275 pertur-

2107 4303 2381 4364 bationes
2404 4307 2696 4360 immobilis
2725 4303 3087 4374 permanebis.
3116 4301 3387 4366 Scriptum
3419 4306 3503 4351 est
3523 4295 3688 4351 enim;

2137 4396 2242 4464 Qui
2290 4396 2561 4465 conﬁdunt
2585 4396 2641 4449 in
2696 4394 2944 4457 Domino,
2989 4392 3123 4446 sicut
3166 4406 3313 4444 mana
3363 4387 3495 4443 Sion
3539 4403 3558 4441 :
3602 4402 3691 4439 non

2134 4487 2536 4542 commovebitur
2573 4486 2628 4540 in
2666 4494 2948 4544 (sternunt,
2984 4484 3072 4553 qui
3114 4480 3317 4534 habitat
3352 4479 3406 4533 in
3449 4476 3689 4532 Hierusa-

461 4574 668 4643 tuleris,
702 4587 756 4632 et
781 4578 973 4632 cellam
1008 4581 1302 4649 acceperis,
1337 4587 1390 4634 et
1414 4580 1732 4634 aediﬁcando
1756 4588 2026 4648 sumptum
2064 4562 2107 4617 θ
2137 4584 2236 4636 lem
2259 4582 2326 4636 νδ.
2364 4580 2421 4636 Si
2468 4580 2521 4634 in
2553 4578 2943 4634 exercitatione
2966 4578 3037 4628 ita
3077 4573 3283 4628 resistis
3305 4570 3606 4635 tentationi,
3645 4580 3693 4624 ut

459 4662 675 4729 feceris,
712 4681 940 4737 eamque
985 4680 1168 4739 postea
1214 4669 1527 4739 reliqueris,
1570 4677 1624 4723 et
1662 4678 1786 4739 post
1815 4668 2033 4740 aliquod

463 4766 674 4828 tempus
708 4771 987 4817 revertens
1020 4761 1072 4817 in
1106 4777 1168 4816 ea
1203 4761 1421 4815 fratrem
1455 4760 1785 4816 habitantem
1819 4761 2037 4817 invene-

462 4849 558 4914 ris,
593 4867 658 4905 ne
694 4852 931 4921 capellas
966 4868 1116 4917 eum,
1140 4853 1236 4908 sed
1261 4852 1423 4906 aliam
1461 4852 1556 4906 tibi
1584 4852 1775 4907 cellam
1802 4868 2037 4923 quaeras,

464 4958 530 4997 ne
559 4943 610 4997 in
641 4945 807 4999 Deum
851 4961 1063 5015 pecces.
1090 4945 1243 5012 Quod
1278 4946 1323 5000 si
1360 4953 1552 5014 sponte
1580 4960 1676 5002 sua
1706 4946 1838 5001 velit
1864 4946 2039 5002 disce-

463 5037 610 5098 dere,
648 5038 908 5093 innocens
938 5038 1068 5093 eris.
1120 5038 1249 5104 Quae
1278 5046 1455 5091 autem
1505 5036 1558 5091 in
1603 5036 1739 5093 cella
1786 5048 1876 5093 tua
1912 5037 2041 5092 reli-

464 5128 648 5196 quisti,
691 5128 736 5182 si
779 5130 917 5183 lorte
946 5128 1013 5182 ab
1045 5143 1109 5184 eo
1135 5137 1452 5198 consumpta
1484 5138 1608 5184 sunt
1628 5171 1643 5198 ,
1675 5147 1743 5185 ne
1772 5129 2038 5198 requiras.

466 5215 522 5271 Si
565 5234 594 5271 a
629 5218 761 5272 cella
796 5226 883 5271 tua
917 5218 1272 5287 migraveris,
1305 5236 1424 5290 qua:
1456 5224 1511 5277 ln
1542 5235 1606 5277 ea
1638 5229 1762 5277 sunt
1796 5222 1918 5278 usui
1949 5238 2041 5278 ne-

466 5310 726 5374 cessaria,
774 5326 841 5364 ne
886 5320 1062 5365 tecum
1115 5321 1419 5383 exportato,
1470 5314 1563 5368 sed
1620 5312 1770 5368 fratri
1820 5312 2040 5384 pauperi

469 5399 789 5469 relinquito;
819 5412 874 5457 et
902 5403 1042 5460 Deus
1073 5404 1166 5460 tibi
1200 5404 1507 5475 ubicunque
1552 5405 1772 5474 vixeris,
1805 5405 2042 5476 provide-

470 5489 569 5545 bit.
605 5490 970 5561 Cogitationes
1008 5512 1128 5566 qua:
1162 5506 1213 5552 te
1253 5505 1583 5568 Oppugnant,
1617 5512 1805 5553 omnes
1846 5496 2043 5552 seniori

472 5581 778 5652 patefacere
811 5602 879 5642 ne
907 5590 1197 5644 erubescas
1219 5628 1234 5654 ,
1265 5590 1310 5644 si
1351 5589 1431 5645 vis
1477 5588 1764 5645 levationis
1793 5588 2044 5644 solatium

453 5669 745 5763 .iuvenire:
789 5677 1058 5733 dwmones
1112 5679 1255 5733 enim
1302 5694 1404 5733 non
1435 5679 1536 5736 nisi
1571 5695 1636 5735 ex
1691 5679 1913 5736 homine
1955 5680 2047 5750 qui

544 5835 591 5871 “
620 5833 808 5906 lTim.
852 5851 926 5904 vt,
964 5835 1068 5904 20;
1120 5852 1160 5902 t,
1197 5833 1285 5889 10.
1363 5835 1407 5867 "
1443 5833 1584 5890 Psal.
1611 5849 1791 5901 castv,
1834 5835 1885 5902 l,
1925 5833 1980 5891 2.

2139 4669 2314 4741 frangi
2364 4669 2744 4739 debilitarique
2801 4667 3046 4721 videatur
3108 4678 3171 4717 ac
3231 4663 3599 4722 retrocedere,
3637 4674 3694 4712 ne

2142 4761 2437 4829 triumphet
2466 4774 2562 4813 cor
2592 4768 2764 4822 tuum,
2798 4767 2890 4811 aut
2918 4754 3234 4818 extollatur;
3272 4754 3542 4807 daemones
3568 4750 3694 4804 enini

2141 4851 2408 4922 fugientes
2439 4849 2662 4905 insidias
2690 4858 2927 4915 struunt,
2957 4856 3010 4902 et
3042 4845 3280 4916 praelium
3310 4844 3478 4914 priori
3508 4842 3695 4914 pericu-

2142 4942 2310 4998 losius
2339 4951 2560 5014 parant,
2596 4951 2719 5012 post
2758 4939 3029 4994 civitatem
3064 4937 3249 5007 cupias
3292 4936 3348 4990 in
3397 4934 3601 4990 insidiis
3632 4933 3695 4986 lo-

2142 5044 2285 5100 cant,
2310 5035 2640 5104 jubentque,
2675 5048 2741 5086 ne
2774 5032 3054 5101 prodeant,
3088 5028 3189 5083 nisi
3227 5042 3350 5083 cum
3383 5041 3480 5082 eos
3509 5024 3693 5095 fugien-

2146 5136 2227 5183 tes
2263 5109 2357 5182 co'r
2387 5137 2532 5181 tuum
2565 5138 2898 5196 persequens
2926 5120 3249 5186 insolescat;
3281 5127 3391 5172 tum
3425 5130 3552 5170 vero
3583 5129 3694 5167 con-

2142 5231 2385 5292 surgant,
2421 5229 2478 5274 ut
2508 5221 2692 5274 anima
2728 5216 2912 5273 infelix
2953 5217 3321 5272 circumventa
3353 5211 3550 5267 nullum
3586 5222 3690 5279 per-

2144 5314 2347 5386 fugium
2378 5313 2595 5367 habeat.
2632 5308 2944 5379 Perfugium
2976 5306 3141 5378 igitur
3171 5315 3225 5361 et
3253 5298 3686 5375 propugnaculum

2151 5414 2298 5460 tuum
2334 5406 2426 5470 sit,
2478 5414 2535 5459 ut
2582 5404 2635 5458 in
2676 5410 2788 5458 toto
2837 5400 3000 5457 corde
3033 5411 3125 5454 tuo
3172 5396 3399 5467 supplex
3442 5394 3507 5447 ad
3549 5390 3684 5445 Deum

2152 5496 2382 5552 accedas
2403 5536 2418 5561 ,
2452 5505 2509 5550 et
2537 5508 2693 5564 opem
2721 5490 2839 5562 ejus
2872 5487 3127 5559 implores
3149 5528 3166 5554 ,
3199 5495 3254 5540 et
3294 5481 3535 5537 liberabit
3564 5487 3608 5531 te
3631 5488 3684 5527 ex

2154 5590 2406 5645 omnibus
2451 5584 2946 5659 impugnationibus
2974 5579 3200 5636 inimici.
3238 5576 3295 5632 Si
3322 5575 3488 5630 Deum
3528 5582 3680 5641 preca-

2160 5683 2235 5737 ris
2263 5691 2320 5736 ut
2357 5690 2409 5737 te
2438 5680 2633 5737 liberet
2670 5693 2699 5734 a
2736 5674 3063 5741 tentatione,
3092 5681 3149 5729 et
3184 5685 3288 5727 non
3318 5662 3605 5726 exaudiris,
3626 5668 3677 5713 ne
