3862 6330
142 382 273 436 ΗΠ

1212 384 1268 440 S.
1311 386 1512 442 ISAIAS
1554 385 1846 442 ABBATIS
1884 385 2290 444 ORATIONES.

3256 388 3396 449 1118

140 502 478 572 despondeas
524 500 797 568 animum;
835 505 982 556 novit
1030 506 1173 558 enim
1211 507 1381 576 magis
1425 523 1587 576 quam
1642 515 1718 567 ιιι,
1751 508 1800 565 Α
1830 505 2064 560 Enamor
2093 507 2281 575 ﬂuvios
2305 503 2574 570 Chuzam;
2602 516 2650 559 et
2685 515 2804 559 sunt
2836 504 2944 558 illic
2974 521 3133 575 usque
3166 510 3232 560 ad
3260 525 3398 576 pra:-

140 594 266 664 quid
296 592 549 660 expediat
581 593 696 648 libi.
729 591 805 646 Ne
839 595 1040 648 dixeris
1083 597 1244 667 igitur
1275 615 1289 652 :
1321 598 1432 653 lloc
1470 600 1598 652 tuihi
1635 601 1721 662 da,

141 697 230 740 aut
254 687 414 740 aufer
440 684 572 738 illud
608 701 638 738 a
679 699 798 749 me;
832 686 934 740 sed
964 685 1035 739 ita
1065 702 1325 754 precare:
1353 689 1574 743 Domine
1601 687 1723 743 Jesu

141 776 375 840 Christe,
407 774 601 844 adjuva
642 791 765 842 me;
808 791 873 830 ne
909 779 1056 831 sinas
1086 794 1170 832 me
1201 794 1428 847 peccare
1470 783 1725 834 adversus

144 879 213 924 te.
244 870 287 922 A
334 879 484 923 recta
523 868 608 922 via
657 867 870 931 deﬂexi,
913 885 979 924 ne
1011 869 1287 938 permittas
1328 886 1414 926 me
1443 872 1592 940 sequi
1633 887 1728 926 vo-

144 960 404 1014 luntatem
438 975 651 1024 meam;
699 975 766 1014 ne
812 962 1037 1027 patiaris
1067 976 1152 1016 me
1191 961 1368 1031 perire
1409 963 1460 1016 itt
1498 963 1729 1032 peccatis

147 1050 310 1116 meis;
366 1051 626 1104 miserere
674 1066 961 1113 creaturae,
1025 1068 1093 1106 ne.
1140 1053 1408 1121 despicias
1443 1069 1561 1120 me,
1604 1055 1728 1123 quia

147 1141 397 1197 inﬁrmus
431 1158 590 1207 sum;
625 1159 690 1198 ne
743 1144 1086 1213 derelinquas
1122 1159 1226 1209 me,
1266 1148 1516 1215 quoniam
1563 1150 1630 1197 ad
1681 1156 1730 1198 te

145 1233 358 1300 confugi
392 1232 437 1262 ¹⁸
472 1250 484 1284 :
519 1233 722 1286 medere
752 1233 942 1286 animae
978 1250 1126 1297 mete,
1159 1236 1280 1302 quia
1308 1235 1512 1302 peccavi
1547 1237 1636 1286 tibi
1663 1235 1727 1288 ¹⁶.

147 1321 210 1375 In
251 1335 532 1391 conspectu
578 1335 666 1376 tuo
696 1335 814 1377 sunt
846 1339 1021 1378 omnes
1058 1326 1146 1394 qui
1180 1325 1430 1378 tribulant
1465 1337 1544 1379 nte
1569 1324 1632 1377 ¹⁷.
1666 1327 1732 1380 Et

150 1430 252 1466 non
289 1425 371 1468 est
406 1415 472 1467 ad
510 1429 669 1483 quem
699 1414 1046 1484 confugiam,
1089 1415 1190 1469 nisi
1235 1419 1300 1469 ad
1345 1426 1431 1479 te,
1484 1417 1728 1471 Domine.

151 1504 308 1558 Salva
331 1521 441 1569 tne,
471 1520 678 1576 quaeso,
715 1505 962 1571 Domine,
993 1522 1088 1576 per
1111 1508 1534 1562 misericordiam
1564 1518 1728 1564 tuam.

151 1598 566 1667 Confundantur
611 1616 786 1654 omnes
831 1611 880 1654 et
925 1602 1270 1662 erubescant,
1307 1603 1396 1669 qui
1449 1602 1734 1669 insurgunt

153 1687 419 1742 adversus
440 1702 547 1754 me,
573 1678 664 1758 qui
693 1699 932 1758 quwrunt
951 1692 1179 1743 aniutunt
1211 1707 1396 1751 meum,
1429 1699 1485 1744 ut
1511 1693 1730 1759 perdant

151 1778 304 1830 illam
336 1778 401 1830 ³⁸.
439 1777 541 1842 Τυ,
593 1778 842 1842 Domine,
887 1789 1042 1849 potes
1081 1780 1296 1845 omnia,
1332 1789 1385 1834 et
1425 1796 1517 1849 per
1561 1790 1613 1835 te
1653 1791 1735 1833 est

1825 605 2018 649 sentem
2050 597 2207 650 diem.
2256 593 2403 648 Tunc
2447 596 2588 648 misit
2629 597 2964 664 Assyriorum
3011 612 3100 649 rex
3129 613 3156 650 e
3191 599 3396 667 populis

1825 688 1957 752 suis,
2001 686 2089 755 qui
2113 685 2366 738 habitaret
2391 685 2446 738 in
2471 695 2608 738 terra
2651 682 2848 747 Israel,
2875 696 2919 738 et
2944 701 3094 738 suttm
3124 687 3222 739 sib:
3249 689 3395 754 quis-

1825 791 1924 845 que
1957 775 2193 842 sculptile
2230 775 2485 843 confecit,
2529 784 2576 828 et
2611 775 2844 828 adoravit
2875 775 3006 828 illud
3028 815 3042 841 ,
3067 786 3113 828 et
3144 793 3256 830 ecce
3292 779 3399 831 illic

1826 876 1948 921 sunt
1992 883 2152 936 usque
2204 867 2272 919 ad
2318 866 2629 920 hodiernum
2683 867 2823 920 diem
2853 867 2919 918 ²¹.
2969 866 3090 922 llaec
3145 868 3398 938 Ephraint

1829 958 2186 1025 contigerunt.
2227 959 2349 1027 quia
2383 958 2654 1027 oppressit
2701 959 3068 1015 adversarium
3109 977 3300 1026 suum,
3333 975 3388 1018 et

1825 1048 2087 1118 judicium
2128 1050 2486 1104 conculcavit.

1903 1138 1993 1194 IX.
2026 1141 2411 1205 Considerate,
2451 1142 2794 1209 charissimi,
2853 1143 2981 1212 quid
3032 1143 3110 1198 eis
3143 1144 3402 1198 acciderit

1831 1233 1922 1302 qui
1952 1233 2318 1287 voluntatibus
2347 1234 2461 1288 suis
2489 1234 2645 1287 malis
2670 1233 3028 1300 indulserunt,
3053 1245 3105 1289 et
3131 1237 3402 1306 propriam

1834 1323 2220 1378 conscientiam
2261 1325 2668 1379 conculcarunt.
2700 1322 2779 1378 No
2821 1325 3136 1380 aemulentur
3173 1342 3287 1390 eos,
3319 1327 3404 1380 di-
3447 1386 3460 1398 ο

1834 1413 2138 1481 lectissimi,
2174 1414 2268 1469 sed
2299 1428 2490 1468 omnes
2522 1415 2698 1481 potius
2734 1424 2951 1470 sanctos
2981 1415 3274 1481 imitemur,
3312 1418 3403 1486 qui

1833 1509 1899 1562 ad
1941 1517 2166 1562 mortem
2205 1521 2375 1575 usque
2400 1517 2621 1576 peccato
2657 1521 2759 1560 non
2797 1508 3275 1578 obtemperarent,
3310 1511 3404 1564 sed

1834 1610 2036 1652 sancta:
2061 1613 2173 1652 sua:
2197 1597 2542 1652 conscientiae
2571 1607 2884 1666 paruerunt,
2911 1609 2962 1652 et
2993 1601 3406 1667 regai-cmlestis

1838 1686 2206 1741 hmreditatem
2296 1698 2640 1756 acceperunt.
2704 1687 2906 1742 Eorum
2966 1691 3109 1744 enim
3178 1691 3407 1759 quisque

1836 1789 1995 1833 aetate
2026 1793 2124 1832 sua
2155 1777 2424 1847 pet-lectus
2457 1778 2557 1832 fuit
2586 1781 2877 1834 cbaritate.
2909 1780 2975 1834 Et
3012 1781 3230 1835 nomina
3266 1783 3409 1850 ipso-

152 1869 321 1938 gloria
369 1869 480 1924 Deo
522 1879 574 1924 et
618 1869 785 1935 Patri,
821 1880 876 1925 et
929 1873 1154 1942 Spiritui
1205 1882 1393 1928 sancto
1443 1875 1494 1926 in
1536 1875 1728 1928 smcula
1766 1849 1807 1902 Β
1836 1884 1954 1922 rum
1997 1867 2141 1922 nulla
2188 1884 2423 1938 unquam
2457 1869 2656 1926 delebit
2685 1871 2908 1926 oblivio.
2944 1870 3194 1942 Figuram
3223 1849 3407 1927 dilecti

154 1959 500 2016 seculorum.
558 1961 748 2014 Amen.
783 1961 935 2018 Tunc
973 1965 1306 2017 conscientia
1346 1973 1434 2018 tua
1469 1964 1604 2017 clam
1655 1965 1732 2016 ln-

152 2059 355 2120 quetur
383 2054 438 2106 in
466 2054 628 2108 corde
663 2065 776 2117 tuo,
804 2063 859 2108 et
879 2069 1096 2109 causam
1136 2055 1360 2122 aperiet,
1384 2056 1728 2124 quamobrem

157 2153 208 2196 te
244 2159 355 2198 non
405 2145 659 2198 exaudiat
704 2145 862 2199 Deus.
899 2145 1070 2199 Tuum
1108 2147 1270 2216 igitur
1310 2146 1419 2214 jam
1457 2147 1561 2199 erit
1589 2145 1730 2215 quod

155 2233 244 2286 illa
279 2234 503 2296 dixerit,
540 2235 591 2288 id
625 2250 729 2288 non
771 2235 1058 2306 neg!igere,
1091 2239 1181 2290 sed
1225 2237 1403 2291 facere
1430 2237 1730 2306 diligenter.

157 2321 300 2378 Fieri
337 2325 479 2379 euiut
515 2341 618 2380 non
653 2335 871 2393 potest,
922 2327 966 2381 si
1013 2329 1178 2382 Deum
1212 2328 1370 2382 homo
1405 2328 1574 2391 audit,
1605 2327 1733 2390 quin

161 2418 302 2472 Deus
339 2416 612 2472 hominem
646 2421 924 2474 exaudiat.
955 2419 1140 2488 Neque
1169 2421 1308 2474 enim
1342 2427 1426 2474 est
1455 2418 1636 2487 procul
1667 2419 1734 2472 ab

160 2507 403 2560 homine.
447 2506 552 2562 Sed
597 2508 901 2565 voluntates
944 2519 1145 2564 nostra:
1194 2510 1581 2564 eitcontrarize
1624 2524 1732 2564 non

160 2598 485 2663 permittunt
529 2607 586 2652 ttt
629 2599 718 2653 ille
765 2615 860 2654 nos
906 2601 1107 2654 audiat.
1150 2599 1319 2656 Nemo
1381 2609 1432 2655 te
1473 2600 1727 2668 decipiat.

158 2687 627 2756 Quemadmodum
653 2690 798 2744 enim
826 2692 943 2746 sine
964 2691 1168 2746 semine
1187 2701 1240 2746 et
1263 2705 1397 2761 aqua
1424 2707 1529 2745 non
1565 2699 1738 2760 potest

160 2793 292 2846 ager
319 2793 388 2832 ex
426 2793 486 2831 se
517 2777 749 2832 fructum
783 2779 968 2836 ferre:
1001 2781 1082 2834 sic
1107 2779 1268 2833 homo
1294 2780 1411 2834 sine
1452 2776 1740 2834 alnictione

161 2879 325 2937 atque
349 2868 654 2924 humilitate
685 2870 826 2924 ferre
856 2869 1087 2924 fructum
1119 2887 1222 2925 non
1254 2870 1416 2926 valet.

235 2956 373 3012 Vill.
411 2957 465 3012 ltt
505 2959 595 3012 Dei
651 2959 882 3026 timore,
932 2959 1129 3015 fratres
1159 2959 1483 3026 charissimi,
1515 2974 1737 3015 manea-

161 3069 310 3120 mus,
347 3062 404 3108 et
446 3053 676 3109 virtutes
703 3055 1010 3110 excolentes
1040 3055 1242 3109 nullum
1267 3055 1608 3110 conscientiae
1645 3067 1742 3108 no-

163 3159 294 3200 stra;
343 3145 722 3201 oli‘eudiculunt
769 3148 1139 3216 praebeamus,
1173 3148 1267 3203 sed
1311 3147 1580 3201 nobismet
1613 3146 1742 3215 ipsis

164 3238 514 3290 attendamus
541 3236 592 3289 in
627 3236 820 3290 timore
845 3237 956 3300 Dei,
978 3237 1152 3289 donec
1181 3235 1294 3304 ipsa
1321 3248 1534 3303 quoque
1559 3231 1742 3286 nobis-

165 3345 290 3398 cum
330 3330 501 3383 libera
545 3328 648 3392 sit,
678 3338 840 3397 atque
863 3327 936 3381 ita
959 3326 1244 3394 conjuncta
1267 3364 1284 3391 ,
1320 3335 1379 3380 ut
1409 3325 1564 3381 nobis
1590 3324 1746 3378 dein-

165 3436 296 3488 ceps
345 3434 529 3475 custos
577 3420 668 3485 sit,
716 3420 1071 3490 ostendatque
1119 3436 1149 3474 a
1199 3420 1397 3489 quibus
1437 3431 1742 3472 caveamus.

166 3512 324 3580 Quod
363 3513 410 3567 si
450 3512 499 3566 ei
539 3528 728 3582 parere
763 3511 1120 3576 uoluerimus,
1159 3527 1260 3566 nos
1305 3509 1649 3579 derelinqnet
1683 3523 1747 3562 ac

168 3610 418 3671 deseret,
451 3615 505 3660 et
538 3605 838 3660 incidemus
867 3605 918 3658 in
953 3619 1143 3658 manus
1171 3603 1507 3658 inimicorum
1543 3610 1749 3656 nostro-

171 3715 323 3763 rum,
355 3697 447 3766 qui
479 3696 649 3749 nostri
681 3707 863 3763 postea
927 3712 1028 3748 non
1089 3695 1517 3757 miserebuntur,
1559 3708 1749 3762 quem-

169 3789 461 3842 admodum
522 3786 702 3841 docnit
745 3802 845 3840 nos
918 3785 1226 3840 Dominus:
1269 3784 1418 3847 Esto,
1473 3783 1746 3846 inquiens,

171 3900 291 3936 cum
332 3882 639 3934 adversario
683 3889 772 3932 tuo
814 3877 1163 3941 consentiens,
1195 3878 1319 3929 dum
1349 3891 1401 3930 es
1435 3877 1489 3929 in
1517 3875 1600 3929 uia
1629 3891 1745 3928 cunt

170 3993 254 4040 eo,
297 3991 360 4027 ne
403 3973 535 4043 forte
570 3972 746 4026 tradat
789 3981 836 4024 te
890 3970 1222 4024 adversarius
1254 3968 1459 4038 judici,
1493 3975 1540 4021 et
1582 3965 1751 4036 judex

171 4068 354 4122 tradat
383 4076 429 4118 te
451 4063 709 4125 ministro.
735 4072 782 4116 et
808 4062 862 4116 in
892 4076 1151 4113 carcerem
1177 4059 1423 4112 mittaris.
1444 4058 1609 4111 Amen
1633 4057 1750 4111 dico

174 4161 294 4222 tibi,
334 4174 438 4209 non
467 4155 631 4207 exibis
659 4155 800 4217 inde,
831 4154 994 4205 donec
1031 4152 1220 4204 reddas
1255 4150 1588 4204 novissimum
1620 4165 1753 4219 qua-

174 4251 418 4302 drantent
449 4247 513 4300 ¹⁹.
540 4245 864 4299 Adversaria
894 4243 1090 4296 dicitur
1117 4243 1468 4306 conscientia,
1498 4243 1749 4312 quoniam

176 4340 386 4396 homini
419 4337 652 4408 cupienti
684 4336 861 4390 facere
891 4335 1070 4390 carnis
1098 4334 1425 4388 voluntatem
1449 4373 1465 4398 ,
1498 4336 1751 4387 adversa-

181 4444 290 4487 tur.
324 4431 452 4510 Qtta:
475 4429 691 4500 quidem
715 4429 1053 4491 adversaria,
1085 4427 1186 4481 nisi
1219 4442 1340 4480 cum
1361 4441 1424 4480 ea
1450 4427 1610 4479 homo
1632 4440 1756 4479 con-

1836 1959 2002 2014 Jacob
2033 1957 2398 2028 suscipiamus
2421 1998 2438 2024 ,
2481 1960 2571 2028 qui
2622 1961 2936 2030 parentibus
2965 1962 3080 2015 suis
3111 1963 3408 2016 secundum

1839 2050 2002 2103 Deum
2018 2050 2070 2103 in
2083 2051 2330 2104 omnibus
2350 2050 2606 2106 obedivit.
2625 2052 2748 2118 Qui,
2771 2061 2988 2121 accepta
3013 2053 3408 2116 benedictione,

1839 2143 2006 2197 voluit
2035 2143 2090 2198 in
2121 2143 2560 2211 Mesopotamiam
2600 2145 2888 2213 proﬁcisci.
2920 2154 2976 2198 ut
3005 2145 3106 2199 sibi
3137 2145 3273 2198 ﬁlios
3301 2145 3410 2200 illic

1844 2242 2179 2304 procrearet.
2238 2232 2424 2304 Neque
2479 2236 2626 2290 enim
2680 2236 2819 2290 ﬁlios
2864 2237 3083 2307 gignere
3131 2235 3296 2289 voluit
3341 2252 3408 2290 ex

1843 2327 2052 2382 ﬁliabus
2097 2326 2572 2391 Chanauteorum,
2625 2328 2718 2397 qui
2768 2343 2889 2382 cum
2937 2328 3249 2398 parentibus
3297 2327 3411 2382 suis

1841 2418 2252 2473 contenderant.
2301 2417 2452 2472 'l‘nnc
2481 2429 2734 2488 suscepto
2769 2418 2958 2488 baculo
2999 2428 3053 2472 et
3096 2417 3200 2472 oiei
3249 2416 3410 2473 leuti-

1840 2508 1984 2572 Cnla,
2013 2509 2157 2562 venit
2188 2507 2240 2561 in
2277 2507 2446 2561 locum
2479 2482 2690 2572 Bethe‘l,
2722 2482 3162 2579 quod‘siguiﬁcat
3199 2509 3412 2562 domum

1845 2598 1958 2663 Dei,
1997 2608 2052 2653 et
2079 2599 2146 2652 ibi
2178 2599 2448 2656 dormivit.
2479 2598 2716 2669 viditque
2743 2610 2900 2656 noctu
2929 2600 3222 2655 secundum
3259 2599 3413 2668 quie—

1844 2703 1947 2747 tem
1979 2692 2201 2758 ﬁguram
2237 2691 2396 2746 scala:
2423 2691 2489 2746 de
2517 2691 2656 2747 coelo
2699 2693 2752 2747 in
2782 2701 2981 2747 terraut
3013 2707 3180 2761 usque
3207 2692 3406 2761 pertin-

1843 2785 2051 2853 gentis,
2083 2792 2136 2837 et
2175 2785 2392 2852 angelos
2424 2782 2515 2838 Dei
2551 2796 2647 2853 per
2687 2798 2806 2838 eam
2839 2782 3195 2838 ascendentes
3221 2798 3287 2837 ac
3320 2782 3416 2835 de.

1845 2875 2199 2940 scendentes;
2235 2874 2490 2929 Dominus
2521 2883 2699 2929 autem
2727 2883 2781 2929 et
2803 2875 2964 2930 scala:
2993 2875 3318 2929 innitebatur
3347 2874 3413 2926 ".

1849 2964 1971 3018 llaec
1993 2964 2160 3032 ﬁgura
2184 2964 2522 3019 demonstrat
2563 2964 2638 3018 illi
2663 2965 2753 3034 qui
2780 2965 2885 3020 Deo
2915 2965 3102 3034 incipit
3131 2964 3416 3026 inservire,

1848 3056 1901 3110 in
1958 3056 2224 3126 principio
2277 3057 2496 3124 quidem
2545 3058 2806 3112 virtutum
2855 3057 3089 3126 speciem
3131 3071 3414 3124 apparere,

1849 3163 1983 3215 quas
2015 3147 2115 3202 nisi
2145 3146 2432 3215 diligenter
2463 3148 2783 3213 excoluerit,
2815 3149 2882 3203 ad
2915 3149 3079 3204 Deum
3123 3164 3228 3204 non
3263 3157 3420 3217 pote-

1852 3239 1920 3292 rit
1943 3239 2243 3308 pervenire.
2278 3239 2527 3294 Surrexit
2573 3250 2752 3294 autem
2781 3239 2968 3305 Jacob,
3009 3250 3063 3294 et
3093 3240 3266 3294 foedus
3295 3254 3418 3294 cum

1853 3329 1960 3382 Deo
1996 3329 2295 3393 percussit,
2335 3337 2393 3382 ut
2421 3337 2565 3384 esset
2590 3344 2785 3384 servus
2809 3328 2956 3397 ejus,
2992 3339 3046 3382 et
3079 3328 3422 3384 conﬁrmavit

1847 3436 1969 3475 eum
2017 3420 2185 3484 Dens,
2217 3420 2353 3490 Ego,
2399 3420 2666 3489 inquiens,
2711 3435 2799 3473 era
2849 3429 3014 3472 tecum
3059 3426 3109 3471 et
3160 3426 3208 3471 te
3242 3427 3421 3470 custo-

1848 3514 1990 3566 diam
2019 3512 2086 3566 “.
2123 3510 2276 3566 Tunc
2311 3513 2364 3565 in
2417 3510 2858 3580 Mesopotamiam
2909 3508 3216 3578 prolectus,
3247 3517 3304 3561 ut
3347 3507 3418 3560 ibi

1850 3619 2072 3660 uxorem
2105 3603 2350 3670 duceret,
2375 3618 2497 3658 cum
2524 3601 2724 3657 Rachel
2745 3602 2968 3656 vidisset
2989 3600 3150 3654 ﬁliam
3172 3598 3421 3653 avunculi

1849 3696 1953 3758 sui,
1979 3694 2168 3750 dilexit
2193 3709 2340 3760 eam,
2361 3703 2416 3750 et
2437 3704 2642 3764 septem
2676 3708 2846 3748 annos
2867 3692 3091 3748 servivit
3116 3702 3332 3761 propter
3359 3690 3426 3744 il-

1851 3787 1977 3841 lam.
2009 3786 2329 3856 Quanquam
2357 3800 2463 3840 non
2503 3784 2656 3854 prius
2686 3784 2735 3838 ei
2767 3783 2894 3839 data
2925 3783 3048 3848 luit,
3075 3797 3238 3852 quam
3272 3779 3424 3834 Liam

1857 3893 2079 3932 uxorem
2129 3879 2420 3947 acciperet.
2451 3877 2518 3932 Et
2553 3876 2754 3932 Rachel
2778 3885 2896 3932 erat
2921 3875 3142 3931 sterilis.
3185 3873 3428 3944 Mesopo-
3497 3924 3514 3929 _

1855 3971 2019 4026 tamia
2062 3985 2256 4027 nomen
2285 3986 2349 4026 ex
2385 3984 2452 4025 eo
2482 3971 2677 4026 sortita
2709 3978 2816 4037 est,
2841 3968 2986 4040 quod
3018 3968 3090 4023 sit
3124 3967 3263 4022 inter
3293 3966 3428 4022 duos

1853 4063 2043 4119 ﬂuvios
2092 4062 2222 4129 sita,
2277 4076 2470 4131 nempe
2524 4062 2667 4117 inter
2715 4060 2919 4132 Tigrim
2957 4069 3013 4116 et
3069 4059 3425 4129 Euphratem.

1854 4155 2010 4210 Prior
2052 4154 2250 4208 labitur
2295 4171 2327 4209 e
2375 4153 2593 4223 regione
2636 4153 3010 4224 Assyriorum,
3037 4149 3174 4204 alter
3217 4148 3429 4203 initium

1861 4264 1966 4302 non
1998 4248 2186 4313 habet,
2220 4247 2315 4301 sed
2363 4245 2562 4299 dicitur
2601 4243 2773 4299 ﬂuens
2801 4243 2855 4299 in
2905 4242 3207 4296 latitudine.
3255 4239 3432 4308 Tigris

1856 4348 1939 4394 est
1981 4339 2247 4406 discretio,
2291 4335 2592 4406 Euphrates
2637 4345 2813 4389 autem
2858 4333 3147 4386 humilitas.
3184 4331 3275 4385 Lia
3307 4344 3433 4384 cor-
3469 4387 3481 4398 ,

1857 4432 2004 4502 poris
2032 4431 2270 4486 laborum
2295 4439 2477 4499 typum
2505 4428 2672 4500 gerit;
2702 4425 2900 4481 Rachel
2927 4435 3106 4479 autem
3134 4439 3275 4478 vera:
3301 4437 3433 4478 con-

177 4526 419 4590 sentiat.
464 4524 626 4579 tradil
665 4539 786 4578 eum
841 4519 1075 4576 inimicis
1110 4520 1300 4588 iPSiUS-
1343 4517 1547 4572 “Circo
1586 4515 1754 4573 05885
1794 4540 1836 4597 ο
1867 4521 2253 4594 templationis.
2285 4519 2412 4576 llaec
2444 4519 2644 4574 homini
2675 4518 2991 4586 contingunt
3033 4517 3084 4569 in
3129 4513 3434 4584 Mesopota-

176 4620 568 4674 commiserans
603 4615 856 4686 Ephraim
881 4652 897 4679 ,
938 4613 1151 4666 dicebat
1173 4629 1187 4665 :
1213 4609 1480 4680 Oppressit
1515 4609 1758 4663 adversa-

177 4713 320 4764 riunt
354 4725 528 4774 suum,
552 4718 597 4762 et
632 4703 1256 4772 conculcavitjudicium.
1307 4699 1553 4766 Quwsivit
1582 4699 1756 4771 Ερυ-

176 4813 366 4870 ptum,
419 4812 465 4854 et
519 4800 566 4854 vi
622 4799 810 4851 ductus
858 4804 931 4848 est
977 4795 1045 4846 ad
1083 4793 1418 4863 Assyrios”.
1465 4791 1756 4863 Egyptnm

177 4894 400 4965 qumrit,
429 4893 518 4963 qui
547 4891 727 4947 carnis
756 4889 868 4943 vult
898 4887 1078 4941 facere
1108 4884 1457 4938 voluntatem.
1487 4882 1546 4937 Vi
1579 4895 1756 4936 autent

178 4989 402 5044 ducitur
432 4985 498 5039 ad
531 4984 802 5055 Assyrios,
829 4997 950 5037 cum
981 4979 1063 5034 vel
1087 4979 1296 5044 volens,
1327 4979 1409 5030 vel
1439 4979 1638 5032 invitus
1663 4976 1762 5030 ini-

178 5080 345 5136 micis
376 5079 561 5133 servit.
595 5073 823 5145 Operam
858 5074 1068 5136 demus,
1103 5073 1299 5126 fratres
1335 5070 1666 5136 charissimi,
1694 5085 1763 5124 ne

179 5176 237 5229 itt
271 5186 468 5226 manus
502 5167 796 5224 voluntatis
826 5176 1023 5221 nostra:
1053 5162 1346 5218 secundum
1376 5175 1595 5214 carnem
1633 5160 1766 5214 inci-

163 5267 400 5326 damus,
433 5279 499 5316 tte
524 5262 764 5330 captivos
799 5274 897 5314 nos
928 5259 979 5312 itt
1011 5255 1285 5324 Assyriam
1315 5253 1506 5317 ducat;
1537 5268 1634 5306 nos
1666 5268 1764 5305 au-

176 5369 292 5414 tem
334 5352 529 5407 acerba
571 5351 660 5405 illa
694 5350 856 5405 verba
888 5347 1172 5401 audiamus
1217 5360 1233 5398 :
1285 5340 1434 5397 Venit
1469 5357 1562 5395 rex
1605 5341 1766 5411 Assy-

176 5453 389 5504 riorum
416 5445 471 5498 in
504 5425 698 5497 terrain
739 5440 945 5504 Israel,
977 5448 1025 5494 et
1060 5437 1290 5506 captivos
1329 5437 1478 5489 duxit
1509 5435 1768 5503 Ephraiut

178 5548 232 5596 et
277 5533 456 5592 Israel
484 5534 534 5587 in
570 5533 852 5602 Assyrios;
893 5541 937 5584 et
974 5530 1142 5600 posuit
1187 5544 1273 5581 eos
1301 5527 1458 5598 juxta
1505 5523 1690 5581 Eleum
1720 5535 1769 5581 et

903 5742 946 5774 "‘
985 5741 1127 5795 Psal.
1162 5757 1252 5804 ιι,
1290 5741 1343 5794 5.

814 5814 858 5846 ²¹
903 5812 967 5868 IV
1010 5813 1142 5882 Reg.
1185 5828 1330 5878 xvn,
1373 5810 1428 5876 6,
1466 5810 1556 5878 ‘25,
1595 5812 1687 5866 25.

304 5750 347 5780 η
387 5745 535 5802 Psal.
576 5758 742 5808 csut,
768 5741 822 5798 9.

184 5815 234 5854 ⁸⁸
274 5817 418 5878 Osee
470 5830 581 5880 ut,
629 5815 714 5869 ll.

1424 5740 1463 5770 ¹⁷
1509 5741 1648 5795 Psal.
1689 5737 1990 5795 vant.2|.

1792 5779 2014 5864 ἑτ’(ὶ-εἰί.
2057 5779 2335 5876 xxviii:
2363 5779 2482 5877 si};

1871 4614 1976 4669 mia
2010 4613 2394 4679 commoranti,
2419 4620 2479 4665 ut
2506 4625 2627 4666 cum
2653 4610 2980 4665 discretione
3007 4609 3218 4663 labores
3245 4620 3436 4674 corpo-

1872 4721 1993 4760 reos
2035 4701 2334 4772 suScipiat,
2383 4703 2581 4773 quibus
2619 4702 2802 4757 hostes
2843 4701 3091 4773 Assyrios
3134 4700 3344 4763 vincat,
3380 4705 3438 4752 et

1869 4813 1992 4853 cum
2036 4794 2338 4851 humilitate
2372 4795 2439 4850 ad
2472 4808 2658 4849 veram
2698 4792 3208 4863 contemplationem
3248 4802 3437 4860 perve-

1869 4890 2002 4946 ttial.

1946 4977 2018 5034 Χ.
2053 4975 2316 5033 Caeterum
2359 4975 2556 5034 Rachel
2607 4973 2746 5029 ﬁlios
2776 4989 2879 5028 non
2909 4970 3124 5043 genuit,
3150 4981 3436 5040 antequam

1876 5078 2092 5138 pareret
2119 5067 2237 5132 Lia,
2270 5077 2325 5124 et
2355 5066 2524 5124 Jacob
2564 5067 2676 5136 ipse
2708 5065 2957 5120 serviret.
2990 5063 3066 5118 Ex
3106 5079 3212 5133 quo
3240 5062 3442 5118 intelli.

1878 5161 2054 5230 gimus
2099 5161 2404 5224 hominem,
2450 5158 2553 5212 nisi
2601 5157 2751 5227 prius
2796 5156 3009 5212 labores
3037 5156 3090 5210 in
3131 5154 3442 5210 excolendis

1877 5254 2164 5308 virtutibus
2207 5251 2514 5322 protulerit,
2552 5265 2658 5304 non
2691 5263 2846 5319 posse
2883 5251 2950 5303 ad
2990 5263 3129 5302 vera:
3159 5247 3445 5316 perfectio-

1875 5345 1960 5400 nis
1989 5344 2294 5400 libertatem
2316 5343 2578 5414 aSpirare.
2609 5341 2818 5398 Uxores
2841 5349 2996 5397 erant
3025 5342 3196 5396 amba:
3225 5341 3442 5410 quidem

1875 5437 2060 5500 Jacob,
2087 5435 2179 5491 sed
2211 5435 2298 5490 ille
2327 5436 2500 5506 magis
2539 5433 2745 5490 Rachel
2772 5449 2936 5505 quam
2974 5432 3124 5488 Liam
3155 5433 3442 5502 diligebat;

1878 5527 2130 5600 quoniam
2168 5525 2266 5581 Lia
2295 5526 2448 5597 lippis
2481 5537 2592 5582 erat
2626 5523 2816 5593 oculis,
2855 5522 3049 5580 Rachel
3082 5525 3272 5580 decora
3308 5521 3446 5591 facie

2101 5735 2142 5767 "
2195 5733 2335 5790 Psal.
2383 5749 2570 5792 χχχιι.
2627 5731 2713 5786 l5.
2795 5733 2838 5764 "
2876 5730 3065 5788 Matth.
3108 5743 3158 5793 ν,
3209 5723 3302 5791 25,
3341 5719 3436 5777 26.

2101 5822 2247 5858 svnt.
2296 5807 2317 5858 ι
2363 5821 2482 5858 suo.
2562 5803 2608 5836 ³³
2637 5803 2766 5858 ibid.
2815 5801 2901 5857 15.
