3862 6358
433 335 576 433 ηις

1583 365 1858 422 PATRES
1895 362 2198 424 EGYPTII
2239 367 2511 430 SECULI
2553 373 2641 430 IV.

429 504 481 547 et
506 501 719 544 venusta
750 498 958 554 aspectu
985 488 1051 542 “.
1079 484 1282 541 Prioris
1307 487 1492 538 uxoris
1522 483 1663 538 oculi
1695 483 1822 554 lippi
1855 483 2025 554 signi-
2053 483 2102 540 A
2129 496 2463 558 conaturque
2491 488 2557 544 ad
2596 489 2822 560 pristina
2852 501 3070 562 peccata
3108 493 3367 550 reducere
3397 512 3414 551 :
3443 497 3544 550 sed
3571 498 3718 554 illam

431 584 598 640 flcaut
630 583 899 636 hominem
943 581 1066 635 dum
1109 580 1163 634 in
1199 578 1444 648 corporis
1479 578 1757 634 laboribus
1787 593 2016 646 occupa-

432 686 555 738 tur,
601 674 834 728 nondum
881 687 1066 726 veram
1113 671 1626 740 contemplationem
1665 670 1886 725 intueri.
1922 669 2015 724 ln-

430 765 764 820 termitteudi
799 751 1150 836 sunt'igitnr.
1185 765 1443 832 Quamvis
1473 766 1616 819 enim
1657 764 1872 834 paulum
1904 779 2016 819 ces-

433 857 700 920 saverint,
732 857 953 911 dabitur
995 868 1173 912 tamen
1207 858 1275 912 ad
1319 857 1438 912 illos
1483 858 1710 912 reditus.
1745 855 2015 912 Prtebebit

429 950 576 1002 enim
607 951 725 1004 viro
752 965 849 1005 suo
883 950 977 1004 Lia
1009 951 1266 1020 Zelpbam
1299 950 1575 1014 ancillam,
1600 958 1762 1019 atque
1791 949 1862 1004 ita
1893 965 2015 1004 rur-

430 1058 548 1098 sum
595 1042 794 1099 liberos
843 1044 1020 1110 tollet;
1073 1044 1394 1114 vocabitque
1439 1058 1635 1098 nomen
1691 1042 1819 1110 filii,
1855 1046 2013 1110 Aser,

430 1137 572 1207 quod
619 1147 702 1191 est
750 1138 963 1191 dieitiw.
1013 1137 1183 1192 Porro
1229 1153 1350 1193 cum
1395 1152 1587 1206 parere
1631 1137 1855 1192 desierit
1898 1137 2013 1204 Lia,

435 1242 560 1287 tunc
601 1231 742 1287 Deus
773 1233 1150 1287 recordabitur
1187 1232 1413 1287 Rachel.
1445 1231 1580 1286 Cum
1614 1231 1776 1302 igitur
1805 1231 2016 1288 labores

431 1327 679 1394 corporis
719 1340 912 1381 sensus
949 1326 1322 1389 edomuerint,
1355 1335 1412 1378 et
1457 1339 1488 1378 a
1526 1323 2018 1393 perturbationibus

407 1399 806 1482 ‘Iiberaverint,
857 1427 984 1472 tunc
1028 1431 1157 1472 vero
1188 1415 1577 1484 contemplatio
1623 1416 1796 1485 aperit
1834 1416 2017 1471 animo

433 1509 683 1579 gloriam.
725 1509 805 1564 Ac
851 1511 1065 1566 tametsi
1113 1511 1206 1563 lilii
1238 1508 1348 1563 Liae
1386 1507 1556 1564 Jacob
1601 1517 1757 1563 erant
1795 1508 2013 1575 auxilio,

431 1610 612 1657 tamen
660 1604 893 1658 maxime
939 1605 1179 1658 omnium
1221 1603 1420 1672 Josepb
1461 1604 1736 1672 diligebat.
1786 1601 1843 1657 Id
1900 1611 2012 1669 est,

433 1694 684 1762 quamvis
721 1695 964 1763 corporis
991 1695 1203 1750 labores
1235 1697 1302 1749 ab
1332 1695 1554 1750 inimico
1596 1696 1867 1750 hominem
1907 1695 2004 1750 de-

434 1783 679 1852 fendant,
723 1794 900 1842 tamen
948 1803 1074 1842 vera
1106 1787 1492 1858 contemplatio
1548 1788 1827 1858 conjungit
1866 1787 2013 1842 illum

437 1891 558 1931 cum
595 1877 722 1932 Deo.
763 1877 1122 1948 Posteaquam
1167 1881 1295 1933 vidit
1339 1880 1571 1950 Joseph,
1614 1881 1809 1935 reverti
1845 1880 2014 1935 voluit

436 1969 504 2022 ad
540 1981 791 2037 parentes
817 1986 970 2038 suos,
1000 1987 1120 2025 cum
1155 1974 1338 2042 utique
1361 1972 1462 2027 sibi
1486 1987 1610 2026 euut
1643 1982 1832 2026 natum
1857 1986 2014 2041 aspe-

435 2060 626 2128 xisset,
668 2061 758 2132 qui
793 2078 884 2118 rex
918 2063 1054 2118 foret
1089 2064 1234 2119 inter
1262 2065 1458 2121 fratres
1488 2080 1634 2122 suos.
1665 2064 1799 2120 Cum
1829 2073 2011 2120 autem

435 2151 565 2206 dicit
595 2160 888 2208 torrentem
913 2152 1078 2210 Iacob
1101 2169 1290 2211 omnes
1315 2169 1446 2210 suas
1475 2155 1660 2224 copias
1705 2154 2012 2224 traiecisse,

435 2245 719 2312 solumque
780 2247 1144 2311 remansisse,
1205 2256 1260 2303 et
1308 2247 1704 2302 benedictionis
1754 2247 2012 2317 gaudium

434 2339 766 2406 percepisse,
807 2339 1023 2394 dicente
1055 2340 1284 2395 Domino
1319 2357 1334 2395 ε
1381 2338 1506 2395 Non
1551 2342 1652 2396 erit
1692 2341 1786 2394 tibi
1825 2357 2013 2395 nomen

432 2428 598 2524 Jacof)
620 2469 635 2494 ,
664 2432 752 2484 sed
787 2429 1052 2524 ιιι-σοις,
1081 2431 1248 2487 .lacob
1279 2433 1581 2503 appellatus
1609 2443 1724 2498 est,
1757 2434 2012 2503 quoniam

434 2522 833 2590 supplantavit,
887 2522 1064 2593 quoad
1118 2525 1499 2580 benedictione
1543 2525 1736 2595 dignus
1788 2524 2014 2581 eﬂ'ectus

434 2624 550 2676 est,
584 2624 640 2668 et
682 2629 876 2670 sensus
929 2631 1058 2672 suos
1102 2617 1358 2680 servavit,
1411 2617 1501 2688 qui
1550 2627 1706 2673 erant
1757 2618 1809 2672 in
1849 2632 2014 2673 manu

437 2701 664 2759 inimici.
713 2704 1072 2774 Posteaquam
1126 2709 1289 2778 igitur
1328 2708 1538 2762 liberati
1593 2716 1744 2774 sunt,
1787 2719 2014 2764 vocatus

437 2802 522 2847 est
558 2794 740 2860 Israel,
784 2796 884 2851 hoc
922 2807 1008 2851 est
1046 2812 1188 2851 mens
1217 2797 1383 2851 Deum
1413 2798 1611 2853 uidens.
1643 2797 1855 2853 Etenim
1891 2813 2014 2852 cum

436 2898 503 2938 eo
535 2889 845 2954 pervenerit
886 2902 1070 2949 mens,
1102 2897 1160 2940 ut
1183 2886 1496 2942 Divinitatis
1542 2889 1770 2957 gloriam
1813 2888 2014 2953 videat,

437 2976 698 3030 metuitur
724 2977 792 3031 ab
823 2977 1061 3033 inimico.
1104 2978 1363 3045 Quamvis
1397 2979 1560 3049 igitur
1601 2981 1786 3034 veniat
1825 2979 1879 3033 in
1924 2993 2015 3033 oc-

437 3083 655 3122 cursum
685 3069 802 3140 ejus
835 3070 972 3124 Esau
1012 3085 1135 3123 cum
1173 3071 1488 3135 acerbitate,
1537 3070 1815 3129 humilitas
1847 3070 2016 3127 Jacob

2120 581 2330 652 repellit
2349 582 2561 638 assidua
2580 597 2702 638 cum
2721 581 2833 640 Deo
2850 584 3214 653 familiaritas,
3230 601 3398 658 quam
3417 598 3718 661 temperan-

2120 675 2190 730 tia
2217 677 2405 747 gignit,
2433 679 2846 748 temperantiam
2865 693 3026 748 porro
3047 681 3289 750 corporis
3305 679 3533 737 aﬂlictio
3555 687 3717 754 parit.

2119 768 2214 825 llis
2244 771 2540 826 rationibus
2552 769 2727 838 ,Israel
2760 771 3041 828 liberatur.
3071 773 3136 828 Et
3161 783 3288 829 tunc
3315 777 3484 830 homo
3518 769 3749 847 gratias'

2119 863 2225 932 agit
2241 863 2351 918 Deo
2368 881 2380 916 :
2399 862 2531 934 Ego,
2550 862 3072 934 inquiens,infirmus
3083 880 3200 921 sum
3218 875 3270 921 et
3287 865 3716 929 imbecillus,sed

2120 963 2173 1008 tu
2200 954 2415 1025 adjutor
2438 969 2634 1011 mensa
2657 957 3007 1029 generatione
3029 957 3079 1011 in
3102 957 3536 1026 generationem.
3567 957 3717 1016 Talis

2120 1047 2220 1103 fuit
2251 1059 2304 1104 et
2338 1062 2568 1118 magnus
2601 1051 2860 1120 preplteta
2901 1048 3080 1114 Elias,
3117 1051 3206 1120 qui
3241 1065 3439 1105 omnes
3475 1053 3716 1119 turpitu-

2118 1141 2601 1211 dinisprophetas
2636 1143 2737 1197 sibi
2774 1141 3127 1196 adversantes
3166 1143 3346 1198 delere
3395 1158 3504 1197 non
3545 1145 3718 1212 potuit

2119 1234 2268 1302 prius
2310 1248 2471 1302 quam
2503 1232 2784 1289 duodecim
2835 1231 3100 1302 lapidibus
3139 1231 3311 1288 altare
3335 1242 3715 1299 construeret,

2119 1334 2173 1382 et
2205 1325 2365 1397 lignis
2403 1328 2676 1398 congestis
2723 1340 2919 1396 aquam
2961 1325 3303 1390 iufunderet,
3353 1338 3411 1380 et
3458 1336 3713 1381 sanctum

2118 1420 2449 1474 sacrificium
2483 1420 2784 1490 imponeret
2821 1420 2887 1474 ’⁸.
2923 1419 2990 1474 Et
3022 1419 3162 1491 ignis
3189 1419 3407 1474 divinus
3445 1434 3716 1474 consum-

2119 1510 2227 1580 psit
2256 1509 2447 1573 altare,
2488 1519 2545 1564 et
2577 1525 2696 1578 quae
2729 1525 2893 1580 super
2930 1511 3085 1564 altari
3115 1518 3274 1563 erant
3321 1510 3526 1580 posita.
3559 1509 3713 1566 Tunc

2121 1595 2373 1650 fiduciam
2407 1594 2640 1664 sumpsit
2667 1606 2855 1650 contra
2889 1595 3229 1650 adversarios
3270 1610 3436 1662 suos,
3490 1604 3549 1650 et
3587 1610 3710 1649 etim

2119 1700 2215 1743 eos
2250 1687 2316 1740 ad
2353 1686 2787 1742 internecionem
2824 1701 2993 1756 usque
3027 1686 3333 1750 delevisset,
3361 1687 3574 1755 gratias
3601 1689 3711 1757 egit

2124 1779 2231 1834 Deo
2259 1798 2270 1832 :
2295 1777 2399 1846 Tu,
2428 1779 2695 1849 inquiens,
2729 1780 2783 1834 in
2818 1779 2903 1834 his
2931 1780 3180 1835 omnibus
3202 1794 3280 1834 es.
3314 1777 3595 1848 Scriptum
3627 1789 3710 1834 est

2119 1873 2262 1928 enim
2310 1889 2434 1929 eum
2487 1876 2628 1928 inter
2664 1887 2835 1944 genua
2887 1888 2983 1928 sua
3039 1873 3229 1928 faciem
3275 1874 3548 1944 posuisse.
3575 1873 3706 1933 Εἰςὶ

2114 1965 2259 2022 enim
2315 1979 2467 2019 mens
2495 1964 2785 2035 diligenter
2823 1962 2964 2017 inter
3000 1977 3189 2018 sensus
3227 1977 3357 2017 suos
3389 1962 3461 2017 sit
3491 1963 3703 2017 consti-

2117 2063 2260 2122 tuta,
2289 2066 2346 2110 et
2391 2056 2573 2111 sobria
2623 2062 2880 2125 castaque
2925 2055 3106 2128 vigilet
3156 2057 3404 2123 assidue,
3437 2066 3702 2112 aeternam

2115 2163 2223 2204 non
2268 2150 2578 2218 assequitur
2617 2147 2966 2215 felicitatem,
2999 2164 3118 2219 qua:
3155 2151 3297 2206 hanc
3344 2149 3423 2204 illi
3475 2149 3701 2220 gloriam

2115 2239 2292 2296 affert.
2323 2239 2390 2294 Et
2413 2241 2458 2296 si
2505 2240 2753 2295 minister
2783 2239 2912 2296 Elia;
2944 2241 3256 2311 prospiciat,
3302 2251 3358 2296 et
3400 2242 3609 2297 nullum
3635 2257 3702 2297 ex

2117 2345 2324 2402 septem
2349 2334 2498 2389 vitiis
2522 2347 2850 2404 consurgere
2884 2334 3082 2398 videat,
3113 2343 3240 2389 tunc
3267 2337 3444 2388 cernit
3473 2349 3698 2404 parvam

2116 2430 2312 2483 nubem
2344 2429 2519 2482 instar
2551 2427 2785 2482 hominis
2809 2443 2875 2482 ex
2922 2425 3059 2481 mari
3096 2439 3291 2497 aquam
3331 2426 3653 2483 offerentem
3683 2446 3698 2483 :

2116 2520 2260 2590 quod
2295 2519 2562 2590 Spiritum
2598 2529 2847 2575 sanctum
2894 2519 3163 2590 signiﬁcat
3193 2519 3247 2574 in
3291 2519 3477 2575 animo
3516 2529 3700 2575 nostro

2117 2614 2614 2683 conquiescentem.
2663 2611 2721 2667 In
2754 2613 2855 2668 hoc
2881 2612 3026 2668 enim
3061 2613 3165 2668 sita
3205 2622 3288 2667 est
3325 2612 3594 2677 felicitas,
3644 2624 3698 2666 ut

2117 2713 2302 2760 nostra
2338 2704 2561 2761 virtutis
2592 2704 2768 2761 studia
2813 2705 3020 2775 integra
3064 2713 3226 2774 atque
3265 2714 3529 2774 perpetua
3565 2706 3690 2767 sint,

2116 2806 2172 2852 et
2201 2809 2267 2852 ne
2299 2804 2636 2851 revertamur
2662 2795 2727 2850 ad
2755 2809 2845 2863 ea,
2881 2808 3110 2865 quorum
3138 2794 3352 2848 veniam
3383 2796 3698 2866 impetravi-

2118 2903 2257 2944 mus.
2305 2887 2363 2943 Si
2395 2889 2540 2943 enim
2584 2887 2799 2942 labores
2830 2902 2893 2942 ac
2920 2885 3101 2941 studia
3136 2896 3319 2940 nostra
3357 2886 3470 2941 Deo
3499 2885 3699 2943 fuerint

2116 2991 2365 3053 accepta,
2398 2983 2697 3038 adversarii
2733 2983 2902 3038 nostri
2933 2997 3044 3036 non
3085 2989 3342 3052 poterunt
3372 2982 3693 3037 consistere.

2116 3077 2248 3132 Cum
2278 3077 2423 3132 enim
2468 3076 2703 3132 viderint
2749 3075 3012 3130 voluntati
3057 3076 3288 3146 ipsorum
3337 3089 3365 3126 a
3403 3075 3561 3128 nobis
3596 3088 3695 3128 nou

440 3160 738 3228 exstinguit
766 3161 1023 3216 malitiam
1051 3163 1240 3231 ipsius,
1269 3178 1369 3219 nec
1399 3165 1467 3220 ab
1492 3178 1555 3219 co
1579 3164 1809 3235 amplius
1839 3180 2012 3235 oppu-
2042 3185 2086 3244 ρ
2118 3169 2480 3238 obtemperari
2509 3208 2526 3234 ,
2579 3178 2708 3225 tunc
2761 3183 2857 3237 per
2893 3182 2951 3224 se
2991 3167 3375 3223 dissolventur.
3411 3163 3694 3228 Invocate.

439 3259 656 3320 gnatur.
691 3253 842 3320 Quod
873 3256 920 3310 si
947 3255 1124 3309 adhuc
1167 3257 1356 3310 saeviat
1394 3255 1670 3321 inimicus,
1718 3258 1932 3328 proiicit
1963 3257 2015 3312 in

437 3353 727 3412 conspectu
763 3345 878 3400 Dei.
916 3345 979 3399 Et
1013 3361 1135 3400 cum
1167 3347 1256 3402 ille
1285 3363 1535 3418 magnam
1570 3350 1748 3404 videat
1789 3349 2016 3420 gloriam

436 3450 600 3505 quam
629 3441 858 3506 accepit,
893 3438 943 3493 ei
972 3439 1080 3494 vim
1112 3440 1309 3496 afferre
1337 3455 1444 3496 non
1474 3450 1672 3510 potest.
1703 3441 1844 3495 Deus
1871 3442 2014 3496 enim

438 3529 514 3583 illi
551 3531 870 3600 opitulatur,
903 3533 1045 3589 sicut
1080 3535 1341 3603 scriptum
1374 3544 1459 3590 est
1490 3553 1502 3589 :
1537 3533 1806 3589 Revertere
1831 3535 1886 3589 in
1915 3546 2017 3591 ter-

438 3637 554 3674 ram
589 3626 939 3691 generationis
971 3635 1104 3691 uice,
1135 3616 1183 3681 et
1213 3642 1304 3681 ero
1333 3637 1497 3681 tecum
1527 3628 1594 3685 ".
1641 3628 1832 3682 Postea
1871 3629 2019 3684 venit

439 3715 492 3771 iu
527 3715 703 3771 Salem
728 3758 742 3784 ,
775 3727 827 3772 et
853 3718 985 3772 emit
1024 3718 1095 3772 ibi
1141 3734 1365 3788 agrum,
1414 3728 1468 3774 et
1510 3718 1804 3774 aedificavit
1845 3720 2018 3774 altare

439 3806 570 3861 Deo.
608 3807 788 3863 Saiem
821 3821 904 3862 est
932 3825 1058 3877 pax.
1099 3808 1236 3863 Cum
1279 3810 1422 3864 enim
1456 3811 1614 3864 homo
1648 3810 1844 3865 bellum
1888 3827 2015 3866 eva-

438 3897 594 3958 serit,
629 3897 682 3951 in
714 3912 822 3967 quo
851 3898 1093 3954 defendit
1123 3914 1244 3954 eum
1291 3899 1465 3968 Deus,
1512 3903 1659 3957 venit
1698 3903 1763 3957 ad
1803 3917 2016 3972 pacem,

437 3998 490 4042 et
546 3988 832 4044 duodecim
886 3990 1156 4060 lapidibus
1197 3992 1368 4046 altare
1412 3993 1724 4057 constituit,
1761 4004 1816 4048 et
1863 3993 2018 4050 offert

439 4092 604 4145 super
634 4078 723 4134 illo
754 4094 822 4133 ex
863 4080 1136 4135 laboribus
1165 4084 1444 4136 servitutis
1479 4098 1638 4152 quam
1677 4085 1732 4138 in
1775 4083 2018 4154 Mesopo-

441 4173 603 4225 tamia
654 4174 915 4238 servivit,
963 4175 1016 4228 in
1073 4176 1420 4246 possessione
1469 4176 1637 4248 quam
1679 4177 1916 4248 possedit
1963 4178 2014 4234 in

439 4273 581 4320 terra
623 4267 1021 4336 promissionis.
1793 4341 1802 4348 δ

505 4356 598 4412 XI.
633 4356 784 4412 Talis
821 4359 921 4414 fuit
954 4368 1009 4415 et
1037 4360 1266 4418 dilectus
1305 4363 1412 4419 Deo
1443 4364 1636 4432 Moses,
1675 4380 1796 4421 cum
1832 4364 2018 4419 eduxit

437 4449 692 4520 pupulum
736 4465 800 4507 ex
846 4450 1098 4524 zEgypto,
1130 4471 1361 4528 eumque
1402 4459 1468 4516 de
1508 4476 1669 4515 manu
1717 4459 2017 4515 Pharaonis

435 4542 720 4608 liberavit,
781 4545 1099 4617 trajecitque
1153 4546 1394 4605 Rubrum
1463 4567 1612 4608 mare
1665 4562 1720 4608 et
1773 4553 2018 4608 omnium

439 4637 679 4691 hostium
709 4653 930 4694 suorum
970 4651 1200 4697 mortem
1243 4646 1546 4714 conspexit,
1577 4655 1633 4702 et
1684 4645 1830 4702 misit
1855 4645 2020 4702 Josue

435 4737 497 4782 ut
543 4730 801 4799 perderet
845 4733 1088 4790 Amalec.
1137 4734 1257 4805 Ipse
1303 4752 1427 4792 vero
1468 4738 1521 4791 in
1570 4740 1773 4794 montis
1819 4739 2019 4794 vertice

435 4825 718 4891 constitit;
759 4837 816 4881 et.
860 4842 1057 4883 manus
1094 4827 1212 4897 ejus
1242 4829 1310 4884 ab
1349 4829 1530 4884 Aaron
1573 4838 1628 4882 et
1669 4829 1744 4885 Οι-
1781 4832 2016 4886 sustine-

433 4915 654 4982 bantur,
698 4933 766 4973 ue
814 4934 880 4974 ex
926 4921 1105 4975 crucis
1147 4923 1330 4988 specie
1367 4923 1419 4975 in
1469 4937 1575 4992 qua
1627 4933 1782 4977 erant
1813 4927 2019 4979 consti-

437 5019 585 5075 tutm,
615 5009 945 5068 deciderent.
976 5012 1042 5067 Et
1075 5028 1327 5068 reversus
1348 5023 1432 5068 est
1459 5012 1624 5069 Josue
1649 5030 1769 5069 cum
1800 5015 2018 5086 gaudio,

436 5105 614 5160 deleto
655 5108 896 5162 Amalec.
932 5107 1087 5160 Tunc
1131 5121 1294 5174 super
1342 5117 1522 5162 monte
1563 5108 1843 5164 duodecim
1886 5109 2021 5178 lapi-

437 5198 596 5252 dibus
649 5200 817 5252 altare
853 5199 1181 5261 construxit,
1215 5207 1262 5253 et
1308 5199 1472 5253 monti
1516 5215 1701 5255 nomen
1750 5200 2016 5270 imposuit,

437 5286 695 5341 Dominus
716 5289 974 5357 refugium
990 5290 1240 5356 meum",
1259 5290 1382 5360 quia
1403 5306 1562 5347 manu
1579 5291 1788 5348 occulta
1813 5309 2017 5363 pugna-

437 5379 669 5434 vitDeus
696 5382 1074 5439 cumAmalec.
1115 5384 1336 5441 Amalec
1377 5384 1646 5458 significat
1676 5387 1935 5440 acediam.
1961 5386 2016 5441 Si

437 5473 580 5527 enim
616 5477 840 5545 cmperit
872 5477 1033 5533 homo
1055 5494 1121 5534 ex
1150 5480 1515 5537 voluntatibus
1537 5481 1650 5537 suis
1679 5479 1937 5552 effugere,
1965 5490 2018 5537 et

438 5566 506 5620 ad
539 5565 706 5621 Deum
738 5570 1065 5644 confugerit,
1096 5574 1280 5632 acedia
1317 5573 1369 5628 in
1413 5574 1603 5644 primis
1633 5589 1756 5630 eum
1789 5572 2013 5642 invadit,

512 5752 558 5785 “
582 5752 715 5810 Gen.
760 5758 1003 5818 xxrx.i7.

1112 5762 1158 5792 "
1200 5760 1336 5816 Gen.
1389 5777 1569 5828 xxxn,
1611 5763 1701 5817 28.

448 5837 599 5894 seqq.
677 5826 724 5860 ⁸⁸
760 5827 892 5883 ibid.
923 5829 1013 5885 26.

1095 5831 1138 5864 ³⁰
1167 5831 1309 5888 Psal.
1339 5849 1524 5901 csxvt,
1557 5835 1693 5902 1,,2.

1812 5763 1857 5797 ³⁸
1905 5761 2042 5819 Gen.
2084 5776 2246 5830 xxxi,
2284 5762 2340 5820 '5.

2121 3263 2326 3333 inquit,
2358 3263 2574 3317 nomina
2618 3261 2833 3315 deorum
2869 3269 3192 3326 vestrorum,
3223 3268 3269 3314 et
3315 3275 3410 3329 ego
3453 3259 3697 3312 invocabo

2120 3371 2307 3410 nomen
2358 3354 2571 3409 Domini
2615 3353 2714 3408 Dei
2763 3353 2898 3417 mei;
2947 3362 2994 3408 et
3030 3353 3322 3423 quicunque
3351 3351 3613 3404 audiverit
3646 3349 3695 3402 in

2119 3449 2257 3517 igne,
2322 3448 2365 3502 is
2415 3447 2515 3502 erit
2575 3445 2832 3501 Dominus
2868 3445 3009 3500 Deus
3065 3445 3132 3500 ’⁸.
3188 3443 3449 3509 Quamvis
3506 3442 3695 3497 animis

2119 3537 2324 3592 nostris
2354 3537 2628 3592 daemones
2671 3544 2963 3605 suggerant
3010 3535 3334 3588 tentationes
3356 3572 3371 3596 ,
3401 3546 3496 3586 eas
3525 3541 3692 3585 tamen

2121 3626 2278 3680 nobis
2308 3626 2492 3680 invitis
2519 3627 2585 3680 ad
2617 3626 2822 3680 exitum
2851 3625 3148 3695 perducere
3175 3631 3469 3692 nequeunt.
3494 3622 3695 3678 Omnes

2120 3719 2196 3772 illi
2228 3717 2444 3787 quidem
2478 3717 2622 3771 vires
2643 3717 2930 3771 conferunt
2957 3731 3084 3772 suas
3118 3732 3134 3782 ;
3169 3715 3261 3772 sed
3293 3729 3388 3772 eos
3418 3730 3524 3770 non
3557 3716 3695 3769 audit

2121 3810 2286 3864 homo
2315 3809 2431 3875 Dei,
2466 3811 2723 3880 quoniam
2751 3811 2819 3866 ab
2847 3809 2952 3866 illis
2974 3809 3231 3865 abhorret
3259 3823 3356 3864 cor
3382 3809 3574 3878 ipsius,
3595 3823 3692 3876 quo

2119 3903 2172 3958 in
2233 3903 2322 3958 Dei
2359 3904 2634 3958 voluntate
2681 3904 2993 3974 requiescit.
3038 3900 3314 3969 lnoocate,
3364 3901 3568 3971 inquit,
3605 3917 3692 3952 no-

2119 3998 2264 4050 mina
2293 3998 2512 4050 deorum
2546 4005 2858 4060 vestrorum,
2895 4005 2944 4050 et
2980 4010 3075 4065 ego
3108 3994 3356 4048 invocabo
3387 4007 3577 4046 nomen
3606 3990 3692 4046 Dei

2118 4092 2239 4144 mei.
2274 4088 2428 4156 Quod
2473 4089 2547 4144 illi
2593 4089 2792 4144 frustra
2829 4087 3092 4144 fecerunt.

2190 4180 2304 4235 XII.
2344 4178 2471 4235 Ηωο
2497 4180 2565 4235 ad
2613 4179 2896 4234 utilitatem
2948 4185 3196 4233 nostram
3226 4175 3429 4246 scripta
3462 4183 3612 4239 sunt,
3643 4183 3693 4227 ut

2120 4287 2414 4343 sequamur
2467 4287 2653 4327 eorum
2707 4270 2959 4340 vestigia,
2989 4269 3084 4338 qui
3137 4268 3395 4323 virtutum
3424 4267 3605 4321 studio
3634 4267 3693 4320 ad

2119 4362 2430 4418 felicitatem
2463 4363 2873 4417 contenderunt.
2905 4359 3298 4431 Confugiebant
3354 4358 3428 4413 illi
3460 4359 3528 4413 ad
3553 4358 3693 4412 auxi-

2122 4457 2249 4512 lium
2283 4456 2397 4520 Dei,
2425 4457 2480 4510 in
2503 4471 2676 4526 eoque
2702 4469 2826 4524 spes
2856 4468 2983 4510 suas
3012 4467 3202 4509 omnes
3225 4451 3588 4517 collocabant,
3619 4452 3693 4504 ni-

2053 4532 2096 4587 D
2129 4549 2200 4604 hil
2222 4549 2427 4604 viribus
2479 4547 2711 4618 propriis
2738 4547 3092 4602 confidentes.
3131 4545 3197 4600 Et
3235 4543 3414 4600 divina
3441 4544 3693 4614 protectio

2123 4641 2222 4695 fuit
2251 4643 2331 4696 eis
2361 4642 2412 4696 in
2440 4642 2714 4696 civitatem
2742 4641 3023 4694 munitam.
3055 4636 3309 4693 Sciebant
3340 4638 3486 4692 enim
3507 4652 3568 4692 se
3591 4638 3693 4691 sine

2126 4736 2218 4790 Dei
2266 4736 2515 4804 praesidio
2566 4733 2697 4788 nihil
2732 4749 2909 4804 posse.
2965 4733 3224 4788 Dicebant
3252 4747 3374 4785 cum
3403 4731 3693 4786 humilitate

2128 4830 2216 4885 illa
2255 4829 2475 4884 Davidis
2498 4829 2659 4882 verba
2722 4846 2736 4882 :
2776 4827 2897 4882 Nisi
2932 4826 3187 4881 Dominus
3240 4824 3580 4894 a'diﬁcauerit
3611 4825 3690 4876 do-

2121 4940 2286 4989 mum,
2319 4923 2372 4976 in
2395 4937 2584 4977 vanum
2618 4921 2986 4974 laboraverunt
3012 4919 3101 4988 qui
3130 4917 3392 4985 nidiﬁcant
3418 4931 3556 4970 eam.
3587 4913 3692 4966 Nisi

2129 5015 2385 5070 Dominus
2445 5013 2752 5068 custodierit
2811 5013 3089 5073 civitatem,
3129 5015 3328 5080 [rustra
3376 5007 3555 5077 uigilat
3613 5007 3690 5074 qui

2129 5109 2354 5163 custodit
2383 5125 2499 5162 eam
2531 5107 2599 5160 ³ο.
2660 5106 2717 5159 Si
2773 5104 2914 5160 enim
2949 5102 3144 5156 viderit
3170 5101 3311 5155 Deus
3337 5099 3575 5153 animum
3603 5097 3690 5152 sibi

2127 5203 2346 5256 ontniuo
2369 5216 2488 5256 esse
2515 5198 2838 5270 subjectum,
2877 5209 3051 5266 neque
3083 5196 3136 5247 in
3171 5193 3276 5246 alio
3299 5206 3447 5261 spem
3489 5191 3689 5248 habere,

2126 5294 2417 5350 confirmat
2444 5309 2590 5356 eum,
2645 5293 2832 5345 dicens
2872 5306 2886 5343 :
2940 5286 3023 5341 Ne
3053 5288 3260 5349 timeas,
3311 5282 3390 5351 ﬁli
3425 5283 3498 5337 mi
3523 5281 3687 5346 Iacob;

2124 5404 2254 5459 puer
2276 5386 2468 5453 Israel,
2499 5403 2562 5440 ne
2589 5386 2798 5451 timeas,
2828 5383 3072 5454 quoniam
3106 5380 3322 5434 liberari
3354 5388 3422 5442 te,
3463 5385 3512 5428 et
3539 5391 3682 5428 uocari

2130 5499 2315 5538 nomen
2349 5494 2536 5544 tuum;
2593 5496 2738 5533 meus
2790 5494 2843 5531 es
2879 5486 2954 5530 tu.
2994 5473 3064 5528 Et
3105 5473 3148 5527 si
3186 5487 3277 5542 per
3309 5485 3500 5540 aquam
3534 5477 3675 5519 trans-

2121 5573 2264 5638 ieris,
2309 5583 2476 5628 tecum
2499 5585 2638 5634 sum,
2674 5578 2722 5623 et
2768 5567 2921 5637 ﬂuvii
2947 5573 2996 5621 te
3033 5579 3132 5618 nou
3171 5558 3532 5616 intercludent.
3564 5554 3669 5609 Et:

2446 5759 2491 5793 "
2532 5757 2700 5815 Exod.
2749 5768 2880 5822 xvu,
2919 5751 3004 5808 I5.
3107 5750 3152 5782 ³⁸
3179 5747 3246 5805 Ill
3282 5746 3412 5819 Reg.
3453 5760 3590 5803 xvtn.
3623 5742 3669 5798 it

3583 384 3725 439 “'20
