3862 6324
139 265 266 320 “2|

1210 265 1268 322 S.
1313 265 1520 322 ISAIE
1565 267 1858 326 ABBATIS
1897 270 2315 330 ORATIONES.

3278 286 3418 342 “‘22

128 399 224 454 ρετ
261 382 437 451 ignem
475 381 771 446 transieris,
808 395 913 435 non
939 380 1259 438 combureris
1296 400 1314 438 :
1341 385 1559 455 ﬂamma
1591 387 1726 440 enim
1757 393 1802 449 Α
1833 397 1916 445 ter
1947 399 2038 445 aut
2074 389 2240 448 facias
2268 400 2361 447 aut
2394 393 2569 461 dicas,
2595 402 2654 450 ut
2694 409 2757 452 ex
2789 396 3051 454 modestia
3083 401 3419 460 taciturnita-

132 491 238 529 ιοκ
266 484 453 528 exuret
479 483 528 526 te
560 488 580 526 .'
611 473 735 542 quia
760 487 857 542 ego
883 471 1143 528 Dominus
1184 474 1327 532 Deus
1357 489 1476 531 tuus
1499 476 1726 533 Sanctus

128 564 325 629 Israel,
351 564 565 619 salvam
593 574 642 619 te
668 565 735 620 ³⁸.
769 564 921 621 Hanc
951 581 1137 621 vocem
1166 569 1377 625 animus
1409 569 1456 624 si
1480 572 1732 641 audierit,

128 655 297 712 audet
324 656 590 711 adversus
622 655 891 712 inimicos.
953 655 1084 724 Quis
1119 668 1216 723 est,
1267 661 1540 730 inquiens,
1571 681 1734 734 oppu-

127 758 324 818 gnator
350 751 541 802 meus?
593 750 975 821 appropinquat
1013 751 1166 806 milii.
1213 749 1349 807 Ecce
1385 753 1522 808 Deus
1574 757 1734 825 adju-

128 853 211 896 tor
243 859 393 898 meus
423 844 580 913 :quis
619 844 748 899 mihi
792 845 1039 900 nocebit?
1089 842 1225 900 Ecce
1271 863 1356 901 vos
1390 863 1567 903 omnes
1595 852 1730 905 sicut

128 935 500 989 vestimentum
548 936 965 1002 inveterascetis,
1019 945 1068 990 et
1101 945 1352 1006 tanquam
1384 939 1570 994 vellera
1601 959 1631 996 α
1663 943 1732 995 ti-

127 1043 226 1080 nea
253 1026 700 1082 corrodemini”.
741 1026 961 1083 Utinam
995 1027 1238 1083 inveniat
1287 1045 1388 1086 nos
1432 1029 1572 1086 Deus
1605 1049 1726 1087 eum

127 1119 257 1187 illis,
293 1120 392 1190 qui
443 1119 754 1174 humilitate
783 1129 912 1176 sunt
965 1121 1201 1191 praediti,
1238 1130 1293 1176 et
1322 1123 1390 1178 ab
1415 1137 1479 1178 ea
1508 1138 1729 1179 servan-

127 1224 218 1268 tur
249 1213 553 1270 incolumes
585 1213 654 1267 ab
689 1214 940 1270 omnibus
982 1213 1180 1285 jaculis
1211 1215 1438 1280 inimici,
1466 1231 1562 1285 per
1595 1233 1725 1288 gra-

126 1309 260 1360 tiam
304 1304 426 1370 Dei,
463 1305 619 1376 cujus
649 1315 733 1360 est
755 1305 1019 1376 potentia,
1052 1315 1106 1360 et
1137 1305 1329 1376 gloria,
1357 1314 1414 1360 et
1439 1306 1723 1376 imperium

126 1399 179 1454 in
205 1397 408 1455 saecula
440 1399 789 1468 sa_:coloruiul
823 1399 1018 1456 Amen.
1113 1420 1117 1423 ί

755 1513 1016 1572 ORATIO
1056 1512 1120 1570 'v'.

127 1604 264 1672 Qui:
295 1606 622 1661 observanda
671 1616 792 1660 sunt
845 1607 1026 1688 iis-qui
1071 1607 1229 1663 simul
1261 1609 1314 1664 in
1333 1624 1462 1678 pace
1488 1608 1724 1664 habitare

805 1687 1042 1744 cupiunt.

1845 492 2003 552 teque
2039 491 2128 537 tua
2165 483 2354 539 incola:
2403 484 2636 541 fructum
2673 489 2992 560 percipiant.
3039 490 3244 547 Infirmi
3273 496 3415 552 enim

1835 583 2057 643 propter
2111 576 2292 630 cordis
2343 574 2765 634 imbecillitatem
2821 579 2980 636 facile
3048 580 3415 654 oﬂ‘enduntur,

1835 665 1961 736 quia
1999 681 2104 720 non
2139 666 2470 736 perspiciunt
2504 681 2728 739 peccata
2757 687 2876 727 sua.

1904 755 1966 811 ll.
1988 757 2235 811 Divinum
2261 758 2520 814 auxilium
2547 771 2600 817 et
2619 770 2776 832 'spes,
2801 769 3158 824 mansuetudo
3192 779 3248 825 et
3278 743 3442 826 bona‘

1833 851 2188 918 conscientia,
2224 861 2278 906 et
2320 853 2553 923 propria:
2577 855 2872 912 voluntatis
2902 859 3154 916 omnibus
3180 860 3233 916 iu
3256 861 3418 918 rebus

1831 941 2140 1011 abnegatio,
2167 953 2292 996 sunt
2321 943 2638 1000 humilitatis
2660 945 2880 1002 indicia.
2905 948 3229 1020 Arroganlia
3264 966 3412 1017 vero,

1829 1041 1884 1088 et
1915 1035 2216 1098 contentio,
2273 1045 2328 1089 et
2384 1036 2464 1091 sui
2504 1036 2673 1106 ipsius
2719 1039 3073 1108 existimatio,
3124 1043 3415 1111 fratrisque

1829 1125 2120 1191 dcspectio,
2144 1134 2200 1181 et
2228 1142 2349 1180 cum
2387 1128 2510 1197 quis
2541 1143 2606 1183 eo
2629 1140 2850 1200 propter
2878 1147 2936 1187 se
2960 1133 3159 1190 afﬂicto
3194 1151 3256 1190 ac
3289 1151 3414 1205 per-

1828 1221 2062 1283 turbato,
2093 1217 2222 1272 dicit
2259 1235 2272 1270 :
2319 1216 2457 1284 Quid
2495 1220 2559 1274 ad
2587 1221 2714 1276 me?
2744 1221 2879 1289 Quid
2908 1226 3035 1280 mihi
3068 1229 3262 1298 negotii
3292 1241 3413 1282 eum

1827 1309 1920 1363 illo
1957 1309 2078 1364 est?
2109 1310 2222 1364 haec
2251 1311 2432 1366 omnia
2463 1315 2637 1368 cordis
2671 1314 2922 1370 duritiam
2955 1317 3246 1372 declarant.
3276 1319 3330 1373 Si
3361 1329 3414 1375 te

1831 1416 1972 1471 opus
2036 1401 2288 1466 faciente,
2338 1401 2508 1465 frater
2565 1404 2617 1458 in
2649 1407 2835 1460 cellam
2866 1417 3009 1463 tuam
3058 1409 3409 1481 ingrediatur,

1824 1505 1957 1546 cave
1986 1507 2052 1547 ne
2082 1492 2324 1547 animum
2367 1503 2514 1548 tuum
2567 1509 2632 1550 ea
2689 1508 2915 1567 occupet
2951 1501 3225 1571 cogitatio,
3259 1513 3317 1558 ut
3357 1513 3411 1559 te

1823 1584 1943 1653 plus
1969 1599 2128 1654 quam
2160 1585 2307 1639 illum
2335 1585 2613 1641 laborasse
2647 1599 2824 1657 putes.
2859 1588 2915 1644 Si
2946 1606 3066 1646 cum
3099 1593 3268 1648 fratre
3300 1593 3410 1648 im-

1822 1675 2098 1732 becilliore
2121 1691 2255 1746 opus
2284 1676 2435 1743 facis,
2463 1693 2529 1732 ne
2554 1682 2872 1748 contendas,
2905 1691 2964 1737 ut
2988 1683 3106 1753 plus
3130 1700 3287 1752 quam
3320 1685 3412 1741 ille

192 1767 238 1822 l.
269 1767 328 1824 Si
381 1767 546 1824 simul
597 1767 701 1824 iter
733 1769 990 1836 feceritis,
1034 1770 1318 1836 attendite,
1363 1770 1408 1827 si
1432 1770 1556 1841 quis
1581 1771 1723 1827 inter
1754 1765 1795 1820 Β
1825 1768 2020 1828 fecisse
2053 1772 2296 1827 videare.
2354 1769 2410 1826 Si
2443 1787 2730 1829 commune
2767 1774 2982 1846 aliquod
3016 1792 3149 1846 Opus
3177 1776 3408 1845 elllcitis,

124 1876 221 1916 vos
271 1862 347 1916 sit
400 1861 742 1927 imbecillior,
803 1871 856 1916 et
915 1861 1034 1932 ejus
1090 1863 1354 1918 rationem
1404 1863 1618 1928 habete,
1674 1862 1719 1918 si

125 1951 211 2006 vel
244 1950 472 2021 paulum
534 1951 725 2006 sedere
774 1951 925 2017 velit,
963 1962 1055 2006 aut
1085 1951 1290 2022 aliquid
1317 1963 1446 2009 ante
1470 1953 1721 2022 praescri-

122 2053 269 2114 ptam
304 2044 494 2098 horam
521 2051 757 2114 gustare.
785 2040 842 2097 Si
866 2043 934 2101 ad
952 2051 1086 2113 o‘pus
1109 2042 1411 2100 faciendum
1429 2045 1722 2114 proficisci-

123 2136 282 2200 mini,
316 2134 424 2191 sibi
457 2137 686 2205 quisque
737 2135 1004 2202 attendat,
1041 2152 1146 2189 non
1191 2146 1370 2191 autem
1416 2137 1569 2192 fratri
1593 2154 1717 2194 suo.

120 2228 200 2284 Ne
231 2229 363 2300 quis
413 2229 645 2283 alterum
678 2229 874 2283 docere
920 2231 1138 2294 audeat,
1199 2241 1292 2285 aut
1323 2230 1370 2284 ei
1423 2230 1716 2301 quidquam

121 2319 443 2390 precipere.
468 2319 528 2374 Si
557 2319 698 2372 intra
728 2317 919 2374 cellam
963 2333 1098 2388 opus
1120 2320 1336 2388 aliquod
1368 2321 1572 2386 facitis,
1597 2337 1718 2391 per-

120 2412 346 2478 mittite,
380 2420 441 2466 ut
479 2411 709 2484 quisque
736 2410 902 2466 faciat
931 2413 1194 2466 arbitratu
1224 2427 1343 2468 suo.
1395 2413 1489 2467 Sin
1525 2413 1718 2483 aliquis

122 2505 326 2560 dixerit
354 2523 366 2558 :
431 2504 674 2560 Obsecro
707 2520 824 2572 vos,
857 2519 942 2561 me
987 2514 1046 2560 ut
1077 2505 1340 2582 doceatis,
1372 2521 1548 2576 neque
1572 2507 1714 2562 enim

120 2600 268 2664 scio;
305 2597 399 2668 qui
427 2597 574 2652 inter
603 2612 695 2653 vos
727 2598 931 2668 peritus
984 2607 1088 2664 est,
1129 2614 1198 2655 ne
1256 2599 1570 2668 reluctetur,
1626 2609 1718 2656 aut

119 2694 261 2748 scire
293 2707 362 2747 ne
389 2701 569 2762 neget.
629 2690 753 2747 Haec
785 2691 929 2748 enim
964 2707 1072 2746 non
1115 2701 1200 2747 est
1225 2691 1502 2747 humilitas
1531 2707 1719 2748 secun-

119 2786 246 2840 dum
276 2784 470 2840 Deum.
533 2784 589 2839 Si
646 2784 844 2840 videris
873 2783 1096 2841 fratrem
1135 2795 1282 2841 tuum
1313 2777 1450 2858 opus
1500 2785 1716 2857 aliquod

120 2879 442 2944 facientem,
495 2893 562 2932 ne
596 2877 800 2932 dixeris
823 2892 944 2932 eum
971 2892 1180 2944 errare,
1237 2889 1331 2934 aut
1363 2878 1497 2934 nihil
1522 2893 1705 2950 agere.

124 2971 280 3038 Quod
311 2970 358 3025 si
390 2972 506 3039 ipse
567 2979 617 3023 te
649 2971 940 3041 rogaverit,
982 2979 1038 3024 ut
1068 2986 1126 3026 se
1159 2971 1373 3035 doceas,
1413 2981 1472 3026 tu
1504 2986 1634 3027 vero
1661 2971 1714 3025 id

118 3081 226 3121 non
261 3063 483 3128 feceris,
543 3064 638 3120 sed
676 3065 930 3131 tacueris,
987 3065 1231 3120 ostendis
1260 3065 1312 3120 in
1355 3076 1407 3121 te
1459 3081 1564 3120 non
1594 3080 1713 3120 esse

1827 1861 1908 1917 sic
1943 1862 1995 1917 in
2041 1862 2170 1917 illud
2201 1863 2326 1918 totis
2357 1863 2561 1918 viribus
2608 1865 2882 1932 incumbe,
2929 1868 3137 1937 utquid
3172 1877 3248 1936 tu,
3279 1869 3409 1940 quid

1827 1953 1997 2010 frater
2044 1966 2168 2012 tuus
2220 1957 2272 2011 in
2331 1956 2671 2011 hebdomada
2725 1959 3068 2026 laboraverit,
3114 1961 3255 2015 scire
3301 1975 3408 2016 non

1826 2063 1986 2103 cures
2012 2064 2027 2114 ;
2061 2049 2300 2118 ineptum
2333 2059 2417 2105 est
2442 2051 2664 2106 enimid
2696 2065 2960 2120 quaerere.
2990 2051 3044 2104 Si
3073 2053 3138 2106 ad
3167 2068 3303 2120 opus
3335 2053 3412 2107 fa-

1826 2138 2074 2194 ciendum
2104 2153 2225 2193 cum
2280 2138 2534 2197 fratribus
2568 2141 2952 2209 proficisceris,
3010 2157 3075 2196 ne
3106 2143 3319 2211 cupias,
3348 2151 3409 2196 ut

1824 2231 1998 2286 sciant
2031 2241 2084 2286 te
2109 2231 2351 2287 omnium
2407 2233 2641 2287 maxime
2700 2231 2980 2288 laborasse
3035 2250 3050 2286 :
3084 2249 3222 2301 opus
3259 2235 3405 2288 enim

1826 2323 1968 2393 quod
1999 2324 2168 2379 homo
2220 2323 2350 2380 facit
2404 2325 2454 2379 in
2487 2325 2718 2390 occulto,
2771 2325 3026 2395 perspicit
3071 2325 3208 2380 Deus
3231 2325 3296 2380 ³⁸.
3346 2325 3406 2380 Si

1825 2415 1953 2486 quid
1988 2415 2082 2469 tibi
2121 2414 2288 2471 frater
2317 2416 2657 2486 responderit
2709 2417 2983 2482 acerbius,
3013 2417 3064 2471 id
3099 2433 3224 2470 cum
3266 2415 3409 2470 laeti-

1828 2507 1898 2560 tia
1926 2506 2161 2576 suscipe.
2195 2505 2253 2562 Si
2285 2508 2429 2562 enim
2478 2517 2627 2564 recto
2658 2508 2750 2563 Dei
2807 2507 3011 2577 judicio
3052 2509 3407 2578 cogitationes

1826 2608 1947 2654 tuas
1984 2601 2341 2666 examinaris,
2374 2609 2428 2656 te
2464 2616 2720 2672 peccasse
2747 2602 3163 2657 animadvertes.
3195 2600 3252 2657 Si
3280 2619 3405 2658 cum

1823 2691 2095 2749 fratribus
2128 2693 2363 2762 habitas,
2425 2704 2480 2748 et
2523 2695 2737 2750 animus
2765 2703 2818 2751 te
2843 2695 3104 2761 stimulat,
3136 2708 3193 2750 ut
3215 2698 3405 2751 restri-

1823 2786 1968 2840 ctius
2002 2785 2196 2852 vivas;
2237 2785 2320 2840 dic
2351 2785 2532 2840 animo
2565 2795 2689 2840 tuo:
2717 2784 2908 2840 Frater
2935 2786 3020 2841 hic
3049 2785 3296 2841 infirmus
3321 2795 3404 2840 est

1823 2877 2075 2934 dominus
2107 2893 2282 2934 meus.
2310 2877 2461 2944 Quod
2486 2878 2528 2932 si
2557 2880 2952 2948 temperantius
2981 2880 3198 2934 omnino
3224 2881 3406 2934 vivere

1823 2971 2133 3038 decrevisti,
2177 2971 2421 3026 cellulam
2465 2970 2560 3025 tibi
2617 2971 2784 3041 selige
2833 2972 3143 3040 separatim,
3193 2981 3248 3026 et
3296 2972 3404 3027 noli

1822 3061 2047 3117 fratrem
2105 3072 2252 3118 tuum
2295 3063 2568 3118 infirmum
2607 3060 2864 3133 aﬂligere.
2903 3063 2959 3118 Si
3013 3064 3181 3118 frater
3213 3063 3406 3133 aliquis

120 3155 216 3210 Dei
242 3153 598 3219 charitatem,
623 3153 716 3209 sed
748 3155 1068 3224 nequitiam.
1093 3154 1149 3210 Si
1191 3153 1360 3211 frater
1388 3163 1510 3212 tuus
1534 3154 1707 3210 edulia
1741 3134 1784 3192 θ
1816 3152 2136 3224 peregrinus
2176 3168 2337 3222 quem
2391 3152 2524 3207 vitio
2555 3152 2738 3223 aliquo
2790 3153 3037 3208 laborare
3061 3153 3402 3222 acceperitis,

115 3247 261 3302 haud
290 3246 364 3300 ita
398 3247 536 3300 bene
563 3245 788 3308 coxerit,
825 3259 894 3301 ne
919 3245 1121 3301 dixeris
1146 3259 1269 3301 eum
1302 3245 1444 3300 male
1465 3246 1706 3310 coxisse;

114 3340 168 3394 id
191 3338 340 3394 enim
369 3351 517 3393 mors
559 3345 642 3392 est
673 3338 868 3392 animae
901 3348 1004 3393 tua:
1037 3356 1050 3393 :
1086 3339 1180 3394 sed
1207 3337 1510 3405 considera,
1545 3353 1708 3408 quam

115 3431 411 3486 molestum
430 3439 485 3483 et
506 3441 671 3500 grave
700 3429 793 3485 tibi
825 3429 1036 3496 fuisset,
1063 3430 1108 3485 si
1137 3429 1258 3501 quis
1289 3430 1342 3484 in
1372 3438 1424 3485 te
1451 3443 1517 3484 ea
1543 3431 1708 3485 verba

114 3523 548 3596 pronuntiasset,
583 3530 637 3578 et
671 3523 938 3592 quiesces.
983 3521 1127 3578 Inter
1149 3521 1484 3592 psallendum
1517 3521 1561 3576 si
1585 3520 1707 3592 quis

115 3618 170 3671 in
217 3615 406 3685 aliquo
439 3615 600 3670 verbo
636 3613 924 3680 erraverit,
981 3629 1048 3668 ne
1084 3613 1269 3669 statim
1300 3629 1422 3669 eum
1464 3614 1707 3682 corrigas

115 3721 282 3780 atque
302 3711 612 3779 perturbes.
671 3708 775 3767 Sed
802 3711 847 3766 si
901 3711 1125 3764 verbum
1171 3707 1516 3778 praeterierit,
1546 3722 1614 3762 ne
1636 3707 1708 3762 sit

115 3803 210 3856 tibi
237 3817 412 3860 curae.
445 3802 541 3857 Sin
577 3804 870 3876 rogaverit,
900 3812 958 3858 ut
979 3801 1242 3873 corrigas,
1267 3810 1514 3856 amanter
1548 3799 1600 3854 id
1623 3798 1705 3854 fa-

113 3895 245 3950 cito.
277 3893 336 3949 Si
367 3895 496 3964 quid
523 3895 574 3949 in
603 3910 786 3951 mensa
824 3895 1009 3961 fuerit,
1048 3908 1079 3949 a
1109 3907 1217 3964 quo
1250 3892 1479 3947 fratrum
1507 3891 1703 3962 aliquis

111 3987 436 4053 abhorreat,
487 4002 554 4042 ne
581 3988 722 4043 dicat
759 4002 825 4042 eo
859 4002 917 4042 se
947 3987 1089 4042 vesci
1121 4001 1226 4041 non
1276 3999 1454 4056 posse,
1509 3986 1602 4040 sed
1636 3984 1704 4039 ad

113 4090 353 4136 mortem
409 4095 578 4151 usque
609 4081 710 4137 sibi
744 4081 859 4152 ipse
888 4082 996 4138 vim
1042 4078 1252 4148 afferat,
1283 4089 1338 4135 et
1376 4079 1516 4134 Deus
1554 4077 1700 4133 illum

111 4173 508 4230 consolabitur.
565 4173 624 4229 Si
677 4189 811 4244 opus
841 4173 1059 4244 aliquod
1091 4173 1252 4228 simul
1289 4171 1491 4236 facitis,
1520 4181 1574 4227 et
1606 4172 1703 4226 ali-

109 4267 234 4337 quis
264 4275 508 4321 vestrum
538 4266 722 4322 animo
755 4266 947 4336 pusillo
973 4266 1341 4322 desistendum
1369 4265 1437 4321 ab
1461 4265 1552 4320 illo
1573 4280 1700 4320 sua-

110 4360 268 4425 serit,
318 4374 445 4415 eum
507 4374 574 4414 ne
606 4359 1029 4430 reprehendatis,
1071 4359 1166 4414 sed
1213 4359 1415 4428 pariter
1449 4357 1696 4426 gaudete.

110 4450 166 4507 Si
228 4451 434 4506 fratres
472 4450 636 4522 aliqui
666 4452 732 4505 ad
779 4465 874 4506 vos
913 4450 1252 4516 diverterint,
1308 4465 1400 4506 eos
1435 4450 1502 4504 de
1538 4449 1698 4504 rebus

109 4545 402 4601 inutilibus
430 4559 497 4599 ne
532 4544 900 4614 interrogetis,
953 4542 1192 4614 alioquin
1227 4541 1368 4614 apud
1403 4557 1496 4598 vos
1531 4540 1698 4596 relin-

107 4646 284 4710 quent
335 4637 674 4716 servitutem.
705 4635 857 4702 Quod
911 4637 958 4693 si
1009 4635 1277 4707 quispiam
1337 4651 1406 4691 ex
1451 4635 1560 4691 illis
1596 4634 1700 4691 sibi

108 4745 423 4803 temperare
444 4731 771 4800 nequiverit,
808 4745 917 4802 quo
947 4731 1124 4786 minus
1165 4730 1323 4786 alicui
1356 4738 1594 4786 vestrum
1622 4729 1706 4784 di-

108 4837 198 4883 cat
227 4825 436 4895 aliquid
463 4825 655 4881 inutile
688 4834 742 4879 et
772 4825 1170 4894 perniciosum;
1196 4827 1240 4881 is
1269 4826 1359 4896 qui
1386 4824 1517 4880 illud
1550 4823 1706 4879 audi-

105 4922 273 4988 verit,
315 4920 538 4990 reliquis
567 4918 826 4976 fratribus
846 4934 913 4975 ne
940 4921 1148 4989 aperiat
1169 4935 1304 4984 rem,
1338 4934 1406 4975 ne
1439 4933 1706 4972 venenum

108 5011 466 5068 mortiferum
496 5013 706 5068 animos
734 5027 920 5070 eorum
954 5013 1250 5068 interimat.
1284 5010 1343 5067 Si
1376 5019 1426 5068 te
1477 5023 1703 5079 peregre

106 5105 391 5175 proﬁcisci
441 5106 738 5163 necessitas
765 5107 1025 5178 coegerit,
1053 5120 1120 5160 ne
1169 5105 1503 5176 perconteris
1537 5103 1700 5174 quid-

106 5217 301 5272 quam,
361 5202 505 5271 quod
546 5201 639 5256 tibi
669 5204 928 5273 prodesse
965 5209 1216 5269 nequeat,
1248 5209 1306 5253 ut
1349 5198 1415 5253 ad
1442 5197 1695 5254 cellulam

109 5302 262 5347 tuam
294 5290 584 5346 incolumis
633 5302 930 5348 revertare.
985 5291 1139 5358 Quod
1175 5290 1218 5346 si
1246 5288 1334 5344 vel
1360 5289 1564 5344 invitus
1597 5289 1697 5344 ali—

107 5383 241 5453 quid
295 5381 559 5452 ejusmodi
623 5384 917 5449 audiveris,
971 5384 1023 5439 in
1080 5383 1298 5438 domum
1343 5395 1598 5436 reversus
1631 5394 1698 5436 ne

105 5475 379 5530 fratribus
409 5477 693 5534 nuntiaris.
723 5477 780 5533 Si
816 5480 1010 5548 hospes
1044 5476 1096 5532 in
1131 5476 1304 5530 aliena
1329 5473 1549 5544 regione
1572 5488 1701 5528 ver-

107 5568 281 5633 saris,
312 5582 689 5642 quemcunque
711 5571 764 5627 in
806 5572 981 5629 locum
1013 5571 1249 5639 veneris,
1277 5569 1413 5625 nihil
1440 5583 1700 5640 arrogan-

1727 4503 1779 4565 D

1811 3245 1953 3315 apud
1980 3259 2075 3300 vos
2128 3242 2432 3309 diverterit,
2467 3258 2535 3298 ne
2573 3243 2866 3313 exploretis
2893 3259 3014 3298 eum
3053 3242 3259 3306 verbis,
3299 3244 3402 3298 nisi

1812 3337 2003 3391 vitium
2061 3337 2178 3407 ejus
2227 3351 2348 3392 sese
2391 3337 2722 3407 apparuerit,
2754 3335 2850 3392 sed
2905 3345 3117 3402 cavete,
3159 3351 3225 3390 ne
3275 3337 3402 3404 quid

1809 3428 2025 3485 faciatis
2070 3429 2213 3500 quod
2258 3429 2305 3486 si
2353 3428 2527 3484 frater
2576 3428 2843 3493 rescierit,
2874 3426 3160 3497 afﬂigatur.
3215 3426 3401 3497 Siqua

1809 3537 1868 3577 re
1908 3521 2002 3577 tibi
2029 3537 2166 3594 opus
2187 3531 2291 3588 est,
2321 3537 2388 3578 ne
2410 3535 2733 3577 succenseas
2764 3521 2921 3575 fratri
2956 3529 3070 3586 tuo,
3094 3520 3238 3590 quod
3270 3534 3396 3573 eam

1807 3616 1906 3672 tibi
1951 3626 2143 3687 sponte
2194 3631 2302 3671 non
2333 3615 2730 3681 commodarit;
2792 3613 2885 3670 sed
2947 3629 3069 3668 cum
3123 3612 3318 3666 fiducia
3346 3621 3400 3666 et

1809 3710 2161 3780 simplicitate
2189 3725 2317 3782 roga
2354 3709 2528 3774 illum,
2558 3717 2618 3763 ut
2647 3723 2760 3764 rem
2789 3707 2881 3762 tibi
2909 3707 3274 3761 necessariam
3308 3707 3401 3760 tri.

1805 3803 1960 3858 buat.
1999 3802 2125 3857 llzec
2173 3802 2318 3858 enim
2353 3801 2406 3857 in
2437 3803 2602 3857 corde
2633 3810 2716 3856 est
2757 3801 2979 3856 castitas
3024 3808 3240 3866 sancta;
3275 3813 3403 3853 nam

1806 3895 1852 3950 si
1887 3895 1939 3951 id
1972 3895 2046 3950 illi
2074 3909 2180 3949 non
2211 3893 2556 3963 patefeceris,
2589 3894 2681 3949 sed
2713 3894 2767 3948 in
2795 3895 2955 3949 corde
2985 3903 3072 3947 tuo
3108 3888 3399 3947 commur-

1806 4001 1961 4044 mure
2018 3985 2418 4051 succensueris,
2473 3985 2736 4057 judicium
2793 3983 2889 4042 tibi
2939 3985 3052 4053 ipse
3096 3983 3403 4038 constituis.

1803 4082 1863 4139 Si
1895 4083 2038 4137 inter
2083 4095 2176 4136 vos
2217 4079 2470 4135 inciderit
2518 4092 2700 4134 sermo
2746 4081 2810 4133 de
2865 4077 3049 4147 aliquo
3104 4074 3404 4146 Scriptum

1803 4177 1960 4244 loco,
1993 4177 2079 4231 cui
2134 4177 2284 4230 locus
2315 4173 2402 4229 ille
2440 4183 2598 4230 notus
2624 4181 2728 4236 est,
2761 4172 2806 4228 is
2828 4186 2949 4227 eum
2987 4169 3140 4225 fratri
3167 4184 3266 4224 suo
3293 4182 3388 4222 mo

1802 4271 1954 4325 deste
1990 4269 2331 4339 benigneque
2372 4266 2632 4321 declaret.
2685 4265 2759 4319 Ea
2814 4279 3048 4333 namque
3103 4261 3405 4330 Scriptura}

1805 4360 2042 4415 maxima
2068 4361 2306 4431 cognitio
2337 4367 2444 4422 est,
2487 4366 2548 4411 ut
2574 4364 2626 4411 te
2663 4355 2922 4409 humilem
2954 4355 3199 4424 praebeas
3241 4349 3400 4404 fratri

1807 4464 1922 4512 tuo.
1945 4453 2245 4510 Considera
2269 4451 2535 4521 judicium
2566 4449 2718 4514 illud,
2760 4449 2826 4501 ad
2851 4447 2992 4517 quod
3018 4443 3289 4500 sistendus
3313 4457 3399 4506 es,

1807 4555 1864 4602 et
1888 4561 2108 4618 operam
2149 4545 2238 4614 da,
2271 4561 2338 4599 ne
2395 4555 2575 4598 mutus
2607 4542 2678 4597 ibi
2708 4539 3151 4612 deprehendaris,
3185 4553 3287 4593 nec
3315 4537 3396 4590 ul-

1809 4641 1918 4696 lam
1976 4641 2030 4696 in
2081 4639 2171 4694 illa
2231 4641 2364 4695 hora
2409 4636 2750 4693 formidanda
2809 4634 3177 4690 defensionem
3243 4632 3398 4686 inve-

1811 4733 1950 4789 nias.

1885 4824 1972 4884 lll.
2005 4824 2135 4893 Quae
2183 4823 2365 4880 mundi
2393 4830 2540 4888 sunt,
2573 4835 2640 4876 ne
2669 4818 2936 4876 curiosius
2967 4815 3252 4886 inquiratis
3280 4833 3294 4881 ;
3328 4829 3397 4868 ue

1814 4920 2029 4978 latrinis
2059 4920 2264 4977 similes
2294 4921 2435 4987 sitis,
2463 4919 2530 4973 ad
2569 4932 2706 4988 quas
2751 4916 2998 4971 homines
3026 4913 3309 4976 accedunt,
3336 4919 3398 4964 ut

1811 5015 2020 5072 ventris
2073 5029 2241 5070 onera
2271 5014 2563 5084 deponant,
2595 5019 2757 5080 atque
2809 5009 2881 5064 ita
2927 5007 3100 5061 fetore
3130 5016 3252 5059 sunt
3284 5004 3395 5074 plc-

1811 5123 1910 5163 ηαξ.
1944 5106 2048 5162 Sed
2079 5114 2252 5162 estote
2278 5106 2458 5176 potius
2516 5101 2712 5172 templa
2761 5109 2815 5155 et
2843 5097 3034 5154 altaria
3061 5097 3151 5152 Dei
3185 5097 3237 5149 in
3269 5110 3396 5150 sau-

1808 5201 2015 5264 ctitatc,
2045 5201 2134 5255 ubi
2186 5213 2343 5252 mane
2390 5206 2458 5252 et”
2489 5195 2697 5266 vesperi
2758 5193 3051 5266 thymiama
3092 5188 3390 5242 ailoleatur.

1805 5289 2095 5362 Nunquam
2135 5291 2306 5344 altare
2342 5291 2444 5345 hoc
2469 5289 2541 5345 sit
2592 5287 2709 5342 sine
2755 5285 3130 5355 thymiamate.
3166 5280 3397 5348 Semper

1807 5394 1982 5440 estote
2012 5388 2063 5438 in
2101 5391 2394 5456 conspectu
2425 5381 2516 5436 Dei
2554 5380 2904 5435 obsecrantes
2923 5392 3070 5440 eum,
3105 5384 3159 5428 et
3192 5373 3399 5444 gratias

1809 5486 2031 5548 agentes
2058 5492 2179 5532 cum
2232 5475 2580 5545 simplicitate
2623 5481 2677 5528 et
2731 5471 3062 5533 sinceritate,
3104 5477 3211 5521 uta
3241 5463 3396 5517 vobis

1811 5570 2042 5642 accipiat
2078 5571 2218 5626 Deus
2250 5584 2313 5625 ea
2337 5581 2455 5638 qua:
2485 5563 2766 5620 calliditati
2799 5573 2854 5618 et
2883 5559 3164 5632 sapientia:
3195 5558 3396 5612 daemo-

183 5728 228 5758 ³¹
259 5728 367 5782 lsa.
399 5742 555 5798 x-Lni,
581 5727 690 5784 1-5.
768 5729 813 5761 ³⁸
841 5727 944 5786 lsa.
979 5745 1009 5784 ι.
1063 5729 1120 5797 8,
1149 5727 1208 5786 9.
1281 5727 1326 5809 θ’
1359 5726 1548 5786 Malllt.
1582 5742 1654 5795 Vl,
1678 5726 1710 5782 4

1849 5731 1937 5785 18.
