3862 6328
454 244 591 301 1125

1571 235 1838 291 PATBES
1893 231 2198 288 {EGYPTII
2240 232 2511 291 SECULI
2550 236 2641 292 IV.

3584 249 3735 305 ΗΞῑ

454 358 644 425 niaeae,
706 367 758 413 et
794 354 1115 419 curiositati,
1182 364 1237 410 et
1286 352 1455 409 nimio
1511 354 1681 408 amori
1718 354 1797 407 sui
1858 353 2027 422 ipsius

2138 352 2745 425 fratribusiquibuscum
2796 354 2999 410 vixisti.
3058 356 3134 412 Ne
3160 359 3395 417 audieris
3435 363 3733 421 inimicum

456 451 741 519 cordisque
773 450 990 504 malitia:
1017 456 1143 502 sunt
1168 447 1462 502 contraria.
1493 446 1583 500 llis
1610 446 1753 499 enim
1782 445 1872 513 qui
1905 454 2034 497 sunt

456 541 729 602 obstricti,
758 541 953 595 frustra
986 539 1256 603 laborant,
1282 549 1336 594 et
1364 542 1485 595 finis
1514 554 1701 593 eorum
1739 537 2028 599 interitus;

456 634 547 703 qui
582 649 708 689 vero
736 633 898 687 Deum
931 632 1103 695 timet,
1134 642 1189 685 et
1224 632 1607 687 conscientiam
1642 632 1811 695 audit,
1849 630 1915 682 ah
1949 629 2033 683 his

455 725 708 778 omnibus
740 724 1074 777 abhorrebit.
1112 724 1180 775 At
1229 722 1615 792 paterfamilias
1644 721 1817 784 abest,
1871 719 2033 771 miser

457 818 618 871 homo
651 817 866 869 domum
920 823 1288 869 constructam
1352 814 1512 868 habet
1562 826 1724 881 super
1756 809 2032 864 voluntate

454 925 574 973 sna,
632 920 687 963 et
734 908 973 977 loquitur
1024 923 1143 978 quae
1169 923 1270 961 non
1299 907 1409 961 vult
1446 907 1495 960 in
1525 921 1583 960 se
1610 906 1746 975 ipso,
1778 903 2030 973 quoniam

456 1017 560 1055 non
586 1001 749 1055 habet
775 1016 868 1055 eor
893 1002 944 1054 in
973 1009 1236 1069 poteSIate
1265 1015 1382 1064 sua,
1416 1000 1508 1053 sed
1538 999 1588 1051 in
1615 1012 1775 1051 manu
1808 995 2030 1049 inimici.

378 1115 394 1132 ι
455 1093 510 1148 Si
545 1094 610 1148 ad
638 1109 772 1163 OpllS
797 1093 945 1147 exire
971 1093 1151 1157 vultis,
1216 1108 1351 1145 nnus
1383 1090 1608 1144 alterum
1648 1104 1714 1143 ne
1749 1087 2030 1155 despiciat,

456 1202 632 1256 neque
687 1187 958 1258 relinquat
1014 1186 1235 1240 fratrem
1282 1200 1462 1247 suum,
1502 1193 1567 1238 ut"
1602 1185 1653 1237 in
1688 1184 1819 1236 cella
1850 1199 1876 1235 a
1905 1197 2034 1237 con-

456 1278 679 1332 scientia
709 1277 1030 1333 stimuletur.
1056 1276 1159 1331 Sed
1182 1293 1302 1332 eum
1332 1286 1577 1331 amanter
1599 1277 1677 1331 sic
1698 1275 2030 1344 alloquatur:

457 1369 550 1426 Vis
582 1379 637 1424 ut
661 1371 960 1425 exeamus?
988 1372 1139 1437 Quod
1194 1370 1237 1423 si
1274 1369 1494 1423 fratrem
1524 1384 1679 1424 suum
1706 1382 1769 1421 eo
1798 1377 2035 1435 tempore

456 1460 633 1515 minus
664 1460 902 1529 quietum
965 1461 1260 1529 aspexerit,
1314 1470 1406 1513 aut
1445 1475 1670 1529 corpore
1717 1459 2031 1522 invalidum,

455 1566 525 1606 ne
562 1551 852 1605 contendat
896 1561 1019 1605 tunc
1074 1564 1194 1605 esse
1240 1550 1635 1616 discedendum,
1696 1550 1790 1605 sed
1842 1550 2035 1619 paulu~

457 1642 565 1697 lum
597 1642 831 1705 differat,
859 1652 911 1696 et
957 1657 1078 1695 cum
1111 1640 1379 1695 charitale
1411 1642 1477 1695 ad
1506 1641 1753 1695 cellulam
1786 1650 2033 1695 reverta-

2136 444 2478 509 suadentem,
2516 454 2574 496 ut
2600 444 2819 499 simules
2861 455 2912 500 te
2955 462 2983 499 a
3014 446 3271 503 fratribus
3297 450 3551 507 affectum
3578 454 3733 523 inju-

2140 532 2216 585 ria
2254 547 2281 584 a
2314 532 2508 601 quibus
2560 533 2879 589 beneficium
2909 538 3187 607 accepisti,
3224 556 3332 610 quo
3368 542 3546 613 fugias
3581 546 3732 600 infa-

2135 624 2297 679 miam
2326 635 2378 678 et
2405 640 2592 679 eorum
2624 626 2917 695 ignominia
2954 639 3213 699 conlegas
3253 642 3421 699 tuam,
3448 647 3619 707 atque
3652 638 3725 691 ita

2134 732 2320 770 servus
2368 717 2571 771 inimici
2629 718 2725 772 fias
2753 719 3061 790 ubicunque
3091 724 3309 779 vixeris.
3364 725 3419 779 Si
3459 736 3514 781 te
3536 729 3728 797 aliqua

2134 807 2426 863 contuleris
2453 810 2519 861 ad
2554 808 2921 877 habitandum,
2955 812 3096 867 haud
3139 816 3209 869 ita
3257 817 3364 872 cito
3411 820 3605 874 cellam
3639 822 3727 873 in-

2135 899 2413 953 colendam
2442 900 2533 954 tibi
2568 899 2683 968 ipse
2708 903 3030 966 constituas,
3059 906 3158 960 nisi
3189 908 3338 975 prius
3364 909 3467 965 loci
3496 922 3726 967 naturas

2135 990 2466 1057 consideres,
2527 1006 2594 1046 ne
2649 991 2786 1047 forte
2838 994 2947 1048 illic
3003 996 3382 1053 ofl'endiculum
3448 1004 3722 1069 reperias,

2134 1082 2216 1136 vel
2264 1092 2483 1153 pr0pter
2541 1084 2976 1151 sollicitudinem,
3036 1087 3119 1142 vel
3154 1100 3374 1160 prapter
3408 1092 3720 1161 cujnSpiam

2135 1186 2502 1242 conspectum,
2533 1175 2613 1231 vel
2645 1186 2861 1247 propter
2888 1179 3137 1249 gloriam,
3164 1182 3243 1235 vel
3271 1195 3492 1252 propter
3516 1184 3722 1238 laboris

2138 1266 2583 1335 magnitudinem,
2622 1268 2707 1322 vel
2756 1280 2975 1339 propter
3014 1270 3361 1328 offensionem
3389 1277 3719 1340 amicorum,

2136 1371 2443 1427 quanquam
2500 1358 2541 1412 si
2576 1359 2792 1429 sapiens
2844 1362 3028 1427 fueris,
3085 1366 3270 1433 paucis
3302 1366 3495 1421 diebus
3533 1368 3722 1420 omnia

2137 1466 2452 1519 cognosces,
2483 1452 2624 1507 unde
2674 1454 2767 1509 tibi
2798 1465 2889 1510 aut
2916 1470 3079 1522 mors,
3107 1467 3201 1511 aut
3230 1457 3339 1512 vita
3374 1458 3445 1512 sit
3478 1472 3719 1521 proven-

2140 1553 2191 1599 ιιι
2201 1559 2277 1599 ra.

2214 1637 2273 1690 V.
2312 1635 2367 1691 Si
2401 1635 2553 1693 fratri
2591 1638 2778 1695 cellam
2814 1645 2962 1693 tuam
2989 1640 3105 1695 dies
3140 1639 3429 1711 aliquotad
3456 1640 3719 1694 habitan-

457 1718 565 1788 tur.
598 1733 815 1797 Cavete,
849 1747 914 1787 ne
943 1731 1042 1785 ulla
1072 1732 1123 1785 in
1169 1746 1227 1785 re
1264 1730 1525 1786 fratribus
1555 1732 1747 1785 vestris
1779 1731 2028 1784 adverse-
2063 1717 2103 1772 Β
2134 1730 2259 1783 dum
2288 1730 2644 1795 concesseris,
2679 1731 2783 1785 noli
2808 1747 2928 1787 eum
2960 1732 3053 1787 tibi
3082 1733 3350 1787 subditum
3371 1732 3715 1787 existimare.

456 1827 616 1891 mini,
652 1841 720 1881 ne
760 1841 853 1881 eos
907 1824 1255 1894 perturbetis.
1290 1824 1346 1879 Si
1388 1826 1511 1894 quis
1553 1840 1675 1878 cum
1730 1832 1883 1894 patre
1937 1830 2031 1876 ant

418 1916 626 1973 ‘fratre
648 1934 747 1974 suo
780 1918 988 1971 habitat
1039 1916 1326 1985 spirituali,
1383 1916 1586 1971 nullum
1640 1931 1763 1971 cum
1794 1916 2033 1972 externis

455 2007 838 2061 commercium
877 2007 1071 2060 habeat
1117 2018 1131 2058 :
1167 2006 1280 2061 lucc
1314 2007 1458 2060 enim
1507 2014 1590 2061 est
1629 2021 1732 2076 pax
1767 2014 1823 2059 et
1856 2002 2033 2072 subje-

455 2100 582 2153 ctio.
614 2096 668 2153 Si
698 2113 815 2152 cum
846 2107 999 2167 patre
1032 2107 1125 2151 aut
1161 2098 1329 2152 fratre
1378 2106 1469 2152 tuo
1495 2098 1733 2164 habitas,
1785 2112 1853 2152 ne
1883 2098 2035 2153 ineas

455 2191 593 2244 clam
633 2190 927 2244 amicitiam
960 2203 1082 2243 cum
1137 2189 1338 2259 aliquo,
1375 2205 1547 2259 neque
1589 2189 2034 2250 occultelitteras

454 2282 520 2336 ad
553 2282 787 2352 aliquem
816 2282 1043 2346 scribas,
1075 2283 1216 2351 quod
1249 2298 1343 2336 eos
1366 2282 1682 2352 quibuscum
1718 2283 1873 2347 vivis,
1900 2281 2034 2337 velis

408 2380 411 2383 '
455 2374 745 2444 ignorare;
791 2372 1028 2443 alioquin
1058 2383 1113 2429 et
1170 2382 1222 2428 te
1267 2373 1437 2442 ipsum
1478 2383 1532 2426 et
1567 2374 1687 2429 illos
1721 2375 1935 2443 perdes.
1975 2374 2033 2429 Si

451 2481 575 2520 cum
611 2466 887 2535 superiore
945 2474 997 2519 te
1056 2463 1289 2526 habitas,
1329 2464 1434 2519 noli
1490 2463 1628 2518 clam
1655 2475 1709 2520 et
1751 2470 1817 2520 eo
1863 2466 2033 2521 inscio

452 2554 679 2628 pauperi
714 2556 1059 2613 benefacere.
1109 2556 1226 2611 Noli
1257 2567 1377 2627 post
1410 2556 1613 2612 factum
1636 2567 1820 2627 petere
1849 2558 2032 2616 cousi-

453 2649 605 2714 linm,
637 2650 729 2705 sed
760 2651 825 2705 de
864 2650 931 2705 iis
963 2664 1083 2720 qua:
1112 2657 1165 2704 te
1204 2649 1254 2704 in
1287 2649 1572 2720 praesentia
1598 2650 1878 2704 stimulant
1904 2664 2033 2704 con-

452 2743 607 2809 sule;
639 2742 753 2798 sive
803 2744 868 2796 de
896 2742 1215 2812 migratione
1258 2742 1485 2810 cogitas,
1518 2742 1630 2796 sive
1656 2756 1790 2811 opus
1819 2742 2032 2799 discere

454 2834 608 2903 cupis
641 2842 736 2887 aut
767 2833 1149 2900 intermittere,
1177 2840 1269 2885 aut
1292 2847 1412 2886 cum
1440 2832 1709 2903 aliquibus
1729 2833 2029 2899 discedere,

454 2926 713 2979 audacter
747 2925 1031 2980 consilium
1072 2934 1217 2993 pete,
1259 2934 1547 2993 antequam
1580 2939 1693 2979 rem
1743 2925 1912 2994 ipsam
1938 2938 2032 2996 ag-

454 3018 728 3086 grediare.
757 3017 921 3087 Aperi
962 3017 1339 3087 aagritudinem
1385 3016 1549 3070 animi
1585 3016 1681 3084 tui,
1713 3026 1805 3071 aut
1834 3027 2029 3086 corpo-

455 3112 534 3166 ris
567 3111 809 3177 morbos,
837 3119 929 3165 aut
970 3124 1158 3165 eorum
1184 3123 1394 3176 causas,
1424 3118 1584 3178 atque
1613 3108 1686 3163 ita
1722 3109 1894 3180 aperi,
1922 3124 2025 3165 non

454 3212 512 3257 ut
544 3201 772 3271 integer,
806 3200 899 3256 sed
924 3209 1004 3277 ,ιιι
1030 3200 1341 3256 vulneratus
1379 3200 1617 3266 videare,
1644 3199 1688 3255 si
1726 3201 1808 3255 vis
1836 3199 2025 3254 vulne-

456 3295 533 3348 ris
578 3293 1030 3349 medicamentum
1078 3294 1345 3364 aceipere.
1395 3292 1548 3360 Quod
1579 3292 1623 3348 si
1671 3292 2029 3364 cogitationes

454 3395 577 3443 tuas
601 3386 884 3456 patefacis,
913 3402 979 3443 ne
1007 3386 1249 3451 simules,
1285 3401 1419 3442 neve
1456 3401 1569 3441 rem
1597 3401 1756 3440 unam
1794 3400 1892 3456 pro
1923 3386 2026 3441 alia

454 3479 619 3543 dicas,
654 3485 745 3531 aut
786 3486 1038 3546 tanquam
1084 3477 1150 3531 de
1189 3476 1294 3531 alio
1324 3475 1591 3540 consulas,
1631 3475 1722 3529 sed
1746 3475 2027 3532 veritatem

454 3584 663 3640 prome,
694 3579 856 3638 atque
896 3569 967 3623 ita
1011 3580 1061 3625 te
1092 3570 1265 3639 ipsum
1300 3584 1449 3638 para,
1477 3578 1534 3623 ut
1564 3585 1682 3638 qua;
1711 3570 1802 3625 tibi
1836 3569 2025 3625 dicen-

454 3674 563 3727 tur,
589 3662 823 3729 efﬁcias;
848 3662 1043 3733 alioqui
1079 3680 1183 3718 non
1210 3677 1369 3718 senes
1404 3678 1539 3732 quos
1567 3662 1823 3730 consulis,
1857 3664 1950 3719 sed
1980 3673 2031 3718 te

455 3754 628 3823 ipsum
663 3754 920 3823 decipies.

526 3844 613 3899 ιν.
652 3844 707 3899 Si
742 3861 770 3898 a
809 3845 1028 3900 senibus
1051 3843 1333 3900 consilium
1386 3845 1523 3913 petis
1558 3845 1816 3899 adversus
1848 3852 2029 3898 tenta-

456 3938 657 3991 tionum
694 3937 1142 4007 impugnationes,
1173 3951 1240 3990 ne
1262 3937 1450 3990 audias
1484 3951 1596 4003 eos,
1635 3937 1724 4005 qui
1753 3936 1845 3991 tibi
1876 3936 2029 4005 plura

453 4042 616 4097 quam
644 4042 800 4082 senes
856 4028 1001 4082 intus
1028 4026 1341 4098 loquuntur.
1390 4025 1495 4081 Sed
1521 4026 1685 4081 Deum
1716 4042 1836 4093 ora,
1862 4038 1918 4082 ut
1949 4039 2029 4083 te-

454 4136 578 4176 cum
613 4120 776 4174 faciat
799 4119 1230 4175 misericordiam
1280 4134 1453 4185 suam,
1482 4134 1743 4190 senesque
1790 4129 2025 4183 moneat,

456 4222 515 4266 ut
550 4212 665 4276 tibi,
696 4226 814 4281 quae
870 4210 973 4280 ipsi
1036 4220 1191 4282 grata
1220 4220 1366 4274 sunt,
1400 4210 1705 4265 consulant.
1741 4210 1876 4264 Tum
1912 4227 2031 4280 qua:

456 4304 553 4360 tibi
589 4318 745 4359 senes
805 4303 1058 4369 dixerint,
1102 4302 1283 4369 facito,
1307 4313 1360 4357 et
1392 4302 1530 4359 Dens
1566 4312 1615 4357 te
1644 4302 2026 4357 consolabitur.

457 4396 515 4450 Si
546 4411 667 4451 cum
713 4395 976 4453 fratribus
1024 4394 1259 4459 habitas,
1300 4404 1355 4449 et
1382 4394 1614 4463 quietem
1644 4408 1750 4447 non
1800 4393 2026 4457 invenis,

453 4489 540 4543 vel
591 4498 808 4558 propter
860 4502 1047 4557 Opera,
1100 4484 1183 4541 vel
1215 4496 1430 4556 propter
1466 4485 1708 4552 vincula;
1773 4484 1853 4539 vel
1901 4487 2026 4555 quia

454 4595 594 4635 enus
622 4580 765 4635 ferre
797 4596 899 4634 non
931 4588 1103 4648 potes,
1138 4579 1216 4631 vel
1246 4587 1463 4647 pr0pter
1496 4578 1761 4643 acediam,
1795 4579 1878 4632 vel
1907 4580 2029 4647 quia

450 4672 635 4743 iugum
664 4672 928 4726 sustinere
957 4685 1060 4724 non
1088 4670 1254 4735 vales,
1305 4670 1387 4725 vel
1426 4670 1553 4739 quia
1584 4669 1761 4725 facere
1787 4670 2031 4725 volunta-

457 4776 564 4821 tem
599 4777 741 4817 tuam
789 4778 891 4817 non
922 4772 1094 4832 potes,
1127 4760 1209 4815 vel
1238 4762 1361 4831 quia
1414 4772 1701 4830 suppetunt
1735 4776 1820 4817 res
1848 4778 2035 4818 neces-

453 4858 719 4923 sariae,vel
748 4856 871 4927 quia
904 4869 962 4909 se
986 4855 1193 4909 veriore
1225 4862 1274 4908 te
1304 4852 1585 4922 disciplina
1614 4854 1764 4922 cupis
1802 4854 2035 4909 adstrin-

454 4966 580 5019 gere
615 4958 669 5006 et
697 4950 1067 5003 vehementius
1125 4947 1411 5016 castigare,
1473 4961 1565 5000 seu
1603 4946 1793 5015 quavis
1825 4945 1929 5000 alia
1961 4947 2029 5002 de

453 5058 614 5095 ransa
658 5052 708 5095 te
758 5041 969 5094 animus
1025 5047 1203 5094 movet
1250 5048 1307 5092 ut
1332 5037 1648 5109 egrediaris,
1687 5053 1820 5094 cave
1852 5054 1917 5094 ne
1951 5050 2028 5093 te-

455 5149 603 5187 tnerc
638 5133 690 5187 id
731 5132 916 5197 facias,
966 5146 1069 5185 neu
1096 5131 1283 5200 jugum
1317 5130 1580 5192 excutias,
1633 5139 1689 5183 et
1716 5143 1878 5184 exeas
1904 5144 2025 5184 cum

457 5224 700 5289 tristitia,
726 5232 817 5277 aut
838 5223 1044 5277 occulte
1066 5222 1237 5290 fugias
1262 5236 1383 5275 cum
1409 5219 1714 5284 afﬂictione,
1743 5221 2028 5277 immemor

458 5316 833 5381 fraternitatis,
866 5331 988 5371 cum
1015 5314 1239 5371 offensio
1280 5314 1584 5381 intercedit,
1606 5323 1661 5369 et
1688 5313 1905 5367 malitia:
1934 5328 2027 5369 ve-

455 5410 632 5464 lamen
687 5408 971 5473 obti-ndas,
1006 5408 1098 5463 sed
1129 5408 1308 5477 potius
1336 5406 1485 5477 pacis
1520 5415 1575 5461 et
1614 5404 2025 5476 tranquillitatis

456 5511 668 5569 tempus
703 5500 956 5563 observa,
1009 5509 1065 5555 ut
1096 5501 1308 5555 animus
1332 5508 1478 5563 tuus,
1505 5498 1809 5569 ubicunque
1835 5496 2024 5564 fueris,

453 5593 824 5662 conquiescat.
858 5588 980 5647 Tibi
1030 5592 1129 5661 ipsi
1167 5590 1376 5661 culpam
1429 5589 1662 5655 ascribe,
1694 5603 1801 5646 non
1846 5596 2025 5643 autem

527 5750 572 5781 “
599 5748 790 5806 Matth.
823 5763 895 5817 Vl,
927 5749 982 5816 4,
1013 5749 1067 5817 6,
1098 5749 1183 5805 18.

2136 1820 2192 1874 Si
2222 1819 2411 1875 cellam
2443 1821 2667 1878 alterius
2700 1825 2813 1891 ipse
2869 1824 3059 1879 diebus
3091 1824 3296 1895 aliquot
3352 1826 3421 1878 ad
3461 1826 3717 1879 habitan-

2134 1913 2257 1968 dum
2296 1914 2593 1984 acceperis,
2630 1915 2761 1971 nihil
2787 1915 2840 1969 in
2871 1930 2931 1969 ea
2964 1918 3166 1982 diruas,
3191 1927 3283 1972 aut
3323 1918 3565 1972 aedifices
3599 1917 3716 1971 sine

2133 2004 2251 2075 ejus
2279 2004 2490 2062 licentia
2534 2007 2622 2077 qui
2654 2024 2772 2062 eam
2805 2008 2900 2063 tibi
2944 2008 3324 2063 commodavit.
3354 2005 3411 2061 Si
3444 2022 3571 2061 cum
3614 2007 3713 2060 ali-

2134 2112 2239 2167 quo
2270 2098 2350 2153 vel
2386 2098 2595 2154 habitas
2643 2100 2727 2155 vel
2789 2115 3010 2170 peregre
3039 2098 3422 2169 proficisceris,
3463 2107 3519 2153 et
3549 2097 3618 2151 ab
3648 2111 3715 2150 eo

2134 2189 2443 2243 mandatum
2491 2190 2724 2259 accipis;
2779 2204 2911 2245 cave
2961 2196 3179 2258 propter
3205 2187 3394 2251 Deum,
3454 2201 3523 2240 ne
3582 2201 3714 2239 con-

2144 2292 2373 2348 temnas,
2406 2299 2541 2339 neve
2572 2294 2664 2338 aut
2704 2283 2841 2339 clam
2870 2292 2961 2337 aut
2991 2282 3167 2352 palam
3200 2281 3266 2335 ab
3309 2280 3427 2349 ipso
3456 2280 3714 2333 mandato

2135 2377 2374 2432 recedas.
2414 2377 2469 2431 Si
2500 2378 2594 2434 tibi
2627 2378 2743 2448 ipse
2800 2378 2853 2433 in
2892 2376 3079 2431 cellula
3109 2385 3195 2430 tua
3230 2373 3632 2443 prmscripsisti,
3656 2380 3715 2424 ιιι

2134 2469 2216 2525 vel
2242 2479 2442 2525 statuta
2499 2470 2677 2541 aliqua
2711 2472 2842 2525 hora
2870 2468 3148 2529 comedas,
3180 2467 3261 2523 vel
3292 2481 3322 2520 a
3370 2465 3499 2521 cibo
3529 2466 3712 2532 aliquo

2134 2562 2432 2628 absﬁneas,
2468 2576 2600 2618 cave
2662 2566 2739 2617 ne'
2769 2578 2888 2616 cum
2957 2575 3179 2632 peregre
3214 2557 3604 2630 proficisceris,
3658 2557 3709 2609 in

2134 2669 2320 2710 mensa
2379 2656 2615 2725 cuipiam
2647 2656 2799 2710 dicas
2834 2672 2847 2708 :
2879 2652 3100 2724 Ignosce
3152 2651 3305 2717 mihi,
3337 2653 3438 2705 hoc
3468 2665 3570 2721 ego
3593 2648 3713 2702 cibo

2133 2761 2242 2801 non
2273 2761 2485 2803 vescor.
2541 2747 2631 2802 Sic
2676 2747 2815 2803 enim
2846 2747 3058 2801 vanitas
3104 2756 3193 2799 tua
3245 2744 3458 2798 labores
3503 2752 3627 2795 tuos
3659 2741 3710 2794 in

2132 2856 2326 2898 manus
2349 2842 2690 2897 inimicorum
2716 2851 2929 2897 tuorum
2953 2849 3250 2896 excuteret.
3276 2837 3542 2892 Dominus
3565 2834 3708 2889 enim

2127 2928 2299 2999 jubet,
2326 2941 2383 2985 ut
2412 2932 2462 2985 in
2510 2930 2721 2987 occulto
2750 2931 2862 2987 haec
2900 2930 3181 2995 faciamus,
3224 2929 3364 2998 quod
3395 2926 3557 2981 Pater
3615 2940 3711 2979 no-

2138 3032 2249 3077 ster
2279 3022 2434 3078 nobis
2467 3023 2655 3077 reddat
2683 3024 2735 3077 in
2760 3023 3045 3078 manifesto
3080 3023 3145 3076 “.
3181 3022 3279 3089 Qui
3310 3035 3475 3092 opera
3509 3036 3607 3075 sua
3631 3018 3711 3072 di-

2138 3113 2274 3182 ligit,
2308 3127 2371 3168 ea
2399 3124 2595 3181 servet,
2626 3128 2690 3168 ne
2715 3123 2959 3184 pereant.
2996 3111 3052 3167 Si
3080 3112 3131 3167 in
3160 3112 3348 3167 eodem
3373 3109 3557 3164 vivitis
3584 3124 3713 3161 eon-

2140 3206 2407 3273 tubernio,
2459 3217 2511 3262 et
2558 3222 2679 3262 cum
2744 3222 2877 3273 opus
2915 3206 3129 3275 aliquod
3161 3206 3327 3269 intus,
3362 3202 3614 3257 autloris
3635 3200 3714 3253 fa-

2134 3301 2278 3361 citis.
2318 3300 2487 3356 frater
2537 3309 2661 3356 tuus
2692 3312 2848 3356 vocat
2877 3310 2965 3367 te;
3026 3315 3093 3356 ne
3150 3299 3352 3354 dixeris
3388 3295 3712 3364 :Paulisper

2136 3403 2410 3464 exspecta,
2439 3395 2564 3448 dum
2598 3409 2733 3463 opus
2754 3393 3050 3458 absolvam,
3088 3390 3182 3448 sed
3213 3390 3394 3446 statim
3431 3388 3709 3456 obtempe-

2136 3498 2215 3538 ra.
2257 3484 2389 3539 Cum
2426 3498 2559 3553 opus
2588 3482 2805 3553 aliquod
2836 3481 2995 3538 simul
3026 3480 3223 3543 facitis,
3270 3478 3314 3532 si
3343 3485 3586 3532 erratum
3619 3471 3713 3526 ali-

2136 3574 2292 3645 cujus
2319 3575 2789 3641 animadverteris,
2825 3588 2892 3628 ne
2919 3573 3046 3628 illud
3091 3574 3157 3626 ad
3185 3570 3321 3625 alios
3346 3566 3589 3629 deferas,
3624 3572 3711 3617 aut

2136 3664 2303 3718 inore
2331 3673 2422 3717 tuo
2454 3664 2543 3725 sit,
2585 3672 2642 3718 ut
2669 3662 2924 3719 fratribus
2974 3661 3158 3725 dicat;
3188 3659 3240 3713 id
3292 3656 3434 3713 enim
3459 3663 3544 3709 est
3571 3666 3711 3707 mors

2136 3757 2327 3811 animae
2353 3764 2476 3811 tute.
2511 3756 2566 3811 Si
2608 3765 2782 3811 tecum
2820 3755 3014 3809 fratres
3045 3752 3437 3817 habitaverint,
3466 3763 3591 3803 cum
3632 3746 3708 3800 la-

2136 3847 2376 3903 borando
2400 3859 2525 3903 sunt
2555 3847 2703 3912 fessi,
2729 3857 2855 3902 ante
2898 3846 3123 3901 solidam
3153 3842 3343 3899 edendi
3386 3841 3598 3903 horam,
3632 3837 3709 3891 fac

2137 3950 2195 3995 ut
2219 3940 2396 3995 cibum
2428 3942 2661 4011 capiant,
2717 3949 2770 3993 et
2809 3938 3102 4007 quiescant.
3160 3935 3251 3988 Dei
3300 3932 3503 4002 judicio
3540 3941 3713 3995 utere,

2137 4046 2243 4085 non
2274 4038 2454 4085 autem
2483 4040 2591 4084 tuo.
2632 4028 2899 4096 Quidquid
2931 4028 3065 4095 agis,
3102 4026 3265 4080 Deum
3303 4022 3396 4076 tibi
3424 4030 3553 4074 ante
3576 4035 3708 4074 ocu-

2143 4122 2224 4178 los
2280 4135 2539 4192 pr0pone.
2573 4119 2627 4175 Si
2653 4120 2833 4188 aliquo
2863 4118 2927 4172 ad
2958 4116 3305 4171 habitandum
3348 4111 3709 4167 concesseris.

2139 4214 2221 4270 vel
2255 4214 2421 4279 solus,
2472 4213 2554 4268 vel
2586 4228 2706 4267 cum
2767 4212 2873 4265 illis
2902 4210 2991 4279 qui
3028 4217 3183 4263 erant
3233 4206 3344 4261 illic
3374 4213 3501 4258 ante
3546 4212 3619 4265 te,
3660 4211 3710 4255 et

2135 4303 2336 4360 videris
2390 4302 2461 4356 ibi
2505 4302 2792 4364 artificem,
2841 4309 2933 4353 aut
2980 4311 3142 4369 opera
3180 4310 3298 4366 qua:
3328 4293 3709 4348 detrimentum

2139 4395 2388 4461 afferant,
2417 4406 2507 4449 aut
2532 4392 2796 4449 monacho
2829 4391 3006 4444 minus
3037 4385 3435 4447 convenientia,
3465 4398 3533 4436 ne
3558 4392 3711 4453 pate-

2134 4488 2331 4543 feceris
2378 4502 2440 4542 os
2480 4495 2625 4541 tuum
2665 4485 2729 4537 ad
2770 4479 3313 4552 reprehendendum;
3352 4475 3448 4530 sed
3479 4476 3523 4528 si
3564 4473 3713 4545 quie-

2136 4588 2239 4635 tem
2272 4592 2377 4633 non
2428 4576 2655 4639 invenis,
2691 4574 2796 4628 alio
2843 4571 3206 4643 proficiscere,
3245 4576 3299 4621 et
3349 4565 3591 4635 linguam
3624 4578 3712 4616 co-

2134 4671 2282 4736 hibe,
2306 4684 2373 4724 ne
2398 4667 2726 4729 maledicas;
2778 4665 2827 4718 id
2853 4663 2993 4718 enim
3024 4660 3117 4715 tibi
3160 4674 3306 4713 mors
3326 4666 3429 4711 est.
3464 4654 3523 4710 Si
3560 4655 3709 4707 infir-

2138 4778 2256 4818 mus
2284 4776 2364 4827 es,
2393 4772 2447 4817 et
2474 4762 2540 4816 ad
2564 4759 2694 4815 vitia
2744 4756 3015 4827 proclivis,
3045 4768 3114 4809 ne
3155 4752 3436 4822 permittas
3467 4760 3529 4801 ut
3566 4746 3711 4815 cogi-

2140 4856 2376 4911 tationes
2405 4856 2773 4921 suas‘pravas
2816 4850 2910 4905 tibi
2959 4858 3211 4917 tanquam
3264 4842 3403 4897 fideli
3442 4841 3708 4909 quispiam

2136 4946 2529 5009 communicet;
2562 4958 2624 4999 ea
2649 4942 2789 4997 enim
2848 4955 2934 4995 res
2965 4939 3157 4993 anima:
3197 4947 3298 4991 ture
3328 4943 3413 4988 est
3437 4932 3711 5002 pernicio-

2135 5053 2215 5093 sa.
2257 5036 2315 5091 Si
2366 5037 2509 5091 inter
2536 5048 2633 5089 vos
2678 5034 2886 5087 oriatur
2912 5044 3090 5083 sermo
3135 5026 3225 5097 qui
3274 5025 3440 5079 risum
3475 5031 3708 5086 moveat,

2136 5139 2321 5184 cavete
2368 5143 2435 5183 ne
2465 5140 2653 5182 vocem
2683 5134 2916 5178 vestram
2942 5119 3131 5174 sinuatis
3154 5115 3429 5180 exaudiri;
3470 5114 3542 5167 ibi
3569 5113 3709 5167 enim

2137 5218 2365 5274 solutior
2391 5228 2475 5273 est
2508 5218 2650 5271 risus
2698 5216 2787 5270 ubi
2815 5230 2917 5268 non
2962 5220 3045 5267 est
3078 5207 3379 5277 disciplina,
3421 5220 3524 5262 nec
3554 5205 3709 5258 timor

2139 5310 2253 5373 Dei,
2282 5324 2380 5363 nec
2406 5307 2628 5361 interior
2660 5304 2824 5359 animi
2858 5300 3121 5356 custodia.

2211 5402 2292 5455 Vl.
2335 5401 2595 5468 Quoniam
2630 5399 2707 5452 ira
2742 5396 2918 5451 divina
2959 5394 3010 5447 in
3036 5390 3221 5446 diebus
3271 5388 3475 5445 nostris
3517 5386 3707 5442 invasit

2135 5494 2320 5548 orbem
2354 5501 2647 5559 terrarum,
2680 5489 2846 5544 nolite
2880 5486 3093 5551 terreri,
3127 5485 3173 5541 si
3220 5482 3348 5555 quid
3381 5479 3704 5535 horrendum

2138 5583 2489 5650 audiveritis;
2531 5582 2623 5637 sed
2658 5589 2728 5634 ita
2788 5578 3064 5633 vobiscum
3121 5574 3513 5632 considerate:
3572 5567 3703 5637 Quid
