3862 6368
171 279 325 338 1125

1279 283 1337 338 S.
1380 282 1579 338 lSAix‘E
1615 280 1903 337 ABBATIS
1941 281 2348 345 ORATIONES.

3318 290 3454 347 “'26

169 411 305 454 sunt
335 399 472 462 haec,
504 397 549 453 si
606 411 727 453 cum
778 397 884 454 illis
923 397 1277 454 conferantur
1304 402 1356 454 in
1387 417 1504 468 quae
1545 411 1763 471 propter
1792 405 1838 459 Α
1885 401 2266 472 obstinathne
2297 401 2572 457 contendit
2615 401 2695 457 sic
2729 401 2817 457 illa
2855 415 2977 458 esse
3009 402 3374 474 intelligenda,
3407 407 3456 462 is

175 502 413 561 peccata
445 499 656 555 nostra,
697 491 799 545 nisi
847 492 1270 563 resipuerimus,
1303 495 1636 550 incidemus?
1674 494 1765 547 Di-

173 585 333 653 ligite
371 583 518 636 inter
543 597 638 637 vos
667 591 890 652 propter
921 583 1110 637 Deum.
1156 583 1211 638 Si
1267 585 1381 640 hmc
1429 587 1481 639 in
1507 586 1766 656 simplici-

179 683 291 726 tate
318 673 696 737 servaveritis,
723 689 842 726 cum
863 674 1057 742 gaudio
1087 676 1410 741 pervenietis
1427 676 1491 729 ad
1521 676 1758 746 requiem

183 766 307 821 Filii
336 767 432 821 Dei
461 783 474 818 :
506 765 591 820 sin
625 766 692 820 ab
718 765 800 820 his
831 767 1165 820 recesseritis
1188 805 1204 829 ,
1258 767 1454 821 frustra
1497 768 1584 824 hic
1624 768 1765 822 labo-

176 859 412 923 rabitis;
475 869 531 913 et
572 873 692 912 cum
724 873 758 912 e
784 872 1009 926 corpore
1062 857 1300 924 exibitis,
1349 860 1414 912 ad
1442 859 1761 930 supplicium

173 961 469 1014 aeternum,
511 959 570 1003 ut
629 948 924 1019 Scriptum
977 959 1243 1004 testantur
1271 991 1286 1016 ,
1333 953 1639 1018 rapientini.
1677 951 1758 1007 Ob

173 1045 293 1096 haec
317 1042 465 1096 enim
503 1057 625 1111 qua:
679 1042 1245 1107 commemoravimus,
1302 1044 1447 1096 venit
1502 1043 1762 1097 Dominus

172 1147 364 1190 noster
391 1133 552 1189 Jesus
574 1134 846 1189 Christus.
889 1135 1084 1187 Verum
1131 1133 1314 1189 cordis
1362 1136 1529 1189 nostri
1567 1136 1759 1190 duritia

171 1244 272 1282 nos
296 1237 582 1293 excaecat,
629 1228 755 1297 quia
817 1237 1017 1281 nostra:
1071 1227 1426 1296 obsequituur
1473 1227 1757 1290 voluntati,

169 1336 410 1390 eamque
438 1321 806 1393 prtcponimus
833 1321 931 1390 ipsi
957 1319 1090 1375 Deo.
1121 1317 1304 1388 Neque
1333 1319 1474 1374 enim
1501 1335 1622 1374 eum
1648 1321 1762 1374 dili-

167 1412 372 1482 gimus,
408 1412 502 1467 sed
533 1420 747 1465 nostras
770 1410 1096 1479 voluptates.
1124 1408 1190 1462 Et
1219 1410 1331 1464 haec
1363 1409 1515 1464 vobis
1542 1419 1761 1464 coactus

167 1519 289 1558 sum
319 1504 588 1568 scribere,
612 1504 735 1573 quia
765 1503 946 1572 priora
978 1518 1083 1557 non
1112 1503 1330 1558 fuerunt
1361 1506 1512 1556 satis.
1544 1501 1760 1572 Diligite

169 1597 340 1668 igitur
367 1597 512 1651 inter
538 1612 658 1661 vos,
695 1606 748 1650 et
775 1597 943 1651 nolite
1000 1597 1051 1649 in
1088 1596 1342 1650 cordibus
1369 1595 1567 1649 vestris
1599 1594 1760 1648 incir-

168 1687 437 1743 cumcisis
463 1701 807 1756 permanere.
833 1687 1097 1742 Pauculos
1129 1688 1260 1741 istos
1287 1687 1410 1741 vitae
1443 1686 1556 1739 dies
1610 1695 1755 1740 recte

1874 491 2096 563 gloriam
2133 493 2223 548 Dei
2249 504 2305 548 et
2332 494 2548 548 divitias
2595 492 2708 561 ejus
2758 495 2985 564 ignorat.
3034 493 3139 562 Qui
3182 505 3358 552 autem
3387 513 3451 553 ea

1886 583 1964 637 sic
1998 583 2232 654 inSpit-it,
2271 594 2327 636 ιιι
2363 585 2538 638 dicat:
2566 583 2679 638 Non
2712 585 2857 648 novi,
2899 587 3061 640 homo
3113 587 3256 640 enim
3290 603 3449 653 sum;

1885 682 1940 727 ct
1962 673 2054 727 dat
2089 675 2313 744 gloriam
2346 673 2473 739 Deo,
2526 675 2581 728 in
2615 689 2680 728 eo
2733 674 2825 728 Dei
2857 675 3060 730 divitia:
3119 675 3449 732 inhabitant.

1871 765 2236 836 Cogitationes
2269 777 2386 822 tuas
2443 767 2549 821 noli
2607 767 2939 836 quibuslibet
2968 769 3201 838 aperire,
3232 770 3326 823 sed
3358 783 3454 836 pa-

1875 859 2051 912 trihus
2080 867 2289 912 tantum
2329 859 2455 922 tuis,
2483 875 2548 913 ne
2577 859 2856 914 tristitiam
2884 861 3180 914 contrahas
3206 861 3259 914 in
3283 863 3452 915 corde

1875 956 1981 1001 tuo.
2021 948 2096 1003 Os
2121 959 2268 1002 tuum
2299 950 2532 1016 custodi,
2565 959 2622 1003 ιιι
2667 949 2946 1020 proximus
2998 960 3120 1004 tuus
3155 951 3208 1004 in
3244 951 3451 1005 honore

1872 1038 1943 1093 sit
1973 1041 2110 1108 apud
2146 1048 2218 1093 te.
2249 1039 2411 1094 Erudi
2445 1041 2680 1111 linguam
2709 1051 2853 1096 tuam
2884 1043 2936 1096 in
2972 1043 3062 1096 Dei
3083 1044 3447 1109 sermonibus,

1871 1137 1926 1183 et
1954 1131 2295 1183 mendacium
2324 1130 2493 1201 fugiet
2525 1149 2551 1182 a
2587 1145 2656 1186 te.
2697 1133 2956 1186 Humana:
2979 1133 3161 1203 glorim
3184 1136 3450 1202 cupiditas

1870 1222 2214 1278 mendacium
2243 1225 2406 1293 parit.
2442 1225 2512 1278 At
2539 1226 2861 1280 humilitatis
2884 1227 3123 1280 studium
3157 1227 3248 1282 Dei
3285 1229 3452 1282 timo-

1870 1328 1982 1368 rem
2019 1313 2073 1368 in
2099 1314 2262 1370 corde
2297 1316 2555 1385 majorem
2590 1315 2773 1371 eﬂicit.
2808 1316 3006 1371 Eorum
3037 1318 3127 1387 qui
3163 1319 3217 1373 in
3248 1321 3448 1375 mundo

1868 1403 2038 1473 gloria
2077 1413 2206 1460 sunt
2241 1405 2504 1474 insignes,
2535 1407 2832 1462 amicitiam
2880 1408 2987 1462 noli
3034 1415 3444 1480 concupiscere,

1873 1509 1939 1547 ne
1968 1491 2061 1548 Dei
2113 1493 2344 1562 gloriam
2409 1496 2728 1566 exstinguas
2780 1495 2832 1549 in
2870 1499 3035 1552 corde
3069 1507 3181 1553 tuo.
3239 1499 3447 1566 Siquis

1869 1586 2102 1641 detrahit
2143 1587 2294 1641 fratri
2329 1602 2452 1653 suo,
2485 1598 2540 1658 et
2580 1604 2702 1642 eum
2753 1589 3152 1654 calumniatur,
3189 1601 3243 1646 et
3277 1593 3440 1646 mali-

1871 1677 1997 1733 tiam
2030 1680 2288 1742 ostendit,
2324 1681 2372 1734 ei
2403 1696 2470 1735 tte
2504 1680 2806 1750 patefacias
2833 1696 2993 1736 aures
3023 1693 3163 1749 tuas,
3195 1698 3260 1736 ne
3293 1694 3344 1739 te
3379 1699 3442 1738 ca

168 1780 466 1849 transigite
488 1794 610 1834 cum
643 1779 968 1844 humilitate,
996 1789 1050 1835 et
1075 1795 1226 1849 pace.
1257 1790 1310 1833 et
1327 1780 1604 1850 patientia,
1628 1795 1754 1849 pro.
1795 1769 1838 1823 Β
1871 1786 1992 1840 tilla!
2030 1772 2188 1837 ηοΙίε,
2221 1773 2706 1842 comprehendant-

168 1874 347 1942 priam
376 1881 719 1941 amputantes
747 1872 1078 1927 voluntatem
1129 1873 1181 1927 in
1213 1873 1498 1928 charitate.
1532 1871 1681 1940 Quod
1714 1874 1758 1928 si

171 1967 288 2019 hate
328 1980 438 2018 non
467 1963 792 2029 observatis,
822 1965 916 2019 sed
957 1974 1040 2019 est
1089 1965 1228 2019 inter
1255 1980 1351 2019 vos
1391 1965 1559 2032 zelus,
1591 1976 1642 2018 et
1673 1965 1757 2030 lis,

169 2065 223 2108 et
258 2056 572 2120 contentio,
603 2065 658 2110 et
688 2055 964 2124 superbia,
989 2065 1041 2110 et
1074 2056 1395 2127 indignatio,
1420 2066 1473 2110 et
1502 2057 1759 2124 suspicio,

168 2157 224 2200 et
252 2147 671 2213 inobedieutia;
729 2147 870 2202 male
921 2157 1135 2220 tempus
1177 2150 1521 2215 consumitis,
1557 2158 1610 2202 et
1646 2149 1762 2203 sine

167 2241 338 2294 dubio
368 2241 422 2294 in
452 2250 656 2311 teterna
719 2241 1005 2311 supplicia.
1051 2257 1173 2295 cum
1209 2243 1337 2297 hinc
1376 2241 1772 2305 discesseritis,

165 2309 734 2403 ittcurretis..Diligite
798 2333 963 2402 igitur
1008 2333 1206 2388 fratres
1259 2343 1474 2389 vestros
1501 2333 1551 2386 in
1583 2333 1762 2388 chari-

168 2435 276 2478 tate
312 2433 529 2488 sancta,
571 2432 626 2477 et
681 2424 920 2494 linguam
981 2433 1217 2479 vestram
1248 2425 1542 2487 custodite,
1577 2440 1642 2478 ne
1674 2432 1756 2477 te-

167 2531 323 2570 mere
349 2517 514 2570 verba
548 2516 880 2583 pronuntiet,
910 2513 1108 2584 quibus
1129 2529 1228 2570 nos
1254 2513 1762 2570 olfendatis.Potest

164 2620 353 2664 autem
387 2609 650 2664 Dominus
679 2615 823 2666 Deus
846 2620 1037 2663 noster
1061 2609 1291 2678 gratiam
1329 2607 1485 2662 nobis
1519 2605 1757 2675 elargiri,

168 2713 228 2757 ut
260 2704 404 2758 bona
442 2717 605 2772 opera
639 2702 899 2757 facientes
945 2701 1378 2756 misericordiam
1411 2701 1530 2771 ejus
1565 2715 1760 2755 conse-

171 2811 412 2866 quantur
457 2811 577 2850 cum
638 2793 892 2848 omnibus
931 2793 1137 2849 sanctis
1190 2793 1280 2863 qui
1309 2795 1356 2846 ei
1393 2793 1750 2859 placuerunt:

172 2888 436 2958 quoniam
466 2887 634 2956 ipsius
667 2894 754 2941 est
783 2884 975 2955 gloria,
1012 2892 1066 2939 et
1110 2885 1302 2948 honor,
1334 2884 1582 2940 adoratio
1613 2901 1758 2941 nunc

171 2991 226 3036 et
259 2992 500 3048 semper,
523 2987 577 3032 et
607 2977 658 3032 itt
700 2976 892 3031 saecula
919 2975 1260 3032 saeculorum.
1287 2975 1479 3031 Amen.

786 3131 1040 3190 ORATIO
1083 3133 1168 3191 Vl.
1765 3112 1832 3182 .C

177 3264 284 3332 Qui
317 3267 586 3319 honestam
615 3265 838 3333 quietem
883 3263 1125 3334 amplecti
1170 3264 1368 3336 volunt,
1395 3281 1481 3318 eos
1509 3281 1620 3320 esse
1662 3282 1758 3320 cu-

247 3338 420 3391 riosos
444 3352 547 3389 non
585 3345 840 3399 oportere,
867 3351 1027 3402 neque
1048 3337 1238 3388 omissa
1271 3345 1602 3399 peccatorum
1630 3353 1759 3390 suo-

245 3424 366 3460 rum
409 3407 870 3472 consideratione,
920 3415 1122 3475 tempus
1167 3408 1222 3460 iu
1288 3408 1438 3459 rebus
1479 3407 1754 3463 inutilibus

254 3492 584 3532 consumere.

244 3617 285 3671 ι.
329 3615 586 3684 Quicum
619 3613 935 3668 curiositate
979 3620 1253 3668 scrutatur
1285 3611 1618 3682 Scripturas,
1657 3613 1761 3667 ini-

104 3724 113 3730 ‘
175 3711 416 3766 micitias
447 3707 655 3762 invenit
683 3717 737 3762 et
766 3706 1167 3760 contentionem
1201 3723 1215 3771 ;
1250 3709 1416 3774 atqui
1463 3706 1606 3778 luget
1637 3721 1763 3776 pec-

182 3814 302 3859 cata
326 3819 451 3869 sua,
484 3817 673 3872 pacem
708 3799 911 3868 reperit
948 3807 1002 3852 et
1058 3798 1528 3866 tranquillitatem.
1572 3798 1761 3853 Mona-

179 3899 311 3952 chus
343 3896 436 3965 qui
472 3894 667 3950 residet
709 3895 762 3946 itt
793 3890 926 3946 cella
952 3905 1073 3955 sua,
1098 3899 1174 3954 et,
1203 3891 1511 3960 posmabita
1561 3904 1762 3960 pecca-

180 3999 360 4044 torum
427 4001 651 4041 suorum
716 3982 1192 4046 consideratione,
1252 3981 1502 4037 curiosus
1554 3991 1639 4037 est
1707 3983 1760 4037 in

179 4077 476 4134 scrutanda
506 4077 816 4144 Scriptura,
869 4076 924 4128 in
977 4088 1163 4128 errore
1192 4086 1461 4129 versatur.
1504 4073 1763 4142 Quisquis

178 4180 561 4241 antequam.se
592 4168 765 4237 ipsum
795 4163 1094 4235 possideat,
1139 4166 1552 4236 quaestiunculis
1584 4176 1759 4234 vacat,

177 4265 317 4336 quod
344 4264 426 4317 sic
458 4261 646 4316 autsic
669 4259 918 4328 loquatur
972 4255 1280 4326 Scriptura,
1335 4258 1382 4314 is
1424 4259 1759 4314 curiositatis

179 4354 309 4409 vitio
344 4352 576 4407 laborat.
616 4350 715 4418 Qui
747 4358 927 4403 autem
969 4347 1176 4418 vigilat,
1225 4365 1291 4403 ne
1335 4365 1364 4403 a
1402 4350 1640 4418 peccatis
1665 4365 1759 4404 ca-

1934 1863 1999 1917 ll.
2045 1863 2382 1932 Simplicitas
2410 1873 2463 1918 et
2493 1864 2715 1920 humilis
2744 1863 2811 1920 de
2845 1879 2906 1920 se
2931 1867 3117 1936 opinio
3163 1881 3259 1922 cor
3304 1866 3449 1923 inte-

1866 1971 2022 2027 grum
2070 1966 2123 2012 et
2177 1971 2371 2026 purum
2442 1971 2472 2010 a
2513 1957 2656 2013 malo
2707 1967 3018 2014 conservat.
3075 1959 3177 2026 Qui
3256 1959 3447 2014 callide

1871 2045 2112 2100 ambulat
2141 2061 2263 2100 cum
2295 2045 2466 2102 fratre
2492 2063 2590 2102 suo
2613 2088 2629 2113 ,
2664 2049 2830 2103 animi
2866 2050 3146 2104 tristitiam
3183 2066 3287 2106 non
3318 2051 3447 2105 effu-

1865 2137 1993 2207 giet.
2031 2136 2131 2204 Qui
2163 2153 2326 2192 unum
2366 2137 2420 2192 in
2448 2139 2636 2203 corde,
2673 2139 2814 2193 aliud
2853 2141 2905 2193 in
2930 2141 3102 2209 lingua
3136 2155 3442 2212 promptum

1864 2229 2048 2296 habet,
2091 2231 2360 2285 sacrificia
2413 2232 2532 2302 ejus
2575 2243 2701 2287 sunt
2757 2248 2914 2288 vana.
2985 2235 3117 2290 Cum
3176 2235 3441 2305 ejusmodi

1867 2319 2178 2376 hominibus
2220 2320 2327 2375 noli
2377 2321 2612 2385 versari,
2674 2336 2740 2376 ne
2771 2338 2978 2378 veneno
3042 2323 3278 2392 ipsorum
3306 2340 3437 2379 con-

1864 2425 2143 2480 spergare.
2172 2410 2304 2466 Cum
2337 2410 2520 2480 probis
2542 2419 2599 2466 et
2629 2411 2834 2467 sanctis
2864 2412 3174 2468 hominibus
3201 2411 3439 2475 ambula,

1864 2512 2138 2557 uteorum
2190 2501 2480 2572 probitatis
2530 2511 2584 2558 et
2633 2503 2940 2558 sanctitatis
2990 2504 3262 2574 particeps
3317 2505 3438 2558 lias.

1863 2592 2058 2650 Odium
2087 2594 2140 2648 in
2171 2594 2354 2648 animo
2379 2608 2564 2649 serves
2581 2593 2842 2648 adversus
2869 2594 3086 2649 nemine
3101 2610 3173 2659 m,
3201 2594 3442 2662 alioquin

1863 2685 2074 2740 labores
2105 2696 2221 2740 tuos
2282 2687 2471 2741 irritos
2538 2686 2860 2755 inanesque,
2889 2688 3112 2742 reddes.
3148 2688 3255 2742 Cor
3285 2697 3440 2741 tuum

1861 2793 1988 2846 erga
2026 2793 2218 2834 omnes
2243 2779 2314 2833 sit
2341 2779 2608 2849 integrum
2649 2788 2813 2848 atque
2867 2778 3215 2846 benevolum,
3260 2788 3316 2833 ut
3349 2779 3443 2834 Dei

1861 2885 2049 2940 pacem
2069 2872 2131 2940 _iu
2168 2879 2220 2926 te
2254 2871 2518 2941 reperias.
2581 2870 3044 2943 Quemadmodum
3086 2873 3238 2926 virus
3277 2871 3328 2926 in
3360 2881 3443 2926 to-

1863 2973 1976 3018 tttm
2012 2963 2155 3018 illius
2172 2978 2370 3034 corpus
2405 2961 2748 3030 diﬂ‘unditur,
2776 2964 2868 3033 qui
2899 2978 3110 3018 morsus
3135 2974 3222 3018 est
3245 2979 3274 3017 a
3294 2978 3444 3019 scor-

1867 3056 2051 3126 pione,
2082 3065 2139 3110 et
2172 3056 2238 3110 ad
2269 3070 2365 3110 cor
2392 3071 2566 3122 usque
2600 3056 2924 3127 pertransit;
2967 3057 3046 3110 sic
3075 3071 3232 3126 quem
3261 3056 3444 3112 odium

1864 3157 2115 3217 occupat,
2147 3162 2358 3202 veneno
2396 3146 2762 3218 perfunditur,
2793 3156 2844 3203 et
2877 3147 3092 3203 animus
3138 3149 3258 3218 ejus
3291 3149 3358 3202 ab
3379 3163 3446 3204 eo

1864 3239 2202 3293 vulneratur.
2252 3238 2510 3309 Quisquis
2575 3239 2741 3309 igitur
2793 3241 2999 3304 studet,
3044 3255 3109 3294 ne
3143 3241 3355 3295 labores
3387 3249 3444 3296 et

1861 3345 2023 3401 opera
2071 3346 2169 3385 sua
2226 3332 2477 3385 celeriter
2527 3341 2774 3400 pereant,
2826 3332 2878 3385 in
2935 3332 3281 3400 scorpionem
3317 3347 3347 3384 a
3383 3346 3446 3386 se

1862 3422 2046 3492 procul
2073 3433 2304 3486 avertet,
2359 3424 2410 3477 id
2451 3431 2535 3476 est
2585 3423 2764 3477 odium
2816 3433 2979 3494 atque
3019 3424 3442 3492 improbitatem.

1861 3515 1904 3568 A
1937 3529 2043 3584 qua
2075 3515 2294 3583 quidem
2326 3525 2478 3582 peSIe
2513 3513 2704 3568 liberet
2735 3529 2834 3570 nos
2897 3515 3203 3585 benignitas
3232 3514 3444 3570 Domini

1861 3607 2035 3661 nostri
2062 3603 2188 3660 Jesu
2215 3604 2444 3670 CltriSti,
2469 3604 2625 3673 cujus
2675 3613 2760 3660 est
2816 3605 2988 3676 gloria
3023 3614 3078 3661 et
3111 3606 3355 3661 adoratio
3389 3604 3445 3660 in

1863 3697 2059 3755 satcula
2092 3695 2434 3752 saeculorum.
2475 3694 2667 3749 Amen.

2386 3847 2724 3906 ORATIO
2785 3847 2922 3904 VII.

2446 4014 2524 4070 De
2557 4014 2862 4070 uirtutibus.

1940 4173 1982 4230 1.
2021 4172 2161 4228 Tres
2189 4182 2314 4227 sunt
2347 4172 2576 4228 virtutes
2608 4170 2686 4243 (ἓ)
2713 4186 2834 4242 qua:
2865 4173 3030 4226 menti
3081 4185 3298 4241 semper
3321 4187 3446 4241 pro-

1865 4265 2123 4336 spiciunt,
2149 4267 2308 4335 eique
2337 4274 2464 4320 sunt
2490 4267 2841 4320 necessariae:
2881 4263 3115 4333 impetus
3144 4265 3443 4333 secundum

1868 4370 2145 4423 naturam,
2170 4370 2224 4414 et
2272 4358 2553 4421 fortitudo,
2592 4364 2646 4411 et
2685 4356 2986 4424 diligentia.
3019 4353 3152 4409 Tres
3181 4364 3308 4408 sunt
3337 4355 3445 4410 vir-

179 4449 384 4518 piatur,
429 4445 474 4501 is
507 4459 564 4499 se
592 4442 887 4511 supplicent
908 4441 1124 4496 assidue
1147 4441 1366 4512 projicit
1385 4441 1436 4495 in
1465 4448 1759 4510 conspectu

1871 4461 2036 4516 tutes,
2069 4466 2203 4519 quas
2243 4449 2289 4504 si
2342 4464 2494 4504 mens
2527 4463 2711 4502 secum
2751 4449 2972 4510 viderit,
3007 4463 3065 4502 se
3099 4448 3343 4516 proxime
3377 4449 3444 4501 ad

183 4541 295 4594 Dei.
332 4538 436 4604 Qui
492 4534 900 4591 similitudinem
943 4534 997 4588 in
1053 4531 1165 4588 Deo
1218 4533 1431 4602 quaerit,
1489 4532 1762 4586 maledicit

181 4633 311 4686 Deo.
366 4630 469 4697 Qui
522 4629 688 4682 Deum
727 4626 971 4682 venerari
1030 4628 1233 4690 studet,
1291 4626 1342 4680 in
1397 4626 1588 4680 tinnire
1646 4624 1762 4695 ejus

180 4725 524 4780 sanctitatem
554 4720 920 4791 amplectitur.
971 4718 1074 4786 Qui
1106 4718 1200 4774 Dei
1241 4720 1408 4774 verba
1445 4719 1683 4773 custodit
1710 4727 1764 4772 et

180 4825 383 4879 servat,
414 4814 460 4868 is
489 4813 657 4868 Deum
689 4812 992 4883 cognoscit.
1020 4812 1150 4878 Quae
1183 4812 1274 4866 Dei
1325 4811 1580 4866 sublimia
1635 4818 1764 4864 stmt

182 4925 245 4964 ne
269 4909 573 4978 quaesieris,
597 4908 725 4960 dum
764 4909 884 4975 ejus
911 4904 1168 4959 auxilium
1198 4905 1477 4973 implores,
1503 4913 1562 4957 ut
1582 4903 1765 4957 veniat

182 5012 232 5056 et
262 5009 440 5055 servet
473 5008 526 5053 te
557 5014 586 5051 a
622 5006 870 5068 peccato.
907 4997 998 5051 Dei
1050 5011 1272 5052 munera
1300 5004 1492 5065 sponte
1515 4995 1759 5057 veniunt,

182 5095 223 5147 si
267 5094 441 5147 locum
491 5107 685 5160 purum
735 5100 1053 5159 castumque
1102 5089 1423 5158 repererint.
1476 5086 1580 5154 Qui
1634 5101 1760 5155 pro-

185 5187 300 5255 pria
335 5187 532 5239 nititur
555 5185 884 5255 cognitione,
939 5193 995 5236 et
1049 5199 1200 5237 suam
1236 5183 1483 5252 sequitur
1510 5181 1766 5236 Volunta-

188 5289 312 5344 tem,
356 5279 404 5332 is
441 5279 492 5331 in
523 5293 584 5332 se
616 5278 759 5333 fovet
785 5277 1116 5339 inimicitias,
1149 5276 1296 5330 etab
1337 5291 1402 5330 eo
1423 5277 1616 5343 spiritu
1644 5289 1764 5330 esse

188 5386 288 5425 non
323 5380 520 5440 potest,
555 5371 645 5439 qui
695 5370 875 5424 cordis
917 5371 1058 5440 parit
1107 5370 1599 5440 compunctionem.
1662 5368 1764 5436 Qui

189 5463 331 5518 videt
369 5462 533 5518 verba
567 5463 882 5533 Scriptor-.2,
913 5472 968 5518 et
999 5471 1178 5518 servat
1207 5476 1269 5516 ea
1335 5463 1553 5532 proprio
1573 5445 1766 5518 Osensu

260 5646 334 5718 ('2)
376 5645 502 5718 Tres
529 5657 651 5702 sunt
683 5649 919 5718 ,virtutes
953 5680 1023 5689 —
1060 5647 1358 5704 humilitas.
1396 5645 1646 5702 Graecum
1701 5648 1806 5706 loci

192 5716 401 5774 abbatis
437 5716 588 5774 Isaiae
624 5735 654 5774 a
682 5716 909 5776 Possino
939 5721 1208 5790 evulgata,
1239 5719 1449 5774 scilicet
1486 5734 1606 5790 cap.
1646 5719 1754 5774 1-4.

1871 4543 2182 4597 felicitatem
2218 4541 2393 4595 credit
2449 4540 2785 4594 accessisse:
2827 4555 2990 4594 unum
3023 4539 3090 4593 ab
3115 4539 3223 4593 alio
3250 4539 3446 4592 discer-

1873 4649 2024 4700 nere,
2056 4633 2236 4688 ontnia
2294 4641 2422 4686 ante
2487 4641 2698 4700 tempus
2730 4631 3054 4700 praevidere,
3085 4638 3141 4684 et
3168 4629 3328 4684 nullis
3359 4643 3454 4684 ex-

1872 4727 2038 4780 ternis
2095 4724 2259 4779 rebus
2303 4723 2658 4779 commoveri.
2694 4720 2829 4777 Tres
2875 4732 3001 4778 sunt
3048 4722 3296 4788 virtutes,
3328 4737 3446 4792 qute

1869 4819 2035 4873 menti
2075 4818 2250 4873 lucent
2280 4817 2523 4888 prmbent
2558 4815 2807 4872 assidue:
2836 4833 2940 4870 non
2975 4832 3130 4872 nosse
3155 4816 3444 4886 cujuscun-

1865 4926 1972 4982 que.
2001 4910 2237 4966 hominis
2269 4910 2554 4977 malitiam,
2617 4917 2670 4964 et
2717 4910 3037 4965 benefacere
3085 4912 3151 4966 iis
3192 4910 3448 4978 aquibus

1867 5003 2044 5059 affecti
2069 5001 2499 5072 sumusinjuria,
2530 5011 2586 5056 et
2640 5001 2783 5056 ferre
2815 5016 3152 5071 quaecunque
3192 5000 3446 5054 accidunt

1870 5097 1988 5151 sine
2020 5096 2445 5165 perturbatione.
2476 5095 2568 5150 lla:
2604 5105 2717 5150 tres
2742 5095 3005 5159 virtutes,
3056 5102 3167 5147 tres
3197 5093 3333 5147 alias
3363 5107 3456 5160 pa-

1873 5190 2021 5244 riunt
2055 5206 2112 5244 se
2144 5190 2278 5258 ipsis
2315 5189 2592 5259 majores:
2645 5204 2752 5244 non
2805 5203 2964 5243 nosse
3013 5185 3250 5241 hominis
3299 5185 3445 5237 mali.

1873 5282 2025 5345 tiam,
2053 5280 2480 5335 benevolentiam
2501 5281 2672 5350 gignit
2696 5300 2710 5345 ;
2734 5280 3057 5335 benefacere
3077 5278 3184 5332 illis
3200 5294 3228 5332 a
3256 5277 3447 5347 quibus

1873 5374 2139 5429 aﬂicimnr
2169 5374 2387 5442 injuria,
2415 5388 2600 5443 pacem
2624 5381 2877 5443 generat;
2930 5371 3073 5426 ferre
3097 5371 3214 5426 sine
3245 5380 3448 5439 perturo

1875 5465 2093 5521 batione
2113 5479 2450 5536 quaecunque
2489 5465 2764 5532 accidunt,
2786 5464 2928 5535 parit
2955 5462 3450 5518 mansuetudinem.

1867 5650 2026 5721 hujus
2079 5661 2282 5707 textum
2326 5651 2494 5708 habes
2550 5653 2689 5710 infra
2747 5655 2887 5708 inter
2922 5651 3172 5722 Capitula
3213 5646 3455 5720 ejusdem
