3862 6328
441 250 579 307 H27

1517 249 1791 307 PATRES
1827 251 2129 309 [EGYPTII
2167 257 2442 316 SJECULI
2483 259 2571 316 IV.

3578 263 3715 321 “38

437 367 681 434 Quatuor
711 374 839 421 sunt
875 364 1124 433 virtutes,
1181 381 1305 437 qua:
1345 375 1595 424 sanctam
1634 368 1874 425 animam
1901 372 2025 426 red-
2054 376 2098 432 Α
2131 373 2270 429 Ecce
2299 376 2390 444 qui
2416 376 2741 432 studuerunt
2776 387 2988 429 animas
3017 389 3146 434 suas
3175 375 3428 445 liberare,
3463 377 3708 435 volunta-

436 463 615 513 dunt:
658 457 1024 524 taciturnitas,
1080 459 1392 516 observatio
1445 463 1851 530 mandatorum,
1890 480 2019 535 pau-

434 562 620 621 pertas
657 558 710 604 et
742 548 1043 603 humilitas.
1074 549 1315 617 Quatuor
1351 552 1501 609 hisce
1534 553 1836 610 virtutibus
1865 572 2019 613 mens

434 656 655 711 semper
694 640 901 711 indiget
929 658 943 695 :
977 639 1090 696 Deo
1120 642 1338 697 assidue
1367 643 1700 715 supplicare,
1725 662 1846 701 sese
1895 663 2018 717 pro-

433 743 680 788 sternere
705 734 756 788 in
788 745 1083 804 conspectu
1117 736 1234 802 Dei,
1277 737 1549 792 neminem
1589 738 1859 807 judicare,
1896 755 2018 795 sur-

432 826 558 879 dum
612 840 734 880 esse
820 828 1082 883 adversus
1132 830 1512 899 obstrepentes
1554 832 2011 901 perturbationes.

445 918 689 983 Quatuor
719 918 953 974 animam
993 921 1218 977 virtutes
1270 924 1542 989 muniunt,
1597 924 1745 979 etab
1772 925 2010 981 hostium

436 1020 642 1065 terrore
684 1012 890 1067 iaciunt
931 1006 1207 1084 respirare
1248 1032 1264 1069 :
1304 1016 1700 1084 misericordia,
1759 1034 2011 1074 mansue-

432 1103 582 1165 tudo,
620 1102 1004 1173 longanimitas
1034 1114 1090 1159 et
1145 1105 1465 1173 injuriarum
1517 1108 1737 1163 oblivio.
1772 1110 2012 1178 Quatuor

428 1194 660 1246 virtutes
686 1193 1106 1248 adolescentiam
1158 1195 1417 1265 adjuvant
1471 1198 1610 1266 apud
1641 1200 1807 1253 Deum
1834 1219 1846 1254 :
1877 1202 2013 1257 assi-

430 1283 531 1336 dua
561 1285 862 1350 meditatio,
895 1296 949 1340 et
974 1286 1271 1356 diligentia,
1300 1298 1353 1343 et
1378 1288 1675 1356 vigilantia,
1714 1302 1769 1345 et
1792 1292 2011 1349 humilis

427 1374 495 1428 de
527 1388 585 1429 se
614 1375 969 1432 existimatio.
998 1378 1240 1444 Quatuor
1286 1390 1412 1434 sunt
1450 1396 1569 1451 quae
1602 1382 1840 1438 animum
1876 1398 2008 1441 con-

430 1466 740 1521 taminant:
774 1469 979 1522 versari
1012 1468 1065 1522 in
1095 1470 1333 1536 civitate,
1363 1486 1464 1526 nec
1498 1473 1685 1528 oculos
1708 1478 2003 1541 custodire,

424 1557 713 1612 mulierum
744 1561 820 1613 uti
866 1560 1259 1628 familiaritate,
1309 1577 1496 1618 eorum
1558 1567 1649 1636 qui
1715 1567 1766 1621 in
1808 1569 2007 1624 mundo

422 1648 643 1720 gloriosi
698 1662 824 1706 sunt
879 1653 1174 1707 amicitiam
1214 1656 1394 1725 sequi,
1428 1667 1483 1711 et
1524 1657 1736 1713 illorum
1763 1660 1853 1729 qui
1882 1670 2006 1715 san-‘

425 1741 591 1807 guiue
622 1742 777 1797 nobis
815 1744 1091 1815 conjuncti
1118 1756 1266 1811 sunt,
1292 1748 1518 1817 diligere
1536 1754 2002 1810 consuetudinem.

425 1832 671 1898 Quatuor
698 1845 847 1899 sunt,
877 1836 1152 1905 quibusin
1190 1854 1417 1911 corpore
1465 1841 1633 1897 libido
1666 1844 1999 1901 concitatur:

422 1940 645 1981 somnus
676 1943 847 1998 usque
888 1930 953 1983 ad
984 1931 1331 1999 satietatem,
1364 1935 1609 1990 ciborum
1648 1940 1826 2007 copia,
1854 1939 2002 1995 face-

423 2021 618 2077 tiarum
651 2022 952 2093 urbanitas,
981 2034 1065 2083 et.
1093 2026 1303 2082 deliciae
1354 2030 1822 2087 vestimentorum.
1856 2032 1998 2101 Qua-

419 2123 545 2169 tuor
582 2124 729 2181 sunt,
763 2131 883 2186 qua:
917 2118 1084 2171 menti
1144 2121 1393 2175 tenebras
1427 2120 1754 2179 offundunt:
1817 2126 1998 2182 odium

420 2207 677 2275 proximi,
704 2214 758 2262 et
783 2217 1151 2280 contemptus,
1189 2221 1243 2267 et
1288 2215 1586 2281 aemulatio,
1639 2226 1801 2287 atque
1827 2220 2001 2288 suspi-

418 2297 524 2351 cio.
558 2297 806 2364 Quatuor
838 2313 966 2355 sunt
999 2305 1195 2372 quibus
1233 2305 1417 2359 anima
1477 2306 1692 2362 deserta
1724 2310 1997 2365 redditur:

418 2388 681 2443 transitus
716 2390 782 2445 de
822 2390 942 2446 loco
972 2393 1024 2447 in
1057 2393 1258 2459 locum,
1305 2396 1646 2467 negotiorum
1694 2403 1999 2472 occupatio,

416 2493 596 2532 rerum
631 2488 970 2537 terrenarum
1034 2498 1189 2538 amor
1221 2495 1275 2539 et
1302 2489 1550 2545 avaritia.
1599 2490 1843 2557 Quatuor
1875 2502 2001 2550 sunt

416 2570 613 2639 quibus
655 2572 721 2626 ad
777 2572 1112 2630 iracundiam
1169 2577 1492 2635 incitamur;
1526 2597 1646 2637 cum
1684 2599 1789 2637 non
1844 2600 1999 2641 asse-

413 2661 637 2731 quimur
708 2666 1000 2736 concupita
1034 2708 1049 2734 ,
1114 2683 1238 2723 cum
1294 2672 1568 2741 pr0priam
1625 2675 2000 2745 amplectimur

413 2754 768 2824 voluntatem,
793 2771 918 2812 cum
950 2758 1181 2815 docendi
1228 2777 1426 2819 munus
1467 2766 1783 2836 accipimus,
1816 2778 1869 2823 et
1899 2785 1997 2825 nos

411 2846 709 2916 prudentes
752 2849 1158 2907 existimamus.
1209 2853 1334 2909 Tria
1392 2868 1542 2923 sunt,
1593 2876 1713 2929 qua:
1764 2861 1996 2919 virtutes

413 2947 608 2989 omnes
636 2948 984 3007 conservant,
1008 2942 1102 2996 sed
1134 2952 1322 3011 paratu
1355 2956 1482 2999 sunt
1510 2946 1748 3002 difﬁcilia
1772 2966 1786 3004 :
1814 2952 1997 3007 cordis

2126 476 2207 520 tes
2231 466 2482 535 proprias
2536 466 3014 533 circumcidentes,
3068 482 3199 523 oves
3250 468 3371 538 ejus
3406 480 3610 526 sancta:
3638 474 3708 526 ad

2124 558 2459 613 sacriﬁcium
2493 558 2619 616 lacti
2646 569 2792 615 sunt.
2836 560 2899 617 Et
2952 576 3077 617 cum
3108 563 3422 633 apparuerit
3462 564 3515 618 in
3538 565 3701 635 gloria

2120 649 2426 706 divinitatis
2481 666 2613 719 suae,
2670 652 2884 707 vocabit
2943 667 3038 707 eos
3080 654 3147 706 ad
3204 653 3490 708 dexteram
3522 669 3698 709 suam:

2128 739 2337 807 Venite,
2372 742 2642 812 inquiens,
2668 744 2924 799 benedicti
2961 743 3144 798 Patris
3175 746 3297 809 mei,
3322 746 3585 813 possidete
3616 763 3707 815 po-

2118 843 2294 887 ratum
2329 834 2469 888 vobis
2502 850 2719 905 regnum
2748 852 2779 888 a
2830 837 3204 893 constitutione
3256 837 3465 891 mundi.
3494 836 3701 891 Esariri

2114 921 2284 986 enim,
2311 932 2358 976 et
2387 923 2606 977 dedistis
2640 924 2765 977 mihi
2792 925 3118 980 manducare
3142 926 3209 990 δ’,
3236 936 3290 980 et
3311 942 3435 994 quae
3465 940 3694 996 sequun-

2116 1023 2224 1067 tur.
2267 1014 2410 1071 Ecce
2430 1016 2522 1086 qui
2556 1016 2767 1072 animas
2810 1033 2937 1073 suas
2987 1019 3041 1073 in
3075 1020 3178 1075 hoc
3205 1020 3356 1075 brevi
3385 1021 3510 1075 vita:
3530 1021 3694 1075 curri-

2117 1107 2240 1161 culo
2268 1107 2524 1176 perdunt,
2555 1112 2825 1179 quomodo
2879 1124 2975 1165 eas
3027 1110 3309 1166 inveniunt
3362 1112 3416 1166 in
3464 1122 3701 1182 tempore

2114 1198 2473 1263 necessitatis,
2524 1209 2580 1255 et
2637 1202 2857 1271 praemia
2898 1201 3054 1273 longe
3109 1203 3314 1271 majora
3356 1206 3695 1274 percipient.

2111 1304 2273 1357 quam
2299 1300 2701 1361 exspectaram.
2726 1293 2826 1361 Qui
2855 1304 3036 1350 autem
3070 1297 3306 1365 propriis
3319 1298 3695 1355 voluntatibus

2113 1380 2472 1452 indulgentes,
2539 1395 2758 1441 servant
2813 1387 3024 1442 animas
3076 1404 3204 1443 suas
3246 1389 3302 1443 in
3360 1391 3462 1444 hoc
3498 1392 3693 1447 saacuio

2106 1474 2352 1544 peccatis
2377 1476 2632 1546 obnoxio,
2662 1495 2830 1549 seque
2851 1480 3161 1536 divitiarum
3209 1497 3431 1537 suarum
3460 1484 3695 1539 vanitate

2110 1566 2427 1635 defendunt,
2457 1585 2633 1640 neque
2665 1572 2960 1628 observant
2989 1575 3241 1629 mandata
3292 1576 3406 1639 Dei.
3449 1578 3549 1632 sed
3575 1593 3693 1649 pero

2111 1670 2273 1728 petuo
2323 1676 2382 1718 se
2434 1662 2487 1717 in
2541 1664 2645 1718 hoc
2687 1665 2887 1721 saeculo
2940 1666 3179 1723 victuros
3220 1677 3454 1738 putant;
3518 1670 3573 1723 in
3610 1673 3691 1724 die

2040 1730 2313 1816 Bjudieii,
2351 1753 2611 1811 caecitatis
2662 1771 2775 1811 sum
2833 1758 3221 1828 turpitudinem
3271 1771 3600 1829 agnoscent,
3640 1772 3692 1816 et

2104 1838 2239 1897 ﬁent
2281 1843 2418 1901 haedi
2480 1845 2778 1913 maledicti,
2843 1848 3339 1906 etl'ormidandam
3398 1855 3691 1909 exaudiant

2096 1930 2301 2000 judicis
2334 1937 2957 1994 sententiamdicentis:
3012 1939 3281 1997 Discedite
3307 1960 3339 1996 a
3376 1959 3482 2008 me,
3540 1944 3691 1995 male-

2101 2024 2252 2093 dicti,
2278 2028 2335 2082 in
2365 2029 2536 2099 ignem
2561 2039 2839 2095 wternum,
2873 2042 3118 2099 paratum
3150 2033 3364 2088 diabolo
3409 2044 3459 2088 et
3492 2037 3691 2104 angelis

2102 2136 2237 2191 ejus.
2264 2120 2475 2177 Esarivi
2507 2123 2665 2187 enim,
2691 2133 2738 2176 et
2766 2140 2870 2178 non
2890 2125 3110 2181 dedistis
3124 2128 3254 2181 milii
3278 2128 3604 2183 manducare
3621 2128 3689 2192 “,

2101 2227 2157 2273 et
2185 2214 2410 2285 reliqua.
2468 2213 2620 2271 Tunc
2676 2229 2741 2271 os
2803 2215 2909 2272 illis
2975 2220 3394 2282 obstruetur,et
3440 2220 3585 2288 quod
3612 2236 3689 2274 re-

2101 2308 2428 2376 spondeant,
2463 2324 2571 2362 non
2609 2307 2904 2363 habebunt.
2935 2308 3071 2363 Nam
3106 2319 3161 2366 et
3193 2311 3236 2366 si
3277 2311 3555 2367 dixerint:
3584 2311 3689 2367 Do-

2101 2403 2259 2466 mine,
2287 2402 2498 2471 quando
2525 2410 2573 2455 te
2602 2401 2827 2455 vidimus
2852 2402 3185 2469 esurientem,
3213 2412 3260 2456 et
3289 2419 3391 2458 non
3413 2404 3689 2459 ministra-

2101 2496 2270 2548 vimus
2300 2493 2392 2547 tibi
2422 2493 2506 2547 “i
2539 2493 2609 2547 ita
2645 2492 2997 2549 refellentur:
3029 2494 3134 2560 Qui
3167 2495 3291 2550 bene
3330 2495 3454 2562 fecit
3505 2497 3600 2551 uni
3626 2513 3687 2552 es

2100 2586 2180 2639 his
2217 2584 2381 2653 quiin
2410 2600 2490 2639 me
2512 2586 2750 2648 credunt,
2776 2585 2905 2639 mihi
2944 2584 3065 2654 (ecit
3087 2587 3154 2642 “.

2170 2679 2255 2734 lii.
2298 2678 2657 2748 Exploremus
2705 2679 2901 2751 singuli
2933 2680 3314 2751 nosmetipsos,
3346 2680 3680 2747 charissimi,

2103 2783 2160 2828 et
2194 2772 2627 2832 consideremus.
2662 2784 2843 2827 utrum
2880 2773 3134 2827 mandata
3174 2774 3292 2845 ejus
3334 2790 3435 2844 pro
3474 2776 3685 2831 viribus

2097 2864 2572 2921 observaverimus
2609 2904 2625 2929 ,
2691 2878 2882 2920 necne.
2959 2863 3241 2920 Debitores
3301 2865 3445 2920 enim
3498 2881 3686 2922 sumus

2097 2971 2307 3021 omnes,
2334 2965 2390 3010 ut
2416 2970 2589 3026 eapro
2607 2956 2810 3011 viribus
2840 2955 3210 3025 observemus,
3241 2972 3437 3029 parvus
3454 2975 3556 3030 pro
3574 2958 3684 3014 exi-

411 3029 759 3096 compunctio
788 3067 805 3094 ,
859 3031 1041 3088 luctus
1097 3045 1319 3106 propter
1372 3049 1592 3107 peccata
1626 3080 1642 3106 ,
1691 3052 1745 3097 et
1776 3045 1991 3104 assidua
2022 3078 2066 3136 c
2098 3050 2305 3116 guitate
2336 3062 2456 3115 sua,
2491 3058 2547 3104 et
2585 3064 2809 3118 magnus
2840 3063 2938 3119 pro
2986 3064 3081 3104 sua
3118 3029 3511 3120 magnitudine.
3594 3051 3679 3107 Et-

412 3122 604 3177 mortis
631 3123 933 3181 meditatio.
972 3125 1099 3181 Tria
1129 3141 1256 3183 sunt
1292 3146 1414 3201 qute
1467 3133 1662 3189 animm
1702 3136 1993 3194 dominan-

413 3221 517 3278 tur,
560 3224 851 3285 antequam
882 3216 949 3271 ad
987 3234 1237 3291 magnam
1269 3238 1579 3279 mensuram
1619 3230 1920 3297 perveniat,
1942 3240 1997 3287 et

410 3301 527 3359 haec
562 3305 616 3359 in
648 3316 827 3362 mente
861 3322 966 3363 non
1013 3310 1198 3365 sinunt
1254 3312 1499 3371 habitare
1543 3317 1996 3391 virtuteszcapti-

407 3397 571 3463 vitas,
608 3399 829 3470 pigritia
871 3411 926 3458 et
948 3403 1172 3461 oblivio.
1205 3406 1415 3476 Pugnat
1440 3410 1582 3465 enim
1614 3426 1736 3467 cum
1775 3412 1994 3472 homine

406 3489 632 3559 oblivio,
684 3504 739 3549 et
784 3504 1014 3551 conatur
1066 3499 1379 3569 Opprimere
1433 3516 1627 3560 omnes
1669 3504 1791 3575 ejus
1824 3507 1993 3565 bonas

405 3583 790 3653 cogitationes,
819 3596 980 3657 atque
1012 3589 1085 3644 ita
1120 3591 1384 3648 malorum
1434 3597 1677 3650 omnium
1713 3597 1870 3655 aﬁ'ert
1894 3616 1990 3656 oc-

405 3672 705 3739 casionem,
744 3684 798 3730 et
820 3679 1062 3747 quotidie
1098 3681 1332 3739 destruit
1386 3700 1449 3740 ea
1480 3702 1601 3756 quae
1653 3690 1721 3744 ab
1770 3691 1991 3748 homine

402 3766 762 3825 aediﬁcantur.

475 3856 540 3912 ll.
586 3860 779 3917 Cernis
818 3878 984 3933 opera
1037 3870 1161 3923 novi
1207 3870 1447 3928 hominis
1511 3884 1566 3930 et
1611 3883 1831 3936 veteris.
1884 3881 1984 3949 Qui

403 3948 579 4020 diligit
601 3952 835 4008 animam
859 3972 1037 4024 suam,
1079 3976 1146 4018 ne
1167 3966 1361 4032 perdat
1388 3980 1534 4034 eam,
1563 3982 1747 4026 servat
1771 3986 1832 4028 ea
1864 3990 1986 4044 qua:

403 4052 531 4097 sunt
552 4043 786 4103 hominis
820 4052 967 4105 novi.
990 4052 1061 4106 At
1092 4056 1183 4124 qui
1220 4057 1275 4111 in
1307 4059 1409 4113 hoc
1435 4062 1628 4132 exiguo
1658 4065 1782 4119 vitae
1810 4043 1985 4136 spatio

403 4138 645 4207 requiem
677 4144 891 4211 quaerit,
927 4160 989 4199 ea
1020 4162 1139 4217 qua:
1193 4160 1317 4206 sunt
1361 4154 1558 4209 veteris
1595 4156 1828 4214 hominis
1868 4176 1984 4215 am-

398 4229 679 4300 plectitur,
711 4236 806 4290 sed
832 4239 1008 4306 perdit
1039 4242 1279 4299 animam
1334 4260 1503 4301 suam.
1538 4248 1670 4304 Nam
1724 4252 1982 4311 Dominus

398 4333 587 4378 noster
608 4324 770 4383 Jesus
796 4327 1045 4388 Christus
1077 4350 1273 4392 novum
1312 4338 1366 4393 in
1400 4356 1629 4411 corpore
1673 4360 1771 4401 suo
1798 4349 1977 4405 homi-

2098 3142 2243 3197 enim
2273 3142 2363 3212 qui
2421 3141 2474 3196 in
2531 3141 2977 3213 gazophylacium
3047 3157 3269 3196 munera
3299 3143 3679 3209 conferebant,

2096 3245 2256 3290 erant
2281 3233 2478 3290 divites
2507 3252 2522 3289 :
2578 3243 2816 3289 attamen
2851 3235 3063 3290 duobus
3093 3235 3271 3291 viduae
3305 3239 3533 3293 minutis
3564 3255 3680 3293 ma-

2096 3329 2176 3399 gis
2207 3329 2424 3399 gavisus
2444 3336 2530 3383 est
2555 3328 2835 3393 Dominus,
2872 3327 2965 3398 qui
3003 3328 3181 3397 Ianimi
3229 3331 3399 3383 nostri
3441 3333 3679 3403 proposi-

2099 3428 2210 3472 tum
2238 3419 2479 3473 intuetur
2504 3418 2571 3472 “.
2594 3417 2810 3474 Nullum
2844 3419 2899 3473 in
2954 3418 3209 3474 cordibus
3246 3426 3451 3476 nostris
3483 3423 3676 3477 inertia

2095 3508 2272 3564 locum
2307 3509 2569 3575 inveniat,
2593 3524 2661 3563 ne
2708 3508 2913 3564 invidia
2975 3524 3074 3564 nos
3103 3520 3317 3579 separet
3349 3527 3377 3565 a
3411 3510 3547 3567 Deo.
3574 3513 3677 3568 Sed

2093 3601 2400 3656 ministeria
2427 3612 2612 3657 nostra
2646 3616 2743 3672 pro
2773 3602 2983 3657 viribus
3033 3617 3417 3672 exsequamur.
3476 3603 3675 3671 Quem-

2090 3694 2381 3750 admodum
2400 3696 2542 3751 enim
2565 3694 2993 3751 miscricordiam
3015 3711 3167 3750 suam
3186 3697 3238 3750 in
3261 3697 3673 3769 archisynagogi

2089 3786 2257 3842 ﬁliam
2281 3779 2539 3854 ostendit,
2566 3801 2685 3842 eam
2726 3787 2779 3841 in
2815 3786 2978 3841 vitam
3010 3802 3304 3855 revocans;
3337 3801 3390 3844 et
3405 3790 3549 3845 sicut
3575 3793 3674 3846 mi-

2089 3892 2272 3939 sertus
2301 3891 2384 3937 est
2418 3880 2563 3936 illius
2590 3880 2854 3945 mulieris,
2879 3894 3001 3949 qua:
3019 3882 3301 3951 sanguinis
3338 3882 3542 3937 ﬁuxum
3576 3900 3672 3953 pa-

2090 3974 2345 4041 tiebatur,
2394 3988 2625 4045 quisque
2656 3982 2950 4043 antequam
2990 3973 3280 4028 Christum
3311 3988 3669 4045 cognosceret

2085 4080 2280 4124 omnes
2314 4066 2597 4121 facultates
2635 4080 2769 4137 suas
2789 4064 2842 4118 in
2869 4065 3107 4119 medicos
3137 4078 3583 4134 consumpserat;
3617 4077 3671 4121 et

2086 4159 2539 4227 quemadmodum
2568 4160 2780 4215 curavit
2813 4174 3044 4232 puerum
3088 4157 3452 4222 centurionis,
3486 4160 3581 4229 qui
3611 4160 3665 4213 in

2083 4267 2144 4309 se
2172 4252 2510 4319 crediderat;
2535 4263 2590 4309 et
2621 4254 3079 4324 quemadmodum
3112 4253 3473 4309 Cliananaaam
3502 4255 3668 4310 mise-

2084 4357 2233 4402 ratus
2266 4356 2349 4401 est
2378 4346 2430 4400 in
2461 4345 2575 4416 ejus
2601 4345 2723 4401 lilia:
2740 4346 3037 4414 curatione,
3059 4354 3113 4401 et
3142 4345 3404 4401 Lazarum
3427 4347 3662 4400 anticum

396 4432 522 4472 "9|"
548 4421 864 4489 OSlelldeIIS.
899 4424 1150 4485 dicebat:
1206 4431 1311 4498 Qui
1333 4446 1476 4489 amat
1539 4438 1769 4493 animum
1798 4459 1973 4512 suam,
2009 4443 2053 4499 D
2083 4454 2240 4493 suum
2266 4437 2319 4493 in
2339 4438 2506 4492 vitam
2529 4439 2837 4493 revocavit:
2863 4438 2941 4492 sic
2970 4437 3186 4492 unicum
3213 4437 3466 4506 pauperis
3488 4438 3662 4491 vidua:

393 4520 577 4581 perdet
603 4531 756 4584 eam;
787 4521 877 4586 qui
903 4531 1077 4576 autem
1125 4528 1416 4590 perdiderit
1467 4547 1582 4587 eam
1630 4546 1842 4605 propter
1872 4554 1975 4607 me,

393 4606 622 4667 inveniet
648 4609 799 4665 illam
826 4613 915 4669 '5‘.
945 4615 1064 4685 Ipse
1094 4620 1238 4675 enim
1285 4633 1368 4679 est
1391 4624 1653 4683 Dominus
1706 4629 1875 4699 pacis.
1924 4606 1980 4687 et

393 4716 494 4773 per
521 4705 694 4775 ipsum
728 4708 937 4763 medius
988 4710 1285 4769 inimicitiae
1331 4719 1512 4787 paries
1541 4717 1751 4776 dirutus
1778 4731 1863 4776 est
1892 4722 1974 4791 ³⁸;

392 4808 482 4852 et:
514 4796 633 4853 Non
654 4802 783 4866 veni,
812 4802 1004 4873 inquit,
1041 4806 1243 4863 mittere
1276 4826 1475 4879 pacem,
1507 4815 1597 4868 sed
1638 4816 1871 4885 gladium
1901 4818 1974 4885 ³⁸;

392 4902 447 4945 et
486 4908 735 4949 rursum:
784 4893 908 4951 Veni
938 4899 1144 4956 mittere
1197 4903 1367 4972 ignem
1397 4904 1455 4958 in
1504 4917 1719 4977 terram,
1755 4921 1803 4965 et
1839 4914 1967 4982 quid

390 4983 503 5035 vola
531 4986 631 5038 nisi
662 4996 716 5039 ut
746 4989 1066 5043 accendatur
1097 4992 1181 5047 '7?
1216 4992 1314 5048 Hic
1345 5005 1427 5050 est
1456 4996 1598 5066 ignis
1637 4999 1726 5055 ille
1770 5001 1966 5057 divini-

390 5073 515 5126 tatis
538 5074 674 5144 ejus,
693 5078 781 5146 qui
809 5079 863 5132 in
903 5081 1100 5137 animis
1141 5097 1331 5139 eorum
1365 5087 1455 5157 qui
1518 5099 1761 5145 sanctam
1796 5094 1963 5163 ipsius

387 5160 690 5222 doctrinam
742 5172 914 5225 secuti
971 5184 1119 5238 sunt,
1171 5178 1392 5234 exarsit.
1431 5178 1582 5237 Tunc
1638 5160 1963 5241 invenerunt

386 5254 622 5323 gladium
650 5261 895 5333 spiritus,
926 5274 981 5320 et
1008 5282 1199 5323 omnes
1230 5272 1409 5326 carnis
1437 5274 1740 5345 voluptates
1764 5288 1957 5349 ampu-

384 5357 586 5405 tarunt.
623 5354 685 5409 Et
714 5368 901 5426 postea
937 5361 1083 5416 dedit
1147 5364 1226 5420 eis
1265 5367 1542 5436 gaudium,
1579 5371 1803 5428 dicens:
1848 5373 1958 5428 Pa-

382 5457 492 5497 cem
534 5462 700 5499 meam
730 5450 796 5502 do
819 5452 981 5518 vobis,
1010 5471 1190 5523 pacem
1240 5474 1407 5513 meam
1456 5462 1692 5533 relinquo
1724 5466 1863 5520 vobis
1888 5467 1954 5523 ³⁸.

453 5592 745 5685 ηῆξηιιιι.
783 5600 981 5685 x.”5_9.._
1008 5674 1018 5685 .
1047 5602 1425 5685 "-Eplleeii,
1463 5613 1547 5667 Η.
1626 5615 1671 5647 ⁸⁸⁸
1711 5614 1971 5685 Matth-3.
2007 5620 2077 5675 34

380 5666 603 5755 ξενιᾳ
632 5685 754 5739 sqq.
831 5670 875 5701 ιο
914 5673 1046 5729 ibid.
1090 5666 1191 5733 4ιὶ
1257 5680 1299 5712 δι
1344 5666 1615 5743 ivisti.
1692 5666 1992 5748 δῖ’ίῦἰᾶῖῖι

2128 5690 2173 5723 ⁵³
2552 5680 2759 5747 tit-ili;
2794 5677 2923 5731 Luc.
2984 5690 3100 5740 ut,
3134 5674 3249 5726 ίοὸ.

381 5747 456 5796 tv.
492 5737 577 5793 l9.

2083 4533 2253 4588 ﬁlium
2285 4531 2539 4601 iacrymis
2568 4531 2686 4600 ejus
2715 4539 3023 4585 commotus
3041 4529 3355 4585 suscitavit:
3392 4540 3447 4584 et
3471 4544 3663 4599 quem-

2082 4628 2373 4682 admodum
2400 4625 2621 4679 Mariam
2654 4638 2773 4693 quin
2804 4626 2969 4692 pedes
2998 4623 3114 4694 ejus
3166 4631 3440 4692 unguento
3480 4625 3655 4687 unxit,

2081 4728 2137 4773 et
2174 4716 2431 4788 Iacrymis
2471 4715 2749 4779 abstersit,
2775 4729 2882 4769 non
2939 4724 3023 4770 est
3069 4725 3417 4785 aspernatus:
3455 4714 3527 4768 ita
3560 4730 3657 4769 nec

2080 4813 2443 4882 peccatricem
2500 4810 2663 4879 pedes
2724 4822 2856 4863 suos
2905 4818 3177 4878 unguento
3198 4818 3484 4877 ungentem
3526 4822 3656 4860 con.

2086 4906 2329 4974 tempsit.
2368 4903 2432 4957 Et
2478 4901 2934 4971 quemadmodum
2987 4899 3205 4954 Petrum
3240 4908 3293 4952 et
3326 4896 3590 4953 Joannem
3625 4914 3653 4951 e

2075 4998 2321 5054 navicula
2346 4999 2582 5066 ipsorum
2601 4993 2831 5058 vocavit,
2853 4991 3168 5063 Sequimini,
3186 4989 3455 5061 inquiens,
3476 5006 3558 5044 me
3576 4989 3649 5055 “;

2073 5094 2153 5149 sic
2181 5101 2236 5147 et
2263 5090 2573 5145 Matthaeuui
2616 5088 2667 5141 in
2734 5086 2937 5141 telonio
2986 5083 3260 5138 sedentem
3293 5081 3529 5137 vocavit.
3587 5081 3653 5136 Et

2072 5183 2528 5256 quemadmodum
2561 5181 2692 5235 lavit
2719 5183 2881 5249 pedes
2904 5176 3311 5246 discipulorum,
3348 5174 3429 5229 sic
3451 5173 3650 5229 iavitet

2068 5279 2263 5335 ludam
2289 5281 2407 5332 sine
2437 5275 2547 5330 ullo
2567 5274 2901 5329 discrimine.
2925 5270 2989 5325 Et
3012 5267 3465 5339 quemadmodum
3490 5282 3648 5337 super

2069 5371 2345 5442 apostolos
2377 5369 2525 5425 venit
2579 5366 2813 5437 Spiritus
2853 5362 3203 5425 Paracletus,
3255 5360 3336 5414 sic
3397 5369 3451 5413 et
3486 5374 3648 5427 super

2066 5468 2374 5525 Cornelium
2410 5466 2576 5521 venit.
2610 5462 2675 5516 Et
2698 5459 3151 5532 quemadmodum
3182 5466 3401 5526 pmpter
3426 5453 3645 5509 Paulum

3366 5596 3412 5628 ³⁹
3457 5594 3642 5649 Matth-

3364 5668 3410 5699 “
3451 5666 3642 5721 Muttito

2176 5620 2217 5651 ³⁷
2259 5618 2391 5673 Luc.
2420 5632 2519 5677 xii,
2547 5610 2635 5665 49.
2746 5606 2791 5637 ³⁸
2830 5604 2984 5658 Joan.
3031 5600 3261 5677 xiv,2_'l.
