3862 6340
170 281 305 339 Hi9

1239 277 1305 334 S.
1343 271 1555 332 ISAhE
1598 267 1892 328 ABBATIS
1931 265 2344 325 ORATIONES.

3314 259 3450 332 nso

163 401 394 453 Ananize
423 412 586 468 opera
614 412 748 452 usus
767 403 847 451 est
875 395 1124 452 Damasci
1149 414 1160 448 :
1184 394 1470 462 Quoniam,
1495 393 1767 464 inquiens,
1799 395 1845 451 Α
1874 397 2130 458 tanquatn
2154 401 2350 457 equum
2384 385 2501 441 sine
2532 394 2738 444 rectore
2764 386 3126 457 oberrantcm,
3161 405 3319 461 quem
3360 397 3453 466 qui

163 488 251 543 ras
280 487 555 542 electionis
605 497 679 540 est
734 486 865 540 mihi
893 485 973 552 ";
1011 485 1093 541 sic
1151 486 1205 540 in
1263 483 1510 540 Samaria
1543 492 1764 554 propter

164 580 485 634 eunuchum
511 575 831 648 Ethiopem
866 592 996 632 usus
1023 585 1105 632 est
1135 591 1298 647 opera
1329 575 1580 646 Philippi.
1610 573 1764 629 Nulla

162 669 312 724 enim
350 668 404 722 in
435 677 733 738 conspectu
768 667 886 738 ejus
949 675 1034 722 est
1081 667 1330 737 acceptio
1385 679 1762 734 personarum,

166 761 316 816 nulla
359 761 504 816 inter
530 776 760 831 parvum
817 770 871 814 et
915 774 1190 830 magnmn,
1245 759 1385 813 nulla
1441 760 1580 814 inter
1632 774 1767 829 pau-

165 866 356 922 perem
417 859 478 906 et
535 853 759 907 divitem
829 849 1157 907 differentia.
1218 852 1397 906 Animi
1431 852 1764 923 propositum

171 945 424 1013 respicit,
468 955 518 1001 et
553 945 716 1000 iidem
747 959 874 1014 erga
910 959 969 1000 se
1006 954 1062 999 et
1119 946 1496 1000 mandatorum
1543 959 1764 1000 suorum

166 1037 642 1103 observationem,
666 1048 724 1093 et
749 1037 1097 1094 dilectionem
1134 1052 1261 1110 erga
1291 1054 1502 1093 omnes.
1539 1037 1655 1094 lloc
1684 1046 1768 1094 est

168 1129 319 1185 enim
351 1133 522 1185 animi
563 1131 782 1203 signum
809 1124 1036 1199 et‘nota,
1073 1146 1194 1185 cum
1228 1146 1258 1187 e
1305 1146 1532 1202 corpore
1566 1131 1767 1188 disces-

165 1226 326 1281 serit.
370 1223 439 1278 In
471 1223 589 1291 hoc,
651 1225 859 1296 inquit,
913 1233 1223 1296 cognoscent
1277 1240 1454 1279 omnes
1503 1240 1592 1278 vos
1627 1239 1766 1279 meos

167 1334 284 1373 esse
311 1318 627 1387 discipulos,
662 1320 706 1372 si
733 1317 1074 1373 dilectionem
1107 1317 1390 1372 habueritis
1431 1318 1568 1371 inter
1589 1332 1675 1371 vos
1698 1315 1763 1368 “.

248 1408 342 1465 ιν.
401 1409 552 1466 Hauc
610 1410 918 1465 dilectionis
965 1417 1147 1466 notam
1203 1409 1401 1479 quibus
1448 1409 1766 1479 impressam

170 1499 415 1553 viderint
445 1499 769 1567 adversarii,
794 1498 863 1553 ah
901 1497 1007 1554 illis
1036 1499 1171 1554 'cum
1201 1499 1400 1555 timore
1428 1498 1715 1556 discedent
1750 1516 1763 1554 :

170 1602 228 1645 at
249 1607 448 1648 omnes
481 1591 798 1662 angelorum
847 1600 1026 1648 coetus
1070 1591 1177 1647 illis
1215 1591 1765 1663 congratulabuntur.

174 1683 337 1740 Totis
361 1685 534 1754 igitur
563 1684 773 1739 viribus
813 1699 1037 1755 operam
1065 1685 1276 1750 demus,
1322 1684 1521 1740 fratres
1555 1683 1766 1741 charis-

1872 479 2074 534 invenit
2101 478 2298 534 insidet
2326 479 2375 533 ei
2394 516 2409 542 ,
2455 492 2519 533 ac
2548 492 2737 534 rursus
2769 477 3051 535 dimissum
3081 482 3148 536 ab
3179 480 3292 547 illo,
3320 483 3456 541 alius

1872 569 2230 640 apprehendit
2269 579 2433 641 atque
2472 571 2808 626 conscendit.
2847 571 2998 627 Alias
3035 583 3215 629 autem
3263 575 3457 635 similis

1871 676 2012 727 sum,
2051 663 2244 733 inquit,
2292 663 2517 728 homini,
2563 678 2724 734 quem
2773 664 2973 720 inimici
3006 667 3457 736 comprehensum

1874 771 1937 811 ac
1965 756 2201 811 vinctum
2233 756 2287 811 in
2322 757 2458 814 omni
2495 757 2667 812 lacum
2714 757 3078 828 conjec-erunt.
3128 760 3226 828 Qui
3271 763 3316 819 si
3341 763 3457 820 cla-

1874 849 2104 904 maverit
2157 850 2224 904 ad
2262 847 2543 906 dominum
2575 865 2757 916 suum,
2803 852 3115 907 verberatur
3144 855 3211 908 ab
3257 856 3360 924 eis,
3399 866 3461 913 ut

1874 946 2071 995 taceat.
2101 937 2232 995 item
2261 940 2478 1007 similis,
2511 941 2705 1012 inquit,
2753 956 2869 996 sum
2899 946 3136 1012 passeri,
3179 945 3331 1015 cujus
3366 963 3460 1019 pes

1875 1030 2069 1100 laqueo
2095 1031 2309 1085 vinctus
2339 1030 2444 1099 sit;
2475 1030 2566 1100 qui
2611 1031 2736 1084 dum
2788 1030 3021 1086 solutum
3057 1047 3115 1087 se
3139 1034 3460 1091 existimans

1827 1177 1830 1180 ,
1874 1122 2054 1176 volatu
2096 1121 2393 1188 extollitur,
2425 1122 2618 1194 laqueo
2651 1123 2931 1179 retinetur.
2967 1123 3133 1180 Nemo
3167 1126 3309 1182 enim
3353 1137 3459 1195 est,

1871 1212 1966 1283 qui
2000 1228 2105 1267 non
2150 1213 2218 1269 ad
2263 1222 2563 1268 extremum
2614 1227 2784 1284 usque
2821 1213 3069 1284 spiritum
3101 1215 3285 1286 aliqua
3334 1232 3460 1287 pre-

1878 1314 2053 1360 matur
2086 1305 2470 1364 sollicitudine.
2528 1306 2698 1373 idem,
2757 1308 2801 1363 si
2855 1309 3007 1377 quid,
3053 1310 3248 1379 inquit,
3300 1310 3460 1368 alicui

1876 1407 2064 1452 mutuo
2094 1397 2311 1463 dedisti,
2342 1414 2441 1452 nec
2472 1399 2599 1453 illud
2628 1399 2857 1470 repetis,
2889 1399 3014 1454 Jesn
3057 1411 3305 1455 naturam
3340 1404 3462 1458 imi-

1879 1495 2044 1560 taris;
2082 1495 2127 1550 si
2177 1493 2396 1564 repetis.
2430 1503 2676 1549 naturam
2723 1496 2886 1561 Adae;
2927 1498 3009 1553 sin
3052 1498 3208 1556 fenus
3253 1499 3462 1568 exigis,

1877 1601 2192 1658 perversum
2220 1586 2460 1656 ejusdem
2505 1603 2730 1643 morem.
2781 1588 2839 1645 Si
2869 1591 2989 1660 quis
3029 1601 3081 1647 Ie
3119 1591 3467 1663 reprehendit

1877 1690 2096 1750 propter
2113 1694 2225 1735 rem
2255 1679 2491 1750 aliquam
2530 1695 2689 1750 quam
2719 1680 2806 1736 vel
2823 1680 3000 1738 iecisti
3015 1683 3100 1739 vel
3126 1698 3230 1738 non
3251 1683 3462 1740 fecisti:

170 1776 325 1842 simi,
380 1784 442 1831 ut
481 1789 604 1831 eam
667 1790 1094 1846 consequamur,
1147 1790 1214 1831 ne
1253 1776 1552 1832 adversarii
1599 1777 1770 1832 nos1ri
1804 1773 1846 1829 Β
1875 1773 1918 1828 si
1955 1783 2121 1840 taces,
2158 1773 2284 1829 Jesn
2328 1783 2378 1828 te
2433 1773 2668 1829 similem
2709 1777 2953 1845 praebes;
2989 1775 3073 1832 sin
3120 1777 3463 1846 respondes:

176 1880 278 1922 nos
304 1879 644 1938 expugnent.
685 1865 809 1920 Non
837 1875 1025 1933 potest,
1069 1866 1245 1938 inquit
1275 1867 1561 1934 Dominus,
1588 1869 1773 1924 ciuitas

179 1959 439 2012 abscondi
485 1975 646 2028 supra
683 1967 908 2013 montem
931 1961 1098 2029 posita
1120 1959 1191 2019 ⁵⁷.
1232 1959 1350 2029 Quo
1384 1962 1449 2016 de
1479 1970 1660 2017 monte
1693 1961 1773 2016 lo-

174 2053 394 2121 quitur,
426 2053 530 2108 uisi
563 2054 630 2108 de
666 2067 920 2109 sermone
971 2068 1091 2119 suo,
1131 2067 1253 2109 cum
1314 2054 1425 2110 ait:
1467 2055 1570 2122 Qui
1595 2055 1775 2127 diligit

177 2161 281 2210 me,
308 2147 569 2198 mandata
602 2161 716 2199 mea
743 2145 970 2200 servabit
999 2144 1086 2200 “2
1138 2143 1196 2201 In
1228 2147 1330 2202 hoc
1380 2147 1617 2203 studium
1652 2147 1775 2204 dili-

181 2247 382 2308 genter
445 2238 846 2304 incumbamus,
904 2247 964 2294 ut
993 2237 1113 2309 ejus
1140 2253 1446 2296 sermonem
1478 2254 1774 2297 servemus.

179 2330 245 2384 Et
269 2329 491 2385 labores
522 2331 693 2385 nostri
719 2343 882 2386 erunt
922 2331 1090 2387 veluti
1136 2332 1332 2389 civitas
1384 2331 1541 2389 fortis
1571 2347 1635 2390 ac
1665 2352 1782 2389 mu-

180 2419 325 2485 nita,
357 2435 481 2490 quae
513 2434 636 2486 nos,
668 2423 847 2492 quoad
878 2422 982 2494 ipsi
1017 2437 1391 2493 occurremus,
1418 2427 1685 2482 custodiet
1714 2427 1782 2482 ab

182 2512 450 2568 omnibus
474 2513 714 2570 inimicis
749 2515 974 2570 nostris.
1027 2514 1142 2571 Hac
1180 2518 1326 2572 enim
1373 2517 1573 2575 ﬁducia
1601 2519 1646 2575 si
1681 2521 1783 2576 eri-

183 2619 310 2658 mus
350 2604 574 2670 muniti,
603 2620 795 2661 omnes
833 2605 1041 2662 inimici
1078 2607 1194 2678 ejus
1250 2624 1348 2680 per
1396 2621 1636 2668 montem
1665 2627 1783 2668 ser-

187 2695 378 2751 monis
410 2696 583 2765 ipsius
611 2697 1038 2768 dissipabuntur.
1063 2697 1176 2755 Hoc
1198 2715 1263 2755 ex
1296 2712 1480 2758 monte
1515 2701 1785 2774 lapissine

184 2791 447 2846 manibus
466 2791 681 2846 excisus
705 2801 938 2846 statuam
968 2809 1033 2848 ex
1057 2809 1191 2848 auro
1215 2806 1268 2849 ct
1295 2804 1540 2865 argento,
1573 2807 1628 2852 et
1654 2812 1784 2864 azre,

183 2899 253 2939 ac
288 2883 439 2940 ferro
497 2883 785 2939 conflatam
849 2885 1136 2957 confregit.
1189 2884 1404 2943 Induit:
1465 2906 1582 2956 vos,
1613 2890 1788 2960 inquit

187 2975 512 3047 Apostolus,
548 2986 878 3030 armaturam
911 2976 1027 3042 Dei,
1076 2988 1135 3031 ut
1169 2980 1381 3048 possitis
1432 2991 1572 3036 stare
1603 2988 1789 3036 aduer-

189 3085 285 3124 sus
326 3067 559 3123 insidias
590 3068 813 3123 diaboli.
871 3069 1137 3136 Quoniam
1189 3088 1294 3125 non
1337 3082 1414 3128 est
1453 3072 1600 3128 nobis
1631 3073 1812 3128 coitur

1881 1864 2044 1932 Quid,
2079 1864 2349 1934 inquiens,
2381 1863 2522 1919 feci?
2561 1879 2666 1920 non
2697 1865 2930 1936 amplius
2961 1867 3010 1921 ei
3045 1865 3240 1924 similis
3278 1881 3358 1925 es.
3399 1868 3471 1922 At

1883 1959 1926 2012 si
1945 1971 2045 2028 par
2061 1974 2124 2026 pa
2134 1958 2176 2012 ri
2209 1958 2399 2023 refers,
2414 1973 2469 2012 es
2486 1957 2710 2013 omnino
2726 1958 3022 2015 dissimilis.
3045 1959 3103 2016 Si
3119 1960 3471 2016 tuum-aufers

1883 2049 2212 2106 sacrificium
2239 2065 2360 2106 cum
2394 2049 2719 2120 humilitate,
2755 2061 3011 2123 tauquam
3052 2053 3130 2109 sis
3173 2053 3426 2125 indignus
3448 2095 3464 2120 ,

1887 2153 2105 2214 gratum
2129 2154 2208 2199 est
2241 2143 2384 2216 apud
2423 2142 2629 2210 Deum;
2665 2144 2808 2216 quod
2837 2144 2882 2200 si
2910 2145 3188 2203 extollaris
3219 2145 3271 2201 in
3307 2147 3472 2204 corde

1889 2245 2003 2304 tuo,
2041 2247 2098 2293 et
2119 2237 2424 2294 recorderis
2459 2237 2684 2294 alterius
2720 2237 3038 2296 dormientis
3065 2247 3158 2295 aut
3198 2239 3472 2312 negligen-

1889 2327 1978 2392 tis,
2015 2336 2138 2383 tuus
2183 2327 2362 2384 inanis
2392 2336 2476 2384 est
2525 2327 2698 2387 labor.
2737 2329 2930 2386 Dicere
2970 2330 3160 2387 solitus
3191 2342 3332 2398 erat,
3369 2333 3470 2388 liu-

1835 2440 1846 2445 -
1889 2417 2172 2473 militatem
2209 2432 2310 2474 nec
2338 2417 2577 2490 linguam
2609 2420 2832 2488 habere,
2877 2435 2982 2490 qua
3026 2421 3093 2477 de
3133 2419 3313 2493 aliquo
3348 2431 3473 2478 tan-

1889 2521 2053 2577 quam
2105 2507 2432 2580 negligente,
2476 2517 2571 2565 aut
2616 2511 2851 2582 superbo
2901 2510 3243 2583 loqueretur;
3299 2529 3476 2584 neque

1889 2598 2096 2667 oculos,
2142 2600 2342 2670 quibus
2383 2600 2612 2658 aliorum
2661 2614 2846 2659 errata
2894 2605 3257 2675 perspiceret;
3301 2621 3476 2678 neque

1891 2705 2074 2758 aures,
2109 2691 2306 2762 quibus
2335 2707 2398 2748 ea
2441 2709 2563 2766 quae
2606 2695 2801 2752 animae
2838 2709 2949 2752 suae
2983 2711 3089 2751 non
3125 2696 3473 2767 prodessent,

1890 2784 2144 2850 audiret;
2199 2784 2333 2840 nihil
2379 2786 2612 2858 denique
2659 2787 2864 2844 habere
2915 2789 3147 2860 negotii,
3201 2789 3306 2846 nisi
3351 2804 3474 2846 cum

1893 2877 2132 2946 peccatis
2161 2877 2296 2934 suis.
2330 2877 2411 2934 illi
2458 2879 2602 2934 enim
2647 2894 2768 2934 cum
2803 2882 3053 2936 omnibus
3104 2895 3290 2952 pacem
3327 2897 3471 2948 esse,

1894 2983 2002 3022 non
2045 2969 2297 3026 amicitia:
2329 2971 2523 3041 gratia,
2572 2971 2666 3027 sed
2720 2983 2943 3044 propter
2992 2975 3306 3029 mandatum
3361 2975 3476 3030 Dei.

1897 3059 2051 3126 Quod
2097 3061 2141 3116 si
2181 3062 2309 3132 quis
2341 3063 2462 3119 sine
2509 3063 2838 3131 humilitate,
2886 3065 2971 3123 vel
3015 3067 3238 3138 jejuniis
3271 3069 3481 3126 incum-

193 3161 370 3215 ctatio
403 3160 661 3215 adversus
688 3176 898 3214 carnem
951 3171 996 3216 et
1047 3164 1380 3232 sanguinem,
1427 3164 1514 3218 sed
1537 3166 1790 3221 adversus
1817 3141 1862 3202 (ἶ
1894 3149 2006 3215 bal»
2035 3149 2120 3204 Vel
2161 3165 2281 3206 sese
2310 3152 2662 3210 Vehementer
2711 3153 2932 3226 θωίὲτίι»
2967 3156 3050 3213 νει
3099 3159 3351 3214 mandala
3390 3174 3482 3216 CO-

193 3253 462 3321 principes
499 3263 545 3307 et
566 3261 878 3323 potestates,
936 3255 1188 3308 adversus
1223 3256 1405 3309 mundi
1455 3265 1692 3312 rectores.
1717 3267 1793 3310 te-

199 3345 489 3398 nebrarum
512 3342 694 3399 sa’culi
719 3343 905 3415 hujus,
926 3356 1112 3399 contra
1140 3346 1442 3414 spiritualia
1468 3346 1714 3417 nequitiae
1738 3345 1794 3401 in

202 3437 502 3493 calestibus
533 3437 600 3491 “.
636 3437 886 3505 Quatuor
932 3437 1032 3493 hos
1065 3438 1402 3509 principatus
1423 3437 1630 3494 indicat
1660 3453 1796 3508 qua-

201 3528 433 3596 druplex
457 3527 543 3583 illa
579 3541 779 3595 Statua,
799 3544 960 3598 quam
983 3530 1142 3599 lapis,
1167 3529 1272 3586 hoc
1304 3537 1408 3597 est,
1438 3527 1534 3585 Dei
1571 3531 1793 3585 verbum

198 3620 496 3692 confregit,
526 3631 584 3677 ut
609 3623 869 3690 scriptum
896 3629 980 3678 est
1013 3622 1082 3687 δ’,
1122 3631 1176 3678 et
1195 3622 1248 3678 in
1277 3630 1514 3678 montem
1543 3636 1794 3692 magnum

201 3716 407 3779 evasit,
421 3725 477 3772 et
494 3725 694 3772 terram
712 3715 955 3786 implevit
970 3716 1368 3771 universam.tn
1395 3724 1632 3772 montem
1654 3715 1798 3771 hunc

205 3805 509 3878 fugiamus,
547 3807 746 3863 fratres
774 3807 1105 3871 charissimi,
1133 3817 1191 3862 ut
1214 3808 1287 3862 sit
1316 3806 1468 3862 nobis
1493 3804 1797 3877 perfugium

204 3909 501 3968 servetque
527 3915 620 3953 nos
659 3914 690 3953 a
721 3909 958 3969 quatuor
981 3898 1100 3954 istis
1150 3899 1416 3968 improbis
1469 3899 1801 3954 dominatio-

207 3992 392 4057 nibus,
417 3991 889 4060 percipiamnsque
917 3991 1082 4046 etiam
1121 4006 1222 4046 nos
1250 3990 1504 4060 gaudium
1541 4006 1664 4046 cum
1685 4005 1801 4046 om-

211 4086 382 4141 nibus
423 4086 629 4140 sauctis
689 4084 828 4154 ejus,
876 4084 969 4153 qui
1014 4085 1082 4139 ad
1107 4098 1232 4139 eum
1280 4094 1684 4156 congregantur
1733 4099 1800 4140 ex

211 4183 452 4245 quatuor
515 4174 762 4229 terminis
812 4184 989 4229 terra.
1051 4172 1158 4228 Pro
1214 4173 1329 4229 suis
1382 4174 1525 4228 enim
1571 4171 1803 4243 quisque

210 4249 486 4337 operibus
505 4266 779 4336 propriam
807 4265 992 4320 audiet
1023 4264 1442 4321 beatitudinem.
1485 4264 1652 4320 Porro
1675 4281 1803 4322 san-

212 4368 368 4415 ctum
429 4357 548 4428 ejus
603 4371 801 4412 nomen
843 4365 1040 4427 potens
1070 4365 1172 4421 est,
1223 4354 1271 4409 si
1306 4354 1586 4409 nobiscum
1609 4353 1698 4418 sit,
1749 4361 1809 4406 ut

215 4449 542 4506 corroboret
566 4464 664 4506 nos
696 4449 763 4504 ad
793 4463 930 4518 opus
964 4447 1156 4516 ipsius,
1181 4461 1281 4500 nec
1311 4444 1456 4499 sinat
1495 4458 1592 4498 nos
1631 4443 1804 4512 decipi

217 4545 292 4600 ab
314 4543 557 4607 inimico,
587 4542 680 4598 sed
709 4541 979 4596 custodiat
1008 4555 1106 4595 nos
1145 4547 1309 4608 atque
1340 4534 1652 4604 muniat,'ut
1682 4552 1809 4609 pos-

217 4639 394 4694 simus
431 4651 766 4708 quazcuuque
795 4634 952 4691 nobis
976 4634 1298 4698 acciderint,
1324 4633 1617 4698 sustinere,
1640 4632 1805 4687 mise-

222 4729 631 4800 ricordiamque
660 4728 903 4799 reperire
930 4742 1056 4782 cum
1094 4726 1200 4780 illis
1223 4726 1314 4796 qui
1339 4724 1484 4794 digni
1527 4724 1655 4778 facti
1684 4731 1812 4778 sunt

222 4835 284 4880 ut
312 4837 441 4877 vera
477 4820 814 4876 beatitudine
869 4817 1202 4873 fruerentur.
1241 4816 1348 4888 ipsi
1398 4816 1509 4871 Deo
1542 4814 1714 4881 Patri,
1756 4823 1814 4869 et

225 4915 390 4980 Filio,
431 4926 487 4968 et
518 4912 746 4984 Spiritui
783 4920 971 4966 sancto
1001 4909 1196 4982 gloria,
1247 4918 1304 4964 et
1357 4909 1554 4975 honor,
1612 4916 1668 4962 et
1715 4906 1812 4963 ad-

228 5010 431 5074 oratio,
467 5021 610 5063 nunc
654 5016 710 5064 et
755 5019 992 5076 semper,
1042 5012 1098 5058 et
1147 5002 1201 5058 in
1245 5001 1441 5058 saecula
1473 4999 1818 5058 saeculorum.

224 5101 423 5159 Amen.

799 5190 1060 5248 ORATIO
1114 5187 1248 5247 VIII.

474 5287 628 5343 Beati
666 5285 831 5342 Isaia:
869 5284 1078 5339 abbatis
1119 5281 1581 5353 apOplttItegmata.

306 5383 352 5442 1.
396 5381 568 5442 Video
603 5396 690 5438 me
721 5379 798 5453 (3)
848 5376 1159 5450 aliquando,
1203 5374 1376 5445 inquit
1415 5374 1585 5428 abbas
1624 5367 1820 5437 isaias,

1896 3251 2056 3296 netur
2083 3243 2418 3310 observare;
2454 3232 2572 3314 ejus
2597 3244 2794 3302 inanes
2829 3261 2950 3303 esse
2987 3248 3219 3307 labores.
3255 3251 3312 3308 Si
3335 3251 3480 3322 quis,

1896 3334 2091 3405 inquit,
2130 3335 2553 3391 instrumentum
2599 3337 2859 3408 possidet,
2913 3350 2964 3394 et
3016 3340 3150 3396 illud
3200 3357 3308 3412 quo
3347 3352 3484 3398 tem-

1896 3439 2028 3496 pore
2059 3427 2426 3482 necessarium
2459 3437 2563 3493 est,
2613 3443 2719 3485 non
2761 3428 3024 3499 inveniat,
3063 3429 3266 3488 frustra
3306 3433 3483 3504 possio

1897 3519 2008 3574 det.
2036 3516 2184 3573 Talis
2206 3527 2312 3584 est,
2337 3519 2427 3590 qui
2461 3534 2520 3575 se
2555 3521 2745 3578 timere
2789 3521 2954 3577 Deum
2999 3523 3229 3589 asserit;
3260 3534 3317 3580 et
3357 3539 3482 3580 cum

1900 3620 2112 3682 tempus
2146 3610 2319 3678 adest,
2359 3621 2418 3666 ut
2443 3611 2536 3667 Dei
2577 3611 2825 3670 timorem
2856 3611 3129 3680 ostendat,
3163 3630 3270 3686 quo
3302 3615 3387 3670 vel
3416 3614 3484 3670 ab

1899 3703 2201 3771 iracundia,
2233 3703 2566 3774 arrogantia,
2601 3705 2681 3761 vel
2713 3705 3033 3776 ambitione,
3081 3717 3170 3762 aut
3217 3707 3323 3762 alio
3357 3708 3486 3763 vitio

1899 3794 2236 3862 cohibeatur,
2269 3794 2364 3850 Dei
2403 3795 2653 3852 timorem
2700 3814 2805 3854 non
2839 3800 3071 3870 reperit,
3114 3800 3272 3870 hujus
3303 3800 3485 3856 omnia

1901 3887 2077 3942 studia
2120 3897 2246 3942 sunt
2286 3888 2488 3944 inania.
3218 3874 3221 3877 ’

1972 3979 2036 4034 ll.
2080 3980 2339 4035 Dominus
2377 3991 2563 4040 noster
2603 3981 2761 4040 Iesus
2803 3982 3052 4042 Christus
3093 4002 3198 4044 non
3245 3987 3393 4058 prius
3433 3987 3486 4042 in

1905 4086 2124 4129 crucem
2151 4074 2418 4143 ascendit,
2446 4090 2607 4146 quam
2637 4091 2827 4133 omnes
2869 4080 3130 4136 humanas
3156 4090 3372 4136 curaret
3405 4081 3490 4136 in-

1906 4164 2213 4232 ﬁrmitates,
2259 4176 2319 4221 ut
2365 4181 2470 4238 quo
2507 4169 2738 4224 consilio
2766 4170 3155 4226 humanitatem
3191 4170 3487 4236 imbuerat,

1907 4254 2233 4312 declararet.
2269 4258 2573 4329 Antequam
2606 4259 2752 4315 enim
2798 4261 2911 4330 ipse
2953 4261 3167 4316 veniret
3200 4262 3252 4315 in
3303 4275 3488 4329 carne,

1906 4349 2070 4406 homo
2100 4361 2218 4405 erat
2249 4366 2446 4419 caecus,
2478 4363 2533 4406 et
2570 4362 2772 4418 mutus,
2805 4361 2859 4408 et
2893 4353 3112 4420 surdus,
3151 4361 3206 4409 et
3234 4353 3492 4426 paralyti-

1911 4455 2029 4508 cus,
2061 4451 2116 4495 et
2162 4441 2427 4512 leprosus,
2477 4451 2532 4498 et
2573 4443 2822 4509 claudus,
2869 4452 2924 4498 et
2973 4445 3025 4499 in
3066 4443 3316 4500 omnibus
3347 4443 3494 4500 vitiis

1915 4547 2123 4590 naturae
2156 4536 2446 4591 contrariis
2485 4535 2748 4591 ‘mortuus
2788 4551 2803 4588 :
2835 4546 2891 4592 at
2938 4547 3124 4607 postea
3175 4553 3358 4609 quam,
3395 4539 3494 4592 hu-

1918 4642 2074 4681 naria
2105 4641 2202 4697 pro
2232 4629 2384 4684 nobis
2419 4627 2852 4699 peregrinatione
2877 4639 3146 4701 suscepta,
3177 4629 3489 4686 misericor-

1917 4718 2061 4772 diam
2097 4733 2249 4773 suam
2287 4719 2543 4787 ostendit,
2588 4726 2861 4774 mortumn
2895 4720 3201 4788 suscitavit,
3243 4720 3496 4776 claudum

1920 4809 2050 4865 fecit
2086 4809 2386 4877 ambulare,
2417 4820 2474 4866 et
2514 4825 2718 4867 caecum
2769 4812 3034 4881 aspicere,
3077 4822 3132 4868 et
3175 4821 3382 4868 mutum
3414 4812 3498 4868 lo-

1922 4901 2038 4972 qui,
2069 4909 2124 4957 et
2159 4902 2384 4957 surdum
2425 4903 2636 4970 audire,
2664 4913 2720 4958 et
2755 4919 2952 4958 novum
2982 4905 3257 4961 hominem
3295 4905 3501 4960 consti-

1926 4993 2053 5057 tuit,
2079 4994 2148 5048 ab
2185 4995 2335 5050 omni
2363 4993 2591 5052 liberum
2622 4993 2960 5051 infirmitate.
2999 4995 3169 5052 Porro
3198 4996 3254 5052 in
3282 5011 3500 5052 crucem

1925 5085 2172 5142 sublatus
2215 5085 2350 5143 duos
2380 5102 2566 5143 secum
2621 5086 2863 5144 latrones
2899 5091 3215 5160 assumpsit,
3268 5102 3500 5159 quorum

1928 5179 1976 5235 is
2015 5180 2107 5249 qui
2134 5195 2164 5235 a
2194 5181 2400 5237 dextris
2432 5181 2600 5252 ipsius
2628 5189 2769 5245 erat,
2799 5181 3054 5236 laudabat
3078 5197 3225 5246 eum,
3270 5195 3336 5237 ac
3377 5194 3502 5250 pre-

1929 5273 2200 5330 cabatur:
2259 5271 2540 5336 Memento,
2582 5272 2856 5341 inquiens,
2899 5271 3030 5336 mei,
3071 5269 3327 5336 Domine,
3383 5286 3502 5324 cum

1929 5369 2129 5424 veneris
2161 5369 2215 5422 in
2247 5383 2459 5438 regnum
2493 5376 2640 5420 tuum
2697 5368 2762 5420 ".
2804 5366 2952 5420 Alter
2994 5375 3196 5430 autem,
3238 5365 3330 5436 qui
3360 5381 3390 5419 a
3427 5363 3502 5419 si-

308 5543 357 5580 ‘”
387 5543 508 5600 Act.
535 5559 615 5608 ix,
644 5540 732 5596 15.
809 5539 854 5570 “
887 5505 1043 5594 ioan.
1077 5550 1198 5608 xiii,
1238 5532 1329 5590 35.
1403 5533 1447 5564 δ’
1485 5529 1678 5588 Matth.
1710 5540 1762 5598 'v,

1977 5527 2022 5559 “
2061 5525 2220 5582 Joau.
2262 5541 2370 5593 xiv,
2408 5523 2498 5578 25.
2573 5522 2617 5555 ⁸³
2661 5520 2859 5594 Eplies.
2902 5537 2976 5588 vr,
3010 5520 3098 5587 il,
3131 5519 3219 5576 12.
3297 5519 3344 5551 ⁵ο
3370 5519 3501 5574 Dan.

237 5630 304 5676 lt.
335 5613 430 5682 54,
462 5615 552 5673 55.
601 5606 608 5608 '
644 5613 689 5646 ⁸¹
731 5611 864 5668 Luc.
905 5624 1040 5664 xxiii
1067 5648 1082 5674 ,
1114 5606 1202 5660 42.

315 5765 394 5839 (5)
449 5761 608 5818 Video
666 5774 770 5813 me.
790 5797 804 5810 .
826 5794 841 5810 .
865 5795 878 5808 .

574 5862 856 5920 Parnm“
901 5848 1022 5911 Gn.
1057 5843 1191 5905 XL-

923 5751 1242 5807 conscendit.
1295 5747 1395 5808 Hic
1441 5747 1590 5806 locus
1644 5741 1832 5802 Graece
1871 5743 2052 5797 exstat
2081 5733 2222 5792 infra
2255 5748 2373 5806 cap.
2402 5732 2456 5803 5,
2485 5747 2550 5790 ex
2574 5730 2643 5790 iis
2666 5745 2788 5803 qua:
2823 5730 3058 5803 vulgavit
3087 5727 3366 5787 Possinus.

3179 5817 3262 5880 36
