  <div class='ocr_page' id='page_1' title='image "/cluster/home/n/w/nwhite01/storage/ocr_20150623/40/hvd.32044019207786/595.png"; bbox 0 0 3862 6326; ppageno 0'>
   <div class='ocr_carea' id='block_1_1' title="bbox 458 275 588 332">
    <p class='ocr_par' dir='ltr' id='par_1_1' title="bbox 458 275 588 332">
     <span class='ocr_line' id='line_1_1' title="bbox 458 275 588 332; baseline 0 -2"><span class='ocrx_word' id='word_1_1' title='bbox 458 275 588 332; x_wconf 77' lang='lat' dir='ltr'><strong>H31</strong></span> 
     </span>
    </p>
   </div>
   <div class='ocr_carea' id='block_1_2' title="bbox 1527 281 2573 351">
    <p class='ocr_par' dir='ltr' id='par_1_2' title="bbox 1527 281 2573 351">
     <span class='ocr_line' id='line_1_2' title="bbox 1527 281 2573 351; baseline 0.015 -16"><span class='ocrx_word' id='word_1_2' title='bbox 1527 281 1798 338; x_wconf 80' lang='lat' dir='ltr'><strong>PATRES</strong></span> <span class='ocrx_word' id='word_1_3' title='bbox 1833 283 2136 342; x_wconf 65' lang='lat' dir='ltr'><strong>IEGYPTII</strong></span> <span class='ocrx_word' id='word_1_4' title='bbox 2177 285 2448 350; x_wconf 66' lang='lat' dir='ltr'><strong>S£CULI</strong></span> <span class='ocrx_word' id='word_1_5' title='bbox 2485 293 2573 351; x_wconf 76' lang='lat' dir='ltr'><strong>IV.</strong></span> 
     </span>
    </p>
   </div>
   <div class='ocr_carea' id='block_1_3' title="bbox 3575 314 3724 372">
    <p class='ocr_par' dir='ltr' id='par_1_3' title="bbox 3575 314 3724 372">
     <span class='ocr_line' id='line_1_3' title="bbox 3575 314 3724 372; baseline 0.027 -4"><span class='ocrx_word' id='word_1_6' title='bbox 3575 314 3724 372; x_wconf 68' lang='lat'><strong>“53</strong></span> 
     </span>
    </p>
   </div>
   <div class='ocr_carea' id='block_1_4' title="bbox 472 398 3712 489">
    <p class='ocr_par' dir='ltr' id='par_1_4' title="bbox 472 398 3712 489">
     <span class='ocr_line' id='line_1_4' title="bbox 472 398 3712 489; baseline 0.011 -37"><span class='ocrx_word' id='word_1_7' title='bbox 472 400 660 454; x_wconf 88' lang='lat' dir='ltr'><strong>nistris</strong></span> <span class='ocrx_word' id='word_1_8' title='bbox 712 407 850 464; x_wconf 84' lang='lat' dir='ltr'><strong>eral,</strong></span> <span class='ocrx_word' id='word_1_9' title='bbox 905 413 1025 455; x_wconf 90' lang='lat' dir='ltr'><strong>eum</strong></span> <span class='ocrx_word' id='word_1_10' title='bbox 1086 398 1384 457; x_wconf 76' lang='lat' dir='ltr'><strong>maledictis</strong></span> <span class='ocrx_word' id='word_1_11' title='bbox 1439 403 1828 459; x_wconf 89' lang='lat' dir='ltr'><strong>insectabatur.</strong></span> <span class='ocrx_word' id='word_1_12' title='bbox 1881 405 2029 461; x_wconf 77' lang='lat' dir='ltr'><strong>Mens</strong></span> <span class='ocrx_word' id='word_1_13' title='bbox 2057 411 2102 467; x_wconf 81' lang='grc' dir='ltr'>Α</span> <span class='ocrx_word' id='word_1_14' title='bbox 2132 422 2349 479; x_wconf 81' lang='lat' dir='ltr'><strong>peccata</strong></span> <span class='ocrx_word' id='word_1_15' title='bbox 2384 415 2563 484; x_wconf 83' lang='lat' dir='ltr'><strong>lugeas</strong></span> <span class='ocrx_word' id='word_1_16' title='bbox 2593 425 2677 471; x_wconf 89' lang='lat' dir='ltr'><strong>tua</strong></span> <span class='ocrx_word' id='word_1_17' title='bbox 2700 459 2714 486; x_wconf 91' lang='lat'><strong>,</strong></span> <span class='ocrx_word' id='word_1_18' title='bbox 2746 416 2947 488; x_wconf 83' lang='lat' dir='ltr'><strong>Deique</strong></span> <span class='ocrx_word' id='word_1_19' title='bbox 2980 421 3243 478; x_wconf 80' lang='lat' dir='ltr'><strong>auxilium</strong></span> <span class='ocrx_word' id='word_1_20' title='bbox 3277 439 3340 481; x_wconf 89' lang='lat' dir='ltr'><strong>ac</strong></span> <span class='ocrx_word' id='word_1_21' title='bbox 3395 428 3712 489; x_wconf 80' lang='lat' dir='ltr'><strong>misericor-</strong></span> 
     </span>
    </p>
   </div>
   <div class='ocr_carea' id='block_1_5' title="bbox 454 489 2027 562">
    <p class='ocr_par' dir='ltr' id='par_1_5' title="bbox 454 489 2027 562">
     <span class='ocr_line' id='line_1_5' title="bbox 454 489 2027 562; baseline 0.003 -18"><span class='ocrx_word' id='word_1_22' title='bbox 454 499 741 562; x_wconf 85' lang='lat' dir='ltr'><strong>antequam</strong></span> <span class='ocrx_word' id='word_1_23' title='bbox 799 506 828 544; x_wconf 92' lang='lat' dir='ltr'><strong>e</strong></span> <span class='ocrx_word' id='word_1_24' title='bbox 893 489 1212 559; x_wconf 78' lang='lat' dir='ltr'><strong>negligentia</strong></span> <span class='ocrx_word' id='word_1_25' title='bbox 1276 490 1583 560; x_wconf 85' lang='lat' dir='ltr'><strong>resipiscat,</strong></span> <span class='ocrx_word' id='word_1_26' title='bbox 1635 508 1757 547; x_wconf 89' lang='lat' dir='ltr'><strong>cunt</strong></span> <span class='ocrx_word' id='word_1_27' title='bbox 1807 493 2027 548; x_wconf 90' lang='lat' dir='ltr'><strong>inimico</strong></span> 
     </span>
    </p>
   </div>
   <div class='ocr_carea' id='block_1_6' title="bbox 452 580 2025 638">
    <p class='ocr_par' dir='ltr' id='par_1_6' title="bbox 452 580 2025 638">
     <span class='ocr_line' id='line_1_6' title="bbox 452 580 2025 638; baseline 0.001 -1"><span class='ocrx_word' id='word_1_28' title='bbox 452 591 537 637; x_wconf 90' lang='lat' dir='ltr'><strong>est</strong></span> <span class='ocrx_word' id='word_1_29' title='bbox 571 600 585 636; x_wconf 87' lang='lat'><strong>:</strong></span> <span class='ocrx_word' id='word_1_30' title='bbox 626 590 680 635; x_wconf 90' lang='lat' dir='ltr'><strong>at</strong></span> <span class='ocrx_word' id='word_1_31' title='bbox 709 581 753 635; x_wconf 93' lang='lat' dir='ltr'><strong>si</strong></span> <span class='ocrx_word' id='word_1_32' title='bbox 800 580 1058 636; x_wconf 87' lang='lat' dir='ltr'><strong>Dominus</strong></span> <span class='ocrx_word' id='word_1_33' title='bbox 1091 592 1273 637; x_wconf 82' lang='lat' dir='ltr'><strong>noster</strong></span> <span class='ocrx_word' id='word_1_34' title='bbox 1320 580 1475 638; x_wconf 80' lang='lat' dir='ltr'><strong>Jcsus</strong></span> <span class='ocrx_word' id='word_1_35' title='bbox 1518 582 1768 638; x_wconf 87' lang='lat' dir='ltr'><strong>Christus</strong></span> <span class='ocrx_word' id='word_1_36' title='bbox 1798 583 1943 638; x_wconf 83' lang='lat' dir='ltr'><strong>illam</strong></span> <span class='ocrx_word' id='word_1_37' title='bbox 1993 598 2025 638; x_wconf 92' lang='lat' dir='ltr'><strong>e</strong></span> 
     </span>
    </p>
   </div>
   <div class='ocr_carea' id='block_1_7' title="bbox 453 673 2022 744">
    <p class='ocr_par' dir='ltr' id='par_1_7' title="bbox 453 673 2022 744">
     <span class='ocr_line' id='line_1_7' title="bbox 453 673 2022 744; baseline 0.003 -18"><span class='ocrx_word' id='word_1_38' title='bbox 453 673 774 744; x_wconf 74' lang='lat' dir='ltr'><strong>negligentia</strong></span> <span class='ocrx_word' id='word_1_39' title='bbox 833 674 1111 728; x_wconf 88' lang='lat' dir='ltr'><strong>suscitarit</strong></span> <span class='ocrx_word' id='word_1_40' title='bbox 1149 713 1165 739; x_wconf 92' lang='lat'><strong>,</strong></span> <span class='ocrx_word' id='word_1_41' title='bbox 1236 675 1394 744; x_wconf 86' lang='lat' dir='ltr'><strong>eique</strong></span> <span class='ocrx_word' id='word_1_42' title='bbox 1465 675 1672 730; x_wconf 83' lang='lat' dir='ltr'><strong>dederit</strong></span> <span class='ocrx_word' id='word_1_43' title='bbox 1727 685 1788 730; x_wconf 90' lang='lat' dir='ltr'><strong>ut</strong></span> <span class='ocrx_word' id='word_1_44' title='bbox 1843 677 2022 731; x_wconf 85' lang='lat' dir='ltr'><strong>omnia</strong></span> 
     </span>
    </p>
   </div>
   <div class='ocr_carea' id='block_1_8' title="bbox 451 763 2019 836">
    <p class='ocr_par' dir='ltr' id='par_1_8' title="bbox 451 763 2019 836">
     <span class='ocr_line' id='line_1_8' title="bbox 451 763 2019 836; baseline 0.004 -21"><span class='ocrx_word' id='word_1_45' title='bbox 451 773 609 834; x_wconf 80' lang='lat' dir='ltr'><strong>queat</strong></span> <span class='ocrx_word' id='word_1_46' title='bbox 659 763 996 833; x_wconf 73' lang='lat' dir='ltr'><strong>diiudicare,</strong></span> <span class='ocrx_word' id='word_1_47' title='bbox 1047 774 1160 819; x_wconf 86' lang='lat' dir='ltr'><strong>tum</strong></span> <span class='ocrx_word' id='word_1_48' title='bbox 1217 765 1411 836; x_wconf 87' lang='lat' dir='ltr'><strong>poterit</strong></span> <span class='ocrx_word' id='word_1_49' title='bbox 1463 766 1515 820; x_wconf 93' lang='lat' dir='ltr'><strong>in</strong></span> <span class='ocrx_word' id='word_1_50' title='bbox 1562 782 1777 822; x_wconf 91' lang='lat' dir='ltr'><strong>crucem</strong></span> <span class='ocrx_word' id='word_1_51' title='bbox 1828 781 2019 822; x_wconf 89' lang='lat' dir='ltr'><strong>ascen-</strong></span> 
     </span>
    </p>
   </div>
   <div class='ocr_carea' id='block_1_9' title="bbox 454 855 2017 928">
    <p class='ocr_par' dir='ltr' id='par_1_9' title="bbox 454 855 2017 928">
     <span class='ocr_line' id='line_1_9' title="bbox 454 855 2017 928; baseline 0 -17"><span class='ocrx_word' id='word_1_52' title='bbox 454 858 603 913; x_wconf 90' lang='lat' dir='ltr'><strong>dere.</strong></span> <span class='ocrx_word' id='word_1_53' title='bbox 645 856 798 921; x_wconf 87' lang='lat' dir='ltr'><strong>Quod</strong></span> <span class='ocrx_word' id='word_1_54' title='bbox 828 871 872 910; x_wconf 85' lang='lat' dir='ltr'><strong>st</strong></span> <span class='ocrx_word' id='word_1_55' title='bbox 899 855 1117 912; x_wconf 88' lang='lat' dir='ltr'><strong>inimico</strong></span> <span class='ocrx_word' id='word_1_56' title='bbox 1145 855 1509 912; x_wconf 84' lang='lat' dir='ltr'><strong>calumniante</strong></span> <span class='ocrx_word' id='word_1_57' title='bbox 1546 858 1611 911; x_wconf 90' lang='lat' dir='ltr'><strong>ad</strong></span> <span class='ocrx_word' id='word_1_58' title='bbox 1640 856 2017 928; x_wconf 79' lang='lat' dir='ltr'><strong>negligentiam</strong></span> 
     </span>
    </p>
   </div>
   <div class='ocr_carea' id='block_1_10' title="bbox 449 947 2014 1018">
    <p class='ocr_par' dir='ltr' id='par_1_10' title="bbox 449 947 2014 1018">
     <span class='ocr_line' id='line_1_10' title="bbox 449 947 2014 1018; baseline -0.001 -15"><span class='ocrx_word' id='word_1_59' title='bbox 449 948 688 1014; x_wconf 81' lang='lat' dir='ltr'><strong>redierit,</strong></span> <span class='ocrx_word' id='word_1_60' title='bbox 727 948 816 1004; x_wconf 88' lang='lat' dir='ltr'><strong>fiet</strong></span> <span class='ocrx_word' id='word_1_61' title='bbox 855 947 908 1002; x_wconf 91' lang='lat' dir='ltr'><strong>id</strong></span> <span class='ocrx_word' id='word_1_62' title='bbox 939 949 1081 1018; x_wconf 92' lang='lat' dir='ltr'><strong>quod</strong></span> <span class='ocrx_word' id='word_1_63' title='bbox 1115 949 1180 1003; x_wconf 91' lang='lat' dir='ltr'><strong>de</strong></span> <span class='ocrx_word' id='word_1_64' title='bbox 1221 948 1429 1002; x_wconf 90' lang='lat' dir='ltr'><strong>duobus</strong></span> <span class='ocrx_word' id='word_1_65' title='bbox 1478 947 1779 1004; x_wconf 80' lang='lat' dir='ltr'><strong>latronibus</strong></span> <span class='ocrx_word' id='word_1_66' title='bbox 1812 950 2014 1004; x_wconf 90' lang='lat' dir='ltr'><strong>dictum</strong></span> 
     </span>
    </p>
   </div>
   <div class='ocr_carea' id='block_1_11' title="bbox 447 1044 2015 1115">
    <p class='ocr_par' dir='ltr' id='par_1_11' title="bbox 447 1044 2015 1115">
     <span class='ocr_line' id='line_1_11' title="bbox 447 1044 2015 1115; baseline 0.003 -17"><span class='ocrx_word' id='word_1_67' title='bbox 447 1055 550 1107; x_wconf 87' lang='lat' dir='ltr'><strong>est,</strong></span> <span class='ocrx_word' id='word_1_68' title='bbox 583 1059 720 1115; x_wconf 89' lang='lat' dir='ltr'><strong>quos</strong></span> <span class='ocrx_word' id='word_1_69' title='bbox 765 1044 1021 1101; x_wconf 88' lang='lat' dir='ltr'><strong>Dominus</strong></span> <span class='ocrx_word' id='word_1_70' title='bbox 1061 1054 1246 1101; x_wconf 88' lang='lat' dir='ltr'><strong>noster</strong></span> <span class='ocrx_word' id='word_1_71' title='bbox 1276 1045 1433 1101; x_wconf 88' lang='lat' dir='ltr'><strong>Jesus</strong></span> <span class='ocrx_word' id='word_1_72' title='bbox 1473 1045 1722 1101; x_wconf 75' lang='lat' dir='ltr'><strong>Christus</strong></span> <span class='ocrx_word' id='word_1_73' title='bbox 1760 1062 1789 1100; x_wconf 91' lang='lat' dir='ltr'><strong>a</strong></span> <span class='ocrx_word' id='word_1_74' title='bbox 1832 1057 2015 1102; x_wconf 89' lang='lat' dir='ltr'><strong>mutua</strong></span> 
     </span>
    </p>
   </div>
   <div class='ocr_carea' id='block_1_12' title="bbox 449 1136 2013 1209">
    <p class='ocr_par' dir='ltr' id='par_1_12' title="bbox 449 1136 2013 1209">
     <span class='ocr_line' id='line_1_12' title="bbox 449 1136 2013 1209; baseline 0.004 -20"><span class='ocrx_word' id='word_1_75' title='bbox 449 1136 824 1193; x_wconf 73' lang='lat' dir='ltr'><strong>benevolentia</strong></span> <span class='ocrx_word' id='word_1_76' title='bbox 865 1138 1157 1208; x_wconf 79' lang='lat' dir='ltr'><strong>separavit,</strong></span> <span class='ocrx_word' id='word_1_77' title='bbox 1182 1153 1411 1209; x_wconf 90' lang='lat' dir='ltr'><strong>quorum</strong></span> <span class='ocrx_word' id='word_1_78' title='bbox 1446 1154 1584 1194; x_wconf 91' lang='lat' dir='ltr'><strong>unus</strong></span> <span class='ocrx_word' id='word_1_79' title='bbox 1606 1138 2013 1209; x_wconf 89' lang='lat' dir='ltr'><strong>blasphemabat</strong></span> 
     </span>
    </p>
   </div>
   <div class='ocr_carea' id='block_1_13' title="bbox 443 1229 2014 1300">
    <p class='ocr_par' dir='ltr' id='par_1_13' title="bbox 443 1229 2014 1300">
     <span class='ocr_line' id='line_1_13' title="bbox 443 1229 2014 1300; baseline 0.004 -18"><span class='ocrx_word' id='word_1_80' title='bbox 443 1243 591 1297; x_wconf 87' lang='lat' dir='ltr'><strong>eum,</strong></span> <span class='ocrx_word' id='word_1_81' title='bbox 649 1229 786 1284; x_wconf 81' lang='lat' dir='ltr'><strong>alter</strong></span> <span class='ocrx_word' id='word_1_82' title='bbox 833 1239 1012 1285; x_wconf 87' lang='lat' dir='ltr'><strong>autem</strong></span> <span class='ocrx_word' id='word_1_83' title='bbox 1063 1231 1136 1285; x_wconf 90' lang='lat' dir='ltr'><strong>ita</strong></span> <span class='ocrx_word' id='word_1_84' title='bbox 1191 1240 1441 1300; x_wconf 82' lang='lat' dir='ltr'><strong>precatus</strong></span> <span class='ocrx_word' id='word_1_85' title='bbox 1495 1241 1599 1296; x_wconf 89' lang='lat' dir='ltr'><strong>est,</strong></span> <span class='ocrx_word' id='word_1_86' title='bbox 1655 1241 1713 1286; x_wconf 93' lang='lat' dir='ltr'><strong>ut</strong></span> <span class='ocrx_word' id='word_1_87' title='bbox 1756 1235 2014 1289; x_wconf 90' lang='lat' dir='ltr'><strong>meruerit</strong></span> 
     </span>
    </p>
   </div>
   <div class='ocr_carea' id='block_1_14' title="bbox 441 1322 2014 1392">
    <p class='ocr_par' dir='ltr' id='par_1_14' title="bbox 441 1322 2014 1392">
     <span class='ocr_line' id='line_1_14' title="bbox 441 1322 2014 1392; baseline 0.003 -16"><span class='ocrx_word' id='word_1_88' title='bbox 441 1323 629 1378; x_wconf 87' lang='lat' dir='ltr'><strong>audire</strong></span> <span class='ocrx_word' id='word_1_89' title='bbox 657 1341 670 1377; x_wconf 91' lang='lat'><strong>:</strong></span> <span class='ocrx_word' id='word_1_90' title='bbox 694 1322 865 1377; x_wconf 81' lang='lat' dir='ltr'><strong>Hodie</strong></span> <span class='ocrx_word' id='word_1_91' title='bbox 889 1338 1089 1376; x_wconf 84' lang='lat' dir='ltr'><strong>mecum</strong></span> <span class='ocrx_word' id='word_1_92' title='bbox 1118 1322 1218 1376; x_wconf 82' lang='lat' dir='ltr'><strong>eris</strong></span> <span class='ocrx_word' id='word_1_93' title='bbox 1245 1324 1298 1377; x_wconf 84' lang='lat' dir='ltr'><strong>in</strong></span> <span class='ocrx_word' id='word_1_94' title='bbox 1323 1323 1572 1392; x_wconf 78' lang='lat' dir='ltr'><strong>paradiso</strong></span> <span class='ocrx_word' id='word_1_95' title='bbox 1595 1323 1660 1381; x_wconf 85' lang='grc'><strong>⁵⁸.</strong></span> <span class='ocrx_word' id='word_1_96' title='bbox 1695 1322 1792 1380; x_wconf 89' lang='lat' dir='ltr'><strong>Hic</strong></span> <span class='ocrx_word' id='word_1_97' title='bbox 1816 1336 1898 1381; x_wconf 90' lang='lat' dir='ltr'><strong>est</strong></span> <span class='ocrx_word' id='word_1_98' title='bbox 1926 1326 2014 1382; x_wconf 90' lang='lat' dir='ltr'><strong>ille</strong></span> 
     </span>
    </p>
   </div>
   <div class='ocr_carea' id='block_1_15' title="bbox 441 1414 2012 1486">
    <p class='ocr_par' dir='ltr' id='par_1_15' title="bbox 441 1414 2012 1486">
     <span class='ocr_line' id='line_1_15' title="bbox 441 1414 2012 1486; baseline 0.003 -18"><span class='ocrx_word' id='word_1_99' title='bbox 441 1415 579 1470; x_wconf 81' lang='lat' dir='ltr'><strong>latro</strong></span> <span class='ocrx_word' id='word_1_100' title='bbox 611 1416 702 1485; x_wconf 93' lang='lat' dir='ltr'><strong>qui</strong></span> <span class='ocrx_word' id='word_1_101' title='bbox 746 1415 1053 1486; x_wconf 88' lang='lat' dir='ltr'><strong>paradisum</strong></span> <span class='ocrx_word' id='word_1_102' title='bbox 1090 1415 1252 1470; x_wconf 89' lang='lat' dir='ltr'><strong>etiam</strong></span> <span class='ocrx_word' id='word_1_103' title='bbox 1301 1414 1510 1470; x_wconf 91' lang='lat' dir='ltr'><strong>furatus</strong></span> <span class='ocrx_word' id='word_1_104' title='bbox 1551 1424 1651 1484; x_wconf 83' lang='lat' dir='ltr'><strong>est,</strong></span> <span class='ocrx_word' id='word_1_105' title='bbox 1695 1426 1750 1472; x_wconf 90' lang='lat' dir='ltr'><strong>et</strong></span> <span class='ocrx_word' id='word_1_106' title='bbox 1777 1419 2012 1474; x_wconf 83' lang='lat' dir='ltr'><strong>comedit</strong></span> 
     </span>
    </p>
   </div>
   <div class='ocr_carea' id='block_1_16' title="bbox 439 1508 856 1579">
    <p class='ocr_par' dir='ltr' id='par_1_16' title="bbox 439 1508 856 1579">
     <span class='ocr_line' id='line_1_16' title="bbox 439 1508 856 1579; baseline -0.007 -15"><span class='ocrx_word' id='word_1_107' title='bbox 439 1509 506 1564; x_wconf 92' lang='lat' dir='ltr'><strong>de</strong></span> <span class='ocrx_word' id='word_1_108' title='bbox 541 1508 686 1579; x_wconf 87' lang='lat' dir='ltr'><strong>ligno</strong></span> <span class='ocrx_word' id='word_1_109' title='bbox 713 1508 856 1562; x_wconf 74' lang='lat' dir='ltr'><strong>vitae.</strong></span> 
     </span>
    </p>
   </div>
   <div class='ocr_carea' id='block_1_17' title="bbox 507 1599 2005 1668">
    <p class='ocr_par' dir='ltr' id='par_1_17' title="bbox 507 1599 2005 1668">
     <span class='ocr_line' id='line_1_17' title="bbox 507 1599 2005 1668; baseline 0.003 -14"><span class='ocrx_word' id='word_1_110' title='bbox 507 1599 596 1656; x_wconf 86' lang='lat' dir='ltr'><strong>Ill.</strong></span> <span class='ocrx_word' id='word_1_111' title='bbox 641 1601 784 1655; x_wconf 86' lang='lat' dir='ltr'><strong>Idem</strong></span> <span class='ocrx_word' id='word_1_112' title='bbox 822 1615 1011 1655; x_wconf 82' lang='lat' dir='ltr'><strong>rursus</strong></span> <span class='ocrx_word' id='word_1_113' title='bbox 1040 1599 1107 1656; x_wconf 90' lang='lat' dir='ltr'><strong>de</strong></span> <span class='ocrx_word' id='word_1_114' title='bbox 1144 1610 1330 1655; x_wconf 88' lang='lat' dir='ltr'><strong>sancta</strong></span> <span class='ocrx_word' id='word_1_115' title='bbox 1359 1601 1738 1658; x_wconf 87' lang='lat' dir='ltr'><strong>communione</strong></span> <span class='ocrx_word' id='word_1_116' title='bbox 1772 1603 2005 1668; x_wconf 87' lang='lat' dir='ltr'><strong>dicebat,</strong></span> 
     </span>
    </p>
   </div>
   <div class='ocr_carea' id='block_1_18' title="bbox 435 1691 2005 1765">
    <p class='ocr_par' dir='ltr' id='par_1_18' title="bbox 435 1691 2005 1765">
     <span class='ocr_line' id='line_1_18' title="bbox 435 1691 2005 1765; baseline 0.002 -17"><span class='ocrx_word' id='word_1_117' title='bbox 435 1691 551 1762; x_wconf 86' lang='lat' dir='ltr'><strong>ejus</strong></span> <span class='ocrx_word' id='word_1_118' title='bbox 598 1706 718 1747; x_wconf 87' lang='lat' dir='ltr'><strong>esse</strong></span> <span class='ocrx_word' id='word_1_119' title='bbox 781 1707 997 1757; x_wconf 90' lang='lat' dir='ltr'><strong>munus,</strong></span> <span class='ocrx_word' id='word_1_120' title='bbox 1051 1701 1112 1746; x_wconf 90' lang='lat' dir='ltr'><strong>ut</strong></span> <span class='ocrx_word' id='word_1_121' title='bbox 1157 1707 1256 1748; x_wconf 91' lang='lat' dir='ltr'><strong>nos</strong></span> <span class='ocrx_word' id='word_1_122' title='bbox 1289 1692 1595 1764; x_wconf 83' lang='lat' dir='ltr'><strong>_conjungat</strong></span> <span class='ocrx_word' id='word_1_123' title='bbox 1641 1703 1801 1765; x_wconf 90' lang='lat' dir='ltr'><strong>atque</strong></span> <span class='ocrx_word' id='word_1_124' title='bbox 1855 1697 2005 1751; x_wconf 88' lang='lat' dir='ltr'><strong>uniat</strong></span> 
     </span>
    </p>
   </div>
   <div class='ocr_carea' id='block_1_19' title="bbox 436 1783 2002 1858">
    <p class='ocr_par' dir='ltr' id='par_1_19' title="bbox 436 1783 2002 1858">
     <span class='ocr_line' id='line_1_19' title="bbox 436 1783 2002 1858; baseline 0.003 -18"><span class='ocrx_word' id='word_1_125' title='bbox 436 1801 557 1840; x_wconf 90' lang='lat' dir='ltr'><strong>cum</strong></span> <span class='ocrx_word' id='word_1_126' title='bbox 606 1787 737 1841; x_wconf 90' lang='lat' dir='ltr'><strong>Deo.</strong></span> <span class='ocrx_word' id='word_1_127' title='bbox 772 1783 925 1852; x_wconf 87' lang='lat' dir='ltr'><strong>Quod</strong></span> <span class='ocrx_word' id='word_1_128' title='bbox 951 1799 1072 1842; x_wconf 90' lang='lat' dir='ltr'><strong>cum</strong></span> <span class='ocrx_word' id='word_1_129' title='bbox 1105 1784 1184 1840; x_wconf 85' lang='lat' dir='ltr'><strong>ita</strong></span> <span class='ocrx_word' id='word_1_130' title='bbox 1231 1785 1342 1841; x_wconf 89' lang='lat' dir='ltr'><strong>sit:</strong></span> <span class='ocrx_word' id='word_1_131' title='bbox 1397 1785 1496 1842; x_wconf 88' lang='lat' dir='ltr'><strong>Ubi</strong></span> <span class='ocrx_word' id='word_1_132' title='bbox 1535 1797 1640 1854; x_wconf 89' lang='lat' dir='ltr'><strong>est,</strong></span> <span class='ocrx_word' id='word_1_133' title='bbox 1671 1788 1865 1858; x_wconf 88' lang='lat' dir='ltr'><strong>inquit,</strong></span> <span class='ocrx_word' id='word_1_134' title='bbox 1902 1790 2002 1844; x_wconf 85' lang='lat' dir='ltr'><strong>ista</strong></span> 
     </span>
    </p>
   </div>
   <div class='ocr_carea' id='block_1_20' title="bbox 433 1877 2003 1949">
    <p class='ocr_par' dir='ltr' id='par_1_20' title="bbox 433 1877 2003 1949">
     <span class='ocr_line' id='line_1_20' title="bbox 433 1877 2003 1949; baseline 0.003 -16"><span class='ocrx_word' id='word_1_135' title='bbox 433 1877 782 1949; x_wconf 84' lang='lat' dir='ltr'><strong>conjunctio?</strong></span> <span class='ocrx_word' id='word_1_136' title='bbox 813 1879 881 1933; x_wconf 89' lang='lat' dir='ltr'><strong>ab</strong></span> <span class='ocrx_word' id='word_1_137' title='bbox 928 1879 1004 1933; x_wconf 88' lang='lat' dir='ltr'><strong>ira</strong></span> <span class='ocrx_word' id='word_1_138' title='bbox 1055 1886 1148 1933; x_wconf 89' lang='lat' dir='ltr'><strong>aut</strong></span> <span class='ocrx_word' id='word_1_139' title='bbox 1183 1877 1541 1945; x_wconf 87' lang='lat' dir='ltr'><strong>aemulatione,</strong></span> <span class='ocrx_word' id='word_1_140' title='bbox 1583 1887 1677 1935; x_wconf 88' lang='lat' dir='ltr'><strong>aut</strong></span> <span class='ocrx_word' id='word_1_141' title='bbox 1723 1883 1866 1946; x_wconf 84' lang='lat' dir='ltr'><strong>odio,</strong></span> <span class='ocrx_word' id='word_1_142' title='bbox 1911 1893 2003 1937; x_wconf 89' lang='lat' dir='ltr'><strong>aut</strong></span> 
     </span>
    </p>
   </div>
   <div class='ocr_carea' id='block_1_21' title="bbox 435 1969 1998 2045">
    <p class='ocr_par' dir='ltr' id='par_1_21' title="bbox 435 1969 1998 2045">
     <span class='ocr_line' id='line_1_21' title="bbox 435 1969 1998 2045; baseline 0.004 -21"><span class='ocrx_word' id='word_1_143' title='bbox 435 1972 749 2039; x_wconf 82' lang='lat' dir='ltr'><strong>ambitione,</strong></span> <span class='ocrx_word' id='word_1_144' title='bbox 776 1980 872 2025; x_wconf 90' lang='lat' dir='ltr'><strong>aut</strong></span> <span class='ocrx_word' id='word_1_145' title='bbox 905 1970 1051 2024; x_wconf 90' lang='lat' dir='ltr'><strong>inani</strong></span> <span class='ocrx_word' id='word_1_146' title='bbox 1081 1969 1271 2042; x_wconf 78' lang='lat' dir='ltr'><strong>gloria,</strong></span> <span class='ocrx_word' id='word_1_147' title='bbox 1305 1979 1398 2025; x_wconf 92' lang='lat' dir='ltr'><strong>aut</strong></span> <span class='ocrx_word' id='word_1_148' title='bbox 1427 1971 1547 2028; x_wconf 89' lang='lat' dir='ltr'><strong>aliis</strong></span> <span class='ocrx_word' id='word_1_149' title='bbox 1580 1972 1725 2029; x_wconf 88' lang='lat' dir='ltr'><strong>vitiis</strong></span> <span class='ocrx_word' id='word_1_150' title='bbox 1762 1977 1998 2045; x_wconf 86' lang='lat' dir='ltr'><strong>superati</strong></span> 
     </span>
    </p>
   </div>
   <div class='ocr_carea' id='block_1_22' title="bbox 431 2063 1996 2137">
    <p class='ocr_par' dir='ltr' id='par_1_22' title="bbox 431 2063 1996 2137">
     <span class='ocr_line' id='line_1_22' title="bbox 431 2063 1996 2137; baseline 0.003 -19"><span class='ocrx_word' id='word_1_151' title='bbox 431 2067 588 2133; x_wconf 84' lang='lat' dir='ltr'><strong>longe</strong></span> <span class='ocrx_word' id='word_1_152' title='bbox 615 2064 871 2120; x_wconf 87' lang='lat' dir='ltr'><strong>absumus</strong></span> <span class='ocrx_word' id='word_1_153' title='bbox 893 2078 923 2118; x_wconf 89' lang='lat' dir='ltr'><strong>a</strong></span> <span class='ocrx_word' id='word_1_154' title='bbox 950 2063 1082 2119; x_wconf 76' lang='lat' dir='ltr'><strong>Dea.</strong></span> <span class='ocrx_word' id='word_1_155' title='bbox 1123 2063 1271 2119; x_wconf 85' lang='lat' dir='ltr'><strong>Idem</strong></span> <span class='ocrx_word' id='word_1_156' title='bbox 1305 2081 1319 2118; x_wconf 91' lang='lat'><strong>:</strong></span> <span class='ocrx_word' id='word_1_157' title='bbox 1359 2064 1492 2120; x_wconf 92' lang='lat' dir='ltr'><strong>Cum</strong></span> <span class='ocrx_word' id='word_1_158' title='bbox 1523 2080 1760 2134; x_wconf 91' lang='lat' dir='ltr'><strong>oramus,</strong></span> <span class='ocrx_word' id='word_1_159' title='bbox 1801 2069 1996 2137; x_wconf 90' lang='lat' dir='ltr'><strong>inquit,</strong></span> 
     </span>
    </p>
   </div>
   <div class='ocr_carea' id='block_1_23' title="bbox 429 2157 1995 2231">
    <p class='ocr_par' dir='ltr' id='par_1_23' title="bbox 429 2157 1995 2231">
     <span class='ocr_line' id='line_1_23' title="bbox 429 2157 1995 2231; baseline 0.003 -19"><span class='ocrx_word' id='word_1_160' title='bbox 429 2167 482 2212; x_wconf 93' lang='lat' dir='ltr'><strong>ct</strong></span> <span class='ocrx_word' id='word_1_161' title='bbox 509 2157 687 2227; x_wconf 89' lang='lat' dir='ltr'><strong>aliqua</strong></span> <span class='ocrx_word' id='word_1_162' title='bbox 716 2171 780 2212; x_wconf 79' lang='lat' dir='ltr'><strong>ex</strong></span> <span class='ocrx_word' id='word_1_163' title='bbox 810 2157 1306 2225; x_wconf 84' lang='lat' dir='ltr'><strong>perturbationibus</strong></span> <span class='ocrx_word' id='word_1_164' title='bbox 1337 2158 1601 2229; x_wconf 88' lang='lat' dir='ltr'><strong>ejusmodi</strong></span> <span class='ocrx_word' id='word_1_165' title='bbox 1629 2160 1771 2231; x_wconf 80' lang='lat' dir='ltr'><strong>viget</strong></span> <span class='ocrx_word' id='word_1_166' title='bbox 1799 2163 1848 2215; x_wconf 92' lang='lat' dir='ltr'><strong>iu</strong></span> <span class='ocrx_word' id='word_1_167' title='bbox 1875 2178 1995 2216; x_wconf 84' lang='lat' dir='ltr'><strong>cor-</strong></span> 
     </span>
    </p>
   </div>
   <div class='ocr_carea' id='block_1_24' title="bbox 427 2250 1996 2328">
    <p class='ocr_par' dir='ltr' id='par_1_24' title="bbox 427 2250 1996 2328">
     <span class='ocr_line' id='line_1_24' title="bbox 427 2250 1996 2328; baseline 0.004 -22"><span class='ocrx_word' id='word_1_168' title='bbox 427 2251 493 2306; x_wconf 89' lang='lat' dir='ltr'><strong>de</strong></span> <span class='ocrx_word' id='word_1_169' title='bbox 517 2260 725 2316; x_wconf 90' lang='lat' dir='ltr'><strong>uostro,</strong></span> <span class='ocrx_word' id='word_1_170' title='bbox 756 2250 931 2308; x_wconf 88' lang='lat' dir='ltr'><strong>inanis</strong></span> <span class='ocrx_word' id='word_1_171' title='bbox 952 2262 1034 2308; x_wconf 91' lang='lat' dir='ltr'><strong>est</strong></span> <span class='ocrx_word' id='word_1_172' title='bbox 1068 2261 1250 2308; x_wconf 89' lang='lat' dir='ltr'><strong>noster</strong></span> <span class='ocrx_word' id='word_1_173' title='bbox 1275 2252 1446 2319; x_wconf 90' lang='lat' dir='ltr'><strong>labor,</strong></span> <span class='ocrx_word' id='word_1_174' title='bbox 1472 2265 1526 2309; x_wconf 90' lang='lat' dir='ltr'><strong>et</strong></span> <span class='ocrx_word' id='word_1_175' title='bbox 1557 2255 1782 2312; x_wconf 91' lang='lat' dir='ltr'><strong>minime</strong></span> <span class='ocrx_word' id='word_1_176' title='bbox 1811 2267 1996 2328; x_wconf 83' lang='lat' dir='ltr'><strong>gratus</strong></span> 
     </span>
    </p>
   </div>
   <div class='ocr_carea' id='block_1_25' title="bbox 424 2343 1991 2417">
    <p class='ocr_par' dir='ltr' id='par_1_25' title="bbox 424 2343 1991 2417">
     <span class='ocr_line' id='line_1_25' title="bbox 424 2343 1991 2417; baseline 0.005 -19"><span class='ocrx_word' id='word_1_177' title='bbox 424 2344 526 2413; x_wconf 86' lang='lat' dir='ltr'><strong>ipsi</strong></span> <span class='ocrx_word' id='word_1_178' title='bbox 561 2343 687 2399; x_wconf 89' lang='lat' dir='ltr'><strong>Deo.</strong></span> <span class='ocrx_word' id='word_1_179' title='bbox 721 2343 831 2400; x_wconf 89' lang='lat' dir='ltr'><strong>Cttr</strong></span> <span class='ocrx_word' id='word_1_180' title='bbox 865 2344 1046 2415; x_wconf 92' lang='lat' dir='ltr'><strong>igitur,</strong></span> <span class='ocrx_word' id='word_1_181' title='bbox 1092 2345 1368 2414; x_wconf 89' lang='lat' dir='ltr'><strong>respondit</strong></span> <span class='ocrx_word' id='word_1_182' title='bbox 1421 2347 1636 2415; x_wconf 89' lang='lat' dir='ltr'><strong>quidam</strong></span> <span class='ocrx_word' id='word_1_183' title='bbox 1673 2364 1704 2404; x_wconf 88' lang='lat' dir='ltr'><strong>e</strong></span> <span class='ocrx_word' id='word_1_184' title='bbox 1750 2351 1991 2417; x_wconf 89' lang='lat' dir='ltr'><strong>senibus,</strong></span> 
     </span>
    </p>
   </div>
   <div class='ocr_carea' id='block_1_26' title="bbox 421 2435 1994 2510">
    <p class='ocr_par' dir='ltr' id='par_1_26' title="bbox 421 2435 1994 2510">
     <span class='ocr_line' id='line_1_26' title="bbox 421 2435 1994 2510; baseline 0.005 -21"><span class='ocrx_word' id='word_1_185' title='bbox 421 2449 487 2489; x_wconf 93' lang='lat' dir='ltr'><strong>eo</strong></span> <span class='ocrx_word' id='word_1_186' title='bbox 519 2443 761 2503; x_wconf 90' lang='lat' dir='ltr'><strong>tempore</strong></span> <span class='ocrx_word' id='word_1_187' title='bbox 787 2435 976 2489; x_wconf 78' lang='lat' dir='ltr'><strong>&quot;&#39;uon</strong></span> <span class='ocrx_word' id='word_1_188' title='bbox 1001 2435 1319 2492; x_wconf 89' lang='lat' dir='ltr'><strong>inhabenter</strong></span> <span class='ocrx_word' id='word_1_189' title='bbox 1350 2438 1623 2507; x_wconf 92' lang='lat' dir='ltr'><strong>respondit</strong></span> <span class='ocrx_word' id='word_1_190' title='bbox 1651 2456 1665 2494; x_wconf 88' lang='lat'><strong>:</strong></span> <span class='ocrx_word' id='word_1_191' title='bbox 1696 2438 1827 2494; x_wconf 87' lang='lat' dir='ltr'><strong>Cutu</strong></span> <span class='ocrx_word' id='word_1_192' title='bbox 1861 2441 1994 2510; x_wconf 85' lang='lat' dir='ltr'><strong>pluit</strong></span> 
     </span>
    </p>
   </div>
   <div class='ocr_carea' id='block_1_27' title="bbox 365 2514 1990 2604">
    <p class='ocr_par' dir='ltr' id='par_1_27' title="bbox 365 2514 1990 2604">
     <span class='ocr_line' id='line_1_27' title="bbox 365 2514 1990 2604; baseline 0.006 -24"><span class='ocrx_word' id='word_1_193' title='bbox 365 2514 379 2530; x_wconf 79' lang='grc'><strong>’</strong></span> <span class='ocrx_word' id='word_1_194' title='bbox 419 2541 583 2596; x_wconf 87' lang='lat' dir='ltr'><strong>super</strong></span> <span class='ocrx_word' id='word_1_195' title='bbox 620 2537 819 2582; x_wconf 88' lang='lat' dir='ltr'><strong>terram</strong></span> <span class='ocrx_word' id='word_1_196' title='bbox 853 2528 904 2582; x_wconf 89' lang='lat' dir='ltr'><strong>in</strong></span> <span class='ocrx_word' id='word_1_197' title='bbox 950 2543 1054 2598; x_wconf 92' lang='lat' dir='ltr'><strong>qua</strong></span> <span class='ocrx_word' id='word_1_198' title='bbox 1080 2543 1262 2585; x_wconf 89' lang='lat' dir='ltr'><strong>semen</strong></span> <span class='ocrx_word' id='word_1_199' title='bbox 1297 2540 1398 2597; x_wconf 91' lang='lat' dir='ltr'><strong>est,</strong></span> <span class='ocrx_word' id='word_1_200' title='bbox 1432 2533 1699 2601; x_wconf 80' lang='lat' dir='ltr'><strong>germinat</strong></span> <span class='ocrx_word' id='word_1_201' title='bbox 1727 2551 1740 2587; x_wconf 91' lang='lat'><strong>:</strong></span> <span class='ocrx_word' id='word_1_202' title='bbox 1772 2538 1912 2604; x_wconf 89' lang='lat' dir='ltr'><strong>quod</strong></span> <span class='ocrx_word' id='word_1_203' title='bbox 1946 2535 1990 2590; x_wconf 90' lang='lat' dir='ltr'><strong>si</strong></span> 
     </span>
    </p>
   </div>
   <div class='ocr_carea' id='block_1_28' title="bbox 421 2617 1990 2696">
    <p class='ocr_par' dir='ltr' id='par_1_28' title="bbox 421 2617 1990 2696">
     <span class='ocr_line' id='line_1_28' title="bbox 421 2617 1990 2696; baseline 0.007 -26"><span class='ocrx_word' id='word_1_204' title='bbox 421 2632 530 2671; x_wconf 93' lang='lat' dir='ltr'><strong>non</strong></span> <span class='ocrx_word' id='word_1_205' title='bbox 561 2617 756 2673; x_wconf 87' lang='lat' dir='ltr'><strong>habeat</strong></span> <span class='ocrx_word' id='word_1_206' title='bbox 811 2633 1019 2682; x_wconf 89' lang='lat' dir='ltr'><strong>semen,</strong></span> <span class='ocrx_word' id='word_1_207' title='bbox 1073 2635 1179 2674; x_wconf 93' lang='lat' dir='ltr'><strong>non</strong></span> <span class='ocrx_word' id='word_1_208' title='bbox 1224 2623 1513 2692; x_wconf 76' lang='lat' dir='ltr'><strong>germinat.</strong></span> <span class='ocrx_word' id='word_1_209' title='bbox 1557 2621 1782 2679; x_wconf 89' lang='lat' dir='ltr'><strong>Studeat</strong></span> <span class='ocrx_word' id='word_1_210' title='bbox 1829 2625 1990 2696; x_wconf 78' lang='lat' dir='ltr'><strong>igitur</strong></span> 
     </span>
    </p>
   </div>
   <div class='ocr_carea' id='block_1_29' title="bbox 415 2712 1990 2788">
    <p class='ocr_par' dir='ltr' id='par_1_29' title="bbox 415 2712 1990 2788">
     <span class='ocr_line' id='line_1_29' title="bbox 415 2712 1990 2788; baseline 0.006 -22"><span class='ocrx_word' id='word_1_211' title='bbox 415 2712 646 2782; x_wconf 90' lang='lat' dir='ltr'><strong>quisque</strong></span> <span class='ocrx_word' id='word_1_212' title='bbox 697 2713 834 2768; x_wconf 88' lang='lat' dir='ltr'><strong>mala</strong></span> <span class='ocrx_word' id='word_1_213' title='bbox 901 2715 1107 2770; x_wconf 88' lang='lat' dir='ltr'><strong>semina</strong></span> <span class='ocrx_word' id='word_1_214' title='bbox 1162 2715 1358 2784; x_wconf 87' lang='lat' dir='ltr'><strong>ejicere</strong></span> <span class='ocrx_word' id='word_1_215' title='bbox 1405 2717 1471 2773; x_wconf 93' lang='lat' dir='ltr'><strong>de</strong></span> <span class='ocrx_word' id='word_1_216' title='bbox 1519 2722 1682 2775; x_wconf 87' lang='lat' dir='ltr'><strong>corde</strong></span> <span class='ocrx_word' id='word_1_217' title='bbox 1727 2736 1861 2788; x_wconf 91' lang='lat' dir='ltr'><strong>suo,</strong></span> <span class='ocrx_word' id='word_1_218' title='bbox 1923 2738 1990 2776; x_wconf 90' lang='lat' dir='ltr'><strong>ne</strong></span> 
     </span>
    </p>
   </div>
   <div class='ocr_carea' id='block_1_30' title="bbox 413 2804 1988 2871">
    <p class='ocr_par' dir='ltr' id='par_1_30' title="bbox 413 2804 1988 2871">
     <span class='ocr_line' id='line_1_30' title="bbox 413 2804 1988 2871; baseline 0.008 -13"><span class='ocrx_word' id='word_1_219' title='bbox 413 2805 756 2860; x_wconf 84' lang='lat' dir='ltr'><strong>exoriantur.</strong></span> <span class='ocrx_word' id='word_1_220' title='bbox 789 2804 929 2862; x_wconf 89' lang='lat' dir='ltr'><strong>Deus</strong></span> <span class='ocrx_word' id='word_1_221' title='bbox 977 2807 1249 2864; x_wconf 90' lang='lat' dir='ltr'><strong>hominem</strong></span> <span class='ocrx_word' id='word_1_222' title='bbox 1287 2809 1400 2864; x_wconf 92' lang='lat' dir='ltr'><strong>vult</strong></span> <span class='ocrx_word' id='word_1_223' title='bbox 1433 2813 1685 2868; x_wconf 92' lang='lat' dir='ltr'><strong>omnibus</strong></span> <span class='ocrx_word' id='word_1_224' title='bbox 1730 2813 1785 2868; x_wconf 93' lang='lat' dir='ltr'><strong>in</strong></span> <span class='ocrx_word' id='word_1_225' title='bbox 1823 2816 1988 2871; x_wconf 75' lang='lat' dir='ltr'><strong>rebus</strong></span> 
     </span>
    </p>
   </div>
   <div class='ocr_carea' id='block_1_31' title="bbox 414 2896 1987 2976">
    <p class='ocr_par' dir='ltr' id='par_1_31' title="bbox 414 2896 1987 2976">
     <span class='ocr_line' id='line_1_31' title="bbox 414 2896 1987 2976; baseline 0.01 -26"><span class='ocrx_word' id='word_1_226' title='bbox 414 2912 534 2952; x_wconf 90' lang='lat' dir='ltr'><strong>esse</strong></span> <span class='ocrx_word' id='word_1_227' title='bbox 575 2896 802 2953; x_wconf 87' lang='lat' dir='ltr'><strong>similem</strong></span> <span class='ocrx_word' id='word_1_228' title='bbox 833 2898 936 2954; x_wconf 92' lang='lat' dir='ltr'><strong>sui.</strong></span> <span class='ocrx_word' id='word_1_229' title='bbox 967 2899 1090 2955; x_wconf 91' lang='lat' dir='ltr'><strong>Ideo</strong></span> <span class='ocrx_word' id='word_1_230' title='bbox 1123 2901 1272 2956; x_wconf 88' lang='lat' dir='ltr'><strong>venit</strong></span> <span class='ocrx_word' id='word_1_231' title='bbox 1304 2900 1356 2955; x_wconf 91' lang='lat' dir='ltr'><strong>in</strong></span> <span class='ocrx_word' id='word_1_232' title='bbox 1403 2905 1660 2959; x_wconf 91' lang='lat' dir='ltr'><strong>mundum</strong></span> <span class='ocrx_word' id='word_1_233' title='bbox 1701 2915 1756 2960; x_wconf 92' lang='lat' dir='ltr'><strong>et</strong></span> <span class='ocrx_word' id='word_1_234' title='bbox 1795 2922 1987 2976; x_wconf 90' lang='lat' dir='ltr'><strong>passus</strong></span> 
     </span>
    </p>
   </div>
   <div class='ocr_carea' id='block_1_32' title="bbox 412 2991 1983 3068">
    <p class='ocr_par' dir='ltr' id='par_1_32' title="bbox 412 2991 1983 3068">
     <span class='ocr_line' id='line_1_32' title="bbox 412 2991 1983 3068; baseline 0.008 -23"><span class='ocrx_word' id='word_1_235' title='bbox 412 2997 514 3051; x_wconf 84' lang='lat' dir='ltr'><strong>est,</strong></span> <span class='ocrx_word' id='word_1_236' title='bbox 553 2998 612 3044; x_wconf 92' lang='lat' dir='ltr'><strong>ut</strong></span> <span class='ocrx_word' id='word_1_237' title='bbox 647 2999 896 3044; x_wconf 89' lang='lat' dir='ltr'><strong>naturam</strong></span> <span class='ocrx_word' id='word_1_238' title='bbox 927 2991 1164 3046; x_wconf 87' lang='lat' dir='ltr'><strong>hominis</strong></span> <span class='ocrx_word' id='word_1_239' title='bbox 1190 3007 1411 3062; x_wconf 81' lang='lat' dir='ltr'><strong>pravam</strong></span> <span class='ocrx_word' id='word_1_240' title='bbox 1447 2995 1778 3068; x_wconf 88' lang='lat' dir='ltr'><strong>immutaret,</strong></span> <span class='ocrx_word' id='word_1_241' title='bbox 1810 3011 1864 3056; x_wconf 88' lang='lat' dir='ltr'><strong>et</strong></span> <span class='ocrx_word' id='word_1_242' title='bbox 1889 3018 1983 3059; x_wconf 91' lang='lat' dir='ltr'><strong>vo-</strong></span> 
     </span>
    </p>
   </div>
   <div class='ocr_carea' id='block_1_33' title="bbox 412 3085 2255 3195">
    <p class='ocr_par' dir='ltr' id='par_1_33' title="bbox 412 3085 2255 3195">
     <span class='ocr_line' id='line_1_33' title="bbox 412 3085 2255 3195; baseline 0.009 -54"><span class='ocrx_word' id='word_1_243' title='bbox 412 3088 644 3144; x_wconf 89' lang='lat' dir='ltr'><strong>luntates</strong></span> <span class='ocrx_word' id='word_1_244' title='bbox 670 3099 882 3146; x_wconf 89' lang='lat' dir='ltr'><strong>nostras</strong></span> <span class='ocrx_word' id='word_1_245' title='bbox 914 3085 1271 3160; x_wconf 86' lang='lat' dir='ltr'><strong>abscinderet,</strong></span> <span class='ocrx_word' id='word_1_246' title='bbox 1307 3097 1359 3148; x_wconf 87' lang='lat' dir='ltr'><strong>et</strong></span> <span class='ocrx_word' id='word_1_247' title='bbox 1383 3089 1575 3147; x_wconf 85' lang='lat' dir='ltr'><strong>falsam</strong></span> <span class='ocrx_word' id='word_1_248' title='bbox 1613 3093 1972 3171; x_wconf 81' lang='lat' dir='ltr'><strong>cognitionem</strong></span> <span class='ocrx_word' id='word_1_249' title='bbox 2012 3119 2059 3190; x_wconf 68' lang='grc' dir='ltr'>ο</span> <span class='ocrx_word' id='word_1_250' title='bbox 2094 3085 2255 3195; x_wconf 53' lang='lat' dir='ltr'><strong>heus,</strong></span> 
     </span>
    </p>
   </div>
   <div class='ocr_carea' id='block_1_34' title="bbox 409 3184 1982 3259">
    <p class='ocr_par' dir='ltr' id='par_1_34' title="bbox 409 3184 1982 3259">
     <span class='ocr_line' id='line_1_34' title="bbox 409 3184 1982 3259; baseline 0.011 -26"><span class='ocrx_word' id='word_1_251' title='bbox 409 3194 532 3250; x_wconf 79' lang='lat' dir='ltr'><strong>quae</strong></span> <span class='ocrx_word' id='word_1_252' title='bbox 575 3189 788 3238; x_wconf 68' lang='lat' dir='ltr'><strong>nosnos</strong></span> <span class='ocrx_word' id='word_1_253' title='bbox 829 3184 1038 3240; x_wconf 87' lang='lat' dir='ltr'><strong>animos</strong></span> <span class='ocrx_word' id='word_1_254' title='bbox 1086 3196 1335 3255; x_wconf 88' lang='lat' dir='ltr'><strong>occupat,</strong></span> <span class='ocrx_word' id='word_1_255' title='bbox 1395 3189 1711 3259; x_wconf 86' lang='lat' dir='ltr'><strong>expelleret.</strong></span> <span class='ocrx_word' id='word_1_256' title='bbox 1773 3193 1982 3251; x_wconf 70' lang='lat' dir='ltr'><strong>Caetera</strong></span> 
     </span>
    </p>
   </div>
   <div class='ocr_carea' id='block_1_35' title="bbox 409 3272 1978 3356">
    <p class='ocr_par' dir='ltr' id='par_1_35' title="bbox 409 3272 1978 3356">
     <span class='ocr_line' id='line_1_35' title="bbox 409 3272 1978 3356; baseline 0.012 -30"><span class='ocrx_word' id='word_1_257' title='bbox 409 3272 552 3327; x_wconf 90' lang='lat' dir='ltr'><strong>enim</strong></span> <span class='ocrx_word' id='word_1_258' title='bbox 609 3273 864 3329; x_wconf 83' lang='lat' dir='ltr'><strong>animalia</strong></span> <span class='ocrx_word' id='word_1_259' title='bbox 918 3283 1166 3332; x_wconf 90' lang='lat' dir='ltr'><strong>naturam</strong></span> <span class='ocrx_word' id='word_1_260' title='bbox 1226 3283 1497 3353; x_wconf 85' lang='lat' dir='ltr'><strong>propriam</strong></span> <span class='ocrx_word' id='word_1_261' title='bbox 1551 3299 1978 3356; x_wconf 89' lang='lat' dir='ltr'><strong>conservarunt;</strong></span> 
     </span>
    </p>
   </div>
   <div class='ocr_carea' id='block_1_36' title="bbox 408 3365 1978 3446">
    <p class='ocr_par' dir='ltr' id='par_1_36' title="bbox 408 3365 1978 3446">
     <span class='ocr_line' id='line_1_36' title="bbox 408 3365 1978 3446; baseline 0.011 -26"><span class='ocrx_word' id='word_1_262' title='bbox 408 3365 572 3422; x_wconf 86' lang='lat' dir='ltr'><strong>homo</strong></span> <span class='ocrx_word' id='word_1_263' title='bbox 616 3381 747 3423; x_wconf 87' lang='lat' dir='ltr'><strong>vero</strong></span> <span class='ocrx_word' id='word_1_264' title='bbox 796 3370 1027 3426; x_wconf 89' lang='lat' dir='ltr'><strong>mutavit</strong></span> <span class='ocrx_word' id='word_1_265' title='bbox 1076 3382 1326 3429; x_wconf 90' lang='lat' dir='ltr'><strong>naturam</strong></span> <span class='ocrx_word' id='word_1_266' title='bbox 1382 3391 1557 3434; x_wconf 89' lang='lat' dir='ltr'><strong>suam.</strong></span> <span class='ocrx_word' id='word_1_267' title='bbox 1615 3377 1978 3446; x_wconf 88' lang='lat' dir='ltr'><strong>Quamobrem</strong></span> 
     </span>
    </p>
   </div>
   <div class='ocr_carea' id='block_1_37' title="bbox 407 3461 1978 3540">
    <p class='ocr_par' dir='ltr' id='par_1_37' title="bbox 407 3461 1978 3540">
     <span class='ocr_line' id='line_1_37' title="bbox 407 3461 1978 3540; baseline 0.012 -27"><span class='ocrx_word' id='word_1_268' title='bbox 407 3461 865 3528; x_wconf 84' lang='lat' dir='ltr'><strong>quemadmodum</strong></span> <span class='ocrx_word' id='word_1_269' title='bbox 908 3463 1149 3534; x_wconf 79' lang='lat' dir='ltr'><strong>iumenta</strong></span> <span class='ocrx_word' id='word_1_270' title='bbox 1181 3467 1386 3524; x_wconf 87' lang='lat' dir='ltr'><strong>homini</strong></span> <span class='ocrx_word' id='word_1_271' title='bbox 1421 3471 1663 3540; x_wconf 88' lang='lat' dir='ltr'><strong>subjecta</strong></span> <span class='ocrx_word' id='word_1_272' title='bbox 1698 3484 1862 3540; x_wconf 87' lang='lat' dir='ltr'><strong>sunt,</strong></span> <span class='ocrx_word' id='word_1_273' title='bbox 1898 3476 1978 3532; x_wconf 93' lang='lat' dir='ltr'><strong>sic</strong></span> 
     </span>
    </p>
   </div>
   <div class='ocr_carea' id='block_1_38' title="bbox 408 3553 1978 3639">
    <p class='ocr_par' dir='ltr' id='par_1_38' title="bbox 408 3553 1978 3639">
     <span class='ocr_line' id='line_1_38' title="bbox 408 3553 1978 3639; baseline 0.013 -35"><span class='ocrx_word' id='word_1_274' title='bbox 408 3553 636 3623; x_wconf 88' lang='lat' dir='ltr'><strong>quisque</strong></span> <span class='ocrx_word' id='word_1_275' title='bbox 670 3555 828 3611; x_wconf 88' lang='lat' dir='ltr'><strong>debet</strong></span> <span class='ocrx_word' id='word_1_276' title='bbox 851 3571 970 3612; x_wconf 90' lang='lat' dir='ltr'><strong>esse</strong></span> <span class='ocrx_word' id='word_1_277' title='bbox 1014 3558 1286 3625; x_wconf 81' lang='lat' dir='ltr'><strong>subjectus</strong></span> <span class='ocrx_word' id='word_1_278' title='bbox 1334 3565 1580 3630; x_wconf 79' lang='lat' dir='ltr'><strong>proximo</strong></span> <span class='ocrx_word' id='word_1_279' title='bbox 1626 3580 1724 3622; x_wconf 93' lang='lat' dir='ltr'><strong>suo</strong></span> <span class='ocrx_word' id='word_1_280' title='bbox 1757 3579 1978 3639; x_wconf 89' lang='lat' dir='ltr'><strong>propter</strong></span> 
     </span>
    </p>
   </div>
   <div class='ocr_carea' id='block_1_39' title="bbox 405 3641 1977 3730">
    <p class='ocr_par' dir='ltr' id='par_1_39' title="bbox 405 3641 1977 3730">
     <span class='ocr_line' id='line_1_39' title="bbox 405 3641 1977 3730; baseline 0.013 -34"><span class='ocrx_word' id='word_1_281' title='bbox 405 3641 600 3700; x_wconf 91' lang='lat' dir='ltr'><strong>Deum.</strong></span> <span class='ocrx_word' id='word_1_282' title='bbox 638 3646 846 3703; x_wconf 86' lang='lat' dir='ltr'><strong>Idcirco</strong></span> <span class='ocrx_word' id='word_1_283' title='bbox 887 3649 1033 3704; x_wconf 90' lang='lat' dir='ltr'><strong>enim</strong></span> <span class='ocrx_word' id='word_1_284' title='bbox 1069 3649 1329 3708; x_wconf 92' lang='lat' dir='ltr'><strong>Dominus</strong></span> <span class='ocrx_word' id='word_1_285' title='bbox 1371 3656 1540 3712; x_wconf 89' lang='lat' dir='ltr'><strong>venit.</strong></span> <span class='ocrx_word' id='word_1_286' title='bbox 1575 3653 1731 3724; x_wconf 82' lang='lat' dir='ltr'><strong>Vide,</strong></span> <span class='ocrx_word' id='word_1_287' title='bbox 1773 3671 1977 3730; x_wconf 89' lang='lat' dir='ltr'><strong>quanto</strong></span> 
     </span>
    </p>
   </div>
   <div class='ocr_carea' id='block_1_40' title="bbox 399 3737 1976 3817">
    <p class='ocr_par' dir='ltr' id='par_1_40' title="bbox 399 3737 1976 3817">
     <span class='ocr_line' id='line_1_40' title="bbox 399 3737 1976 3817; baseline 0.013 -27"><span class='ocrx_word' id='word_1_288' title='bbox 399 3737 644 3805; x_wconf 88' lang='lat' dir='ltr'><strong>jumenta</strong></span> <span class='ocrx_word' id='word_1_289' title='bbox 687 3751 940 3810; x_wconf 84' lang='lat' dir='ltr'><strong>praestent</strong></span> <span class='ocrx_word' id='word_1_290' title='bbox 982 3745 1307 3812; x_wconf 89' lang='lat' dir='ltr'><strong>hominibus,</strong></span> <span class='ocrx_word' id='word_1_291' title='bbox 1353 3748 1451 3817; x_wconf 92' lang='lat' dir='ltr'><strong>qui</strong></span> <span class='ocrx_word' id='word_1_292' title='bbox 1495 3749 1718 3807; x_wconf 86' lang='lat' dir='ltr'><strong>scientia</strong></span> <span class='ocrx_word' id='word_1_293' title='bbox 1763 3768 1860 3808; x_wconf 91' lang='lat' dir='ltr'><strong>sua</strong></span> <span class='ocrx_word' id='word_1_294' title='bbox 1895 3755 1976 3810; x_wconf 93' lang='lat' dir='ltr'><strong>in-</strong></span> 
     </span>
    </p>
   </div>
   <div class='ocr_carea' id='block_1_41' title="bbox 401 3829 1972 3912">
    <p class='ocr_par' dir='ltr' id='par_1_41' title="bbox 401 3829 1972 3912">
     <span class='ocr_line' id='line_1_41' title="bbox 401 3829 1972 3912; baseline 0.013 -32"><span class='ocrx_word' id='word_1_295' title='bbox 401 3829 672 3886; x_wconf 89' lang='lat' dir='ltr'><strong>nituntur.</strong></span> <span class='ocrx_word' id='word_1_296' title='bbox 731 3831 788 3886; x_wconf 83' lang='lat' dir='ltr'><strong>Si</strong></span> <span class='ocrx_word' id='word_1_297' title='bbox 833 3831 903 3886; x_wconf 90' lang='lat' dir='ltr'><strong>ad</strong></span> <span class='ocrx_word' id='word_1_298' title='bbox 970 3845 1218 3890; x_wconf 89' lang='lat' dir='ltr'><strong>naturam</strong></span> <span class='ocrx_word' id='word_1_299' title='bbox 1275 3852 1450 3892; x_wconf 89' lang='lat' dir='ltr'><strong>meam</strong></span> <span class='ocrx_word' id='word_1_300' title='bbox 1510 3841 1687 3896; x_wconf 92' lang='lat' dir='ltr'><strong>redire</strong></span> <span class='ocrx_word' id='word_1_301' title='bbox 1729 3845 1972 3912; x_wconf 90' lang='lat' dir='ltr'><strong>voluero,</strong></span> 
     </span>
    </p>
   </div>
   <div class='ocr_carea' id='block_1_42' title="bbox 403 3921 1971 4003">
    <p class='ocr_par' dir='ltr' id='par_1_42' title="bbox 403 3921 1971 4003">
     <span class='ocr_line' id='line_1_42' title="bbox 403 3921 1971 4003; baseline 0.011 -30"><span class='ocrx_word' id='word_1_302' title='bbox 403 3921 856 3987; x_wconf 84' lang='lat' dir='ltr'><strong>quemadmodum</strong></span> <span class='ocrx_word' id='word_1_303' title='bbox 905 3923 1152 3992; x_wconf 88' lang='lat' dir='ltr'><strong>jumenta</strong></span> <span class='ocrx_word' id='word_1_304' title='bbox 1199 3936 1386 3997; x_wconf 89' lang='lat' dir='ltr'><strong>patent</strong></span> <span class='ocrx_word' id='word_1_305' title='bbox 1421 3929 1611 3987; x_wconf 67' lang='lat' dir='ltr'><strong>alienae</strong></span> <span class='ocrx_word' id='word_1_306' title='bbox 1657 3935 1971 4003; x_wconf 87' lang='lat' dir='ltr'><strong>voluntati;</strong></span> 
     </span>
    </p>
   </div>
   <div class='ocr_carea' id='block_1_43' title="bbox 399 4011 1973 4084">
    <p class='ocr_par' dir='ltr' id='par_1_43' title="bbox 399 4011 1973 4084">
     <span class='ocr_line' id='line_1_43' title="bbox 399 4011 1973 4084; baseline 0.014 -21"><span class='ocrx_word' id='word_1_307' title='bbox 399 4011 480 4064; x_wconf 90' lang='lat' dir='ltr'><strong>sic</strong></span> <span class='ocrx_word' id='word_1_308' title='bbox 518 4011 649 4065; x_wconf 87' lang='lat' dir='ltr'><strong>mihi</strong></span> <span class='ocrx_word' id='word_1_309' title='bbox 690 4012 995 4071; x_wconf 88' lang='lat' dir='ltr'><strong>faciendum</strong></span> <span class='ocrx_word' id='word_1_310' title='bbox 1027 4017 1152 4084; x_wconf 89' lang='lat' dir='ltr'><strong>erit,</strong></span> <span class='ocrx_word' id='word_1_311' title='bbox 1186 4034 1292 4074; x_wconf 91' lang='lat' dir='ltr'><strong>non</strong></span> <span class='ocrx_word' id='word_1_312' title='bbox 1327 4021 1500 4077; x_wconf 89' lang='lat' dir='ltr'><strong>solum</strong></span> <span class='ocrx_word' id='word_1_313' title='bbox 1534 4038 1656 4079; x_wconf 93' lang='lat' dir='ltr'><strong>cum</strong></span> <span class='ocrx_word' id='word_1_314' title='bbox 1687 4026 1973 4084; x_wconf 89' lang='lat' dir='ltr'><strong>familiari-</strong></span> 
     </span>
    </p>
   </div>
   <div class='ocr_carea' id='block_1_44' title="bbox 398 4103 1968 4178">
    <p class='ocr_par' dir='ltr' id='par_1_44' title="bbox 398 4103 1968 4178">
     <span class='ocr_line' id='line_1_44' title="bbox 398 4103 1968 4178; baseline 0.015 -23"><span class='ocrx_word' id='word_1_315' title='bbox 398 4104 520 4169; x_wconf 89' lang='lat' dir='ltr'><strong>bus,</strong></span> <span class='ocrx_word' id='word_1_316' title='bbox 548 4103 642 4158; x_wconf 88' lang='lat' dir='ltr'><strong>sed</strong></span> <span class='ocrx_word' id='word_1_317' title='bbox 676 4106 839 4160; x_wconf 92' lang='lat' dir='ltr'><strong>etiam</strong></span> <span class='ocrx_word' id='word_1_318' title='bbox 869 4122 991 4162; x_wconf 92' lang='lat' dir='ltr'><strong>cum</strong></span> <span class='ocrx_word' id='word_1_319' title='bbox 1021 4109 1347 4168; x_wconf 88' lang='lat' dir='ltr'><strong>adversariis</strong></span> <span class='ocrx_word' id='word_1_320' title='bbox 1381 4115 1534 4170; x_wconf 85' lang='lat' dir='ltr'><strong>meis.</strong></span> <span class='ocrx_word' id='word_1_321' title='bbox 1566 4115 1690 4175; x_wconf 70' lang='lat' dir='ltr'><strong>Ilaae</strong></span> <span class='ocrx_word' id='word_1_322' title='bbox 1719 4131 1803 4176; x_wconf 90' lang='lat' dir='ltr'><strong>est</strong></span> <span class='ocrx_word' id='word_1_323' title='bbox 1826 4123 1968 4178; x_wconf 89' lang='lat' dir='ltr'><strong>enim</strong></span> 
     </span>
    </p>
   </div>
   <div class='ocr_carea' id='block_1_45' title="bbox 395 4195 1972 4276">
    <p class='ocr_par' dir='ltr' id='par_1_45' title="bbox 395 4195 1972 4276">
     <span class='ocr_line' id='line_1_45' title="bbox 395 4195 1972 4276; baseline 0.013 -29"><span class='ocrx_word' id='word_1_324' title='bbox 395 4195 645 4251; x_wconf 90' lang='lat' dir='ltr'><strong>voluntas</strong></span> <span class='ocrx_word' id='word_1_325' title='bbox 693 4197 805 4252; x_wconf 91' lang='lat' dir='ltr'><strong>Dei.</strong></span> <span class='ocrx_word' id='word_1_326' title='bbox 837 4198 937 4266; x_wconf 90' lang='lat' dir='ltr'><strong>Qui</strong></span> <span class='ocrx_word' id='word_1_327' title='bbox 983 4201 1189 4259; x_wconf 72' lang='lat' dir='ltr'><strong>cellula:</strong></span> <span class='ocrx_word' id='word_1_328' title='bbox 1236 4219 1348 4261; x_wconf 74' lang='lat' dir='ltr'><strong>sua:</strong></span> <span class='ocrx_word' id='word_1_329' title='bbox 1377 4208 1560 4276; x_wconf 88' lang='lat' dir='ltr'><strong>quiete</strong></span> <span class='ocrx_word' id='word_1_330' title='bbox 1603 4210 1715 4265; x_wconf 87' lang='lat' dir='ltr'><strong>vult</strong></span> <span class='ocrx_word' id='word_1_331' title='bbox 1742 4211 1879 4276; x_wconf 89' lang='lat' dir='ltr'><strong>frui,</strong></span> <span class='ocrx_word' id='word_1_332' title='bbox 1918 4227 1972 4269; x_wconf 89' lang='lat' dir='ltr'><strong>et</strong></span> 
     </span>
    </p>
   </div>
   <div class='ocr_carea' id='block_1_46' title="bbox 395 4287 1969 4363">
    <p class='ocr_par' dir='ltr' id='par_1_46' title="bbox 395 4287 1969 4363">
     <span class='ocr_line' id='line_1_46' title="bbox 395 4287 1969 4363; baseline 0.013 -23"><span class='ocrx_word' id='word_1_333' title='bbox 395 4287 466 4342; x_wconf 90' lang='lat' dir='ltr'><strong>ab</strong></span> <span class='ocrx_word' id='word_1_334' title='bbox 495 4288 715 4347; x_wconf 87' lang='lat' dir='ltr'><strong>inimico</strong></span> <span class='ocrx_word' id='word_1_335' title='bbox 757 4305 865 4346; x_wconf 91' lang='lat' dir='ltr'><strong>non</strong></span> <span class='ocrx_word' id='word_1_336' title='bbox 894 4295 1158 4363; x_wconf 90' lang='lat' dir='ltr'><strong>superari,</strong></span> <span class='ocrx_word' id='word_1_337' title='bbox 1194 4293 1262 4352; x_wconf 89' lang='lat' dir='ltr'><strong>ab</strong></span> <span class='ocrx_word' id='word_1_338' title='bbox 1291 4298 1567 4356; x_wconf 89' lang='lat' dir='ltr'><strong>hominum</strong></span> <span class='ocrx_word' id='word_1_339' title='bbox 1599 4306 1813 4359; x_wconf 87' lang='lat' dir='ltr'><strong>recedat</strong></span> <span class='ocrx_word' id='word_1_340' title='bbox 1843 4322 1969 4360; x_wconf 81' lang='lat' dir='ltr'><strong>con-</strong></span> 
     </span>
    </p>
   </div>
   <div class='ocr_carea' id='block_1_47' title="bbox 391 4382 1967 4461">
    <p class='ocr_par' dir='ltr' id='par_1_47' title="bbox 391 4382 1967 4461">
     <span class='ocr_line' id='line_1_47' title="bbox 391 4382 1967 4461; baseline 0.011 -27"><span class='ocrx_word' id='word_1_341' title='bbox 391 4382 696 4446; x_wconf 88' lang='lat' dir='ltr'><strong>suetudine,</strong></span> <span class='ocrx_word' id='word_1_342' title='bbox 727 4399 796 4440; x_wconf 91' lang='lat' dir='ltr'><strong>ne</strong></span> <span class='ocrx_word' id='word_1_343' title='bbox 834 4400 1159 4458; x_wconf 89' lang='lat' dir='ltr'><strong>quemquam</strong></span> <span class='ocrx_word' id='word_1_344' title='bbox 1201 4389 1466 4461; x_wconf 82' lang='lat' dir='ltr'><strong>vituperet</strong></span> <span class='ocrx_word' id='word_1_345' title='bbox 1512 4404 1605 4450; x_wconf 90' lang='lat' dir='ltr'><strong>aut</strong></span> <span class='ocrx_word' id='word_1_346' title='bbox 1647 4395 1826 4452; x_wconf 90' lang='lat' dir='ltr'><strong>laudet</strong></span> <span class='ocrx_word' id='word_1_347' title='bbox 1875 4411 1967 4453; x_wconf 85' lang='lat' dir='ltr'><strong>aut</strong></span> 
     </span>
    </p>
   </div>
   <div class='ocr_carea' id='block_1_48' title="bbox 2131 512 2586 583">
    <p class='ocr_par' dir='ltr' id='par_1_48' title="bbox 2131 512 2586 583">
     <span class='ocr_line' id='line_1_48' title="bbox 2131 512 2586 583; baseline 0.011 -19"><span class='ocrx_word' id='word_1_348' title='bbox 2131 513 2272 565; x_wconf 89' lang='lat' dir='ltr'><strong>diam</strong></span> <span class='ocrx_word' id='word_1_349' title='bbox 2312 512 2586 583; x_wconf 90' lang='lat' dir='ltr'><strong>implores.</strong></span> 
     </span>
    </p>
   </div>
   <div class='ocr_carea' id='block_1_49' title="bbox 2196 623 3704 711">
    <p class='ocr_par' dir='ltr' id='par_1_49' title="bbox 2196 623 3704 711">
     <span class='ocr_line' id='line_1_49' title="bbox 2196 623 3704 711; baseline 0.015 -33"><span class='ocrx_word' id='word_1_350' title='bbox 2196 623 2284 680; x_wconf 82' lang='lat' dir='ltr'><strong>IV.</strong></span> <span class='ocrx_word' id='word_1_351' title='bbox 2324 625 2476 692; x_wconf 89' lang='lat' dir='ltr'><strong>Quod</strong></span> <span class='ocrx_word' id='word_1_352' title='bbox 2524 636 2703 684; x_wconf 91' lang='lat' dir='ltr'><strong>autem</strong></span> <span class='ocrx_word' id='word_1_353' title='bbox 2747 631 2942 687; x_wconf 88' lang='lat' dir='ltr'><strong>attinet</strong></span> <span class='ocrx_word' id='word_1_354' title='bbox 2979 635 3046 690; x_wconf 88' lang='lat' dir='ltr'><strong>ad</strong></span> <span class='ocrx_word' id='word_1_355' title='bbox 3102 636 3376 694; x_wconf 88' lang='lat' dir='ltr'><strong>docendos</strong></span> <span class='ocrx_word' id='word_1_356' title='bbox 3427 644 3704 711; x_wconf 79' lang='lat' dir='ltr'><strong>proximos</strong></span> 
     </span>
    </p>
   </div>
   <div class='ocr_carea' id='block_1_50' title="bbox 2127 719 3701 799">
    <p class='ocr_par' dir='ltr' id='par_1_50' title="bbox 2127 719 3701 799">
     <span class='ocr_line' id='line_1_50' title="bbox 2127 719 3701 799; baseline 0.015 -30"><span class='ocrx_word' id='word_1_357' title='bbox 2127 719 2380 772; x_wconf 86' lang='lat' dir='ltr'><strong>mandata</strong></span> <span class='ocrx_word' id='word_1_358' title='bbox 2427 719 2555 785; x_wconf 88' lang='lat' dir='ltr'><strong>Dei,</strong></span> <span class='ocrx_word' id='word_1_359' title='bbox 2595 721 2757 786; x_wconf 92' lang='lat' dir='ltr'><strong>unde,</strong></span> <span class='ocrx_word' id='word_1_360' title='bbox 2808 723 3002 793; x_wconf 85' lang='lat' dir='ltr'><strong>inquit,</strong></span> <span class='ocrx_word' id='word_1_361' title='bbox 3037 739 3139 795; x_wconf 83' lang='lat' dir='ltr'><strong>ego</strong></span> <span class='ocrx_word' id='word_1_362' title='bbox 3170 730 3312 784; x_wconf 88' lang='lat' dir='ltr'><strong>scire</strong></span> <span class='ocrx_word' id='word_1_363' title='bbox 3356 747 3578 799; x_wconf 87' lang='lat' dir='ltr'><strong>possum</strong></span> <span class='ocrx_word' id='word_1_364' title='bbox 3619 752 3701 792; x_wconf 88' lang='lat' dir='ltr'><strong>me</strong></span> 
     </span>
    </p>
   </div>
   <div class='ocr_carea' id='block_1_51' title="bbox 2125 808 3697 884">
    <p class='ocr_par' dir='ltr' id='par_1_51' title="bbox 2125 808 3697 884">
     <span class='ocr_line' id='line_1_51' title="bbox 2125 808 3697 884; baseline 0.014 -22"><span class='ocrx_word' id='word_1_365' title='bbox 2125 808 2236 863; x_wconf 91' lang='lat' dir='ltr'><strong>Deo</strong></span> <span class='ocrx_word' id='word_1_366' title='bbox 2258 819 2467 880; x_wconf 89' lang='lat' dir='ltr'><strong>gratum</strong></span> <span class='ocrx_word' id='word_1_367' title='bbox 2493 826 2636 878; x_wconf 86' lang='lat' dir='ltr'><strong>esse,</strong></span> <span class='ocrx_word' id='word_1_368' title='bbox 2672 821 2730 867; x_wconf 94' lang='lat' dir='ltr'><strong>ut</strong></span> <span class='ocrx_word' id='word_1_369' title='bbox 2759 813 2862 870; x_wconf 89' lang='lat' dir='ltr'><strong>hoc</strong></span> <span class='ocrx_word' id='word_1_370' title='bbox 2899 825 2994 871; x_wconf 91' lang='lat' dir='ltr'><strong>aut</strong></span> <span class='ocrx_word' id='word_1_371' title='bbox 3022 818 3153 874; x_wconf 91' lang='lat' dir='ltr'><strong>illud</strong></span> <span class='ocrx_word' id='word_1_372' title='bbox 3189 821 3347 878; x_wconf 87' lang='lat' dir='ltr'><strong>alteri</strong></span> <span class='ocrx_word' id='word_1_373' title='bbox 3394 825 3697 884; x_wconf 85' lang='lat' dir='ltr'><strong>faciendum</strong></span> 
     </span>
    </p>
   </div>
   <div class='ocr_carea' id='block_1_52' title="bbox 2120 903 3693 989">
    <p class='ocr_par' dir='ltr' id='par_1_52' title="bbox 2120 903 3693 989">
     <span class='ocr_line' id='line_1_52' title="bbox 2120 903 3693 989; baseline 0.013 -37"><span class='ocrx_word' id='word_1_374' title='bbox 2120 903 2473 970; x_wconf 66' lang='lat' dir='ltr'><strong>praescribere</strong></span> <span class='ocrx_word' id='word_1_375' title='bbox 2507 905 2761 971; x_wconf 89' lang='lat' dir='ltr'><strong>audeam,</strong></span> <span class='ocrx_word' id='word_1_376' title='bbox 2790 922 2915 962; x_wconf 91' lang='lat' dir='ltr'><strong>cum</strong></span> <span class='ocrx_word' id='word_1_377' title='bbox 2946 911 3124 966; x_wconf 84' lang='lat' dir='ltr'><strong>adhuc</strong></span> <span class='ocrx_word' id='word_1_378' title='bbox 3163 913 3276 982; x_wconf 87' lang='lat' dir='ltr'><strong>ipse</strong></span> <span class='ocrx_word' id='word_1_379' title='bbox 3312 916 3543 973; x_wconf 86' lang='lat' dir='ltr'><strong>defleam</strong></span> <span class='ocrx_word' id='word_1_380' title='bbox 3571 936 3693 989; x_wconf 83' lang='lat' dir='ltr'><strong>pec-</strong></span> 
     </span>
    </p>
   </div>
   <div class='ocr_carea' id='block_1_53' title="bbox 2119 993 3694 1082">
    <p class='ocr_par' dir='ltr' id='par_1_53' title="bbox 2119 993 3694 1082">
     <span class='ocr_line' id='line_1_53' title="bbox 2119 993 3694 1082; baseline 0.014 -36"><span class='ocrx_word' id='word_1_381' title='bbox 2119 1003 2239 1047; x_wconf 89' lang='lat' dir='ltr'><strong>cata</strong></span> <span class='ocrx_word' id='word_1_382' title='bbox 2267 993 2553 1062; x_wconf 71' lang='lat' dir='ltr'><strong>mealQui</strong></span> <span class='ocrx_word' id='word_1_383' title='bbox 2601 998 2743 1052; x_wconf 90' lang='lat' dir='ltr'><strong>enim</strong></span> <span class='ocrx_word' id='word_1_384' title='bbox 2786 998 3072 1070; x_wconf 88' lang='lat' dir='ltr'><strong>aliquando</strong></span> <span class='ocrx_word' id='word_1_385' title='bbox 3119 1003 3304 1075; x_wconf 81' lang='lat' dir='ltr'><strong>lapsus</strong></span> <span class='ocrx_word' id='word_1_386' title='bbox 3348 1019 3458 1078; x_wconf 88' lang='lat' dir='ltr'><strong>est,</strong></span> <span class='ocrx_word' id='word_1_387' title='bbox 3513 1011 3694 1082; x_wconf 87' lang='lat' dir='ltr'><strong>lugere</strong></span> 
     </span>
    </p>
   </div>
   <div class='ocr_carea' id='block_1_54' title="bbox 2120 1084 3689 1162">
    <p class='ocr_par' dir='ltr' id='par_1_54' title="bbox 2120 1084 3689 1162">
     <span class='ocr_line' id='line_1_54' title="bbox 2120 1084 3689 1162; baseline 0.013 -22"><span class='ocrx_word' id='word_1_388' title='bbox 2120 1084 2301 1150; x_wconf 86' lang='lat' dir='ltr'><strong>debet,</strong></span> <span class='ocrx_word' id='word_1_389' title='bbox 2348 1100 2450 1142; x_wconf 89' lang='lat' dir='ltr'><strong>nec</strong></span> <span class='ocrx_word' id='word_1_390' title='bbox 2484 1095 2634 1144; x_wconf 89' lang='lat' dir='ltr'><strong>tutus</strong></span> <span class='ocrx_word' id='word_1_391' title='bbox 2681 1099 2787 1158; x_wconf 90' lang='lat' dir='ltr'><strong>est,</strong></span> <span class='ocrx_word' id='word_1_392' title='bbox 2817 1101 3110 1162; x_wconf 89' lang='lat' dir='ltr'><strong>antequam</strong></span> <span class='ocrx_word' id='word_1_393' title='bbox 3164 1111 3223 1152; x_wconf 89' lang='lat' dir='ltr'><strong>se</strong></span> <span class='ocrx_word' id='word_1_394' title='bbox 3273 1101 3489 1156; x_wconf 84' lang='lat' dir='ltr'><strong>veniam</strong></span> <span class='ocrx_word' id='word_1_395' title='bbox 3547 1107 3689 1160; x_wconf 87' lang='lat' dir='ltr'><strong>novit</strong></span> 
     </span>
    </p>
   </div>
   <div class='ocr_carea' id='block_1_55' title="bbox 2118 1175 3690 1256">
    <p class='ocr_par' dir='ltr' id='par_1_55' title="bbox 2118 1175 3690 1256">
     <span class='ocr_line' id='line_1_55' title="bbox 2118 1175 3690 1256; baseline 0.015 -26"><span class='ocrx_word' id='word_1_396' title='bbox 2118 1175 2455 1247; x_wconf 87' lang='lat' dir='ltr'><strong>impetrasse.</strong></span> <span class='ocrx_word' id='word_1_397' title='bbox 2519 1176 2692 1236; x_wconf 83' lang='lat' dir='ltr'><strong>Homo</strong></span> <span class='ocrx_word' id='word_1_398' title='bbox 2761 1183 2975 1252; x_wconf 91' lang='lat' dir='ltr'><strong>quidem</strong></span> <span class='ocrx_word' id='word_1_399' title='bbox 3024 1199 3256 1256; x_wconf 83' lang='lat' dir='ltr'><strong>peccat;</strong></span> <span class='ocrx_word' id='word_1_400' title='bbox 3313 1192 3456 1248; x_wconf 88' lang='lat' dir='ltr'><strong>Deus</strong></span> <span class='ocrx_word' id='word_1_401' title='bbox 3512 1205 3690 1252; x_wconf 87' lang='lat' dir='ltr'><strong>autem</strong></span> 
     </span>
    </p>
   </div>
   <div class='ocr_carea' id='block_1_56' title="bbox 2116 1268 3691 1357">
    <p class='ocr_par' dir='ltr' id='par_1_56' title="bbox 2116 1268 3691 1357">
     <span class='ocr_line' id='line_1_56' title="bbox 2116 1268 3691 1357; baseline 0.015 -35"><span class='ocrx_word' id='word_1_402' title='bbox 2116 1270 2423 1325; x_wconf 87' lang='lat' dir='ltr'><strong>miseretur.</strong></span> <span class='ocrx_word' id='word_1_403' title='bbox 2469 1268 2578 1326; x_wconf 91' lang='lat' dir='ltr'><strong>Cor</strong></span> <span class='ocrx_word' id='word_1_404' title='bbox 2634 1281 2782 1327; x_wconf 93' lang='lat' dir='ltr'><strong>tuum</strong></span> <span class='ocrx_word' id='word_1_405' title='bbox 2840 1289 3090 1334; x_wconf 87' lang='lat' dir='ltr'><strong>securum</strong></span> <span class='ocrx_word' id='word_1_406' title='bbox 3152 1297 3274 1338; x_wconf 86' lang='lat' dir='ltr'><strong>esse</strong></span> <span class='ocrx_word' id='word_1_407' title='bbox 3331 1301 3440 1340; x_wconf 86' lang='lat' dir='ltr'><strong>non</strong></span> <span class='ocrx_word' id='word_1_408' title='bbox 3490 1297 3691 1357; x_wconf 83' lang='lat' dir='ltr'><strong>potest,</strong></span> 
     </span>
    </p>
   </div>
   <div class='ocr_carea' id='block_1_57' title="bbox 2115 1360 3680 1452">
    <p class='ocr_par' dir='ltr' id='par_1_57' title="bbox 2115 1360 3680 1452">
     <span class='ocr_line' id='line_1_57' title="bbox 2115 1360 3680 1452; baseline 0.017 -41"><span class='ocrx_word' id='word_1_409' title='bbox 2115 1360 2426 1432; x_wconf 85' lang='lat' dir='ltr'><strong>priusquam</strong></span> <span class='ocrx_word' id='word_1_410' title='bbox 2464 1364 2691 1419; x_wconf 82' lang='lat' dir='ltr'><strong>accedas</strong></span> <span class='ocrx_word' id='word_1_411' title='bbox 2721 1365 2787 1419; x_wconf 88' lang='lat' dir='ltr'><strong>ad</strong></span> <span class='ocrx_word' id='word_1_412' title='bbox 2808 1365 3073 1437; x_wconf 89' lang='lat' dir='ltr'><strong>judicium</strong></span> <span class='ocrx_word' id='word_1_413' title='bbox 3102 1373 3217 1430; x_wconf 92' lang='lat' dir='ltr'><strong>Dei.</strong></span> <span class='ocrx_word' id='word_1_414' title='bbox 3267 1377 3422 1444; x_wconf 92' lang='lat' dir='ltr'><strong>Quod</strong></span> <span class='ocrx_word' id='word_1_415' title='bbox 3451 1381 3500 1435; x_wconf 92' lang='lat' dir='ltr'><strong>si</strong></span> <span class='ocrx_word' id='word_1_416' title='bbox 3531 1385 3680 1452; x_wconf 83' lang='lat' dir='ltr'><strong>cupis</strong></span> 
     </span>
    </p>
   </div>
   <div class='ocr_carea' id='block_1_58' title="bbox 2116 1451 3690 1540">
    <p class='ocr_par' dir='ltr' id='par_1_58' title="bbox 2116 1451 3690 1540">
     <span class='ocr_line' id='line_1_58' title="bbox 2116 1451 3690 1540; baseline 0.016 -34"><span class='ocrx_word' id='word_1_417' title='bbox 2116 1451 2442 1523; x_wconf 82' lang='lat' dir='ltr'><strong>intelligere,</strong></span> <span class='ocrx_word' id='word_1_418' title='bbox 2472 1464 2654 1514; x_wconf 92' lang='lat' dir='ltr'><strong>utrum</strong></span> <span class='ocrx_word' id='word_1_419' title='bbox 2698 1463 2791 1517; x_wconf 88' lang='lat' dir='ltr'><strong>tibi</strong></span> <span class='ocrx_word' id='word_1_420' title='bbox 2823 1476 3043 1534; x_wconf 86' lang='lat' dir='ltr'><strong>peccata</strong></span> <span class='ocrx_word' id='word_1_421' title='bbox 3068 1469 3369 1524; x_wconf 88' lang='lat' dir='ltr'><strong>condonata</strong></span> <span class='ocrx_word' id='word_1_422' title='bbox 3397 1472 3533 1540; x_wconf 85' lang='lat' dir='ltr'><strong>sint,</strong></span> <span class='ocrx_word' id='word_1_423' title='bbox 3563 1451 3690 1530; x_wconf 85' lang='lat' dir='ltr'><strong>illud</strong></span> 
     </span>
    </p>
   </div>
   <div class='ocr_carea' id='block_1_59' title="bbox 2109 1557 3687 1634">
    <p class='ocr_par' dir='ltr' id='par_1_59' title="bbox 2109 1557 3687 1634">
     <span class='ocr_line' id='line_1_59' title="bbox 2109 1557 3687 1634; baseline 0.015 -38"><span class='ocrx_word' id='word_1_424' title='bbox 2109 1559 2366 1616; x_wconf 88' lang='lat' dir='ltr'><strong>magnum</strong></span> <span class='ocrx_word' id='word_1_425' title='bbox 2413 1558 2496 1603; x_wconf 91' lang='lat' dir='ltr'><strong>est</strong></span> <span class='ocrx_word' id='word_1_426' title='bbox 2525 1564 2920 1622; x_wconf 84' lang='lat' dir='ltr'><strong>argumentum,</strong></span> <span class='ocrx_word' id='word_1_427' title='bbox 2953 1557 2998 1614; x_wconf 91' lang='lat' dir='ltr'><strong>si</strong></span> <span class='ocrx_word' id='word_1_428' title='bbox 3040 1560 3173 1614; x_wconf 90' lang='lat' dir='ltr'><strong>nihil</strong></span> <span class='ocrx_word' id='word_1_429' title='bbox 3204 1575 3268 1616; x_wconf 83' lang='lat' dir='ltr'><strong>ex</strong></span> <span class='ocrx_word' id='word_1_430' title='bbox 3304 1562 3411 1618; x_wconf 85' lang='lat' dir='ltr'><strong>illis</strong></span> <span class='ocrx_word' id='word_1_431' title='bbox 3454 1565 3687 1634; x_wconf 83' lang='lat' dir='ltr'><strong>amplius</strong></span> 
     </span>
    </p>
   </div>
   <div class='ocr_carea' id='block_1_60' title="bbox 2109 1637 3686 1724">
    <p class='ocr_par' dir='ltr' id='par_1_60' title="bbox 2109 1637 3686 1724">
     <span class='ocr_line' id='line_1_60' title="bbox 2109 1637 3686 1724; baseline 0.016 -35"><span class='ocrx_word' id='word_1_432' title='bbox 2109 1647 2191 1690; x_wconf 88' lang='lat' dir='ltr'><strong>est</strong></span> <span class='ocrx_word' id='word_1_433' title='bbox 2216 1637 2480 1708; x_wconf 90' lang='lat' dir='ltr'><strong>reliquum</strong></span> <span class='ocrx_word' id='word_1_434' title='bbox 2512 1641 2568 1697; x_wconf 91' lang='lat' dir='ltr'><strong>in</strong></span> <span class='ocrx_word' id='word_1_435' title='bbox 2613 1644 2776 1702; x_wconf 88' lang='lat' dir='ltr'><strong>corde</strong></span> <span class='ocrx_word' id='word_1_436' title='bbox 2824 1655 2937 1702; x_wconf 92' lang='lat' dir='ltr'><strong>tuo.</strong></span> <span class='ocrx_word' id='word_1_437' title='bbox 2987 1651 3053 1706; x_wconf 82' lang='lat' dir='ltr'><strong>At</strong></span> <span class='ocrx_word' id='word_1_438' title='bbox 3088 1651 3135 1706; x_wconf 87' lang='lat' dir='ltr'><strong>si</strong></span> <span class='ocrx_word' id='word_1_439' title='bbox 3171 1652 3357 1708; x_wconf 87' lang='lat' dir='ltr'><strong>vivunt</strong></span> <span class='ocrx_word' id='word_1_440' title='bbox 3391 1657 3598 1724; x_wconf 87' lang='lat' dir='ltr'><strong>adhuc,</strong></span> <span class='ocrx_word' id='word_1_441' title='bbox 3635 1669 3686 1714; x_wconf 85' lang='lat' dir='ltr'><strong>et</strong></span> 
     </span>
    </p>
   </div>
   <div class='ocr_carea' id='block_1_61' title="bbox 2109 1729 3685 1811">
    <p class='ocr_par' dir='ltr' id='par_1_61' title="bbox 2109 1729 3685 1811">
     <span class='ocr_line' id='line_1_61' title="bbox 2109 1729 3685 1811; baseline 0.016 -30"><span class='ocrx_word' id='word_1_442' title='bbox 2109 1729 2369 1786; x_wconf 87' lang='lat' dir='ltr'><strong>memoria</strong></span> <span class='ocrx_word' id='word_1_443' title='bbox 2398 1746 2829 1807; x_wconf 85' lang='lat' dir='ltr'><strong>commoventur,</strong></span> <span class='ocrx_word' id='word_1_444' title='bbox 2862 1750 3034 1811; x_wconf 89' lang='lat' dir='ltr'><strong>neque</strong></span> <span class='ocrx_word' id='word_1_445' title='bbox 3054 1743 3131 1798; x_wconf 86' lang='lat' dir='ltr'><strong>&#39;tu</strong></span> <span class='ocrx_word' id='word_1_446' title='bbox 3165 1744 3218 1800; x_wconf 93' lang='lat' dir='ltr'><strong>id</strong></span> <span class='ocrx_word' id='word_1_447' title='bbox 3265 1747 3559 1804; x_wconf 89' lang='lat' dir='ltr'><strong>admodum</strong></span> <span class='ocrx_word' id='word_1_448' title='bbox 3591 1768 3685 1807; x_wconf 84' lang='lat' dir='ltr'><strong>cu-</strong></span> 
     </span>
    </p>
   </div>
   <div class='ocr_carea' id='block_1_62' title="bbox 2113 1821 3684 1908">
    <p class='ocr_par' dir='ltr' id='par_1_62' title="bbox 2113 1821 3684 1908">
     <span class='ocr_line' id='line_1_62' title="bbox 2113 1821 3684 1908; baseline 0.017 -35"><span class='ocrx_word' id='word_1_449' title='bbox 2113 1833 2223 1890; x_wconf 89' lang='lat' dir='ltr'><strong>ras,</strong></span> <span class='ocrx_word' id='word_1_450' title='bbox 2283 1821 2483 1878; x_wconf 90' lang='lat' dir='ltr'><strong>malum</strong></span> <span class='ocrx_word' id='word_1_451' title='bbox 2538 1836 2622 1883; x_wconf 88' lang='lat' dir='ltr'><strong>est</strong></span> <span class='ocrx_word' id='word_1_452' title='bbox 2665 1830 2902 1903; x_wconf 89' lang='lat' dir='ltr'><strong>signum.</strong></span> <span class='ocrx_word' id='word_1_453' title='bbox 2953 1834 3099 1908; x_wconf 88' lang='lat' dir='ltr'><strong>Luge</strong></span> <span class='ocrx_word' id='word_1_454' title='bbox 3139 1836 3326 1908; x_wconf 82' lang='lat' dir='ltr'><strong>igitur,</strong></span> <span class='ocrx_word' id='word_1_455' title='bbox 3357 1850 3414 1896; x_wconf 89' lang='lat' dir='ltr'><strong>et</strong></span> <span class='ocrx_word' id='word_1_456' title='bbox 3451 1843 3576 1898; x_wconf 91' lang='lat' dir='ltr'><strong>dole</strong></span> <span class='ocrx_word' id='word_1_457' title='bbox 3621 1860 3684 1899; x_wconf 88' lang='lat' dir='ltr'><strong>ac</strong></span> 
     </span>
    </p>
   </div>
   <div class='ocr_carea' id='block_1_63' title="bbox 2110 1915 3682 2006">
    <p class='ocr_par' dir='ltr' id='par_1_63' title="bbox 2110 1915 3682 2006">
     <span class='ocr_line' id='line_1_63' title="bbox 2110 1915 3682 2006; baseline 0.017 -40"><span class='ocrx_word' id='word_1_458' title='bbox 2110 1915 2486 1983; x_wconf 90' lang='lat' dir='ltr'><strong>contremisce,</strong></span> <span class='ocrx_word' id='word_1_459' title='bbox 2541 1918 2715 1978; x_wconf 91' lang='lat' dir='ltr'><strong>donec</strong></span> <span class='ocrx_word' id='word_1_460' title='bbox 2767 1939 2798 1978; x_wconf 91' lang='lat' dir='ltr'><strong>a</strong></span> <span class='ocrx_word' id='word_1_461' title='bbox 2854 1925 2964 1982; x_wconf 93' lang='lat' dir='ltr'><strong>Deo</strong></span> <span class='ocrx_word' id='word_1_462' title='bbox 3017 1930 3446 1988; x_wconf 87' lang='lat' dir='ltr'><strong>misericordiam</strong></span> <span class='ocrx_word' id='word_1_463' title='bbox 3511 1935 3682 2006; x_wconf 81' lang='lat' dir='ltr'><strong>impe-</strong></span> 
     </span>
    </p>
   </div>
   <div class='ocr_carea' id='block_1_64' title="bbox 2109 2004 3681 2086">
    <p class='ocr_par' dir='ltr' id='par_1_64' title="bbox 2109 2004 3681 2086">
     <span class='ocr_line' id='line_1_64' title="bbox 2109 2004 3681 2086; baseline 0.016 -29"><span class='ocrx_word' id='word_1_464' title='bbox 2109 2013 2236 2060; x_wconf 88' lang='lat' dir='ltr'><strong>tres.</strong></span> <span class='ocrx_word' id='word_1_465' title='bbox 2269 2004 2326 2062; x_wconf 92' lang='lat' dir='ltr'><strong>Si</strong></span> <span class='ocrx_word' id='word_1_466' title='bbox 2370 2010 2493 2080; x_wconf 89' lang='lat' dir='ltr'><strong>quis</strong></span> <span class='ocrx_word' id='word_1_467' title='bbox 2525 2025 2555 2066; x_wconf 90' lang='lat' dir='ltr'><strong>a</strong></span> <span class='ocrx_word' id='word_1_468' title='bbox 2587 2021 2638 2068; x_wconf 91' lang='lat' dir='ltr'><strong>te</strong></span> <span class='ocrx_word' id='word_1_469' title='bbox 2683 2014 2862 2072; x_wconf 90' lang='lat' dir='ltr'><strong>doceri</strong></span> <span class='ocrx_word' id='word_1_470' title='bbox 2900 2018 3034 2086; x_wconf 87' lang='lat' dir='ltr'><strong>vult,</strong></span> <span class='ocrx_word' id='word_1_471' title='bbox 3080 2035 3181 2077; x_wconf 90' lang='lat' dir='ltr'><strong>nec</strong></span> <span class='ocrx_word' id='word_1_472' title='bbox 3226 2032 3406 2079; x_wconf 89' lang='lat' dir='ltr'><strong>tamen</strong></span> <span class='ocrx_word' id='word_1_473' title='bbox 3453 2004 3681 2082; x_wconf 32' lang='lat' dir='ltr'><strong>facit‘ea</strong></span> 
     </span>
    </p>
   </div>
   <div class='ocr_carea' id='block_1_65' title="bbox 2105 2101 3680 2178">
    <p class='ocr_par' dir='ltr' id='par_1_65' title="bbox 2105 2101 3680 2178">
     <span class='ocr_line' id='line_1_65' title="bbox 2105 2101 3680 2178; baseline 0.015 -28"><span class='ocrx_word' id='word_1_474' title='bbox 2105 2112 2224 2166; x_wconf 62' lang='lat' dir='ltr'><strong>quae</strong></span> <span class='ocrx_word' id='word_1_475' title='bbox 2265 2101 2505 2157; x_wconf 90' lang='lat' dir='ltr'><strong>studiose</strong></span> <span class='ocrx_word' id='word_1_476' title='bbox 2533 2103 2608 2159; x_wconf 89' lang='lat' dir='ltr'><strong>illi</strong></span> <span class='ocrx_word' id='word_1_477' title='bbox 2657 2109 2927 2178; x_wconf 72' lang='lat' dir='ltr'><strong>praecipis,</strong></span> <span class='ocrx_word' id='word_1_478' title='bbox 2981 2112 3076 2167; x_wconf 88' lang='lat' dir='ltr'><strong>sed</strong></span> <span class='ocrx_word' id='word_1_479' title='bbox 3117 2112 3345 2170; x_wconf 90' lang='lat' dir='ltr'><strong>subinde</strong></span> <span class='ocrx_word' id='word_1_480' title='bbox 3386 2119 3680 2173; x_wconf 87' lang='lat' dir='ltr'><strong>revertitur</strong></span> 
     </span>
    </p>
   </div>
   <div class='ocr_carea' id='block_1_66' title="bbox 2104 2189 3677 2264">
    <p class='ocr_par' dir='ltr' id='par_1_66' title="bbox 2104 2189 3677 2264">
     <span class='ocr_line' id='line_1_66' title="bbox 2104 2189 3677 2264; baseline 0.015 -24"><span class='ocrx_word' id='word_1_481' title='bbox 2104 2189 2244 2243; x_wconf 87' lang='lat' dir='ltr'><strong>idem</strong></span> <span class='ocrx_word' id='word_1_482' title='bbox 2291 2189 2559 2262; x_wconf 85' lang='lat' dir='ltr'><strong>ﬂagitans,</strong></span> <span class='ocrx_word' id='word_1_483' title='bbox 2606 2198 2811 2254; x_wconf 89' lang='lat' dir='ltr'><strong>declina</strong></span> <span class='ocrx_word' id='word_1_484' title='bbox 2858 2203 2926 2256; x_wconf 87' lang='lat' dir='ltr'><strong>ab</strong></span> <span class='ocrx_word' id='word_1_485' title='bbox 2971 2217 3056 2258; x_wconf 90' lang='lat' dir='ltr'><strong>eo.</strong></span> <span class='ocrx_word' id='word_1_486' title='bbox 3111 2203 3277 2261; x_wconf 90' lang='lat' dir='ltr'><strong>Docet</strong></span> <span class='ocrx_word' id='word_1_487' title='bbox 3309 2221 3501 2264; x_wconf 91' lang='lat' dir='ltr'><strong>omnes</strong></span> <span class='ocrx_word' id='word_1_488' title='bbox 3534 2195 3677 2264; x_wconf 81' lang='lat' dir='ltr'><strong>Deus</strong></span> 
     </span>
    </p>
   </div>
   <div class='ocr_carea' id='block_1_67' title="bbox 2101 2283 3674 2367">
    <p class='ocr_par' dir='ltr' id='par_1_67' title="bbox 2101 2283 3674 2367">
     <span class='ocr_line' id='line_1_67' title="bbox 2101 2283 3674 2367; baseline 0.014 -35"><span class='ocrx_word' id='word_1_489' title='bbox 2101 2283 2192 2350; x_wconf 91' lang='lat' dir='ltr'><strong>qui</strong></span> <span class='ocrx_word' id='word_1_490' title='bbox 2232 2285 2420 2340; x_wconf 86' lang='lat' dir='ltr'><strong>audire</strong></span> <span class='ocrx_word' id='word_1_491' title='bbox 2462 2288 2668 2344; x_wconf 83' lang='lat' dir='ltr'><strong>volunt.</strong></span> <span class='ocrx_word' id='word_1_492' title='bbox 2709 2289 2840 2358; x_wconf 89' lang='lat' dir='ltr'><strong>Quis</strong></span> <span class='ocrx_word' id='word_1_493' title='bbox 2884 2294 3064 2349; x_wconf 86' lang='lat' dir='ltr'><strong>docuit</strong></span> <span class='ocrx_word' id='word_1_494' title='bbox 3113 2293 3244 2351; x_wconf 88' lang='lat' dir='ltr'><strong>Cain</strong></span> <span class='ocrx_word' id='word_1_495' title='bbox 3295 2307 3352 2352; x_wconf 90' lang='lat' dir='ltr'><strong>et</strong></span> <span class='ocrx_word' id='word_1_496' title='bbox 3399 2298 3565 2367; x_wconf 80' lang='lat' dir='ltr'><strong>Abel,</strong></span> <span class='ocrx_word' id='word_1_497' title='bbox 3619 2311 3674 2354; x_wconf 88' lang='lat' dir='ltr'><strong>ut</strong></span> 
     </span>
    </p>
   </div>
   <div class='ocr_carea' id='block_1_68' title="bbox 2100 2372 3674 2454">
    <p class='ocr_par' dir='ltr' id='par_1_68' title="bbox 2100 2372 3674 2454">
     <span class='ocr_line' id='line_1_68' title="bbox 2100 2372 3674 2454; baseline 0.014 -27"><span class='ocrx_word' id='word_1_498' title='bbox 2100 2372 2201 2428; x_wconf 92' lang='lat' dir='ltr'><strong>hoc</strong></span> <span class='ocrx_word' id='word_1_499' title='bbox 2241 2372 2500 2444; x_wconf 87' lang='lat' dir='ltr'><strong>facerent,</strong></span> <span class='ocrx_word' id='word_1_500' title='bbox 2551 2379 2619 2435; x_wconf 91' lang='lat' dir='ltr'><strong>ab</strong></span> <span class='ocrx_word' id='word_1_501' title='bbox 2661 2397 2726 2438; x_wconf 93' lang='lat' dir='ltr'><strong>eo</strong></span> <span class='ocrx_word' id='word_1_502' title='bbox 2777 2385 3130 2454; x_wconf 88' lang='lat' dir='ltr'><strong>abstinerent,</strong></span> <span class='ocrx_word' id='word_1_503' title='bbox 3190 2405 3316 2446; x_wconf 91' lang='lat' dir='ltr'><strong>cum</strong></span> <span class='ocrx_word' id='word_1_504' title='bbox 3357 2390 3444 2447; x_wconf 74' lang='lat' dir='ltr'><strong>lex</strong></span> <span class='ocrx_word' id='word_1_505' title='bbox 3493 2395 3674 2449; x_wconf 88' lang='lat' dir='ltr'><strong>adhuc</strong></span> 
     </span>
    </p>
   </div>
   <div class='ocr_carea' id='block_1_69' title="bbox 2097 2468 3675 2545">
    <p class='ocr_par' dir='ltr' id='par_1_69' title="bbox 2097 2468 3675 2545">
     <span class='ocr_line' id='line_1_69' title="bbox 2097 2468 3675 2545; baseline 0.016 -25"><span class='ocrx_word' id='word_1_506' title='bbox 2097 2468 2294 2538; x_wconf 86' lang='lat' dir='ltr'><strong>scripta</strong></span> <span class='ocrx_word' id='word_1_507' title='bbox 2343 2485 2448 2525; x_wconf 91' lang='lat' dir='ltr'><strong>non</strong></span> <span class='ocrx_word' id='word_1_508' title='bbox 2494 2473 2680 2529; x_wconf 82' lang='lat' dir='ltr'><strong>esset?</strong></span> <span class='ocrx_word' id='word_1_509' title='bbox 2717 2475 2939 2534; x_wconf 88' lang='lat' dir='ltr'><strong>Frustra</strong></span> <span class='ocrx_word' id='word_1_510' title='bbox 2984 2481 3238 2539; x_wconf 88' lang='lat' dir='ltr'><strong>discendo</strong></span> <span class='ocrx_word' id='word_1_511' title='bbox 3299 2484 3512 2543; x_wconf 82' lang='lat' dir='ltr'><strong>laborat</strong></span> <span class='ocrx_word' id='word_1_512' title='bbox 3575 2489 3675 2545; x_wconf 86' lang='lat' dir='ltr'><strong>bo-</strong></span> 
     </span>
    </p>
   </div>
   <div class='ocr_carea' id='block_1_70' title="bbox 2098 2563 3670 2652">
    <p class='ocr_par' dir='ltr' id='par_1_70' title="bbox 2098 2563 3670 2652">
     <span class='ocr_line' id='line_1_70' title="bbox 2098 2563 3670 2652; baseline 0.015 -38"><span class='ocrx_word' id='word_1_513' title='bbox 2098 2576 2206 2626; x_wconf 93' lang='lat' dir='ltr'><strong>mo,</strong></span> <span class='ocrx_word' id='word_1_514' title='bbox 2235 2563 2324 2632; x_wconf 92' lang='lat' dir='ltr'><strong>qui</strong></span> <span class='ocrx_word' id='word_1_515' title='bbox 2359 2563 2523 2620; x_wconf 92' lang='lat' dir='ltr'><strong>Deum</strong></span> <span class='ocrx_word' id='word_1_516' title='bbox 2556 2571 2870 2638; x_wconf 85' lang='lat' dir='ltr'><strong>magistrum</strong></span> <span class='ocrx_word' id='word_1_517' title='bbox 2906 2588 3009 2628; x_wconf 92' lang='lat' dir='ltr'><strong>non</strong></span> <span class='ocrx_word' id='word_1_518' title='bbox 3051 2577 3232 2633; x_wconf 89' lang='lat' dir='ltr'><strong>habet.</strong></span> <span class='ocrx_word' id='word_1_519' title='bbox 3266 2577 3322 2634; x_wconf 93' lang='lat' dir='ltr'><strong>Si</strong></span> <span class='ocrx_word' id='word_1_520' title='bbox 3357 2582 3476 2652; x_wconf 88' lang='lat' dir='ltr'><strong>quis</strong></span> <span class='ocrx_word' id='word_1_521' title='bbox 3507 2586 3670 2639; x_wconf 82' lang='lat' dir='ltr'><strong>verba</strong></span> 
     </span>
    </p>
   </div>
   <div class='ocr_carea' id='block_1_71' title="bbox 2096 2661 3668 2743">
    <p class='ocr_par' dir='ltr' id='par_1_71' title="bbox 2096 2661 3668 2743">
     <span class='ocr_line' id='line_1_71' title="bbox 2096 2661 3668 2743; baseline 0.013 -32"><span class='ocrx_word' id='word_1_522' title='bbox 2096 2661 2405 2727; x_wconf 88' lang='lat' dir='ltr'><strong>pronuntiat</strong></span> <span class='ocrx_word' id='word_1_523' title='bbox 2461 2663 2691 2730; x_wconf 85' lang='lat' dir='ltr'><strong>inutilia,</strong></span> <span class='ocrx_word' id='word_1_524' title='bbox 2734 2669 2918 2724; x_wconf 91' lang='lat' dir='ltr'><strong>audire</strong></span> <span class='ocrx_word' id='word_1_525' title='bbox 2968 2671 3113 2736; x_wconf 89' lang='lat' dir='ltr'><strong>noli,</strong></span> <span class='ocrx_word' id='word_1_526' title='bbox 3177 2688 3247 2728; x_wconf 89' lang='lat' dir='ltr'><strong>ne</strong></span> <span class='ocrx_word' id='word_1_527' title='bbox 3297 2676 3490 2743; x_wconf 87' lang='lat' dir='ltr'><strong>perdat</strong></span> <span class='ocrx_word' id='word_1_528' title='bbox 3545 2679 3668 2731; x_wconf 66' lang='lat' dir='ltr'><strong>auio</strong></span> 
     </span>
    </p>
   </div>
   <div class='ocr_carea' id='block_1_72' title="bbox 2096 2753 3669 2831">
    <p class='ocr_par' dir='ltr' id='par_1_72' title="bbox 2096 2753 3669 2831">
     <span class='ocr_line' id='line_1_72' title="bbox 2096 2753 3669 2831; baseline 0.013 -28"><span class='ocrx_word' id='word_1_529' title='bbox 2096 2765 2241 2805; x_wconf 89' lang='lat' dir='ltr'><strong>mam</strong></span> <span class='ocrx_word' id='word_1_530' title='bbox 2279 2760 2447 2808; x_wconf 90' lang='lat' dir='ltr'><strong>tuam.</strong></span> <span class='ocrx_word' id='word_1_531' title='bbox 2486 2753 2638 2822; x_wconf 88' lang='lat' dir='ltr'><strong>Quod</strong></span> <span class='ocrx_word' id='word_1_532' title='bbox 2667 2756 2710 2812; x_wconf 92' lang='lat' dir='ltr'><strong>si</strong></span> <span class='ocrx_word' id='word_1_533' title='bbox 2758 2772 2817 2813; x_wconf 86' lang='lat' dir='ltr'><strong>ea</strong></span> <span class='ocrx_word' id='word_1_534' title='bbox 2877 2773 2934 2815; x_wconf 90' lang='lat' dir='ltr'><strong>re</strong></span> <span class='ocrx_word' id='word_1_535' title='bbox 2982 2759 3294 2831; x_wconf 73' lang='lat' dir='ltr'><strong>offenditur,</strong></span> <span class='ocrx_word' id='word_1_536' title='bbox 3341 2781 3408 2821; x_wconf 88' lang='lat' dir='ltr'><strong>ne</strong></span> <span class='ocrx_word' id='word_1_537' title='bbox 3455 2768 3529 2821; x_wconf 89' lang='lat' dir='ltr'><strong>sit</strong></span> <span class='ocrx_word' id='word_1_538' title='bbox 3575 2769 3669 2824; x_wconf 88' lang='lat' dir='ltr'><strong>tibi</strong></span> 
     </span>
    </p>
   </div>
   <div class='ocr_carea' id='block_1_73' title="bbox 2095 2843 3668 2927">
    <p class='ocr_par' dir='ltr' id='par_1_73' title="bbox 2095 2843 3668 2927">
     <span class='ocr_line' id='line_1_73' title="bbox 2095 2843 3668 2927; baseline 0.011 -32"><span class='ocrx_word' id='word_1_539' title='bbox 2095 2857 2259 2900; x_wconf 68' lang='lat' dir='ltr'><strong>curae.</strong></span> <span class='ocrx_word' id='word_1_540' title='bbox 2313 2843 2451 2900; x_wconf 90' lang='lat' dir='ltr'><strong>Dic:</strong></span> <span class='ocrx_word' id='word_1_541' title='bbox 2505 2846 2734 2904; x_wconf 85' lang='lat' dir='ltr'><strong>Animus</strong></span> <span class='ocrx_word' id='word_1_542' title='bbox 2779 2863 2933 2906; x_wconf 88' lang='lat' dir='ltr'><strong>meus</strong></span> <span class='ocrx_word' id='word_1_543' title='bbox 2973 2851 3090 2908; x_wconf 67' lang='lat' dir='ltr'><strong>haec</strong></span> <span class='ocrx_word' id='word_1_544' title='bbox 3132 2852 3277 2910; x_wconf 86' lang='lat' dir='ltr'><strong>ferre</strong></span> <span class='ocrx_word' id='word_1_545' title='bbox 3325 2871 3430 2911; x_wconf 88' lang='lat' dir='ltr'><strong>non</strong></span> <span class='ocrx_word' id='word_1_546' title='bbox 3467 2869 3668 2927; x_wconf 86' lang='lat' dir='ltr'><strong>potest,</strong></span> 
     </span>
    </p>
   </div>
   <div class='ocr_carea' id='block_1_74' title="bbox 2093 2936 3666 3022">
    <p class='ocr_par' dir='ltr' id='par_1_74' title="bbox 2093 2936 3666 3022">
     <span class='ocr_line' id='line_1_74' title="bbox 2093 2936 3666 3022; baseline 0.011 -33"><span class='ocrx_word' id='word_1_547' title='bbox 2093 2936 2279 2992; x_wconf 90' lang='lat' dir='ltr'><strong>omitte</strong></span> <span class='ocrx_word' id='word_1_548' title='bbox 2316 2953 2401 3002; x_wconf 89' lang='lat' dir='ltr'><strong>ea,</strong></span> <span class='ocrx_word' id='word_1_549' title='bbox 2453 2941 2713 3010; x_wconf 88' lang='lat' dir='ltr'><strong>obsecro;</strong></span> <span class='ocrx_word' id='word_1_550' title='bbox 2769 2957 2944 3014; x_wconf 90' lang='lat' dir='ltr'><strong>neque</strong></span> <span class='ocrx_word' id='word_1_551' title='bbox 2991 2946 3136 3002; x_wconf 90' lang='lat' dir='ltr'><strong>enim</strong></span> <span class='ocrx_word' id='word_1_552' title='bbox 3194 2949 3369 3018; x_wconf 87' lang='lat' dir='ltr'><strong>major</strong></span> <span class='ocrx_word' id='word_1_553' title='bbox 3413 2966 3513 3022; x_wconf 87' lang='lat' dir='ltr'><strong>ego</strong></span> <span class='ocrx_word' id='word_1_554' title='bbox 3547 2968 3666 3006; x_wconf 86' lang='lat' dir='ltr'><strong>sum</strong></span> 
     </span>
    </p>
   </div>
   <div class='ocr_carea' id='block_1_75' title="bbox 2094 3027 3669 3106">
    <p class='ocr_par' dir='ltr' id='par_1_75' title="bbox 2094 3027 3669 3106">
     <span class='ocr_line' id='line_1_75' title="bbox 2094 3027 3669 3106; baseline 0.011 -26"><span class='ocrx_word' id='word_1_555' title='bbox 2094 3027 2266 3097; x_wconf 85' lang='lat' dir='ltr'><strong>primo</strong></span> <span class='ocrx_word' id='word_1_556' title='bbox 2315 3029 2408 3086; x_wconf 92' lang='lat' dir='ltr'><strong>illo</strong></span> <span class='ocrx_word' id='word_1_557' title='bbox 2452 3032 2687 3103; x_wconf 88' lang='lat' dir='ltr'><strong>homine,</strong></span> <span class='ocrx_word' id='word_1_558' title='bbox 2735 3050 2893 3106; x_wconf 89' lang='lat' dir='ltr'><strong>quem</strong></span> <span class='ocrx_word' id='word_1_559' title='bbox 2947 3041 3196 3096; x_wconf 90' lang='lat' dir='ltr'><strong>manibus</strong></span> <span class='ocrx_word' id='word_1_560' title='bbox 3246 3044 3361 3100; x_wconf 85' lang='lat' dir='ltr'><strong>suis</strong></span> <span class='ocrx_word' id='word_1_561' title='bbox 3411 3044 3669 3101; x_wconf 85' lang='lat' dir='ltr'><strong>formavit</strong></span> 
     </span>
    </p>
   </div>
   <div class='ocr_carea' id='block_1_76' title="bbox 2295 3127 3668 3215">
    <p class='ocr_par' dir='ltr' id='par_1_76' title="bbox 2295 3127 3668 3215">
     <span class='ocr_line' id='line_1_76' title="bbox 2295 3127 3668 3215; baseline 0.007 -29"><span class='ocrx_word' id='word_1_562' title='bbox 2295 3135 2350 3186; x_wconf 82' lang='lat' dir='ltr'><strong>et</strong></span> <span class='ocrx_word' id='word_1_563' title='bbox 2381 3142 2560 3202; x_wconf 79' lang='lat' dir='ltr'><strong>pravus</strong></span> <span class='ocrx_word' id='word_1_564' title='bbox 2587 3133 2869 3208; x_wconf 75' lang='lat' dir='ltr'><strong>colloquiis</strong></span> <span class='ocrx_word' id='word_1_565' title='bbox 2898 3151 3183 3210; x_wconf 89' lang='lat' dir='ltr'><strong>corruptus</strong></span> <span class='ocrx_word' id='word_1_566' title='bbox 3227 3151 3330 3196; x_wconf 90' lang='lat' dir='ltr'><strong>est.</strong></span> <span class='ocrx_word' id='word_1_567' title='bbox 3375 3127 3524 3214; x_wconf 78' lang='lat' dir='ltr'><strong>Fuge</strong></span> <span class='ocrx_word' id='word_1_568' title='bbox 3568 3146 3668 3215; x_wconf 81' lang='lat' dir='ltr'><strong>igi-</strong></span> 
     </span>
    </p>
   </div>
   <div class='ocr_carea' id='block_1_77' title="bbox 2092 3223 3662 3303">
    <p class='ocr_par' dir='ltr' id='par_1_77' title="bbox 2092 3223 3662 3303">
     <span class='ocr_line' id='line_1_77' title="bbox 2092 3223 3662 3303; baseline 0.012 -31"><span class='ocrx_word' id='word_1_569' title='bbox 2092 3231 2195 3286; x_wconf 89' lang='lat' dir='ltr'><strong>tur,</strong></span> <span class='ocrx_word' id='word_1_570' title='bbox 2238 3231 2295 3274; x_wconf 89' lang='lat' dir='ltr'><strong>et</strong></span> <span class='ocrx_word' id='word_1_571' title='bbox 2327 3223 2434 3278; x_wconf 91' lang='lat' dir='ltr'><strong>uoli</strong></span> <span class='ocrx_word' id='word_1_572' title='bbox 2476 3224 2695 3293; x_wconf 86' lang='lat' dir='ltr'><strong>audire;</strong></span> <span class='ocrx_word' id='word_1_573' title='bbox 2724 3228 2819 3283; x_wconf 91' lang='lat' dir='ltr'><strong>sed</strong></span> <span class='ocrx_word' id='word_1_574' title='bbox 2860 3229 2933 3284; x_wconf 87' lang='lat' dir='ltr'><strong>ita</strong></span> <span class='ocrx_word' id='word_1_575' title='bbox 2963 3228 3108 3302; x_wconf 82' lang='lat' dir='ltr'><strong>fuge,</strong></span> <span class='ocrx_word' id='word_1_576' title='bbox 3140 3241 3198 3286; x_wconf 91' lang='lat' dir='ltr'><strong>ut</strong></span> <span class='ocrx_word' id='word_1_577' title='bbox 3236 3249 3356 3303; x_wconf 68' lang='lat' dir='ltr'><strong>qua:</strong></span> <span class='ocrx_word' id='word_1_578' title='bbox 3383 3237 3662 3303; x_wconf 90' lang='lat' dir='ltr'><strong>dicuntur,</strong></span> 
     </span>
    </p>
   </div>
   <div class='ocr_carea' id='block_1_78' title="bbox 2087 3312 3662 3396">
    <p class='ocr_par' dir='ltr' id='par_1_78' title="bbox 2087 3312 3662 3396">
     <span class='ocr_line' id='line_1_78' title="bbox 2087 3312 3662 3396; baseline 0.013 -30"><span class='ocrx_word' id='word_1_579' title='bbox 2087 3312 2300 3384; x_wconf 88' lang='lat' dir='ltr'><strong>penitus</strong></span> <span class='ocrx_word' id='word_1_580' title='bbox 2327 3315 2686 3376; x_wconf 87' lang='lat' dir='ltr'><strong>obliviscare:</strong></span> <span class='ocrx_word' id='word_1_581' title='bbox 2715 3324 2840 3377; x_wconf 85' lang='lat' dir='ltr'><strong>nam</strong></span> <span class='ocrx_word' id='word_1_582' title='bbox 2867 3325 2912 3378; x_wconf 92' lang='lat' dir='ltr'><strong>si</strong></span> <span class='ocrx_word' id='word_1_583' title='bbox 2946 3325 3076 3396; x_wconf 90' lang='lat' dir='ltr'><strong>quid</strong></span> <span class='ocrx_word' id='word_1_584' title='bbox 3102 3329 3365 3383; x_wconf 89' lang='lat' dir='ltr'><strong>memoria</strong></span> <span class='ocrx_word' id='word_1_585' title='bbox 3402 3339 3491 3384; x_wconf 90' lang='lat' dir='ltr'><strong>tua</strong></span> <span class='ocrx_word' id='word_1_586' title='bbox 3522 3331 3662 3386; x_wconf 82' lang='lat' dir='ltr'><strong>resi-</strong></span> 
     </span>
    </p>
   </div>
   <div class='ocr_carea' id='block_1_79' title="bbox 2085 3408 3661 3494">
    <p class='ocr_par' dir='ltr' id='par_1_79' title="bbox 2085 3408 3661 3494">
     <span class='ocr_line' id='line_1_79' title="bbox 2085 3408 3661 3494; baseline 0.011 -34"><span class='ocrx_word' id='word_1_587' title='bbox 2085 3408 2212 3462; x_wconf 88' lang='lat' dir='ltr'><strong>dere</strong></span> <span class='ocrx_word' id='word_1_588' title='bbox 2239 3409 2576 3478; x_wconf 86' lang='lat' dir='ltr'><strong>permiseris,</strong></span> <span class='ocrx_word' id='word_1_589' title='bbox 2615 3412 2749 3471; x_wconf 91' lang='lat' dir='ltr'><strong>illud</strong></span> <span class='ocrx_word' id='word_1_590' title='bbox 2781 3417 3052 3474; x_wconf 69' lang='lat' dir='ltr'><strong>daemones</strong></span> <span class='ocrx_word' id='word_1_591' title='bbox 3092 3419 3318 3477; x_wconf 90' lang='lat' dir='ltr'><strong>minime</strong></span> <span class='ocrx_word' id='word_1_592' title='bbox 3353 3423 3661 3494; x_wconf 87' lang='lat' dir='ltr'><strong>negligent,</strong></span> 
     </span>
    </p>
   </div>
   <div class='ocr_carea' id='block_1_80' title="bbox 2083 3509 2921 3576">
    <p class='ocr_par' dir='ltr' id='par_1_80' title="bbox 2083 3509 2921 3576">
     <span class='ocr_line' id='line_1_80' title="bbox 2083 3509 2921 3576; baseline 0.016 -13"><span class='ocrx_word' id='word_1_593' title='bbox 2083 3509 2175 3564; x_wconf 91' lang='lat' dir='ltr'><strong>sed</strong></span> <span class='ocrx_word' id='word_1_594' title='bbox 2203 3512 2451 3569; x_wconf 90' lang='lat' dir='ltr'><strong>occident</strong></span> <span class='ocrx_word' id='word_1_595' title='bbox 2478 3515 2712 3572; x_wconf 86' lang='lat' dir='ltr'><strong>animam</strong></span> <span class='ocrx_word' id='word_1_596' title='bbox 2752 3528 2921 3576; x_wconf 88' lang='lat' dir='ltr'><strong>tuam.</strong></span> 
     </span>
    </p>
   </div>
   <div class='ocr_carea' id='block_1_81' title="bbox 2152 3623 3661 3706">
    <p class='ocr_par' dir='ltr' id='par_1_81' title="bbox 2152 3623 3661 3706">
     <span class='ocr_line' id='line_1_81' title="bbox 2152 3623 3661 3706; baseline 0.011 -27"><span class='ocrx_word' id='word_1_597' title='bbox 2152 3623 2218 3679; x_wconf 87' lang='lat' dir='ltr'><strong>V.</strong></span> <span class='ocrx_word' id='word_1_598' title='bbox 2260 3626 2452 3684; x_wconf 89' lang='lat' dir='ltr'><strong>Idem:</strong></span> <span class='ocrx_word' id='word_1_599' title='bbox 2497 3630 2790 3699; x_wconf 86' lang='lat' dir='ltr'><strong>Quantum,</strong></span> <span class='ocrx_word' id='word_1_600' title='bbox 2845 3636 3039 3706; x_wconf 84' lang='lat' dir='ltr'><strong>inquit,</strong></span> <span class='ocrx_word' id='word_1_601' title='bbox 3088 3638 3263 3704; x_wconf 91' lang='lat' dir='ltr'><strong>video,</strong></span> <span class='ocrx_word' id='word_1_602' title='bbox 3303 3639 3514 3695; x_wconf 89' lang='lat' dir='ltr'><strong>lucrum</strong></span> <span class='ocrx_word' id='word_1_603' title='bbox 3544 3679 3560 3703; x_wconf 87' lang='lat'><strong>,</strong></span> <span class='ocrx_word' id='word_1_604' title='bbox 3605 3650 3661 3696; x_wconf 88' lang='lat' dir='ltr'><strong>et</strong></span> 
     </span>
    </p>
   </div>
   <div class='ocr_carea' id='block_1_82' title="bbox 2082 3717 3660 3804">
    <p class='ocr_par' dir='ltr' id='par_1_82' title="bbox 2082 3717 3660 3804">
     <span class='ocr_line' id='line_1_82' title="bbox 2082 3717 3660 3804; baseline 0.013 -34"><span class='ocrx_word' id='word_1_605' title='bbox 2082 3717 2276 3783; x_wconf 89' lang='lat' dir='ltr'><strong>honor,</strong></span> <span class='ocrx_word' id='word_1_606' title='bbox 2307 3729 2362 3775; x_wconf 92' lang='lat' dir='ltr'><strong>et</strong></span> <span class='ocrx_word' id='word_1_607' title='bbox 2397 3723 2565 3777; x_wconf 93' lang='lat' dir='ltr'><strong>otium</strong></span> <span class='ocrx_word' id='word_1_608' title='bbox 2603 3727 2670 3780; x_wconf 91' lang='lat' dir='ltr'><strong>ad</strong></span> <span class='ocrx_word' id='word_1_609' title='bbox 2719 3737 2942 3782; x_wconf 86' lang='lat' dir='ltr'><strong>mortem</strong></span> <span class='ocrx_word' id='word_1_610' title='bbox 2978 3745 3147 3800; x_wconf 91' lang='lat' dir='ltr'><strong>usque</strong></span> <span class='ocrx_word' id='word_1_611' title='bbox 3182 3732 3458 3787; x_wconf 87' lang='lat' dir='ltr'><strong>hominem</strong></span> <span class='ocrx_word' id='word_1_612' title='bbox 3493 3750 3660 3804; x_wconf 83' lang='lat' dir='ltr'><strong>oppu-</strong></span> 
     </span>
    </p>
   </div>
   <div class='ocr_carea' id='block_1_83' title="bbox 2079 3810 3657 3894">
    <p class='ocr_par' dir='ltr' id='par_1_83' title="bbox 2079 3810 3657 3894">
     <span class='ocr_line' id='line_1_83' title="bbox 2079 3810 3657 3894; baseline 0.013 -34"><span class='ocrx_word' id='word_1_613' title='bbox 2079 3818 2266 3876; x_wconf 87' lang='lat' dir='ltr'><strong>gnant.</strong></span> <span class='ocrx_word' id='word_1_614' title='bbox 2298 3810 2399 3878; x_wconf 90' lang='lat' dir='ltr'><strong>Qui</strong></span> <span class='ocrx_word' id='word_1_615' title='bbox 2432 3812 2566 3869; x_wconf 88' lang='lat' dir='ltr'><strong>alios</strong></span> <span class='ocrx_word' id='word_1_616' title='bbox 2597 3816 2823 3872; x_wconf 90' lang='lat' dir='ltr'><strong>docendi</strong></span> <span class='ocrx_word' id='word_1_617' title='bbox 2851 3819 2954 3873; x_wconf 91' lang='lat' dir='ltr'><strong>sibi</strong></span> <span class='ocrx_word' id='word_1_618' title='bbox 2995 3835 3190 3878; x_wconf 88' lang='lat' dir='ltr'><strong>munus</strong></span> <span class='ocrx_word' id='word_1_619' title='bbox 3225 3834 3465 3894; x_wconf 81' lang='lat' dir='ltr'><strong>armgat,</strong></span> <span class='ocrx_word' id='word_1_620' title='bbox 3510 3826 3657 3880; x_wconf 73' lang='lat' dir='ltr'><strong>la-dit</strong></span> 
     </span>
    </p>
   </div>
   <div class='ocr_carea' id='block_1_84' title="bbox 2078 3905 3652 3988">
    <p class='ocr_par' dir='ltr' id='par_1_84' title="bbox 2078 3905 3652 3988">
     <span class='ocr_line' id='line_1_84' title="bbox 2078 3905 3652 3988; baseline 0.012 -32"><span class='ocrx_word' id='word_1_621' title='bbox 2078 3905 2310 3959; x_wconf 88' lang='lat' dir='ltr'><strong>animam</strong></span> <span class='ocrx_word' id='word_1_622' title='bbox 2344 3921 2517 3974; x_wconf 90' lang='lat' dir='ltr'><strong>suam,</strong></span> <span class='ocrx_word' id='word_1_623' title='bbox 2570 3919 2624 3964; x_wconf 93' lang='lat' dir='ltr'><strong>et</strong></span> <span class='ocrx_word' id='word_1_624' title='bbox 2663 3911 2786 3966; x_wconf 92' lang='lat' dir='ltr'><strong>dum</strong></span> <span class='ocrx_word' id='word_1_625' title='bbox 2821 3914 3125 3982; x_wconf 82' lang='lat' dir='ltr'><strong>proximum</strong></span> <span class='ocrx_word' id='word_1_626' title='bbox 3166 3918 3440 3988; x_wconf 89' lang='lat' dir='ltr'><strong>corrigere</strong></span> <span class='ocrx_word' id='word_1_627' title='bbox 3480 3924 3652 3988; x_wconf 86' lang='lat' dir='ltr'><strong>proti-</strong></span> 
     </span>
    </p>
   </div>
   <div class='ocr_carea' id='block_1_85' title="bbox 2079 3999 3652 4078">
    <p class='ocr_par' dir='ltr' id='par_1_85' title="bbox 2079 3999 3652 4078">
     <span class='ocr_line' id='line_1_85' title="bbox 2079 3999 3652 4078; baseline 0.011 -30"><span class='ocrx_word' id='word_1_628' title='bbox 2079 4005 2222 4050; x_wconf 87' lang='lat' dir='ltr'><strong>tetur</strong></span> <span class='ocrx_word' id='word_1_629' title='bbox 2255 4008 2417 4069; x_wconf 81' lang='lat' dir='ltr'><strong>atque</strong></span> <span class='ocrx_word' id='word_1_630' title='bbox 2447 3999 2562 4070; x_wconf 84' lang='lat' dir='ltr'><strong>ejus</strong></span> <span class='ocrx_word' id='word_1_631' title='bbox 2591 4002 2807 4058; x_wconf 90' lang='lat' dir='ltr'><strong>domum</strong></span> <span class='ocrx_word' id='word_1_632' title='bbox 2834 4006 3126 4070; x_wconf 66' lang='lat' dir='ltr'><strong>mdilicare,</strong></span> <span class='ocrx_word' id='word_1_633' title='bbox 3160 4009 3261 4064; x_wconf 89' lang='lat' dir='ltr'><strong>sibi</strong></span> <span class='ocrx_word' id='word_1_634' title='bbox 3293 4011 3404 4078; x_wconf 89' lang='lat' dir='ltr'><strong>ipse</strong></span> <span class='ocrx_word' id='word_1_635' title='bbox 3438 4013 3652 4067; x_wconf 87' lang='lat' dir='ltr'><strong>ruinam</strong></span> 
     </span>
    </p>
   </div>
   <div class='ocr_carea' id='block_1_86' title="bbox 2075 4089 3649 4172">
    <p class='ocr_par' dir='ltr' id='par_1_86' title="bbox 2075 4089 3649 4172">
     <span class='ocr_line' id='line_1_86' title="bbox 2075 4089 3649 4172; baseline 0.013 -34"><span class='ocrx_word' id='word_1_636' title='bbox 2075 4095 2239 4157; x_wconf 87' lang='lat' dir='ltr'><strong>atque</strong></span> <span class='ocrx_word' id='word_1_637' title='bbox 2283 4089 2558 4147; x_wconf 89' lang='lat' dir='ltr'><strong>interituut</strong></span> <span class='ocrx_word' id='word_1_638' title='bbox 2598 4095 2779 4149; x_wconf 90' lang='lat' dir='ltr'><strong>struit.</strong></span> <span class='ocrx_word' id='word_1_639' title='bbox 2815 4094 2959 4152; x_wconf 88' lang='lat' dir='ltr'><strong>Cave</strong></span> <span class='ocrx_word' id='word_1_640' title='bbox 2996 4113 3063 4153; x_wconf 92' lang='lat' dir='ltr'><strong>ne</strong></span> <span class='ocrx_word' id='word_1_641' title='bbox 3089 4102 3361 4167; x_wconf 86' lang='lat' dir='ltr'><strong>peccando</strong></span> <span class='ocrx_word' id='word_1_642' title='bbox 3394 4103 3649 4172; x_wconf 84' lang='lat' dir='ltr'><strong>coinqui-</strong></span> 
     </span>
    </p>
   </div>
   <div class='ocr_carea' id='block_1_87' title="bbox 2074 4180 3648 4264">
    <p class='ocr_par' dir='ltr' id='par_1_87' title="bbox 2074 4180 3648 4264">
     <span class='ocr_line' id='line_1_87' title="bbox 2074 4180 3648 4264; baseline 0.012 -33"><span class='ocrx_word' id='word_1_643' title='bbox 2074 4195 2171 4234; x_wconf 87' lang='lat' dir='ltr'><strong>ues</strong></span> <span class='ocrx_word' id='word_1_644' title='bbox 2233 4180 2596 4239; x_wconf 87' lang='lat' dir='ltr'><strong>innocentiam</strong></span> <span class='ocrx_word' id='word_1_645' title='bbox 2660 4201 2824 4256; x_wconf 87' lang='lat' dir='ltr'><strong>quant</strong></span> <span class='ocrx_word' id='word_1_646' title='bbox 2888 4189 2940 4243; x_wconf 92' lang='lat' dir='ltr'><strong>in</strong></span> <span class='ocrx_word' id='word_1_647' title='bbox 2991 4189 3316 4260; x_wconf 87' lang='lat' dir='ltr'><strong>baptismate</strong></span> <span class='ocrx_word' id='word_1_648' title='bbox 3363 4195 3648 4264; x_wconf 78' lang='lat' dir='ltr'><strong>acCepisti.</strong></span> 
     </span>
    </p>
   </div>
   <div class='ocr_carea' id='block_1_88' title="bbox 2073 4270 3646 4350">
    <p class='ocr_par' dir='ltr' id='par_1_88' title="bbox 2073 4270 3646 4350">
     <span class='ocr_line' id='line_1_88' title="bbox 2073 4270 3646 4350; baseline 0.012 -27"><span class='ocrx_word' id='word_1_649' title='bbox 2073 4270 2280 4326; x_wconf 82' lang='lat' dir='ltr'><strong>Etenim</strong></span> <span class='ocrx_word' id='word_1_650' title='bbox 2314 4275 2426 4329; x_wconf 90' lang='lat' dir='ltr'><strong>sive</strong></span> <span class='ocrx_word' id='word_1_651' title='bbox 2449 4290 2640 4346; x_wconf 86' lang='lat' dir='ltr'><strong>pecces</strong></span> <span class='ocrx_word' id='word_1_652' title='bbox 2670 4280 2721 4332; x_wconf 90' lang='lat' dir='ltr'><strong>in</strong></span> <span class='ocrx_word' id='word_1_653' title='bbox 2745 4294 2940 4350; x_wconf 90' lang='lat' dir='ltr'><strong>corpus</strong></span> <span class='ocrx_word' id='word_1_654' title='bbox 2970 4292 3138 4348; x_wconf 91' lang='lat' dir='ltr'><strong>tuum,</strong></span> <span class='ocrx_word' id='word_1_655' title='bbox 3164 4284 3276 4338; x_wconf 89' lang='lat' dir='ltr'><strong>sive</strong></span> <span class='ocrx_word' id='word_1_656' title='bbox 3293 4293 3348 4339; x_wconf 92' lang='lat' dir='ltr'><strong>te</strong></span> <span class='ocrx_word' id='word_1_657' title='bbox 3375 4284 3520 4341; x_wconf 88' lang='lat' dir='ltr'><strong>furto</strong></span> <span class='ocrx_word' id='word_1_658' title='bbox 3546 4289 3646 4349; x_wconf 67' lang='lat' dir='ltr'><strong>ob:</strong></span> 
     </span>
    </p>
   </div>
   <div class='ocr_carea' id='block_1_89' title="bbox 2071 4365 3646 4443">
    <p class='ocr_par' dir='ltr' id='par_1_89' title="bbox 2071 4365 3646 4443">
     <span class='ocr_line' id='line_1_89' title="bbox 2071 4365 3646 4443; baseline 0.011 -27"><span class='ocrx_word' id='word_1_659' title='bbox 2071 4365 2331 4434; x_wconf 89' lang='lat' dir='ltr'><strong>stringas,</strong></span> <span class='ocrx_word' id='word_1_660' title='bbox 2360 4366 2474 4422; x_wconf 91' lang='lat' dir='ltr'><strong>sive</strong></span> <span class='ocrx_word' id='word_1_661' title='bbox 2501 4370 2744 4439; x_wconf 86' lang='lat' dir='ltr'><strong>cupidius</strong></span> <span class='ocrx_word' id='word_1_662' title='bbox 2776 4372 2979 4443; x_wconf 89' lang='lat' dir='ltr'><strong>aliquid</strong></span> <span class='ocrx_word' id='word_1_663' title='bbox 3027 4376 3304 4440; x_wconf 85' lang='lat' dir='ltr'><strong>iutuearis,</strong></span> <span class='ocrx_word' id='word_1_664' title='bbox 3342 4378 3458 4434; x_wconf 83' lang='lat' dir='ltr'><strong>sive</strong></span> <span class='ocrx_word' id='word_1_665' title='bbox 3506 4380 3646 4434; x_wconf 77' lang='lat' dir='ltr'><strong>clam</strong></span> 
     </span>
    </p>
   </div>
   <div class='ocr_carea' id='block_1_90' title="bbox 391 4456 3643 4559">
    <p class='ocr_par' dir='ltr' id='par_1_90' title="bbox 391 4456 3643 4559">
     <span class='ocr_line' id='line_1_90' title="bbox 391 4456 3643 4559; baseline 0.014 -34"><span class='ocrx_word' id='word_1_666' title='bbox 391 4471 608 4529; x_wconf 87' lang='lat' dir='ltr'><strong>beatum</strong></span> <span class='ocrx_word' id='word_1_667' title='bbox 661 4486 831 4546; x_wconf 87' lang='lat' dir='ltr'><strong>putet,</strong></span> <span class='ocrx_word' id='word_1_668' title='bbox 881 4456 1029 4535; x_wconf 82' lang='lat' dir='ltr'><strong>neve</strong></span> <span class='ocrx_word' id='word_1_669' title='bbox 1061 4456 1330 4551; x_wconf 82' lang='lat' dir='ltr'><strong>justitiam</strong></span> <span class='ocrx_word' id='word_1_670' title='bbox 1379 4500 1529 4542; x_wconf 91' lang='lat' dir='ltr'><strong>suam</strong></span> <span class='ocrx_word' id='word_1_671' title='bbox 1575 4491 1830 4559; x_wconf 84' lang='lat' dir='ltr'><strong>praedicet</strong></span> <span class='ocrx_word' id='word_1_672' title='bbox 1870 4505 1961 4549; x_wconf 91' lang='lat' dir='ltr'><strong>aut</strong></span> <span class='ocrx_word' id='word_1_673' title='bbox 1997 4465 2042 4521; x_wconf 68' lang='grc' dir='ltr'>θ</span> <span class='ocrx_word' id='word_1_674' title='bbox 2070 4456 2344 4559; x_wconf 59' lang='lat' dir='ltr'><strong>&quot;_&quot;i&quot;pi&quot;‘.&quot;f</strong></span> <span class='ocrx_word' id='word_1_675' title='bbox 2386 4461 2653 4559; x_wconf 30' lang='lat' dir='ltr'><strong>digus”;</strong></span> <span class='ocrx_word' id='word_1_676' title='bbox 2705 4465 2898 4520; x_wconf 63' lang='lat' dir='ltr'><strong>umens</strong></span> <span class='ocrx_word' id='word_1_677' title='bbox 2941 4482 3008 4522; x_wconf 69' lang='lat' dir='ltr'><strong>ne</strong></span> <span class='ocrx_word' id='word_1_678' title='bbox 3063 4477 3115 4522; x_wconf 45' lang='lat' dir='ltr'><strong>te</strong></span> <span class='ocrx_word' id='word_1_679' title='bbox 3161 4469 3358 4538; x_wconf 59' lang='lat' dir='ltr'><strong>amnis</strong></span> <span class='ocrx_word' id='word_1_680' title='bbox 3393 4471 3643 4540; x_wconf 50' lang='lat' dir='ltr'><strong>agmen!&quot;</strong></span> 
     </span>
    </p>
   </div>
   <div class='ocr_carea' id='block_1_91' title="bbox 389 4565 1961 4648">
    <p class='ocr_par' dir='ltr' id='par_1_91' title="bbox 389 4565 1961 4648">
     <span class='ocr_line' id='line_1_91' title="bbox 389 4565 1961 4648; baseline 0.016 -34"><span class='ocrx_word' id='word_1_681' title='bbox 389 4566 700 4633; x_wconf 89' lang='lat' dir='ltr'><strong>quempiam</strong></span> <span class='ocrx_word' id='word_1_682' title='bbox 728 4565 985 4634; x_wconf 75' lang='lat' dir='ltr'><strong>offendat,</strong></span> <span class='ocrx_word' id='word_1_683' title='bbox 1025 4573 1117 4625; x_wconf 92' lang='lat' dir='ltr'><strong>sed</strong></span> <span class='ocrx_word' id='word_1_684' title='bbox 1147 4571 1247 4628; x_wconf 91' lang='lat' dir='ltr'><strong>sibi</strong></span> <span class='ocrx_word' id='word_1_685' title='bbox 1283 4576 1395 4645; x_wconf 90' lang='lat' dir='ltr'><strong>ipse</strong></span> <span class='ocrx_word' id='word_1_686' title='bbox 1433 4581 1696 4648; x_wconf 91' lang='lat' dir='ltr'><strong>attendat,</strong></span> <span class='ocrx_word' id='word_1_687' title='bbox 1723 4597 1820 4637; x_wconf 86' lang='lat' dir='ltr'><strong>nec</strong></span> <span class='ocrx_word' id='word_1_688' title='bbox 1858 4584 1961 4639; x_wconf 86' lang='lat' dir='ltr'><strong>ini-</strong></span> 
     </span>
    </p>
   </div>
   <div class='ocr_carea' id='block_1_92' title="bbox 387 4655 1954 4740">
    <p class='ocr_par' dir='ltr' id='par_1_92' title="bbox 387 4655 1954 4740">
     <span class='ocr_line' id='line_1_92' title="bbox 387 4655 1954 4740; baseline 0.017 -34"><span class='ocrx_word' id='word_1_689' title='bbox 387 4655 516 4709; x_wconf 77' lang='grc' dir='ltr'><strong>ιιήοί</strong></span> <span class='ocrx_word' id='word_1_690' title='bbox 563 4656 807 4714; x_wconf 88' lang='lat' dir='ltr'><strong>aculeum</strong></span> <span class='ocrx_word' id='word_1_691' title='bbox 838 4663 1188 4731; x_wconf 88' lang='lat' dir='ltr'><strong>cogitationis</strong></span> <span class='ocrx_word' id='word_1_692' title='bbox 1232 4668 1503 4740; x_wconf 88' lang='lat' dir='ltr'><strong>relinquat</strong></span> <span class='ocrx_word' id='word_1_693' title='bbox 1528 4672 1584 4726; x_wconf 89' lang='lat' dir='ltr'><strong>in</strong></span> <span class='ocrx_word' id='word_1_694' title='bbox 1629 4679 1789 4731; x_wconf 88' lang='lat' dir='ltr'><strong>corde</strong></span> <span class='ocrx_word' id='word_1_695' title='bbox 1837 4692 1954 4732; x_wconf 90' lang='lat' dir='ltr'><strong>suo.</strong></span> 
     </span>
    </p>
   </div>
   <div class='ocr_carea' id='block_1_93' title="bbox 387 4742 1956 4832">
    <p class='ocr_par' dir='ltr' id='par_1_93' title="bbox 387 4742 1956 4832">
     <span class='ocr_line' id='line_1_93' title="bbox 387 4742 1956 4832; baseline 0.018 -34"><span class='ocrx_word' id='word_1_696' title='bbox 387 4742 507 4801; x_wconf 84' lang='lat' dir='ltr'><strong>Noli</strong></span> <span class='ocrx_word' id='word_1_697' title='bbox 538 4757 771 4806; x_wconf 92' lang='lat' dir='ltr'><strong>mentem</strong></span> <span class='ocrx_word' id='word_1_698' title='bbox 815 4761 959 4809; x_wconf 88' lang='lat' dir='ltr'><strong>tuam</strong></span> <span class='ocrx_word' id='word_1_699' title='bbox 1011 4757 1385 4826; x_wconf 87' lang='lat' dir='ltr'><strong>ignorantibus</strong></span> <span class='ocrx_word' id='word_1_700' title='bbox 1431 4764 1662 4832; x_wconf 88' lang='lat' dir='ltr'><strong>aperire,</strong></span> <span class='ocrx_word' id='word_1_701' title='bbox 1711 4783 1811 4824; x_wconf 88' lang='lat' dir='ltr'><strong>nec</strong></span> <span class='ocrx_word' id='word_1_702' title='bbox 1861 4784 1956 4826; x_wconf 88' lang='lat' dir='ltr'><strong>vo-</strong></span> 
     </span>
    </p>
   </div>
   <div class='ocr_carea' id='block_1_94' title="bbox 386 4835 1960 4922">
    <p class='ocr_par' dir='ltr' id='par_1_94' title="bbox 386 4835 1960 4922">
     <span class='ocr_line' id='line_1_94' title="bbox 386 4835 1960 4922; baseline 0.019 -34"><span class='ocrx_word' id='word_1_703' title='bbox 386 4835 648 4893; x_wconf 90' lang='lat' dir='ltr'><strong>luntatem</strong></span> <span class='ocrx_word' id='word_1_704' title='bbox 685 4851 828 4897; x_wconf 90' lang='lat' dir='ltr'><strong>tuam</strong></span> <span class='ocrx_word' id='word_1_705' title='bbox 861 4845 1291 4915; x_wconf 90' lang='lat' dir='ltr'><strong>imprudentibus</strong></span> <span class='ocrx_word' id='word_1_706' title='bbox 1321 4853 1644 4922; x_wconf 79' lang='lat' dir='ltr'><strong>patefacere.</strong></span> <span class='ocrx_word' id='word_1_707' title='bbox 1689 4856 1864 4916; x_wconf 78' lang='lat' dir='ltr'><strong>Nosce</strong></span> <span class='ocrx_word' id='word_1_708' title='bbox 1906 4872 1960 4918; x_wconf 90' lang='lat' dir='ltr'><strong>te</strong></span> 
     </span>
    </p>
   </div>
   <div class='ocr_carea' id='block_1_95' title="bbox 385 4926 1955 5023">
    <p class='ocr_par' dir='ltr' id='par_1_95' title="bbox 385 4926 1955 5023">
     <span class='ocr_line' id='line_1_95' title="bbox 385 4926 1955 5023; baseline 0.017 -41"><span class='ocrx_word' id='word_1_709' title='bbox 385 4926 587 4998; x_wconf 90' lang='lat' dir='ltr'><strong>ipsum,</strong></span> <span class='ocrx_word' id='word_1_710' title='bbox 621 4940 676 4986; x_wconf 90' lang='lat' dir='ltr'><strong>et</strong></span> <span class='ocrx_word' id='word_1_711' title='bbox 710 4947 828 5003; x_wconf 66' lang='lat' dir='ltr'><strong>quas</strong></span> <span class='ocrx_word' id='word_1_712' title='bbox 859 4935 951 4990; x_wconf 87' lang='lat' dir='ltr'><strong>tibi</strong></span> <span class='ocrx_word' id='word_1_713' title='bbox 991 4940 1300 5007; x_wconf 89' lang='lat' dir='ltr'><strong>perniciosa</strong></span> <span class='ocrx_word' id='word_1_714' title='bbox 1330 4954 1475 5012; x_wconf 87' lang='lat' dir='ltr'><strong>sunt,</strong></span> <span class='ocrx_word' id='word_1_715' title='bbox 1515 4961 1665 5004; x_wconf 89' lang='lat' dir='ltr'><strong>cave.</strong></span> <span class='ocrx_word' id='word_1_716' title='bbox 1694 4949 1796 5018; x_wconf 89' lang='lat' dir='ltr'><strong>Qui</strong></span> <span class='ocrx_word' id='word_1_717' title='bbox 1823 4968 1955 5023; x_wconf 87' lang='lat' dir='ltr'><strong>pro-</strong></span> 
     </span>
    </p>
   </div>
   <div class='ocr_carea' id='block_1_96' title="bbox 388 5021 1953 5112">
    <p class='ocr_par' dir='ltr' id='par_1_96' title="bbox 388 5021 1953 5112">
     <span class='ocr_line' id='line_1_96' title="bbox 388 5021 1953 5112; baseline 0.019 -40"><span class='ocrx_word' id='word_1_718' title='bbox 388 5021 506 5090; x_wconf 89' lang='lat' dir='ltr'><strong>pria</strong></span> <span class='ocrx_word' id='word_1_719' title='bbox 532 5023 767 5082; x_wconf 83' lang='lat' dir='ltr'><strong>confisus</strong></span> <span class='ocrx_word' id='word_1_720' title='bbox 789 5027 994 5097; x_wconf 90' lang='lat' dir='ltr'><strong>justitia</strong></span> <span class='ocrx_word' id='word_1_721' title='bbox 1031 5032 1361 5091; x_wconf 88' lang='lat' dir='ltr'><strong>voluntatem</strong></span> <span class='ocrx_word' id='word_1_722' title='bbox 1394 5039 1736 5110; x_wconf 89' lang='lat' dir='ltr'><strong>amplectitur</strong></span> <span class='ocrx_word' id='word_1_723' title='bbox 1778 5021 1953 5112; x_wconf 85' lang='lat' dir='ltr'><strong>suam,</strong></span> 
     </span>
    </p>
   </div>
   <div class='ocr_carea' id='block_1_97' title="bbox 385 5115 1952 5206">
    <p class='ocr_par' dir='ltr' id='par_1_97' title="bbox 385 5115 1952 5206">
     <span class='ocr_line' id='line_1_97' title="bbox 385 5115 1952 5206; baseline 0.017 -39"><span class='ocrx_word' id='word_1_724' title='bbox 385 5129 488 5168; x_wconf 85' lang='lat' dir='ltr'><strong>nec</strong></span> <span class='ocrx_word' id='word_1_725' title='bbox 541 5115 713 5173; x_wconf 88' lang='lat' dir='ltr'><strong>hostis</strong></span> <span class='ocrx_word' id='word_1_726' title='bbox 782 5120 1008 5177; x_wconf 83' lang='lat' dir='ltr'><strong>insidias</strong></span> <span class='ocrx_word' id='word_1_727' title='bbox 1048 5123 1283 5196; x_wconf 71' lang='lat' dir='ltr'><strong>effugere.</strong></span> <span class='ocrx_word' id='word_1_728' title='bbox 1339 5139 1540 5199; x_wconf 89' lang='lat' dir='ltr'><strong>potest,</strong></span> <span class='ocrx_word' id='word_1_729' title='bbox 1584 5149 1687 5190; x_wconf 90' lang='lat' dir='ltr'><strong>nec</strong></span> <span class='ocrx_word' id='word_1_730' title='bbox 1711 5138 1952 5206; x_wconf 88' lang='lat' dir='ltr'><strong>quietem</strong></span> 
     </span>
    </p>
   </div>
   <div class='ocr_carea' id='block_1_98' title="bbox 381 5206 1947 5295">
    <p class='ocr_par' dir='ltr' id='par_1_98' title="bbox 381 5206 1947 5295">
     <span class='ocr_line' id='line_1_98' title="bbox 381 5206 1947 5295; baseline 0.017 -37"><span class='ocrx_word' id='word_1_731' title='bbox 381 5206 644 5276; x_wconf 85' lang='lat' dir='ltr'><strong>invenire,</strong></span> <span class='ocrx_word' id='word_1_732' title='bbox 681 5225 777 5268; x_wconf 89' lang='lat' dir='ltr'><strong>nec</strong></span> <span class='ocrx_word' id='word_1_733' title='bbox 823 5229 942 5284; x_wconf 86' lang='lat' dir='ltr'><strong>quae</strong></span> <span class='ocrx_word' id='word_1_734' title='bbox 980 5216 1080 5272; x_wconf 87' lang='lat' dir='ltr'><strong>sibi</strong></span> <span class='ocrx_word' id='word_1_735' title='bbox 1113 5220 1305 5274; x_wconf 86' lang='lat' dir='ltr'><strong>desunt</strong></span> <span class='ocrx_word' id='word_1_736' title='bbox 1338 5223 1651 5295; x_wconf 88' lang='lat' dir='ltr'><strong>intelligere,</strong></span> <span class='ocrx_word' id='word_1_737' title='bbox 1695 5243 1794 5283; x_wconf 89' lang='lat' dir='ltr'><strong>nec</strong></span> <span class='ocrx_word' id='word_1_738' title='bbox 1825 5245 1947 5284; x_wconf 88' lang='lat' dir='ltr'><strong>cum</strong></span> 
     </span>
    </p>
   </div>
   <div class='ocr_carea' id='block_1_99' title="bbox 376 5304 1943 5391">
    <p class='ocr_par' dir='ltr' id='par_1_99' title="bbox 376 5304 1943 5391">
     <span class='ocr_line' id='line_1_99' title="bbox 376 5304 1943 5391; baseline 0.02 -40"><span class='ocrx_word' id='word_1_739' title='bbox 376 5311 410 5352; x_wconf 91' lang='lat' dir='ltr'><strong>e</strong></span> <span class='ocrx_word' id='word_1_740' title='bbox 444 5313 672 5369; x_wconf 86' lang='lat' dir='ltr'><strong>corpore</strong></span> <span class='ocrx_word' id='word_1_741' title='bbox 727 5304 973 5376; x_wconf 88' lang='lat' dir='ltr'><strong>discedit,</strong></span> <span class='ocrx_word' id='word_1_742' title='bbox 1032 5311 1457 5372; x_wconf 87' lang='lat' dir='ltr'><strong>misericordiam</strong></span> <span class='ocrx_word' id='word_1_743' title='bbox 1525 5324 1760 5391; x_wconf 87' lang='lat' dir='ltr'><strong>assequi.</strong></span> <span class='ocrx_word' id='word_1_744' title='bbox 1818 5323 1943 5382; x_wconf 80' lang='lat' dir='ltr'><strong>ll:ec</strong></span> 
     </span>
    </p>
   </div>
   <div class='ocr_carea' id='block_1_100' title="bbox 378 5397 1940 5476">
    <p class='ocr_par' dir='ltr' id='par_1_100' title="bbox 378 5397 1940 5476">
     <span class='ocr_line' id='line_1_100' title="bbox 378 5397 1940 5476; baseline 0.019 -31"><span class='ocrx_word' id='word_1_745' title='bbox 378 5405 560 5447; x_wconf 91' lang='lat' dir='ltr'><strong>rerum</strong></span> <span class='ocrx_word' id='word_1_746' title='bbox 590 5397 831 5453; x_wconf 91' lang='lat' dir='ltr'><strong>omnium</strong></span> <span class='ocrx_word' id='word_1_747' title='bbox 867 5414 1100 5468; x_wconf 85' lang='lat' dir='ltr'><strong>summa,</strong></span> <span class='ocrx_word' id='word_1_748' title='bbox 1134 5414 1191 5458; x_wconf 92' lang='lat' dir='ltr'><strong>ut</strong></span> <span class='ocrx_word' id='word_1_749' title='bbox 1222 5420 1344 5476; x_wconf 89' lang='lat' dir='ltr'><strong>spes</strong></span> <span class='ocrx_word' id='word_1_750' title='bbox 1385 5418 1504 5467; x_wconf 91' lang='lat' dir='ltr'><strong>tuas</strong></span> <span class='ocrx_word' id='word_1_751' title='bbox 1533 5427 1720 5470; x_wconf 90' lang='lat' dir='ltr'><strong>omnes</strong></span> <span class='ocrx_word' id='word_1_752' title='bbox 1750 5417 1800 5471; x_wconf 90' lang='lat' dir='ltr'><strong>in</strong></span> <span class='ocrx_word' id='word_1_753' title='bbox 1831 5419 1940 5474; x_wconf 90' lang='lat' dir='ltr'><strong>Deo</strong></span> 
     </span>
    </p>
   </div>
   <div class='ocr_carea' id='block_1_101' title="bbox 376 5485 1939 5569">
    <p class='ocr_par' dir='ltr' id='par_1_101' title="bbox 376 5485 1939 5569">
     <span class='ocr_line' id='line_1_101' title="bbox 376 5485 1939 5569; baseline 0.021 -33"><span class='ocrx_word' id='word_1_754' title='bbox 376 5485 581 5554; x_wconf 85' lang='lat' dir='ltr'><strong>positas</strong></span> <span class='ocrx_word' id='word_1_755' title='bbox 624 5488 846 5557; x_wconf 89' lang='lat' dir='ltr'><strong>habeas,</strong></span> <span class='ocrx_word' id='word_1_756' title='bbox 894 5492 960 5547; x_wconf 89' lang='lat' dir='ltr'><strong>ad</strong></span> <span class='ocrx_word' id='word_1_757' title='bbox 1013 5510 1246 5567; x_wconf 88' lang='lat' dir='ltr'><strong>eumque</strong></span> <span class='ocrx_word' id='word_1_758' title='bbox 1279 5509 1390 5558; x_wconf 92' lang='lat' dir='ltr'><strong>toto</strong></span> <span class='ocrx_word' id='word_1_759' title='bbox 1433 5506 1596 5563; x_wconf 87' lang='lat' dir='ltr'><strong>corde</strong></span> <span class='ocrx_word' id='word_1_760' title='bbox 1637 5524 1701 5565; x_wconf 88' lang='lat' dir='ltr'><strong>ac</strong></span> <span class='ocrx_word' id='word_1_761' title='bbox 1734 5512 1939 5569; x_wconf 91' lang='lat' dir='ltr'><strong>viribus</strong></span> 
     </span>
    </p>
   </div>
   <div class='ocr_carea' id='block_1_102' title="bbox 2070 4550 3645 4634">
    <p class='ocr_par' dir='ltr' id='par_1_102' title="bbox 2070 4550 3645 4634">
     <span class='ocr_line' id='line_1_102' title="bbox 2070 4550 3645 4634; baseline 0.01 -31"><span class='ocrx_word' id='word_1_762' title='bbox 2070 4550 2184 4604; x_wconf 88' lang='lat' dir='ltr'><strong>sive</strong></span> <span class='ocrx_word' id='word_1_763' title='bbox 2215 4553 2342 4620; x_wconf 88' lang='lat' dir='ltr'><strong>quid</strong></span> <span class='ocrx_word' id='word_1_764' title='bbox 2394 4554 2695 4625; x_wconf 85' lang='lat' dir='ltr'><strong>elegantius</strong></span> <span class='ocrx_word' id='word_1_765' title='bbox 2741 4567 2833 4612; x_wconf 92' lang='lat' dir='ltr'><strong>aut</strong></span> <span class='ocrx_word' id='word_1_766' title='bbox 2871 4559 3162 4628; x_wconf 90' lang='lat' dir='ltr'><strong>pretiosius</strong></span> <span class='ocrx_word' id='word_1_767' title='bbox 3204 4562 3414 4617; x_wconf 90' lang='lat' dir='ltr'><strong>occulte</strong></span> <span class='ocrx_word' id='word_1_768' title='bbox 3464 4563 3645 4634; x_wconf 85' lang='lat' dir='ltr'><strong>possi-</strong></span> 
     </span>
    </p>
   </div>
   <div class='ocr_carea' id='block_1_103' title="bbox 2068 4643 3645 4713">
    <p class='ocr_par' dir='ltr' id='par_1_103' title="bbox 2068 4643 3645 4713">
     <span class='ocr_line' id='line_1_103' title="bbox 2068 4643 3645 4713; baseline 0.008 -14"><span class='ocrx_word' id='word_1_769' title='bbox 2068 4643 2216 4710; x_wconf 89' lang='lat' dir='ltr'><strong>deas,</strong></span> <span class='ocrx_word' id='word_1_770' title='bbox 2251 4647 2342 4701; x_wconf 92' lang='lat' dir='ltr'><strong>Dei</strong></span> <span class='ocrx_word' id='word_1_771' title='bbox 2388 4647 2580 4704; x_wconf 84' lang='lat' dir='ltr'><strong>Filium</strong></span> <span class='ocrx_word' id='word_1_772' title='bbox 2626 4649 2794 4707; x_wconf 79' lang='lat' dir='ltr'><strong>amcis</strong></span> <span class='ocrx_word' id='word_1_773' title='bbox 2832 4653 3181 4713; x_wconf 88' lang='lat' dir='ltr'><strong>contumelia.</strong></span> <span class='ocrx_word' id='word_1_774' title='bbox 3228 4655 3461 4710; x_wconf 81' lang='lat' dir='ltr'><strong>Tantine</strong></span> <span class='ocrx_word' id='word_1_775' title='bbox 3518 4667 3645 4711; x_wconf 88' lang='lat' dir='ltr'><strong>sunt</strong></span> 
     </span>
    </p>
   </div>
   <div class='ocr_carea' id='block_1_104' title="bbox 2067 4737 3639 4819">
    <p class='ocr_par' dir='ltr' id='par_1_104' title="bbox 2067 4737 3639 4819">
     <span class='ocr_line' id='line_1_104' title="bbox 2067 4737 3639 4819; baseline 0.009 -29"><span class='ocrx_word' id='word_1_776' title='bbox 2067 4737 2204 4803; x_wconf 69' lang='lat' dir='ltr'><strong>litae,</strong></span> <span class='ocrx_word' id='word_1_777' title='bbox 2241 4739 2458 4810; x_wconf 90' lang='lat' dir='ltr'><strong>quidam</strong></span> <span class='ocrx_word' id='word_1_778' title='bbox 2492 4743 2685 4814; x_wconf 91' lang='lat' dir='ltr'><strong>inquit,</strong></span> <span class='ocrx_word' id='word_1_779' title='bbox 2721 4761 2754 4801; x_wconf 96' lang='lat' dir='ltr'><strong>o</strong></span> <span class='ocrx_word' id='word_1_780' title='bbox 2799 4746 2996 4802; x_wconf 90' lang='lat' dir='ltr'><strong>Pater!</strong></span> <span class='ocrx_word' id='word_1_781' title='bbox 3052 4748 3150 4803; x_wconf 90' lang='lat' dir='ltr'><strong>Cui</strong></span> <span class='ocrx_word' id='word_1_782' title='bbox 3176 4748 3263 4803; x_wconf 90' lang='lat' dir='ltr'><strong>ille</strong></span> <span class='ocrx_word' id='word_1_783' title='bbox 3312 4751 3590 4819; x_wconf 87' lang='lat' dir='ltr'><strong>respondit</strong></span> <span class='ocrx_word' id='word_1_784' title='bbox 3624 4768 3639 4804; x_wconf 91' lang='lat'><strong>:</strong></span> 
     </span>
    </p>
   </div>
   <div class='ocr_carea' id='block_1_105' title="bbox 2065 4827 3641 4911">
    <p class='ocr_par' dir='ltr' id='par_1_105' title="bbox 2065 4827 3641 4911">
     <span class='ocr_line' id='line_1_105' title="bbox 2065 4827 3641 4911; baseline 0.009 -28"><span class='ocrx_word' id='word_1_785' title='bbox 2065 4827 2526 4894; x_wconf 88' lang='lat' dir='ltr'><strong>Quemadmodum</strong></span> <span class='ocrx_word' id='word_1_786' title='bbox 2550 4838 2640 4906; x_wconf 91' lang='lat' dir='ltr'><strong>qui</strong></span> <span class='ocrx_word' id='word_1_787' title='bbox 2669 4838 2884 4895; x_wconf 88' lang='lat' dir='ltr'><strong>defosso</strong></span> <span class='ocrx_word' id='word_1_788' title='bbox 2906 4841 3112 4910; x_wconf 88' lang='lat' dir='ltr'><strong>pariete</strong></span> <span class='ocrx_word' id='word_1_789' title='bbox 3140 4842 3424 4911; x_wconf 89' lang='lat' dir='ltr'><strong>pecuniam</strong></span> <span class='ocrx_word' id='word_1_790' title='bbox 3461 4843 3641 4897; x_wconf 87' lang='lat' dir='ltr'><strong>subri-</strong></span> 
     </span>
    </p>
   </div>
   <div class='ocr_carea' id='block_1_106' title="bbox 2065 4924 3636 5004">
    <p class='ocr_par' dir='ltr' id='par_1_106' title="bbox 2065 4924 3636 5004">
     <span class='ocr_line' id='line_1_106' title="bbox 2065 4924 3636 5004; baseline 0.009 -28"><span class='ocrx_word' id='word_1_791' title='bbox 2065 4924 2201 4993; x_wconf 88' lang='lat' dir='ltr'><strong>puit,</strong></span> <span class='ocrx_word' id='word_1_792' title='bbox 2230 4941 2261 4979; x_wconf 91' lang='lat' dir='ltr'><strong>a</strong></span> <span class='ocrx_word' id='word_1_793' title='bbox 2293 4926 2505 4983; x_wconf 87' lang='lat' dir='ltr'><strong>diabolo</strong></span> <span class='ocrx_word' id='word_1_794' title='bbox 2536 4928 2793 5000; x_wconf 89' lang='lat' dir='ltr'><strong>deceptus</strong></span> <span class='ocrx_word' id='word_1_795' title='bbox 2823 4943 2940 5000; x_wconf 88' lang='lat' dir='ltr'><strong>est;</strong></span> <span class='ocrx_word' id='word_1_796' title='bbox 2973 4934 3051 4989; x_wconf 90' lang='lat' dir='ltr'><strong>sic</strong></span> <span class='ocrx_word' id='word_1_797' title='bbox 3071 4943 3125 4989; x_wconf 90' lang='lat' dir='ltr'><strong>et</strong></span> <span class='ocrx_word' id='word_1_798' title='bbox 3155 4935 3202 4989; x_wconf 91' lang='lat' dir='ltr'><strong>is</strong></span> <span class='ocrx_word' id='word_1_799' title='bbox 3237 4935 3324 5004; x_wconf 87' lang='lat' dir='ltr'><strong>qui</strong></span> <span class='ocrx_word' id='word_1_800' title='bbox 3359 4935 3462 4990; x_wconf 93' lang='lat' dir='ltr'><strong>hoc</strong></span> <span class='ocrx_word' id='word_1_801' title='bbox 3486 4935 3636 5001; x_wconf 83' lang='lat' dir='ltr'><strong>facit;</strong></span> 
     </span>
    </p>
   </div>
   <div class='ocr_carea' id='block_1_107' title="bbox 2065 5018 3636 5097">
    <p class='ocr_par' dir='ltr' id='par_1_107' title="bbox 2065 5018 3636 5097">
     <span class='ocr_line' id='line_1_107' title="bbox 2065 5018 3636 5097; baseline 0.009 -29"><span class='ocrx_word' id='word_1_802' title='bbox 2065 5030 2190 5070; x_wconf 87' lang='lat' dir='ltr'><strong>nam</strong></span> <span class='ocrx_word' id='word_1_803' title='bbox 2222 5018 2312 5086; x_wconf 90' lang='lat' dir='ltr'><strong>qui</strong></span> <span class='ocrx_word' id='word_1_804' title='bbox 2360 5019 2506 5075; x_wconf 91' lang='lat' dir='ltr'><strong>illum</strong></span> <span class='ocrx_word' id='word_1_805' title='bbox 2551 5023 2701 5090; x_wconf 88' lang='lat' dir='ltr'><strong>vicit,</strong></span> <span class='ocrx_word' id='word_1_806' title='bbox 2733 5025 2899 5080; x_wconf 88' lang='lat' dir='ltr'><strong>vincit</strong></span> <span class='ocrx_word' id='word_1_807' title='bbox 2943 5036 3000 5082; x_wconf 90' lang='lat' dir='ltr'><strong>et</strong></span> <span class='ocrx_word' id='word_1_808' title='bbox 3031 5027 3210 5094; x_wconf 87' lang='lat' dir='ltr'><strong>hunc;</strong></span> <span class='ocrx_word' id='word_1_809' title='bbox 3239 5038 3293 5080; x_wconf 91' lang='lat' dir='ltr'><strong>et</strong></span> <span class='ocrx_word' id='word_1_810' title='bbox 3320 5028 3412 5096; x_wconf 90' lang='lat' dir='ltr'><strong>qui</strong></span> <span class='ocrx_word' id='word_1_811' title='bbox 3457 5029 3636 5097; x_wconf 81' lang='lat' dir='ltr'><strong>parvis</strong></span> 
     </span>
    </p>
   </div>
   <div class='ocr_carea' id='block_1_108' title="bbox 2065 5106 3634 5188">
    <p class='ocr_par' dir='ltr' id='par_1_108' title="bbox 2065 5106 3634 5188">
     <span class='ocr_line' id='line_1_108' title="bbox 2065 5106 3634 5188; baseline 0.008 -29"><span class='ocrx_word' id='word_1_812' title='bbox 2065 5106 2117 5160; x_wconf 92' lang='lat' dir='ltr'><strong>in</strong></span> <span class='ocrx_word' id='word_1_813' title='bbox 2154 5108 2314 5164; x_wconf 89' lang='lat' dir='ltr'><strong>rebus</strong></span> <span class='ocrx_word' id='word_1_814' title='bbox 2349 5112 2602 5178; x_wconf 88' lang='lat' dir='ltr'><strong>vincitur,</strong></span> <span class='ocrx_word' id='word_1_815' title='bbox 2664 5115 2719 5169; x_wconf 91' lang='lat' dir='ltr'><strong>in</strong></span> <span class='ocrx_word' id='word_1_816' title='bbox 2763 5117 2974 5186; x_wconf 84' lang='lat' dir='ltr'><strong>magnis</strong></span> <span class='ocrx_word' id='word_1_817' title='bbox 3019 5119 3184 5173; x_wconf 88' lang='lat' dir='ltr'><strong>etiam</strong></span> <span class='ocrx_word' id='word_1_818' title='bbox 3229 5130 3535 5188; x_wconf 85' lang='lat' dir='ltr'><strong>superatur.</strong></span> <span class='ocrx_word' id='word_1_819' title='bbox 3578 5117 3634 5172; x_wconf 89' lang='lat' dir='ltr'><strong>Si</strong></span> 
     </span>
    </p>
   </div>
   <div class='ocr_carea' id='block_1_109' title="bbox 2063 5200 3629 5278">
    <p class='ocr_par' dir='ltr' id='par_1_109' title="bbox 2063 5200 3629 5278">
     <span class='ocr_line' id='line_1_109' title="bbox 2063 5200 3629 5278; baseline 0.009 -29"><span class='ocrx_word' id='word_1_820' title='bbox 2063 5201 2203 5268; x_wconf 87' lang='lat' dir='ltr'><strong>quis,</strong></span> <span class='ocrx_word' id='word_1_821' title='bbox 2239 5200 2435 5272; x_wconf 91' lang='lat' dir='ltr'><strong>inquit,</strong></span> <span class='ocrx_word' id='word_1_822' title='bbox 2475 5204 2702 5262; x_wconf 90' lang='lat' dir='ltr'><strong>virtutes</strong></span> <span class='ocrx_word' id='word_1_823' title='bbox 2730 5222 2951 5278; x_wconf 88' lang='lat' dir='ltr'><strong>magnas</strong></span> <span class='ocrx_word' id='word_1_824' title='bbox 2980 5209 3170 5266; x_wconf 88' lang='lat' dir='ltr'><strong>fecerit</strong></span> <span class='ocrx_word' id='word_1_825' title='bbox 3202 5220 3257 5265; x_wconf 88' lang='lat' dir='ltr'><strong>et</strong></span> <span class='ocrx_word' id='word_1_826' title='bbox 3298 5212 3629 5276; x_wconf 82' lang='lat' dir='ltr'><strong>curationes,</strong></span> 
     </span>
    </p>
   </div>
   <div class='ocr_carea' id='block_1_110' title="bbox 2059 5311 3629 5369">
    <p class='ocr_par' dir='ltr' id='par_1_110' title="bbox 2059 5311 3629 5369">
     <span class='ocr_line' id='line_1_110' title="bbox 2059 5311 3629 5369; baseline 0.004 -8"><span class='ocrx_word' id='word_1_827' title='bbox 2059 5316 2112 5361; x_wconf 90' lang='lat' dir='ltr'><strong>et</strong></span> <span class='ocrx_word' id='word_1_828' title='bbox 2142 5319 2356 5363; x_wconf 90' lang='lat' dir='ltr'><strong>omnem</strong></span> <span class='ocrx_word' id='word_1_829' title='bbox 2387 5311 2668 5367; x_wconf 89' lang='lat' dir='ltr'><strong>scientiam</strong></span> <span class='ocrx_word' id='word_1_830' title='bbox 2711 5312 2964 5368; x_wconf 91' lang='lat' dir='ltr'><strong>habuerit</strong></span> <span class='ocrx_word' id='word_1_831' title='bbox 2995 5322 3049 5369; x_wconf 92' lang='lat' dir='ltr'><strong>et</strong></span> <span class='ocrx_word' id='word_1_832' title='bbox 3103 5322 3342 5369; x_wconf 89' lang='lat' dir='ltr'><strong>mortuos</strong></span> <span class='ocrx_word' id='word_1_833' title='bbox 3395 5315 3629 5368; x_wconf 88' lang='lat' dir='ltr'><strong>suscita-</strong></span> 
     </span>
    </p>
   </div>
   <div class='ocr_carea' id='block_1_111' title="bbox 2058 5399 3626 5477">
    <p class='ocr_par' dir='ltr' id='par_1_111' title="bbox 2058 5399 3626 5477">
     <span class='ocr_line' id='line_1_111' title="bbox 2058 5399 3626 5477; baseline 0.005 -28"><span class='ocrx_word' id='word_1_834' title='bbox 2058 5399 2215 5466; x_wconf 93' lang='lat' dir='ltr'><strong>verit,</strong></span> <span class='ocrx_word' id='word_1_835' title='bbox 2246 5409 2300 5456; x_wconf 94' lang='lat' dir='ltr'><strong>et</strong></span> <span class='ocrx_word' id='word_1_836' title='bbox 2338 5402 2591 5459; x_wconf 85' lang='lat' dir='ltr'><strong>aﬂlixerit</strong></span> <span class='ocrx_word' id='word_1_837' title='bbox 2622 5420 2821 5477; x_wconf 88' lang='lat' dir='ltr'><strong>corpus</strong></span> <span class='ocrx_word' id='word_1_838' title='bbox 2851 5421 3031 5473; x_wconf 89' lang='lat' dir='ltr'><strong>suum,</strong></span> <span class='ocrx_word' id='word_1_839' title='bbox 3073 5405 3482 5460; x_wconf 70' lang='lat' dir='ltr'><strong>viderit&#39;autem</strong></span> <span class='ocrx_word' id='word_1_840' title='bbox 3531 5403 3626 5458; x_wconf 88' lang='lat' dir='ltr'><strong>ali-</strong></span> 
     </span>
    </p>
   </div>
   <div class='ocr_carea' id='block_1_112' title="bbox 2053 5507 3624 5579">
    <p class='ocr_par' dir='ltr' id='par_1_112' title="bbox 2053 5507 3624 5579">
     <span class='ocr_line' id='line_1_112' title="bbox 2053 5507 3624 5579; baseline 0.003 -23"><span class='ocrx_word' id='word_1_841' title='bbox 2053 5519 2212 5573; x_wconf 90' lang='lat' dir='ltr'><strong>quem</strong></span> <span class='ocrx_word' id='word_1_842' title='bbox 2249 5507 2300 5561; x_wconf 93' lang='lat' dir='ltr'><strong>in</strong></span> <span class='ocrx_word' id='word_1_843' title='bbox 2335 5511 2572 5579; x_wconf 88' lang='lat' dir='ltr'><strong>peccatis</strong></span> <span class='ocrx_word' id='word_1_844' title='bbox 2603 5511 2854 5567; x_wconf 88' lang='lat' dir='ltr'><strong>omnibus</strong></span> <span class='ocrx_word' id='word_1_845' title='bbox 2889 5519 3219 5573; x_wconf 84' lang='lat' dir='ltr'><strong>versantem,</strong></span> <span class='ocrx_word' id='word_1_846' title='bbox 3272 5521 3506 5577; x_wconf 90' lang='lat' dir='ltr'><strong>eumque</strong></span> <span class='ocrx_word' id='word_1_847' title='bbox 3535 5507 3624 5560; x_wconf 87' lang='lat' dir='ltr'><strong>dc-</strong></span> 
     </span>
    </p>
   </div>
   <div class='ocr_carea' id='block_1_113' title="bbox 373 5579 3618 5678">
    <p class='ocr_par' dir='ltr' id='par_1_113' title="bbox 373 5579 3618 5678">
     <span class='ocr_line' id='line_1_113' title="bbox 373 5579 3618 5678; baseline 0.008 -45"><span class='ocrx_word' id='word_1_848' title='bbox 373 5579 483 5635; x_wconf 77' lang='lat' dir='ltr'><strong>tuis</strong></span> <span class='ocrx_word' id='word_1_849' title='bbox 511 5582 810 5654; x_wconf 84' lang='lat' dir='ltr'><strong>confugias,</strong></span> <span class='ocrx_word' id='word_1_850' title='bbox 850 5593 905 5641; x_wconf 89' lang='lat' dir='ltr'><strong>et</strong></span> <span class='ocrx_word' id='word_1_851' title='bbox 933 5600 1059 5659; x_wconf 87' lang='lat' dir='ltr'><strong>erga</strong></span> <span class='ocrx_word' id='word_1_852' title='bbox 1100 5603 1288 5649; x_wconf 90' lang='lat' dir='ltr'><strong>omnes</strong></span> <span class='ocrx_word' id='word_1_853' title='bbox 1316 5596 1626 5657; x_wconf 89' lang='lat' dir='ltr'><strong>misericors</strong></span> <span class='ocrx_word' id='word_1_854' title='bbox 1651 5603 1750 5673; x_wconf 88' lang='lat' dir='ltr'><strong>sis,</strong></span> <span class='ocrx_word' id='word_1_855' title='bbox 1777 5615 1940 5677; x_wconf 89' lang='lat' dir='ltr'><strong>atque</strong></span> <span class='ocrx_word' id='word_1_856' title='bbox 2051 5601 2322 5670; x_wconf 84' lang='lat' dir='ltr'><strong>spexerit,</strong></span> <span class='ocrx_word' id='word_1_857' title='bbox 2354 5617 2416 5662; x_wconf 85' lang='lat' dir='ltr'><strong>ea</strong></span> <span class='ocrx_word' id='word_1_858' title='bbox 2448 5606 2582 5662; x_wconf 89' lang='lat' dir='ltr'><strong>nihil</strong></span> <span class='ocrx_word' id='word_1_859' title='bbox 2618 5605 2667 5664; x_wconf 91' lang='lat' dir='ltr'><strong>ei</strong></span> <span class='ocrx_word' id='word_1_860' title='bbox 2708 5608 3024 5678; x_wconf 84' lang='lat' dir='ltr'><strong>proderunt,</strong></span> <span class='ocrx_word' id='word_1_861' title='bbox 3063 5604 3189 5677; x_wconf 87' lang='lat' dir='ltr'><strong>quia</strong></span> <span class='ocrx_word' id='word_1_862' title='bbox 3217 5603 3420 5660; x_wconf 83' lang='lat' dir='ltr'><strong>Christi</strong></span> <span class='ocrx_word' id='word_1_863' title='bbox 3454 5616 3618 5659; x_wconf 85' lang='lat' dir='ltr'><strong>mem-</strong></span> 
     </span>
    </p>
   </div>
   <div class='ocr_carea' id='block_1_114' title="bbox 454 5739 1586 5818">
    <p class='ocr_par' dir='ltr' id='par_1_114' title="bbox 454 5739 1586 5818">
     <span class='ocr_line' id='line_1_114' title="bbox 454 5739 1586 5818; baseline 0.021 -24"><span class='ocrx_word' id='word_1_864' title='bbox 454 5739 500 5775; x_wconf 76' lang='lat'><strong><em>&quot;</em></strong></span> <span class='ocrx_word' id='word_1_865' title='bbox 535 5740 664 5798; x_wconf 87' lang='lat' dir='ltr'><strong>Luc.</strong></span> <span class='ocrx_word' id='word_1_866' title='bbox 693 5759 850 5810; x_wconf 75' lang='lat' dir='ltr'><strong>um,</strong></span> <span class='ocrx_word' id='word_1_867' title='bbox 877 5744 967 5803; x_wconf 69' lang='grc'><strong>45.</strong></span> <span class='ocrx_word' id='word_1_868' title='bbox 1042 5749 1110 5782; x_wconf 80' lang='grc'><strong>⁵²⁶</strong></span> <span class='ocrx_word' id='word_1_869' title='bbox 1140 5750 1316 5808; x_wconf 82' lang='lat' dir='ltr'><strong>Locus</strong></span> <span class='ocrx_word' id='word_1_870' title='bbox 1342 5755 1586 5818; x_wconf 84' lang='lat' dir='ltr'><strong>mutilus.</strong></span> 
     </span>
    </p>
   </div>
  </div>
