3862 6340
75 318 102 374 l
119 317 226 375 l3?)

1172 307 1230 364 S.
1270 303 1477 362 ISAUE
1512 304 1806 362 ABBATIS
1843 302 2263 361 ORATIONES.

3244 304 3382 360 Ηῦδ

74 448 180 498 bra
225 435 563 503 contemnit,
608 445 782 505 eaque
837 429 951 502 ipse
991 429 1226 501 iudicat,
1277 445 1377 486 nec
1436 428 1694 499 relinquit
1725 437 1769 494 Α
1801 429 1932 483 tiam
1963 426 2256 491 addixisti,
2286 438 2353 478 ne
2373 422 2522 480 sinas
2553 431 2695 479 cate
2735 422 2897 495 afﬂigi
2943 423 3020 497 (4)
3049 427 3378 495 cognitione.

73 533 305 602 iudicio
338 533 465 588 Dei.

154 626 258 680 Vl.
302 623 536 680 Dicebat
570 636 670 677 nos
701 633 894 675 omnes
940 631 1061 674 esse
1109 626 1366 686 tanquam
1418 616 1469 671 in
1505 615 1700 671 medici

77 717 339 784 oﬂicina,
363 717 420 772 iii
450 731 557 787 qua
595 715 683 770 hic
721 712 918 778 oculis,
953 710 1045 766 ille
1079 711 1346 774 manibus,
1379 710 1517 764 alius
1550 710 1704 763 (istu-

77 811 128 863 la
151 851 169 871 ,
209 810 367 864 alius
390 808 500 864 alio
536 807 727 863 morbo
775 805 1021 860 laborat:
1050 817 1282 872 cumque
1312 801 1422 856 sint
1457 800 1701 872 quaedam

81 905 328 957 vulnera
363 900 482 970 jam
531 907 748 963 curata,
802 905 984 952 tamen
1027 895 1130 949 nisi
1165 910 1195 947 a
1227 894 1365 949 cibis
1407 893 1702 948 contrariis

82 1004 395 1063 temperes,
427 990 854 1054 recrudescunt;
912 985 994 1042 sic
1021 986 1112 1056 qui
1137 984 1468 1055 ptenitentite
1496 985 1704 1039 incum-

82 1086 188 1154 bit,
225 1100 361 1140 cum
396 1084 564 1139 alium
587 1082 798 1153 judicat
849 1088 945 1136 aut
986 1078 1308 1141 contemnit,
1349 1078 1542 1132 anima:
1591 1091 1705 1132 suae

87 1187 332 1234 renovat
362 1176 765 1248 aegritudinem.
801 1173 946 1229 Suus
980 1173 1143 1242 igitur
1187 1170 1385 1241 cuique
1431 1171 1704 1226 curandus

86 1281 171 1326 est
217 1271 496 1336 morbus;
528 1283 624 1323 sua
659 1267 853 1336 cuique
901 1264 1129 1335 lugenda
1164 1274 1404 1334 peccata,
1455 1277 1560 1318 non
1604 1278 1705 1317 au-

91 1375 208 1420 tem
260 1364 363 1418 alii
395 1361 752 1431 despiciendi.
797 1359 890 1415 Va:
936 1358 1010 1413 illi
1043 1357 1262 1424 aninne,
1296 1373 1416 1428 quae
1463 1372 1569 1411 non
1607 1355 1704 1411 ab-

89 1457 294 1512 horret
325 1455 396 1509 ab
427 1454 575 1508 omni
621 1451 884 1522 peccato!
921 1448 1058 1505 Cum
1090 1457 1237 1504 esset
1270 1447 1500 1518 populus
1537 1447 1704 1504 lsrael

93 1545 145 1596 in
181 1539 440 1614 .‘Egypto
463 1581 480 1607 ,
521 1540 734 1595 abunde
762 1539 997 1593 edebant
1039 1547 1092 1592 et
1125 1537 1404 1605 bibebant,
1443 1538 1539 1594 sed
1582 1553 1706 1608 pre-

93 1635 401 1689 mebantur
429 1630 734 1685 Pharaonis
785 1629 1088 1697 servitute;
1144 1640 1202 1684 at
1248 1643 1369 1683 cum
1411 1628 1554 1684 Deus
1593 1628 1702 1686 illis

95 1725 253 1782 misit
303 1722 566 1778 auxilium
603 1735 699 1791 per
731 1719 957 1787 Mosem,
1013 1728 1071 1774 ut
1119 1736 1146 1775 a
1188 1719 1455 1775 servitute
1503 1719 1702 1776 libera-

1806 519 1958 589 quasi
1989 527 2230 572 veterum
2275 525 2617 586 peccatorum
2645 515 2858 571 veniam
2900 531 3007 570 non
3051 517 3380 587 impetraris.

1807 610 1990 681 Neque
2021 624 2241 664 rursum
2269 607 2386 678 ejus
2417 608 2671 662 mandata
2709 618 3054 676 contemnas,
3097 621 3154 665 et
3195 611 3261 664 ad
3291 629 3385 665 ea-

1805 707 1926 760 dem
1971 712 2192 774 peccata
2241 701 2554 758 revertaris.
2590 701 2670 756 Ad
2719 713 2949 758 mortem
3001 718 3174 773 usque
3225 719 3381 759 serva

1806 795 1986 850 divina
2023 794 2299 861 mandata,
2333 802 2388 849 et
2416 809 2479 849 ea
2514 810 2790 866 nunquam
2833 796 3067 866 despice.
3102 794 3236 852 Cum
3266 814 3384 849 niu-

1808 889 2032 945 lieribus
2079 889 2258 946 cibum
2289 904 2357 945 ne
2385 890 2590 961 capias,
2640 905 2742 946 nec
2774 889 2872 945 tibi
2922 905 3043 946 cum
3074 890 3386 961 junioribus

1806 981 2149 1037 familiaritas
2179 983 2504 1038 intercedat.
2547 983 2749 1039 Eodem
2811 984 2864 1038 in
2901 983 3098 1040 lectulo
3134 1000 3255 1039 cum
3288 1000 3383 1038 ne-

1804 1073 1951 1153 mine
1976 1073 2234 1130 dormias.
2263 1072 2339 1129 Te
2369 1073 2546 1145 ipsum
2571 1090 2788 1146 quoque
2816 1077 2939 1130 dum
2971 1076 3120 1132 solus
3147 1093 3226 1140 es,
3255 1077 3383 1131 dum

1806 1166 2009 1232 induis,
2039 1173 2134 1221 aut
2158 1166 2334 1233 exuis,
2378 1182 2646 1224 reverere.
2682 1166 2739 1223 Si
2769 1179 2924 1239 urget
2952 1170 3272 1235 necessitas,
3314 1171 3384 1224 ad

1808 1260 2023 1315 tertium
2080 1267 2371 1329 utrumque
2421 1259 2532 1313 vini
2579 1259 2832 1328 poculum
2874 1260 3018 1317 bibe.
3071 1261 3383 1317 Mensurant

1805 1353 1947 1407 hanc
1993 1351 2246 1407 amicitiae
2298 1350 2474 1420 gratia
2529 1351 2802 1407 transilias
2840 1367 2991 1407 cave.
3027 1352 3163 1408 Eum
3199 1368 3267 1408 ne
3304 1354 3388 1407 in-

1804 1445 1954 1500 colas
1985 1443 2188 1508 locum,
2232 1443 2322 1498 tibi
2356 1442 2628 1514 peccando
2655 1443 2822 1499 Deum
2847 1443 3141 1501 oli‘endisti.
3167 1445 3386 1502 Oratio-

1804 1534 1889 1590 nis
1918 1534 2157 1589 studium
2203 1533 2314 1590 noli
2363 1534 2662 1602 remittere,
2709 1552 2777 1590 ne
2826 1535 3035 1593 incidas
3085 1539 3138 1592 in
3193 1553 3388 1594 manus

1803 1625 2148 1681 inimicorum
2185 1635 2420 1682 tuorum.
2476 1625 2812 1682 Psalmorum
2859 1627 3111 1684 incumbe
3164 1630 3386 1685 medita-

1803 1717 1965 1784 tioni;
1999 1732 2063 1772 ea
2106 1717 2250 1773 enim
2293 1726 2346 1774 te
2393 1718 2445 1772 in
2484 1718 2797 1774 innocentia
2828 1720 3144 1776 continebit.
3177 1719 3387 1790 Corpo-

95 1827 321 1883 rentur,
355 1825 482 1870 tunc
517 1813 792 1868 laboribus
838 1810 1021 1866 alilicti
1053 1822 1204 1876 sunt,
1233 1827 1334 1866 nec
1374 1812 1526 1882 prius
1553 1810 1700 1882 Μογ-
1735 1807 1778 1864 Β
1814 1812 1890 1866 ris
1943 1809 2261 1866 alilictiones
2311 1811 2665 1882 amplectere,
2716 1821 2772 1868 et
2820 1814 2948 1869 vitia
3001 1814 3387 1885 reprimentur.

102 1922 196 1964 ses
233 1903 490 1962 conlisus
521 1913 623 1969 est,
655 1901 903 1972 quamvis
935 1899 1148 1956 Pharao
1182 1900 1348 1956 variis
1383 1900 1556 1970 plagis
1586 1899 1705 1955 alli-

97 2009 352 2064 ceretur,
383 2012 548 2066 quam
584 2005 794 2064 tempus
827 1993 956 2049 illud
983 1993 1221 2056 advenit,
1249 2009 1368 2048 cum
1400 1993 1542 2050 Deus
1566 1993 1702 2049 dixit

98 2088 178 2144 illi
209 2109 226 2146 :
267 2089 458 2143 Adhuc
486 2104 590 2141 una
625 2096 785 2142 restat
813 2087 990 2157 plaga,
1029 2097 1077 2141 et
1121 2103 1244 2140 mox
1280 2084 1497 2141 Pharao
1534 2088 1707 2142 diruit-

97 2198 169 2239 m
198 2187 461 2254 populant
505 2200 696 2238 meum.
729 2181 1060 2251 Inter/icium
1102 2185 1237 2238 enim
1269 2199 1420 2238 omne
1451 2183 1707 2254 primoge-

102 2279 301 2332 nitum.
348 2275 414 2329 Et
443 2275 577 2331 dixit
613 2274 755 2331 Deus
796 2275 864 2330 ad
908 2273 1152 2330 Mosem:
1195 2274 1350 2329 Dices
1381 2275 1523 2328 omni
1546 2274 1702 2341 plebi,

103 2382 158 2423 ut
183 2369 421 2439 postulet
453 2369 532 2424 vir
568 2369 633 2422 ab
670 2368 841 2422 amico
874 2383 991 2436 suo,
1022 2378 1069 2421 et
1111 2368 1302 2421 mulier
1330 2383 1356 2421 ε
1399 2367 1570 2422 vicina
1609 2383 1707 2420 sua

98 2479 235 2518 vasa
286 2471 537 2534 argentea
583 2471 628 2516 et
685 2479 878 2526 aurea,
943 2469 1232 2531 vestemque
1291 2459 1577 2530 plurimam
1635 2461 1702 2513 “.

109 2553 343 2608 Dicebat
375 2553 540 2620 igitur
579 2566 636 2607 se
664 2567 693 2606 a
722 2551 1032 2606 senioribus
1061 2551 1334 2606 audivisse
1363 2566 1490 2607 vasa
1511 2566 1705 2622 argen-

108 2655 222 2712 tea,
254 2655 310 2699 et
335 2659 527 2715 aurea,
554 2661 618 2700 ae
651 2653 856 2699 vestem
893 2659 1085 2700 sensus
1113 2643 1443 2716 signiﬁcare,
1473 2646 1563 2716 qui
1606 2645 1708 2700 itii-

112 2739 262 2793 mico
289 2738 632 2792 deserviunt.
677 2735 825 2803 Quos
857 2737 1021 2793 homo
1051 2738 1152 2793 nisi
1181 2738 1248 2792 ab
1281 2738 1500 2793 inimico
1529 2748 1712 2794 extor-

110 2831 272 2895 serit,
301 2829 606 2900 feceritque
635 2839 694 2883 ut
727 2831 970 2885 fructum
1001 2827 1234 2885 afferant
1262 2829 1392 2894 Deo,
1427 2831 1494 2886 ad
1529 2846 1709 2886 veram

113 2925 356 2994 quietem
402 2923 690 2993 pervenire
740 2938 847 2978 non
881 2933 1075 2993 potest.
1125 2922 1556 2980 Tabernaculum
1603 2941 1709 2980 non

112 3014 469 3070 obumbravit
500 3013 856 3084 Deus,quoad
886 3012 1265 3084 imperfectum
1295 3013 1420 3081 fuit,
1453 3016 1702 3080 sedeam

113 3115 266 3161 esset
321 3105 656 3173 absolutum,
723 3117 849 3162 tunc
913 3105 1042 3161 illud
1101 3106 1465 3162 obumbravit.
1516 3107 1608 3164 Sic
1657 3118 1712 3164 ct

117 3198 384 3269 templum
446 3197 640 3252 nebula
706 3211 812 3253 non
866 3197 1246 3262 obumbravit,
1328 3198 1569 3269 quandiu
1634 3198 1708 3254 illi

117 3292 420 3362 quidquam
477 3290 678 3358 defuit;
721 3301 778 3344 at
828 3289 916 3345 ubi
973 3289 1270 3360 perfectura
1321 3291 1461 3356 luit,
1529 3291 1711 3346 oblata

119 3397 249 3441 sunt
291 3385 634 3449 holocausta,
670 3396 726 3441 et
764 3384 1026 3440 odoratus
1047 3393 1130 3439 est
1167 3383 1306 3440 Deus
1336 3383 1556 3440 odorem
1586 3399 1714 3440 sua-

121 3481 328 3534 vitatis.
369 3478 479 3533 Nisi
531 3479 693 3533 homo
735 3493 802 3533 ex
840 3477 965 3532 totis
993 3475 1200 3532 viribus
1243 3476 1358 3531 suis
1403 3485 1459 3533 et
1505 3491 1571 3533 ex
1603 3487 1714 3534 tota

122 3583 310 3627 mente
342 3587 440 3626 sua
487 3570 654 3625 Deum
688 3569 960 3635 dilexerit,
1018 3568 1178 3639 eique
1230 3577 1342 3624 toto
1389 3570 1552 3626 corde
1587 3583 1716 3624 cen-

120 3665 348 3736 junctus
380 3663 564 3730 fuerit,
614 3676 778 3733 super
805 3677 926 3718 eum
962 3660 1103 3716 Deus
1140 3677 1249 3717 non
1298 3662 1613 3732 requiescit.
1657 3662 1715 3717 Si

125 3773 308 3824 meus,
341 3756 538 3827 inquit,
570 3765 858 3826 antequam
888 3769 1078 3810 sensus
1106 3754 1310 3818 domet,
1342 3753 1470 3810 velit
1508 3754 1561 3809 in
1591 3770 1716 3810 cru-

127 3866 244 3905 cem
274 3849 666 3912 conscendere,
693 3855 953 3918 provocat
981 3848 1116 3902 iram
1155 3846 1271 3903 Dei.
1303 3845 1436 3902 Rem
1471 3847 1614 3903 enim
1647 3847 1718 3900 vi.

130 3942 278 3997 ribus
311 3943 428 3997 suis
461 3940 723 4010 majorem
753 3940 1087 4010 aggreditur.
1143 3938 1200 3995 Si
1235 3937 1390 3994 malae
1418 3948 1471 3995 te
1512 3939 1717 4010 cogita-

131 4037 308 4088 tiones
355 4033 729 4102 coinquinant,
780 4041 835 4086 tu
883 4041 1066 4088 autem
1105 4046 1209 4086 non
1242 4029 1392 4087 doles
1441 4032 1496 4086 in
1553 4032 1717 4086 corde

131 4138 242 4193 tuo,
294 4125 393 4181 sed
450 4125 600 4180 loves
638 4141 700 4180 ca
757 4130 900 4181 unde
965 4125 1418 4197 proﬁciscuntur,
1477 4134 1714 4180 veterem

128 4219 304 4274 Adam
351 4218 605 4274 imitaris.
647 4218 704 4274 Si
757 4219 809 4274 in
851 4218 979 4274 illud
1022 4219 1261 4274 studium
1308 4218 1599 4285 incumbis,
1661 4228 1716 4273 ut

131 4323 414 4384 peccatum
442 4326 688 4382 superes,
724 4321 775 4367 te
809 4311 984 4382 ipsum
1024 4309 1286 4382 alliigens,
1325 4322 1380 4366 et
1410 4327 1596 4368 omnes
1639 4329 1718 4366 re-

135 4421 360 4462 movens
390 4407 729 4469 occasiones,
755 4417 809 4460 et
845 4405 936 4460 Dei
973 4420 1128 4476 opem
1167 4405 1463 4475 implorans
1495 4424 1508 4460 :
1563 4403 1674 4460 Tua
1698 4446 1712 4471 ,

1809 1900 1887 1957 Ne
1917 1918 2023 1973 qua
2073 1902 2127 1958 in
2162 1918 2221 1959 re
2255 1901 2350 1958 tibi
2401 1904 2615 1972 placeas
2645 1920 2798 1962 cave.
2833 1905 3069 1962 Peccata
3109 1915 3200 1963 tua
3251 1909 3390 1963 assi-

1808 1996 1914 2052 due
1951 1993 2107 2051 delle.
2135 1996 2177 2050 A
2216 1995 2496 2052 mendacio
2530 1997 2796 2064 abborre;
2843 1997 3076 2067 expellet
3121 2000 3264 2055 enim
3293 2002 3390 2056 abs

1811 2099 1863 2144 te
1897 2089 2144 2144 timorem
2188 2087 2304 2145 Dei.
2346 2089 2715 2159 Cogitationes
2745 2099 2863 2145 tuas
2895 2089 2947 2144 in
2997 2092 3236 2147 omnium
3267 2109 3390 2147 con.

1807 2194 1993 2252 spectu
2037 2197 2104 2237 ne
2135 2183 2419 2250 retexeris,
2444 2198 2512 2238 ne
2545 2185 2789 2252 proximo
2816 2195 2906 2238 tuo
2932 2183 3008 2240 sis
3039 2184 3386 2240 oli‘eudiculo.

1807 2274 1970 2345 Aperi
1997 2274 2356 2345 cogitationes
2388 2285 2506 2332 tuas
2545 2276 2791 2346 patribus
2825 2277 2953 2341 tuis,
2993 2287 3051 2331 ut
3093 2277 3264 2348 gratia
3293 2277 3388 2333 Dei

1815 2374 1866 2420 te
1897 2373 2161 2435 protegat.
2196 2364 2253 2419 In
2297 2381 2462 2436 opere
2493 2375 2547 2420 et
2582 2366 2768 2422 labore
2802 2382 2993 2422 manus
3023 2374 3144 2422 tuas
3170 2381 3386 2435 exerce,

1811 2462 1863 2509 et
1895 2455 2057 2511 timor
2083 2454 2179 2511 Dei
2214 2466 2386 2512 tecum
2429 2454 2712 2513 habitabit.
2758 2455 2816 2512 Si
2857 2457 3044 2514 fratris
3079 2459 3154 2514 tui
3192 2475 3388 2530 pecca-

1819 2554 1929 2600 tum
1956 2545 2155 2602 videris
2185 2561 2292 2602 non
2326 2548 2393 2603 ad
2431 2557 2660 2604 mortem
2691 2547 2773 2616 δι,
2806 2565 2928 2604 eum
2959 2565 3023 2606 ne
3054 2551 3387 2621 despexeris,

1811 2653 1881 2694 ne
1917 2639 2125 2696 incidas
2169 2639 2222 2694 in
2269 2656 2460 2696 manus
2503 2641 2705 2696 inimici
2739 2643 2837 2696 tui.
2900 2643 3098 2698 Eorum
3153 2643 3230 2715 (5)
3271 2659 3393 2714 qua:

1813 2731 2080 2788 admisisti
2119 2733 2378 2788 memoria
2412 2747 2479 2789 ne
2509 2733 2800 2802 delectare,
2851 2751 2918 2791 ne
2967 2745 3294 2792 renoventur
3337 2739 3390 2792 in

1813 2831 1869 2881 te
1897 2836 2118 2894 peccata
2148 2834 2258 2880 tua.

1887 2915 1952 2971 ll.
1985 2916 2358 2976 Humilitatem
2389 2919 2735 2990 amplectere,
2760 2927 2814 2974 et
2851 2929 3097 2993 proteget
3133 2931 3184 2978 te
3214 2937 3242 2977 a
3270 2937 3394 2992 pec-

1819 3010 1957 3066 catis
1995 3011 2122 3066 tuis.
2166 3009 2288 3068 Noli
2343 3026 2464 3069 esse
2505 3013 2901 3080 contentiosus,
2936 3029 3002 3070 ne
3032 3015 3210 3070 omnis
3259 3017 3311 3070 in
3347 3029 3398 3071 te

1819 3102 2030 3160 habitet
2074 3105 2414 3174 improbitas.
2446 3103 2526 3162 Ne
2558 3107 2632 3162 sis
2664 3109 2818 3177 apud
2871 3108 3211 3179 temetipsum
3265 3123 3397 3178 pru-

1818 3195 1974 3263 dens,
2006 3211 2074 3252 ne
2099 3197 2305 3252 incidas
2334 3198 2387 3252 in
2419 3213 2610 3254 manus
2641 3199 2982 3255 inimicorum
3025 3210 3258 3256 tuorum.
3292 3201 3398 3256 Cor

1819 3297 1970 3343 tuum
2011 3288 2234 3353 inclina,
2269 3299 2327 3343 ut
2380 3290 2614 3346 libenter
2645 3291 2858 3346 obediat
2887 3292 3136 3348 l'atribus
3169 3294 3302 3357 tuis;
3345 3304 3398 3347 et

1817 3382 1989 3453 gratia
2021 3381 2114 3438 Dei
2159 3381 2428 3438 habitabit
2483 3383 2537 3438 in
2580 3394 2650 3439 le.
2685 3383 2947 3454 Linguam
2983 3397 3126 3441 tuam
3152 3385 3396 3442 assuefa-

1817 3476 1927 3531 cito
1981 3485 2040 3532 ut
2093 3477 2239 3532 dicat
2276 3494 2289 3531 :
2323 3477 2398 3531 Da
2430 3477 2560 3532 inihi
2609 3478 2842 3542 veniam,
2885 3478 3104 3549 ignosce
3142 3478 3308 3546 mihi;
3345 3485 3400 3534 et

1817 3568 2093 3625 humilitas
2141 3570 2204 3625 ad
2247 3580 2297 3625 te
2328 3569 2524 3624 veniet.
2566 3569 2700 3624 Dum
2737 3569 2944 3625 resides
2995 3569 3050 3624 in
3095 3569 3231 3625 cella
3280 3578 3393 3633 tua,

1817 3661 1904 3717 his
1935 3661 2108 3718 tribus
2147 3663 2360 3718 assidue
2393 3675 2545 3728 vaca,
2581 3662 2837 3726 orationi,
2869 3661 3200 3718 meditationi
3232 3673 3288 3716 et
3319 3661 3400 3716 la-

1817 3753 1937 3810 bori
1972 3768 2228 3810 manuum
2285 3764 2519 3808 tuarum.
2561 3753 2640 3810 lta
2694 3757 2834 3819 vive,
2877 3764 2935 3809 ut
2981 3755 3026 3809 si
3073 3755 3216 3809 diem
3268 3770 3399 3822 agas

1819 3846 2060 3917 quotidie
2105 3847 2380 3914 ultimum,
2409 3856 2463 3902 et
2500 3862 2608 3904 non
2659 3847 2930 3919 peccabis.
2970 3845 3156 3903 Ventri
3186 3846 3266 3919 (6)
3292 3848 3404 3901 noli

1820 3938 2121 4010 indulgere,
2151 3955 2218 3994 ne
2249 3939 2480 4010 pristina
2513 3940 2568 3994 in
2606 3949 2658 3996 te
2697 3950 2915 4010 peccata
2963 3952 3314 3996 renoventur.
3343 3939 3401 3993 lu

1819 4031 1968 4087 omni
2002 4031 2120 4088 loco
2145 4041 2308 4101 atque
2331 4047 2496 4103 opere
2529 4033 2788 4089 desidiam
2822 4033 2954 4100 vita,
2995 4049 3063 4088 ne
3113 4043 3165 4088 te
3195 4033 3403 4088 inimici

1818 4125 1900 4180 vis
1942 4125 2234 4195 opprimat.
2275 4123 2405 4191 Quae
2449 4125 2538 4179 Dei
2582 4135 2710 4180 sunt
2757 4124 2971 4180 assidue
3021 4123 3304 4190 meditare,
3349 4135 3402 4178 et

1821 4217 1961 4271 Deus
1993 4217 2046 4271 in
2086 4225 2139 4271 te
2167 4217 2490 4286 requiescet.
2525 4216 2989 4283 Quemadmodum
3027 4216 3220 4271 domus
3244 4224 3402 4270 extra

1820 4307 2096 4364 civitatem
2127 4310 2324 4371 diruta,
2361 4307 2420 4364 lit
2462 4309 2610 4366 locus
2649 4307 2849 4364 letidus
2881 4326 2894 4361 :
2932 4309 3010 4364 sic
3053 4309 3228 4362 anima
3261 4309 3401 4378 pigri

1821 4399 2078 4455 monachi
2113 4401 2366 4455 vitiorum
2398 4400 2456 4453 lit
2486 4399 2842 4455 domicilium.
2876 4400 3124 4456 Orationi
3155 4417 3278 4454 cum
3319 4401 3402 4454 la-

134 4498 416 4570 inquiens,
455 4498 698 4563 Domine,
741 4508 822 4553 est
844 4498 1240 4564 misericordia,
1273 4507 1332 4553 ut
1367 4498 1563 4556 liberes
1595 4515 1712 4561 tne;
1750 4518 1793 4572 ι)
1822 4493 2022 4562 crymis
2064 4493 2335 4561 incumbe,
2375 4503 2432 4547 ut
2479 4493 2571 4547 Dei
2619 4493 2990 4548 misericordia
3026 4503 3258 4548 veterem
3305 4496 3401 4548 ho-

131 4605 229 4662 ρει)
258 4590 405 4645 enim
446 4589 562 4644 sine
588 4590 792 4644 auxilio
827 4601 916 4645 tuo
956 4606 1145 4646 manus
1195 4591 1536 4646 inimicorum
1572 4606 1721 4646 tneo-

133 4695 253 4735 rum
283 4678 525 4750 eﬂugere
575 4695 822 4750 nequeo;
863 4680 908 4734 si
944 4680 1059 4736 haec
1113 4679 1271 4748 facis,
1327 4691 1382 4736 et
1431 4681 1721 4750 diligenter

130 4787 356 4841 operam
398 4772 494 4827 das
545 4786 614 4827 ne
658 4769 899 4826 olfeudas
931 4786 1024 4828 eos
1078 4771 1168 4841 qui
1223 4771 1276 4828 in
1334 4781 1386 4826 te
1420 4771 1719 4827 secundum

135 4864 303 4918 Deum
323 4863 595 4927 erudiunt,
621 4861 748 4918 Jcsu
771 4872 1022 4918 naturam
1042 4861 1296 4918 imitaris.
1314 4863 1380 4918 Et
1397 4863 1511 4934 ipse
1533 4871 1718 4919 custo-

130 4959 242 5011 diet
277 4965 330 5011 te
377 4956 445 5011 ab
477 4954 624 5010 omni
662 4954 820 5010 malo.
857 4954 1122 5021 Quoniam
1171 4953 1288 5023 ejus
1337 4963 1420 5010 est
1465 4953 1632 5026 gloria
1666 4964 1721 5010 et

132 5048 422 5120 imperium
452 5046 510 5104 in
531 5047 725 5105 sarcula
757 5046 1098 5104 saeculorum.
1134 5047 1330 5102 Amen.

724 5158 983 5215 ORATIO
1045 5158 1136 5214 lx.
1223 5197 1230 5202 ι

420 5254 500 5308 Ad
539 5270 625 5309 eos
665 5255 753 5324 qui
793 5253 994 5308 munda
1037 5253 1428 5308 renuntiarunt.

199 5349 238 5404 Ι.
286 5347 346 5404 Si
375 5348 581 5404 mundo
607 5348 962 5415 renuntiasti,
1004 5356 1162 5417 teque
1195 5345 1304 5402 Deo
1329 5361 1425 5416 per
1453 5343 1722 5415 pumilea-

200 5535 248 5566 ³³
293 5532 466 5590 Exod.
499 5549 554 5588 xt
579 5577 594 5601 ,
630 5534 680 5602 l,
713 5534 766 5588 2.
845 5531 888 5566 ⁵⁸
917 5533 934 5588 l
960 5531 1116 5588 Joan.
1143 5547 1192 5600 ν,
1221 5529 1307 5584 lli.

198 5694 279 5762 (4)
322 5691 648 5762 Cognitione.
685 5693 764 5744 An
809 5692 1154 5760 cogitatione?

198 5759 278 5834 (ὅ)
315 5759 535 5832 Eorum,
567 5776 669 5820 etc.
703 5759 888 5819 Graeca
913 5765 1076 5819 babes
1105 5761 1244 5819 infra
1281 5760 1317 5817 Ι.
1350 5777 1424 5830 c.,
1451 5774 1570 5832 cap.
1596 5759 1647 5818 6.

1823 4589 2022 4642 minem
2053 4587 2293 4657 peccatis
2325 4596 2580 4641 onustmn
2617 4597 2800 4641 exuat.
2848 4587 3027 4643 Labor
3054 4588 3156 4658 (7),
3186 4597 3234 4642 et
3268 4604 3400 4659 pau-

1818 4691 2018 4752 pertas,
2059 4689 2114 4735 et
2151 4679 2512 4749 hospitalitas,
2552 4690 2606 4734 et
2654 4679 2890 4748 slllictio,
2916 4688 2968 4735 et
2998 4679 3269 4735 silentium
3303 4695 3402 4751 pa-

1820 4775 1965 4828 riunt
1992 4772 2377 4830 humilitatem.
2410 4771 2700 4828 llumilitas
2731 4787 2858 4828 vero
2894 4773 3104 4829 veniam
3142 4774 3400 4844 impetrat

1818 4865 2058 4921 omnium
2103 4872 2470 4936 peccatorum.
2504 4862 2690 4920 Potest
2720 4874 2900 4919 autem
2951 4863 3165 4919 Domini
3206 4874 3260 4918 et
3302 4863 3400 4919 Dei

1819 4960 1988 5013 nostri
2027 4957 2335 5030 benignitas
2380 4973 2480 5012 nos
2529 4957 2601 5012 ita
2642 4957 3021 5024 corroborare,
3053 4968 3110 5012 ut
3149 4957 3398 5012 voluntao

1818 5059 1925 5105 tem
1959 5050 2130 5120 ipsius
2166 5057 2524 5121 agnoscentes
2565 5065 2628 5106 ac
2659 5048 2941 5117 facientes,
2969 5049 3400 5105 misericordiam

1817 5140 2158 5198 inveniamus
2179 5159 2302 5198 cum
2338 5143 2592 5200 omnibus
2626 5143 2833 5200 sanctis
2859 5142 2950 5215 qui
2982 5142 3250 5198 mandatis
3281 5142 3398 5212 ejus

1819 5235 2282 5303 obtemperarunt.
2311 5236 2505 5290 Amen.

1881 5686 1956 5756 (6)
1994 5684 2198 5749 Ventri,
2228 5693 2332 5740 etc.
2357 5685 2542 5740 Grzeca
2570 5682 2707 5738 inl'ra
2742 5681 2776 5736 Ι.
2814 5695 2889 5747 c.,
2916 5696 3034 5748 cap.

1887 5752 1962 5830 (7)
1998 5756 2188 5830 Labor,
2217 5768 2320 5815 etc.
2349 5757 2536 5813 Graeca
2568 5756 2705 5811 intra
2732 5756 2766 5809 ι.
2800 5768 2874 5822 c.,
2907 5767 3026 5820 cap.
3053 5752 3109 5806 8.
