3862 6394
453 340 591 398 H35

1054 459 1310 517 ORATIO
1352 459 1417 514 Χ.

954 549 1211 622 Ejusdem
1251 553 1567 621 argumenti.

527 642 731 696 Sancto
760 639 924 695 Petro
956 640 1201 711 apostolo
1238 639 1379 695 Dens
1412 640 1667 703 ostendit,
1703 640 1906 695 nullum
1943 640 2033 695 de-

454 732 581 787 bere
620 746 964 787 communem
994 740 1087 786 aut
1147 732 1482 787 immundum
1533 733 1805 788 hominem
1846 732 2033 786 existi-

453 826 591 879 mari
620 825 685 880 ⁸⁸.
718 824 883 896 Cujus
921 827 1177 881 mundum
1208 836 1291 882 est
1321 841 1434 890 cor,
1467 828 1513 882 is
1557 840 1749 882 omnes
1793 826 2036 881 homines

457 917 689 975 mundos
739 918 1050 983 existimat;
1081 928 1137 974 at
1189 919 1279 990 qui
1331 920 1478 975 vitiis
1516 934 1611 974 cor
1647 919 1809 974 habet
1856 919 2035 989 inqui-

459 1018 671 1074 natum,
714 1010 759 1064 is
798 1010 1071 1065 neminem
1100 1011 1359 1066 mundum
1399 1020 1572 1081 putat,
1601 1010 1694 1065 sed
1726 1010 1806 1065 sui
1836 1010 2039 1066 similes

458 1117 647 1157 omnes
676 1103 1003 1157 arbitratur:
1042 1103 1183 1174 riuod
1209 1103 1254 1158 si
1279 1103 1403 1172 quis
1428 1102 1624 1158 dixerit
1657 1102 1890 1173 aliquem
1913 1118 2038 1159 esse

458 1196 634 1249 virum
676 1195 900 1259 bonum,
929 1195 1110 1250 statim
1150 1194 1405 1250 irascitur
1441 1195 1492 1250 in
1529 1195 1692 1250 corde
1719 1210 1836 1251 suo.
1869 1195 2039 1251 Cave-

460 1297 511 1341 te
540 1288 701 1359 igitur
734 1301 801 1341 ne
843 1289 1152 1356 quempiam
1193 1295 1499 1358 aut'aperte
1529 1295 1622 1341 aut
1655 1286 1707 1342 in
1738 1287 1917 1343 animo
1944 1302 2039 1341 ve~

458 1389 573 1436 stro
613 1379 954 1449 vituperetis.
1006 1378 1217 1447 Quanto
1284 1394 1344 1435 se
1405 1380 1635 1450 quisque
1681 1379 2043 1450 negligentius

457 1472 727 1543 explorat,
763 1480 917 1527 tanto
960 1486 1017 1526 se
1060 1470 1268 1539 judicat
1305 1471 1619 1528 amiciorem
1676 1470 1793 1527 Dei.
1839 1470 1908 1525 At
1948 1472 2040 1541 qui

456 1564 635 1621 studet
665 1577 724 1620 se
743 1578 772 1619 a
796 1564 942 1619 vitiis
967 1572 1021 1619 et
1042 1563 1542 1635 perturbationibus
1564 1577 1887 1633 expurgare,
1919 1579 2044 1619 eru-

456 1658 629 1715 bescit
667 1659 719 1712 in
759 1657 959 1713 ccelum
1009 1654 1198 1713 tollere
1239 1656 1428 1713 oculos
1481 1672 1609 1713 suos
1647 1657 1703 1712 in
1750 1668 2042 1728 conspectu

459 1749 555 1805 Dei
585 1769 595 1802 :
627 1764 685 1807 se
712 1749 856 1805 enim
885 1749 1143 1820 perspicit
1172 1749 1238 1805 ab
1278 1749 1372 1804 illo
1402 1750 1592 1806 abesse
1632 1764 1795 1821 quam
1845 1750 2044 1822 longis—

1559 342 1824 399 PATRES
1869 341 2164 399 AEGYPTII
2206 342 2476 402 SIECULI
2518 344 2603 402 IV.

2072 466 2113 522 Α
2144 477 2262 514 esse
2283 464 2586 528 minimum,
2617 462 2851 518 ostendit
2877 463 3237 521 humilitatem
3258 466 3421 521 nobis
3447 483 3608 522 esu:
3636 486 3795 523 cou-

3653 351 3678 404 1
3699 351 3801 410 138

2145 554 2512 623 plectcndam,
2574 565 2632 609 ut
2678 557 3094 612 mansuetudine
3142 565 3197 612 et
3247 558 3541 629 patientia
3622 561 3817 645 nobisi

2143 658 2331 699 omnes
2358 645 2604 700 homines
2634 655 3047 714 anteponamus.
3078 646 3267 703 Rubor
3293 649 3346 703 in
3379 664 3449 703 eo
3488 663 3781 705 verecun
3808 700 3811 711 ,

2142 734 2287 789 diam
2324 733 2667 804 significatet
2692 737 3020 804 castitatem,
3049 746 3106 792 ut
3130 737 3336 793 nullum
3362 740 3418 794 in
3448 754 3649 795 carne
3679 758 3777 793 tm-

2144 832 2257 880 stra
2303 827 2544 883 dedecus
2582 829 2949 883 admittamus.
2999 828 3161 884 Acris
3206 830 3258 884 in
3307 846 3376 884 eo
3420 832 3510 884 vis
3557 831 3781 885 indit-at

2149 916 2333 971 odium
2364 918 2625 973 adversus
2657 918 2787 973 vitia
2820 928 2875 975 et
2905 920 3090 975 mundi
3125 921 3421 976 vanitates.
3454 921 3640 988 Quod
3674 938 3773 975 an-

2147 1012 2253 1060 tem
2291 1006 2372 1061 vis
2410 1005 2530 1077 ejus
2570 1022 2674 1062 non
2716 1018 2881 1077 patet,
2914 1009 3017 1064 nisi
3070 1018 3339 1065 tractetur
3386 1019 3446 1067 et
3496 1022 3772 1066 contem.

2148 1104 2256 1165 tur,
2289 1099 2627 1155 demonstrat
2668 1101 2803 1155 nihil
2854 1102 3110 1158 virtutem
3158 1103 3447 1173 prodesse,
3504 1104 3629 1158 nisi
3700 1107 3767 1158 la-

2146 1189 2279 1245 bore
2321 1200 2485 1261 atque
2521 1208 2619 1248 usu
2665 1202 2719 1248 et
2764 1193 3156 1249 exercitatione
3207 1198 3351 1251 actio
3405 1197 3664 1267 prodeat
3713 1206 3769 1249 et

2149 1293 2532 1353 consequatur.
2569 1284 2725 1340 Valet
2754 1286 2917 1340 etiam
2948 1288 3015 1341 ad
3046 1302 3274 1357 corpora
3306 1289 3657 1353 condienda,
3698 1304 3767 1344 ne

2150 1384 2475 1445 putrescant
2496 1386 2589 1431 aut
2610 1376 2857 1433 fceteant.
2894 1377 3006 1433 [loc
3034 1379 3197 1450 igitur
3220 1382 3455 1450 granulo
3489 1384 3651 1451 quod
3678 1397 3762 1436 re-

2151 1483 2256 1539 gno
2278 1469 2541 1524 ctelorum
2565 1480 2645 1526 est
2676 1471 2876 1539 simile,
2901 1473 3043 1542 quod
3066 1472 3313 1528 Christus
3346 1483 3457 1541 est,
3495 1475 3763 1529 voluntao

2155 1567 2237 1614 tes
2265 1568 2496 1628 ‘nostras
2553 1560 2758 1615 solutas
2794 1575 2859 1616 ac
2904 1570 3147 1618 mortuas
3175 1579 3648 1634 conspergamus.
3688 1583 3753 1619 ne

2152 1660 2465 1721 putrescant
2486 1662 2542 1706 et
2592 1654 2866 1708 vermibus
2898 1664 3165 1710 scateant.
3202 1656 3410 1711 Idcirco
3445 1658 3606 1712 enim
3650 1657 3758 1710 Do-

2153 1746 2333 1801 minus
2371 1743 2531 1802 Jesus
2570 1744 2746 1801 factus
2781 1760 2862 1802 εει
2886 1748 3067 1815 homo,
3099 1763 3166 1804 ne
3198 1749 3415 1805 solliciti
3450 1749 3661 1816 simus,
3692 1768 3757 1803 ne

460 1843 617 1897 sime.
656 1841 827 1897 Homo
866 1842 1084 1912 quidam
1120 1841 1254 1898 duos
1300 1856 1491 1898 servos
1520 1844 1778 1911 habebat,
1810 1854 1864 1898 et
1897 1843 2044 1898 misit
2077 1835 2120 1890 B
2149 1839 2332 1895 mundi
2380 1839 2526 1895 curis
2568 1839 2958 1905 distrahantur,
3016 1841 3111 1896 sed
3162 1842 3337 1912 ipsum
3391 1856 3499 1913 pro
3545 1841 3755 1894 viribus

460 1950 554 1990 eos
594 1934 649 1991 in
700 1949 888 2005 agrum
939 1950 1117 2000 suum,
1144 1945 1204 1989 ut
1241 1943 1509 2012 meterent
1565 1936 1821 2003 triticum,
1848 1935 2043 2005 jussit-

462 2043 587 2096 que,
634 2035 693 2080 ut
731 2036 955 2097 septena
998 2025 1195 2097 singuli
1252 2041 1360 2081 una
1399 2027 1484 2082 die
1528 2026 1720 2098 jugera
1756 2036 2040 2081 meterent.

460 2116 611 2171 Alter
640 2118 878 2187 ipsorum
909 2116 1035 2173 totis
1056 2116 1265 2174 viribus
1295 2132 1519 2189 operam
1548 2118 1717 2185 dedit,
1750 2128 1809 2172 nt
1841 2118 2043 2173 domini

465 2209 669 2265 faceret
709 2209 1003 2280 imperata;
1038 2210 1134 2265 sed
1170 2217 1349 2266 tamen
1385 2224 1523 2281 opus
1550 2210 1769 2281 explere
1811 2226 1916 2265 non
1948 2224 2045 2280 po-

466 2304 591 2369 tuit,
622 2304 876 2374 quoniam
918 2304 1064 2359 vires
1096 2303 1267 2374 ipsius
1312 2305 1640 2374 superabat;
1685 2304 1822 2359 alter
1865 2313 2045 2359 autem

464 2395 576 2451 otio
609 2409 669 2450 se
698 2395 863 2450 dedit.
891 2395 1111 2465 Ecquis,
1147 2410 1337 2452 secum
1374 2395 1489 2465 ipse
1534 2396 1803 2465 inquiens,
1838 2404 2045 2451 tantum

467 2502 604 2557 opus
631 2501 740 2543 uno
799 2487 887 2541 die
932 2496 1098 2557 queat
1146 2487 1443 2557 perﬁcere?
1473 2485 1632 2542 Jussa
1684 2488 1847 2558 igitur
1882 2486 2048 2558 negli-

464 2592 619 2647 gens,
658 2577 747 2633 illa
781 2577 1118 2633 adiciebatur
1156 2576 1553 2647 sollicitudine,
1584 2580 1681 2634 sed
1730 2580 1888 2634 modo
1928 2580 2051 2634 dor—

467 2670 663 2737 ntiens,
681 2669 840 2725 modo
870 2671 1133 2738 oscitans,
1160 2670 1323 2727 modo
1345 2685 1465 2726 sese
1492 2680 1735 2737 vertens,
1767 2681 1823 2727 ut
1848 2673 2049 2728 ostium

466 2761 701 2817 vertitur
734 2762 786 2817 in
823 2763 1042 2819 cardine
1076 2778 1197 2830 suo,
1230 2764 1372 2820 diem
1425 2772 1632 2821 temere
1680 2767 2041 2836 consumpsit.

469 2851 603 2905 Cum
634 2860 812 2906 autem
845 2866 1038 2922 vesper
1074 2853 1408 2920 advenisset,
1439 2855 1504 2909 ad
1540 2855 1815 2911 dominum
1848 2856 2050 2911 reversi

470 2952 620 2998 sunt.
649 2943 750 3011 Qui
780 2958 901 2999 cum
933 2944 1076 2999 servi
1106 2945 1385 3015 diligentis
1411 2944 1651 3002 laborem
1678 2947 2049 3013 intellexisset,

471 3035 599 3090 licet
643 3044 813 3090 totum
850 3036 918 3091 ab
954 3050 1019 3091 eo
1048 3051 1154 3091 non
1189 3046 1338 3093 esset
1365 3051 1503 3109 opus
1529 3037 1850 3109 perfectum,
1873 3048 2053 3095 tamen

471 3125 747 3182 hominem
794 3125 1070 3194 laudavit;
1103 3127 1337 3185 alterum
1384 3141 1595 3197 autem,
1623 3141 1681 3186 ut
1733 3132 1960 3188 inertem
1990 3146 2052 3189 ac

472 3216 710 3273 desidem
742 3227 1177 3289 contemptorem
1227 3221 1390 3277 domo
1436 3236 1535 3278 sua
1583 3222 1722 3278 male
1771 3223 2051 3279 multatum

471 3310 685 3365 extrudi
713 3310 897 3381 jussit.
926 3311 1035 3366 Nos
1078 3312 1205 3368 item
1236 3313 1290 3370 in
1313 3315 1463 3370 omni
1492 3328 1655 3384 opere
1678 3323 1733 3370 et
1767 3314 2056 3372 amictione

472 3404 685 3457 naviter
718 3420 781 3459 ac
804 3403 933 3460 totis
955 3405 1163 3460 viribus
1189 3404 1540 3475 laboremus;
1563 3417 1617 3462 et
1641 3406 1788 3463 Deus
1812 3423 1910 3464 nos
1941 3408 2057 3464 sine

470 3495 635 3551 dubio
660 3495 917 3567 suscipiet
941 3511 1065 3553 cum
1095 3498 1306 3555 sanctis
1359 3500 1495 3555 suis.
1527 3500 1700 3556 Debet
1732 3501 1895 3557 homo
1938 3517 2055 3569 pre-

470 3602 563 3645 ces
597 3590 813 3647 assidue
851 3590 1080 3647 fundere
1129 3592 1183 3647 in
1227 3602 1523 3663 conspectu
1569 3593 1663 3647 Dei
1702 3608 1896 3665 magna
1930 3610 2054 3648 cum

470 3684 780 3742 humilitate
811 3686 995 3742 cordis
1023 3695 1077 3742 et
1105 3686 1356 3755 corporis
1377 3684 1693 3750 aulictione,
1732 3701 1831 3741 nec
1860 3685 1971 3742 ullo
2001 3686 2054 3741 in

470 3793 637 3848 opere
666 3794 766 3836 suo
786 3780 891 3835 sibi
918 3778 1159 3851 placere,
1194 3794 1294 3834 nec
1330 3778 1583 3834 humanis
1612 3778 1856 3835 laudibus
1875 3778 2052 3834 extol-

474 3871 535 3938 li,
567 3882 659 3927 aut
680 3871 1173 3943 vituperationibus
1200 3871 1455 3941 deprimi,
1475 3873 1569 3928 sed
1597 3870 1910 3942 frequenter
1937 3886 2057 3940 pec-

470 3973 722 4019 catorum
761 3978 980 4019 suorum
1011 3962 1307 4019 recordari.
1341 3962 1433 4019 Sic
1468 3964 1611 4019 enim
1637 3979 1731 4018 cor
1760 3967 1830 4021 ab
1868 3964 2050 4020 inimi-

471 4056 554 4112 cis
582 4056 693 4111 suis
732 4056 1056 4126 requiescet.
1090 4055 1307 4112 Nullum
1349 4056 1578 4111 verbum
1609 4055 1865 4111 acerbum
1892 4067 2054 4115 exeat

471 4148 540 4202 ab
586 4162 682 4203 ore
726 4156 836 4202 tuo.
884 4145 1167 4203 Neminem
1215 4161 1401 4201 coram
1456 4146 1666 4211 laudes,
1701 4157 1794 4202 aut
1822 4144 2050 4219 usquam

475 4240 767 4310 vituperes.
795 4239 993 4295 Omnes
1022 4240 1219 4294 anima:
1250 4238 1415 4305 fores,
1466 4237 1520 4292 id
1560 4246 1643 4294 est
1686 4252 1901 4305 sensus,
1935 4239 2054 4295 dili-

473 4340 661 4404 genter
706 4330 931 4385 occlude
961 4342 1127 4400 atque
1154 4329 1390 4396 custodi,
1425 4345 1493 4386 ne
1519 4344 1616 4401 per
1647 4329 1766 4387 illas
1794 4342 1887 4386 aut
1920 4345 2051 4387 eva-

470 4432 647 4492 getur,
678 4431 772 4475 attt
800 4421 986 4476 mundi
1020 4422 1185 4477 verba
1213 4422 1278 4478 ad
1308 4436 1428 4477 eam
1454 4422 1823 4494 perferantur.
1854 4422 2052 4481 Beatus

469 4519 560 4586 qui
592 4516 940 4571 continenter
978 4516 1123 4588 luget
1153 4525 1380 4587 peccata
1420 4532 1536 4573 sua.
1570 4518 1762 4574 Amen.

1070 4631 1325 4689 ORATIO
1364 4632 1454 4687 XI.

1004 4725 1079 4779 De
1108 4740 1271 4794 grano
1295 4724 1515 4794 sinapis.

538 4815 789 4887 Magnum
816 4817 870 4873 in
892 4803 1089 4888 exiguo
1128 4817 1335 4886 sinapis
1368 4832 1537 4888 grano
1570 4818 1886 4888 mysterium
1914 4834 2045 4875 con-

468 4910 691 4975 tinetur,
719 4909 1174 4979 quemadmodum
1203 4908 1396 4965 Patres
1425 4910 1702 4977 dixerunt,
1726 4912 1951 4983 ideoque
1978 4913 2046 4970 ad

466 5010 709 5056 nostram
735 4999 1040 5056 doctrinam
1080 5002 1341 5073 scriptum
1364 5009 1447 5057 est
1475 5020 1488 5057 :
1518 5000 1701 5058 Simile
1723 5013 1800 5058 est
1831 5020 2046 5076 regnum

465 5096 711 5148 cwlorum
752 5108 918 5162 grano
958 5092 1177 5163 sinapis,
1213 5094 1355 5165 quod
1409 5096 1671 5166 accipiens
1704 5098 1859 5153 homo
1892 5099 2047 5155 senti-

464 5188 603 5242 navit
634 5186 689 5240 in
724 5200 850 5257 agro
885 5201 1019 5252 suo;
1043 5186 1183 5257 quod
1221 5187 1459 5240 omnium
1495 5197 1571 5241 est
1604 5190 1861 5244 seminum
1890 5192 2046 5246 mini-

462 5295 641 5343 mam;
672 5295 786 5332 cum
819 5291 994 5334 autem
1023 5280 1263 5343 creverit,
1286 5280 1462 5350 majus
1496 5291 1571 5335 est
1615 5284 1854 5338 omnibus
1884 5283 2043 5339 oleri-

460 5372 587 5437 bus;
615 5382 663 5426 et
703 5371 765 5440 ﬁt
794 5372 977 5437 arbor,
1014 5372 1088 5426 ita
1124 5381 1179 5425 ut
1208 5371 1441 5429 volucres
1472 5374 1589 5429 caeli
1612 5377 1844 5443 veniant,
1873 5387 1920 5432 et
1947 5378 2045 5432 Ita-

461 5464 618 5516 bitent
664 5464 721 5518 in
755 5464 920 5518 ramis
954 5464 1069 5533 ejus
1095 5464 1163 5518 ".
1213 5464 1343 5521 Haec
1380 5482 1503 5523 cum
1556 5469 1629 5525 ita
1675 5485 1735 5526 se
1786 5472 2043 5539 habeant,

460 5564 881 5611 consentaneum
914 5567 999 5612 est
1030 5566 1089 5612 ut
1124 5558 1285 5629 hujus
1307 5562 1518 5631 granuli
1550 5563 1830 5622 facultates
1870 5566 2047 5621 imite-

462 5663 604 5702 mur.
645 5649 779 5704 Cum
829 5653 979 5707 enim
1006 5654 1137 5715 illud
1167 5670 1235 5710 ex
1269 5658 1515 5721 omnibus
1553 5660 1850 5719 seminibus
1887 5660 2030 5719 dicat

562 5805 751 5862 “Act.
786 5810 956 5875 x,15.
1034 5814 1082 5847 ⁵⁸
1110 5812 1301 5871 Matth.
1340 5830 1460 5888 xm,
1495 5816 1583 5885 3|,
1626 5813 1716 5874 δί.

2146 1930 2441 1987 imitemur.
2483 1930 2566 1985 Ad
2606 1931 2767 2002 hujus
2798 1932 3006 2003 granuli
3043 1947 3287 1989 normam
3344 1948 3445 1988 nos
3496 1934 3751 2002 explere.

2148 2037 2290 2086 mus,
2324 2023 2600 2079 videamus
2635 2034 2821 2079 utrum
2860 2025 2933 2079 illi
2968 2026 3148 2081 cordis
3197 2024 3530 2092 humilitate,
3576 2026 3749 2078 animi

2148 2115 2579 2181 mansuetudine,
2602 2117 2890 2173 charitatis
2921 2119 3116 2173 ardore
3163 2118 3369 2174 similes
3402 2119 3603 2173 simus.
3636 2117 3751 2187 Ipse

2149 2217 2330 2263 autem
2371 2208 2627 2263 Dominus
2651 2208 2813 2265 Jesus
2844 2226 2945 2265 nos
2979 2210 3355 2266 misericordia
3395 2224 3498 2265 sua
3539 2212 3748 2265 contir-

2150 2308 2279 2365 tnet,
2311 2309 2368 2355 ut
2398 2299 2664 2355 voluntati
2698 2301 2817 2372 ejus
2844 2317 3153 2372 pareamus,
3194 2302 3453 2373 quoniam
3497 2302 3623 2372 ejus
3660 2310 3745 2355 est

2149 2392 2316 2462 gloria
2355 2400 2409 2446 et
2438 2391 2728 2463 imperium
2766 2393 2818 2448 in
2856 2392 3056 2449 satcula
3088 2394 3431 2450 saeculorum.
3469 2396 3671 2450 Amen.

2731 2507 2988 2565 ORATIO
3017 2508 3131 2563 XII.

2812 2599 2889 2656 De
2928 2602 3065 2654 vino.

2229 2692 2271 2747 l.
2308 2691 2429 2747 Vini
2458 2701 2513 2746 et
2553 2702 2759 2749 natura:
2801 2692 3038 2749 hominis
3069 2693 3384 2764 mysterium
3416 2696 3497 2749 sic
3537 2694 3737 2749 intelli-

2155 2786 2318 2855 gitur.
2348 2784 2619 2841 Debemus
2672 2800 2767 2842 cor
2812 2796 3055 2842 nostrum
3101 2787 3369 2857 integrum
3412 2802 3538 2842 cum
3586 2791 3731 2842 omni

2158 2878 2448 2933 sanctitate
2485 2892 2729 2945 servare,
2756 2877 2803 2933 si
2834 2877 3111 2945 volumus,
3155 2890 3213 2932 ut
3248 2879 3301 2933 in
3332 2894 3400 2934 eo
3443 2879 3587 2935 Deus
3619 2896 3735 2934 cum

2158 2968 2341 3024 laetitia
2378 2969 2558 3040 degat.
2599 2969 2811 3026 Dolium
2844 2971 2950 3027 nisi
2982 2972 3218 3042 undique
3248 2974 3321 3028 sit
3359 2972 3483 3041 pice
3523 2972 3732 3041 illitum,

2159 3074 2214 3119 et
2247 3063 2424 3119 nullas
2468 3064 2663 3121 habeat
2704 3064 2895 3132 rimas,
2932 3066 3114 3120 vinum
3149 3081 3255 3120 non
3286 3076 3464 3136 potest
3492 3067 3734 3123 comins-

2160 3173 2248 3225 re;
2307 3173 2402 3216 cor
2452 3158 2555 3214 nisi
2605 3159 2908 3216 humilitate
2955 3169 3009 3216 ct
3054 3162 3305 3217 castitate
3353 3164 3650 3229 muniatur,
3682 3174 3732 3218 et

2161 3252 2337 3307 nullas
2380 3252 2577 3308 habeat
2606 3252 2863 3309 vitiorum
2903 3255 3092 3319 rimas,
3131 3254 3229 3310 Dei
3278 3270 3384 3311 non
3417 3266 3593 3327 potest
3618 3270 3732 3313 esse

2158 3343 2513 3401 domicilium.
2541 3346 2687 3402 Fieri
2724 3348 2866 3402 enim
2896 3348 3083 3418 nequit
3111 3358 3167 3404 ιιι
3193 3349 3304 3406 Deo
3327 3350 3454 3421 quis
3499 3352 3655 3407 simul
3678 3360 3728 3406 et

2159 3436 2530 3508 voluptatibus
2553 3439 2778 3497 serviat.
2805 3440 3103 3497 Caveamus
3129 3442 3417 3513 diligenter
3446 3457 3515 3499 ne
3540 3444 3591 3499 in
3614 3458 3726 3498 cor-

2159 3531 2227 3584 de
2259 3537 2446 3585 nostro
2495 3530 2567 3586 sit
2593 3532 2801 3600 odium,
2834 3542 2929 3587 aut
2963 3533 3245 3589 inimicitia
3273 3550 3288 3586 :
3325 3535 3443 3590 haec
3472 3536 3613 3590 enim
3643 3551 3722 3589 ar-

2159 3628 2285 3677 cent
2340 3621 2613 3678 hominem
2661 3639 2692 3679 a
2741 3639 2871 3680 vera
2911 3625 3254 3695 pmnitentia,
3282 3636 3341 3681 ut
3373 3627 3484 3683 Deo
3524 3627 3721 3698 placere

2158 3726 2265 3766 non
2308 3712 2498 3783 possit.
2542 3712 2737 3770 Fervet
2764 3714 2919 3771 initio
2950 3717 3174 3784 vinum;
3216 3718 3296 3772 sic
3320 3725 3375 3772 et
3405 3717 3711 3773 adolescen-

2158 3804 2231 3858 tia
2267 3822 2281 3859 :
2314 3804 2570 3873 paulatim
2601 3806 2871 3862 fervorem
2902 3808 3132 3864 remittit
3172 3809 3377 3874 vinum,
3410 3811 3719 3880 tandemque

2156 3895 2437 3964 consistit;
2465 3897 2545 3951 sic
2582 3907 2748 3953 aestus
2777 3898 3157 3957 adolescentia:
3215 3909 3460 3972 tempore
3492 3902 3717 3966 sedatur,

2160 3987 2483 4058 tandemque
2553 3989 2924 4056 constituitur,
2977 3992 3104 4047 dum
3164 3991 3388 4048 Patrum
3451 3993 3715 4063 disciplina

2156 4081 2421 4147 eruditur,
2452 4090 2507 4137 et
2554 4096 2742 4138 eorum
2789 4084 3073 4154 praeceptis
3112 4084 3570 4156 obtemperamns.
3611 4084 3715 4141 Non

2157 4173 2392 4229 infertur
2420 4174 2603 4230 vinum
2646 4176 2699 4229 in
2740 4174 2959 4242 cellam,
2985 4164 3091 4231 nisi
3121 4178 3269 4247 prius
3301 4178 3592 4244 consistat,
3617 4195 3711 4235 non

2157 4266 2462 4323 admittitur
2507 4268 2560 4323 in
2597 4268 2828 4324 aliorum
2862 4278 3090 4337 emtum,
3126 4269 3281 4339 cujus
3326 4286 3432 4327 non
3475 4280 3559 4329 est
3599 4288 3711 4329 con-

2150 4362 2355 4416 stantia
2389 4361 2552 4416 variis
2583 4369 2709 4417 ante
2744 4362 3047 4418 rationibus
3081 4362 3385 4433 explorata.
3417 4363 3476 4420 Si
3505 4381 3622 4421 cum
3643 4368 3713 4421 vi-

2158 4454 2340 4510 naceis
2373 4454 2556 4509 vinum
2581 4454 2945 4525 relinquatur,
2970 4457 3173 4511 acescit
3205 4473 3217 4509 :
3245 4456 3323 4512 sic
3348 4467 3403 4512 et
3418 4458 3711 4515 adolescens

2075 4534 2128 4590 θ
2160 4546 2203 4602 si
2232 4561 2354 4601 cum
2382 4545 2486 4600 illis
2514 4547 2605 4616 qui
2634 4547 2898 4618 sanguine
2919 4548 2967 4602 ei
2997 4547 3269 4619 conjuncti
3297 4557 3444 4614 sunt,
3473 4560 3561 4604 aut
3582 4560 3710 4605 certe

2161 4639 2229 4695 ab
2260 4638 2521 4695 institutis
2547 4638 2665 4707 ejus
2694 4639 2878 4707 alieni,
2904 4639 3114 4694 sinatur
3132 4640 3361 4708 versari,
3393 4640 3708 4714 disciplinam

2159 4748 2188 4787 a
2219 4730 2475 4789 Patribus
2501 4732 2755 4788 traditam
2787 4732 3089 4804 corrumpit
3112 4742 3167 4789 et
3189 4734 3361 4789 bonos
3390 4749 3582 4790 mores.
3611 4732 3708 4789 Nisi

2159 4826 2345 4881 vinum
2397 4825 2452 4881 in
2496 4825 2631 4881 locis
2669 4824 2951 4897 profundis
2977 4835 3032 4882 et
3054 4826 3426 4882 subterraneis
3461 4828 3704 4884 reconda-

2160 4906 2269 4985 tur,
2302 4920 2578 4975 evanescit
2610 4935 2624 4972 :
2653 4918 2733 4974 sic
2758 4920 3133 4975 adolescentiae
3155 4918 3369 4974 labores
3390 4934 3577 4977 omnes
3599 4930 3706 4976 sunt

2155 5014 2303 5084 vani,
2334 5014 2435 5071 nisi
2464 5013 2518 5069 in
2555 5012 2862 5068 humilitate
2889 5020 3301 5069 conserventur.
3337 5011 3546 5078 Vinum,
3578 5010 3702 5083 quod

2157 5108 2387 5165 subinde
2431 5116 2678 5163 movetur
2717 5112 2772 5162 et
2816 5113 3082 5177 gustatur,
3134 5104 3372 5161 deterius
3409 5103 3470 5159 Iit
3508 5122 3520 5157 :
3551 5104 3623 5160 sic
3659 5115 3703 5159 et

2153 5202 2320 5261 homo
2352 5201 2444 5273 qui
2472 5201 2649 5257 studia
2687 5207 2743 5259 et
2775 5201 3016 5258 actiones
3052 5213 3181 5255 suas
3198 5198 3512 5269 frequenter
3538 5207 3699 5255 osten-

2168 5306 2243 5351 tat
2288 5296 2433 5351 inani
2473 5296 2665 5367 gloria,
2704 5297 2904 5352 amittit
2935 5293 3341 5366 perfectionem.
3379 5291 3437 5348 Si
3488 5294 3605 5349 dolii
3646 5309 3699 5349 os

2154 5397 2401 5457 apertum
2455 5398 2662 5453 manet,
2715 5386 2916 5443 culices
2970 5384 3381 5457 ingrediuntur,
3430 5395 3484 5442 et
3540 5388 3693 5441 vinntn

2158 5493 2519 5552 corrumpunt
2546 5496 2561 5535 :
2593 5483 2736 5539 idem
2773 5481 2970 5537 accidit
3008 5482 3064 5538 in
3106 5480 3467 5552 multiloquio,
3492 5489 3543 5534 et
3570 5479 3690 5535 Iace-

2153 5572 2221 5625 tis
2257 5572 2521 5641 vanisque
2568 5572 2931 5628 sermonibus.
2974 5570 3166 5628 Vinum
3198 5571 3375 5627 ventis
3420 5570 3689 5642 expositum

2154 5663 2351 5719 amittit
2380 5666 2610 5734 gratiam
2658 5681 2812 5723 suam
2843 5681 2859 5719 :
2889 5674 2946 5723 ct
2983 5664 3232 5738 superbia
3281 5664 3462 5739 perdit
3504 5678 3686 5719 omnem
