3862 6342
52 332 204 388 H37

1181 333 1237 390 S.
1280 328 1480 388 ιεΑιᾹε
1514 321 1740 383 ABBAT
1746 320 1811 379 IS
1850 323 2262 388 ORATIONES.

3242 331 3377 388 H38

51 451 338 508 hominis
391 452 656 511 fructum.
700 453 942 522 Quiescit
980 456 1163 511 vinum
1219 457 1272 511 in
1310 455 1443 512 locis
1490 455 1704 525 penitus
1733 447 1783 505 Δ
1813 459 1874 501 ca
1951 447 2161 508 lumbos
2219 452 2354 523 ejus,
2395 460 2449 509 et
2507 452 2558 510 iu
2588 454 2803 512 deserto
2834 453 3154 511 versabatur
3190 470 3205 508 :
3237 455 3378 522 quod

53 546 320 614 atntitis,
357 556 423 603 et
468 548 859 617 operitur:sic
895 550 990 618 qui
1025 549 1276 604 virtutem
1321 549 1473 615 colit,
1517 549 1571 603 in
1624 549 1698 605 si-

53 638 254 693 tt-ntio
295 641 673 710 conquiescit,
703 649 758 697 et
783 643 920 713 regit
950 641 1133 698 labore
1163 643 1341 698 studia
1371 657 1488 698 sua.

136 728 212 785 ll.
273 729 420 788 Haec
450 734 635 789 omnia
688 734 744 789 in
794 734 920 789 vino
969 735 1352 801 observantur,
1393 742 1451 789 ut
1487 735 1696 805 placeat

57 821 323 878 domino
375 838 512 889 suo;
540 826 702 880 debet
752 825 866 882 haec
897 826 1080 881 omnia
1128 827 1358 896 quisque
1402 827 1697 893 custodire,

58 927 123 968 ut
157 914 410 984 placeat
447 919 576 972 Deo.
606 918 775 974 Porro
805 918 1258 987 quemadmodum
1288 920 1412 974 vino
1438 934 1541 974 non
1570 935 1691 975 cre-

61 1006 261 1072 ditur,
307 1009 479 1078 quale
523 1009 615 1077 sit,
658 1010 764 1064 nisi
813 1010 1094 1064 hauriatur
1135 1020 1190 1066 et
1230 1012 1586 1080 degustetur:
1617 1012 1694 1067 sic

63 1100 260 1155 homo
306 1115 422 1156 non
469 1101 628 1157 debet
661 1101 763 1157 sibi
795 1102 893 1172 ipsi
928 1103 1112 1168 ﬁdere,
1147 1105 1240 1158 sed
1269 1103 1322 1158 in
1353 1102 1545 1159 timore
1577 1119 1696 1157 vcr-

64 1193 220 1253 sari.
260 1193 452 1250 donec
481 1204 739 1250 occurrat
775 1195 905 1260 Deo,
941 1211 969 1248 a
1005 1211 1116 1267 quo
1143 1210 1306 1266 opera
1341 1197 1512 1267 ipsius
1537 1211 1694 1252 com-

67 1287 434 1354 probentur.
467 1289 547 1343 Ac
573 1288 1026 1357 quemadmodum
1059 1289 1102 1344 si
1125 1303 1229 1360 qua
1257 1289 1310 1344 in
1334 1288 1478 1344 dolio
1503 1287 1692 1344 rimula

67 1378 364 1445 exsistat,
399 1379 587 1435 deﬂuit
612 1381 819 1447 vinum,
853 1393 1138 1452 antequam
1173 1383 1422 1438 dominus
1453 1384 1614 1448 sciat,
1649 1384 1694 1437 si

71 1471 496 1543 negligenscst
527 1474 643 1528 :sic
671 1474 926 1543 quaelibet
952 1490 1039 1530 res
1073 1476 1322 1544 quamvis
1351 1475 1545 1547 exigua
1580 1476 1691 1531 lru~

71 1576 251 1618 ctum
305 1565 520 1620 excutit
559 1566 796 1623 hominis
841 1567 1178 1639 negligentis.
1213 1568 1465 1626 Studiose
1508 1571 1691 1640 igitur,

77 1657 333 1721 fratres,
373 1656 441 1711 ab
471 1661 727 1715 omnibus
751 1659 1136 1740 oll‘eusionibus
1152 1671 1206 1717 et
1238 1666 1473 1733 peccatis
1498 1680 1693 1721 cavea-

1802 550 2111 606 alllictiouis
2143 558 2225 604 est
2254 548 2464 616 signum
2495 564 2559 603 ac
2605 549 2959 618 pteniteutize.
2997 563 3119 619 quae
3151 549 3376 604 mundat

1800 643 2098 707 hominem,
2139 657 2203 698 ac
2250 642 2409 698 talem
2459 642 2652 709 reddit,
2698 652 2757 697 ut
2790 652 2944 699 vacet
2982 643 3030 698 ei
3067 643 3118 697 in
3156 657 3374 700 crucem

1801 736 2114 790 ascendere.
2165 732 2313 790 Crux
2366 742 2544 789 autem
2589 742 2670 791 est
2721 734 2914 790 futuras
2952 733 3374 789 immortalitatis

1795 825 2094 897 judicium;
2129 826 2225 880 sed
2252 840 2386 894 opus
2411 835 2496 881 est
2530 823 2701 896 prius,
2737 834 2796 881 ut
2833 839 2928 879 ora
2975 824 3192 880 claudat
3239 821 3371 877 Pha-

1801 917 2079 973 riszeorum
2133 928 2188 974 et
2219 917 2661 974 Sadducteorum.
2705 918 2985 974 Sadducaei
3033 918 3254 990 ﬁguram
3284 933 3368 987 ge-

1799 1020 1926 1067 runt
1969 1011 2297 1068 inﬁdelitatis
2331 1020 2383 1068 et
2416 1010 2830 1077 obstinationis;
2887 1009 3143 1068 Phariszei
3189 1021 3365 1066 autem

1798 1104 2018 1160 malitia:
2052 1114 2106 1160 et
2133 1103 2497 1160 simulationis
2543 1116 2597 1159 et
2635 1104 2814 1159 inanis
2848 1102 3050 1176 gloriae.
3092 1102 3367 1174 Scriptum

1796 1208 1880 1254 est
1912 1199 2055 1254 enim
2093 1217 2108 1253 :
2137 1197 2201 1252 Et
2231 1213 2378 1252 nemo
2410 1213 2474 1252 ex
2500 1197 2595 1252 illa
2625 1197 2712 1252 die
2733 1212 2895 1252 ausus
2922 1207 2996 1252 est
3019 1196 3248 1266 amplius
3271 1195 3366 1250 Je-

1796 1309 1912 1348 sum
1961 1293 2284 1364 interrogare
2305 1293 2371 1347 ".
2425 1293 2618 1348 Postea
2661 1293 2810 1348 misit
2854 1291 3072 1349 Petrum
3110 1303 3165 1348 et
3202 1291 3366 1348 Joan-

1801 1401 1944 1453 nem,
1989 1395 2050 1441 ιιι
2103 1393 2361 1457 pararent
2413 1387 2615 1442 Pascha
2634 1387 2700 1441 αθ.
2733 1386 2864 1442 Ctnn
2915 1387 3057 1441 enim
3103 1400 3257 1441 mens
3309 1400 3368 1439 se

1800 1483 1969 1552 ipsam
2007 1475 2202 1536 iiderit
2251 1481 2411 1536 nullis
2461 1481 2775 1537 obstrictum
2832 1481 2998 1546 vitiis,
3032 1489 3254 1549 paratur
3299 1478 3366 1532 ad

1803 1575 2286 1639 immortalitatem,
2343 1588 2642 1642 sensusque
2683 1587 2811 1627 suos
2859 1573 3046 1628 eodem
3081 1571 3284 1640 dirigit,
3315 1578 3368 1624 et

1801 1684 1982 1723 secum
2001 1667 2318 1736 coniunctos
2341 1667 2520 1722 habet.
2539 1664 2695 1720 lesus
2723 1673 2901 1719 autem
2927 1661 3124 1728 oravit,
3149 1660 3364 1716 dicens:

78 1765 244 1816 nius,
271 1758 335 1803 ut
351 1750 665 1807 Deusnobis
694 1754 1119 1810 misericordiam
1143 1766 1196 1811 et
1218 1759 1443 1827 gratiam
1463 1774 1615 1816 suam
1641 1761 1691 1814 in
1728 1796 1770 1852 Β
1807 1761 1964 1816 Pater
1998 1761 2087 1825 mi,
2119 1762 2162 1815 si
2188 1761 2305 1830 ﬁeri
2338 1769 2526 1830 potest,
2554 1765 2786 1813 transeat
2809 1773 2840 1810 a
2890 1773 2969 1811 me
2997 1755 3136 1812 ralia:
3174 1755 3270 1808 ists
3314 1755 3370 1807 in

71 1842 297 1908 judicii
342 1843 432 1898 die
484 1845 749 1916 largiatur
777 1865 789 1900 :
822 1849 966 1917 quod
1017 1849 1178 1904 laciet
1214 1851 1302 1905 ille
1347 1851 1610 1922 profecto,
1649 1856 1692 1908 si

81 1952 195 2003 pro
229 1937 579 1993 inﬁrmitatis
611 1950 810 1994 nostra:
842 1940 1047 1996 viribus
1078 1942 1330 1997 mandata
1359 1944 1477 2016 ejus
1509 1946 1697 2001 obser-

77 2031 444 2088 vaverimus.
473 2035 741 2088 Caeterum
779 2042 869 2098 tua
911 2043 1016 2100 est,
1055 2035 1298 2102 Domine,
1350 2039 1606 2105 potentia,
1639 2049 1692 2094 et

86 2125 512 2189 misericordia,
553 2137 607 2182 et
651 2128 930 2193 auxilium,
957 2139 1009 2185 et
1043 2130 1324 2199 protectio,
1360 2140 1414 2186 et
1435 2132 1611 2198 venia,
1643 2142 1698 2187 et

85 2216 397 2285 patientia.
435 2217 569 2285 Quis
611 2219 754 2275 enim
787 2234 888 2292 ego
919 2235 1036 2276 sum
1074 2223 1126 2277 in
1158 2238 1316 2276 manu
1348 2224 1634 2290 malorum,
1667 2241 1694 2278 a

87 2310 308 2378 quibus
341 2324 429 2366 me
457 2310 734 2367 liberasti?
761 2311 875 2384 Ego
903 2313 1035 2369 nihil
1064 2315 1237 2371 habeo
1260 2318 1403 2387 quod
1427 2316 1521 2372 tihi
1551 2318 1690 2373 dem.

90 2403 383 2459 Pcccalor
422 2417 524 2473 ego
569 2419 706 2469 sum,
743 2414 908 2476 atque
959 2406 1209 2476 indignus
1247 2409 1498 2464 ciuilibus
1537 2412 1691 2464 donis

92 2495 234 2550 tuis.
291 2493 374 2549 Tu
411 2512 496 2550 me
536 2511 566 2550 e
602 2497 851 2553 manibus
907 2499 1250 2556 inimicorum
1302 2517 1540 2557 meorum
1578 2503 1686 2558 eri-
1728 2546 1732 2549 .

92 2588 297 2656 puisti.
329 2586 410 2642 Ttt
439 2605 499 2644 es
536 2588 798 2645 Dominus
826 2607 996 2657 meus,
1024 2603 1072 2647 et
1109 2593 1249 2648 Deus
1276 2610 1446 2650 meus.
1474 2593 1586 2648 Tua
1617 2604 1698 2650 est

96 2681 308 2750 gloria,
345 2691 401 2737 et
435 2683 830 2750 misericordia,
863 2694 920 2741 et
951 2683 1215 2754 defensio,
1247 2696 1302 2743 et
1353 2689 1690 2757 praesidium,

94 2785 152 2827 et
192 2774 489 2845 imperium
522 2775 574 2830 in
607 2775 802 2831 sa:cula
837 2778 1177 2833 smeulorum.
1210 2780 1404 2836 Amen.

687 2909 943 2970 ORATIO
980 2911 1118 2971 XIII.

135 3033 224 3089 Ad
258 3051 350 3091 eos
388 3035 478 3105 qui
510 3038 792 3093 initiantur
817 3049 866 3093 et
893 3039 1113 3094 tendunt
1155 3041 1224 3094 ad
1265 3040 1652 3110 perfectionem.

1801 1857 1898 1908 Ιιαι·
1931 1855 2147 1910 liora".
2182 1853 2334 1920 Quod
2392 1852 2546 1909 nobis
2603 1860 2686 1908 est
2745 1853 3093 1915 documento,
3122 1857 3202 1912 ut,
3247 1861 3368 1901 cum

1801 1965 1955 2004 mens
1993 1948 2106 2001 vult
2139 1947 2190 2001 in
2224 1960 2440 2002 crucem
2492 1941 2880 2006 conscendere,
2908 1940 3134 1996 multum
3163 1937 3373 1994 incum-

1799 2043 1891 2097 bat
1929 2039 2160 2097 orationi
2198 2048 2252 2094 et
2285 2037 2563 2109 lacrymis,
2623 2035 2956 2106 supplexque
3000 2046 3212 2101 semper
3243 2045 3367 2102 pro-

1799 2143 2012 2190 sternat
2050 2146 2108 2188 se
2139 2132 2189 2186 in
2221 2140 2513 2201 conSpectu
2545 2129 2662 2198 Dei,
2693 2127 3041 2198 benignitatis
3067 2125 3183 2196 ejus
3210 2139 3366 2196 opem

1800 2227 2114 2299 implorans,
2152 2235 2210 2279 ut
2246 2226 2530 2280 roboretur
2559 2232 2615 2278 et
2663 2219 3018 2285 custodiatur,
3065 2217 3236 2272 donec
3281 2230 3370 2270 re-

1799 2327 1981 2391 surgat
2011 2319 2063 2372 in
2099 2317 2334 2373 novitate
2364 2323 2550 2372 sancta
2582 2323 2742 2384 atque
2769 2312 2986 2368 invicta.
3018 2309 3207 2365 Crucis
3223 2307 3366 2364 enim

1801 2424 2040 2480 tempore
2090 2424 2341 2480 magnum
2377 2405 2626 2462 imminet
2656 2401 2973 2476 periculum.
3013 2394 3148 2456 Cu'm
3191 2409 3368 2454 autem

1798 2516 1937 2571 orat,
1968 2503 2187 2560 Petrum
2223 2513 2274 2558 et
2319 2501 2580 2558 Joannem
2612 2508 2667 2556 et
2693 2497 2950 2554 Jacobum
2986 2493 3243 2549 adhibere
3283 2507 3372 2547 so-

1799 2599 1912 2653 cios
1974 2597 2152 2663 debet,
2191 2596 2243 2649 id
2296 2605 2374 2650 est
2417 2595 2683 2660 integram
2725 2591 2905 2655 ﬁdem,
2935 2602 3084 2658 spem
3118 2593 3372 2642 constan-

1803 2702 1931 2755 tem,
1958 2698 2013 2744 et
2040 2691 2320 2745 ardentem
2353 2685 2697 2741 charitatem.

1873 2784 1954 2839 Ill.
1993 2784 2167 2853 Atque
2199 2782 2311 2836 haec
2333 2780 2552 2850 quidem
2583 2777 2778 2850 gessit,
2813 2785 2866 2830 et
2893 2773 3111 2846 pertulit
3143 2772 3371 2829 dilectus

1802 2879 2068 2933 Dominus
2101 2890 2164 2931 ac
2191 2873 2334 2930 Deus
2363 2883 2548 2929 noster
2584 2871 2741 2928 Jesus
2772 2869 3020 2926 Christus
3057 2881 3156 2939 pro
3195 2864 3369 2929 nobis,

1799 2983 1854 3029 et
1879 2972 2130 3028 omnibus
2186 2971 2238 3024 lu
2281 2970 2441 3025 rebus
2487 2967 2641 3023 nobis
2693 2963 2998 3035 exemplum
3053 2960 3174 3024 luit,
3202 2969 3261 3013 ut
3291 2958 3368 3012 iu-

1802 3067 1914 3136 qnit
1961 3065 2271 3137 Apostolus,
2322 3071 2380 3118 ut
2432 3076 2803 3132 cognoscamus
2849 3074 2991 3121 eum,
3035 3067 3082 3109 et
3127 3055 3370 3108 rirtutcm

176 3152 219 3208 Ι.
270 3151 399 3208 Ηωε
432 3163 561 3209 sunt
591 3154 742 3224 signa
773 3169 892 3225 qua)
933 3154 1062 3211 fecit
1095 3155 1352 3212 Dominus
1379 3155 1558 3224 Jesus,
1588 3175 1687 3212 an-
1721 3141 1762 3201 (ἶ
1801 3155 2194 3212 resurrectionis
2237 3155 2424 3226 ipsius,
2460 3162 2509 3208 et
2540 3152 2818 3224 participes
2857 3149 3021 3203 simus
3069 3148 3371 3217 passionum

104 3253 336 3314 tequam
372 3244 427 3299 in
459 3259 678 3300 crucem
719 3248 1058 3302 ascenderet.
1102 3247 1321 3313 Euntes,
1374 3249 1571 3320 inquit,
1609 3267 1693 3304 re-

101 3338 356 3392 nuntiate
402 3338 605 3393 Joanni
655 3354 771 3408 qua:
813 3340 1092 3395 audivistis
1120 3351 1166 3395 et
1196 3342 1438 3396 vidistis:
1470 3343 1596 3396 cieri
1621 3344 1695 3396 vi-

101 3433 257 3495 dent,
287 3430 469 3482 claua’i
513 3429 808 3495 ambulant,
858 3430 1047 3500 leprosi
1105 3433 1447 3500 mumlantur,
1502 3440 1696 3493 mortui

107 3531 427 3591 resurgunt,
478 3538 734 3600 pauperes
791 3523 1239 3594 euangelizantur.
1281 3525 1348 3580 Et
1386 3529 1566 3584 beatus
1596 3542 1693 3597 est,

105 3617 197 3676 qui
225 3630 332 3668 non
363 3614 523 3683 fuerit
544 3615 935 3672 scandalizatus
962 3618 1016 3670 in
1045 3634 1125 3672 me
1144 3618 1208 3670 ⁵⁷.
1238 3619 1338 3686 Qui
1369 3635 1518 3690 spem
1543 3637 1694 3678 suam

109 3708 160 3760 iu
197 3708 307 3763 hoc
344 3710 549 3764 mundo
575 3710 732 3764 sitam
758 3709 941 3777 habet,
978 3727 1151 3767 ρωριιε
1175 3723 1272 3768 est.
1309 3713 1373 3769 Et
1403 3715 1444 3768 si
1480 3715 1581 3771 hac
1604 3733 1699 3784 spe

109 3803 340 3867 omissa,
399 3802 637 3856 animum
680 3819 837 3858 suum
883 3805 948 3860 ad
996 3821 1058 3859 ea
1107 3820 1224 3875 quae
1273 3808 1324 3862 iu
1363 3808 1534 3863 altera
1588 3812 1695 3864 vita

110 3902 540 3962 exspectantur,
597 3894 929 3962 intenderit,
981 3898 1158 3953 visum
1203 3899 1414 3971 recipit.
1461 3901 1698 3959 Claudus

110 3995 220 4052 est,
255 3985 352 4057 qui
405 3995 557 4040 amat
598 3987 698 4043 hoc
741 3989 1035 4055 suculam;
1070 3993 1210 4060 quod
1248 3993 1294 4047 si
1336 4008 1400 4050 eo
1430 3994 1693 4061 neglecto,

113 4082 283 4136 Deum
324 4079 503 4148 diligit
540 4096 866 4152 carnemque
910 4085 1225 4153 contemnit,
1279 4095 1424 4143 recte
1474 4087 1695 4144 incedit.

113 4176 324 4229 Surdus
358 4184 462 4238 est,
498 4175 589 4244 qui
615 4176 767 4230 vanis
795 4176 1086 4231 distractus
1115 4181 1578 4249 occupationibus,
1614 4181 1694 4236 di-

113 4268 252 4322 vinis
284 4267 450 4322 rebus
484 4267 704 4322 minime
731 4278 916 4335 vacet;
943 4272 1082 4338 quod
1113 4271 1154 4325 si
1187 4271 1391 4328 relictis
1419 4274 1691 4340 euntibus,

112 4361 352 4431 capessit
405 4371 674 4431 praecepta
700 4362 815 4427 Dei,
859 4361 974 4430 jam
1017 4363 1242 4419 audivit.
1281 4363 1385 4432 Qui
1427 4368 1574 4432 odio,
1601 4378 1695 4423 aut

1798 3251 1932 3321 ejus,
1956 3250 2212 3320 mortique
2231 3247 2638 3317 conformemur,
2665 3256 2716 3298 ut
2742 3257 3080 3298 occurramus
3102 3241 3171 3294 ad
3197 3256 3372 3292 resur-

1799 3346 2078 3398 rectionem
2103 3341 2511 3398 mortuorum".
2538 3338 2631 3392 Fel
2661 3339 2775 3408 ipse
2804 3350 2901 3406 pro
2929 3333 3083 3389 nobis
3115 3329 3370 3402 gustavit,

1801 3447 1858 3492 ιιι
1891 3452 1989 3490 nos
2036 3434 2337 3506 improbam
2385 3447 2601 3488 omnem
2654 3429 3001 3499 cupiditatem
3031 3423 3371 3493 abjiciamus,

1798 3539 1853 3583 et
1889 3543 1951 3583 os
1996 3537 2239 3582 nostrum
2285 3525 2652 3589 obstruamus,
2689 3537 2789 3577 nec
2829 3520 3069 3575 sinamus
3113 3515 3255 3570 illam
3307 3529 3370 3568 ex

1800 3637 1864 3677 eo
1891 3621 2108 3690 prodire
2137 3635 2200 3676 ac
2224 3619 2427 3690 perﬁci.
2465 3616 2714 3672 Gustavit
2745 3624 2956 3670 acetum
2989 3627 3084 3682 pro
3110 3609 3282 3672 nobis,
3319 3617 3376 3659 nt

1801 3730 1900 3770 nos
1922 3728 2135 3769 omnem
2166 3712 2530 3782 arrogantiam
2571 3720 2625 3766 et
2669 3707 3129 3780 perturbationem
3163 3703 3372 3759 exstin-

1803 3821 2050 3879 guamus.
2101 3803 2286 3878 Spulis
2342 3818 2668 3873 COItSpchtlS
2700 3809 2783 3856 est
2835 3816 2930 3871 pro
2978 3798 3156 3862 nobis,
3191 3805 3249 3849 ιιι
3277 3810 3375 3848 nos

1803 3901 1988 3956 tnnndi
2042 3899 2227 3955 laudes
2275 3909 2328 3954 et
2381 3901 2669 3953 humanam
2721 3895 2946 3968 gloriam
2998 3906 3372 3964 aspernemur.

1803 3995 2005 4065 Spinea
2039 4007 2238 4050 corona
2275 4002 2438 4062 caput
2487 3993 2603 4062 ejus
2634 3991 2906 4047 conﬁxum
2943 3998 3024 4044 est
3067 4003 3163 4058 pro
3198 3985 3374 4049 nobis,

1804 4094 1861 4138 ut
1901 4099 1999 4139 nos
2028 4083 2350 4138 humilitatis
2389 4097 2588 4138 corona
2631 4082 2887 4148 redimiti,
2930 4079 3132 4135 inimici
3181 4092 3376 4146 super-

1802 4179 1945 4234 biam
1972 4177 2370 4234 conculeemus.
2402 4177 2554 4244 Quod
2580 4184 2761 4231 autem
2802 4175 3120 4230 verberibus
3148 4171 3372 4224 allectus

1801 4269 2087 4337 est_Jesus,
2117 4281 2409 4341 antequam
2458 4269 2512 4324 in
2547 4283 2764 4324 crucem
2797 4275 3070 4337 ageretur,
3098 4263 3252 4318 nobis
3281 4262 3374 4315 do-

1801 4373 2056 4419 cumento
2083 4375 2186 4430 est,
2218 4372 2274 4416 ut
2303 4376 2492 4417 omnes
2516 4361 2797 4415 hominum
2830 4354 3186 4413 contumelias
3213 4360 3374 4421 atque

113 4454 344 4519 invidia,
380 4462 475 4508 aut
504 4453 865 4520 simulatione,
916 4464 1011 4509 aut
1046 4456 1347 4512 maledictis
1386 4459 1692 4527 proximum
1728 4489 1774 4544 ι)
1807 4457 2032 4528 injurias
2057 4471 2210 4524 tequo
2242 4455 2421 4509 animo
2447 4453 2711 4509 feramus.
2741 4450 2859 4506 Jam
2881 4448 3025 4520 quod
3055 4447 3374 4502 vestimenta

112 4563 271 4601 suum
317 4545 640 4612 insectatur,
679 4546 924 4618 leprosus
951 4556 1074 4612 est;
1126 4557 1182 4603 et
1224 4548 1447 4616 idcirco,
1475 4560 1533 4604 ut
1562 4549 1690 4605 olim

112 4639 340 4708 leprosi,
369 4639 638 4694 arcendus
675 4651 759 4694 est
791 4639 860 4693 ab
890 4639 1078 4706 altari;
1117 4642 1260 4712 quod
1309 4643 1353 4696 si
1389 4642 1514 4696 vitia
1549 4643 1696 4712 ejus-

113 4734 262 4788 modi
305 4732 596 4802 expulerit,
654 4733 888 4790 mundus
922 4734 1048 4789 erit.
1107 4734 1163 4791 Si
1220 4737 1382 4807 igitur
1439 4737 1695 4807 respiciat

112 4840 317 4891 caecus,
350 4825 590 4879 ambulet
617 4825 861 4892 claudus,
897 4827 1092 4882 surdus
1115 4829 1322 4894 audiat,
1353 4837 1407 4884 et
1446 4829 1692 4900 leprosus

113 4919 442 4984 tuuudctur;
489 4917 652 4972 homo
694 4919 784 4988 qui
843 4919 1181 4991 negligentia:
1236 4931 1477 4991 tempore
1512 4923 1565 4977 in
1610 4923 1694 4979 his

113 5014 264 5067 vitiis
293 5020 414 5068 erat
442 5021 708 5078 mortuus,
744 5009 796 5065 in
825 5011 990 5065 vitam
1026 5021 1331 5080 revocatur,
1363 5023 1417 5068 et
1448 5013 1509 5068 ﬁt
1537 5014 1699 5070 homo

115 5123 324 5172 novus;
356 5121 420 5160 ac
443 5107 698 5176 deinceps
726 5107 1148 5175 evangelizatur,
1188 5123 1308 5162 cum
1351 5119 1513 5164 antea
1558 5124 1690 5178 pau-

116 5215 216 5268 per
243 5196 495 5252 sensibus
529 5195 710 5259 fuerit,
741 5197 999 5250 virtutum
1032 5197 1230 5251 divitiis
1252 5213 1474 5265 carens;
1500 5210 1553 5254 et
1583 5201 1698 5254 ItiPC

119 5287 397 5343 renuntiat
427 5287 476 5341 ei
506 5302 534 5340 a
560 5301 667 5355 quo
695 5287 998 5355 baptizatus
1027 5295 1129 5343 est.

192 5379 254 5434 ll.
297 5375 572 5448 Baptisma
625 5387 706 5433 est
761 5377 979 5434 aﬂlictio
1022 5395 1144 5433 cum
1194 5381 1500 5436 humilitate
1534 5392 1697 5454 atque

122 5473 355 5529 silentio.
386 5470 623 5529 Joannes
650 5474 814 5537 enim,
851 5483 907 5528 ut
934 5474 1197 5545 scriptum
1227 5485 1307 5530 est
1328 5478 1395 5545 ⁸⁸,
1415 5479 1697 5536 indumen-

123 5578 235 5623 tum
273 5564 508 5622 habebat
536 5578 603 5619 ex
628 5565 750 5635 pilis
779 5566 994 5630 cameli,
1024 5581 1158 5620 zona
1188 5567 1408 5636 pellicea
1443 5583 1559 5627 erat
1587 5575 1687 5629 cir.

193 5763 238 5796 "
267 5762 396 5818 Luc.
431 5778 529 5824 vn.
554 5764 646 5819 2|.
686 5762 732 5795 ⁵⁸
753 5762 918 5818 Matth
979 5780 1058 5824 Ill.
1100 5765 1151 5820 ι.

125 5835 214 5894 ὣ.
289 5836 333 5866 θ’
358 5833 590 5906 Philipp.
619 5850 702 5901 ιιι,
733 5834 817 5904 10,
844 5835 926 5890 Il.
1005 5836 1048 5867 "
1082 5835 1211 5894 lleb.
1249 5855 1300 5906 ιι,
1331 5838 1418 5896 5i.

1230 5767 1275 5798 ”
1303 5765 1490 5822 Matth.
1524 5786 1658 5833 xxu,
1688 5770 1776 5827 46.

1804 4551 1920 4618 ejus
1977 4548 2153 4604 ductis
2201 4546 2442 4602 sortibus
2478 4545 2614 4599 inter
2674 4558 2734 4599 se
2784 4541 3088 4606 diviserint,
3121 4539 3376 4593 admone-

1805 4655 1944 4706 mur,
1977 4647 2036 4694 ιιι
2090 4651 2269 4692 rerum
2319 4636 2645 4691 caduearum
2697 4634 2966 4704 iacturam
3020 4629 3374 4700 parvipeuda-

1803 4751 1944 4803 mus,
1985 4743 2038 4789 et
2083 4747 2300 4786 crucem
2353 4730 2766 4800 amplectamur,
2814 4727 3061 4797 rapinam‘
3111 4725 3373 4777 bonorum

1804 4836 2133 4893 nostrorum,
2165 4834 2223 4880 ut
2254 4825 2454 4879 Paulus
2487 4822 2647 4890 ait”,
2679 4836 2802 4878 cum
2850 4818 3046 4892 gaudio
3078 4816 3377 4883 suscipien-

1807 4932 1908 4986 tes.
1943 4921 2378 4992 quandoquidem
2407 4919 2681 4974 meliorem
2705 4927 2756 4971 et
2785 4922 3089 4969 manentem
3122 4913 3382 4967 subSIan-

1804 5018 1929 5071 tiam
1960 5017 2218 5070 habemus
2246 5015 2296 5068 in
2326 5013 2502 5067 caelis.

1874 5108 1996 5164 "ch
2017 5108 2193 5164 omnia
2222 5107 2378 5162 debet
2402 5107 2564 5160 homo
2585 5113 2842 5174 praestare
2874 5117 2971 5173 pro
3000 5099 3203 5155 Viribus
3233 5098 3366 5163 snis,

1802 5203 2036 5272 alioquin
2078 5203 2129 5254 iu
2182 5217 2398 5255 crucem
2433 5215 2554 5254 cum
2590 5197 2818 5252 Domino
2877 5210 2980 5250 non
3033 5192 3378 5252 conscendet.

1803 5295 1994 5361 Porro,
2029 5309 2150 5349 eum
2201 5295 2330 5349 hora
2381 5302 2534 5348 sexta
2592 5289 2890 5346 cruciﬁxus
2946 5288 3017 5343 sit
3065 5302 3163 5357 pro
3209 5285 3383 5341 salute

1803 5400 1988 5447 nostra
2019 5404 2140 5444 cum
2178 5396 2325 5443 tanta
2356 5387 2534 5442 cordis
2577 5385 2896 5450 acerbitate,
2927 5384 3184 5438 debemus
3221 5380 3374 5449 lgna-

1803 5484 1944 5537 viam
1971 5495 2182 5536 omnem
2225 5495 2287 5534 ac
2318 5479 2662 5534 formidinem
2694 5478 2992 5546 deponere,
3045 5475 3217 5528 donec
3253 5489 3373 5542 pec-

1805 5585 1984 5632 catum
2011 5575 2261 5637 intereat,
2286 5573 2560 5643 quoniam,
2592 5581 2644 5624 ιιι
2668 5571 2923 5639 scriptum
2953 5567 3108 5632 est“,
3142 5582 3236 5637 per
3257 5580 3382 5621 cru-

1858 5771 1901 5803 ⁸ο
1931 5770 2057 5826 Luc.
2096 5787 2229 5834 xxn,
2271 5770 2315 5824 ς.
2395 5769 2434 5801 ⁸³
2473 5766 2658 5822 Matth.
2691 5781 2838 5831 uvt,
2870 5763 2967 5830 39;
3069 5761 3235 5817 Marc.
3268 5771 3380 5823 vir,

1499 5841 1765 5915 “Ephes.
1808 5859 1870 5913 ll,
1913 5844 1995 5898 Ili.
