3862 6344
484 318 625 378 H59

1578 315 1849 375 PATRES
1880 317 2181 377 [EGYPTII
2221 321 2492 380 SECULI
2525 322 2615 381 IV.

3654 308 3799 367 H50

485 453 603 494 cem
642 434 917 493 interiecit
948 432 1285 490 inimicitiam
1319 433 1373 488 iu
1426 447 1510 490 eo.
1546 433 1688 513 Nam
1734 438 1883 508 quod
1927 440 2059 496 hora
2090 446 2135 505 Α
2165 441 2497 498 voluntatem
2524 456 2678 496 suam
2717 454 2822 497 non
2866 444 3064 509 potest.
3096 437 3211 494 Non
3250 434 3411 491 ducet
3470 430 3664 499 alios,
3692 431 3788 501 qui

484 543 626 584 nona
661 526 915 584 clamavit
942 525 1100 583 Jesus
1120 542 1251 582 voce
1274 543 1465 600 magna
1489 544 1502 580 :
1528 527 1687 594 Deus,
1717 529 1858 586 Deus
1890 549 2055 599 meus,

482 619 610 691 quid
664 619 989 692 dereliquisti
1039 636 1122 675 me
1151 620 1236 674 “?
1288 630 1533 676 nostrum
1593 636 1720 679 esse
1768 623 2058 692 declarat,

481 723 671 787 postea
730 730 896 786 quam
960 714 1093 771 vitia
1147 730 1247 772 nos
1311 716 1517 773 acriter
1568 715 1868 788 aliiigentes
1909 718 2060 775 devi-

480 809 680 875 cimus,
723 817 782 862 ut
820 807 1033 864 tandem
1084 824 1210 865 cum
1261 809 1571 867 humilitate
1629 811 1934 868 clamantes
1986 811 2054 867 ad

483 900 673 967 Deum,
712 900 964 956 ﬁduciam
996 917 1296 958 sumamus.
1326 901 1479 969 Quod
1508 910 1695 959 autem
1720 902 1836 960 sole
1861 902 2056 961 obscu—

484 998 604 1045 rato
630 990 889 1047 Dominus
915 992 1094 1049 emisit
1123 992 1397 1063 spiritum,
1440 993 1680 1065 intelligo
1712 1002 1842 1050 tunc
1896 994 1953 1050 in
2007 1005 2059 1051 te

477 1092 758 1143 mortuum
781 1100 905 1143 esse
952 1094 1267 1155 peceatum,
1316 1102 1439 1142 cum
1473 1101 1605 1157 spes
1640 1102 1821 1143 rerum
1855 1103 1976 1158 qua:
2003 1088 2057 1143 in

479 1177 583 1234 hoc
612 1181 813 1235 mundo
834 1191 1161 1245 cernuntur,
1201 1182 1254 1235 in
1288 1179 1472 1235 animo
1500 1189 1594 1235 tuo
1624 1180 1830 1236 deﬁcit.
1858 1177 1930 1235 Et
1974 1197 2061 1236 ve-

476 1269 584 1324 lum
625 1273 803 1341 templi
832 1273 1054 1329 scissum
1081 1282 1157 1327 est
1188 1290 1220 1326 a
1261 1289 1466 1327 summa
1499 1288 1662 1343 usque
1692 1273 1935 1329 deorsum
1966 1272 2013 1305 ⁸⁸
2040 1292 2055 1329 :

472 1364 621 1432 quod
649 1364 942 1436 signiﬁcat,
969 1366 1015 1420 si
1045 1380 1207 1420 mens
1232 1364 1396 1420 fuerit
1423 1365 1671 1433 liberata,
1703 1365 2057 1422 interstitium

476 1455 621 1522 quod
648 1456 791 1511 inter
825 1457 969 1511 illam
998 1466 1054 1513 et
1096 1457 1261 1512 Deum
1309 1457 1621 1523 intercedit,
1651 1457 1922 1512 sublatum
1965 1457 2054 1513 iri.

475 1545 653 1603 Petrw
675 1547 853 1603 scissa:
873 1557 1017 1613 sunt,
1046 1558 1092 1602 et
1126 1556 1463 1602 monumenta
1487 1557 1670 1618 aperta
1690 1548 1758 1614 ‘7,
1799 1548 2057 1618 quoniam

473 1654 574 1710 per
602 1648 828 1696 mortem
865 1639 1009 1695 illam
1036 1638 1191 1695 nobis
1227 1640 1548 1706 adhibitam,
1574 1655 1735 1695 omne
1768 1641 1978 1709 pondus
2005 1650 2060 1697 ct

477 1733 716 1798 caecitas,
766 1741 1179 1803 etqua‘cnnqne
1213 1742 1465 1804 premunt
1510 1734 1750 1788 animam
1788 1742 2053 1800 nostram,

477 1827 916 1901 court-iugantur,
950 1836 1004 1885 et
1037 1843 1250 1896 sensus,
1280 1829 1373 1896 qui
1419 1829 1577 1883 morti
1621 1829 1858 1885 fructum
1918 1831 2058 1886 fere-

476 1919 631 1985 bant,
658 1920 1065 1984 convalescunt,
1091 1930 1253 1990 atque
1282 1921 1593 1975 excitantur
1621 1920 1826 1975 invicti.
1859 1920 1915 1975 ιιι
1943 1921 2058 1976 sin-

477 2013 616 2068 done
669 2012 865 2068 munda
903 2023 957 2068 et
991 2011 1331 2067 aromalibus
1390 2012 1666 2069 involutus
1717 2022 1823 2077 est,
1864 2022 1923 2067 ιιι
1957 2028 2057 2069 nos

473 2110 598 2171 post
626 2101 746 2171 ejus
776 2111 1005 2158 mortem
1054 2102 1108 2156 in
1139 2101 1429 2157 sanctitate
1456 2112 1617 2172 atque
1646 2103 2055 2159 immortalitate

474 2194 947 2266 conquiescnmus.
996 2192 1064 2247 Et
1124 2204 1410 2261 posuerunt
1443 2193 1595 2247 illum
1637 2194 1691 2248 in
1722 2205 2056 2250 monumento

473 2301 641 2354 uoco,
668 2286 723 2341 in
753 2302 856 2358 quo
885 2302 1033 2341 nemo
1078 2287 1276 2356 positus
1310 2285 1485 2355 fuerat
1520 2286 1565 2319 ⁸³
1598 2302 1614 2352 ;
1679 2298 1738 2342 et
1774 2287 2059 2343 volverunt

471 2376 705 2447 lapidem
748 2393 1003 2449 magnum
1046 2379 1113 2432 ad
1153 2377 1356 2433 ostium
1403 2379 1739 2433 monumenti
1789 2379 1857 2435 ".
1916 2377 2053 2435 Cum

470 2484 626 2525 ruens
674 2474 742 2525 ab
794 2470 1046 2528 omnibus
1098 2470 1260 2543 hujus
1307 2470 1488 2527 siceuli
1538 2471 2050 2541 perturbationibus

469 2562 696 2619 liberata
727 2562 1184 2636 Sabbatum-agit,
1215 2573 1299 2619 est
1338 2565 1392 2620 in
1426 2574 1775 2620 monumento
1809 2580 1970 2629 novo,
1999 2573 2056 2621 et

468 2668 560 2709 res
587 2668 754 2710 novas
784 2664 951 2725 atque
1002 2656 1349 2726 incorruptas
1376 2655 1689 2710 meditatur.
1731 2654 1832 2711 Ubi
1861 2672 2054 2726 corpus

468 2745 730 2809 est,illuc
786 2746 1241 2818 congregabantur
1269 2756 1317 2802 et
1349 2746 1544 2817 aquila:
1571 2747 1640 2801 ’°.
1695 2746 1946 2803 Surrexit
1998 2748 2052 2803 in

469 2836 639 2903 gloria
688 2837 862 2894 Patris
896 2840 999 2905 sui,
1046 2850 1101 2895 et
1149 2840 1397 2895 ascendit
1442 2840 1495 2895 in
1546 2839 1737 2905 caelos.
1797 2842 1940 2896 sedet
1991 2841 2052 2897 in

469 2925 683 2979 dextera
714 2925 1007 2994 majestatis
1038 2927 1092 2980 in
1118 2928 1333 2982 excelsis
1349 2929 1415 2982 ⁷⁸.
1452 2928 1706 2984 Nostrum
1740 2930 1903 3002 igitur
1944 2940 2051 2995 est,

467 3016 764 3084 Apostolus
791 3019 886 3084 ait,
912 3018 1026 3071 utsi
1059 3033 1178 3073 cum
1206 3017 1413 3073 Christo
1454 3024 1901 3088 consurreximus,
1934 3039 2055 3094 qua:

468 3121 678 3159 sursum
710 3116 829 3160 sunt
880 3108 1228 3179 inquiramus,
1258 3110 1346 3162 ubi
1401 3108 1644 3166 Christus
1695 3122 1770 3165 est
1796 3111 1851 3165 in
1880 3112 2051 3183 gloria

469 3198 567 3251 Dei
601 3199 802 3252 sedens.
856 3198 989 3266 Qua'
1018 3217 1223 3255 sursum
1275 3211 1395 3255 sunt
1441 3203 1737 3272 sapiamus,
1792 3221 1897 3259 non
1934 3221 2053 3276 qua:

468 3308 624 3359 super
655 3302 872 3347 terram.
907 3292 1109 3348 Μονιυί
1153 3296 1290 3349 enim
1345 3312 1460 3350 cum
1507 3294 1718 3353 Christo
1768 3315 1949 3353 sumus
1984 3300 2051 3365 τ’,

472 3383 563 3449 qui
595 3398 694 3452 pro
724 3393 918 3440 sancto
954 3386 1173 3441 nomine
1216 3402 1314 3441 suo
1353 3384 1518 3443 faciet
1552 3389 1833 3445 uobiscum
1887 3391 2054 3448 mise-

468 3476 757 3530 ricordiam
786 3491 939 3532 suam
969 3489 1225 3545 ;nostras
1251 3480 1395 3534 enim
1433 3481 1554 3535 tulit
1593 3481 1965 3550 inﬁrmitates,
1996 3495 2054 3539 ut

465 3580 689 3639 peccata
725 3580 908 3625 nostra
940 3570 1161 3636 deleret,
1185 3586 1390 3643 nosque
1411 3572 1466 3628 in
1496 3584 1809 3631 sanctorum
1829 3592 2049 3631 suorum

477 3676 706 3716 numero
766 3660 1081 3731 collocaret,
1122 3664 1215 3734 qui
1264 3663 1395 3719 vivit
1429 3674 1485 3721 et
1512 3673 1701 3736 regnat
1746 3668 1802 3722 in
1855 3667 2050 3723 saecula

469 3752 818 3809 saeculorum.
852 3754 1047 3810 Amen.

1029 3842 1288 3903 ORATIO
1324 3845 1465 3905 XIV.

645 3935 798 3991 Beati
823 3935 983 3992 Isaia'
1020 3937 1226 3993 abbatis
1260 3938 1431 3994 luctus
1455 3949 1502 3994 et
1530 3939 1856 3997 lamentatio.

542 4030 587 4085 Ι.
614 4028 698 4086 Me
728 4031 1006 4097 miserum,
1028 4047 1116 4088 me
1145 4033 1427 4101 miserum,
1459 4035 1584 4106 quia
1625 4038 1863 4092 nondum
1893 4053 1924 4091 a
1959 4052 2051 4109 ge-

464 4121 658 4177 hennae
688 4122 809 4193 igne
838 4137 955 4178 sum
993 4124 1161 4179 liber!
1201 4125 1302 4193 Qui
1342 4127 1409 4179 ad
1454 4126 1601 4182 illam
1654 4128 1903 4185 homines
1953 4131 2048 4184 de-

464 4217 715 4283 trahunt,
741 4217 918 4274 adhuc
950 4218 1002 4273 in
1051 4235 1137 4274 me
1174 4208 1474 4291 operantur
1509 4239 1522 4276 :
1560 4230 1616 4277 et
1661 4222 1841 4277 omnia
1881 4235 2045 4292 opera

464 4312 582 4383 ejus
612 4323 896 4368 moventur
939 4313 991 4368 in
1019 4314 1182 4369 corde
1215 4330 1355 4371 meo.
1404 4314 1504 4383 Qui
1539 4330 1624 4371 me
1658 4316 1710 4370 in
1738 4315 2044 4372 incendium

465 4414 734 4459 conantur
762 4393 1097 4475 demergere:
1126 4414 1294 4477 agunt
1320 4405 1496 4462 adhuc
1537 4405 1590 4461 in
1618 4407 1785 4462 corde
1814 4421 1957 4472 meo,
1992 4414 2048 4462 et

2092 1799 2130 1855 Β

2081 3154 2124 3209 C

2160 535 2501 606 compeditos
2524 542 2767 590 tenetur.
2798 533 2899 600 Qui
2932 533 2985 587 in
3016 531 3296 587 doloribus
3331 535 3643 590 versatur,
3677 542 3788 579 non

2159 629 2304 683 valet
2324 628 2629 698 quiescere.
2667 625 2784 682 Non
2807 625 2920 681 edit
2951 640 3073 681 cum
3101 624 3397 693 voluptate,
3418 618 3619 689 cujus
3641 616 3790 673 collo

2162 719 2396 791 injectus
2427 729 2511 775 est
2542 720 2790 790 laqueus.
2844 715 3033 786 Neque
3071 714 3303 785 amplius
3347 713 3611 782 cogitat,
3648 725 3788 780 quo-

2160 811 2320 867 modo
2346 811 2451 866 alia
2476 810 2683 867 scelera
2700 810 3022 873 committat,
3048 807 3143 862 sed
3173 806 3226 860 in
3247 806 3392 860 luctu
3426 812 3499 860 et
3530 817 3791 859 mmrore

2161 900 2310 969 degit
2329 901 2399 958 ob
2431 901 2521 957 illa
2554 900 2751 972 quibus
2790 896 3088 955 obstrictus
3117 904 3238 964 est,
3287 904 3342 951 et
3376 903 3638 967 propter
3662 909 3790 964 qua

2160 994 2354 1050 merito
2385 1006 2680 1052 cruciatur.
3423 1058 3435 1067 ,

2228 1087 2294 1143 ll.
2317 1087 2418 1155 Qui
2443 1087 2752 1144 considerat
2796 1098 3039 1145 extrema
3075 1087 3167 1145 illa
3205 1084 3472 1158 supplicia
3506 1124 3528 1147 ,
3574 1081 3791 1155 quibus

2161 1176 2481 1235 alliciendos
2525 1187 2610 1235 est
2648 1189 2869 1249 propter
2898 1189 3120 1250 peccata
3154 1193 3276 1244 sua,
3318 1179 3365 1233 is
3415 1177 3698 1230 animum
3730 1172 3787 1226 in

2160 1267 2376 1324 caeteris
2400 1267 2709 1339 judicandis
2762 1284 2869 1324 non
2903 1270 3063 1325 habet
3090 1278 3410 1338 occupatum
3446 1283 3464 1319 :
3511 1281 3628 1323 cor
3659 1264 3789 1335 ejus

2159 1360 2405 1417 stimulat
2448 1359 2602 1417 dolor
2631 1368 3068 1425 tormentorum;
3111 1361 3457 1418 cruciatuum
3489 1359 3787 1431 cogitatio

2162 1467 2268 1507 non
2296 1453 2426 1507 sinit
2443 1466 2567 1508 eum
2605 1453 2879 1510 curiosum
2904 1471 2923 1524 ;
2948 1454 3013 1510 de
3033 1455 3172 1511 cibis
3197 1470 3302 1510 non
3331 1464 3417 1511 est
3448 1452 3781 1510 sollicitus.

2160 1544 2276 1611 Non
2311 1546 2600 1617 respondet
2637 1546 2746 1602 illis
2779 1561 2809 1601 a
2866 1547 3062 1617 quibus
3097 1545 3330 1603 afﬁcitur
3359 1545 3726 1602 contumelia
3761 1560 3784 1610 ;

2159 1635 2384 1706 patienti
2414 1635 2595 1691 animo
2623 1634 2730 1691 fert
2778 1650 2970 1692 omnes
3025 1634 3276 1703 injurias,
3318 1647 3497 1704 seque
3530 1632 3778 1703 dignum

2162 1726 2266 1782 illis
2287 1726 2602 1793 existimat;
2631 1728 2772 1782 risus
2796 1727 2865 1783 ab
2894 1741 2959 1784 eo
2986 1725 3172 1797 procul
3200 1726 3389 1795 abest;
3412 1740 3550 1780 eum
3578 1724 3776 1793 suSpi-

2162 1819 2244 1875 rio
2297 1828 2350 1875 et
2397 1818 2598 1890 gemitu
2633 1818 2960 1875 l'ormidandi
2999 1818 3188 1888 judicii
3220 1819 3274 1874 in
3304 1831 3414 1889 quo
3468 1815 3783 1872 sistendus

2163 1921 2268 1977 est,
2319 1912 2672 1978 recordatur;
2714 1912 2758 1968 si
2790 1911 2921 1983 quid
2985 1907 3159 1980 audit,
3199 1925 3305 1966 non
3358 1908 3773 1965 animadvertit

2162 2015 2342 2061 utrum
2377 2020 2501 2062 cum
2551 2004 2715 2062 laude
2748 2006 2959 2062 dictum
3014 2006 3106 2072 sit,
3158 2019 3225 2058 an
3283 2011 3513 2071 contra;
3551 2000 3777 2058 doloris

2160 2100 2476 2170 magnitudo
2521 2099 2792 2171 ingentem
2832 2115 2898 2156 ex
2927 2099 3100 2155 oculis
3131 2096 3248 2166 ejus
3294 2096 3512 2168 copiam
3568 2093 3770 2165 expri-

2161 2192 2259 2245 mit
2306 2191 2699 2264 laerymarum;
2737 2190 2783 2246 si
2811 2205 2877 2246 ex
2900 2190 3063 2247 claris
3084 2188 3403 2260 parentibus
3432 2197 3609 2244 ortus
3654 2195 3771 2251 est,

2160 2286 2335 2354 magis
2375 2287 2538 2342 etiam
2582 2286 2745 2350 dolet,
2787 2285 3042 2355 quoniam
3074 2284 3128 2340 in
3169 2283 3373 2356 judicio
3411 2291 3531 2337 tam
3568 2278 3767 2336 multis

2160 2378 2533 2449 spectantibus
2556 2378 2817 2434 videndus
2845 2387 2959 2444 est;
3007 2375 3060 2431 in
3110 2374 3307 2447 populo
3343 2390 3450 2430 non
3487 2372 3763 2429 conside-

2161 2480 2271 2534 rat,
2313 2472 2404 2542 qui
2432 2471 2695 2541 boui,qui
2722 2470 2848 2526 mali
2877 2473 2986 2525 sint
3028 2488 3042 2525 :
3080 2470 3126 2525 si
3170 2484 3272 2523 una
3328 2482 3451 2523 cum
3483 2468 3619 2538 ipso
3662 2463 3760 2519 alii

2160 2566 2326 2619 vineti
2357 2565 2671 2632 trahuntur,
2724 2580 2829 2619 non
2884 2564 3113 2619 attendit
3163 2563 3291 2628 illis,
3326 2576 3426 2616 nec
3466 2556 3761 2614 consultat

2159 2670 2284 2711 cum
2308 2657 2388 2712 eis
2415 2656 2545 2727 quid
2578 2656 2844 2728 agendum
2881 2657 2971 2712 sit.
3025 2655 3172 2711 Onus
3204 2656 3343 2709 enim
3377 2652 3480 2723 [ert
3522 2652 3758 2723 quisque

2156 2764 2309 2801 suum
2339 2748 2405 2801 ⁷³.
2452 2748 2586 2803 Dum
2632 2750 2700 2803 ad
2733 2748 3053 2821 supplicium
3088 2746 3343 2810 trahitur,
3377 2741 3571 2798 oculos
3597 2737 3756 2795 humi

2157 2839 2365 2896 deﬁxos
2392 2849 2564 2907 tenet;
2600 2856 2761 2897 nemo
2794 2841 2862 2896 de
2891 2838 2981 2894 illo
3010 2838 3173 2893 audet
3197 2836 3359 2892 verba
3396 2824 3588 2889 facere
3620 2844 3752 2900 pro-

2157 2942 2278 3000 pter
2320 2939 2522 2985 mctum
2556 2940 2973 2997 tormentorum.
3011 2928 3086 2984 Ea
3112 2943 3229 2998 quae
3266 2925 3518 2997 patrarit,
3550 2935 3752 2995 quam-

2157 3023 2343 3076 obrem
2371 3021 2568 3077 merito
2604 3021 2890 3077 damnatus
2921 3020 3017 3088 sit,
3046 3020 3159 3092 ipse
3183 3018 3491 3076 conﬁtetur.

2230 3110 2321 3166 Ill.
2357 3110 2610 3180 Quandiu
2654 3112 2813 3184 igitur
2853 3111 3036 3168 ebrius
3065 3126 3159 3167 ero
3197 3111 3316 3166 sine
3348 3111 3497 3178 vino,
3542 3118 3598 3164 et
3630 3108 3747 3164 hac

2172 3221 2292 3277 quae
2323 3216 2447 3261 ante
2476 3220 2560 3262 me
2613 3213 2738 3261 sunt
2784 3203 3092 3277 negligam!
3147 3203 3385 3258 Ariditas
3416 3201 3606 3258 cordis
3639 3198 3743 3255 mei

2157 3299 2344 3354 oculos
2378 3314 2529 3356 meos
2580 3298 2892 3354 exsiccavit.
2950 3297 3014 3352 Et
3063 3296 3441 3352 sollicitudinis
3472 3296 3741 3351 ebrietate

2163 3400 2331 3462 caput
2355 3406 2529 3446 meum
2560 3393 2883 3446 exhaustum
2911 3399 3012 3446 est.
3035 3388 3214 3444 Animi
3244 3388 3533 3443 distractio
3556 3387 3624 3442 ad
3644 3387 3742 3443 ho-

2157 3498 2273 3538 ram
2309 3496 2483 3554 usque
2536 3484 2877 3539 tenebrarum
2925 3483 3055 3537 mihi
3109 3480 3443 3535 oblivionem
3487 3480 3732 3536 adduxit.

2161 3575 2424 3647 Corporis
2446 3576 2741 3632 necessitas
2780 3575 3020 3630 devinxit
3050 3589 3166 3641 me;
3195 3582 3249 3630 ct
3283 3573 3543 3629 interitus
3565 3573 3633 3629 de
3654 3572 3734 3625 vis

2166 3683 2252 3723 me
2285 3668 2429 3740 cogit
2470 3667 2781 3725 deﬂectere.
2827 3666 3013 3738 Neque
3039 3669 3270 3724 amicum
3317 3668 3513 3732 habeo.
3545 3668 3642 3740 qui
3671 3667 3734 3721 de

2165 3773 2253 3815 me
2297 3758 2581 3831 loquatur;
2636 3774 2736 3814 nec
2781 3775 2976 3814 munus
3008 3768 3091 3815 est
3124 3759 3277 3827 mihi,
3333 3760 3477 3828 quod
3525 3760 3733 3815 civibus

2161 3851 2395 3907 mittam.
2427 3852 2593 3908 Fama
2617 3852 2983 3907 calamitatum
3010 3853 3207 3923 quibus
3252 3850 3475 3913 aiiicior,
3518 3852 3649 3907 facit
3677 3861 3733 3905 ut

2152 3957 2243 3997 me
2275 3958 2380 3999 nou
2407 3953 2724 4014 agnoscant.
2748 3942 2804 4000 Si
2835 3959 2930 4001 eos
2959 3943 3209 4015 imploro,
3238 3959 3343 4000 non
3373 3944 3603 4001 audiunt
3628 3961 3727 4000 me.

2155 4033 2350 4091 Vident
2375 4035 2519 4091 enim
2550 4049 2638 4090 me
2676 4036 2911 4091 nondum
2946 4050 2975 4090 a
3006 4034 3283 4092 doloribus
3329 4037 3587 4093 liberum.
3629 4037 3729 4094 Cor

2153 4144 2330 4184 meum
2357 4128 2777 4184 consolationem
2806 4144 2913 4183 non
2944 4127 3161 4184 invenit.
3201 4127 3554 4185 Peccatorum
3586 4132 3726 4198 enim

2154 4219 2375 4277 aculeus
2422 4220 2542 4276 sine
2587 4219 2692 4274 ulla
2741 4220 3143 4276 intermissione
3198 4236 3284 4277 me
3333 4221 3625 4291 stimulat;
3676 4230 3726 4278 et

2151 4326 2289 4367 onus
2322 4311 2663 4382 iniquitatnrn
2719 4327 2958 4367 mearum
2992 4312 3338 4383 ingravescit.
3384 4311 3497 4369 Nec
3549 4323 3726 4371 tamen

2152 4404 2293 4472 ignis
2339 4404 2446 4457 vim
2496 4403 2658 4473 plane
2694 4403 3006 4470 reformido,
3046 4405 3299 4474 quoniam
3345 4404 3397 4459 in
3449 4405 3606 4461 illum
3647 4422 3727 4463 me

465 4498 675 4552 fructus
714 4511 841 4552 suos
885 4496 1133 4567 proferre
1178 4497 1421 4567 cupiunt.
1451 4495 1702 4553 Nondum
1738 4498 1869 4552 mihi
1906 4513 2039 4553 con-
2076 4497 2120 4552 D
2149 4495 2401 4565 injectum
2427 4493 2495 4549 iri
2523 4494 2866 4566 exploratum
2901 4511 3004 4551 non
3041 4495 3234 4552 habeo.
3256 4494 3478 4551 Clamor
3502 4498 3559 4550 in
3591 4498 3725 4553 auri-

465 4599 594 4655 stat,
628 4604 863 4661 quonam
892 4589 1019 4646 hinc
1071 4590 1174 4644 sim
1208 4588 1573 4660 profecturus.
1620 4588 1869 4646 Nondum
1908 4589 2042 4645 mihi

466 4691 650 4751 parata
674 4690 758 4738 est
793 4692 934 4737 recta
963 4682 1331 4738 via.Nondum
1355 4683 1516 4755 plane
1539 4683 1804 4739 liberatus
1829 4698 1948 4739 sum
1977 4682 2046 4737 ab

469 4773 644 4827 aereis
677 4774 1060 4843 potestatibus,
1092 4788 1212 4843 qua:
1264 4768 1393 4828 mihi
1424 4790 1521 4845 per
1544 4774 1686 4829 mala
1714 4788 1834 4830 mea
1880 4789 2045 4846 opera

466 4865 732 4918 dominari
763 4875 1049 4921 conantur.
1073 4864 1321 4919 Nondum
1347 4864 1694 4920 liberatorem
1709 4880 1897 4920 meum
1927 4881 2047 4920 sus~

466 4958 606 5026 cepi,
650 4957 740 5027 qui
770 4958 918 5013 venit
972 4968 1030 5012 ut
1079 4973 1163 5013 me
1194 4957 1263 5011 ab
1298 4957 1430 5026 ipsis
1482 4957 1807 5013 vindicaret.
1851 4957 2041 5013 Adhuc

464 5052 609 5106 enim
650 5050 703 5104 in
733 5064 820 5106 me
852 5050 998 5121 viget
1033 5064 1218 5106 earum
1280 5050 1623 5120 improbitas.
1666 5048 1919 5107 Nondum
1955 5051 2040 5106 vi-

465 5142 587 5208 deo,
630 5157 750 5212 qtae
798 5142 933 5197 mihi
966 5144 1107 5211 apud
1151 5140 1392 5209 judicem
1437 5142 1607 5211 possit
1649 5156 1773 5198 esse
1821 5141 2039 5197 ﬁducia.

465 5234 712 5289 Nondum
740 5234 1077 5305 exploratum
1110 5235 1282 5290 habeo
1303 5274 1317 5297 ,
1362 5244 1541 5288 utrum
1577 5245 1751 5290 morte
1810 5233 2039 5288 multant

466 5326 568 5379 dus
591 5325 713 5392 sim,
750 5340 941 5382 necne.
982 5323 1232 5380 Nondum
1260 5342 1325 5382 ex
1353 5341 1567 5382 reorum
1601 5340 1825 5382 numero
1851 5341 2040 5381 exem-

466 5426 589 5486 ptus
638 5432 779 5471 sum.
830 5416 974 5473 Reus
1002 5418 1094 5489 qui
1146 5419 1197 5473 in
1249 5434 1467 5475 carcere
1508 5419 1718 5475 vinctus
1775 5426 1879 5483 est,
1935 5433 2041 5477 non

468 5512 698 5566 laxatur.
755 5510 856 5578 Qui
911 5509 1103 5568 ferreis
1133 5513 1430 5569 obstrictus
1463 5521 1546 5569 est
1577 5512 1827 5572 vinculis.
1862 5511 2041 5591 [acere

538 5732 584 5767 "
637 5732 824 5789 Matth.
864 5748 1036 5799 xxvii,
1063 5735 1153 5791 46.
1232 5737 1276 5769 “
1309 5736 1443 5791 ibid.
1470 5737 1559 5792 51.
1664 5737 1707 5769 ⁶⁷
1738 5735 1866 5790 ibid.
1899 5735 1993 5800 51,
2018 5734 2107 5791 5-2.

468 5821 615 5866 xxiv.
648 5805 744 5862 c28:
782 5804 915 5861 Luc.
948 5822 1079 5871 xm,
1104 5805 1192 5861 '57.
1269 5806 1313 5839 ⁷¹
1348 5807 1477 5864 llcb.
1528 5825 1566 5876 ι,
1597 5809 1652 5865 3.
1725 5807 1799 5882 ἔτ’
1829 5805 2034 5863 Coloss.

2202 5806 2313 5861 1-5.

2146 4591 2245 4646 bus
2293 4587 2430 4645 meis
2479 4589 2717 4655 insonat,
2769 4589 2823 4645 in
2875 4591 3178 4659 propinquo
3210 4591 3534 4660 supplicium
3583 4609 3721 4649 esse.

2145 4680 2381 4736 Vulnera
2424 4696 2543 4752 quae
2589 4690 2780 4737 sanata
2830 4681 3186 4747 videbantur,
3233 4683 3287 4738 in
3335 4699 3567 4753 corpore
3608 4701 3722 4743 meo

2148 4774 2577 4841 recrudescunt;
2621 4789 2721 4830 nec
2756 4783 2936 4830 tamen
2961 4775 3133 4830 adhuc
3159 4788 3630 4846 computruerunt,
3670 4790 3724 4832 ut

2146 4867 2381 4921 medium
2419 4866 2714 4937 requiram.
2738 4864 2979 4938 Contego
3009 4866 3230 4921 vulnera
3264 4882 3405 4936 mea,
3443 4885 3511 4925 ne
3537 4870 3607 4925 ab
3631 4871 3721 4925 ιιο.

2146 4958 2383 5012 minibus
2409 4957 2735 5025 videantur;
2779 4967 2834 5012 et
2870 4958 2978 5026 pati
3010 4972 3239 5028 nequeo,
3275 4966 3333 5012 nt
3366 4974 3429 5014 ea
3482 4962 3721 5016 medicus

2139 5057 2309 5102 curet.
2355 5048 2561 5102 Acerba
2623 5048 2829 5103 inferre
2867 5049 2980 5103 vult
3031 5048 3446 5119 medicamenta,
3475 5054 3572 5107 sed
3626 5068 3719 5123 ego

2141 5154 2246 5193 non
2303 5138 2498 5208 patior.
2544 5138 2722 5194 Bonus
2761 5147 2847 5194 est
2899 5139 3163 5204 medicus,
3204 5155 3302 5196 nec
3343 5143 3653 5197 mercedem
3692 5161 3715 5195 a

2139 5246 2225 5287 me
2255 5232 2516 5301 requirit;
2548 5240 2601 5286 et
2624 5247 2724 5303 ego
2756 5247 2872 5287 sum
2900 5232 2970 5286 ita
2992 5232 3162 5303 piger,
3200 5242 3257 5288 nt
3284 5235 3351 5288 ad
3382 5249 3507 5289 eum
3527 5250 3718 5306 graver

2147 5324 2421 5380 accedere.
2459 5322 2607 5380 Ultro
2630 5323 2744 5395 ipse
2776 5323 2842 5378 ad
2873 5337 2957 5380 me
2984 5324 3225 5391 venit,ut
3252 5324 3385 5379 mihi
3406 5326 3713 5393 medeatur;

2145 5427 2201 5474 et
2224 5418 2427 5474 invenit
2456 5434 2542 5474 me
2576 5419 2945 5475 comedentem
2973 5436 3093 5492 quae
3117 5419 3428 5476 vulneribus
3444 5433 3574 5477 sunt
3596 5437 3713 5478 con-

2151 5511 2337 5567 traria.
2371 5510 2629 5567 Hortatur
2656 5527 2760 5582 me,
2802 5522 2861 5567 ut
2906 5513 3609 5584 deincepsabstineam;et
3628 5528 3713 5569 ve-

2213 5737 2256 5767 “
2290 5735 2461 5795 luam.
2483 5739 2691 5799 tum“.
2788 5740 2834 5772 ⁶⁹
2866 5739 3057 5797 Matth.
3095 5755 3267 5807 xit-vn,
3298 5738 3393 5797 60.
3454 5741 3503 5774 "
3526 5739 3704 5801 Haut

2213 5808 2313 5861 [-5.
2418 5810 2464 5841 ⁷³
2496 5809 2614 5863 Gal.
2649 5825 2719 5865 vt.
2748 5810 2800 5865 5.

2602 5848 2614 5863 Ο
2656 5848 2719 5878 Vl,
2748 5848 2800 5865 υ.
