3862 6340
127 336 267 391 Ilil

1208 338 1266 394 S.
1307 337 1514 394 lSAl/E
1554 338 1730 392 ABBA
1747 335 1858 391 TIS
1895 333 2308 392 ORATIONES.

3269 319 3412 381 ιιις

131 458 336 515 δεθηίίί
370 455 622 526 νοιηβίτιε
642 470 738 512 θοι·
781 471 959 512 meum
1002 458 1215 530 decipit.
1248 459 1470 528 Quoties
1494 460 1740 526 comedo,
1770 493 1814 549 Α
1847 458 2114 527 conﬁdunt
2142 457 2198 510 in
2233 453 2454 508 Domino
2484 450 2558 522 (8)
2592 467 2605 502 :
2637 465 2738 502 non
2761 445 3164 501 commovebitur
3192 444 3245 497 in
3264 454 3407 498 ater.

135 556 312 606 mties
352 567 443 606 me
478 550 706 620 paanitet
758 553 1088 618 comedisse;
1127 555 1220 610 sed
1255 555 1569 623 pmnitentia
1622 570 1736 609 mea

139 660 255 698 non
289 651 384 698 est
419 657 572 697 vera.
598 645 762 699 Mittit
786 645 873 700 ille
902 647 1032 700 mihi
1059 647 1198 715 quod
1225 649 1590 712 comedam,ut
1614 662 1740 702 con-

138 736 429 789 valescam
459 754 475 802 ;
513 746 568 789 at
600 736 740 791 mala
776 723 1110 794 consuetudo
1143 752 1204 792 ea
1231 752 1315 793 me
1342 742 1615 810 suscipere
1636 758 1738 796 non

142 824 447 891 permittit.
488 824 547 878 In
597 840 830 890 summa,
883 825 1009 894 quid
1050 841 1203 896 agam
1230 866 1245 889 ,
1297 828 1504 897 ignoro.
1544 830 1742 899 Lugete

146 932 406 982 mecum,
440 931 634 971 omnes
680 932 776 970 vos
829 916 1026 971 fratres
1073 919 1200 981 mei,
1237 929 1293 971 ut
1335 918 1426 973 Dei
1479 921 1739 974 auxilium

148 1007 369 1060 viribus
401 1009 540 1062 meis
587 1007 759 1076 majus
789 1009 857 1062 ad
895 1024 979 1062 me
1009 1009 1314 1071 descendat.
1350 1019 1408 1064 ut
1437 1027 1522 1067 me
1556 1024 1740 1081 regat,

146 1106 205 1147 et
247 1095 470 1159 doceat,
513 1097 769 1166 quoniam
829 1097 996 1166 ipsius
1044 1109 1128 1152 est
1168 1115 1412 1170 regnum,
1445 1110 1499 1156 et
1548 1100 1740 1170 gloria,

151 1203 304 1242 nunc
342 1197 398 1242 et
441 1203 690 1260 semper,
735 1200 790 1246 et
836 1190 889 1244 in
931 1191 1111 1245 omnia
1153 1191 1348 1246 saecula
1397 1191 1739 1247 saeculorum.

151 1282 188 1334 Δ
205 1295 358 1338 men.

738 1395 995 1453 ORATIO
1033 1396 1148 1452 XV.

599 1507 674 1562 De
710 1510 894 1564 mundi
923 1510 1325 1565 renuntiatioue.

236 1623 279 1677 1.
345 1621 676 1678 Rationibus
725 1624 929 1680 nostris
977 1625 1360 1693 consulamus,
1399 1625 1746 1691 charissimi,

1843 572 1985 617 num,
2016 554 2104 623 qui
2131 551 2336 605 habitat
2383 549 2438 603 in
2471 545 2799 601 Hierusalem
2835 543 2904 596 ".
2943 541 3044 608 Qui
3092 538 3264 596 credit
3303 537 3407 594 sibi

1841 661 1961 700 cum
1986 659 2016 698 e
2037 656 2261 712 corpore
2289 635 2880 706 discesserit,judicium
2897 646 3017 689 esse
3049 630 3406 696 subeundum,

1844 739 1888 792 is
1924 736 2065 792 nulla
2089 736 2142 790 in
2161 749 2219 789 re
2239 734 2443 804 judicat
2465 731 2765 802 proximum
2801 742 2977 782 suum.
3009 724 3222 794 Oportet
3244 723 3406 785 enim,

1843 841 1900 882 ut
1937 829 2192 897 scriptum
2240 835 2326 880 est
2354 825 2421 888 ⁷⁸,
2457 839 2635 878 omnes
2683 837 2775 874 nos
2829 819 2944 873 sisti
2997 827 3117 870 ante
3175 813 3407 868 tribunal

1844 921 2067 983 Christi,
2107 929 2164 972 ut
2216 918 2572 987 unusquisque
2626 912 2845 981 recipiat
2894 925 2958 964 ea:
3002 906 3242 976 operibus
3289 921 3405 976 qna-

1843 1014 1994 1082 gessit
2024 1013 2078 1065 in
2113 1026 2330 1079 corpore
2359 1025 2454 1064 suo
2474 1048 2490 1074 ,
2530 1005 2605 1062 uel
2632 1006 2907 1076 prtemium
2951 1003 3029 1056 vel
3072 999 3405 1070 supplicium.

1844 1102 1942 1168 Qui
1981 1101 2153 1156 credit
2211 1100 2445 1153 futurum
2475 1112 2594 1152 esse
2619 1104 2926 1152 sanctorum
2958 1105 3204 1163 regnum,
3258 1095 3412 1143 cavet

1845 1206 1913 1244 ne
1949 1191 2000 1244 in
2049 1188 2244 1259 parvis-
2271 1194 2364 1240 aut
2387 1185 2622 1240 minimis
2678 1182 2839 1238 rebus
2866 1188 3074 1252 peccet,
3099 1187 3158 1232 ut
3186 1177 3278 1230 ﬁat
3317 1191 3412 1229 vas

1846 1282 2096 1337 electum.
2135 1279 2271 1333 Nam
2316 1277 2504 1341 simile,
2549 1276 2803 1345 inquit",
2837 1283 2909 1328 es:
2931 1288 3143 1343 regnum
3168 1269 3413 1324 caelorum

1845 1388 2052 1443 sugente
2089 1372 2266 1425 missa:
2324 1370 2382 1424 in
2421 1385 2585 1432 mare,
2615 1379 2661 1422 et
2691 1383 2755 1422 ex
2783 1366 2924 1420 omni
2969 1378 3150 1443 genere
3191 1359 3412 1430 piscium

1846 1465 2209 1535 congreganti;
2233 1478 2358 1529 quos
2372 1477 2487 1515 cum
2514 1459 2722 1527 impleta
2743 1469 2891 1521 esset,
2905 1455 3227 1510 extrahentes
3249 1449 3413 1520 elege-

1849 1567 1967 1610 runt
1993 1558 2174 1621 bonos,
2221 1565 2267 1607 et
2309 1561 2487 1620 putres
2518 1551 2841 1613 abiecerunt.
2881 1547 2982 1614 Qui
3016 1544 3190 1600 credit
3217 1555 3414 1610 corpus

1849 1662 2005 1702 suum
2036 1647 2088 1700 in
2121 1646 2209 1700 die
2255 1643 2439 1716 judicii
2480 1651 2934 1704 resurrecturum,
2966 1637 3125 1693 debet
3177 1633 3303 1688 illud
3348 1634 3416 1684 ab

159 1717 433 1785 quoniam
481 1726 694 1785 tempus
740 1717 902 1772 breve
950 1726 1034 1771 est
1062 1717 1131 1770 ".
1171 1717 1366 1773 Animo
1415 1733 1612 1774 vacare
1643 1734 1746 1773 non

1868 1740 1994 1795 imni
2027 1738 2186 1792 sorde
2211 1749 2266 1792 et
2295 1735 2504 1791 macula
2532 1750 2721 1805 purum
2753 1733 3132 1801 integrumque
3171 1740 3393 1782 servare

163 1819 350 1878 potest
374 1808 467 1877 qui
501 1807 568 1861 de
597 1822 825 1876 corpore
858 1806 1130 1878 sollicitus.
1157 1814 1257 1864 est.
1289 1807 1747 1874 Quemadmodum
1783 1837 1824 1892 Β
1849 1829 2169 1899 Rei-armabit
2200 1827 2372 1891 enim,
2407 1836 2467 1880 ιη
2508 1826 2765 1895 scriptum
2801 1833 2887 1880 εει
2919 1823 2989 1888 re,
3030 1835 3217 1888 corpus
3249 1816 3420 1870 ιηιηιί..

163 1916 329 1955 nemo
379 1908 558 1971 potest
612 1900 826 1954 oculum
886 1916 1050 1955 unum
1102 1904 1152 1955 in
1185 1901 1378 1956 coelum
1436 1902 1645 1966 tollere,
1690 1913 1742 1958 et

165 1993 405 2047 alterum
439 1991 586 2045 humi
623 1992 890 2063 deﬁgere;
920 1993 991 2047 ita
1021 2009 1174 2049 mens
1197 1997 1381 2063 nequit
1409 2010 1528 2066 quae
1562 1995 1655 2051 Dci
1694 2005 1749 2052 et

164 2099 288 2155 qua:
317 2085 508 2138 mundi
560 2092 684 2138 sunt
715 2083 874 2138 simul
902 2099 1115 2141 curare.
1164 2087 1240 2143 De
1278 2087 1344 2142 iis
1373 2102 1493 2158 qua:
1521 2089 1616 2144 tibi
1643 2104 1747 2144 non

167 2185 424 2247 prosunt,
456 2185 509 2229 te
541 2177 675 2230 adeo
703 2174 870 2232 fuisse
889 2175 1180 2232 sollicitum
1227 2179 1536 2246 erubesces,
1566 2197 1686 2236 cum
1720 2197 1751 2238 e

167 2283 407 2338 corpore
431 2268 757 2323 excesseris.
785 2267 951 2323 Deum
988 2270 1139 2334 time,
1170 2271 1260 2339 qui
1295 2280 1417 2328 tuas
1467 2275 1752 2344 cogitatio-

169 2375 267 2413 nes
291 2361 554 2415 intuetur.
576 2358 706 2426 Qua:
727 2374 910 2414 coram
936 2361 1238 2416 hominibus
1263 2361 1441 2419 facere
1457 2366 1752 2434 erubescis,
1826 2358 1837 2367 ’

169 2468 231 2505 ea
259 2461 318 2505 et
351 2450 567 2505 occulte
595 2452 835 2521 cogitare
868 2462 1022 2522 turpe
1047 2463 1194 2521 puta.
1221 2453 1290 2509 Ut
1311 2457 1472 2511 arbor
1488 2471 1551 2512 ex
1578 2457 1753 2514 fructu

173 2543 550 2611 cognoscitur,
581 2547 658 2598 sic
685 2559 750 2598 ex
784 2545 1105 2614 cogitatione
1137 2562 1291 2603 mens
1339 2549 1516 2618 qualis
1547 2551 1636 2616 sit,
1675 2554 1756 2605 in-

162 2635 461 2704 olelligitut'.
490 2635 740 2701 Quandiu
768 2641 990 2704 peccato
1019 2645 1193 2704 pates,
1232 2653 1300 2692 ne
1325 2649 1376 2694 te
1406 2639 1632 2696 liberum
1660 2658 1756 2712 pn-

177 2735 279 2779 tes.
304 2726 409 2792 Qui
444 2741 574 2780 vera
606 2725 803 2780 fruitur
830 2727 1102 2794 libertate,
1129 2728 1172 2782 is
1204 2729 1256 2782 in
1281 2744 1469 2784 eorum
1499 2747 1618 2801 quae
1647 2741 1760 2786 tur-

179 2818 321 2883 piter
355 2816 596 2883 admisit,
654 2818 1001 2873 meditatione
1052 2834 1157 2874 non
1195 2819 1532 2876 immoratur.
1585 2823 1663 2878 Ne
1708 2832 1760 2878 te

181 2909 349 2977 igitur
375 2909 612 2965 liberum
656 2912 905 2967 existima
927 2953 944 2980 ,
987 2914 1156 2970 donec
1185 2913 1472 2971 Dominum
1501 2933 1761 2986 provocas

181 3003 250 3056 ad
295 3003 746 3072 indignationem.
783 3003 1030 3062 Libertas
1065 3022 1170 3062 non
1201 3008 1437 3076 advenit,
1469 3011 1608 3080 quod
1644 3013 1761 3068 ani-

183 3111 304 3151 mus
339 3096 547 3165 aliquid
571 3106 758 3151 eorum
782 3113 900 3166 qua:
927 3099 981 3153 in
1013 3101 1212 3156 mundo
1237 3112 1384 3166 sunt,
1405 3105 1760 3174 concupiscit.

185 3187 260 3242 Ea
296 3196 351 3242 te
383 3202 512 3242 cura
539 3187 815 3253 sollicitet,
846 3192 990 3259 quod
1019 3201 1424 3247 resurrecturus
1455 3193 1554 3259 sis,
1580 3204 1633 3248 et
1656 3195 1763 3250 Deo
1790 3219 1834 3276 ρ

186 3281 458 3334 rationem
510 3279 840 3335 redditurus.
888 3280 1054 3335 Deum
1088 3281 1237 3348 time,
1273 3283 1363 3353 qui
1393 3285 1599 3354 singula
1647 3302 1767 3356 quae

189 3370 390 3436 fecisti,
413 3369 758 3437 judicaturus
780 3379 886 3429 est.
911 3371 1010 3438 Qui
1031 3381 1142 3426 tam
1172 3373 1434 3430 sollicitus
1465 3389 1547 3442 es,
1573 3375 1616 3432 si
1647 3392 1768 3432 cor-

189 3476 286 3530 pus
321 3471 571 3531 :egrotat,
608 3472 667 3517 ut
701 3463 827 3517 illud
861 3477 1056 3519 cures:
1089 3481 1187 3521 cur
1213 3481 1316 3520 non
1335 3468 1520 3522 studes
1543 3469 1665 3523 utin
1685 3484 1770 3524 re-

189 3555 534 3608 surrectione
571 3553 784 3608 beatum
815 3551 1112 3609 eliiciatur?
1158 3556 1428 3624 Quotidie,
1481 3567 1768 3628 antequam

196 3645 307 3699 Deo
355 3658 547 3712 preces
597 3643 867 3709 etfundas,
921 3655 1100 3700 tecum
1145 3647 1263 3716 ipse
1313 3648 1596 3705 considera
1631 3651 1771 3721 quod

192 3736 388 3789 vitium
413 3735 710 3804 superaris.
739 3735 1200 3802 Quemadmodum
1231 3747 1376 3794 terra
1420 3740 1538 3796 sine
1571 3742 1776 3797 semine

193 3840 247 3885 et
274 3845 416 3898 aqua
449 3828 682 3884 fructum
718 3827 862 3884 ferre
890 3843 994 3884 non
1037 3839 1213 3900 potest
1243 3847 1257 3882 :
1294 3832 1372 3887 sic
1400 3847 1560 3902 agere
1592 3834 1779 3904 nequit

197 3925 364 3978 homo
399 3920 772 3991 paenitentiam
804 3919 920 3976 sine
947 3921 1251 3976 humilitate
1281 3931 1334 3977 et
1372 3925 1612 3992 corporis
1646 3924 1780 3979 allii-

197 4016 405 4072 ctione.
444 4013 600 4068 Acris
633 4011 944 4068 circumfusi
977 4022 1032 4068 et
1071 4013 1328 4084 spirantis
1371 4013 1549 4070 atilatu
1586 4016 1780 4072 florent

197 4107 446 4178 germina
478 4123 491 4160 :
527 4114 582 4159 et
612 4105 987 4159 mandatorum
1016 4105 1358 4161 observantia
1398 4107 1553 4162 lloret
1597 4109 1778 4164 homo.

200 4203 334 4267 Qua:
376 4198 598 4269 quidem
635 4199 978 4253 observantia
1025 4199 1148 4253 fidei
1185 4199 1236 4253 in
1277 4199 1445 4255 Deum
1493 4211 1578 4257 est
1621 4216 1780 4270 argu-

202 4300 470 4347 mentum.
499 4289 685 4343 Timor
712 4287 809 4342 Dei
841 4289 1225 4342 conscientiam
1255 4289 1518 4359 integram
1552 4300 1605 4346 et
1633 4302 1782 4344 tran-

201 4383 433 4456 quillam
488 4390 793 4437 conservat.
843 4380 898 4435 Si
957 4380 1053 4435 tibi
1106 4381 1158 4433 in
1205 4381 1393 4435 cellula
1426 4384 1782 4437 commoranti

203 4477 457 4544 voluptas
491 4488 683 4528 sensus
713 4481 835 4527 tuos
861 4470 1079 4525 libidine
1108 4471 1425 4536 titillaverit,
1461 4472 1664 4540 primos
1697 4487 1787 4526 co-

1848 1921 2013 1976 litotis
2041 1928 2254 1982 nostrae,
2285 1927 2339 1970 ut
2370 1918 2435 1972 sit
2469 1916 2738 1984 conforme
2767 1914 2976 1984 corpori
3024 1910 3281 1966 claritatis
3310 1922 3421 1962 sum

1850 2017 2136 2070 secundum
2170 2012 2520 2080 operationem
2553 2008 2761 2063 virtutis
2787 2021 2917 2060 sum.
2950 2002 3095 2058 Nihil
3119 2011 3203 2058 est
3234 2003 3285 2055 in
3319 2001 3424 2054 hoc

1861 2085 2292 2170 mttndofquod
2342 2115 2462 2155 eum
2525 2100 2579 2154 in
2629 2111 2737 2167 quo
2770 2097 2863 2152 Dei
2918 2094 3153 2149 cbaritas
3192 2092 3420 2153 habitat,

1853 2196 2021 2265 possit
2057 2196 2124 2251 ab
2162 2195 2250 2249 illa
2283 2205 2558 2263 separare.
2603 2189 2733 2256 Quis
2780 2189 2952 2252 enim,
2989 2185 3164 2256 inquit
3190 2183 3422 2252 Aposto-

1855 2291 1937 2344 lus
1951 2290 2020 2355 ",
2053 2304 2146 2342 nos
2193 2286 2455 2355 separabit
2489 2302 2522 2338 a
2549 2283 2806 2338 charitate
2847 2279 2987 2333 Dei?
3015 2274 3330 2331 tribulatio?
3356 2291 3425 2327 an

1856 2380 2145 2451 angustia?
2168 2395 2236 2432 an
2271 2376 2477 2448 fames?
2512 2392 2581 2428 an
2609 2372 2858 2428 auditas?
2897 2387 2965 2423 an
2991 2367 3283 2438 periculum
3302 2367 3328 2418 ?
3357 2382 3426 2418 an

1855 2473 2182 2544 persecutio?
2205 2487 2273 2525 an
2293 2470 2502 2540 gladius
2524 2468 2550 2521 7
2583 2466 2799 2523 Utinam
2833 2479 2928 2519 nos
2956 2464 3097 2518 inter
3129 2461 3247 2515 illos
3276 2473 3426 2527 repe-

1856 2568 1960 2620 riat
2012 2566 2172 2632 Deus,
2204 2576 2340 2632 quos
2381 2559 2521 2614 nulla
2550 2573 2637 2613 res
2667 2556 2828 2624 hujus
2879 2554 3060 2609 mundi
3097 2551 3365 2621 separavit
3399 2564 3429 2601 ιι

1860 2654 2120 2708 charitate
2147 2650 2371 2716 Christi,
2415 2658 2473 2705 ut
2509 2662 2616 2702 una
2653 2661 2776 2701 cum
2822 2645 2928 2700 illis
2965 2644 3300 2699 inveniamus
3331 2641 3427 2694 mi.

1859 2744 2204 2799 scricordiam
2231 2756 2323 2809 per
2344 2741 2596 2794 virtutem
2614 2737 2823 2793 Domini
2852 2737 3018 2791 nostri
3046 2733 3169 2789 Jesu
3190 2731 3389 2788 Christi
3411 2745 3426 2781 :

1861 2835 2014 2903 cujus
2051 2848 2176 2887 cum
2213 2830 2374 2886 Patre
2404 2829 2668 2901 ingenito,
2700 2836 2755 2884 et
2776 2827 2981 2898 Spiritu
3001 2836 3192 2881 sancto
3219 2832 3296 2876 est
3318 2821 3431 2891 glo-

1865 2932 1964 2991 ria,
2017 2935 2072 2982 et
2127 2926 2435 2997 imperium,
2470 2939 2616 2979 nunc
2648 2932 2706 2979 et
2749 2936 2983 2992 semper,
3030 2930 3082 2975 et
3137 2920 3188 2972 in
3239 2913 3431 2972 saecuia

1865 3020 2180 3078 saeculorum
2201 3019 2215 3073 Ι
2252 3021 2445 3074 Amen.

2441 3128 2698 3187 ORATIO
2738 3128 2874 3184 XVI.

2347 3242 2598 3315 Ejusdem
2626 3243 2943 3313 argumenti.

1938 3365 1976 3419 l.
2008 3360 2227 3419 Diliicile
2249 3359 2527 3427 videturjin
2557 3357 2765 3429 primis,
2792 3353 2966 3426 patria
2993 3350 3204 3416 relicta,
3228 3348 3282 3404 in
3311 3344 3441 3402 soli-

1872 3458 2107 3511 tudinem
2139 3467 2261 3509 sese
2299 3449 2568 3515 conferre,
2599 3460 2890 3516 secumque
2928 3457 3114 3514 gerere
3147 3440 3302 3495 fidem
3327 3452 3444 3508 per-

1872 3551 2067 3606 fectam
2106 3557 2161 3604 et
2207 3561 2380 3617 spem,
2439 3543 2710 3613 animique
2762 3535 3122 3595 constantiam
3185 3533 3444 3588 adversus

1871 3641 2118 3712 proprias
2165 3639 2488 3696 voluntates.
2541 3634 2734 3690 Statim
2766 3632 2909 3687 enim
2945 3627 3206 3699 ejusmodi
3241 3624 3446 3695 cogita-

1875 3735 2049 3788 tiones
2078 3740 2131 3788 te
2160 3730 2609 3794 circumvenient,
2631 3737 2685 3782 et
2717 3727 2966 3781 timorem
2999 3719 3259 3789 injicient.
3307 3718 3448 3782 Quo-
3508 3718 3510 3720 '

1875 3828 2036 3882 modo
2063 3825 2387 3880 tentationes
2420 3822 2630 3877 laturus
2657 3821 2753 3883 sis,
2801 3826 2856 3873 et
2886 3827 3131 3886 asperam
3171 3815 3448 3882 pauperta-

1878 3928 2008 3984 tem,
2043 3926 2097 3974 et
2153 3916 2394 3980 morbos,
2451 3914 2496 3970 si
2555 3913 2607 3968 in
2647 3925 2741 3967 eos
2776 3907 3066 3971 incideris,
3113 3917 3235 3958 cum
3266 3901 3358 3972 qui
3400 3908 3452 3952 te

1877 4018 2031 4065 curet
2082 4017 2174 4064 aut
2211 4016 2521 4078 cognoscat,
2557 4005 2760 4060 habeas
2796 3998 3096 4056 neminem?
3146 3994 3238 4051 Sic
3273 4003 3450 4049 autem

1878 4101 2123 4170 exploret
2144 4107 2197 4154 te
2224 4097 2438 4152 bonitas
2461 4094 2578 4161 Dei,
2608 4104 2666 4148 ut
2691 4091 2924 4147 studium
2947 4095 3120 4150 tuum,
3150 4092 3203 4139 et
3221 4081 3463 4137 cbaritas

1881 4207 2008 4260 erga
2044 4189 2217 4259 ipsum
2252 4193 2530 4257 appareat.
2589 4181 2828 4249 Denique
2861 4191 2980 4233 cum
3033 4176 3087 4230 in
3142 4170 3334 4228 cellula
3367 4179 3455 4222 tua

1882 4281 2026 4336 solus
2056 4279 2184 4346 eris,
2217 4278 2469 4332 invadent
2502 4285 2552 4330 te
2574 4274 2906 4345 gravissima:
2934 4265 3144 4322 timoris
3175 4261 3458 4334 cogitatio-

1885 4390 1999 4430 nes.
2031 4372 2224 4427 Servat
2254 4371 2550 4432 hominem,
2601 4365 2864 4434 inquient,
2921 4374 3034 4415 non
3065 4355 3317 4419 solitudo,
3362 4351 3459 4406 sed

1885 4465 2196 4521 observatio
2221 4461 2595 4517 mandatorum
2630 4455 2758 4520 Dei;
2815 4452 3017 4522 tibique
3046 4450 3100 4504 in
3141 4444 3456 4502 memoriam

207 4541 490 4640 gitationis
522 4566 754 4635 impetus
785 4563 978 4619 cohibe
1004 4603 1018 4628 ,
1061 4577 1128 4616 ne
1155 4570 1209 4616 te
1246 4561 1561 4630 corripiant.
1611 4561 1780 4616 Deum
1819 4581 1860 4635 ο
1893 4559 2135 4627 redigent
2169 4552 2433 4623 sanguine
2491 4554 2815 4618 conjunctos
2849 4544 3080 4614 aliquos,
3115 4551 3170 4597 et
3219 4541 3400 4595 dicent
3443 4551 3458 4588 :

207 4675 330 4714 esse
370 4665 692 4728 prtesentem
728 4653 1011 4710 recordare
1038 4693 1054 4721 ,
1097 4655 1252 4725 cujus
1291 4654 1462 4708 oculis
1498 4653 1580 4709 vel
1605 4655 1784 4709 cordis

211 4765 409 4807 arcana
443 4756 569 4804 sunt
599 4747 906 4802 manifesta.

215 4897 217 4900 ι
282 4844 348 4898 ll.
373 4843 467 4898 Sic
495 4841 659 4912 igitur
687 4840 923 4894 animam
956 4848 1098 4893 tuam
1126 4838 1400 4908 alloquere
1428 4857 1441 4893 :
1476 4837 1530 4894 Si
1564 4838 1788 4906 vereris,

213 4955 283 4996 ne
321 4948 372 4993 te
401 4945 716 5007 peccantem
751 4933 1019 5004 aspiciant
1068 4943 1381 5003 peccatores
1431 4932 1634 4987 similes
1694 4931 1789 4998 tui,

213 5041 420 5103 quanto
467 5029 638 5100 magis
691 5028 857 5082 Deum
912 5026 1087 5082 vereri
1171 5026 1379 5091 debes,
1435 5026 1524 5096 qui
1581 5026 1792 5096 penitus

217 5123 402 5176 abdita
438 5129 494 5174 et
535 5117 746 5174 occulta
785 5116 1108 5173 contuetur?
1148 5113 1241 5170 llis
1277 5115 1457 5172 verbis
1491 5115 1584 5170 Dei
1630 5117 1795 5171 timor

219 5213 548 5270 excitabitur
570 5213 619 5266 in
650 5213 812 5268 corde
840 5220 968 5266 tuo:
1001 5224 1160 5279 quem
1183 5209 1402 5279 quidem
1422 5208 1514 5264 Dei
1544 5210 1791 5264 timorem

170 5325 172 5328 '
219 5312 263 5365 si
304 5306 556 5382 amplecti
591 5305 820 5360 volueris
853 5346 869 5370 ,
923 5301 1216 5358 immobilis
1252 5310 1414 5371 atque
1441 5301 1674 5356 invictus
1700 5300 1795 5353 ad-

221 5416 410 5458 versus
452 5399 582 5455 vitia
624 5397 985 5469 permanebis.
1035 5395 1188 5451 Sicut
1220 5396 1479 5464 scriptum
1522 5401 1606 5447 est
1648 5391 1798 5456 :Qui

293 5557 338 5587 "
376 5555 396 5609 l
430 5553 559 5610 Cor.
596 5569 695 5615 vn,
722 5552 814 5608 29.

223 5629 268 5661 τ’
303 5630 463 5683 noui.
496 5641 616 5691 Vm,
648 5625 738 5679 '55.

909 5554 953 5584 τ⁸
985 5550 1125 5607 Psal.
1156 5566 1336 5614 CXXIV,
1365 5549 1416 5602 l.

1521 5547 1568 5579 ⁷⁸
1596 5544 1634 5599 Il
1663 5546 1786 5600 Cor.
1805 5561 1856 5610 ν,
1900 5543 1985 5599 lO.

1895 4650 2079 4704 Nonne
2103 4645 2190 4702 isti
2218 4653 2342 4700 sunt
2363 4642 2502 4700 servi
2525 4640 2656 4696 Dei?
2681 4638 2836 4693 Aeris
2870 4643 3132 4705 praeterea
3161 4635 3466 4701 proponent

1894 4737 2287 4808 intemperiem,
2316 4743 2373 4788 ut
2396 4732 2643 4789 concidat
2677 4744 2772 4784 cor
2814 4737 2985 4790 tuum,
3031 4732 3191 4790 atque
3221 4717 3460 4772 animum

1897 4806 2250 4902 despondeas.
2280 4828 2474 4882 Verum
2507 4825 2549 4879 si
2576 4824 2629 4876 in
2661 4832 2711 4876 te
2753 4818 2996 4875 cbaritas
3025 4825 3254 4885 spesque
3283 4806 3462 4866 fuerit,

1901 4925 2099 4980 malitia
2135 4921 2269 4977 nihil
2299 4917 2581 4990 proﬁciet;
2619 4916 2711 4970 sed
2741 4922 2863 4968 tuus
2895 4911 2948 4964 in
2977 4908 3148 4962 Deum
3187 4915 3344 4973 amor
3375 4913 3470 4967 pa-

1899 5019 2064 5082 teliet,
2105 5015 2194 5086 qui
2221 5028 2343 5069 eum
2367 5010 2537 5081 magis
2557 5009 2770 5076 diligas,
2801 5017 2963 5074 quam
2995 4999 3232 5069 quietem
3265 4990 3465 5049 carnis.

1900 5108 2219 5166 Solitudinis
2268 5104 2485 5160 afﬂictio
2537 5099 2784 5172 perducit
2828 5096 3103 5151 hominem
3155 5088 3224 5144 ad
3273 5099 3466 5156 spem;

1899 5219 2022 5274 spes
2062 5199 2304 5256 defendit
2351 5199 2416 5252 ab
2465 5194 2700 5250 inimicis
2746 5207 2811 5246 ex
2858 5201 3044 5244 carne.
3088 5183 3276 5251 Neque
3326 5177 3469 5233 enim

1901 5272 2102 5351 temere
2135 5293 2186 5348 in
2220 5291 2563 5347 solitudinem
2597 5299 2650 5342 te
2683 5281 2985 5346 contulisti,
3013 5276 3107 5334 sed
3139 5284 3199 5330 ut
3223 5283 3273 5328 te
3300 5272 3473 5342 ipsum

1903 5389 2210 5460 explorares
2241 5397 2634 5452 exerceresqne
2686 5388 2875 5436 contra
2931 5369 3273 5429 adversarios
3326 5377 3475 5423 tuos.

2077 5544 2120 5574 ⁷⁷
2155 5542 2340 5595 Matth.
2395 5555 2516 5605 xm,
2573 5536 2662 5601 47,
2726 5537 2814 5591 48.
2926 5533 2970 5564 ⁷⁸
3005 5529 3234 5599 Philipp.
3278 5519 3473 5586 ttt,2l.

297 5787 378 5852 (8)
423 5783 490 5838 In
542 5781 785 5839 Domino.
820 5778 900 5836 Ad
949 5779 1270 5836 sententiam
1325 5773 1643 5840 explendam
1698 5771 1812 5825 lucc
1852 5769 2038 5824 deesse
2073 5764 2342 5828 videntur,
2383 5759 2514 5815 sicut
2547 5773 2692 5810 mons
2718 5755 2847 5810 Sion
