3862 6386
365 351 508 408 ωδ

1474 345 1747 405 PATRES
1789 345 2087 406 EGYPTII
2126 348 2398 409 SECULI
2437 352 2529 411 IV.

3525 360 3709 416 ιιμ

363 474 712 545 disceresque
749 485 846 528 suo
877 485 1147 542 quemque
1193 469 1408 526 illorum
1441 479 1682 542 tempore
1708 483 1947 543 proster-
1977 480 2023 538 Α
2053 491 2216 546 opere
2247 477 2390 533 bona
2418 484 2674 548 poterunt
2705 491 2802 533 nos
2829 491 3100 543 amovere,
3136 479 3451 552 prescrtim
3487 481 3544 537 si
3587 497 3712 537 co-

365 581 519 631 nere,
569 565 768 635 quibus
812 563 1041 621 devictis
1093 565 1158 620 ad
1218 563 1643 620 irtttnartali-tatis
1704 566 1942 636 quietem

365 656 694 728 pervenires.

434 747 499 803 ll.
531 747 780 817 Magnum
799 758 977 805 autem
1009 764 1075 806 ac
1097 749 1414 820 praeclarum
1444 751 1699 809 existimo
1728 752 1946 808 inanem

367 840 594 912 gloriam
614 843 854 909 vincere,
888 852 1052 914 atque
1079 843 1131 898 in
1165 842 1262 900 Dei
1299 844 1628 916 cogitatione
1661 843 1947 914 prolicere.

367 930 468 999 Qui
503 932 648 988 enim
687 932 789 988 hac
815 934 1062 1004 improba
1110 933 1498 1006 inanisglorite
1537 934 1950 1008 perturbatione

369 1035 606 1090 tenetur,
638 1025 684 1080 is
717 1024 902 1096 procul
941 1027 1095 1084 abest
1130 1027 1199 1083 ab
1229 1027 1344 1098 ipsa
1389 1039 1546 1098 pace,
1572 1034 1628 1082 et
1654 1025 1894 1082 animum
1920 1040 1950 1086 a

365 1122 574 1175 sanctis
600 1118 835 1174 alienum
869 1118 1054 1186 habet,
1085 1127 1141 1175 et
1172 1119 1239 1174 ad
1284 1118 1552 1175 malorum
1607 1132 1829 1174 suorum
1855 1133 1949 1173 ex-

369 1218 598 1265 tremum
628 1209 814 1266 incidit
846 1210 897 1264 in
929 1210 1195 1281 superbia:
1223 1209 1415 1266 vitium
1442 1207 1772 1280 fallendique
1804 1209 1955 1264 solli-

366 1302 683 1359 citudinem.
721 1301 800 1358 Tu
837 1317 989 1360 vero.
1014 1318 1048 1358 ο
1073 1302 1406 1369 Christiane,
1435 1302 1652 1358 labores
1685 1301 1802 1358 cela
1841 1301 1954 1357 vir-

375 1404 628 1466 tutesque
675 1406 834 1462 tuas;
889 1405 946 1451 et
1001 1408 1134 1453 cave
1187 1409 1255 1451 ne
1311 1393 1491 1466 lingua
1540 1403 1628 1449 tua
1685 1393 1778 1448 tibi
1832 1393 1956 1449 illas

368 1490 669 1561 subripiat,
717 1500 774 1546 et
819 1490 993 1546 tradat
1041 1489 1278 1545 inimicis
1319 1489 1446 1548 tuis.
1489 1487 1592 1556 Qui
1629 1489 1774 1546 enim
1810 1497 1958 1545 recte

368 1584 499 1655 agit,
527 1592 584 1640 et
609 1583 855 1655 corporis
889 1582 970 1639 sui
999 1582 1131 1638 vitia
1164 1581 1622 1653 inlirmitatesque
1651 1596 1749 1653 per
1781 1581 1957 1650 paeni-

369 1676 594 1731 tentiam
626 1675 834 1745 abjicit,
853 1676 902 1732 is
920 1677 1157 1730 animam
1177 1690 1332 1730 suam
1358 1675 1654 1744 pretiosam
1675 1675 1958 1731 constituit

373 1767 429 1823 in
455 1777 748 1839 conspectu
766 1768 885 1834 Dei,
903 1777 1187 1839 etgratum
1205 1767 1277 1822 illi
1306 1767 1562 1838 templum
1579 1766 1830 1824 ellicilur.
1850 1766 1953 1834 Qui

2050 570 2404 641 gitaverimns
2455 569 2730 641 ignaviam
2801 571 2938 626 bona
3002 582 3198 628 cuncta
3245 573 3580 629 destruere.
3631 572 3704 630 Si

2051 665 2255 721 mundo
2285 664 2635 730 renuntiasti,
2661 669 2865 720 caveto
2894 681 2923 719 a
2958 665 3204 720 daemone
3254 665 3558 722 tristitiam
3602 667 3706 722 af-

2053 758 2284 823 ferente,
2329 773 2396 813 ne
2426 769 2477 814 te
2520 772 2617 828 per
2647 756 2870 812 nimiam
2910 758 3267 814 acerbitatem
3310 769 3365 823 et
3403 759 3702 815 afﬂictio-

2055 866 2176 907 nem
2209 851 2468 921 impediat
2493 866 2601 922 quo
2630 851 2809 906 minus
2845 852 2913 905 ad
2953 867 3176 921 magnas
3205 850 3438 906 virtutes
3469 837 3704 922 pervic-

2055 943 2208 1008 nias;
2246 958 2365 1015 quae
2400 943 2453 998 in
2482 959 2550 1000 eo
2589 943 2707 1000 sitae
2747 951 2896 1010 sunt,
2930 952 2987 998 ut
3019 943 3112 998 tibi
3142 944 3256 1014 ipse
3301 958 3369 999 ne
3414 945 3697 1016 placeas,

2056 1045 2114 1095 ut
2145 1052 2301 1110 aquo
2330 1037 2518 1093 animo
2563 1037 2954 1094 contumeliam
2993 1035 3161 1101 feras,
3201 1039 3584 1108 gaudeasque
3637 1047 3700 1092 te

2058 1132 2125 1190 ad
2161 1132 2363 1188 nullum
2403 1131 2586 1188 satculi
2616 1133 2890 1202 negotium
2934 1140 2987 1188 et
3027 1147 3228 1188 munus
3249 1143 3440 1204 aptum
3463 1131 3695 1187 existi-

2059 1226 2217 1281 mari.
2263 1223 2388 1280 [hec
2419 1223 2461 1282 si
2492 1237 2714 1294 operam
2753 1221 2969 1278 dederis
3015 1230 3073 1277 ut
3103 1237 3424 1293 assequare,
3464 1224 3696 1277 anima

2059 1333 2318 1375 coronam
2347 1325 2402 1373 et
2427 1316 2595 1372 decus
2622 1315 2900 1385 acquires.
2928 1313 3117 1386 Neque
3147 1314 3294 1370 enim
3327 1315 3422 1386 qui
3460 1315 3697 1372 mundo

2063 1411 2467 1476 renuntiarunt,
2496 1418 2550 1465 et
2575 1416 2950 1480 paupertatem
2976 1407 3029 1462 in
3052 1415 3245 1478 aperto
3273 1417 3492 1463 tantum
3519 1422 3693 1464 com-

2060 1504 2203 1576 plexi
2238 1511 2386 1570 sunt,
2424 1501 2616 1574 spiritu
2642 1516 2910 1573 pauperes
2938 1501 3203 1556 exsistunt
3233 1516 3247 1567 ;
3279 1500 3383 1555 sed
3409 1501 3512 1571 qui
3551 1516 3687 1555 rna—

2061 1597 2192 1654 iitiae
2209 1587 2554 1663 renuntiant,
2585 1595 2792 1666 Deique
2818 1593 3135 1650 memoriam
3163 1608 3379 1664 semper
3403 1593 3686 1649 esuriunt

2062 1696 2116 1742 et
2141 1686 2351 1744 sitiunt.
2381 1684 2566 1756 Neque
2589 1686 2680 1756 qui
2712 1686 2957 1756 corporis
2988 1694 3196 1740 tantum
3226 1684 3562 1741 incumbunt
3594 1685 3688 1740 af-

2063 1777 2308 1843 ﬂictioni,
2355 1776 2420 1832 ad
2456 1777 2621 1832 animi
2671 1777 2991 1846 perveniunt
3031 1776 3534 1846 tranquillitatem;
3574 1777 3681 1832 sed

371 1875 500 1917 vero
541 1861 769 1933 gloriam
804 1861 1084 1917 hominum
1114 1859 1312 1932 diligit,
1365 1859 1414 1916 is
1451 1859 1710 1922 vitiorum
1762 1873 1958 1930 expers

2076 1872 2153 1941 ιιιὶ
2192 1879 2389 1926 vacant
2423 1869 2627 1926 homini
2663 1868 2937 1935 interiori,
2977 1879 3032 1924 et
3063 1871 3312 1939 proprias
3369 1879 3682 1938 amputant

372 1967 494 2009 esse
528 1969 632 2009 non
662 1961 860 2023 potest,
895 1954 988 2010 sed
1019 1953 1289 2008 aemulatio
1315 1962 1366 2007 et
1408 1952 1605 2007 invidia
1634 1951 1882 2007 habitant
1906 1951 1958 2006 itt

373 2061 467 2113 eo;
513 2046 556 2102 is
583 2049 822 2103 animam
864 2063 1017 2104 suam
1048 2046 1236 2103 multis
1268 2044 1662 2102 tentationibus
1714 2045 1958 2114 exponit,

373 2149 428 2194 et
466 2154 561 2196 cor
605 2140 724 2211 ejus
754 2155 783 2195 a
819 2140 1156 2196 daemonibus
1188 2138 1635 2203 convulneratur,
1686 2154 1808 2192 cum
1865 2152 1962 2192 ex-

373 2232 584 2302 plendae
608 2233 924 2303 cupiditatis
955 2247 1070 2288 sua:
1101 2231 1278 2287 locum
1303 2248 1412 2286 non
1437 2246 1650 2300 semper
1678 2230 1957 2285 inveniat:

375 2325 501 2380 linis
529 2335 714 2380 autem
741 2325 858 2397 ejus
889 2324 1162 2380 interitus.
1195 2321 1500 2378 llumilibus
1533 2337 1562 2374 a
1598 2321 1708 2376 Deo
1726 2315 1960 2391 'peecata

375 2428 710 2490 retegantur,
739 2428 798 2474 ut
833 2433 894 2474 ea
919 2424 1242 2489 agnoscant,
1281 2426 1337 2472 et
1372 2415 1746 2486 pteuitcntiam
1777 2423 1960 2484 agant,

375 2512 728 2582 expulsisque
784 2520 994 2581 septem
1049 2509 1421 2573 daemonibus,
1488 2522 1615 2563 vera
1679 2507 1858 2579 gloria
1907 2515 1962 2561 et

376 2604 580 2662 sanctis
623 2604 917 2661 virtutibus
963 2605 1199 2659 animam
1233 2602 1497 2658 nutriant.
1526 2600 1627 2669 Qui
1659 2610 1788 2656 sunt
1819 2599 1962 2669 ejus-

377 2699 521 2754 modi
560 2714 667 2755 non
717 2706 914 2754 curant
967 2697 1245 2754 hominum
1299 2694 1677 2753 contumelias.
1729 2692 1962 2750 Suorum

377 2792 522 2848 enim
561 2792 822 2848 memoria
851 2802 1198 2862 peccatorum
1229 2797 1489 2859 tanquam
1528 2786 1720 2860 clypeo
1745 2787 1814 2844 ab
1852 2787 1965 2841 ira-

378 2887 578 2943 cundia
635 2885 950 2955 ultioneque
995 2897 1116 2939 sese
1164 2881 1503 2946 defendunt,
1586 2879 1965 2951 patienterqne

380 2981 567 3036 ferunt
589 2978 848 3050 quidquid
887 2978 994 3032 illis
1026 2975 1240 3030 accidit.
1275 2974 1534 3040 Quaenam
1581 2971 1700 3027 illas
1733 2972 1965 3040 attingat

381 3071 700 3142 ignominia,
728 3069 819 3141 qui
855 3083 948 3124 sua
981 3069 1032 3121 in
1056 3071 1347 3134 conspectu
1381 3063 1473 3120 Dei
1501 3071 1722 3135 peccata
1758 3063 1965 3133 perspi-

383 3161 563 3218 ciunt?
586 3159 740 3228 Quod
773 3159 818 3215 si
846 3157 1003 3214 verba
1039 3155 1270 3229 proximi
1305 3156 1378 3210 tui
1428 3154 1573 3211 ferre
1599 3169 1704 3210 non
1731 3153 1960 3225 poteris,

383 3252 473 3309 sed
521 3251 762 3308 volueris
796 3249 869 3305 illi
903 3248 1255 3320 reSpondere,
1295 3245 1434 3302 bella
1473 3245 1859 3301 excitabuntur
1906 3243 1960 3298 in

383 3345 542 3403 corde
577 3354 688 3413 tuo,
717 3361 838 3416 quae
874 3344 968 3398 tibi
1003 3343 1308 3398 molestiam
1360 3339 1606 3407 aﬂ‘erent,
1640 3348 1751 3394 tum
1787 3353 1855 3394 ex
1896 3337 1965 3394 iis

383 3456 500 3511 qua:
541 3440 812 3507 audieris,
859 3447 968 3494 tum
1009 3453 1075 3494 ex
1115 3437 1183 3493 iis
1227 3451 1348 3508 quae
1401 3433 1568 3490 fueris
1615 3433 1846 3489 locutus.
1897 3431 1964 3487 Et

383 3536 568 3591 beatos
598 3533 936 3590 existimabis
959 3546 1052 3587 eos
1075 3531 1164 3602 qui
1185 3529 1282 3585 soli
1307 3530 1530 3599 degunt,
1551 3526 1965 3596 irritabiturque

384 3641 480 3681 cor
505 3637 653 3681 tuum
675 3625 936 3680 adversus
965 3623 1242 3694 proximus
1263 3628 1405 3683 tuos,
1428 3627 1681 3688 tanquam
1704 3617 1813 3672 sint
1829 3617 1961 3670 eba-

384 3721 562 3779 ritatis
581 3717 853 3790 expertes.
882 3717 1209 3773 Patientiam
1245 3715 1406 3784 igitur
1429 3723 1483 3768 et
1507 3711 1827 3768 cbaritatem
1855 3725 1965 3764 am-

383 3813 651 3885 plectere;
685 3812 938 3883 patientia
975 3809 1118 3864 cnim
1147 3807 1482 3864 iracundiam
1525 3804 1716 3872 vineit,
1748 3812 1803 3858 et
1830 3802 1961 3858 cha-

385 3908 516 3963 ritas
557 3905 862 3962 molestiam
897 3901 1182 3974 abstergit.
1212 3898 1399 3969 Itaque
1431 3898 1598 3953 Deum
1628 3911 1745 3962 ora,
1783 3905 1840 3950 ut
1867 3896 1966 3950 bas

387 4000 484 4056 tibi
519 3999 750 4054 virtutes
799 3995 1080 4067 largiatur,
1113 3993 1313 4064 quibus
1358 3989 1654 4047 iracundiae
1704 3991 1965 4060 impetum

386 4089 636 4160 repellas.
696 4087 848 4154 Quod
898 4087 942 4142 si
994 4085 1087 4142 tibi
1139 4083 1465 4156 obiicientur
1519 4083 1717 4148 adhuc,
1766 4083 1968 4152 quibus

387 4181 648 4236 adversus
681 4177 1006 4249 proximum
1063 4175 1356 4240 irascaris,
1423 4176 1658 4230 irascere
1709 4174 1968 4231 adversus

385 4277 680 4336 daemonas,
716 4286 837 4326 cutn
870 4272 1122 4342 proximo
1149 4279 1329 4323 autem
1366 4267 1643 4322 humiliter
1672 4282 1858 4336 pacem
1887 4282 1969 4322 re-

386 4368 516 4422 tine.
553 4365 652 4432 Qui
689 4375 746 4422 ut
784 4379 972 4435 pacem
1005 4364 1167 4430 colat,
1203 4365 1336 4419 dura
1392 4361 1628 4418 hominis
1674 4361 1852 4420 acerbi
1905 4377 1971 4416 ac

386 4460 538 4517 stulti
566 4459 733 4516 verba
763 4460 1020 4526 sustinet,
1050 4457 1095 4513 is
1139 4457 1423 4514 vocabitur
1464 4455 1607 4512 [ilius
1642 4454 1814 4527 pacis,
1852 4455 1970 4509 atti-

2065 1963 2386 2028 voluntates,
2419 1960 2455 2017 ii
2492 1961 2749 2016 virtutum
2781 1977 3014 2020 coronas
3043 1963 3334 2032 accipient.
3367 1959 3471 2017 Sta
3502 1961 3687 2034 igitur

2063 2058 2117 2112 in
2159 2056 2400 2112 custodia
2430 2055 2609 2110 cordis
2643 2055 2742 2121 tui,
2783 2065 2836 2112 et
2874 2056 3122 2112 sensibus
3168 2055 3274 2109 tuis
3324 2053 3576 2120 attende,
3617 2064 3680 2108 ut

2064 2146 2324 2202 memoria
2370 2155 2546 2200 tecum
2596 2147 2664 2202 ab
2702 2145 2954 2201 omnibus
3001 2144 3184 2200 mundi
3229 2143 3681 2214 cogitationibus

2063 2239 2438 2312 conquiescat,
2509 2253 2683 2309 neque
2736 2254 2770 2293 α
2817 2237 3117 2293 latronibus
3177 2235 3494 2306 diripiatur.
3564 2235 3677 2303 Qui

2065 2333 2209 2389 enim
2237 2331 2596 2404 cogitationes
2618 2345 2766 2387 suas
2811 2331 3101 2402 diligenter
3128 2329 3448 2398 observant,
3496 2347 3675 2402 agno-

2065 2433 2221 2479 scunt
2245 2440 2340 2481 eas
2369 2440 2488 2493 qttee
2513 2425 2735 2496 cupiunt
2761 2424 2968 2493 ingredi
2997 2431 3048 2480 et
3074 2423 3312 2478 animum
3344 2425 3677 2494 coinquina-

2067 2527 2144 2569 re.
2191 2511 2248 2568 Si
2294 2513 2503 2568 ardenti
2548 2513 2728 2568 studio
2767 2512 2964 2568 divinis
3009 2513 3278 2569 mandatis
3321 2515 3674 2578 incubueris,

2067 2605 2333 2678 intelliges
2369 2621 2465 2662 eos
2511 2606 2596 2677 qui
2642 2615 2693 2661 te
2724 2606 3063 2676 perturbant,
3086 2621 3188 2675 qua
3228 2610 3523 2663 occasione
3565 2608 3671 2662 tibi

2068 2710 2336 2756 terrorem
2363 2697 2631 2765 injiciant.
2661 2697 2890 2754 Mentem
2921 2699 3064 2753 enim
3092 2699 3568 2768 perterrefaciunt,
3610 2711 3673 2754 ut

2067 2790 2381 2856 extollatur,
2423 2796 2478 2844 et
2529 2788 2676 2845 iners
2717 2787 2829 2844 ﬁat.
2873 2793 2943 2843 At
2980 2789 3053 2844 illi
3083 2789 3288 2860 quibus
3333 2791 3539 2845 malitia
3564 2806 3668 2846 eo-

2070 2901 2185 2941 rum
2237 2883 2454 2955 cognita
2507 2891 2612 2950 eSt,
2665 2891 2980 2937 constantes
3029 2893 3248 2936 manent
3301 2883 3354 2937 in
3415 2898 3484 2939 eo
3543 2883 3670 2940 loco

2067 2993 2225 3050 quem
2253 2977 2553 3048 elegerunt,
2583 2985 2638 3030 et
2670 2973 2899 3030 Domino
2933 2975 3137 3047 gratias
3167 2985 3357 3046 agunt.
3395 2975 3488 3031 Sic
3513 2978 3664 3031 enim

2070 3072 2121 3125 in
2155 3069 2316 3125 rebus
2348 3068 2593 3124 adversis
2622 3081 2681 3124 se
2715 3078 2908 3140 gerunt
2948 3067 3020 3122 illi
3053 3069 3248 3138 quibus
3277 3069 3563 3140 patientia,
3607 3079 3667 3125 et

2071 3161 2449 3233 longanimitas
2482 3171 2535 3217 et
2565 3160 2804 3216 charitas
2851 3161 2999 3216 cordi
3035 3169 3136 3216 est.
3183 3161 3398 3215 Desidia
3431 3175 3580 3228 vero,
3609 3170 3668 3216 et

2071 3257 2418 3329 negligentia,
2457 3255 2665 3326 otiique
2693 3255 2964 3327 cupiditas
3010 3269 3071 3312 ea
3101 3257 3333 3310 suadent
3373 3254 3495 3310 loca
3528 3270 3663 3310 con-

2067 3352 2287 3421 quirere
2330 3350 2384 3405 in
2425 3348 2622 3420 quibus
2671 3347 2886 3402 laudem
2931 3355 2985 3402 et
3019 3346 3246 3418 gloriam
3296 3347 3661 3403 inveniamus.

2065 3445 2143 3500 Ex
2183 3457 2291 3515 quo
2339 3456 2535 3498 sensus
2581 3440 2718 3496 liunt
2759 3439 3158 3522 imbecilliores,
3199 3449 3253 3492 et
3297 3438 3660 3508 perturbatio-

2066 3553 2195 3593 num
2225 3537 2459 3607 impetus
2492 3535 2760 3606 exsurgit,
2795 3533 3160 3604 superbiaque
3189 3542 3245 3588 et
3275 3534 3533 3590 satietate
3567 3548 3664 3590 oc-

2066 3631 2265 3687 cultam
2296 3629 2691 3685 continentiam
2720 3629 2915 3696 perdit.

2138 3723 2226 3780 IV.
2272 3723 2330 3780 Si
2373 3723 2624 3780 sensibus
2663 3721 2768 3777 tuis
2798 3722 2881 3778 vis
2920 3720 3176 3792 perfectc'
3194 3721 3423 3787 mederi,
3458 3719 3659 3776 Christi
3720 3753 3738 3788 χ

2065 3835 2284 3876 crucem
2343 3816 2708 3887 amplectere;
2749 3817 2798 3870 in
2858 3830 2921 3872 ea
2981 3815 3125 3871 enim
3180 3831 3364 3871 veram
3415 3816 3656 3872 omnium

2065 3911 2441 3984 mgritudinum
2484 3908 2805 3965 medicinam
2848 3908 3112 3964 invenies.
3154 3907 3234 3976 Si,
3260 3917 3310 3963 te
3342 3909 3539 3978 invito,
3565 3924 3655 3963 cor

2070 4015 2219 4060 tuutn
2261 4002 2561 4070 extollitur,
2590 4010 2644 4056 et
2673 4002 2739 4056 ad
2773 4015 2836 4056 ea
2868 4017 2990 4072 qua:
3034 4001 3194 4067 nolis,
3227 4001 3473 4058 facienda
3532 4017 3651 4071 per-

2073 4095 2323 4160 trahitur,
2357 4095 2410 4149 id
2443 4109 2508 4149 ex
2547 4102 2730 4149 vetere
2765 4093 2934 4147 Adam
2969 4095 3108 4148 scito
3142 4094 3435 4163 prolieisci.
3468 4094 3522 4147 Si
3563 4108 3652 4149 cor

2073 4197 2220 4239 tuum
2251 4193 2530 4256 peccatum
2558 4183 2694 4248 odit,
2721 4194 2775 4238 et
2809 4183 3068 4239 abhorret
3113 4185 3181 4240 ab
3212 4185 3278 4240 iis
3307 4199 3430 4254 qua:
3457 4185 3650 4254 peccati

2073 4277 2307 4332 alierunt
2339 4277 2704 4336 occasionem.
2729 4286 2783 4330 et
2809 4284 2885 4338 tu,
2923 4275 3219 4346 prudenter
3247 4276 3490 4331 adhibito
3520 4291 3642 4346 sup-

2072 4370 2252 4439 plicio,
2292 4370 2514 4425 recedes
2563 4370 2631 4423 ab
2683 4370 2748 4423 iis
2795 4385 2916 4439 quae
2963 4379 3013 4423 te
3059 4370 3123 4424 ad
3170 4371 3499 4439 peccandum
3536 4371 3648 4424 alli-

2074 4464 2245 4529 ciunt,
2277 4471 2333 4518 et
2377 4478 2443 4516 ex
2483 4463 2666 4517 animo
2723 4471 3129 4531 procreatorem
3171 4471 3319 4514 tuum
3361 4460 3555 4527 orabis,
3596 4470 3647 4516 ut

387 4572 598 4628 meque
648 4566 703 4613 et
756 4555 1025 4627 corporis,
1056 4563 1110 4611 et
1147 4553 1373 4624 spiritus
1406 4566 1598 4623 pacem
1653 4551 1971 4621 possidebit.
2006 4551 2050 4608 D
2079 4557 2172 4611 tibi
2223 4555 2358 4610 ferat
2402 4555 2686 4620 auxilium,
2724 4565 2782 4609 ut
2816 4554 2960 4609 nulla
3002 4553 3053 4607 in
3087 4569 3142 4608 re
3178 4553 3353 4622 ipsum
3399 4553 3645 4620 oﬂendas,

388 4654 516 4721 Quae
539 4653 756 4723 quidem
792 4652 894 4707 tria
919 4650 964 4706 si
999 4649 1052 4706 in
1087 4656 1136 4704 te
1158 4645 1555 4710 consenserint,
1602 4646 1890 4701 concident
1937 4644 1970 4698 ii

387 4744 480 4815 qui
530 4744 726 4799 armati
768 4751 896 4798 sunt
945 4741 1206 4796 adversus
1242 4740 1414 4808 legent
1453 4739 1674 4802 mentis,
1707 4747 1763 4791 et
1792 4738 1974 4792 carnis

390 4838 624 4894 servitus
655 4837 986 4899 destruetur,
1044 4846 1098 4890 et
1158 4837 1269 4904 ipse
1318 4835 1460 4888 (ilius
1491 4835 1642 4903 pacis
1671 4832 1976 4902 appellabe-

391 4932 486 4996 ris,
551 4923 605 4984 ei
663 4929 930 4984 habitabit
981 4928 1032 4982 itt
1093 4937 1143 4982 te
1183 4926 1417 4997 Spiritus
1468 4933 1725 4989 sanctus,
1780 4934 1978 4980 etnon

389 5026 650 5081 discedet.

462 5117 549 5174 ill.
594 5117 740 5172 Beati
776 5115 866 5186 qui
894 5116 1107 5172 labores
1137 5130 1264 5167 suos
1292 5112 1587 5182 prnelcnter
1611 5114 1980 5170 considerate.

390 5227 497 5280 que
537 5211 854 5280 suscipiunt.
897 5210 1002 5264 Eos
1044 5207 1187 5261 enim
1231 5205 1401 5260 levius
1445 5209 1662 5269 lerunt,
1694 5221 1748 5260 et
1780 5207 1978 5260 dzrmo-

392 5319 518 5358 nuttt
562 5303 716 5358 dolos
753 5319 816 5358 ac
848 5303 1064 5357 frauch
1095 5301 1519 5370 subterfugiunl,
1565 5316 1752 5354 eorum
1784 5303 1834 5353 itt
1869 5299 1980 5368 pri-

392 5397 495 5450 tnis
523 5396 612 5463 qui
656 5394 946 5450 formidine
975 5395 1206 5464 quadam
1241 5395 1487 5450 homines
1524 5396 1591 5449 ab
1627 5396 1772 5450 omni
1815 5412 1977 5466 opere

393 5489 534 5546 bono
571 5489 715 5559 quod
750 5489 1157 5559 aggrediuntur.
1187 5487 1487 5552 deterrent,
1519 5498 1574 5544 et
1601 5488 1665 5542 ad
1705 5487 1974 5559 ignaviam

393 5583 632 5640 ιειιίιιιιιιιι
667 5581 776 5637 Deo
807 5593 1088 5638 vacantem
1127 5581 1429 5651 impellunt,
1467 5589 1524 5636 ιιι
1557 5597 1681 5636 eum
1727 5581 1795 5634 ab
1835 5580 1979 5649 ejus-

394 5677 537 5732 modi
585 5685 814 5732 avocent
853 5677 1052 5732 stttdio.
1093 5678 1291 5731 Verum
1338 5677 1384 5744 si
1441 5677 1682 5730 Charitas
1728 5675 1782 5728 in
1824 5674 1977 5729 nobis

391 5767 555 5826 fuerit
582 5781 636 5828 et
672 5772 928 5839 patientia
960 5781 1015 5825 et
1042 5755 1396 5838 continenti,
1429 5785 1495 5825 ne
1523 5770 1588 5825 ab
1619 5783 1725 5826 uno
1761 5769 1975 5839 quidem

464 5885 510 5917 ⁸⁸⁵
534 5885 676 5942 I‘sttl.
713 5903 882 5951 eam,
913 5887 999 5947 l0.

2075 4649 2366 4720 multisque
2392 4649 2644 4718 lacrymis
2669 4649 2720 4702 in
2755 4658 3047 4718 conspectu
3084 4649 3202 4718 ejus
3242 4657 3538 4717 prostratus
3580 4649 3644 4702 ita

2077 4744 2383 4811 precaberis
2418 4760 2431 4796 :
2466 4740 2638 4795 Tuum
2695 4751 2801 4808 est,
2858 4740 3104 4807 Domine,
3150 4742 3414 4796 misereri.
3467 4740 3644 4795 Libera

2079 4850 2184 4901 me,
2222 4835 2446 4890 Domine
2499 4835 2566 4889 ab
2593 4835 2830 4889 inimicis
2861 4835 3012 4889 meis.
3054 4835 3163 4905 Ego
3185 4836 3326 4889 enim
3356 4851 3471 4890 sum
3499 4835 3646 4887 imbe-

2077 4927 2252 4983 cillior
2285 4943 2448 4997 quant
2489 4939 2546 4982 ut
2578 4927 2696 4982 sine
2729 4941 2830 4996 ope
2858 4939 2946 4982 tua
2989 4929 3187 4998 possim
3229 4941 3264 4981 ee
3296 4927 3536 4981 manibus
3564 4943 3645 4982 eo-

2081 5037 2198 5076 rum
2244 5020 2505 5088 eﬂttgcrc.
2547 5020 2602 5074 Si
2647 5021 2747 5076 hoc
2786 5022 2943 5075 modo
2988 5019 3334 5090 supplicaris,
3379 5018 3646 5090 diligenter

2080 5115 2323 5179 Studens,
2359 5132 2424 5168 ne
2452 5116 2574 5169 illus
2605 5114 2851 5169 molestia
2887 5113 3091 5168 adicias
3121 5112 3211 5182 qtti
3253 5113 3446 5166 docent
3484 5124 3529 5166 te
3566 5130 3642 5166 se-

2081 5211 2310 5262 cundum
2363 5209 2548 5273 Deum,
2596 5209 2648 5262 id
2702 5224 2767 5262 ex
2820 5218 3007 5262 natura
3046 5215 3128 5260 est
3165 5206 3287 5260 novi
3327 5205 3492 5259 Adam
3533 5207 3644 5260 Jesu

2079 5300 2304 5356 Christi.
2353 5299 2465 5354 Nisi
2503 5303 2646 5354 enim
2695 5300 3080 5362 obedientiam,
3123 5309 3178 5351 ct
3223 5296 3569 5350 humilitatem
3597 5307 3644 5349 et

2084 5395 2398 5466 patientiam
2441 5395 2794 5462 amplectare,
2849 5393 2971 5448 licet
3006 5402 3200 5446 cuncta
3251 5390 3438 5453 facias,
3490 5400 3643 5442 tancn

2085 5490 2152 5544 ad
2193 5488 2436 5544 habitum
2483 5501 2691 5544 naturae
2730 5487 3061 5542 cntttrarium
3106 5483 3427 5540 declinabis.
3471 5481 3640 5535 Totum

2087 5582 2250 5654 igitur
2296 5598 2392 5636 cor
2436 5592 2584 5634 tuum
2628 5582 2691 5634 ad
2729 5578 3088 5635 obedientium
3128 5578 3237 5632 Deo
3283 5587 3548 5640 converte,
3576 5576 3642 5628 sic

2087 5677 2238 5730 illum
2276 5678 2571 5731 obsecrans
2617 5676 2668 5730 in
2718 5674 2942 5730 veritate
2975 5691 2988 5727 :
3031 5673 3108 5727 Ad
3147 5682 3218 5734 te,
3264 5670 3503 5733 Domine,
3531 5685 3638 5739 sup-

2086 5770 2205 5840 plex
2265 5775 2491 5837 accedo;
2542 5772 2667 5824 doce
2710 5785 2788 5823 me
2829 5767 3001 5839 facere
3036 5766 3352 5821 voluntatem
3400 5773 3534 5817 luant
3561 5760 3638 5814 “:
