3862 6344
199 317 343 375 1145

1277 320 1337 380 S.
1378 315 1581 380 ISAUE
1613 319 1908 380 ABBATIS
1941 319 2358 381 ORATIONES.

3343 321 3482 379 “.18

195 458 305 516 ego
331 440 481 499 enim
509 440 637 514 quid
665 440 798 498 mihi
841 440 1118 514 expediat,
1161 443 1376 515 ignoro.
1408 443 1511 511 Tu,
1545 443 1794 512 Domine,
1827 449 1872 508 Α
1902 447 1956 499 in
1979 461 2196 516 regnum
2233 453 2382 498 tua»:
2407 443 2474 499 ⁸⁸.
2508 440 2684 498 Amici
2732 455 2836 497 non
2875 451 3002 498 sunt
3039 441 3204 514 igitur
3225 443 3456 515 amplius

196 552 306 606 pro
333 551 424 592 me
457 549 634 606 pugna
673 535 937 592 adversus
975 536 1225 592 inimicm
1268 551 1444 604 meos;
1492 537 1797 594 mihienim

198 631 404 700 ignotae
435 637 563 686 sunt
597 627 816 685 fraudes
864 629 1104 700 ipsorum
1152 638 1208 684 et
1250 629 1379 688 doli.
1423 629 1481 686 Si
1520 643 1587 684 ex
1617 631 1800 686 animo

197 726 276 782 ita
302 733 578 794 precatus.
607 737 670 779 ea
706 722 982 779 studueris
1001 723 1223 795 exsequi
1255 739 1376 794 quae
1408 724 1530 780 novi
1564 723 1799 779 hominis

197 817 331 874 Jcsu
367 825 581 872 natura:
619 825 744 871 sunt
771 817 1148 888 congruentia,
1181 817 1228 872 is
1269 816 1412 872 nulla
1445 818 1498 872 in
1535 831 1593 872 re
1625 827 1678 872 te
1701 815 1800 872 de.

200 909 308 979 eipi
339 907 604 979 patietur.
628 905 686 961 Si
720 922 886 962 unum
914 905 1134 978 aliquod
1172 909 1438 963 duntaxat
1467 915 1798 979 praeceptum

200 1001 492 1066 observas,
521 1015 626 1056 non
650 1013 811 1055 curas
833 1007 884 1054 te
906 999 1082 1069 ipsum
1113 997 1292 1066 plane,
1329 1015 1505 1070 neque
1526 999 1670 1054 illius
1690 1014 1803 1055 ser-

199 1093 364 1148 vituti
410 1100 468 1147 te
507 1091 728 1162 penitus
760 1091 1032 1147 addixisti.
1080 1091 1544 1161 Quemadmodum
1596 1091 1802 1163 agellus

201 1198 301 1252 per
332 1197 396 1239 se
433 1197 542 1240 non
575 1191 752 1253 potest
789 1179 1027 1248 edicere,
1060 1189 1122 1238 ut
1150 1197 1180 1237 a
1207 1182 1436 1238 zizaniis
1463 1191 1801 1253 expurgetur

197 1285 254 1331 et
277 1275 496 1331 semina
527 1275 669 1331 bona
695 1275 979 1346 percipiat,
1012 1289 1190 1345 neque
1225 1272 1409 1345 fruges
1442 1276 1614 1330 bonas
1638 1273 1800 1330 simul

198 1382 325 1423 cum
364 1365 598 1422 zizaniis
629 1365 794 1432 ferre,
827 1366 1080 1436 quoniam
1134 1381 1164 1421 a
1216 1367 1444 1423 zizaniis
1486 1366 1796 1436 opprimun-

199 1473 290 1516 tur
319 1477 336 1516 :
374 1459 450 1515 ita
483 1468 538 1515 tu
563 1459 664 1516 nisi
691 1474 794 1529 ope
821 1459 1002 1514 divina
1036 1459 1205 1515 fueris
1234 1474 1264 1513 a
1289 1458 1472 1514 carnis
1510 1457 1802 1528 voluptati-

199 1553 302 1609 bus
348 1560 711 1636 expurgatus,
751 1565 857 1608 non
905 1553 1109 1624 poteris
1160 1560 1214 1609 te
1259 1552 1434 1624 ipsum
1483 1567 1513 1607 a
1577 1561 1804 1622 peccato

199 1645 503 1702 custodire.

266 1736 342 1794 ν.
382 1737 530 1794 Cave
575 1737 739 1809 igitur
793 1739 863 1794 ab
921 1737 988 1793 iis
1023 1753 1143 1809 qua:
1190 1746 1470 1808 peccatum
1517 1723 1800 1808 generant.

199 1829 450 1884 Avaritia
502 1838 674 1884 mater
710 1837 794 1884 est
831 1827 1075 1898 improba
1122 1827 1364 1882 omnium
1424 1835 1793 1895 peccatorum.
1828 1815 1871 1870 Β

195 1919 408 1978 Acedia
454 1921 732 1992 propriam
773 1920 919 1976 fovet
964 1919 1320 1976 voluntatem.
1368 1916 1638 1974 Voluntas
1675 1932 1796 1988 pro«

199 2013 316 2084 pria
365 2010 626 2080 superbia
696 2010 1052 2079 intumescit,
1093 2018 1150 2064 et
1190 2017 1558 2078 contemptum
1610 2006 1799 2079 gignit.

196 2103 308 2159 Cor
335 2102 443 2160 sibi
469 2101 690 2172 placens
724 2101 1012 2157 mundanae
1036 2099 1451 2158 consuetudinis
1481 2099 1622 2170 parit
1653 2097 1804 2169 cupi-

199 2197 464 2261 ditatem;
505 2195 629 2250 inde
680 2194 760 2259 fit,
802 2205 862 2250 ut
887 2208 1009 2264 quae
1050 2193 1144 2249 tibi
1180 2203 1305 2250 sunt
1351 2193 1562 2248 inutilia
1605 2207 1804 2250 concu-

199 2288 409 2356 piscas,
439 2295 498 2340 ut
527 2285 985 2342 obtrectatoribus
1008 2300 1167 2341 aures
1195 2284 1520 2356 patefacias,
1545 2293 1605 2340 ut
1631 2298 1802 2355 nugas

200 2378 503 2450 aucuperis
531 2392 732 2450 easque
757 2377 882 2433 aliis
924 2377 1191 2444 vendites,
1225 2388 1285 2433 ut
1318 2392 1438 2448 qua;
1467 2377 1650 2434 saeculi
1675 2385 1804 2433 sunt

199 2473 422 2546 diligas,
453 2480 515 2528 ut
553 2472 751 2529 doceas
773 2486 894 2542 qua;
921 2485 1027 2526 non
1055 2470 1314 2536 didicisti,
1357 2481 1414 2528 et
1457 2485 1578 2542 quae
1611 2471 1710 2527 abs
1750 2479 1802 2527 te

200 2579 311 2621 non
331 2563 626 2635 exiguntur
670 2581 683 2618 :
717 2573 776 2618 ut
805 2561 990 2634 lingua
1025 2571 1114 2618 tua
1146 2563 1452 2632 proximum
1477 2577 1708 2636 pungas,
1737 2578 1801 2621 ac

199 2655 476 2712 stimules.
511 2654 638 2712 llaec
673 2664 730 2710 et
768 2654 874 2711 alia
905 2654 1045 2710 mala
1073 2654 1341 2726 permulta
1370 2666 1798 2725 consequuntur.

202 2749 262 2806 Si
286 2750 413 2820 quis
429 2747 591 2820 igitur
612 2747 849 2818 proficit,
869 2758 962 2802 aut
983 2747 1130 2819 cupit
1151 2747 1435 2819 proficere,
1461 2757 1650 2803 caveat
1679 2747 1801 2804 dili-

200 2853 398 2916 genter
427 2842 498 2898 ab
519 2841 898 2897 occasionibus
947 2849 1322 2912 peccatorum,
1371 2849 1535 2910 atque
1565 2839 1639 2896 ita
1685 2853 1804 2912 pec-

203 2946 330 2992 cata
362 2934 692 3005 comprimet
729 2943 786 2989 et
817 2934 1148 3006 exstinguet.
1176 2934 1276 3002 Qui
1305 2944 1525 2990 strenue
1577 2940 1800 3005 pugnat,

205 3031 324 3086 haec
367 3026 769 3092 animadvertit,
805 3034 859 3082 et
909 3025 1308 3082 admonitiones
1344 3025 1577 3082 libenter
1618 3026 1796 3092 audit;

204 3123 298 3195 qui
322 3137 454 3177 vero
481 3135 576 3178 eas
611 3130 954 3191 aspernatur,
979 3120 1351 3176 adulatoribus
1395 3136 1557 3176 aures
1588 3120 1800 3190 patefa-

204 3217 304 3272 cil.
344 3216 448 3285 Qui
481 3214 730 3285 corporis
753 3214 907 3269 timet
931 3214 1326 3279 inﬁrmitatem,
1357 3213 1425 3269 ad
1463 3215 1514 3270 id
1543 3215 1685 3285 quod
1710 3231 1798 3271 se.

207 3311 448 3367 cundum
493 3319 740 3364 naturam
772 3319 876 3374 est,
925 3324 1030 3364 non
1070 3308 1369 3378 perveniet.
1421 3307 1522 3376 Qui
1573 3309 1798 3378 supplex

210 3401 279 3457 ad
310 3401 481 3457 Deum
521 3399 788 3471 confugit,
824 3399 876 3454 in
908 3413 974 3454 eo
997 3399 1230 3468 quietem
1260 3399 1516 3454 inveniet.
1551 3397 1662 3454 Nisi
1688 3396 1797 3454 Ge-

209 3495 350 3549 deon
397 3493 475 3566 (9)
513 3493 734 3564 hydrias
761 3491 1142 3562 confregisset,
1176 3505 1284 3546 non
1331 3491 1633 3560 aspexisset
1666 3489 1801 3544 lam-

210 3588 414 3659 padum
442 3587 784 3658 splendorem
805 3587 872 3654 3';
917 3587 1102 3641 itidem
1133 3587 1296 3641 homo
1318 3584 1423 3640 nisi
1449 3599 1646 3656 corpus
1671 3597 1804 3638 con-

211 3677 518 3749 tempserit,
557 3677 868 3733 Divinitatis
917 3677 1097 3732 lumen
1138 3691 1243 3732 non
1280 3675 1596 3732 intuebitur.
1626 3673 1802 3730 Etiam

205 3769 368 3826 Jahel
391 3785 530 3824 uxor
555 3768 731 3824 llaber
760 3768 947 3834 Cinzei,
978 3769 1079 3825 nisi
1124 3768 1340 3824 tulisset
1377 3768 1587 3823 clavum
1620 3769 1800 3822 taber-

208 3862 417 3931 naculi,
477 3861 677 3918 Sisarze
724 3862 1034 3931 superbiam
1087 3877 1192 3917 non
1241 3862 1600 3934 oppressisset
1622 3861 1690 3919 υ.
1744 3860 1802 3916 Si

209 3971 368 4034 mens
411 3955 578 4025 igitur
615 3970 674 4011 se
709 3953 1134 4021 conﬁrmaverit,
1180 3955 1590 4024 decreveritque
1623 3953 1802 4009 chari-

212 4059 384 4107 tatem
412 4049 590 4120 sequi,
627 4049 810 4105 omnia
847 4048 1029 4104 carnis
1058 4048 1185 4104 vitia
1218 4049 1516 4119 superabit.
1559 4046 1806 4103 Charitas

207 4131 357 4199 enim
388 4144 593 4214 patiens
620 4154 718 4211 est,
760 4143 980 4214 benigna
1008 4154 1081 4197 est
1113 4143 1183 4209 ⁸³,
1212 4141 1610 4198 aemulationem
1642 4150 1694 4197 et
1719 4156 1807 4195 ar-

217 4237 524 4309 rogantiam
560 4238 730 4305 vitat;
763 4239 1049 4309 permittit,
1080 4247 1138 4292 ut
1179 4251 1332 4290 mens
1371 4237 1440 4291 ab
1466 4236 1531 4291 iis
1559 4251 1678 4306 qua:
1707 4250 1806 4289 na-

217 4342 358 4386 tura:
404 4331 681 4385 contraria
723 4341 868 4394 sunt,
901 4331 1260 4399 opprimatur.
1308 4329 1457 4384 Mens
1501 4337 1681 4383 autem
1713 4328 1808 4382 bo-

218 4439 313 4488 na,
349 4432 513 4493 caput
557 4434 641 4480 est
667 4424 862 4480 anima:
893 4432 1054 4494 atque
1083 4424 1360 4496 princeps,
1389 4437 1490 4477 nec
1519 4421 1654 4476 sinit
1684 4435 1806 4475 eam

221 4516 518 4587 quidquam
581 4516 894 4587 suscipere,
969 4518 1110 4586 quod
1179 4515 1253 4570 sit
1322 4522 1528 4568 natura:
1591 4521 1810 4568 contra-

219 4611 400 4671 rium;
443 4609 680 4664 ostendit
720 4607 863 4664 enim
905 4609 980 4664 illi
1012 4617 1143 4679 quot
1171 4607 1384 4680 injuriis
1414 4617 1704 4679 propterea
1730 4605 1805 4663 sit

219 4701 436 4757 aﬂ'ecta.

287 4795 378 4851 Vl.
411 4795 667 4850 Dominus
707 4802 889 4850 noster
911 4793 1068 4852 Jesus
1092 4793 1341 4851 Christus
1377 4809 1498 4850 cum
1529 4807 1683 4849 suam
1716 4807 1805 4849 er-

214 4906 280 4960 ga
306 4904 476 4960 genus
504 4889 800 4943 humanum
831 4888 882 4943 in
907 4903 1070 4944 cruce
1096 4888 1524 4944 misericordiam
1559 4889 1808 4943 ostende.

217 4995 322 5050 ret,
357 4985 597 5038 latrones
633 4985 790 5048 duos,
840 4999 962 5039 cum
1005 4985 1146 5040 inter
1199 4985 1345 5055 ipsos
1391 4985 1602 5040 medius
1645 4993 1810 5049 esset,

215 5079 513 5149 separavit.
543 5076 816 5133 Turbatus
839 5086 921 5132 est
953 5087 1131 5134 autem
1161 5079 1204 5134 is
1230 5079 1320 5149 qui
1351 5093 1379 5132 a
1411 5077 1648 5134 sinistris
1668 5087 1806 5140 erat,

216 5168 660 5224 animadvertcns
683 5169 1138 5224 necessitudinem
1167 5185 1386 5239 pravam
1413 5183 1532 5240 quae
1559 5168 1656 5224 sibi
1685 5184 1808 5224 cum

217 5265 392 5317 altero
443 5261 532 5332 qui
581 5278 609 5314 a
659 5263 865 5316 dextris
914 5262 1200 5332 pendebat,
1241 5263 1644 5325 intercesserat,
1691 5275 1812 5316 esse

219 5357 573 5424 diremptam.
608 5357 675 5408 At
705 5356 820 5425 ipse
856 5372 976 5411 Clllll
1008 5355 1313 5410 humilitate
1341 5363 1396 5408 et
1425 5355 1620 5410 timore
1645 5354 1695 5407 in
1722 5351 1814 5408 Je-

219 5464 340 5504 sntu
390 5448 609 5503 intuens
659 5463 672 5501 :
718 5448 1013 5515 Memento,
1061 5447 1255 5518 inquit,
1297 5447 1398 5501 mei
1453 5462 1573 5500 cum
1617 5446 1814 5500 veneris

313 5605 357 5638 "
397 5604 523 5662 Jud.
559 5621 654 5673 vn,
697 5605 765 5661 l9
794 5621 912 5676 sqq.
1011 5605 1055 5638 ⁸³
1094 5603 1210 5660 Jud.
1237 5620 1307 5670 tv,
1335 5604 1394 5658 21
1446 5618 1567 5674 sqq.

1905 553 2005 592 nec
2029 546 2208 608 potest
2235 537 2280 592 is
2307 537 2400 607 qui
2428 552 2458 590 a
2493 537 2700 592 dextris
2724 545 2830 600 est,
2861 534 3018 591 alteri
3048 537 3402 606 persuadere,
3428 547 3487 592 ut

1904 644 1935 684 a
1991 628 2134 684 tnalo
2186 627 2314 684 vita:
2361 628 2639 700 proposito
2678 628 2916 684 recedat.
2959 627 3225 683 Ca:terom
3265 629 3363 693 illi,
3393 631 3486 698 qui

1875 721 2142 814 ,nondum
2169 722 2236 774 ad
2267 720 2406 776 hanc
2433 718 2754 775 humilitatis
2787 727 2843 775 et
2874 719 3160 776 charitatis
3193 720 3334 774 viam
3364 736 3488 790 per-

1902 820 2192 878 venerunt,
2225 811 2518 867 identidem
2545 811 2748 866 eadunt
2769 820 2822 866 et
2857 821 3166 882 resurgunt,
3194 813 3365 868 donec
3389 814 3491 868 mi-

1901 901 2198 957 sericordia
2231 901 2324 956 Dei
2351 918 2474 957 cum
2509 901 2617 958 illis
2647 900 2762 970 flat,
2795 901 2916 958 sine
2946 917 3050 973 qua
3083 903 3311 959 salutem
3339 918 3489 959 asse-

1901 992 1992 1063 qui
2023 1004 2317 1063 nequeunt.
2347 995 2478 1062 Quae
2500 1009 2622 1050 cum
2648 994 2724 1049 ita
2749 994 2879 1061 sint,
2907 995 3032 1051 boni
3073 995 3296 1051 latronis
3327 996 3488 1051 [idem

1901 1094 2066 1155 atque
2137 1084 2498 1140 humilitatem
2578 1084 2874 1141 imitemur.
2941 1084 3226 1142 llumilitas
3295 1085 3487 1151 faciet,

1902 1184 1961 1232 ut
1999 1177 2180 1233 crucis
2227 1177 2580 1249 ignominiam
2617 1177 2851 1233 libenter
2885 1179 3141 1234 feramus.
3187 1179 3289 1246 Qui
3329 1193 3491 1234 cruce

1901 1286 1997 1328 sua
2049 1270 2261 1326 sublata
2307 1286 2409 1342 per
2453 1271 2728 1328 Christum
2784 1288 2814 1326 a
2862 1272 3002 1328 malo
3057 1273 3264 1329 latrone
3302 1273 3490 1343 sejun-

1901 1367 2068 1438 βων,
2116 1368 2363 1434 agnoscit
2405 1373 2626 1436 peccata
2677 1381 2774 1422 sua
2839 1367 3040 1436 quibus
3099 1366 3267 1424 Deum
3321 1366 3492 1424 oden-

1902 1457 2004 1526 dit,
2042 1471 2218 1527 eaque
2244 1457 2539 1513 confitetur
2569 1465 2625 1511 et
2654 1455 2834 1522 deﬂet,
2861 1466 2917 1512 et
2950 1457 3163 1513 veniam
3193 1469 3358 1529 atque
3388 1458 3484 1514 mi-

1903 1550 2265 1607 sericordiam
2296 1551 2553 1623 impetrat
2580 1552 2649 1608 ab
2679 1551 2796 1623 ipso
2829 1551 2938 1609 Deo
2965 1572 2979 1609 :
3011 1555 3096 1610 cui
3138 1563 3401 1626 potestas,
3434 1563 3492 1612 et

1903 1642 2076 1716 gloria
2110 1659 2255 1702 nunc
2299 1656 2356 1702 et
2401 1659 2642 1717 semper,
2684 1655 2741 1700 et
2791 1645 2849 1700 in
2905 1645 3102 1702 stecnla
3143 1647 3488 1706 seculorum.

1905 1734 2101 1790 Amen.

2471 1825 2730 1884 ORATIO
2772 1827 2935 1885 XVII.

2193 1917 2266 1973 De
2298 1919 2494 1989 gaudio
2525 1920 2719 1975 anima:
2757 1921 2867 1976 Deo
2906 1923 3202 1977 servientis.

1973 2010 2013 2066 ι.
2058 2010 2114 2066 In
2145 2011 2336 2082 primis
2377 2012 2567 2067 hortor
2612 2022 2663 2068 te
2707 2012 2758 2066 in
2792 2014 2988 2069 timore
3025 2013 3138 2081 Dei,
3180 2024 3238 2068 ut
3282 2030 3346 2069 ex
3379 2015 3495 2082 ejus

1901 2102 2180 2158 voluntate
2223 2103 2497 2173 perfectus
2525 2101 2622 2166 sis,
2657 2117 2722 2159 ne
2761 2103 2974 2160 labores
3013 2106 3088 2158 ttti
3129 2105 3241 2160 sint
3281 2106 3492 2173 inanes,

1903 2195 1997 2250 sed
2031 2194 2141 2250 Deo
2184 2195 2344 2264 grati.
2385 2193 2487 2262 Qui
2526 2194 2674 2251 enim
2717 2198 3045 2269 negotiatur,
3087 2199 3299 2256 lucrum
3341 2200 3492 2267 facit,

1903 2288 2135 2359 ideoque
2186 2287 2434 2354 laetatur;
2483 2302 2585 2344 nec
2617 2290 2929 2346 considerat
2956 2307 3094 2362 quos
3119 2291 3336 2349 labores
3371 2309 3494 2363 por-

1902 2381 2108 2438 tulerit.
2133 2380 2235 2450 Qui
2262 2380 2421 2436 duxit
2443 2396 2690 2447 uxorem,
2717 2397 2836 2437 eam
2862 2383 3104 2440 studiose
3129 2387 3384 2441 observat
3411 2395 3494 2441 at-

1901 2489 2008 2546 que
2038 2473 2301 2540 custodit,
2341 2483 2397 2530 et
2442 2488 2538 2530 cor
2564 2473 2683 2546 ejus
2727 2475 2780 2530 in
2821 2475 2914 2532 illa
2954 2477 3313 2548 conquiescit.
3343 2476 3494 2536 Miles

1900 2583 2001 2640 pro
2033 2583 2160 2640 rege
2195 2583 2295 2624 suo
2338 2581 2586 2640 pugnans
2634 2577 2864 2625 mortem
2907 2569 3162 2640 despicit,
3190 2580 3250 2626 ut
3292 2585 3497 2628 corona

1903 2664 2156 2718 donetur.
2197 2661 2322 2718 llzec
2353 2661 2512 2718 istius
2549 2661 2734 2718 mundi
2763 2672 2888 2717 sunt
2913 2677 3104 2734 opera,
3130 2672 3185 2720 et
3214 2665 3305 2735 qui
3333 2677 3395 2719 ea
3420 2663 3493 2720 fa-

1902 2753 2052 2808 ciunt
2085 2753 2339 2824 gaudent.
2385 2753 2540 2821 Quod
2590 2768 2714 2810 cum
2771 2753 2842 2808 ita
2891 2754 2982 2820 sit,
3018 2769 3254 2825 quonam
3299 2756 3495 2824 gaudio

1904 2845 2047 2903 allici
2077 2847 2241 2903 debet
2269 2845 2488 2902 animus
2511 2845 2654 2901 illius
2689 2845 2780 2916 qui
2812 2844 2906 2902 Dei
2935 2859 3057 2902 sese
3091 2847 3297 2904 addixit
3327 2847 3492 2902 servi-

1905 2941 2032 3006 tuti,
2065 2949 2120 2996 et
2161 2940 2214 2994 in
2242 2954 2308 2996 eo
2336 2939 2518 2996 studio
2551 2954 2609 2996 se
2644 2941 2856 2997 naviter
2888 2941 3049 3013 gerit,
3097 2954 3219 2996 cum
3246 2941 3492 2997 conside-

1905 3041 1990 3089 rat
2023 3033 2248 3105 angelos
2274 3034 2375 3089 sibi
2412 3048 2475 3088 ex
2517 3035 2620 3091 hac
2647 3033 2754 3088 vita
2785 3031 3085 3089 discedenti
3123 3031 3338 3088 obviam
3367 3047 3492 3087 ven-

1903 3132 2081 3191 turos,
2125 3124 2623 3196 gratulaturosqne,
2683 3123 2828 3194 quod
2880 3139 2949 3179 ex
3003 3122 3353 3178 tenebrarum
3405 3135 3493 3191 po-

1909 3217 2192 3275 testatibus
2225 3216 2390 3274 fuerit
2427 3216 2726 3273 liberatus?
2747 3216 2881 3273 Cum
2921 3216 3065 3272 enim
3098 3217 3282 3272 anima
3325 3231 3355 3272 e
3380 3229 3498 3272 cor-

1903 3326 2038 3383 pore
2059 3310 2357 3383 egreditur,
2383 3309 2563 3381 angeli
2589 3324 2710 3365 cum
2738 3309 2849 3380 ipsa
2880 3306 3318 3377 proficiscuntur.
3348 3306 3498 3364 Tunc

1905 3415 2087 3462 autem
2120 3395 2417 3460 occurrunt
2456 3403 2533 3459 illi
2561 3415 2752 3458 omnes
2786 3400 3137 3457 tenebrarum
3173 3408 3498 3469 potestates,

1905 3498 2329 3571 exquiruntque,
2372 3497 2416 3553 si
2455 3497 2587 3566 quid
2614 3495 2668 3550 in
2706 3508 2769 3550 ea
2801 3494 3079 3564 proprium
3111 3492 3409 3555 inveniant,
3442 3503 3500 3546 ut

1906 3589 2052 3646 illam
2101 3587 2205 3644 sibi
2254 3586 2550 3642 vindicent.
2592 3583 2790 3640 Contra
2831 3597 2963 3636 vero
3011 3590 3121 3636 tum
3171 3579 3347 3650 angeli
3397 3595 3495 3648 pn-

1906 3690 2094 3755 goanl,
2130 3690 2242 3735 tum
2274 3677 2446 3734 multo
2480 3677 2656 3749 magis
2690 3689 2854 3746 opera
2887 3689 3007 3744 qua:
3050 3673 3161 3742 ipsa
3195 3671 3344 3735 fecit,
3378 3671 3498 3740 qui-

1905 3775 2008 3832 bus
2036 3773 2106 3829 ab
2135 3770 2466 3828 adversariis
2493 3767 2931 3841 oppugnantibus
2965 3763 3274 3821 defenditur
3313 3773 3368 3818 et
3404 3779 3499 3818 cu-

1907 3865 2158 3928 stoditur,
2199 3873 2258 3918 ιιι
2306 3879 2429 3918 eam
2470 3862 2737 3932 attingere
2789 3868 3079 3930 nequeant.
3131 3856 3284 3924 Quod
3334 3870 3499 3926 opera

1907 3961 2045 4017 bona
2083 3958 2336 4023 vicerint,
2383 3966 2509 4012 tunc
2543 3954 2658 4022 ejus
2684 3953 3016 4024 przeconium
3057 3959 3262 4007 canunt
3298 3949 3498 4021 angeli,

1909 4053 2080 4108 donec
2119 4063 2242 4104 cum
2277 4047 2462 4102 laetitia
2495 4046 2604 4102 Deo
2637 4053 2912 4100 occurrat.
2942 4041 3060 4110 Quo
3097 4041 3313 4112 quidem
3363 4050 3500 4095 tem-

1907 4159 2042 4215 pore
2074 4142 2314 4198 omnimn
2351 4140 2595 4196 laborum
2622 4154 2758 4211 quos
2787 4139 2840 4193 in
2867 4137 3068 4192 mundo
3093 4135 3339 4206 pertulit,
3363 4133 3501 4188 obli-

1912 4237 2158 4292 viscitur.
2191 4237 2247 4290 Iit
2285 4235 2389 4290 hoc
2416 4249 2546 4302 ergo
2569 4233 2766 4303 exiguo
2793 4232 2917 4285 vita:
2946 4228 3222 4285 curriculo
3249 4227 3502 4284 alacriter

1910 4328 2240 4393 laboremus,
2267 4336 2322 4380 et
2345 4339 2508 4396 opera
2538 4332 2723 4378 nostra
2757 4323 2826 4376 ab
2853 4321 3001 4377 omni
3029 4319 3232 4380 malitia
3258 4332 3394 4389 pura
3422 4329 3502 4372 at-

1912 4437 2018 4494 que
2059 4421 2263 4491 integra
2292 4419 2686 4483 custodiamus,
2727 4425 2785 4470 ut
2815 4431 2846 4470 e
2886 4413 3135 4468 manibus
3161 4411 3534 4467 initnicorum‘

1914 4517 2234 4570 nostrorutn’
2249 4513 2338 4583 qui
2375 4510 2664 4566 admodum
2697 4507 2928 4579 improbi
2971 4504 3326 4576 crudelesque
3353 4511 3502 4570 sunt,

1910 4609 2224 4664 liberemur.

1978 4702 2042 4757 ll.
2082 4702 2277 4756 Beatus
2303 4698 2410 4764 ille,
2437 4699 2489 4755 in
2515 4711 2624 4768 quo
2658 4693 2790 4751 nihil
2827 4707 3013 4748 eorum
3044 4693 3205 4758 inest,
3242 4689 3502 4761 quoniam

1909 4795 2162 4868 gaudium
2194 4792 2311 4861 ejus
2355 4800 2408 4846 et
2439 4789 2648 4853 la-titia,
2680 4796 2736 4842 et
2765 4788 2918 4856 quies
2963 4796 3018 4840 et
3048 4799 3248 4840 corona
3280 4797 3358 4839 est
3396 4783 3502 4837 im-

1913 4885 2175 4943 mortalis.
2222 4883 2392 4953 llnjus
2429 4894 2609 4937 autem
2652 4881 2834 4935 mundi
2874 4879 3075 4934 divitia:
3105 4885 3160 4932 et
3197 4875 3503 4946 voluptates

1912 4990 2040 5036 sunt
2065 4994 2238 5036 vanae.
2260 4978 2544 5033 Ploremns
2573 4987 2758 5029 coram
2791 4971 3018 5026 Domino
3043 4985 3141 5039 pro
3173 4968 3401 5035 viribus,
3445 4977 3503 5022 ut

1913 5074 2029 5144 ipse
2066 5087 2164 5143 pro
2211 5069 2542 5142 benignitate
2586 5083 2682 5125 sua
2727 5065 2897 5122 nostri
2932 5065 3273 5128 misereatur,
3320 5062 3503 5118 nobis-

1913 5180 2018 5236 que
2041 5163 2177 5220 ferat
2201 5162 2487 5227 auxilium,
2515 5173 2623 5230 quo
2652 5173 2752 5214 nos
2775 5153 3145 5211 adorientibus
3167 5150 3401 5206 inimicis
3427 5163 3503 5204 re-

1915 5257 2198 5312 sistamus.
2253 5252 2454 5309 Curam
2508 5252 2679 5309 nostri
2735 5264 2990 5322 geramus
3033 5261 3156 5304 cum
3186 5243 3503 5306 severitate,

1917 5349 2297 5421 desiderioque
2324 5347 2564 5404 feramur
2594 5347 2649 5403 in
2671 5346 2864 5412 Deum,
2890 5351 2950 5398 ut
2987 5350 3113 5397 tunc
3139 5354 3208 5397 ex
3242 5335 3504 5408 improbis

1919 5443 2260 5500 inimicorum
2303 5441 2551 5498 manibus
2578 5453 2677 5497 nos
2710 5438 2925 5508 eripiat.
2968 5434 3244 5507 Pauperes
3272 5429 3506 5502 benigne

1643 5599 1741 5656 ⁸³1
1780 5599 1908 5658 Cor.
1940 5617 2064 5669 xm,
2095 5602 2146 5658 4.
2225 5600 2269 5635 ⁸⁵
2309 5601 2440 5660 Luc.
2480 5615 2640 5667 xxttt,
2681 5598 2770 5657 42.

300 5784 378 5858 (9)
426 5780 544 5841 Nisi
592 5783 820 5852 Cedro»,
877 5798 982 5844 etc.
1041 5786 1161 5844 [hcc
1219 5784 1356 5841 infra
1421 5782 1609 5842 (ἔναιρε
1664 5781 1697 5839 l.
1747 5796 1823 5852 c.,
1865 5801 1985 5859 cap.
2027 5785 2114 5842 li.
