3862 6396
358 344 492 399 1147
1475 340 1746 395 PATRES
1785 337 1944 394 EGV

2052 337 2086 390 ll
2129 338 2396 395 SrECLYU
2439 339 2524 397 iV.
3485 335 3676 399 1148

358 456 800 525 complectamur,
851 463 907 510 ut
945 471 1040 510 nos
1088 457 1154 509 ab
1205 454 1434 510 avaritia
1481 455 1689 511 liberet.
1736 456 1936 512 Omnes
1968 457 2012 513 Δ
2042 453 2234 510 Multas
2263 455 2406 509 enim
2437 453 2872 521 tenditinsidias,
2910 465 2971 511 ut
3003 454 3676 527 oppprimatte.'l‘ris1§-

361 547 558 602 fratres
590 557 802 601 nostros
833 548 1034 617 pariter
1068 547 1372 617 diligamus,
1419 549 1684 602 neminem
1718 549 1935 602 omnino
2041 550 2110 603 tia
2134 563 2254 618 quae
2285 563 2349 601 ex
2395 547 2502 603 Deo
2530 559 2617 602 est
2649 547 2882 603 laetitiam
2915 546 3092 610 affert,
3117 557 3171 602 et
3199 547 3468 602 hominem
3495 563 3672 603 con-

361 640 486 692 odio
509 649 912 707 prosequentes,
941 655 1102 710 neque
1131 639 1225 693 ulli
1254 641 1448 694 malum
1474 639 1728 710 proman
1757 641 1936 692 redda-
2040 641 2218 694 ﬁrmat
2255 641 2304 694 in
2341 640 2616 696 voluntate
2657 641 2772 695 Dei.
2806 640 2906 706 Qui
2950 649 3123 694 auten.
3162 640 3293 694 dicit
3329 639 3425 694 tibi
3457 657 3470 691 :
3501 640 3667 706 Quo

365 747 479 782 mus
510 730 577 794 ⁸⁵,
618 741 779 799 atque
833 732 900 784 ab
944 733 1284 786 aemulatione
1326 732 1696 786 liberabitnur.
1743 731 1934 785 Pacem
2036 733 2643 803 fugies?pmnitentiam
2690 748 2794 786 non
2838 733 3024 799 habes,
3073 733 3284 787 veniam
3321 748 3428 786 non
3463 733 3662 787 inve—

365 838 487 875 cum
545 825 816 887 omnibus,
874 834 980 878 tam
1033 826 1234 895 parvis,
1282 840 1442 894 quam
1491 824 1699 894 magnis
1741 825 1978 878 habea-v
2038 830 2188 892 nies;
2229 829 2274 882 is
2309 828 2377 885 ab
2403 829 2625 882 inimico
2671 839 2773 897 est,
2807 839 2864 883 et
2915 829 3045 883 nihil
3079 830 3222 883 aliud
3259 829 3476 897 quatrit,
3517 826 3658 881 nisi

368 931 484 969 mus
509 915 574 968 ⁸³.
614 915 876 970 Omnibus
924 916 974 969 in
1019 918 1178 972 rebus
1219 918 1574 972 humilitatem
1639 932 1933 982 servemus,

367 1008 720 1076 proximoque
751 1009 1028 1072 cedamus,
1053 1011 1299 1078 quamvis
1327 1009 1516 1078 injuria
1543 1019 1631 1065 attt
1657 1019 1934 1065 contume-

371 1098 438 1151 lia
486 1099 680 1165 allecti,
731 1110 787 1153 ut
833 1116 860 1153 a
905 1102 1152 1169 superbia
1201 1103 1351 1156 liberi
1395 1103 1584 1157 simus.
1624 1103 1934 1156 Proximum

369 1198 635 1255 nostrum,
670 1190 794 1243 licet
820 1193 1186 1260 vituperemur
1208 1193 1276 1246 ab
1299 1207 1383 1257 eo,
1413 1193 1614 1247 honore
1645 1209 1785 1261 proso
1805 1209 1934 1263 qua-

371 1295 510 1344 mur,
537 1291 588 1334 et
617 1298 643 1332 a
679 1283 1050 1336 maledicentia
1085 1283 1284 1338 erimus
1309 1285 1488 1338 alieni.
1515 1285 1694 1340 Mundi
1720 1286 1938 1340 delicias

368 1380 422 1424 et
448 1373 739 1440 dignitates
769 1384 1202 1439 contemnamus,
1244 1383 1302 1429 ut
1328 1377 1396 1430 ab
1423 1377 1619 1431 invidia
1645 1378 1818 1433 simus
1853 1380 1937 1433 in-

372 1465 527 1533 tegri.
572 1464 832 1536 Linguam
874 1467 926 1521 in
966 1466 1056 1522 Dei
1093 1467 1342 1522 laudibus
1385 1477 1441 1521 et
1481 1469 1734 1538 precibus
1768 1471 1940 1524 conli-

368 1571 615 1620 neamus,
672 1568 730 1612 ut
768 1559 1104 1614 mendacium
1150 1575 1179 1613 a
1217 1561 1370 1615 nobis
1400 1562 1586 1632 procul
1614 1562 1772 1617 absit.
1812 1564 1940 1617 Ani-

370 1664 514 1702 mum
551 1659 603 1704 et
637 1666 830 1720 corpus
861 1660 1103 1706 nostrum
1127 1667 1154 1706 a
1185 1651 1404 1708 libidine
1430 1669 1731 1720 arceamus,
1759 1664 1816 1710 ut
1845 1672 1943 1726 pu-

373 1741 416 1793 ri
449 1742 693 1809 castique
719 1743 906 1796 simus.
940 1740 1064 1796 Haec
1087 1744 1230 1799 enim
1263 1745 1520 1810 animam,
1545 1761 1665 1800 cum
1687 1761 1718 1801 e
1747 1761 1940 1816 corpo-

369 1845 430 1882 re
457 1831 751 1899 egreditur,
775 1840 989 1885 tuentur
1011 1842 1171 1901 atque
1197 1833 1521 1901 defendunt;
1553 1844 1606 1888 et
1637 1837 1858 1890 virtutes
1891 1837 1938 1890 ei

370 1933 494 1974 sunt
523 1923 742 1986 atl.\ili0,
777 1924 820 1976 si
856 1937 948 1978 eas
974 1924 1295 1994 possederit.
1328 1925 1458 1992 Quis
1484 1926 1704 1996 sapiens
1731 1936 1944 1983 recuset

373 2024 596 2066 mortem
644 2023 914 2082 oppetere,
963 2024 1021 2069 ut
1059 2031 1089 2069 a
1132 2017 1317 2070 mundi
1352 2018 1583 2073 miseriis
1615 2027 1671 2074 et
1705 2020 1943 2088 peccatis

375 2103 665 2158 liberetur?
724 2105 1010 2162 Faciamus
1043 2107 1182 2176 quod
1234 2108 1286 2162 in
1343 2110 1496 2164 nobis
1539 2118 1641 2176 est,
1677 2121 1731 2164 et
1775 2112 1944 2168 virtus

377 2196 589 2252 Domini
614 2198 783 2252 nostri
816 2197 940 2256 Jesu
970 2199 1170 2256 Christi
1196 2211 1394 2256 nostra:
1430 2218 1536 2257 non
1565 2204 1737 2258 deerit
1770 2205 1945 2258 Immi-

375 2290 534 2345 litati.
571 2291 726 2346 Novit
769 2294 912 2347 enim
954 2293 1188 2349 hominis
1224 2294 1619 2363 infirmitatem,
1659 2307 1712 2351 et
1742 2297 1944 2352 idcirco

373 2385 640 2438 concessit
668 2384 738 2438 illi
771 2385 1072 2455 perfugium
1103 2386 1453 2455 ptenitentim,
1493 2389 1729 2458 quanditt
1759 2401 1842 2445 est
1891 2391 1941 2444 itt

375 2492 621 2545 corpore,
649 2492 817 2548 usque
843 2480 909 2535 ad
937 2491 1237 2535 extremum
1260 2482 1529 2552 spiritum.
1555 2480 1756 2537 Omnes
1783 2484 1946 2553 igitur

376 2571 728 2638 cogitationes
752 2582 868 2627 tuas
905 2573 956 2626 in
1000 2573 1105 2628 Deo
1143 2574 1261 2642 ﬁge,
1303 2585 1359 2628 ut
1395 2584 1443 2629 te
1480 2574 1771 2629 custodiat.
1799 2574 1945 2628 Nihil

376 2663 427 2716 in
461 2663 562 2718 hoc
591 2663 789 2720 mundo
828 2666 939 2736 spei
978 2682 1163 2735 ponas,
1197 2683 1264 2721 ne
1320 2676 1370 2722 te
1413 2667 1630 2736 perdat;
1673 2682 1760 2723 res
1802 2668 1944 2723 enim

377 2757 476 2810 has
498 2771 685 2811 omnes
718 2765 958 2813 terrenas
985 2759 1350 2828 derelinques,
1375 2769 1429 2814 et
1453 2760 1762 2830 emigrabis.
1786 2760 1949 2827 Quid-

375 2848 504 2916 quid
536 2859 712 2904 autem
745 2851 979 2920 gesseris
1008 2861 1225 2922 propter
1257 2852 1444 2917 Deum,
1474 2853 1526 2906 id
1562 2861 1612 2904 te
1653 2853 1948 2910 necessita-

377 2947 448 3001 tis
480 2956 718 3014 tempore
742 2944 1104 2998 comitabitur.
1131 2944 1260 3009 Quae
1292 2944 1472 2996 mundi
1507 2953 1652 3006 sunt,
1683 2944 1804 2997 odio
1827 2959 1949 3015 pro-

379 3054 630 3107 sequere,
661 3049 717 3090 ut
749 3037 913 3090 Demn
956 3051 1050 3090 cor
1079 3046 1227 3090 tuum
1261 3035 1459 3090 videat.
1493 3019 1750 3092 Orationi
1776 3037 1951 3092 conti-

2038 931 2116 984 ut,
2149 921 2354 986 abiecta
2394 922 2748 984 continentia,
2806 921 3012 976 incidas
3061 921 3112 975 in
3159 921 3652 990 desperationem.

2037 1013 2278 1067 Tristitia
2314 1029 2440 1067 vero
2469 1027 2588 1082 qnze
2617 1027 2680 1066 ex
2710 1011 2817 1067 Deo
2843 1023 2946 1077 est,
2972 1013 3242 1068 hominem
3267 1013 3334 1066 ad
3360 1012 3654 1081 despera-

2039 1106 2236 1159 tionem
2287 1119 2390 1158 non
2427 1104 2672 1174 impellit,
2703 1107 2795 1160 sed
2832 1115 3020 1159 contra
3047 1106 3224 1172 potius
3254 1121 3380 1160 eum
3421 1119 3655 1159 conso—

2038 1197 2194 1264 latur,
2228 1195 2304 1251 Ne
2333 1198 2547 1260 timeas,
2578 1197 2856 1266 inquiens;
2890 1197 2954 1251 ad
2985 1197 3148 1250 Dettm
3186 1206 3485 1260 revertere,
3524 1195 3651 1266 qui

2038 1289 2300 1359 benignus
2335 1298 2388 1342 et
2422 1288 2728 1343 misericors
2754 1296 2836 1342 est
2867 1295 2924 1343 et
2947 1288 3096 1343 novit
3127 1288 3406 1342 hominum
3444 1287 3650 1341 imbe-

2039 1379 2342 1434 cillitatem.
2388 1379 2540 1433 Malis
2579 1379 2993 1448 cogitationibus
3044 1379 3243 1434 acriter
3287 1379 3505 1438 resiste.
3569 1387 3648 1432 et

2040 1474 2135 1528 abs
2178 1480 2227 1525 te
2267 1470 2491 1540 fugient.
2524 1471 2764 1527 'l‘imidos
2803 1470 2946 1525 enim
3002 1471 3332 1541 ignavosque
3364 1478 3646 1540 premunt

2040 1579 2100 1616 ac
2131 1572 2408 1631 superant,
2437 1573 2492 1617 et
2524 1563 2681 1618 ﬁdem
2708 1563 2760 1616 in
2795 1563 2901 1618 Deo
2931 1578 3033 1616 non
3064 1562 3265 1617 habere
3291 1573 3612 1630 coarguunt.

2040 1654 2141 1720 Qui
2204 1654 2303 1709 sibi
2375 1654 2487 1723 ipse
2551 1653 2768 1708 minime
2830 1652 3136 1717 blanditur,
3202 1651 3404 1721 quique
3467 1667 3638 1705 suam

2043 1749 2288 1817 agnoscit
2345 1746 2670 1815 imperitiam
2729 1756 2888 1814 atque
2942 1745 3333 1810 inﬁrmitatem,
3405 1745 3453 1798 is
3521 1761 3632 1798 non

2043 1839 2423 1908 cupiditatibus
2479 1839 2718 1910 indulget
2773 1838 2906 1902 suis,
2963 1838 3055 1892 sed
3105 1837 3300 1890 divina:
3334 1839 3635 1904 obtempeo

2044 1940 2127 1983 rat
2170 1929 2448 1984 voluntati.
2488 1928 2586 1995 Qui
2640 1928 2742 1983 sibi
2784 1929 2896 1997 ipse
2937 1927 3130 1998 placet,
3183 1937 3240 1981 et
3285 1929 3629 1984 sententiam

2041 2034 2195 2074 suam
2237 2018 2445 2073 czeteris
2484 2019 2778 2089 anteponit,
2827 2019 3072 2074 timorem
3117 2018 3209 2073 Dei
3250 2034 3279 2072 a
3315 2034 3377 2075 se
3431 2021 3634 2074 abesse

2043 2113 2298 2167 ostendit.

2115 2206 2204 2261 IV.
2239 2205 2424 2261 Timor
2455 2204 2546 2261 Dei
2587 2215 2768 2262 custos
2801 2215 2882 2260 est
2916 2205 3142 2269 animae,
3173 2213 3224 2260 et
3261 2204 3493 2259 rationis
3525 2205 3634 2260 de-

2046 2296 2232 2352 l'ensor
2284 2297 2546 2352 adversus
2598 2297 2847 2351 inimicos
2904 2296 3040 2364 ejus.
3089 2295 3188 2362 Qui
3243 2295 3334 2350 Dei
3390 2296 3628 2366 gloriam

2045 2391 2261 2459 quaerit,
2292 2405 2321 2443 a
2352 2404 2411 2445 se
2437 2389 2587 2460 fugat
2613 2390 3030 2444 immunditiam.
3060 2388 3160 2454 Qui
3187 2388 3484 2456 prudenter
3513 2388 3630 2442 sol-

2049 2483 2226 2538 licitus
2265 2491 2383 2550 est,
2422 2482 2688 2539 abscindit
2724 2483 3066 2551 cupiditates.
3097 2481 3419 2537 Sollicitudo
3449 2483 3627 2547 enim,

2048 2585 2106 2630 ut
2140 2577 2400 2646 scriptum
2434 2584 2538 2640 est,
2576 2573 2754 2630 veniet
2783 2574 2848 2628 ad
2886 2575 3160 2630 hominem
3193 2575 3531 2645 sapientem;
3570 2584 3632 2630 et

2049 2666 2140 2736 qui
2172 2681 2230 2722 se
2264 2666 2438 2735 ipsum
2469 2673 2762 2732 extenuat,
2798 2667 2947 2722 novit
2977 2667 3290 2722 sanitatem.
3335 2667 3437 2734 Qui
3475 2667 3630 2737 regis

2049 2760 2130 2814 sui
2161 2759 2290 2814 vicit
2315 2759 2674 2823 adversarios,
2706 2768 3022 2816 coronatur.
3051 2759 3187 2814 Sunt
3222 2759 3376 2824 vitia,
3408 2768 3540 2814 sunt
3571 2772 3632 2814 et

2050 2850 2302 2904 virtutes.
2328 2847 2480 2916 Quod
2515 2850 2557 2904 si
2589 2864 2688 2906 nos
2719 2850 2936 2904 desidiae
2963 2849 3229 2913 dedimus,
3259 2849 3630 2920 deprehendi-

2052 2959 2173 2998 ntur
2214 2943 2539 3012 proditores.
2577 2940 2755 2996 Labor
2783 2941 3077 2996 secundum
3135 2941 3300 2995 Deum
3348 2940 3416 2995 ad
3451 2941 3633 2995 virtu-

2057 3044 2162 3092 tem
2199 3034 2402 3091 auxilio
2437 3044 2542 3099 est,
2572 3033 2779 3089 desidia
2803 3034 3056 3089 vitiorum
3084 3043 3168 3089 est
3198 3045 3393 3090 mater.
3419 3033 3635 3089 Eorum

379 3143 569 3187 uenter
609 3129 872 3194 incumbe,
906 3138 962 3182 ut
1009 3128 1221 3182 animus
1262 3137 1382 3182 tuus
1429 3126 1748 3182 illustretur.
1795 3127 1945 3183 Desi-
1975 3153 2024 3218 ο
2053 3130 2143 3200 qui
2200 3129 2428 3184 virtutes
2475 3135 2764 3198 capessunt
2811 3137 2916 3192 est,
2965 3137 3025 3182 ut
3069 3128 3114 3183 si
3145 3127 3466 3189 ceciderint.
3514 3142 3636 3182 non

387 3223 521 3278 ﬂiam
574 3222 716 3287 fuge,
777 3234 844 3274 ne
897 3217 1083 3274 dolore
1134 3217 1387 3273 aﬂlciaris
1437 3219 1488 3272 in
1554 3219 1948 3278 resurrectione

372 3317 662 3388 iustorum.
698 3311 962 3383 Linguam
997 3320 1141 3366 tuam
1182 3311 1411 3376 custodi,
1459 3319 1512 3366 ct
1555 3311 1650 3367 Dei
1700 3315 1948 3369 timorem

374 3411 716 3480 amplectere.
739 3406 794 3461 ln
817 3391 1080 3477 pauperes
1113 3406 1376 3477 benignus
1401 3416 1536 3473 esto,
1573 3423 1639 3462 ne
1664 3409 1715 3462 in
1738 3417 1951 3463 sancto-

379 3517 496 3555 rum
531 3509 820 3567 conspectu
863 3497 1233 3551 confundaris.
1273 3497 1528 3551 Ciborum
1573 3511 1640 3551 ne
1675 3498 1951 3568 indulgeas

375 3595 677 3665 cupiditati,
715 3607 782 3646 ne
821 3602 1005 3646 arceat
1048 3600 1100 3644 te
1133 3589 1372 3644 Amalec.
1419 3592 1462 3644 A
1519 3591 1952 3645 tnurmurationi-

377 3690 478 3744 bus
514 3698 774 3754 tempera,
800 3699 866 3736 ne
897 3694 948 3738 te
973 3690 1253 3751 serpentes
1281 3683 1560 3740 devorent.
1605 3681 1723 3738 Noli
1767 3684 1949 3738 vinum

377 3782 600 3852 diligere
625 3780 689 3832 ad
717 3779 1059 3842 ebrietatem,
1097 3789 1162 3830 ne
1203 3775 1295 3830 Dei
1330 3773 1515 3830 laetitia
1541 3775 1789 3846 priveris.
1826 3773 1950 3832 Pios

378 3878 623 3931 homines
650 3873 812 3942 dilige
849 3880 1011 3940 atque
1047 3871 1296 3935 observa,
1328 3878 1387 3923 ut
1426 3885 1524 3940 per
1561 3871 1705 3941 ipsos
1742 3871 1947 3927 miseri.

376 3971 615 4026 cordiam
641 3983 990 4036 consequare.
1021 3967 1253 4022 Sanctos
1280 3967 1526 4024 homines
1549 3969 1689 4036 cole,
1716 3977 1772 4024 ttt
1803 3970 1951 4026 zelus

377 4077 564 4117 eorum
597 4059 845 4113 comedat
879 4066 952 4113 te.

448 4150 532 4204 lll.
577 4149 745 4220 Regni
787 4148 1043 4204 caelorum
1079 4146 1387 4213 recordare,
1436 4155 1496 4201 ut
1531 4147 1647 4218 ejus
1688 4150 1947 4204 memoria

378 4254 430 4300 te
470 4244 725 4316 paulatim
779 4241 999 4296 alliciat.
1043 4241 1356 4295 Gebennam
1391 4242 1696 4308 considera,
1739 4254 1797 4298 ut
1831 4243 1948 4312 ejus

374 4356 540 4410 opera
577 4338 667 4393 tibi
717 4337 826 4392 sint
871 4335 1064 4390 invisa.
1102 4334 1353 4401 Qu0tidie
1387 4350 1545 4391 mane
1587 4351 1709 4390 cum
1749 4338 1947 4408 surgis,

375 4433 575 4502 cogita,
611 4430 719 4484 Deo
751 4438 806 4483 te
840 4441 1019 4488 rerum
1054 4424 1294 4480 omnium
1325 4440 1462 4495 quas
1495 4425 1748 4496 gesseris,
1787 4429 1951 4480 ratio-

2054 3224 2363 3291 desperent,
2389 3221 2483 3276 sed
2505 3231 2816 3292 exsurgant.
2847 3220 3104 3276 Moderati
3137 3219 3382 3288 corporis
3406 3219 3632 3274 labores

2053 3314 2106 3369 in
2139 3311 2448 3368 excolendis
2488 3312 2778 3367 virtutibus
2823 3320 3065 3382 prosunt.
3099 3309 3177 3365 Ex
3213 3311 3405 3365 inertia
3445 3310 3636 3380 pullu-

2053 3403 2165 3457 lant
2191 3403 2339 3458 vitia.
2392 3402 2641 3457 Scienter
2672 3401 3023 3471 pugnantium
3057 3416 3242 3456 murus
3276 3408 3398 3465 est,
3439 3403 3634 3470 proxi-

2054 3512 2200 3551 mum
2230 3511 2334 3551 non
2361 3495 2619 3563 judicare.
2657 3493 2866 3549 Murum
2901 3494 3043 3549 hunc
3075 3493 3262 3557 diruit,
3292 3492 3386 3562 qui
3415 3493 3632 3562 vitupe-

2055 3600 2139 3646 rat
2191 3590 2518 3659 proximum.
2574 3587 2790 3658 Linguae
2828 3587 3126 3642 moderatio
3170 3587 3492 3655 prudentem
3535 3588 3624 3639 in-

2052 3683 2200 3738 dicat
2221 3682 2512 3736 hominem.
2542 3680 2640 3748 Qui
2668 3681 2862 3752 linguae
2892 3680 3036 3734 laxat
3063 3679 3320 3745 habenas,
3348 3695 3409 3734 se
3433 3679 3629 3749 procul

2052 3791 2081 3831 a
2115 3777 2310 3831 virtute
2340 3775 2530 3830 abesse
2555 3773 2841 3846 significat.
2868 3772 3221 3842 Eleemosyna
3248 3771 3501 3824 fiduciam
3529 3787 3627 3839 pa-

2053 3869 2158 3934 rit;
2202 3869 2292 3938 qui
2327 3867 2583 3923 abhorret
2633 3867 2696 3921 ab
2741 3865 3078 3937 eleemosyna
3103 3905 3119 3930 ,
3151 3863 3363 3934 virtutis
3394 3872 3480 3918 est
3522 3876 3625 3915 ex—

2051 3975 2194 4029 pers.
2237 3959 2456 4013 Bonitas
2506 3968 2678 4012 mater
2705 3965 2787 4011 est
2816 3955 3100 4010 castitatis.
3133 3951 3311 4006 Animi
3339 3950 3628 4005 distractio

2050 4049 2216 4121 gignit
2246 4048 2584 4117 cupiditates.
2617 4045 2807 4100 Cordis
2835 4044 3100 4114 asperitas
3129 4041 3465 4097 iracundiam
3491 4055 3628 4108 pro-

2052 4143 2170 4197 mit.
2203 4140 2380 4195 Animi
2421 4138 2740 4194 exercitatio
2788 4146 3032 4192 terrenas
3062 4137 3355 4190 detestatur
3385 4148 3630 4202 occupa-

2053 4237 2246 4291 tiones.
2281 4233 2525 4302 Corporis
2559 4232 2862 4288 exercitatio
2891 4245 3078 4298 parum
3112 4227 3254 4282 utilis
3283 4237 3354 4281 est
3381 4227 3450 4280 ".
3487 4226 3626 4278 Ani-

2051 4343 2170 4384 mus
2219 4327 2485 4390 concidit,
2523 4341 2644 4380 cum
2689 4324 3066 4393 occupationes
3112 4321 3286 4390 diligit
3322 4337 3335 4373 :
3375 4319 3630 4388 exsurgit

2054 4431 2256 4484 autem,
2279 4423 2402 4475 dum
2428 4418 2754 4473 moderatam
2777 4416 3010 4486 quietem
3042 4412 3401 4482 amplectitur.
3428 4410 3625 4465 Somni

377 4539 498 4576 nem
533 4522 888 4585 redditurum,
935 4527 988 4572 et
1033 4533 1136 4572 non
1171 4517 1422 4586 peccabis
1467 4517 1728 4573 adversus
1772 4518 1945 4583 illum,
1979 4503 2023 4558 Ῑ)
2052 4515 2276 4571 satietas
2315 4513 2368 4567 in
2407 4523 2634 4581 corpore
2661 4508 2864 4564 excitat
2897 4506 3242 4576 cupiditates.
3274 4503 3468 4574 Vigilia
3505 4522 3622 4558 mo-

375 4618 467 4670 sed
496 4615 611 4684 ejus
653 4615 813 4667 timor
845 4613 895 4665 in
932 4621 982 4665 te
1017 4612 1276 4666 manebit.
1303 4609 1437 4663 l’ara
1466 4620 1536 4675 te,
1567 4620 1624 4664 ut
1654 4611 1702 4666 ei
1733 4612 1945 4667 obviam

367 4709 657 4779 procedas,
696 4715 748 4761 et
773 4705 890 4776 ejus
923 4704 1184 4759 voluntati
1208 4704 1628 4772 obtemperabis.
1661 4705 1858 4758 Eorum
1893 4705 1947 4759 in

370 4801 567 4872 quibus
610 4799 696 4854 hic
729 4799 934 4862 delicis,
969 4797 1208 4866 quotidie
1249 4797 1512 4866 rationem
1559 4796 1864 4860 subducite,
1899 4807 1950 4852 et

369 4897 423 4951 in
466 4895 578 4963 ipso
623 4893 815 4948 mortis
859 4892 1086 4945 articulo
1135 4905 1238 4944 non
1277 4889 1551 4960 aliligeris.
1589 4888 1818 4946 Videant
1851 4892 1953 4946 fra-

368 4999 480 5043 tres
513 4987 586 5040 ttti
622 4999 785 5052 opera
835 4991 924 5037 tua
974 4984 1132 5049 bona,
1167 4989 1220 5035 et
1264 4982 1410 5036 zelus
1449 4991 1667 5036 sanctus
1706 4987 1955 5039 comedat

365 5098 482 5138 eos.
518 5079 752 5148 Explora
788 5077 1048 5150 quotidie,
1089 5076 1296 5145 ecquod
1333 5077 1386 5131 in
1420 5086 1471 5131 te
1502 5077 1691 5131 vitium
1723 5094 1950 5147 supera-

368 5170 465 5233 ris,
496 5181 595 5222 nec
640 5166 734 5221 tibi
776 5176 1056 5234 propterea
1098 5164 1350 5233 placeas;
1401 5179 1523 5219 nam
1577 5168 1951 5223 misericordia

365 5270 418 5313 et
461 5259 630 5313 virtus
671 5267 796 5312 sunt
830 5256 945 5312 Dei.
985 5257 1055 5312 De
1093 5256 1194 5311 ﬁde
1228 5266 1280 5310 et
1311 5258 1578 5324 probitate
1621 5265 1708 5311 tua
1752 5274 1820 5313 ne
1850 5275 1945 5315 ex-

367 5353 596 5415 tollaris,
633 5351 724 5406 sed
757 5353 820 5406 ad
854 5351 1098 5404 ultimum
1135 5366 1304 5420 usque
1334 5354 1456 5405 vita:
1490 5352 1737 5420 Spiritum
1770 5365 1850 5409 sta
1889 5357 1942 5411 in

365 5443 581 5498 timore.
616 5443 693 5498 Ne
723 5444 813 5498 tibi
849 5445 964 5514 ipse
996 5445 1149 5506 ﬁdas,
1181 5445 1417 5514 quamliu
1451 5445 1606 5509 vivis,
1637 5446 1811 5502 donec
1849 5463 1942 5502 su-

363 5552 520 5606 peres
549 5551 738 5591 omnes
781 5539 1120 5591 tenebrarum
1155 5550 1468 5608 potestates.
1514 5537 1708 5609 Vigila,
1747 5538 1940 5607 frater,

363 5630 620 5684 adversus
674 5631 922 5700 spiritum
996 5632 1197 5686 homini
1257 5633 1530 5689 tristitiam
1602 5637 1937 5692 allerentem.

433 5789 478 5818 ⁵⁸
518 5786 675 5844 Rom.
711 5805 807 5855 xu,
843 5791 927 5845 17.
1005 5791 1048 5823 ⁸⁸
1078 5791 1205 5847 ibid.
1247 5793 1329 5847 18.
1406 5795 1449 5825 ⁸⁷
1489 5793 1508 5849 l
1550 5797 1690 5851 Tim.
1733 5814 1802 5865 tv,
1849 5800 1900 5855 8.

2046 4610 2232 4666 derata
2263 4605 2410 4661 salus
2437 4613 2520 4661 est
2544 4604 2742 4660 cordis.
2783 4603 3017 4658 Somnus
3043 4599 3362 4654 immodicus
3391 4599 3614 4652 hebetat

2046 4707 2309 4771 animum,
2351 4703 2661 4758 moderatus
2691 4708 2869 4752 autem
2909 4695 3056 4748 illum
3085 4694 3249 4746 acuit.
3279 4691 3382 4758 Qui
3423 4691 3624 4760 vigilia:

2047 4807 2258 4868 tempus
2314 4795 2368 4851 in
2423 4793 2582 4864 nugis
2638 4787 2945 4852 consumit,
2984 4783 3318 4841 tolerabilius
3375 4782 3513 4836 illud
3567 4782 3620 4835 in

2057 4904 2248 4945 somno
2278 4887 2590 4942 collocaret.
2626 4881 2892 4938 Vitiorum
2923 4878 3163 4934 omnium
3199 4889 3380 4930 comes
3409 4884 3496 4930 est
3526 4875 3622 4929 do-

2053 4983 2154 5038 lor.
2209 4979 2446 5037 Proximi
2487 4975 2872 5032 conscientiam
2928 4987 3032 5025 non
3081 4969 3268 5040 pungit
3319 4966 3619 5022 humilitas.

2053 5075 2296 5129 Humana
2323 5073 2488 5144 gloria
2522 5068 2780 5139 paulatim
2815 5065 3117 5134 superbiam
3177 5060 3338 5131 parit.
3402 5058 3623 5114 Disten-

2052 5170 2128 5222 tio
2178 5165 2399 5236 impedit
2429 5163 2810 5233 cognitionem.
2849 5157 3066 5212 Ventris
3097 5154 3431 5212 continentia
3488 5155 3618 5208 vitia

2050 5263 2251 5316 domat.
2289 5259 2577 5330 Epularnm
2617 5255 2850 5309 studium
2886 5255 3174 5306 immensas
3219 5247 3422 5302 excitat
3467 5249 3621 5313 cupi-

2042 5357 2255 5411 ditates.
2298 5351 2550 5421 Corporis
2592 5358 2816 5404 ornatus
2858 5354 2939 5400 est
2978 5343 3172 5398 animae
3209 5342 3483 5396 interitus.
3527 5341 3618 5394 Di-

2042 5453 2148 5509 vini
2177 5448 2366 5521 iudicii
2397 5445 2670 5502 meditatio
2702 5443 2938 5497 animum
2970 5439 3211 5494 continet
3246 5437 3298 5490 in
3335 5434 3534 5491 olIieio.

2115 5545 2177 5602 V.
2213 5543 2313 5611 Qui
2341 5531 2722 5597 conscientiam
2756 5535 3056 5598 conculcat,
3088 5532 3312 5586 virtutes
3343 5528 3550 5583 excutit
3577 5543 3608 5582 ε

2041 5640 2199 5696 corde
2226 5653 2342 5695 suo.
2376 5639 2475 5704 Qui
2507 5636 2672 5693 Deum
2717 5633 2889 5700 timet,
2919 5626 3148 5702 diligens
3177 5633 3261 5681 est
3289 5640 3302 5691 ;
3341 5622 3431 5694 qui
3464 5621 3613 5676 illum
