  <div class='ocr_page' id='page_1' title='image "/cluster/home/n/w/nwhite01/storage/ocr_20150623/40/hvd.32044019207786/604.png"; bbox 0 0 3862 6366; ppageno 0'>
   <div class='ocr_carea' id='block_1_1' title="bbox 297 318 443 377">
    <p class='ocr_par' dir='ltr' id='par_1_1' title="bbox 297 318 443 377">
     <span class='ocr_line' id='line_1_1' title="bbox 297 318 443 377; baseline 0.014 -2"><span class='ocrx_word' id='word_1_1' title='bbox 297 318 443 377; x_wconf 68' lang='grc'><strong>1149</strong></span> 
     </span>
    </p>
   </div>
   <div class='ocr_carea' id='block_1_2' title="bbox 1388 315 2461 376">
    <p class='ocr_par' dir='ltr' id='par_1_2' title="bbox 1388 315 2461 376">
     <span class='ocr_line' id='line_1_2' title="bbox 1388 315 2461 376; baseline 0.005 -5"><span class='ocrx_word' id='word_1_2' title='bbox 1388 315 1445 372; x_wconf 87' lang='lat' dir='ltr'><strong>S.</strong></span> <span class='ocrx_word' id='word_1_3' title='bbox 1487 315 1685 374; x_wconf 69' lang='lat' dir='ltr'><strong>ISAIAE</strong></span> <span class='ocrx_word' id='word_1_4' title='bbox 1725 315 2015 375; x_wconf 75' lang='lat' dir='ltr'><strong>ABBATIS</strong></span> <span class='ocrx_word' id='word_1_5' title='bbox 2053 318 2461 376; x_wconf 75' lang='lat' dir='ltr'><strong>ORATIONES.</strong></span> 
     </span>
    </p>
   </div>
   <div class='ocr_carea' id='block_1_3' title="bbox 3409 325 3551 383">
    <p class='ocr_par' dir='ltr' id='par_1_3' title="bbox 3409 325 3551 383">
     <span class='ocr_line' id='line_1_3' title="bbox 3409 325 3551 383; baseline -0.014 -1"><span class='ocrx_word' id='word_1_6' title='bbox 3409 325 3551 383; x_wconf 72' lang='lat'><strong>“50</strong></span> 
     </span>
    </p>
   </div>
   <div class='ocr_carea' id='block_1_4' title="bbox 295 433 3547 517">
    <p class='ocr_par' dir='ltr' id='par_1_4' title="bbox 295 433 3547 517">
     <span class='ocr_line' id='line_1_4' title="bbox 295 433 3547 517; baseline 0.002 -24"><span class='ocrx_word' id='word_1_7' title='bbox 295 455 411 493; x_wconf 78' lang='lat' dir='ltr'><strong>non</strong></span> <span class='ocrx_word' id='word_1_8' title='bbox 454 438 632 500; x_wconf 87' lang='lat' dir='ltr'><strong>timet,</strong></span> <span class='ocrx_word' id='word_1_9' title='bbox 673 434 1020 505; x_wconf 89' lang='lat' dir='ltr'><strong>amplectitur</strong></span> <span class='ocrx_word' id='word_1_10' title='bbox 1047 433 1446 506; x_wconf 73' lang='lat' dir='ltr'><strong>negligentiam.</strong></span> <span class='ocrx_word' id='word_1_11' title='bbox 1487 437 1586 504; x_wconf 90' lang='lat' dir='ltr'><strong>Qui</strong></span> <span class='ocrx_word' id='word_1_12' title='bbox 1631 452 1692 492; x_wconf 90' lang='lat' dir='ltr'><strong>os</strong></span> <span class='ocrx_word' id='word_1_13' title='bbox 1727 453 1881 493; x_wconf 88' lang='lat' dir='ltr'><strong>suum</strong></span> <span class='ocrx_word' id='word_1_14' title='bbox 1911 443 1953 498; x_wconf 85' lang='lat' dir='ltr'><strong>A</strong></span> <span class='ocrx_word' id='word_1_15' title='bbox 1983 455 2014 494; x_wconf 91' lang='lat' dir='ltr'><strong>e</strong></span> <span class='ocrx_word' id='word_1_16' title='bbox 2063 455 2290 511; x_wconf 91' lang='lat' dir='ltr'><strong>corpore</strong></span> <span class='ocrx_word' id='word_1_17' title='bbox 2328 439 2664 506; x_wconf 79' lang='lat' dir='ltr'><strong>discesseris,</strong></span> <span class='ocrx_word' id='word_1_18' title='bbox 2721 451 2774 494; x_wconf 84' lang='lat' dir='ltr'><strong>et</strong></span> <span class='ocrx_word' id='word_1_19' title='bbox 2819 440 2964 496; x_wconf 84' lang='lat' dir='ltr'><strong>nullo</strong></span> <span class='ocrx_word' id='word_1_20' title='bbox 3021 448 3257 512; x_wconf 88' lang='lat' dir='ltr'><strong>tempore</strong></span> <span class='ocrx_word' id='word_1_21' title='bbox 3307 444 3547 517; x_wconf 70' lang='lat' dir='ltr'><strong>negligas</strong></span> 
     </span>
    </p>
   </div>
   <div class='ocr_carea' id='block_1_5' title="bbox 296 525 1880 599">
    <p class='ocr_par' dir='ltr' id='par_1_5' title="bbox 296 525 1880 599">
     <span class='ocr_line' id='line_1_5' title="bbox 296 525 1880 599; baseline -0.002 -13"><span class='ocrx_word' id='word_1_22' title='bbox 296 530 544 586; x_wconf 88' lang='lat' dir='ltr'><strong>custodit</strong></span> <span class='ocrx_word' id='word_1_23' title='bbox 578 528 978 599; x_wconf 88' lang='lat' dir='ltr'><strong>prudenterque</strong></span> <span class='ocrx_word' id='word_1_24' title='bbox 1018 534 1184 591; x_wconf 90' lang='lat' dir='ltr'><strong>tacet,</strong></span> <span class='ocrx_word' id='word_1_25' title='bbox 1224 525 1578 596; x_wconf 81' lang='lat' dir='ltr'><strong>cogitationes</strong></span> <span class='ocrx_word' id='word_1_26' title='bbox 1611 529 1662 582; x_wconf 94' lang='lat' dir='ltr'><strong>in</strong></span> <span class='ocrx_word' id='word_1_27' title='bbox 1714 530 1880 584; x_wconf 88' lang='lat' dir='ltr'><strong>Deum</strong></span> 
     </span>
    </p>
   </div>
   <div class='ocr_carea' id='block_1_6' title="bbox 300 618 1882 688">
    <p class='ocr_par' dir='ltr' id='par_1_6' title="bbox 300 618 1882 688">
     <span class='ocr_line' id='line_1_6' title="bbox 300 618 1882 688; baseline -0.001 -12"><span class='ocrx_word' id='word_1_28' title='bbox 300 623 462 676; x_wconf 89' lang='lat' dir='ltr'><strong>tollit.</strong></span> <span class='ocrx_word' id='word_1_29' title='bbox 497 623 539 676; x_wconf 88' lang='lat' dir='ltr'><strong>E</strong></span> <span class='ocrx_word' id='word_1_30' title='bbox 567 619 908 688; x_wconf 88' lang='lat' dir='ltr'><strong>multiloqnio</strong></span> <span class='ocrx_word' id='word_1_31' title='bbox 939 618 1141 673; x_wconf 87' lang='lat' dir='ltr'><strong>desidia</strong></span> <span class='ocrx_word' id='word_1_32' title='bbox 1171 618 1350 686; x_wconf 84' lang='lat' dir='ltr'><strong>prodit</strong></span> <span class='ocrx_word' id='word_1_33' title='bbox 1378 626 1432 672; x_wconf 94' lang='lat' dir='ltr'><strong>et</strong></span> <span class='ocrx_word' id='word_1_34' title='bbox 1463 619 1635 674; x_wconf 90' lang='lat' dir='ltr'><strong>furor.</strong></span> <span class='ocrx_word' id='word_1_35' title='bbox 1663 619 1764 687; x_wconf 89' lang='lat' dir='ltr'><strong>Qui</strong></span> <span class='ocrx_word' id='word_1_36' title='bbox 1795 636 1882 675; x_wconf 88' lang='lat' dir='ltr'><strong>vo-</strong></span> 
     </span>
    </p>
   </div>
   <div class='ocr_carea' id='block_1_7' title="bbox 302 709 1880 782">
    <p class='ocr_par' dir='ltr' id='par_1_7' title="bbox 302 709 1880 782">
     <span class='ocr_line' id='line_1_7' title="bbox 302 709 1880 782; baseline 0 -13"><span class='ocrx_word' id='word_1_37' title='bbox 302 716 568 770; x_wconf 88' lang='lat' dir='ltr'><strong>luntatem</strong></span> <span class='ocrx_word' id='word_1_38' title='bbox 600 728 752 768; x_wconf 85' lang='lat' dir='ltr'><strong>suam</strong></span> <span class='ocrx_word' id='word_1_39' title='bbox 787 712 1032 782; x_wconf 85' lang='lat' dir='ltr'><strong>proximo</strong></span> <span class='ocrx_word' id='word_1_40' title='bbox 1063 709 1350 777; x_wconf 90' lang='lat' dir='ltr'><strong>submittit,</strong></span> <span class='ocrx_word' id='word_1_41' title='bbox 1393 712 1630 766; x_wconf 90' lang='lat' dir='ltr'><strong>animum</strong></span> <span class='ocrx_word' id='word_1_42' title='bbox 1663 715 1880 769; x_wconf 90' lang='lat' dir='ltr'><strong>virtutis</strong></span> 
     </span>
    </p>
   </div>
   <div class='ocr_carea' id='block_1_8' title="bbox 307 805 1880 874">
    <p class='ocr_par' dir='ltr' id='par_1_8' title="bbox 307 805 1880 874">
     <span class='ocr_line' id='line_1_8' title="bbox 307 805 1880 874; baseline -0.003 -9"><span class='ocrx_word' id='word_1_43' title='bbox 307 809 613 865; x_wconf 89' lang='lat' dir='ltr'><strong>studiosum</strong></span> <span class='ocrx_word' id='word_1_44' title='bbox 643 805 909 870; x_wconf 84' lang='lat' dir='ltr'><strong>ostendit;</strong></span> <span class='ocrx_word' id='word_1_45' title='bbox 939 805 1029 874; x_wconf 92' lang='lat' dir='ltr'><strong>qui</strong></span> <span class='ocrx_word' id='word_1_46' title='bbox 1061 819 1191 859; x_wconf 93' lang='lat' dir='ltr'><strong>vero</strong></span> <span class='ocrx_word' id='word_1_47' title='bbox 1225 805 1554 861; x_wconf 80' lang='lat' dir='ltr'><strong>voluntatem</strong></span> <span class='ocrx_word' id='word_1_48' title='bbox 1586 821 1737 860; x_wconf 90' lang='lat' dir='ltr'><strong>suam</strong></span> <span class='ocrx_word' id='word_1_49' title='bbox 1767 821 1880 861; x_wconf 92' lang='lat' dir='ltr'><strong>am-</strong></span> 
     </span>
    </p>
   </div>
   <div class='ocr_carea' id='block_1_9' title="bbox 304 895 1880 970">
    <p class='ocr_par' dir='ltr' id='par_1_9' title="bbox 304 895 1880 970">
     <span class='ocr_line' id='line_1_9' title="bbox 304 895 1880 970; baseline -0.002 -17"><span class='ocrx_word' id='word_1_50' title='bbox 304 900 583 970; x_wconf 91' lang='lat' dir='ltr'><strong>plectitur,</strong></span> <span class='ocrx_word' id='word_1_51' title='bbox 611 913 723 967; x_wconf 70' lang='lat' dir='ltr'><strong>prae</strong></span> <span class='ocrx_word' id='word_1_52' title='bbox 761 912 820 952; x_wconf 91' lang='lat' dir='ltr'><strong>se</strong></span> <span class='ocrx_word' id='word_1_53' title='bbox 863 895 966 951; x_wconf 93' lang='lat' dir='ltr'><strong>fert</strong></span> <span class='ocrx_word' id='word_1_54' title='bbox 1016 897 1362 966; x_wconf 90' lang='lat' dir='ltr'><strong>imperitiam.</strong></span> <span class='ocrx_word' id='word_1_55' title='bbox 1403 896 1495 951; x_wconf 87' lang='lat' dir='ltr'><strong>Dei</strong></span> <span class='ocrx_word' id='word_1_56' title='bbox 1527 896 1686 952; x_wconf 93' lang='lat' dir='ltr'><strong>timor</strong></span> <span class='ocrx_word' id='word_1_57' title='bbox 1714 905 1768 951; x_wconf 91' lang='lat' dir='ltr'><strong>et</strong></span> <span class='ocrx_word' id='word_1_58' title='bbox 1799 907 1880 950; x_wconf 88' lang='lat' dir='ltr'><strong>ta-</strong></span> 
     </span>
    </p>
   </div>
   <div class='ocr_carea' id='block_1_10' title="bbox 301 986 1874 1046">
    <p class='ocr_par' dir='ltr' id='par_1_10' title="bbox 301 986 1874 1046">
     <span class='ocr_line' id='line_1_10' title="bbox 301 986 1874 1046; baseline -0.002 0"><span class='ocrx_word' id='word_1_59' title='bbox 301 993 409 1046; x_wconf 86' lang='lat' dir='ltr'><strong>cita</strong></span> <span class='ocrx_word' id='word_1_60' title='bbox 467 989 749 1044; x_wconf 85' lang='lat' dir='ltr'><strong>meditatio</strong></span> <span class='ocrx_word' id='word_1_61' title='bbox 800 987 1034 1043; x_wconf 91' lang='lat' dir='ltr'><strong>custodit</strong></span> <span class='ocrx_word' id='word_1_62' title='bbox 1088 988 1326 1040; x_wconf 89' lang='lat' dir='ltr'><strong>animum</strong></span> <span class='ocrx_word' id='word_1_63' title='bbox 1384 1001 1413 1041; x_wconf 90' lang='lat' dir='ltr'><strong>a</strong></span> <span class='ocrx_word' id='word_1_64' title='bbox 1479 987 1645 1041; x_wconf 82' lang='lat' dir='ltr'><strong>vitiis.</strong></span> <span class='ocrx_word' id='word_1_65' title='bbox 1693 986 1874 1043; x_wconf 80' lang='lat' dir='ltr'><strong>Mundi</strong></span> 
     </span>
    </p>
   </div>
   <div class='ocr_carea' id='block_1_11' title="bbox 300 1077 1878 1152">
    <p class='ocr_par' dir='ltr' id='par_1_11' title="bbox 300 1077 1878 1152">
     <span class='ocr_line' id='line_1_11' title="bbox 300 1077 1878 1152; baseline -0.001 -14"><span class='ocrx_word' id='word_1_66' title='bbox 300 1082 572 1152; x_wconf 87' lang='lat' dir='ltr'><strong>colloquia</strong></span> <span class='ocrx_word' id='word_1_67' title='bbox 609 1081 758 1135; x_wconf 90' lang='lat' dir='ltr'><strong>cordi</strong></span> <span class='ocrx_word' id='word_1_68' title='bbox 806 1079 1058 1135; x_wconf 84' lang='lat' dir='ltr'><strong>tenebras</strong></span> <span class='ocrx_word' id='word_1_69' title='bbox 1091 1077 1396 1143; x_wconf 72' lang='lat' dir='ltr'><strong>offundunt,</strong></span> <span class='ocrx_word' id='word_1_70' title='bbox 1437 1088 1490 1134; x_wconf 91' lang='lat' dir='ltr'><strong>et</strong></span> <span class='ocrx_word' id='word_1_71' title='bbox 1523 1095 1551 1134; x_wconf 87' lang='lat' dir='ltr'><strong>a</strong></span> <span class='ocrx_word' id='word_1_72' title='bbox 1590 1080 1878 1136; x_wconf 81' lang='lat' dir='ltr'><strong>virtutibus</strong></span> 
     </span>
    </p>
   </div>
   <div class='ocr_carea' id='block_1_12' title="bbox 301 1171 1877 1241">
    <p class='ocr_par' dir='ltr' id='par_1_12' title="bbox 301 1171 1877 1241">
     <span class='ocr_line' id='line_1_12' title="bbox 301 1171 1877 1241; baseline -0.001 -13"><span class='ocrx_word' id='word_1_73' title='bbox 301 1177 603 1229; x_wconf 88' lang='lat' dir='ltr'><strong>deterrent.</strong></span> <span class='ocrx_word' id='word_1_74' title='bbox 636 1171 837 1226; x_wconf 81' lang='lat' dir='ltr'><strong>Rerum</strong></span> <span class='ocrx_word' id='word_1_75' title='bbox 879 1185 1032 1224; x_wconf 88' lang='lat' dir='ltr'><strong>amor</strong></span> <span class='ocrx_word' id='word_1_76' title='bbox 1074 1179 1409 1224; x_wconf 90' lang='lat' dir='ltr'><strong>terrenarum</strong></span> <span class='ocrx_word' id='word_1_77' title='bbox 1446 1179 1678 1225; x_wconf 90' lang='lat' dir='ltr'><strong>mentem</strong></span> <span class='ocrx_word' id='word_1_78' title='bbox 1717 1180 1877 1241; x_wconf 87' lang='lat' dir='ltr'><strong>atque</strong></span> 
     </span>
    </p>
   </div>
   <div class='ocr_carea' id='block_1_13' title="bbox 300 1261 1874 1332">
    <p class='ocr_par' dir='ltr' id='par_1_13' title="bbox 300 1261 1874 1332">
     <span class='ocr_line' id='line_1_13' title="bbox 300 1261 1874 1332; baseline 0.001 -16"><span class='ocrx_word' id='word_1_79' title='bbox 300 1264 542 1318; x_wconf 90' lang='lat' dir='ltr'><strong>animum</strong></span> <span class='ocrx_word' id='word_1_80' title='bbox 575 1261 886 1332; x_wconf 81' lang='lat' dir='ltr'><strong>perturbat;</strong></span> <span class='ocrx_word' id='word_1_81' title='bbox 917 1275 1099 1314; x_wconf 90' lang='lat' dir='ltr'><strong>earum</strong></span> <span class='ocrx_word' id='word_1_82' title='bbox 1125 1274 1253 1314; x_wconf 89' lang='lat' dir='ltr'><strong>vero</strong></span> <span class='ocrx_word' id='word_1_83' title='bbox 1277 1269 1617 1329; x_wconf 89' lang='lat' dir='ltr'><strong>contemptus</strong></span> <span class='ocrx_word' id='word_1_84' title='bbox 1639 1261 1874 1330; x_wconf 85' lang='lat' dir='ltr'><strong>quietem</strong></span> 
     </span>
    </p>
   </div>
   <div class='ocr_carea' id='block_1_14' title="bbox 303 1350 1877 1422">
    <p class='ocr_par' dir='ltr' id='par_1_14' title="bbox 303 1350 1877 1422">
     <span class='ocr_line' id='line_1_14' title="bbox 303 1350 1877 1422; baseline 0 -14"><span class='ocrx_word' id='word_1_85' title='bbox 303 1356 463 1410; x_wconf 75' lang='lat' dir='ltr'><strong>affert</strong></span> <span class='ocrx_word' id='word_1_86' title='bbox 485 1365 540 1410; x_wconf 88' lang='lat' dir='ltr'><strong>et</strong></span> <span class='ocrx_word' id='word_1_87' title='bbox 569 1352 1036 1422; x_wconf 88' lang='lat' dir='ltr'><strong>tranquillitatem.</strong></span> <span class='ocrx_word' id='word_1_88' title='bbox 1063 1350 1162 1417; x_wconf 91' lang='lat' dir='ltr'><strong>Qui</strong></span> <span class='ocrx_word' id='word_1_89' title='bbox 1187 1350 1327 1405; x_wconf 86' lang='lat' dir='ltr'><strong>celat</strong></span> <span class='ocrx_word' id='word_1_90' title='bbox 1349 1350 1703 1422; x_wconf 81' lang='lat' dir='ltr'><strong>cogitationes</strong></span> <span class='ocrx_word' id='word_1_91' title='bbox 1729 1367 1877 1418; x_wconf 89' lang='lat' dir='ltr'><strong>suas,</strong></span> 
     </span>
    </p>
   </div>
   <div class='ocr_carea' id='block_1_15' title="bbox 299 1443 1877 1518">
    <p class='ocr_par' dir='ltr' id='par_1_15' title="bbox 299 1443 1877 1518">
     <span class='ocr_line' id='line_1_15' title="bbox 299 1443 1877 1518; baseline -0.002 -15"><span class='ocrx_word' id='word_1_92' title='bbox 299 1448 490 1503; x_wconf 90' lang='lat' dir='ltr'><strong>mundi</strong></span> <span class='ocrx_word' id='word_1_93' title='bbox 530 1447 756 1518; x_wconf 89' lang='lat' dir='ltr'><strong>gloriam</strong></span> <span class='ocrx_word' id='word_1_94' title='bbox 783 1444 1009 1514; x_wconf 69' lang='lat' dir='ltr'><strong>quaerit;</strong></span> <span class='ocrx_word' id='word_1_95' title='bbox 1044 1444 1133 1513; x_wconf 91' lang='lat' dir='ltr'><strong>qui</strong></span> <span class='ocrx_word' id='word_1_96' title='bbox 1165 1452 1342 1499; x_wconf 85' lang='lat' dir='ltr'><strong>autem</strong></span> <span class='ocrx_word' id='word_1_97' title='bbox 1373 1443 1726 1514; x_wconf 81' lang='lat' dir='ltr'><strong>cogitationes</strong></span> <span class='ocrx_word' id='word_1_98' title='bbox 1750 1460 1877 1500; x_wconf 90' lang='lat' dir='ltr'><strong>suas</strong></span> 
     </span>
    </p>
   </div>
   <div class='ocr_carea' id='block_1_16' title="bbox 301 1533 1878 1606">
    <p class='ocr_par' dir='ltr' id='par_1_16' title="bbox 301 1533 1878 1606">
     <span class='ocr_line' id='line_1_16' title="bbox 301 1533 1878 1606; baseline -0.004 -12"><span class='ocrx_word' id='word_1_99' title='bbox 301 1537 558 1594; x_wconf 85' lang='lat' dir='ltr'><strong>Patribus</strong></span> <span class='ocrx_word' id='word_1_100' title='bbox 587 1537 777 1606; x_wconf 87' lang='lat' dir='ltr'><strong>aperit,</strong></span> <span class='ocrx_word' id='word_1_101' title='bbox 813 1536 960 1606; x_wconf 86' lang='lat' dir='ltr'><strong>fugat</strong></span> <span class='ocrx_word' id='word_1_102' title='bbox 1001 1549 1093 1590; x_wconf 89' lang='lat' dir='ltr'><strong>eas</strong></span> <span class='ocrx_word' id='word_1_103' title='bbox 1135 1549 1163 1588; x_wconf 94' lang='lat' dir='ltr'><strong>a</strong></span> <span class='ocrx_word' id='word_1_104' title='bbox 1205 1549 1281 1588; x_wconf 89' lang='lat' dir='ltr'><strong>se.</strong></span> <span class='ocrx_word' id='word_1_105' title='bbox 1313 1533 1369 1588; x_wconf 91' lang='lat' dir='ltr'><strong>In</strong></span> <span class='ocrx_word' id='word_1_106' title='bbox 1397 1534 1610 1588; x_wconf 88' lang='lat' dir='ltr'><strong>domum</strong></span> <span class='ocrx_word' id='word_1_107' title='bbox 1645 1549 1764 1604; x_wconf 85' lang='lat' dir='ltr'><strong>quae</strong></span> <span class='ocrx_word' id='word_1_108' title='bbox 1793 1534 1878 1588; x_wconf 90' lang='lat' dir='ltr'><strong>fo-</strong></span> 
     </span>
    </p>
   </div>
   <div class='ocr_carea' id='block_1_17' title="bbox 305 1622 1878 1694">
    <p class='ocr_par' dir='ltr' id='par_1_17' title="bbox 305 1622 1878 1694">
     <span class='ocr_line' id='line_1_17' title="bbox 305 1622 1878 1694; baseline -0.004 -10"><span class='ocrx_word' id='word_1_109' title='bbox 305 1629 459 1684; x_wconf 90' lang='lat' dir='ltr'><strong>ribus</strong></span> <span class='ocrx_word' id='word_1_110' title='bbox 499 1627 859 1692; x_wconf 80' lang='lat' dir='ltr'><strong>fenestrisque</strong></span> <span class='ocrx_word' id='word_1_111' title='bbox 891 1634 1062 1690; x_wconf 87' lang='lat' dir='ltr'><strong>caret,</strong></span> <span class='ocrx_word' id='word_1_112' title='bbox 1097 1623 1324 1693; x_wconf 87' lang='lat' dir='ltr'><strong>quilibet</strong></span> <span class='ocrx_word' id='word_1_113' title='bbox 1369 1637 1594 1693; x_wconf 85' lang='lat' dir='ltr'><strong>serpens</strong></span> <span class='ocrx_word' id='word_1_114' title='bbox 1640 1622 1878 1694; x_wconf 88' lang='lat' dir='ltr'><strong>ingredi-</strong></span> 
     </span>
    </p>
   </div>
   <div class='ocr_carea' id='block_1_18' title="bbox 302 1711 1874 1782">
    <p class='ocr_par' dir='ltr' id='par_1_18' title="bbox 302 1711 1874 1782">
     <span class='ocr_line' id='line_1_18' title="bbox 302 1711 1874 1782; baseline -0.003 -11"><span class='ocrx_word' id='word_1_115' title='bbox 302 1727 390 1772; x_wconf 90' lang='lat' dir='ltr'><strong>tur</strong></span> <span class='ocrx_word' id='word_1_116' title='bbox 431 1736 446 1772; x_wconf 89' lang='lat'><strong>:</strong></span> <span class='ocrx_word' id='word_1_117' title='bbox 498 1717 623 1771; x_wconf 87' lang='lat' dir='ltr'><strong>huic</strong></span> <span class='ocrx_word' id='word_1_118' title='bbox 659 1715 850 1770; x_wconf 88' lang='lat' dir='ltr'><strong>similis</strong></span> <span class='ocrx_word' id='word_1_119' title='bbox 903 1723 987 1768; x_wconf 87' lang='lat' dir='ltr'><strong>est</strong></span> <span class='ocrx_word' id='word_1_120' title='bbox 1039 1714 1220 1777; x_wconf 88' lang='lat' dir='ltr'><strong>homo,</strong></span> <span class='ocrx_word' id='word_1_121' title='bbox 1273 1713 1362 1782; x_wconf 90' lang='lat' dir='ltr'><strong>qui</strong></span> <span class='ocrx_word' id='word_1_122' title='bbox 1418 1711 1627 1767; x_wconf 86' lang='lat' dir='ltr'><strong>laborat</strong></span> <span class='ocrx_word' id='word_1_123' title='bbox 1666 1721 1720 1768; x_wconf 92' lang='lat' dir='ltr'><strong>et</strong></span> <span class='ocrx_word' id='word_1_124' title='bbox 1769 1727 1874 1767; x_wconf 91' lang='lat' dir='ltr'><strong>non</strong></span> 
     </span>
    </p>
   </div>
   <div class='ocr_carea' id='block_1_19' title="bbox 1982 530 3547 603">
    <p class='ocr_par' dir='ltr' id='par_1_19' title="bbox 1982 530 3547 603">
     <span class='ocr_line' id='line_1_19' title="bbox 1982 530 3547 603; baseline 0.004 -16"><span class='ocrx_word' id='word_1_125' title='bbox 1982 534 2219 588; x_wconf 91' lang='lat' dir='ltr'><strong>animam</strong></span> <span class='ocrx_word' id='word_1_126' title='bbox 2277 543 2443 588; x_wconf 86' lang='lat' dir='ltr'><strong>tuam.</strong></span> <span class='ocrx_word' id='word_1_127' title='bbox 2504 530 2774 586; x_wconf 82' lang='lat' dir='ltr'><strong>Honorem</strong></span> <span class='ocrx_word' id='word_1_128' title='bbox 2820 532 3104 586; x_wconf 88' lang='lat' dir='ltr'><strong>considera</strong></span> <span class='ocrx_word' id='word_1_129' title='bbox 3157 549 3314 603; x_wconf 88' lang='lat' dir='ltr'><strong>quem</strong></span> <span class='ocrx_word' id='word_1_130' title='bbox 3358 552 3547 593; x_wconf 90' lang='lat' dir='ltr'><strong>omnes</strong></span> 
     </span>
    </p>
   </div>
   <div class='ocr_carea' id='block_1_20' title="bbox 1982 622 3548 694">
    <p class='ocr_par' dir='ltr' id='par_1_20' title="bbox 1982 622 3548 694">
     <span class='ocr_line' id='line_1_20' title="bbox 1982 622 3548 694; baseline 0.001 -16"><span class='ocrx_word' id='word_1_131' title='bbox 1982 624 2159 678; x_wconf 88' lang='lat' dir='ltr'><strong>sancti</strong></span> <span class='ocrx_word' id='word_1_132' title='bbox 2199 631 2326 678; x_wconf 88' lang='lat' dir='ltr'><strong>sunt</strong></span> <span class='ocrx_word' id='word_1_133' title='bbox 2367 622 2621 685; x_wconf 83' lang='lat' dir='ltr'><strong>assecuti,</strong></span> <span class='ocrx_word' id='word_1_134' title='bbox 2658 629 2714 676; x_wconf 89' lang='lat' dir='ltr'><strong>et</strong></span> <span class='ocrx_word' id='word_1_135' title='bbox 2741 635 2924 676; x_wconf 91' lang='lat' dir='ltr'><strong>eorum</strong></span> <span class='ocrx_word' id='word_1_136' title='bbox 2965 623 3232 677; x_wconf 73' lang='lat' dir='ltr'><strong>aunulatio</strong></span> <span class='ocrx_word' id='word_1_137' title='bbox 3273 634 3327 679; x_wconf 92' lang='lat' dir='ltr'><strong>te</strong></span> <span class='ocrx_word' id='word_1_138' title='bbox 3364 625 3548 694; x_wconf 87' lang='lat' dir='ltr'><strong>paula-</strong></span> 
     </span>
    </p>
   </div>
   <div class='ocr_carea' id='block_1_21' title="bbox 1980 712 3544 770">
    <p class='ocr_par' dir='ltr' id='par_1_21' title="bbox 1980 712 3544 770">
     <span class='ocr_line' id='line_1_21' title="bbox 1980 712 3544 770; baseline 0.001 -2"><span class='ocrx_word' id='word_1_139' title='bbox 1980 715 2076 770; x_wconf 90' lang='lat' dir='ltr'><strong>tim</strong></span> <span class='ocrx_word' id='word_1_140' title='bbox 2103 715 2169 769; x_wconf 89' lang='lat' dir='ltr'><strong>ad</strong></span> <span class='ocrx_word' id='word_1_141' title='bbox 2196 714 2446 770; x_wconf 84' lang='lat' dir='ltr'><strong>virtutem</strong></span> <span class='ocrx_word' id='word_1_142' title='bbox 2479 713 2698 767; x_wconf 91' lang='lat' dir='ltr'><strong>alliciet.</strong></span> <span class='ocrx_word' id='word_1_143' title='bbox 2743 712 2986 767; x_wconf 87' lang='lat' dir='ltr'><strong>Dedecus</strong></span> <span class='ocrx_word' id='word_1_144' title='bbox 3015 713 3142 767; x_wconf 90' lang='lat' dir='ltr'><strong>item</strong></span> <span class='ocrx_word' id='word_1_145' title='bbox 3181 715 3461 770; x_wconf 86' lang='lat' dir='ltr'><strong>considera</strong></span> <span class='ocrx_word' id='word_1_146' title='bbox 3493 718 3544 770; x_wconf 90' lang='lat' dir='ltr'><strong>in</strong></span> 
     </span>
    </p>
   </div>
   <div class='ocr_carea' id='block_1_22' title="bbox 1981 805 3548 878">
    <p class='ocr_par' dir='ltr' id='par_1_22' title="bbox 1981 805 3548 878">
     <span class='ocr_line' id='line_1_22' title="bbox 1981 805 3548 878; baseline 0.003 -18"><span class='ocrx_word' id='word_1_147' title='bbox 1981 806 2121 878; x_wconf 82' lang='lat' dir='ltr'><strong>quod</strong></span> <span class='ocrx_word' id='word_1_148' title='bbox 2153 815 2470 876; x_wconf 87' lang='lat' dir='ltr'><strong>peccatores</strong></span> <span class='ocrx_word' id='word_1_149' title='bbox 2508 820 2698 861; x_wconf 86' lang='lat' dir='ltr'><strong>omnes</strong></span> <span class='ocrx_word' id='word_1_150' title='bbox 2739 805 3063 864; x_wconf 86' lang='lat' dir='ltr'><strong>inciderunt.</strong></span> <span class='ocrx_word' id='word_1_151' title='bbox 3093 814 3146 861; x_wconf 91' lang='lat' dir='ltr'><strong>et</strong></span> <span class='ocrx_word' id='word_1_152' title='bbox 3185 808 3449 863; x_wconf 84' lang='lat' dir='ltr'><strong>custodiet</strong></span> <span class='ocrx_word' id='word_1_153' title='bbox 3496 817 3548 864; x_wconf 92' lang='lat' dir='ltr'><strong>te</strong></span> 
     </span>
    </p>
   </div>
   <div class='ocr_carea' id='block_1_23' title="bbox 1979 899 2457 966">
    <p class='ocr_par' dir='ltr' id='par_1_23' title="bbox 1979 899 2457 966">
     <span class='ocr_line' id='line_1_23' title="bbox 1979 899 2457 966; baseline -0.002 -13"><span class='ocrx_word' id='word_1_154' title='bbox 1979 914 2190 966; x_wconf 84' lang='lat' dir='ltr'><strong>semper</strong></span> <span class='ocrx_word' id='word_1_155' title='bbox 2218 915 2246 952; x_wconf 90' lang='lat' dir='ltr'><strong>a</strong></span> <span class='ocrx_word' id='word_1_156' title='bbox 2279 899 2457 953; x_wconf 90' lang='lat' dir='ltr'><strong>malis.</strong></span> 
     </span>
    </p>
   </div>
   <div class='ocr_carea' id='block_1_24' title="bbox 2054 984 3548 1056">
    <p class='ocr_par' dir='ltr' id='par_1_24' title="bbox 2054 984 3548 1056">
     <span class='ocr_line' id='line_1_24' title="bbox 2054 984 3548 1056; baseline 0.001 -14"><span class='ocrx_word' id='word_1_157' title='bbox 2054 985 2158 1042; x_wconf 63' lang='grc' dir='ltr'><strong>γη.</strong></span> <span class='ocrx_word' id='word_1_158' title='bbox 2201 986 2466 1056; x_wconf 86' lang='lat' dir='ltr'><strong>Quidquid</strong></span> <span class='ocrx_word' id='word_1_159' title='bbox 2516 985 2663 1056; x_wconf 83' lang='lat' dir='ltr'><strong>agis,</strong></span> <span class='ocrx_word' id='word_1_160' title='bbox 2710 986 2760 1041; x_wconf 90' lang='lat' dir='ltr'><strong>id</strong></span> <span class='ocrx_word' id='word_1_161' title='bbox 2793 984 3012 1041; x_wconf 83' lang='lat' dir='ltr'><strong>Patrum</strong></span> <span class='ocrx_word' id='word_1_162' title='bbox 3062 995 3274 1042; x_wconf 91' lang='lat' dir='ltr'><strong>tuorum</strong></span> <span class='ocrx_word' id='word_1_163' title='bbox 3320 989 3548 1044; x_wconf 88' lang='lat' dir='ltr'><strong>consilio</strong></span> 
     </span>
    </p>
   </div>
   <div class='ocr_carea' id='block_1_25' title="bbox 1979 1077 3540 1148">
    <p class='ocr_par' dir='ltr' id='par_1_25' title="bbox 1979 1077 3540 1148">
     <span class='ocr_line' id='line_1_25' title="bbox 1979 1077 3540 1148; baseline 0.002 -16"><span class='ocrx_word' id='word_1_164' title='bbox 1979 1077 2171 1148; x_wconf 79' lang='lat' dir='ltr'><strong>dirige,</strong></span> <span class='ocrx_word' id='word_1_165' title='bbox 2196 1086 2252 1132; x_wconf 91' lang='lat' dir='ltr'><strong>et</strong></span> <span class='ocrx_word' id='word_1_166' title='bbox 2275 1087 2484 1148; x_wconf 85' lang='lat' dir='ltr'><strong>tempus</strong></span> <span class='ocrx_word' id='word_1_167' title='bbox 2510 1093 2667 1133; x_wconf 86' lang='lat' dir='ltr'><strong>omne</strong></span> <span class='ocrx_word' id='word_1_168' title='bbox 2695 1078 2944 1133; x_wconf 85' lang='lat' dir='ltr'><strong>traduces</strong></span> <span class='ocrx_word' id='word_1_169' title='bbox 2970 1093 3091 1132; x_wconf 90' lang='lat' dir='ltr'><strong>cum</strong></span> <span class='ocrx_word' id='word_1_170' title='bbox 3127 1080 3540 1148; x_wconf 87' lang='lat' dir='ltr'><strong>tranquillitate.</strong></span> 
     </span>
    </p>
   </div>
   <div class='ocr_carea' id='block_1_26' title="bbox 1977 1167 3545 1240">
    <p class='ocr_par' dir='ltr' id='par_1_26' title="bbox 1977 1167 3545 1240">
     <span class='ocr_line' id='line_1_26' title="bbox 1977 1167 3545 1240; baseline 0.002 -16"><span class='ocrx_word' id='word_1_171' title='bbox 1977 1169 2208 1224; x_wconf 87' lang='lat' dir='ltr'><strong>Attende</strong></span> <span class='ocrx_word' id='word_1_172' title='bbox 2230 1167 2358 1236; x_wconf 87' lang='lat' dir='ltr'><strong>tibi;</strong></span> <span class='ocrx_word' id='word_1_173' title='bbox 2382 1184 2504 1223; x_wconf 91' lang='lat' dir='ltr'><strong>cum</strong></span> <span class='ocrx_word' id='word_1_174' title='bbox 2527 1179 2576 1223; x_wconf 91' lang='lat' dir='ltr'><strong>te</strong></span> <span class='ocrx_word' id='word_1_175' title='bbox 2595 1169 2846 1238; x_wconf 79' lang='lat' dir='ltr'><strong>cogitatio</strong></span> <span class='ocrx_word' id='word_1_176' title='bbox 2862 1169 3120 1232; x_wconf 87' lang='lat' dir='ltr'><strong>stimulat,</strong></span> <span class='ocrx_word' id='word_1_177' title='bbox 3145 1171 3285 1240; x_wconf 89' lang='lat' dir='ltr'><strong>quod</strong></span> <span class='ocrx_word' id='word_1_178' title='bbox 3323 1171 3545 1227; x_wconf 80' lang='lat' dir='ltr'><strong>fratrem</strong></span> 
     </span>
    </p>
   </div>
   <div class='ocr_carea' id='block_1_27' title="bbox 1985 1255 3549 1330">
    <p class='ocr_par' dir='ltr' id='par_1_27' title="bbox 1985 1255 3549 1330">
     <span class='ocr_line' id='line_1_27' title="bbox 1985 1255 3549 1330; baseline 0.001 -18"><span class='ocrx_word' id='word_1_179' title='bbox 1985 1267 2132 1312; x_wconf 81' lang='lat' dir='ltr'><strong>tuum</strong></span> <span class='ocrx_word' id='word_1_180' title='bbox 2158 1255 2445 1311; x_wconf 69' lang='lat' dir='ltr'><strong>od‘enderis</strong></span> <span class='ocrx_word' id='word_1_181' title='bbox 2469 1298 2483 1320; x_wconf 88' lang='lat'><strong>,</strong></span> <span class='ocrx_word' id='word_1_182' title='bbox 2515 1273 2582 1312; x_wconf 90' lang='lat' dir='ltr'><strong>ne</strong></span> <span class='ocrx_word' id='word_1_183' title='bbox 2617 1257 2758 1310; x_wconf 89' lang='lat' dir='ltr'><strong>illam</strong></span> <span class='ocrx_word' id='word_1_184' title='bbox 2797 1260 3220 1327; x_wconf 87' lang='lat' dir='ltr'><strong>contempseris;</strong></span> <span class='ocrx_word' id='word_1_185' title='bbox 3273 1261 3366 1315; x_wconf 89' lang='lat' dir='ltr'><strong>sed</strong></span> <span class='ocrx_word' id='word_1_186' title='bbox 3418 1277 3549 1330; x_wconf 88' lang='lat' dir='ltr'><strong>sup-</strong></span> 
     </span>
    </p>
   </div>
   <div class='ocr_carea' id='block_1_28' title="bbox 1977 1350 3539 1420">
    <p class='ocr_par' dir='ltr' id='par_1_28' title="bbox 1977 1350 3539 1420">
     <span class='ocr_line' id='line_1_28' title="bbox 1977 1350 3539 1420; baseline 0.003 -19"><span class='ocrx_word' id='word_1_187' title='bbox 1977 1351 2094 1420; x_wconf 90' lang='lat' dir='ltr'><strong>plex</strong></span> <span class='ocrx_word' id='word_1_188' title='bbox 2125 1351 2192 1404; x_wconf 91' lang='lat' dir='ltr'><strong>ab</strong></span> <span class='ocrx_word' id='word_1_189' title='bbox 2219 1365 2284 1404; x_wconf 92' lang='lat' dir='ltr'><strong>eo</strong></span> <span class='ocrx_word' id='word_1_190' title='bbox 2311 1351 2516 1404; x_wconf 89' lang='lat' dir='ltr'><strong>veniam</strong></span> <span class='ocrx_word' id='word_1_191' title='bbox 2546 1359 2696 1418; x_wconf 90' lang='lat' dir='ltr'><strong>pete,</strong></span> <span class='ocrx_word' id='word_1_192' title='bbox 2733 1351 2901 1404; x_wconf 89' lang='lat' dir='ltr'><strong>donec</strong></span> <span class='ocrx_word' id='word_1_193' title='bbox 2936 1365 3055 1404; x_wconf 90' lang='lat' dir='ltr'><strong>eam</strong></span> <span class='ocrx_word' id='word_1_194' title='bbox 3092 1350 3366 1418; x_wconf 86' lang='lat' dir='ltr'><strong>impetres.</strong></span> <span class='ocrx_word' id='word_1_195' title='bbox 3393 1350 3539 1406; x_wconf 86' lang='lat' dir='ltr'><strong>Cave</strong></span> 
     </span>
    </p>
   </div>
   <div class='ocr_carea' id='block_1_29' title="bbox 1978 1439 3550 1510">
    <p class='ocr_par' dir='ltr' id='par_1_29' title="bbox 1978 1439 3550 1510">
     <span class='ocr_line' id='line_1_29' title="bbox 1978 1439 3550 1510; baseline -0.001 -14"><span class='ocrx_word' id='word_1_196' title='bbox 1978 1457 2044 1496; x_wconf 93' lang='lat' dir='ltr'><strong>ne</strong></span> <span class='ocrx_word' id='word_1_197' title='bbox 2071 1442 2238 1496; x_wconf 90' lang='lat' dir='ltr'><strong>durus</strong></span> <span class='ocrx_word' id='word_1_198' title='bbox 2265 1441 2596 1510; x_wconf 88' lang='lat' dir='ltr'><strong>acerlmsque</strong></span> <span class='ocrx_word' id='word_1_199' title='bbox 2624 1441 2698 1494; x_wconf 91' lang='lat' dir='ltr'><strong>sis</strong></span> <span class='ocrx_word' id='word_1_200' title='bbox 2719 1439 2976 1495; x_wconf 87' lang='lat' dir='ltr'><strong>adversus</strong></span> <span class='ocrx_word' id='word_1_201' title='bbox 3007 1440 3228 1495; x_wconf 87' lang='lat' dir='ltr'><strong>fratrem</strong></span> <span class='ocrx_word' id='word_1_202' title='bbox 3257 1449 3439 1506; x_wconf 89' lang='lat' dir='ltr'><strong>tuum;</strong></span> <span class='ocrx_word' id='word_1_203' title='bbox 3478 1441 3550 1494; x_wconf 85' lang='lat' dir='ltr'><strong>ab</strong></span> 
     </span>
    </p>
   </div>
   <div class='ocr_carea' id='block_1_30' title="bbox 1979 1533 3550 1589">
    <p class='ocr_par' dir='ltr' id='par_1_30' title="bbox 1979 1533 3550 1589">
     <span class='ocr_line' id='line_1_30' title="bbox 1979 1533 3550 1589; baseline -0.001 -1"><span class='ocrx_word' id='word_1_204' title='bbox 1979 1534 2198 1588; x_wconf 91' lang='lat' dir='ltr'><strong>inimico</strong></span> <span class='ocrx_word' id='word_1_205' title='bbox 2230 1535 2374 1588; x_wconf 91' lang='lat' dir='ltr'><strong>enim</strong></span> <span class='ocrx_word' id='word_1_206' title='bbox 2406 1548 2594 1589; x_wconf 92' lang='lat' dir='ltr'><strong>omnes</strong></span> <span class='ocrx_word' id='word_1_207' title='bbox 2644 1544 2932 1588; x_wconf 90' lang='lat' dir='ltr'><strong>teutamur.</strong></span> <span class='ocrx_word' id='word_1_208' title='bbox 2967 1533 3023 1589; x_wconf 89' lang='lat' dir='ltr'><strong>Si</strong></span> <span class='ocrx_word' id='word_1_209' title='bbox 3063 1549 3183 1588; x_wconf 91' lang='lat' dir='ltr'><strong>cum</strong></span> <span class='ocrx_word' id='word_1_210' title='bbox 3214 1534 3334 1589; x_wconf 91' lang='lat' dir='ltr'><strong>aliis</strong></span> <span class='ocrx_word' id='word_1_211' title='bbox 3363 1533 3550 1588; x_wconf 86' lang='lat' dir='ltr'><strong>fratri-</strong></span> 
     </span>
    </p>
   </div>
   <div class='ocr_carea' id='block_1_31' title="bbox 1978 1625 3550 1694">
    <p class='ocr_par' dir='ltr' id='par_1_31' title="bbox 1978 1625 3550 1694">
     <span class='ocr_line' id='line_1_31' title="bbox 1978 1625 3550 1694; baseline -0.001 -14"><span class='ocrx_word' id='word_1_212' title='bbox 1978 1626 2078 1680; x_wconf 87' lang='lat' dir='ltr'><strong>bus</strong></span> <span class='ocrx_word' id='word_1_213' title='bbox 2112 1625 2346 1692; x_wconf 88' lang='lat' dir='ltr'><strong>habitas,</strong></span> <span class='ocrx_word' id='word_1_214' title='bbox 2384 1625 2491 1680; x_wconf 90' lang='lat' dir='ltr'><strong>noli</strong></span> <span class='ocrx_word' id='word_1_215' title='bbox 2535 1640 2748 1694; x_wconf 88' lang='lat' dir='ltr'><strong>semper</strong></span> <span class='ocrx_word' id='word_1_216' title='bbox 2778 1625 2885 1681; x_wconf 92' lang='lat' dir='ltr'><strong>illis</strong></span> <span class='ocrx_word' id='word_1_217' title='bbox 2921 1626 3210 1694; x_wconf 85' lang='lat' dir='ltr'><strong>imperare,</strong></span> <span class='ocrx_word' id='word_1_218' title='bbox 3253 1626 3348 1680; x_wconf 89' lang='lat' dir='ltr'><strong>sed</strong></span> <span class='ocrx_word' id='word_1_219' title='bbox 3387 1626 3550 1680; x_wconf 84' lang='lat' dir='ltr'><strong>simul</strong></span> 
     </span>
    </p>
   </div>
   <div class='ocr_carea' id='block_1_32' title="bbox 1979 1715 3544 1782">
    <p class='ocr_par' dir='ltr' id='par_1_32' title="bbox 1979 1715 3544 1782">
     <span class='ocr_line' id='line_1_32' title="bbox 1979 1715 3544 1782; baseline -0.001 -11"><span class='ocrx_word' id='word_1_220' title='bbox 1979 1719 2182 1782; x_wconf 86' lang='lat' dir='ltr'><strong>labora,</strong></span> <span class='ocrx_word' id='word_1_221' title='bbox 2213 1731 2278 1771; x_wconf 93' lang='lat' dir='ltr'><strong>ne</strong></span> <span class='ocrx_word' id='word_1_222' title='bbox 2315 1719 2618 1773; x_wconf 89' lang='lat' dir='ltr'><strong>mercedem</strong></span> <span class='ocrx_word' id='word_1_223' title='bbox 2648 1717 2867 1772; x_wconf 89' lang='lat' dir='ltr'><strong>amittas</strong></span> <span class='ocrx_word' id='word_1_224' title='bbox 2900 1726 3066 1771; x_wconf 90' lang='lat' dir='ltr'><strong>tuam.</strong></span> <span class='ocrx_word' id='word_1_225' title='bbox 3097 1715 3154 1770; x_wconf 91' lang='lat' dir='ltr'><strong>Si</strong></span> <span class='ocrx_word' id='word_1_226' title='bbox 3186 1716 3282 1772; x_wconf 92' lang='lat' dir='ltr'><strong>tibi</strong></span> <span class='ocrx_word' id='word_1_227' title='bbox 3311 1717 3377 1772; x_wconf 89' lang='lat' dir='ltr'><strong>de</strong></span> <span class='ocrx_word' id='word_1_228' title='bbox 3400 1716 3544 1771; x_wconf 89' lang='lat' dir='ltr'><strong>victu</strong></span> 
     </span>
    </p>
   </div>
   <div class='ocr_carea' id='block_1_33' title="bbox 298 1786 1873 1879">
    <p class='ocr_par' dir='ltr' id='par_1_33' title="bbox 298 1804 1870 1876">
     <span class='ocr_line' id='line_1_33' title="bbox 298 1804 1870 1876; baseline -0.003 -12"><span class='ocrx_word' id='word_1_229' title='bbox 298 1811 538 1865; x_wconf 86' lang='lat' dir='ltr'><strong>custodit</strong></span> <span class='ocrx_word' id='word_1_230' title='bbox 560 1809 772 1864; x_wconf 87' lang='lat' dir='ltr'><strong>labores</strong></span> <span class='ocrx_word' id='word_1_231' title='bbox 804 1821 954 1862; x_wconf 77' lang='lat' dir='ltr'><strong>suos.</strong></span> <span class='ocrx_word' id='word_1_232' title='bbox 983 1805 1440 1872; x_wconf 80' lang='lat' dir='ltr'><strong>Quemadmodum</strong></span> <span class='ocrx_word' id='word_1_233' title='bbox 1463 1820 1644 1876; x_wconf 79' lang='lat' dir='ltr'><strong>:erugo</strong></span> <span class='ocrx_word' id='word_1_234' title='bbox 1671 1804 1870 1860; x_wconf 87' lang='lat' dir='ltr'><strong>ferrum</strong></span> 
     </span>
    </p>
   </div>
   <div class='ocr_carea' id='block_1_34' title="bbox 1979 1786 3545 1879">
    <p class='ocr_par' dir='ltr' id='par_1_34' title="bbox 1979 1806 3545 1879">
     <span class='ocr_line' id='line_1_34' title="bbox 1979 1806 3545 1879; baseline -0.001 -17"><span class='ocrx_word' id='word_1_235' title='bbox 1979 1811 2282 1879; x_wconf 89' lang='lat' dir='ltr'><strong>vestituque</strong></span> <span class='ocrx_word' id='word_1_236' title='bbox 2319 1809 2589 1863; x_wconf 65' lang='lat' dir='ltr'><strong>daemones</strong></span> <span class='ocrx_word' id='word_1_237' title='bbox 2623 1809 3034 1864; x_wconf 85' lang='lat' dir='ltr'><strong>sollicitudinem</strong></span> <span class='ocrx_word' id='word_1_238' title='bbox 3089 1806 3402 1876; x_wconf 71' lang='lat' dir='ltr'><strong>iniecerint,</strong></span> <span class='ocrx_word' id='word_1_239' title='bbox 3451 1816 3545 1861; x_wconf 87' lang='lat' dir='ltr'><strong>aut</strong></span> 
     </span>
    </p>
   </div>
   <div class='ocr_carea' id='block_1_35' title="bbox 297 1896 1875 1964">
    <p class='ocr_par' dir='ltr' id='par_1_35' title="bbox 297 1896 1875 1964">
     <span class='ocr_line' id='line_1_35' title="bbox 297 1896 1875 1964; baseline -0.003 -9"><span class='ocrx_word' id='word_1_240' title='bbox 297 1902 596 1964; x_wconf 86' lang='lat' dir='ltr'><strong>consumit,</strong></span> <span class='ocrx_word' id='word_1_241' title='bbox 642 1900 723 1956; x_wconf 90' lang='lat' dir='ltr'><strong>sic</strong></span> <span class='ocrx_word' id='word_1_242' title='bbox 759 1898 983 1954; x_wconf 89' lang='lat' dir='ltr'><strong>ambitio</strong></span> <span class='ocrx_word' id='word_1_243' title='bbox 1015 1911 1108 1952; x_wconf 92' lang='lat' dir='ltr'><strong>cor</strong></span> <span class='ocrx_word' id='word_1_244' title='bbox 1135 1897 1376 1951; x_wconf 67' lang='lat' dir='ltr'><strong>&#39;hominis</strong></span> <span class='ocrx_word' id='word_1_245' title='bbox 1408 1897 1568 1951; x_wconf 92' lang='lat' dir='ltr'><strong>rodit.</strong></span> <span class='ocrx_word' id='word_1_246' title='bbox 1611 1896 1875 1964; x_wconf 88' lang='lat' dir='ltr'><strong>Quemad-</strong></span> 
     </span>
    </p>
   </div>
   <div class='ocr_carea' id='block_1_36' title="bbox 299 1987 1874 2059">
    <p class='ocr_par' dir='ltr' id='par_1_36' title="bbox 299 1987 1874 2059">
     <span class='ocr_line' id='line_1_36' title="bbox 299 1987 1874 2059; baseline -0.003 -13"><span class='ocrx_word' id='word_1_247' title='bbox 299 1993 522 2047; x_wconf 82' lang='lat' dir='ltr'><strong>modum</strong></span> <span class='ocrx_word' id='word_1_248' title='bbox 574 1991 770 2047; x_wconf 88' lang='lat' dir='ltr'><strong>hedera</strong></span> <span class='ocrx_word' id='word_1_249' title='bbox 800 1989 961 2045; x_wconf 88' lang='lat' dir='ltr'><strong>vitem</strong></span> <span class='ocrx_word' id='word_1_250' title='bbox 1001 1987 1284 2059; x_wconf 83' lang='lat' dir='ltr'><strong>amplexa,</strong></span> <span class='ocrx_word' id='word_1_251' title='bbox 1332 1987 1560 2043; x_wconf 83' lang='lat' dir='ltr'><strong>fructum</strong></span> <span class='ocrx_word' id='word_1_252' title='bbox 1594 1987 1738 2044; x_wconf 90' lang='lat' dir='ltr'><strong>illius</strong></span> <span class='ocrx_word' id='word_1_253' title='bbox 1776 1989 1874 2043; x_wconf 65' lang='lat' dir='ltr'><strong>deo</strong></span> 
     </span>
    </p>
   </div>
   <div class='ocr_carea' id='block_1_37' title="bbox 297 2079 1871 2150">
    <p class='ocr_par' dir='ltr' id='par_1_37' title="bbox 297 2079 1871 2150">
     <span class='ocr_line' id='line_1_37' title="bbox 297 2079 1871 2150; baseline -0.001 -12"><span class='ocrx_word' id='word_1_254' title='bbox 297 2086 462 2138; x_wconf 86' lang='lat' dir='ltr'><strong>struit</strong></span> <span class='ocrx_word' id='word_1_255' title='bbox 511 2102 527 2139; x_wconf 95' lang='lat'><strong>:</strong></span> <span class='ocrx_word' id='word_1_256' title='bbox 583 2085 663 2139; x_wconf 89' lang='lat' dir='ltr'><strong>sic</strong></span> <span class='ocrx_word' id='word_1_257' title='bbox 696 2082 872 2137; x_wconf 88' lang='lat' dir='ltr'><strong>inanis</strong></span> <span class='ocrx_word' id='word_1_258' title='bbox 917 2081 1083 2150; x_wconf 78' lang='lat' dir='ltr'><strong>gloria</strong></span> <span class='ocrx_word' id='word_1_259' title='bbox 1125 2080 1358 2134; x_wconf 83' lang='lat' dir='ltr'><strong>hominis</strong></span> <span class='ocrx_word' id='word_1_260' title='bbox 1396 2079 1610 2135; x_wconf 90' lang='lat' dir='ltr'><strong>labores</strong></span> <span class='ocrx_word' id='word_1_261' title='bbox 1652 2080 1871 2136; x_wconf 84' lang='lat' dir='ltr'><strong>evertit.</strong></span> 
     </span>
    </p>
   </div>
   <div class='ocr_carea' id='block_1_38' title="bbox 301 2171 1872 2242">
    <p class='ocr_par' dir='ltr' id='par_1_38' title="bbox 301 2171 1872 2242">
     <span class='ocr_line' id='line_1_38' title="bbox 301 2171 1872 2242; baseline -0.003 -12"><span class='ocrx_word' id='word_1_262' title='bbox 301 2176 448 2231; x_wconf 87' lang='lat' dir='ltr'><strong>lutcr</strong></span> <span class='ocrx_word' id='word_1_263' title='bbox 479 2176 709 2228; x_wconf 82' lang='lat' dir='ltr'><strong>virtutes</strong></span> <span class='ocrx_word' id='word_1_264' title='bbox 735 2172 949 2228; x_wconf 81' lang='lat' dir='ltr'><strong>excellit</strong></span> <span class='ocrx_word' id='word_1_265' title='bbox 976 2171 1271 2236; x_wconf 90' lang='lat' dir='ltr'><strong>humilitas,</strong></span> <span class='ocrx_word' id='word_1_266' title='bbox 1295 2180 1347 2224; x_wconf 91' lang='lat' dir='ltr'><strong>et</strong></span> <span class='ocrx_word' id='word_1_267' title='bbox 1370 2171 1631 2242; x_wconf 86' lang='lat' dir='ltr'><strong>ingluvies</strong></span> <span class='ocrx_word' id='word_1_268' title='bbox 1657 2180 1872 2242; x_wconf 70' lang='lat' dir='ltr'><strong>prtestat</strong></span> 
     </span>
    </p>
   </div>
   <div class='ocr_carea' id='block_1_39' title="bbox 299 2263 1870 2328">
    <p class='ocr_par' dir='ltr' id='par_1_39' title="bbox 299 2263 1870 2328">
     <span class='ocr_line' id='line_1_39' title="bbox 299 2263 1870 2328; baseline -0.003 -6"><span class='ocrx_word' id='word_1_269' title='bbox 299 2272 444 2322; x_wconf 89' lang='lat' dir='ltr'><strong>inter</strong></span> <span class='ocrx_word' id='word_1_270' title='bbox 471 2269 620 2320; x_wconf 90' lang='lat' dir='ltr'><strong>vitia.</strong></span> <span class='ocrx_word' id='word_1_271' title='bbox 672 2265 936 2319; x_wconf 78' lang='lat' dir='ltr'><strong>Virtutum</strong></span> <span class='ocrx_word' id='word_1_272' title='bbox 972 2264 1094 2319; x_wconf 86' lang='lat' dir='ltr'><strong>finis</strong></span> <span class='ocrx_word' id='word_1_273' title='bbox 1133 2272 1214 2318; x_wconf 83' lang='lat' dir='ltr'><strong>est</strong></span> <span class='ocrx_word' id='word_1_274' title='bbox 1243 2264 1508 2328; x_wconf 78' lang='lat' dir='ltr'><strong>Charitas,</strong></span> <span class='ocrx_word' id='word_1_275' title='bbox 1533 2273 1587 2318; x_wconf 92' lang='lat' dir='ltr'><strong>et</strong></span> <span class='ocrx_word' id='word_1_276' title='bbox 1615 2263 1870 2318; x_wconf 89' lang='lat' dir='ltr'><strong>vitiorum</strong></span> 
     </span>
    </p>
   </div>
   <div class='ocr_carea' id='block_1_40' title="bbox 297 2355 1872 2428">
    <p class='ocr_par' dir='ltr' id='par_1_40' title="bbox 297 2355 1872 2428">
     <span class='ocr_line' id='line_1_40' title="bbox 297 2355 1872 2428; baseline -0.003 -16"><span class='ocrx_word' id='word_1_277' title='bbox 297 2370 608 2412; x_wconf 86' lang='lat' dir='ltr'><strong>extremum</strong></span> <span class='ocrx_word' id='word_1_278' title='bbox 659 2367 742 2412; x_wconf 91' lang='lat' dir='ltr'><strong>est</strong></span> <span class='ocrx_word' id='word_1_279' title='bbox 783 2371 843 2411; x_wconf 89' lang='lat' dir='ltr'><strong>se</strong></span> <span class='ocrx_word' id='word_1_280' title='bbox 878 2357 1082 2428; x_wconf 83' lang='lat' dir='ltr'><strong>justum</strong></span> <span class='ocrx_word' id='word_1_281' title='bbox 1135 2355 1465 2411; x_wconf 82' lang='lat' dir='ltr'><strong>existimare.</strong></span> <span class='ocrx_word' id='word_1_282' title='bbox 1517 2355 1872 2423; x_wconf 89' lang='lat' dir='ltr'><strong>Quemadmo-</strong></span> 
     </span>
    </p>
   </div>
   <div class='ocr_carea' id='block_1_41' title="bbox 296 2441 1868 2521">
    <p class='ocr_par' dir='ltr' id='par_1_41' title="bbox 296 2441 1868 2521">
     <span class='ocr_line' id='line_1_41' title="bbox 296 2441 1868 2521; baseline -0.003 -15"><span class='ocrx_word' id='word_1_283' title='bbox 296 2451 426 2506; x_wconf 89' lang='lat' dir='ltr'><strong>dum</strong></span> <span class='ocrx_word' id='word_1_284' title='bbox 460 2452 603 2506; x_wconf 90' lang='lat' dir='ltr'><strong>tiuea</strong></span> <span class='ocrx_word' id='word_1_285' title='bbox 648 2441 848 2521; x_wconf 78' lang='lat' dir='ltr'><strong>lignum</strong></span> <span class='ocrx_word' id='word_1_286' title='bbox 902 2450 1141 2506; x_wconf 88' lang='lat' dir='ltr'><strong>rodendo</strong></span> <span class='ocrx_word' id='word_1_287' title='bbox 1179 2450 1508 2519; x_wconf 90' lang='lat' dir='ltr'><strong>corrumpit,</strong></span> <span class='ocrx_word' id='word_1_288' title='bbox 1545 2451 1616 2504; x_wconf 92' lang='lat' dir='ltr'><strong>ita</strong></span> <span class='ocrx_word' id='word_1_289' title='bbox 1669 2451 1868 2504; x_wconf 85' lang='lat' dir='ltr'><strong>malitia</strong></span> 
     </span>
    </p>
   </div>
   <div class='ocr_carea' id='block_1_42' title="bbox 298 2540 1872 2611">
    <p class='ocr_par' dir='ltr' id='par_1_42' title="bbox 298 2540 1872 2611">
     <span class='ocr_line' id='line_1_42' title="bbox 298 2540 1872 2611; baseline -0.002 -14"><span class='ocrx_word' id='word_1_290' title='bbox 298 2558 395 2597; x_wconf 92' lang='lat' dir='ltr'><strong>cor</strong></span> <span class='ocrx_word' id='word_1_291' title='bbox 435 2541 670 2596; x_wconf 86' lang='lat' dir='ltr'><strong>hominis</strong></span> <span class='ocrx_word' id='word_1_292' title='bbox 707 2541 970 2596; x_wconf 89' lang='lat' dir='ltr'><strong>invadens</strong></span> <span class='ocrx_word' id='word_1_293' title='bbox 1021 2540 1256 2594; x_wconf 90' lang='lat' dir='ltr'><strong>animam</strong></span> <span class='ocrx_word' id='word_1_294' title='bbox 1308 2540 1583 2611; x_wconf 89' lang='lat' dir='ltr'><strong>opprimit.</strong></span> <span class='ocrx_word' id='word_1_295' title='bbox 1619 2540 1718 2607; x_wconf 90' lang='lat' dir='ltr'><strong>Qui</strong></span> <span class='ocrx_word' id='word_1_296' title='bbox 1756 2541 1872 2594; x_wconf 87' lang='lat' dir='ltr'><strong>ani-</strong></span> 
     </span>
    </p>
   </div>
   <div class='ocr_carea' id='block_1_43' title="bbox 301 2631 1872 2703">
    <p class='ocr_par' dir='ltr' id='par_1_43' title="bbox 301 2631 1872 2703">
     <span class='ocr_line' id='line_1_43' title="bbox 301 2631 1872 2703; baseline -0.002 -15"><span class='ocrx_word' id='word_1_297' title='bbox 301 2649 444 2688; x_wconf 88' lang='lat' dir='ltr'><strong>mam</strong></span> <span class='ocrx_word' id='word_1_298' title='bbox 487 2648 640 2688; x_wconf 86' lang='lat' dir='ltr'><strong>suam</strong></span> <span class='ocrx_word' id='word_1_299' title='bbox 675 2632 886 2703; x_wconf 76' lang='lat' dir='ltr'><strong>proiicit</strong></span> <span class='ocrx_word' id='word_1_300' title='bbox 925 2632 978 2687; x_wconf 90' lang='lat' dir='ltr'><strong>in</strong></span> <span class='ocrx_word' id='word_1_301' title='bbox 1007 2641 1298 2701; x_wconf 89' lang='lat' dir='ltr'><strong>conspectu</strong></span> <span class='ocrx_word' id='word_1_302' title='bbox 1332 2633 1446 2696; x_wconf 88' lang='lat' dir='ltr'><strong>Dei,</strong></span> <span class='ocrx_word' id='word_1_303' title='bbox 1481 2631 1637 2686; x_wconf 83' lang='lat' dir='ltr'><strong>facile</strong></span> <span class='ocrx_word' id='word_1_304' title='bbox 1670 2631 1872 2701; x_wconf 88' lang='lat' dir='ltr'><strong>perfert</strong></span> 
     </span>
    </p>
   </div>
   <div class='ocr_carea' id='block_1_44' title="bbox 298 2722 1871 2793">
    <p class='ocr_par' dir='ltr' id='par_1_44' title="bbox 298 2722 1871 2793">
     <span class='ocr_line' id='line_1_44' title="bbox 298 2722 1871 2793; baseline 0.001 -16"><span class='ocrx_word' id='word_1_305' title='bbox 298 2723 582 2779; x_wconf 87' lang='lat' dir='ltr'><strong>hominum</strong></span> <span class='ocrx_word' id='word_1_306' title='bbox 636 2723 1010 2778; x_wconf 88' lang='lat' dir='ltr'><strong>contumelias.</strong></span> <span class='ocrx_word' id='word_1_307' title='bbox 1061 2722 1164 2788; x_wconf 88' lang='lat' dir='ltr'><strong>Qui</strong></span> <span class='ocrx_word' id='word_1_308' title='bbox 1214 2737 1273 2777; x_wconf 90' lang='lat' dir='ltr'><strong>se</strong></span> <span class='ocrx_word' id='word_1_309' title='bbox 1313 2723 1483 2792; x_wconf 90' lang='lat' dir='ltr'><strong>ipsum</strong></span> <span class='ocrx_word' id='word_1_310' title='bbox 1530 2738 1634 2777; x_wconf 89' lang='lat' dir='ltr'><strong>non</strong></span> <span class='ocrx_word' id='word_1_311' title='bbox 1687 2737 1871 2793; x_wconf 87' lang='lat' dir='ltr'><strong>repre-</strong></span> 
     </span>
    </p>
   </div>
   <div class='ocr_carea' id='block_1_45' title="bbox 299 2812 1873 2882">
    <p class='ocr_par' dir='ltr' id='par_1_45' title="bbox 299 2812 1873 2882">
     <span class='ocr_line' id='line_1_45' title="bbox 299 2812 1873 2882; baseline 0.001 -16"><span class='ocrx_word' id='word_1_312' title='bbox 299 2814 513 2880; x_wconf 89' lang='lat' dir='ltr'><strong>hendit,</strong></span> <span class='ocrx_word' id='word_1_313' title='bbox 545 2812 614 2867; x_wconf 90' lang='lat' dir='ltr'><strong>ab</strong></span> <span class='ocrx_word' id='word_1_314' title='bbox 643 2813 922 2867; x_wconf 89' lang='lat' dir='ltr'><strong>iracundia</strong></span> <span class='ocrx_word' id='word_1_315' title='bbox 953 2821 1256 2882; x_wconf 88' lang='lat' dir='ltr'><strong>superatur.</strong></span> <span class='ocrx_word' id='word_1_316' title='bbox 1289 2813 1387 2880; x_wconf 89' lang='lat' dir='ltr'><strong>Qui</strong></span> <span class='ocrx_word' id='word_1_317' title='bbox 1415 2829 1537 2868; x_wconf 91' lang='lat' dir='ltr'><strong>cum</strong></span> <span class='ocrx_word' id='word_1_318' title='bbox 1567 2814 1873 2869; x_wconf 88' lang='lat' dir='ltr'><strong>hominibus</strong></span> 
     </span>
    </p>
   </div>
   <div class='ocr_carea' id='block_1_46' title="bbox 297 2906 1872 2976">
    <p class='ocr_par' dir='ltr' id='par_1_46' title="bbox 297 2906 1872 2976">
     <span class='ocr_line' id='line_1_46' title="bbox 297 2906 1872 2976; baseline 0.001 -16"><span class='ocrx_word' id='word_1_319' title='bbox 297 2907 502 2962; x_wconf 91' lang='lat' dir='ltr'><strong>mundo</strong></span> <span class='ocrx_word' id='word_1_320' title='bbox 552 2906 750 2963; x_wconf 88' lang='lat' dir='ltr'><strong>deditis</strong></span> <span class='ocrx_word' id='word_1_321' title='bbox 788 2915 1040 2962; x_wconf 84' lang='lat' dir='ltr'><strong>versatur</strong></span> <span class='ocrx_word' id='word_1_322' title='bbox 1071 2920 1457 2976; x_wconf 90' lang='lat' dir='ltr'><strong>sermonesque</strong></span> <span class='ocrx_word' id='word_1_323' title='bbox 1500 2906 1728 2971; x_wconf 88' lang='lat' dir='ltr'><strong>confert,</strong></span> <span class='ocrx_word' id='word_1_324' title='bbox 1755 2907 1872 2962; x_wconf 91' lang='lat' dir='ltr'><strong>ani-</strong></span> 
     </span>
    </p>
   </div>
   <div class='ocr_carea' id='block_1_47' title="bbox 299 2998 1875 3067">
    <p class='ocr_par' dir='ltr' id='par_1_47' title="bbox 299 2998 1875 3067">
     <span class='ocr_line' id='line_1_47' title="bbox 299 2998 1875 3067; baseline 0.002 -16"><span class='ocrx_word' id='word_1_325' title='bbox 299 3013 444 3052; x_wconf 89' lang='lat' dir='ltr'><strong>mam</strong></span> <span class='ocrx_word' id='word_1_326' title='bbox 489 3013 642 3052; x_wconf 88' lang='lat' dir='ltr'><strong>suam</strong></span> <span class='ocrx_word' id='word_1_327' title='bbox 691 2999 968 3067; x_wconf 89' lang='lat' dir='ltr'><strong>perturbat</strong></span> <span class='ocrx_word' id='word_1_328' title='bbox 1005 3009 1059 3054; x_wconf 92' lang='lat' dir='ltr'><strong>et</strong></span> <span class='ocrx_word' id='word_1_329' title='bbox 1095 2998 1375 3052; x_wconf 91' lang='lat' dir='ltr'><strong>confundit</strong></span> <span class='ocrx_word' id='word_1_330' title='bbox 1421 3014 1580 3067; x_wconf 88' lang='lat' dir='ltr'><strong>eam,</strong></span> <span class='ocrx_word' id='word_1_331' title='bbox 1629 2999 1875 3054; x_wconf 86' lang='lat' dir='ltr'><strong>adimens</strong></span> 
     </span>
    </p>
   </div>
   <div class='ocr_carea' id='block_1_48' title="bbox 1974 1899 3546 1969">
    <p class='ocr_par' dir='ltr' id='par_1_48' title="bbox 1974 1899 3546 1969">
     <span class='ocr_line' id='line_1_48' title="bbox 1974 1899 3546 1969; baseline 0 -15"><span class='ocrx_word' id='word_1_332' title='bbox 1974 1900 2192 1954; x_wconf 90' lang='lat' dir='ltr'><strong>nimiam</strong></span> <span class='ocrx_word' id='word_1_333' title='bbox 2227 1900 2463 1968; x_wconf 89' lang='lat' dir='ltr'><strong>inopiam</strong></span> <span class='ocrx_word' id='word_1_334' title='bbox 2513 1899 2928 1969; x_wconf 71' lang='lat' dir='ltr'><strong>exprobrat-int,</strong></span> <span class='ocrx_word' id='word_1_335' title='bbox 2966 1900 3098 1954; x_wconf 90' lang='lat' dir='ltr'><strong>nihil</strong></span> <span class='ocrx_word' id='word_1_336' title='bbox 3132 1901 3212 1955; x_wconf 91' lang='lat' dir='ltr'><strong>eis</strong></span> <span class='ocrx_word' id='word_1_337' title='bbox 3256 1901 3546 1969; x_wconf 86' lang='lat' dir='ltr'><strong>responde,</strong></span> 
     </span>
    </p>
   </div>
   <div class='ocr_carea' id='block_1_49' title="bbox 1971 1991 3622 2060">
    <p class='ocr_par' dir='ltr' id='par_1_49' title="bbox 1971 1991 3622 2060">
     <span class='ocr_line' id='line_1_49' title="bbox 1971 1991 3622 2060; baseline -0.004 -12"><span class='ocrx_word' id='word_1_338' title='bbox 1971 1992 2064 2048; x_wconf 85' lang='lat' dir='ltr'><strong>sed</strong></span> <span class='ocrx_word' id='word_1_339' title='bbox 2099 2002 2150 2046; x_wconf 90' lang='lat' dir='ltr'><strong>te</strong></span> <span class='ocrx_word' id='word_1_340' title='bbox 2178 1991 2348 2060; x_wconf 89' lang='lat' dir='ltr'><strong>ipsum</strong></span> <span class='ocrx_word' id='word_1_341' title='bbox 2377 1991 2431 2044; x_wconf 92' lang='lat' dir='ltr'><strong>in</strong></span> <span class='ocrx_word' id='word_1_342' title='bbox 2460 1999 2573 2045; x_wconf 88' lang='lat' dir='ltr'><strong>toto</strong></span> <span class='ocrx_word' id='word_1_343' title='bbox 2597 1991 2758 2045; x_wconf 90' lang='lat' dir='ltr'><strong>corde</strong></span> <span class='ocrx_word' id='word_1_344' title='bbox 2782 1999 2870 2044; x_wconf 89' lang='lat' dir='ltr'><strong>tuo</strong></span> <span class='ocrx_word' id='word_1_345' title='bbox 2901 1999 3025 2045; x_wconf 87' lang='lat' dir='ltr'><strong>ante</strong></span> <span class='ocrx_word' id='word_1_346' title='bbox 3045 1991 3210 2045; x_wconf 86' lang='lat' dir='ltr'><strong>Deum</strong></span> <span class='ocrx_word' id='word_1_347' title='bbox 3241 2001 3544 2060; x_wconf 84' lang='lat' dir='ltr'><strong>proslerne,</strong></span> <span class='ocrx_word' id='word_1_348' title='bbox 3615 2011 3622 2020; x_wconf 63' lang='grc' dir='ltr'><em>ν</em></span> 
     </span>
    </p>
   </div>
   <div class='ocr_carea' id='block_1_50' title="bbox 1970 2081 3546 2155">
    <p class='ocr_par' dir='ltr' id='par_1_50' title="bbox 1970 2081 3546 2155">
     <span class='ocr_line' id='line_1_50' title="bbox 1970 2081 3546 2155; baseline -0.002 -15"><span class='ocrx_word' id='word_1_349' title='bbox 1970 2094 2026 2141; x_wconf 92' lang='lat' dir='ltr'><strong>et</strong></span> <span class='ocrx_word' id='word_1_350' title='bbox 2054 2085 2168 2155; x_wconf 89' lang='lat' dir='ltr'><strong>ipse</strong></span> <span class='ocrx_word' id='word_1_351' title='bbox 2203 2093 2253 2139; x_wconf 92' lang='lat' dir='ltr'><strong>te</strong></span> <span class='ocrx_word' id='word_1_352' title='bbox 2278 2082 2667 2138; x_wconf 90' lang='lat' dir='ltr'><strong>consolabitur.</strong></span> <span class='ocrx_word' id='word_1_353' title='bbox 2696 2081 2860 2146; x_wconf 88' lang='lat' dir='ltr'><strong>Cave,</strong></span> <span class='ocrx_word' id='word_1_354' title='bbox 2897 2096 2965 2136; x_wconf 87' lang='lat' dir='ltr'><strong>ne</strong></span> <span class='ocrx_word' id='word_1_355' title='bbox 2994 2083 3046 2136; x_wconf 91' lang='lat' dir='ltr'><strong>in</strong></span> <span class='ocrx_word' id='word_1_356' title='bbox 3074 2082 3411 2138; x_wconf 88' lang='lat' dir='ltr'><strong>orationibus</strong></span> <span class='ocrx_word' id='word_1_357' title='bbox 3441 2083 3546 2137; x_wconf 86' lang='lat' dir='ltr'><strong>tuis</strong></span> 
     </span>
    </p>
   </div>
   <div class='ocr_carea' id='block_1_51' title="bbox 1971 2176 3545 2249">
    <p class='ocr_par' dir='ltr' id='par_1_51' title="bbox 1971 2176 3545 2249">
     <span class='ocr_line' id='line_1_51' title="bbox 1971 2176 3545 2249; baseline -0.002 -15"><span class='ocrx_word' id='word_1_358' title='bbox 1971 2178 2246 2249; x_wconf 78' lang='lat' dir='ltr'><strong>negligens</strong></span> <span class='ocrx_word' id='word_1_359' title='bbox 2279 2179 2391 2242; x_wconf 88' lang='lat' dir='ltr'><strong>sis;</strong></span> <span class='ocrx_word' id='word_1_360' title='bbox 2426 2191 2489 2231; x_wconf 86' lang='lat' dir='ltr'><strong>ex</strong></span> <span class='ocrx_word' id='word_1_361' title='bbox 2526 2177 2630 2232; x_wconf 88' lang='lat' dir='ltr'><strong>illis</strong></span> <span class='ocrx_word' id='word_1_362' title='bbox 2666 2177 2807 2232; x_wconf 91' lang='lat' dir='ltr'><strong>enim</strong></span> <span class='ocrx_word' id='word_1_363' title='bbox 2854 2176 3036 2231; x_wconf 87' lang='lat' dir='ltr'><strong>lumen</strong></span> <span class='ocrx_word' id='word_1_364' title='bbox 3077 2177 3142 2230; x_wconf 89' lang='lat' dir='ltr'><strong>ad</strong></span> <span class='ocrx_word' id='word_1_365' title='bbox 3175 2177 3410 2230; x_wconf 87' lang='lat' dir='ltr'><strong>animam</strong></span> <span class='ocrx_word' id='word_1_366' title='bbox 3446 2191 3545 2231; x_wconf 81' lang='lat' dir='ltr'><strong>ve-</strong></span> 
     </span>
    </p>
   </div>
   <div class='ocr_carea' id='block_1_52' title="bbox 1972 2268 3544 2340">
    <p class='ocr_par' dir='ltr' id='par_1_52' title="bbox 1972 2268 3544 2340">
     <span class='ocr_line' id='line_1_52' title="bbox 1972 2268 3544 2340; baseline -0.003 -14"><span class='ocrx_word' id='word_1_367' title='bbox 1972 2273 2070 2326; x_wconf 91' lang='lat' dir='ltr'><strong>nit.</strong></span> <span class='ocrx_word' id='word_1_368' title='bbox 2103 2271 2159 2325; x_wconf 91' lang='lat' dir='ltr'><strong>Si</strong></span> <span class='ocrx_word' id='word_1_369' title='bbox 2190 2270 2352 2325; x_wconf 85' lang='lat' dir='ltr'><strong>mnlta</strong></span> <span class='ocrx_word' id='word_1_370' title='bbox 2378 2269 2515 2326; x_wconf 87' lang='lat' dir='ltr'><strong>bona</strong></span> <span class='ocrx_word' id='word_1_371' title='bbox 2545 2285 2707 2340; x_wconf 89' lang='lat' dir='ltr'><strong>opera</strong></span> <span class='ocrx_word' id='word_1_372' title='bbox 2740 2269 2948 2334; x_wconf 88' lang='lat' dir='ltr'><strong>fecisti,</strong></span> <span class='ocrx_word' id='word_1_373' title='bbox 2984 2284 3052 2323; x_wconf 91' lang='lat' dir='ltr'><strong>ne</strong></span> <span class='ocrx_word' id='word_1_374' title='bbox 3083 2268 3352 2340; x_wconf 85' lang='lat' dir='ltr'><strong>glorieris.</strong></span> <span class='ocrx_word' id='word_1_375' title='bbox 3389 2268 3544 2336; x_wconf 87' lang='lat' dir='ltr'><strong>Quod</strong></span> 
     </span>
    </p>
   </div>
   <div class='ocr_carea' id='block_1_53' title="bbox 1973 2361 3547 2428">
    <p class='ocr_par' dir='ltr' id='par_1_53' title="bbox 1973 2361 3547 2428">
     <span class='ocr_line' id='line_1_53' title="bbox 1973 2361 3547 2428; baseline -0.003 -10"><span class='ocrx_word' id='word_1_376' title='bbox 1973 2364 2017 2418; x_wconf 81' lang='lat' dir='ltr'><strong>si</strong></span> <span class='ocrx_word' id='word_1_377' title='bbox 2050 2363 2188 2416; x_wconf 89' lang='lat' dir='ltr'><strong>mala</strong></span> <span class='ocrx_word' id='word_1_378' title='bbox 2223 2378 2410 2417; x_wconf 90' lang='lat' dir='ltr'><strong>rursus</strong></span> <span class='ocrx_word' id='word_1_379' title='bbox 2434 2362 2600 2416; x_wconf 88' lang='lat' dir='ltr'><strong>multa</strong></span> <span class='ocrx_word' id='word_1_380' title='bbox 2634 2361 2974 2428; x_wconf 86' lang='lat' dir='ltr'><strong>commisisti,</strong></span> <span class='ocrx_word' id='word_1_381' title='bbox 3011 2376 3105 2417; x_wconf 90' lang='lat' dir='ltr'><strong>cor</strong></span> <span class='ocrx_word' id='word_1_382' title='bbox 3138 2370 3284 2416; x_wconf 92' lang='lat' dir='ltr'><strong>tuum</strong></span> <span class='ocrx_word' id='word_1_383' title='bbox 3320 2376 3388 2416; x_wconf 89' lang='lat' dir='ltr'><strong>ne</strong></span> <span class='ocrx_word' id='word_1_384' title='bbox 3414 2376 3547 2416; x_wconf 85' lang='lat' dir='ltr'><strong>con-</strong></span> 
     </span>
    </p>
   </div>
   <div class='ocr_carea' id='block_1_54' title="bbox 1975 2454 3546 2525">
    <p class='ocr_par' dir='ltr' id='par_1_54' title="bbox 1975 2454 3546 2525">
     <span class='ocr_line' id='line_1_54' title="bbox 1975 2454 3546 2525; baseline -0.001 -16"><span class='ocrx_word' id='word_1_385' title='bbox 1975 2455 2212 2510; x_wconf 88' lang='lat' dir='ltr'><strong>tabescat</strong></span> <span class='ocrx_word' id='word_1_386' title='bbox 2258 2455 2654 2525; x_wconf 85' lang='lat' dir='ltr'><strong>desperatione,</strong></span> <span class='ocrx_word' id='word_1_387' title='bbox 2703 2455 2797 2509; x_wconf 87' lang='lat' dir='ltr'><strong>sed</strong></span> <span class='ocrx_word' id='word_1_388' title='bbox 2849 2454 3134 2522; x_wconf 85' lang='lat' dir='ltr'><strong>diligenter</strong></span> <span class='ocrx_word' id='word_1_389' title='bbox 3164 2454 3440 2517; x_wconf 88' lang='lat' dir='ltr'><strong>attemlat,</strong></span> <span class='ocrx_word' id='word_1_390' title='bbox 3479 2468 3546 2508; x_wconf 84' lang='lat' dir='ltr'><strong>ne</strong></span> 
     </span>
    </p>
   </div>
   <div class='ocr_carea' id='block_1_55' title="bbox 1975 2544 3541 2618">
    <p class='ocr_par' dir='ltr' id='par_1_55' title="bbox 1975 2544 3541 2618">
     <span class='ocr_line' id='line_1_55' title="bbox 1975 2544 3541 2618; baseline -0.005 -16"><span class='ocrx_word' id='word_1_391' title='bbox 1975 2549 2078 2602; x_wconf 89' lang='lat' dir='ltr'><strong>illis</strong></span> <span class='ocrx_word' id='word_1_392' title='bbox 2111 2547 2339 2618; x_wconf 89' lang='lat' dir='ltr'><strong>amplius</strong></span> <span class='ocrx_word' id='word_1_393' title='bbox 2387 2546 2780 2618; x_wconf 88' lang='lat' dir='ltr'><strong>obstringatur.</strong></span> <span class='ocrx_word' id='word_1_394' title='bbox 2812 2546 2868 2600; x_wconf 90' lang='lat' dir='ltr'><strong>Si</strong></span> <span class='ocrx_word' id='word_1_395' title='bbox 2904 2545 3069 2601; x_wconf 92' lang='lat' dir='ltr'><strong>libido</strong></span> <span class='ocrx_word' id='word_1_396' title='bbox 3099 2555 3148 2600; x_wconf 92' lang='lat' dir='ltr'><strong>te</strong></span> <span class='ocrx_word' id='word_1_397' title='bbox 3180 2545 3375 2616; x_wconf 87' lang='lat' dir='ltr'><strong>premit</strong></span> <span class='ocrx_word' id='word_1_398' title='bbox 3407 2544 3541 2615; x_wconf 74' lang='lat' dir='ltr'><strong>(I0),</strong></span> 
     </span>
    </p>
   </div>
   <div class='ocr_carea' id='block_1_56' title="bbox 1974 2637 3542 2710">
    <p class='ocr_par' dir='ltr' id='par_1_56' title="bbox 1974 2637 3542 2710">
     <span class='ocr_line' id='line_1_56' title="bbox 1974 2637 3542 2710; baseline -0.003 -16"><span class='ocrx_word' id='word_1_399' title='bbox 1974 2656 2168 2710; x_wconf 89' lang='lat' dir='ltr'><strong>corpus</strong></span> <span class='ocrx_word' id='word_1_400' title='bbox 2199 2650 2345 2694; x_wconf 90' lang='lat' dir='ltr'><strong>tuum</strong></span> <span class='ocrx_word' id='word_1_401' title='bbox 2387 2638 2562 2710; x_wconf 84' lang='lat' dir='ltr'><strong>afllige</strong></span> <span class='ocrx_word' id='word_1_402' title='bbox 2589 2641 2705 2694; x_wconf 92' lang='lat' dir='ltr'><strong>sine</strong></span> <span class='ocrx_word' id='word_1_403' title='bbox 2733 2638 3136 2693; x_wconf 90' lang='lat' dir='ltr'><strong>intermissione</strong></span> <span class='ocrx_word' id='word_1_404' title='bbox 3164 2637 3215 2690; x_wconf 91' lang='lat' dir='ltr'><strong>in</strong></span> <span class='ocrx_word' id='word_1_405' title='bbox 3249 2646 3542 2706; x_wconf 90' lang='lat' dir='ltr'><strong>conspectu</strong></span> 
     </span>
    </p>
   </div>
   <div class='ocr_carea' id='block_1_57' title="bbox 1975 2729 3542 2801">
    <p class='ocr_par' dir='ltr' id='par_1_57' title="bbox 1975 2729 3542 2801">
     <span class='ocr_line' id='line_1_57' title="bbox 1975 2729 3542 2801; baseline -0.004 -14"><span class='ocrx_word' id='word_1_406' title='bbox 1975 2733 2065 2788; x_wconf 90' lang='lat' dir='ltr'><strong>Dei</strong></span> <span class='ocrx_word' id='word_1_407' title='bbox 2091 2749 2211 2788; x_wconf 91' lang='lat' dir='ltr'><strong>cum</strong></span> <span class='ocrx_word' id='word_1_408' title='bbox 2243 2732 2635 2796; x_wconf 89' lang='lat' dir='ltr'><strong>humilitatc,et</strong></span> <span class='ocrx_word' id='word_1_409' title='bbox 2665 2732 2902 2801; x_wconf 88' lang='lat' dir='ltr'><strong>quietem</strong></span> <span class='ocrx_word' id='word_1_410' title='bbox 2935 2731 3195 2785; x_wconf 87' lang='lat' dir='ltr'><strong>invenies.</strong></span> <span class='ocrx_word' id='word_1_411' title='bbox 3229 2730 3284 2784; x_wconf 88' lang='lat' dir='ltr'><strong>Si</strong></span> <span class='ocrx_word' id='word_1_412' title='bbox 3325 2739 3374 2784; x_wconf 91' lang='lat' dir='ltr'><strong>te</strong></span> <span class='ocrx_word' id='word_1_413' title='bbox 3407 2729 3542 2783; x_wconf 88' lang='lat' dir='ltr'><strong>livor</strong></span> 
     </span>
    </p>
   </div>
   <div class='ocr_carea' id='block_1_58' title="bbox 1973 2817 3540 2892">
    <p class='ocr_par' dir='ltr' id='par_1_58' title="bbox 1973 2817 3540 2892">
     <span class='ocr_line' id='line_1_58' title="bbox 1973 2817 3540 2892; baseline -0.005 -15"><span class='ocrx_word' id='word_1_414' title='bbox 1973 2822 2264 2888; x_wconf 83' lang='lat' dir='ltr'><strong>invaserit,</strong></span> <span class='ocrx_word' id='word_1_415' title='bbox 2293 2822 2467 2892; x_wconf 88' lang='lat' dir='ltr'><strong>cogita</strong></span> <span class='ocrx_word' id='word_1_416' title='bbox 2518 2835 2617 2876; x_wconf 90' lang='lat' dir='ltr'><strong>nos</strong></span> <span class='ocrx_word' id='word_1_417' title='bbox 2649 2835 2839 2876; x_wconf 89' lang='lat' dir='ltr'><strong>omnes</strong></span> <span class='ocrx_word' id='word_1_418' title='bbox 2885 2834 3006 2875; x_wconf 90' lang='lat' dir='ltr'><strong>esse</strong></span> <span class='ocrx_word' id='word_1_419' title='bbox 3040 2819 3238 2874; x_wconf 85' lang='lat' dir='ltr'><strong>Chriin</strong></span> <span class='ocrx_word' id='word_1_420' title='bbox 3283 2817 3540 2879; x_wconf 85' lang='lat' dir='ltr'><strong>membra,</strong></span> 
     </span>
    </p>
   </div>
   <div class='ocr_carea' id='block_1_59' title="bbox 1974 2911 3546 2986">
    <p class='ocr_par' dir='ltr' id='par_1_59' title="bbox 1974 2911 3546 2986">
     <span class='ocr_line' id='line_1_59' title="bbox 1974 2911 3546 2986; baseline -0.005 -16"><span class='ocrx_word' id='word_1_421' title='bbox 1974 2915 2317 2986; x_wconf 76' lang='lat' dir='ltr'><strong>proximique</strong></span> <span class='ocrx_word' id='word_1_422' title='bbox 2364 2923 2473 2968; x_wconf 92' lang='lat' dir='ltr'><strong>tum</strong></span> <span class='ocrx_word' id='word_1_423' title='bbox 2530 2916 2789 2968; x_wconf 90' lang='lat' dir='ltr'><strong>honorem</strong></span> <span class='ocrx_word' id='word_1_424' title='bbox 2851 2920 2960 2965; x_wconf 90' lang='lat' dir='ltr'><strong>tum</strong></span> <span class='ocrx_word' id='word_1_425' title='bbox 3019 2911 3367 2980; x_wconf 88' lang='lat' dir='ltr'><strong>ignominiam</strong></span> <span class='ocrx_word' id='word_1_426' title='bbox 3425 2923 3546 2964; x_wconf 86' lang='lat' dir='ltr'><strong>esse</strong></span> 
     </span>
    </p>
   </div>
   <div class='ocr_carea' id='block_1_60' title="bbox 1976 2992 3547 3074">
    <p class='ocr_par' dir='ltr' id='par_1_60' title="bbox 1976 2992 3547 3074">
     <span class='ocr_line' id='line_1_60' title="bbox 1976 2992 3547 3074; baseline -0.007 -10"><span class='ocrx_word' id='word_1_427' title='bbox 1976 2992 2133 3064; x_wconf 87' lang='lat' dir='ltr'><strong>nobis</strong></span> <span class='ocrx_word' id='word_1_428' title='bbox 2170 3021 2545 3070; x_wconf 91' lang='lat' dir='ltr'><strong>communem,</strong></span> <span class='ocrx_word' id='word_1_429' title='bbox 2580 3013 2635 3060; x_wconf 91' lang='lat' dir='ltr'><strong>et</strong></span> <span class='ocrx_word' id='word_1_430' title='bbox 2680 3003 3017 3059; x_wconf 88' lang='lat' dir='ltr'><strong>liberaheris.</strong></span> <span class='ocrx_word' id='word_1_431' title='bbox 3053 3003 3108 3058; x_wconf 90' lang='lat' dir='ltr'><strong>Si</strong></span> <span class='ocrx_word' id='word_1_432' title='bbox 3148 3011 3198 3057; x_wconf 93' lang='lat' dir='ltr'><strong>te</strong></span> <span class='ocrx_word' id='word_1_433' title='bbox 3241 3001 3358 3074; x_wconf 86' lang='lat' dir='ltr'><strong>gula</strong></span> <span class='ocrx_word' id='word_1_434' title='bbox 3395 3001 3547 3056; x_wconf 80' lang='lat' dir='ltr'><strong>cibo-</strong></span> 
     </span>
    </p>
   </div>
   <div class='ocr_carea' id='block_1_61' title="bbox 299 3090 3546 3193">
    <p class='ocr_par' dir='ltr' id='par_1_61' title="bbox 299 3090 3546 3193">
     <span class='ocr_line' id='line_1_61' title="bbox 299 3090 3546 3193; baseline -0.003 -50"><span class='ocrx_word' id='word_1_435' title='bbox 431 3090 684 3145; x_wconf 89' lang='lat' dir='ltr'><strong>fiduciam</strong></span> <span class='ocrx_word' id='word_1_436' title='bbox 719 3091 772 3144; x_wconf 92' lang='lat' dir='ltr'><strong>in</strong></span> <span class='ocrx_word' id='word_1_437' title='bbox 818 3091 1083 3145; x_wconf 65' lang='grc' dir='ltr'><strong>οτειὶυηε.</strong></span> <span class='ocrx_word' id='word_1_438' title='bbox 1121 3090 1222 3158; x_wconf 68' lang='grc' dir='ltr'><strong>Ωιιί</strong></span> <span class='ocrx_word' id='word_1_439' title='bbox 1264 3106 1324 3145; x_wconf 91' lang='lat' dir='ltr'><strong>ea</strong></span> <span class='ocrx_word' id='word_1_440' title='bbox 1365 3105 1485 3159; x_wconf 66' lang='lat' dir='ltr'><strong>qua:</strong></span> <span class='ocrx_word' id='word_1_441' title='bbox 1533 3091 1712 3144; x_wconf 77' lang='lat' dir='ltr'><strong>lllllfldl</strong></span> <span class='ocrx_word' id='word_1_442' title='bbox 1748 3100 1871 3145; x_wconf 82' lang='lat' dir='ltr'><strong>SUlll</strong></span> <span class='ocrx_word' id='word_1_443' title='bbox 1900 3131 1946 3193; x_wconf 71' lang='grc' dir='ltr'>Ο</span> <span class='ocrx_word' id='word_1_444' title='bbox 1979 3116 2205 3169; x_wconf 75' lang='lat' dir='ltr'><strong>rumque</strong></span> <span class='ocrx_word' id='word_1_445' title='bbox 2243 3099 2509 3168; x_wconf 61' lang='lat' dir='ltr'><strong>cupiditas</strong></span> <span class='ocrx_word' id='word_1_446' title='bbox 2542 3105 2847 3168; x_wconf 62' lang='lat' dir='ltr'><strong>oppugnat,</strong></span> <span class='ocrx_word' id='word_1_447' title='bbox 2884 3097 3127 3152; x_wconf 66' lang='grc' dir='ltr'><strong>Ῑωιοιοθιῃ</strong></span> <span class='ocrx_word' id='word_1_448' title='bbox 3183 3097 3307 3150; x_wconf 70' lang='lat' dir='ltr'><strong>inde</strong></span> <span class='ocrx_word' id='word_1_449' title='bbox 3356 3108 3546 3164; x_wconf 76' lang='lat' dir='ltr'><strong>prove-</strong></span> 
     </span>
    </p>
   </div>
   <div class='ocr_carea' id='block_1_62' title="bbox 298 3181 1868 3252">
    <p class='ocr_par' dir='ltr' id='par_1_62' title="bbox 298 3181 1868 3252">
     <span class='ocr_line' id='line_1_62' title="bbox 298 3181 1868 3252; baseline -0.001 -15"><span class='ocrx_word' id='word_1_450' title='bbox 298 3182 495 3252; x_wconf 82' lang='lat' dir='ltr'><strong>diligit,</strong></span> <span class='ocrx_word' id='word_1_451' title='bbox 543 3182 738 3236; x_wconf 70' lang='lat' dir='ltr'><strong>animae</strong></span> <span class='ocrx_word' id='word_1_452' title='bbox 770 3197 880 3236; x_wconf 74' lang='lat' dir='ltr'><strong>sua:</strong></span> <span class='ocrx_word' id='word_1_453' title='bbox 911 3184 1162 3238; x_wconf 85' lang='lat' dir='ltr'><strong>tenebras</strong></span> <span class='ocrx_word' id='word_1_454' title='bbox 1189 3181 1434 3237; x_wconf 76' lang='lat' dir='ltr'><strong>offundit.</strong></span> <span class='ocrx_word' id='word_1_455' title='bbox 1461 3182 1558 3248; x_wconf 87' lang='lat' dir='ltr'><strong>Qui</strong></span> <span class='ocrx_word' id='word_1_456' title='bbox 1592 3191 1770 3235; x_wconf 90' lang='lat' dir='ltr'><strong>autem</strong></span> <span class='ocrx_word' id='word_1_457' title='bbox 1808 3197 1868 3237; x_wconf 81' lang='lat' dir='ltr'><strong>ea</strong></span> 
     </span>
    </p>
   </div>
   <div class='ocr_carea' id='block_1_63' title="bbox 297 3273 1874 3344">
    <p class='ocr_par' dir='ltr' id='par_1_63' title="bbox 297 3273 1874 3344">
     <span class='ocr_line' id='line_1_63' title="bbox 297 3273 1874 3344; baseline 0.001 -18"><span class='ocrx_word' id='word_1_458' title='bbox 297 3289 420 3344; x_wconf 68' lang='lat' dir='ltr'><strong>qua:</strong></span> <span class='ocrx_word' id='word_1_459' title='bbox 455 3275 638 3328; x_wconf 90' lang='lat' dir='ltr'><strong>mundi</strong></span> <span class='ocrx_word' id='word_1_460' title='bbox 673 3283 822 3340; x_wconf 90' lang='lat' dir='ltr'><strong>sunt,</strong></span> <span class='ocrx_word' id='word_1_461' title='bbox 857 3273 1013 3343; x_wconf 89' lang='lat' dir='ltr'><strong>plane</strong></span> <span class='ocrx_word' id='word_1_462' title='bbox 1048 3276 1344 3329; x_wconf 89' lang='lat' dir='ltr'><strong>contemnit</strong></span> <span class='ocrx_word' id='word_1_463' title='bbox 1373 3290 1436 3328; x_wconf 89' lang='lat' dir='ltr'><strong>ac</strong></span> <span class='ocrx_word' id='word_1_464' title='bbox 1476 3274 1720 3342; x_wconf 88' lang='lat' dir='ltr'><strong>despicit,</strong></span> <span class='ocrx_word' id='word_1_465' title='bbox 1752 3289 1874 3343; x_wconf 75' lang='lat' dir='ltr'><strong>qua:</strong></span> 
     </span>
    </p>
   </div>
   <div class='ocr_carea' id='block_1_64' title="bbox 298 3366 1872 3436">
    <p class='ocr_par' dir='ltr' id='par_1_64' title="bbox 298 3366 1872 3436">
     <span class='ocr_line' id='line_1_64' title="bbox 298 3366 1872 3436; baseline 0.003 -19"><span class='ocrx_word' id='word_1_466' title='bbox 298 3381 428 3421; x_wconf 87' lang='lat' dir='ltr'><strong>vera</strong></span> <span class='ocrx_word' id='word_1_467' title='bbox 458 3373 597 3421; x_wconf 88' lang='lat' dir='ltr'><strong>sunt</strong></span> <span class='ocrx_word' id='word_1_468' title='bbox 624 3366 762 3420; x_wconf 87' lang='lat' dir='ltr'><strong>bona</strong></span> <span class='ocrx_word' id='word_1_469' title='bbox 784 3405 799 3430; x_wconf 94' lang='lat'><strong>,</strong></span> <span class='ocrx_word' id='word_1_470' title='bbox 832 3366 1110 3435; x_wconf 84' lang='lat' dir='ltr'><strong>cognoscit</strong></span> <span class='ocrx_word' id='word_1_471' title='bbox 1145 3376 1200 3421; x_wconf 91' lang='lat' dir='ltr'><strong>et</strong></span> <span class='ocrx_word' id='word_1_472' title='bbox 1231 3367 1476 3436; x_wconf 88' lang='lat' dir='ltr'><strong>percipit.</strong></span> <span class='ocrx_word' id='word_1_473' title='bbox 1517 3366 1617 3434; x_wconf 86' lang='lat' dir='ltr'><strong>Qui</strong></span> <span class='ocrx_word' id='word_1_474' title='bbox 1662 3366 1872 3422; x_wconf 88' lang='lat' dir='ltr'><strong>labores</strong></span> 
     </span>
    </p>
   </div>
   <div class='ocr_carea' id='block_1_65' title="bbox 298 3457 1870 3529">
    <p class='ocr_par' dir='ltr' id='par_1_65' title="bbox 298 3457 1870 3529">
     <span class='ocr_line' id='line_1_65' title="bbox 298 3457 1870 3529; baseline 0.003 -19"><span class='ocrx_word' id='word_1_475' title='bbox 298 3459 532 3513; x_wconf 89' lang='lat' dir='ltr'><strong>libenter</strong></span> <span class='ocrx_word' id='word_1_476' title='bbox 570 3458 762 3524; x_wconf 88' lang='lat' dir='ltr'><strong>sumit,</strong></span> <span class='ocrx_word' id='word_1_477' title='bbox 791 3457 946 3512; x_wconf 86' lang='lat' dir='ltr'><strong>facile</strong></span> <span class='ocrx_word' id='word_1_478' title='bbox 981 3458 1112 3512; x_wconf 88' lang='lat' dir='ltr'><strong>vitia</strong></span> <span class='ocrx_word' id='word_1_479' title='bbox 1143 3457 1326 3513; x_wconf 88' lang='lat' dir='ltr'><strong>domat</strong></span> <span class='ocrx_word' id='word_1_480' title='bbox 1357 3473 1420 3514; x_wconf 89' lang='lat' dir='ltr'><strong>ac</strong></span> <span class='ocrx_word' id='word_1_481' title='bbox 1455 3458 1635 3529; x_wconf 86' lang='lat' dir='ltr'><strong>fugat;</strong></span> <span class='ocrx_word' id='word_1_482' title='bbox 1677 3459 1870 3514; x_wconf 89' lang='lat' dir='ltr'><strong>inertia</strong></span> 
     </span>
    </p>
   </div>
   <div class='ocr_carea' id='block_1_66' title="bbox 299 3549 1418 3620">
    <p class='ocr_par' dir='ltr' id='par_1_66' title="bbox 299 3549 1418 3620">
     <span class='ocr_line' id='line_1_66' title="bbox 299 3549 1418 3620; baseline 0 -16"><span class='ocrx_word' id='word_1_483' title='bbox 299 3565 430 3606; x_wconf 86' lang='lat' dir='ltr'><strong>vero</strong></span> <span class='ocrx_word' id='word_1_484' title='bbox 456 3562 617 3620; x_wconf 87' lang='lat' dir='ltr'><strong>atque</strong></span> <span class='ocrx_word' id='word_1_485' title='bbox 648 3549 856 3620; x_wconf 84' lang='lat' dir='ltr'><strong>ignavia</strong></span> <span class='ocrx_word' id='word_1_486' title='bbox 887 3564 947 3604; x_wconf 90' lang='lat' dir='ltr'><strong>ea</strong></span> <span class='ocrx_word' id='word_1_487' title='bbox 979 3550 1148 3620; x_wconf 87' lang='lat' dir='ltr'><strong>gignit</strong></span> <span class='ocrx_word' id='word_1_488' title='bbox 1171 3560 1226 3604; x_wconf 91' lang='lat' dir='ltr'><strong>et</strong></span> <span class='ocrx_word' id='word_1_489' title='bbox 1254 3549 1418 3606; x_wconf 88' lang='lat' dir='ltr'><strong>fovet.</strong></span> 
     </span>
    </p>
   </div>
   <div class='ocr_carea' id='block_1_67' title="bbox 373 3638 1876 3710">
    <p class='ocr_par' dir='ltr' id='par_1_67' title="bbox 373 3638 1876 3710">
     <span class='ocr_line' id='line_1_67' title="bbox 373 3638 1876 3710; baseline -0.001 -14"><span class='ocrx_word' id='word_1_490' title='bbox 373 3640 464 3696; x_wconf 78' lang='lat' dir='ltr'><strong>VI.</strong></span> <span class='ocrx_word' id='word_1_491' title='bbox 518 3640 596 3695; x_wconf 83' lang='lat' dir='ltr'><strong>Ne</strong></span> <span class='ocrx_word' id='word_1_492' title='bbox 631 3652 680 3696; x_wconf 91' lang='lat' dir='ltr'><strong>te</strong></span> <span class='ocrx_word' id='word_1_493' title='bbox 723 3640 970 3695; x_wconf 81' lang='lat' dir='ltr'><strong>civilibus</strong></span> <span class='ocrx_word' id='word_1_494' title='bbox 1013 3639 1242 3710; x_wconf 88' lang='lat' dir='ltr'><strong>negotiis</strong></span> <span class='ocrx_word' id='word_1_495' title='bbox 1280 3640 1538 3710; x_wconf 90' lang='lat' dir='ltr'><strong>implices,</strong></span> <span class='ocrx_word' id='word_1_496' title='bbox 1563 3649 1617 3694; x_wconf 92' lang='lat' dir='ltr'><strong>et</strong></span> <span class='ocrx_word' id='word_1_497' title='bbox 1660 3638 1876 3695; x_wconf 86' lang='lat' dir='ltr'><strong>animus</strong></span> 
     </span>
    </p>
   </div>
   <div class='ocr_carea' id='block_1_68' title="bbox 303 3731 1873 3803">
    <p class='ocr_par' dir='ltr' id='par_1_68' title="bbox 303 3731 1873 3803">
     <span class='ocr_line' id='line_1_68' title="bbox 303 3731 1873 3803; baseline -0.001 -15"><span class='ocrx_word' id='word_1_498' title='bbox 303 3745 430 3790; x_wconf 90' lang='lat' dir='ltr'><strong>tuus</strong></span> <span class='ocrx_word' id='word_1_499' title='bbox 468 3733 792 3803; x_wconf 82' lang='lat' dir='ltr'><strong>tranquillus</strong></span> <span class='ocrx_word' id='word_1_500' title='bbox 821 3734 946 3788; x_wconf 88' lang='lat' dir='ltr'><strong>erit.</strong></span> <span class='ocrx_word' id='word_1_501' title='bbox 992 3731 1068 3787; x_wconf 86' lang='lat' dir='ltr'><strong>Ne</strong></span> <span class='ocrx_word' id='word_1_502' title='bbox 1109 3734 1348 3788; x_wconf 83' lang='lat' dir='ltr'><strong>confidas</strong></span> <span class='ocrx_word' id='word_1_503' title='bbox 1392 3732 1600 3787; x_wconf 90' lang='lat' dir='ltr'><strong>viribus</strong></span> <span class='ocrx_word' id='word_1_504' title='bbox 1647 3732 1787 3795; x_wconf 90' lang='lat' dir='ltr'><strong>tuis,</strong></span> <span class='ocrx_word' id='word_1_505' title='bbox 1818 3741 1873 3786; x_wconf 90' lang='lat' dir='ltr'><strong>et</strong></span> 
     </span>
    </p>
   </div>
   <div class='ocr_carea' id='block_1_69' title="bbox 295 3823 1874 3882">
    <p class='ocr_par' dir='ltr' id='par_1_69' title="bbox 295 3823 1874 3882">
     <span class='ocr_line' id='line_1_69' title="bbox 295 3823 1874 3882; baseline -0.003 0"><span class='ocrx_word' id='word_1_506' title='bbox 295 3827 544 3882; x_wconf 87' lang='lat' dir='ltr'><strong>divinum</strong></span> <span class='ocrx_word' id='word_1_507' title='bbox 601 3826 857 3880; x_wconf 77' lang='lat' dir='ltr'><strong>auxilium</strong></span> <span class='ocrx_word' id='word_1_508' title='bbox 905 3825 1079 3880; x_wconf 82' lang='lat' dir='ltr'><strong>aderit</strong></span> <span class='ocrx_word' id='word_1_509' title='bbox 1127 3825 1244 3880; x_wconf 92' lang='lat' dir='ltr'><strong>tibi.</strong></span> <span class='ocrx_word' id='word_1_510' title='bbox 1284 3823 1439 3880; x_wconf 85' lang='lat' dir='ltr'><strong>Nullo</strong></span> <span class='ocrx_word' id='word_1_511' title='bbox 1484 3839 1604 3880; x_wconf 86' lang='lat' dir='ltr'><strong>cum</strong></span> <span class='ocrx_word' id='word_1_512' title='bbox 1651 3825 1874 3879; x_wconf 88' lang='lat' dir='ltr'><strong>homine</strong></span> 
     </span>
    </p>
   </div>
   <div class='ocr_carea' id='block_1_70' title="bbox 297 3918 1872 3990">
    <p class='ocr_par' dir='ltr' id='par_1_70' title="bbox 297 3918 1872 3990">
     <span class='ocr_line' id='line_1_70' title="bbox 297 3918 1872 3990; baseline -0.003 -16"><span class='ocrx_word' id='word_1_513' title='bbox 297 3918 615 3974; x_wconf 90' lang='lat' dir='ltr'><strong>inimicitias</strong></span> <span class='ocrx_word' id='word_1_514' title='bbox 643 3919 972 3985; x_wconf 82' lang='lat' dir='ltr'><strong>exercueris,</strong></span> <span class='ocrx_word' id='word_1_515' title='bbox 1009 3919 1246 3990; x_wconf 85' lang='lat' dir='ltr'><strong>alioquin</strong></span> <span class='ocrx_word' id='word_1_516' title='bbox 1285 3919 1463 3973; x_wconf 90' lang='lat' dir='ltr'><strong>oratio</strong></span> <span class='ocrx_word' id='word_1_517' title='bbox 1495 3928 1581 3972; x_wconf 89' lang='lat' dir='ltr'><strong>tua</strong></span> <span class='ocrx_word' id='word_1_518' title='bbox 1615 3933 1872 3972; x_wconf 82' lang='lat' dir='ltr'><strong>exsecra-</strong></span> 
     </span>
    </p>
   </div>
   <div class='ocr_carea' id='block_1_71' title="bbox 296 4010 1872 4077">
    <p class='ocr_par' dir='ltr' id='par_1_71' title="bbox 296 4010 1872 4077">
     <span class='ocr_line' id='line_1_71' title="bbox 296 4010 1872 4077; baseline -0.001 -11"><span class='ocrx_word' id='word_1_519' title='bbox 296 4013 444 4068; x_wconf 90' lang='lat' dir='ltr'><strong>bilis.</strong></span> <span class='ocrx_word' id='word_1_520' title='bbox 478 4010 591 4066; x_wconf 80' lang='lat' dir='ltr'><strong>Pax</strong></span> <span class='ocrx_word' id='word_1_521' title='bbox 634 4012 727 4066; x_wconf 91' lang='lat' dir='ltr'><strong>tibi</strong></span> <span class='ocrx_word' id='word_1_522' title='bbox 772 4027 891 4066; x_wconf 91' lang='lat' dir='ltr'><strong>cum</strong></span> <span class='ocrx_word' id='word_1_523' title='bbox 928 4012 1178 4068; x_wconf 90' lang='lat' dir='ltr'><strong>omnibus</strong></span> <span class='ocrx_word' id='word_1_524' title='bbox 1215 4011 1319 4077; x_wconf 91' lang='lat' dir='ltr'><strong>sit,</strong></span> <span class='ocrx_word' id='word_1_525' title='bbox 1348 4020 1408 4065; x_wconf 95' lang='lat' dir='ltr'><strong>ut</strong></span> <span class='ocrx_word' id='word_1_526' title='bbox 1437 4011 1611 4066; x_wconf 91' lang='lat' dir='ltr'><strong>oratio</strong></span> <span class='ocrx_word' id='word_1_527' title='bbox 1644 4020 1730 4064; x_wconf 90' lang='lat' dir='ltr'><strong>tua</strong></span> <span class='ocrx_word' id='word_1_528' title='bbox 1765 4010 1872 4065; x_wconf 90' lang='lat' dir='ltr'><strong>Deo</strong></span> 
     </span>
    </p>
   </div>
   <div class='ocr_carea' id='block_1_72' title="bbox 297 4101 1870 4173">
    <p class='ocr_par' dir='ltr' id='par_1_72' title="bbox 297 4101 1870 4173">
     <span class='ocr_line' id='line_1_72' title="bbox 297 4101 1870 4173; baseline -0.001 -16"><span class='ocrx_word' id='word_1_529' title='bbox 297 4104 371 4158; x_wconf 88' lang='lat' dir='ltr'><strong>sit</strong></span> <span class='ocrx_word' id='word_1_530' title='bbox 400 4113 573 4173; x_wconf 88' lang='lat' dir='ltr'><strong>grata.</strong></span> <span class='ocrx_word' id='word_1_531' title='bbox 607 4102 804 4158; x_wconf 89' lang='lat' dir='ltr'><strong>Oculos</strong></span> <span class='ocrx_word' id='word_1_532' title='bbox 836 4112 956 4157; x_wconf 91' lang='lat' dir='ltr'><strong>tuos</strong></span> <span class='ocrx_word' id='word_1_533' title='bbox 985 4103 1212 4167; x_wconf 90' lang='lat' dir='ltr'><strong>custodi,</strong></span> <span class='ocrx_word' id='word_1_534' title='bbox 1243 4110 1298 4158; x_wconf 90' lang='lat' dir='ltr'><strong>et</strong></span> <span class='ocrx_word' id='word_1_535' title='bbox 1323 4117 1418 4164; x_wconf 84' lang='lat' dir='ltr'><strong>cor</strong></span> <span class='ocrx_word' id='word_1_536' title='bbox 1449 4113 1594 4157; x_wconf 91' lang='lat' dir='ltr'><strong>tuum</strong></span> <span class='ocrx_word' id='word_1_537' title='bbox 1629 4101 1870 4166; x_wconf 89' lang='lat' dir='ltr'><strong>improba</strong></span> 
     </span>
    </p>
   </div>
   <div class='ocr_carea' id='block_1_73' title="bbox 299 4193 1870 4265">
    <p class='ocr_par' dir='ltr' id='par_1_73' title="bbox 299 4193 1870 4265">
     <span class='ocr_line' id='line_1_73' title="bbox 299 4193 1870 4265; baseline -0.001 -17"><span class='ocrx_word' id='word_1_538' title='bbox 299 4213 368 4250; x_wconf 88' lang='lat' dir='ltr'><strong>ue</strong></span> <span class='ocrx_word' id='word_1_539' title='bbox 398 4194 719 4264; x_wconf 84' lang='lat' dir='ltr'><strong>conspiciat.</strong></span> <span class='ocrx_word' id='word_1_540' title='bbox 749 4194 848 4261; x_wconf 90' lang='lat' dir='ltr'><strong>Qui</strong></span> <span class='ocrx_word' id='word_1_541' title='bbox 886 4193 1161 4249; x_wconf 88' lang='lat' dir='ltr'><strong>mulierem</strong></span> <span class='ocrx_word' id='word_1_542' title='bbox 1195 4203 1404 4265; x_wconf 87' lang='lat' dir='ltr'><strong>spectat</strong></span> <span class='ocrx_word' id='word_1_543' title='bbox 1424 4209 1545 4249; x_wconf 91' lang='lat' dir='ltr'><strong>cum</strong></span> <span class='ocrx_word' id='word_1_544' title='bbox 1577 4194 1870 4263; x_wconf 89' lang='lat' dir='ltr'><strong>voluptate,</strong></span> 
     </span>
    </p>
   </div>
   <div class='ocr_carea' id='block_1_74' title="bbox 298 4286 1872 4357">
    <p class='ocr_par' dir='ltr' id='par_1_74' title="bbox 298 4286 1872 4357">
     <span class='ocr_line' id='line_1_74' title="bbox 298 4286 1872 4357; baseline 0 -19"><span class='ocrx_word' id='word_1_545' title='bbox 298 4286 592 4341; x_wconf 80' lang='lat' dir='ltr'><strong>committit</strong></span> <span class='ocrx_word' id='word_1_546' title='bbox 629 4286 950 4343; x_wconf 88' lang='lat' dir='ltr'><strong>adulterium</strong></span> <span class='ocrx_word' id='word_1_547' title='bbox 993 4287 1060 4339; x_wconf 78' lang='grc'><strong>⁸⁸.</strong></span> <span class='ocrx_word' id='word_1_548' title='bbox 1107 4287 1312 4341; x_wconf 89' lang='lat' dir='ltr'><strong>Inimici</strong></span> <span class='ocrx_word' id='word_1_549' title='bbox 1354 4287 1617 4357; x_wconf 75' lang='lat' dir='ltr'><strong>iacturam</strong></span> <span class='ocrx_word' id='word_1_550' title='bbox 1667 4301 1734 4340; x_wconf 90' lang='lat' dir='ltr'><strong>ne</strong></span> <span class='ocrx_word' id='word_1_551' title='bbox 1775 4299 1872 4339; x_wconf 89' lang='lat' dir='ltr'><strong>cu-</strong></span> 
     </span>
    </p>
   </div>
   <div class='ocr_carea' id='block_1_75' title="bbox 298 4377 1872 4458">
    <p class='ocr_par' dir='ltr' id='par_1_75' title="bbox 298 4377 1872 4458">
     <span class='ocr_line' id='line_1_75' title="bbox 298 4377 1872 4458; baseline 0 -29"><span class='ocrx_word' id='word_1_552' title='bbox 298 4379 416 4446; x_wconf 89' lang='lat' dir='ltr'><strong>pias</strong></span> <span class='ocrx_word' id='word_1_553' title='bbox 460 4378 668 4458; x_wconf 77' lang='lat' dir='ltr'><strong>audire,</strong></span> <span class='ocrx_word' id='word_1_554' title='bbox 717 4393 784 4432; x_wconf 93' lang='lat' dir='ltr'><strong>ne</strong></span> <span class='ocrx_word' id='word_1_555' title='bbox 829 4392 924 4433; x_wconf 90' lang='lat' dir='ltr'><strong>cor</strong></span> <span class='ocrx_word' id='word_1_556' title='bbox 965 4387 1110 4432; x_wconf 90' lang='lat' dir='ltr'><strong>tuum</strong></span> <span class='ocrx_word' id='word_1_557' title='bbox 1155 4377 1358 4432; x_wconf 90' lang='lat' dir='ltr'><strong>ultione</strong></span> <span class='ocrx_word' id='word_1_558' title='bbox 1396 4377 1647 4448; x_wconf 88' lang='lat' dir='ltr'><strong>gaudeat.</strong></span> <span class='ocrx_word' id='word_1_559' title='bbox 1699 4377 1872 4431; x_wconf 83' lang='lat' dir='ltr'><strong>Aures</strong></span> 
     </span>
    </p>
   </div>
   <div class='ocr_carea' id='block_1_76' title="bbox 1975 3185 3542 3259">
    <p class='ocr_par' dir='ltr' id='par_1_76' title="bbox 1975 3185 3542 3259">
     <span class='ocr_line' id='line_1_76' title="bbox 1975 3185 3542 3259; baseline -0.006 -13"><span class='ocrx_word' id='word_1_560' title='bbox 1975 3192 2214 3246; x_wconf 91' lang='lat' dir='ltr'><strong>nicntem</strong></span> <span class='ocrx_word' id='word_1_561' title='bbox 2240 3191 2541 3255; x_wconf 85' lang='lat' dir='ltr'><strong>considera,</strong></span> <span class='ocrx_word' id='word_1_562' title='bbox 2567 3199 2621 3243; x_wconf 90' lang='lat' dir='ltr'><strong>et</strong></span> <span class='ocrx_word' id='word_1_563' title='bbox 2646 3190 3018 3259; x_wconf 84' lang='lat' dir='ltr'><strong>conquiesccs.</strong></span> <span class='ocrx_word' id='word_1_564' title='bbox 3045 3188 3102 3242; x_wconf 91' lang='lat' dir='ltr'><strong>Si</strong></span> <span class='ocrx_word' id='word_1_565' title='bbox 3129 3197 3178 3242; x_wconf 93' lang='lat' dir='ltr'><strong>te</strong></span> <span class='ocrx_word' id='word_1_566' title='bbox 3203 3185 3542 3241; x_wconf 87' lang='lat' dir='ltr'><strong>obtrectandi</strong></span> 
     </span>
    </p>
   </div>
   <div class='ocr_carea' id='block_1_77' title="bbox 1973 3276 3548 3351">
    <p class='ocr_par' dir='ltr' id='par_1_77' title="bbox 1973 3276 3548 3351">
     <span class='ocr_line' id='line_1_77' title="bbox 1973 3276 3548 3351; baseline -0.006 -14"><span class='ocrx_word' id='word_1_567' title='bbox 1973 3283 2122 3339; x_wconf 88' lang='lat' dir='ltr'><strong>fratri</strong></span> <span class='ocrx_word' id='word_1_568' title='bbox 2154 3283 2339 3338; x_wconf 82' lang='lat' dir='ltr'><strong>vitium</strong></span> <span class='ocrx_word' id='word_1_569' title='bbox 2373 3281 2638 3347; x_wconf 90' lang='lat' dir='ltr'><strong>adoritur,</strong></span> <span class='ocrx_word' id='word_1_570' title='bbox 2673 3280 2846 3351; x_wconf 89' lang='lat' dir='ltr'><strong>cogita</strong></span> <span class='ocrx_word' id='word_1_571' title='bbox 2881 3278 3014 3334; x_wconf 88' lang='lat' dir='ltr'><strong>illud</strong></span> <span class='ocrx_word' id='word_1_572' title='bbox 3048 3294 3207 3347; x_wconf 86' lang='lat' dir='ltr'><strong>quam</strong></span> <span class='ocrx_word' id='word_1_573' title='bbox 3249 3277 3440 3344; x_wconf 84' lang='lat' dir='ltr'><strong>abiecti</strong></span> <span class='ocrx_word' id='word_1_574' title='bbox 3477 3276 3548 3329; x_wconf 90' lang='lat' dir='ltr'><strong>sit</strong></span> 
     </span>
    </p>
   </div>
   <div class='ocr_carea' id='block_1_78' title="bbox 1974 3365 3542 3441">
    <p class='ocr_par' dir='ltr' id='par_1_78' title="bbox 1974 3365 3542 3441">
     <span class='ocr_line' id='line_1_78' title="bbox 1974 3365 3542 3441; baseline -0.006 -14"><span class='ocrx_word' id='word_1_575' title='bbox 1974 3374 2172 3438; x_wconf 92' lang='lat' dir='ltr'><strong>animi,</strong></span> <span class='ocrx_word' id='word_1_576' title='bbox 2203 3373 2548 3441; x_wconf 89' lang='lat' dir='ltr'><strong>invisumque</strong></span> <span class='ocrx_word' id='word_1_577' title='bbox 2577 3370 2721 3436; x_wconf 90' lang='lat' dir='ltr'><strong>Deo,</strong></span> <span class='ocrx_word' id='word_1_578' title='bbox 2766 3380 2820 3425; x_wconf 90' lang='lat' dir='ltr'><strong>et</strong></span> <span class='ocrx_word' id='word_1_579' title='bbox 2860 3369 3078 3424; x_wconf 83' lang='lat' dir='ltr'><strong>recedet</strong></span> <span class='ocrx_word' id='word_1_580' title='bbox 3108 3383 3136 3420; x_wconf 88' lang='lat' dir='ltr'><strong>a</strong></span> <span class='ocrx_word' id='word_1_581' title='bbox 3170 3377 3240 3420; x_wconf 91' lang='lat' dir='ltr'><strong>te.</strong></span> <span class='ocrx_word' id='word_1_582' title='bbox 3275 3365 3330 3420; x_wconf 90' lang='lat' dir='ltr'><strong>Si</strong></span> <span class='ocrx_word' id='word_1_583' title='bbox 3363 3377 3413 3420; x_wconf 91' lang='lat' dir='ltr'><strong>te</strong></span> <span class='ocrx_word' id='word_1_584' title='bbox 3452 3381 3542 3418; x_wconf 85' lang='lat' dir='ltr'><strong>su-</strong></span> 
     </span>
    </p>
   </div>
   <div class='ocr_carea' id='block_1_79' title="bbox 1973 3455 3545 3536">
    <p class='ocr_par' dir='ltr' id='par_1_79' title="bbox 1973 3455 3545 3536">
     <span class='ocr_line' id='line_1_79' title="bbox 1973 3455 3545 3536; baseline -0.006 -18"><span class='ocrx_word' id='word_1_585' title='bbox 1973 3463 2158 3534; x_wconf 81' lang='lat' dir='ltr'><strong>perbia</strong></span> <span class='ocrx_word' id='word_1_586' title='bbox 2198 3470 2446 3531; x_wconf 90' lang='lat' dir='ltr'><strong>occupat,</strong></span> <span class='ocrx_word' id='word_1_587' title='bbox 2494 3459 2783 3515; x_wconf 87' lang='lat' dir='ltr'><strong>recordare</strong></span> <span class='ocrx_word' id='word_1_588' title='bbox 2817 3474 2914 3527; x_wconf 91' lang='lat' dir='ltr'><strong>per</strong></span> <span class='ocrx_word' id='word_1_589' title='bbox 2953 3458 3096 3536; x_wconf 89' lang='lat' dir='ltr'><strong>illam</strong></span> <span class='ocrx_word' id='word_1_590' title='bbox 3136 3470 3325 3510; x_wconf 88' lang='lat' dir='ltr'><strong>omnes</strong></span> <span class='ocrx_word' id='word_1_591' title='bbox 3365 3455 3545 3508; x_wconf 81' lang='lat' dir='ltr'><strong>excuti</strong></span> 
     </span>
    </p>
   </div>
   <div class='ocr_carea' id='block_1_80' title="bbox 1973 3545 3542 3618">
    <p class='ocr_par' dir='ltr' id='par_1_80' title="bbox 1973 3545 3542 3618">
     <span class='ocr_line' id='line_1_80' title="bbox 1973 3545 3542 3618; baseline -0.008 -9"><span class='ocrx_word' id='word_1_592' title='bbox 1973 3556 2232 3609; x_wconf 87' lang='lat' dir='ltr'><strong>virtutum</strong></span> <span class='ocrx_word' id='word_1_593' title='bbox 2264 3551 2505 3616; x_wconf 88' lang='lat' dir='ltr'><strong>fructus,</strong></span> <span class='ocrx_word' id='word_1_594' title='bbox 2541 3561 2594 3605; x_wconf 91' lang='lat' dir='ltr'><strong>et</strong></span> <span class='ocrx_word' id='word_1_595' title='bbox 2650 3551 2743 3604; x_wconf 86' lang='lat' dir='ltr'><strong>abs</strong></span> <span class='ocrx_word' id='word_1_596' title='bbox 2789 3557 2841 3604; x_wconf 90' lang='lat' dir='ltr'><strong>te</strong></span> <span class='ocrx_word' id='word_1_597' title='bbox 2878 3548 3062 3618; x_wconf 84' lang='lat' dir='ltr'><strong>fugiet.</strong></span> <span class='ocrx_word' id='word_1_598' title='bbox 3114 3545 3171 3599; x_wconf 90' lang='lat' dir='ltr'><strong>Si</strong></span> <span class='ocrx_word' id='word_1_599' title='bbox 3217 3557 3268 3599; x_wconf 89' lang='lat' dir='ltr'><strong>te</strong></span> <span class='ocrx_word' id='word_1_600' title='bbox 3315 3547 3542 3614; x_wconf 80' lang='lat' dir='ltr'><strong>proximi</strong></span> 
     </span>
    </p>
   </div>
   <div class='ocr_carea' id='block_1_81' title="bbox 1974 3635 3544 3712">
    <p class='ocr_par' dir='ltr' id='par_1_81' title="bbox 1974 3635 3544 3712">
     <span class='ocr_line' id='line_1_81' title="bbox 1974 3635 3544 3712; baseline -0.007 -14"><span class='ocrx_word' id='word_1_601' title='bbox 1974 3651 2312 3712; x_wconf 89' lang='lat' dir='ltr'><strong>contemptus</strong></span> <span class='ocrx_word' id='word_1_602' title='bbox 2339 3640 2578 3707; x_wconf 88' lang='lat' dir='ltr'><strong>invadit,</strong></span> <span class='ocrx_word' id='word_1_603' title='bbox 2623 3640 2797 3710; x_wconf 87' lang='lat' dir='ltr'><strong>cogita</strong></span> <span class='ocrx_word' id='word_1_604' title='bbox 2834 3638 3002 3692; x_wconf 90' lang='lat' dir='ltr'><strong>Deum</strong></span> <span class='ocrx_word' id='word_1_605' title='bbox 3040 3637 3362 3690; x_wconf 89' lang='lat' dir='ltr'><strong>traditurum</strong></span> <span class='ocrx_word' id='word_1_606' title='bbox 3409 3635 3544 3690; x_wconf 92' lang='lat' dir='ltr'><strong>tein</strong></span> 
     </span>
    </p>
   </div>
   <div class='ocr_carea' id='block_1_82' title="bbox 1973 3729 3548 3799">
    <p class='ocr_par' dir='ltr' id='par_1_82' title="bbox 1973 3729 3548 3799">
     <span class='ocr_line' id='line_1_82' title="bbox 1973 3729 3548 3799; baseline -0.007 -7"><span class='ocrx_word' id='word_1_607' title='bbox 1973 3751 2167 3792; x_wconf 89' lang='lat' dir='ltr'><strong>manus</strong></span> <span class='ocrx_word' id='word_1_608' title='bbox 2203 3735 2546 3790; x_wconf 83' lang='lat' dir='ltr'><strong>inimicorum</strong></span> <span class='ocrx_word' id='word_1_609' title='bbox 2578 3743 2793 3788; x_wconf 90' lang='lat' dir='ltr'><strong>tuorum</strong></span> <span class='ocrx_word' id='word_1_610' title='bbox 2814 3774 2829 3799; x_wconf 95' lang='lat'><strong>,</strong></span> <span class='ocrx_word' id='word_1_611' title='bbox 2863 3741 2917 3786; x_wconf 92' lang='lat' dir='ltr'><strong>et</strong></span> <span class='ocrx_word' id='word_1_612' title='bbox 2947 3731 3161 3786; x_wconf 88' lang='lat' dir='ltr'><strong>recedet</strong></span> <span class='ocrx_word' id='word_1_613' title='bbox 3188 3744 3218 3784; x_wconf 90' lang='lat' dir='ltr'><strong>a</strong></span> <span class='ocrx_word' id='word_1_614' title='bbox 3257 3738 3329 3787; x_wconf 85' lang='lat' dir='ltr'><strong>te.</strong></span> <span class='ocrx_word' id='word_1_615' title='bbox 3360 3729 3415 3783; x_wconf 91' lang='lat' dir='ltr'><strong>Si</strong></span> <span class='ocrx_word' id='word_1_616' title='bbox 3452 3745 3548 3783; x_wconf 84' lang='lat' dir='ltr'><strong>cor</strong></span> 
     </span>
    </p>
   </div>
   <div class='ocr_carea' id='block_1_83' title="bbox 1976 3821 3542 3896">
    <p class='ocr_par' dir='ltr' id='par_1_83' title="bbox 1976 3821 3542 3896">
     <span class='ocr_line' id='line_1_83' title="bbox 1976 3821 3542 3896; baseline -0.006 -13"><span class='ocrx_word' id='word_1_617' title='bbox 1976 3838 2124 3884; x_wconf 90' lang='lat' dir='ltr'><strong>tuum</strong></span> <span class='ocrx_word' id='word_1_618' title='bbox 2171 3829 2336 3882; x_wconf 86' lang='lat' dir='ltr'><strong>trahit</strong></span> <span class='ocrx_word' id='word_1_619' title='bbox 2368 3827 2612 3896; x_wconf 89' lang='lat' dir='ltr'><strong>corporis</strong></span> <span class='ocrx_word' id='word_1_620' title='bbox 2650 3824 3024 3896; x_wconf 90' lang='lat' dir='ltr'><strong>pulchritmlo,</strong></span> <span class='ocrx_word' id='word_1_621' title='bbox 3061 3838 3180 3892; x_wconf 78' lang='lat' dir='ltr'><strong>qua:</strong></span> <span class='ocrx_word' id='word_1_622' title='bbox 3207 3823 3275 3877; x_wconf 91' lang='lat' dir='ltr'><strong>sit</strong></span> <span class='ocrx_word' id='word_1_623' title='bbox 3310 3822 3456 3875; x_wconf 83' lang='lat' dir='ltr'><strong>intus</strong></span> <span class='ocrx_word' id='word_1_624' title='bbox 3489 3821 3542 3873; x_wconf 93' lang='lat' dir='ltr'><strong>in</strong></span> 
     </span>
    </p>
   </div>
   <div class='ocr_carea' id='block_1_84' title="bbox 1974 3914 3549 3988">
    <p class='ocr_par' dir='ltr' id='par_1_84' title="bbox 1974 3914 3549 3988">
     <span class='ocr_line' id='line_1_84' title="bbox 1974 3914 3549 3988; baseline -0.007 -11"><span class='ocrx_word' id='word_1_625' title='bbox 1974 3937 2036 3977; x_wconf 86' lang='lat' dir='ltr'><strong>eo</strong></span> <span class='ocrx_word' id='word_1_626' title='bbox 2065 3919 2300 3983; x_wconf 83' lang='lat' dir='ltr'><strong>foeditas,</strong></span> <span class='ocrx_word' id='word_1_627' title='bbox 2336 3921 2612 3974; x_wconf 88' lang='lat' dir='ltr'><strong>considera</strong></span> <span class='ocrx_word' id='word_1_628' title='bbox 2635 3959 2650 3983; x_wconf 95' lang='lat'><strong>,</strong></span> <span class='ocrx_word' id='word_1_629' title='bbox 2680 3927 2734 3971; x_wconf 91' lang='lat' dir='ltr'><strong>et</strong></span> <span class='ocrx_word' id='word_1_630' title='bbox 2763 3917 3087 3988; x_wconf 81' lang='lat' dir='ltr'><strong>requiesces.</strong></span> <span class='ocrx_word' id='word_1_631' title='bbox 3120 3914 3174 3968; x_wconf 88' lang='lat' dir='ltr'><strong>Si</strong></span> <span class='ocrx_word' id='word_1_632' title='bbox 3205 3914 3416 3969; x_wconf 83' lang='lat' dir='ltr'><strong>feminae</strong></span> <span class='ocrx_word' id='word_1_633' title='bbox 3455 3927 3549 3967; x_wconf 87' lang='lat' dir='ltr'><strong>vo-</strong></span> 
     </span>
    </p>
   </div>
   <div class='ocr_carea' id='block_1_85' title="bbox 1976 4005 3548 4084">
    <p class='ocr_par' dir='ltr' id='par_1_85' title="bbox 1976 4005 3548 4084">
     <span class='ocr_line' id='line_1_85' title="bbox 1976 4005 3548 4084; baseline -0.006 -17"><span class='ocrx_word' id='word_1_634' title='bbox 1976 4013 2151 4084; x_wconf 89' lang='lat' dir='ltr'><strong>luptas</strong></span> <span class='ocrx_word' id='word_1_635' title='bbox 2183 4013 2272 4067; x_wconf 91' lang='lat' dir='ltr'><strong>tibi</strong></span> <span class='ocrx_word' id='word_1_636' title='bbox 2297 4013 2532 4082; x_wconf 84' lang='lat' dir='ltr'><strong>jucunda</strong></span> <span class='ocrx_word' id='word_1_637' title='bbox 2568 4020 2650 4066; x_wconf 90' lang='lat' dir='ltr'><strong>est</strong></span> <span class='ocrx_word' id='word_1_638' title='bbox 2679 4010 2723 4082; x_wconf 92' lang='grc' dir='ltr'><strong>(Ι</strong></span> <span class='ocrx_word' id='word_1_639' title='bbox 2744 4010 2812 4081; x_wconf 88' lang='grc'><strong>1),</strong></span> <span class='ocrx_word' id='word_1_640' title='bbox 2840 4009 3042 4078; x_wconf 81' lang='lat' dir='ltr'><strong>aliquid</strong></span> <span class='ocrx_word' id='word_1_641' title='bbox 3070 4024 3256 4063; x_wconf 90' lang='lat' dir='ltr'><strong>earum</strong></span> <span class='ocrx_word' id='word_1_642' title='bbox 3289 4022 3405 4077; x_wconf 74' lang='lat' dir='ltr'><strong>qua:</strong></span> <span class='ocrx_word' id='word_1_643' title='bbox 3433 4005 3548 4076; x_wconf 88' lang='lat' dir='ltr'><strong>jam</strong></span> 
     </span>
    </p>
   </div>
   <div class='ocr_carea' id='block_1_86' title="bbox 1975 4101 3546 4172">
    <p class='ocr_par' dir='ltr' id='par_1_86' title="bbox 1975 4101 3546 4172">
     <span class='ocr_line' id='line_1_86' title="bbox 1975 4101 3546 4172; baseline -0.003 -13"><span class='ocrx_word' id='word_1_644' title='bbox 1975 4113 2204 4159; x_wconf 66' lang='lat' dir='ltr'><strong>mortuae</strong></span> <span class='ocrx_word' id='word_1_645' title='bbox 2231 4113 2356 4158; x_wconf 86' lang='lat' dir='ltr'><strong>sunt</strong></span> <span class='ocrx_word' id='word_1_646' title='bbox 2392 4101 2650 4158; x_wconf 90' lang='lat' dir='ltr'><strong>memoria</strong></span> <span class='ocrx_word' id='word_1_647' title='bbox 2685 4112 2889 4172; x_wconf 87' lang='lat' dir='ltr'><strong>repete,</strong></span> <span class='ocrx_word' id='word_1_648' title='bbox 2921 4113 2975 4157; x_wconf 92' lang='lat' dir='ltr'><strong>et</strong></span> <span class='ocrx_word' id='word_1_649' title='bbox 3006 4101 3242 4172; x_wconf 89' lang='lat' dir='ltr'><strong>quietem</strong></span> <span class='ocrx_word' id='word_1_650' title='bbox 3281 4101 3546 4156; x_wconf 87' lang='lat' dir='ltr'><strong>invenies.</strong></span> 
     </span>
    </p>
   </div>
   <div class='ocr_carea' id='block_1_87' title="bbox 2051 4193 3546 4262">
    <p class='ocr_par' dir='ltr' id='par_1_87' title="bbox 2051 4193 3546 4262">
     <span class='ocr_line' id='line_1_87' title="bbox 2051 4193 3546 4262; baseline -0.003 -14"><span class='ocrx_word' id='word_1_651' title='bbox 2051 4193 2182 4248; x_wconf 78' lang='lat' dir='ltr'><strong>VIII.</strong></span> <span class='ocrx_word' id='word_1_652' title='bbox 2233 4193 2356 4249; x_wconf 71' lang='lat' dir='ltr'><strong>Ilaec</strong></span> <span class='ocrx_word' id='word_1_653' title='bbox 2404 4193 2584 4250; x_wconf 87' lang='lat' dir='ltr'><strong>omnia</strong></span> <span class='ocrx_word' id='word_1_654' title='bbox 2639 4194 2866 4248; x_wconf 85' lang='lat' dir='ltr'><strong>rationis</strong></span> <span class='ocrx_word' id='word_1_655' title='bbox 2901 4195 3107 4262; x_wconf 86' lang='lat' dir='ltr'><strong>judicio</strong></span> <span class='ocrx_word' id='word_1_656' title='bbox 3159 4193 3546 4248; x_wconf 81' lang='lat' dir='ltr'><strong>discutiuntur.</strong></span> 
     </span>
    </p>
   </div>
   <div class='ocr_carea' id='block_1_88' title="bbox 1975 4281 3550 4353">
    <p class='ocr_par' dir='ltr' id='par_1_88' title="bbox 1975 4281 3550 4353">
     <span class='ocr_line' id='line_1_88' title="bbox 1975 4281 3550 4353; baseline -0.003 -17"><span class='ocrx_word' id='word_1_657' title='bbox 1975 4283 2126 4349; x_wconf 89' lang='lat' dir='ltr'><strong>Quod</strong></span> <span class='ocrx_word' id='word_1_658' title='bbox 2168 4284 2383 4353; x_wconf 83' lang='lat' dir='ltr'><strong>quidem</strong></span> <span class='ocrx_word' id='word_1_659' title='bbox 2423 4284 2682 4350; x_wconf 81' lang='lat' dir='ltr'><strong>judicium</strong></span> <span class='ocrx_word' id='word_1_660' title='bbox 2731 4284 2944 4353; x_wconf 88' lang='lat' dir='ltr'><strong>assequi</strong></span> <span class='ocrx_word' id='word_1_661' title='bbox 2996 4283 3115 4336; x_wconf 88' lang='lat' dir='ltr'><strong>sine</strong></span> <span class='ocrx_word' id='word_1_662' title='bbox 3161 4281 3550 4335; x_wconf 82' lang='lat' dir='ltr'><strong>exercitatione</strong></span> 
     </span>
    </p>
   </div>
   <div class='ocr_carea' id='block_1_89' title="bbox 1975 4372 3547 4442">
    <p class='ocr_par' dir='ltr' id='par_1_89' title="bbox 1975 4372 3547 4442">
     <span class='ocr_line' id='line_1_89' title="bbox 1975 4372 3547 4442; baseline -0.003 -15"><span class='ocrx_word' id='word_1_663' title='bbox 1975 4389 2079 4427; x_wconf 86' lang='lat' dir='ltr'><strong>non</strong></span> <span class='ocrx_word' id='word_1_664' title='bbox 2119 4383 2290 4442; x_wconf 89' lang='lat' dir='ltr'><strong>potes.</strong></span> <span class='ocrx_word' id='word_1_665' title='bbox 2319 4372 2564 4430; x_wconf 86' lang='lat' dir='ltr'><strong>Primum</strong></span> <span class='ocrx_word' id='word_1_666' title='bbox 2601 4375 2752 4442; x_wconf 89' lang='lat' dir='ltr'><strong>quies</strong></span> <span class='ocrx_word' id='word_1_667' title='bbox 2790 4379 2874 4427; x_wconf 92' lang='lat' dir='ltr'><strong>est</strong></span> <span class='ocrx_word' id='word_1_668' title='bbox 2905 4372 3206 4426; x_wconf 89' lang='lat' dir='ltr'><strong>necessaria</strong></span> <span class='ocrx_word' id='word_1_669' title='bbox 3242 4390 3254 4425; x_wconf 90' lang='lat'><strong>:</strong></span> <span class='ocrx_word' id='word_1_670' title='bbox 3290 4372 3403 4424; x_wconf 71' lang='lat' dir='ltr'><strong>IKBC</strong></span> <span class='ocrx_word' id='word_1_671' title='bbox 3434 4379 3547 4425; x_wconf 88' lang='lat' dir='ltr'><strong>stu-</strong></span> 
     </span>
    </p>
   </div>
   <div class='ocr_carea' id='block_1_90' title="bbox 299 4461 3620 4539">
    <p class='ocr_par' dir='ltr' id='par_1_90' title="bbox 299 4461 3620 4539">
     <span class='ocr_line' id='line_1_90' title="bbox 299 4461 3620 4539; baseline -0.002 -19"><span class='ocrx_word' id='word_1_672' title='bbox 299 4478 420 4522; x_wconf 89' lang='lat' dir='ltr'><strong>tuas</strong></span> <span class='ocrx_word' id='word_1_673' title='bbox 452 4466 676 4531; x_wconf 85' lang='lat' dir='ltr'><strong>obsera,</strong></span> <span class='ocrx_word' id='word_1_674' title='bbox 715 4481 783 4522; x_wconf 92' lang='lat' dir='ltr'><strong>ne</strong></span> <span class='ocrx_word' id='word_1_675' title='bbox 831 4466 924 4522; x_wconf 91' lang='lat' dir='ltr'><strong>tibi</strong></span> <span class='ocrx_word' id='word_1_676' title='bbox 964 4480 1242 4536; x_wconf 89' lang='lat' dir='ltr'><strong>compares</strong></span> <span class='ocrx_word' id='word_1_677' title='bbox 1284 4465 1550 4520; x_wconf 90' lang='lat' dir='ltr'><strong>inimicos.</strong></span> <span class='ocrx_word' id='word_1_678' title='bbox 1600 4462 1775 4532; x_wconf 89' lang='lat' dir='ltr'><strong>Opere</strong></span> <span class='ocrx_word' id='word_1_679' title='bbox 1818 4471 1872 4518; x_wconf 92' lang='lat' dir='ltr'><strong>et</strong></span> <span class='ocrx_word' id='word_1_680' title='bbox 1906 4482 1950 4539; x_wconf 76' lang='lat' dir='ltr'><strong>D</strong></span> <span class='ocrx_word' id='word_1_681' title='bbox 1977 4464 2120 4518; x_wconf 90' lang='lat' dir='ltr'><strong>dium</strong></span> <span class='ocrx_word' id='word_1_682' title='bbox 2150 4464 2326 4532; x_wconf 88' lang='lat' dir='ltr'><strong>parit;</strong></span> <span class='ocrx_word' id='word_1_683' title='bbox 2359 4480 2423 4518; x_wconf 88' lang='lat' dir='ltr'><strong>ex</strong></span> <span class='ocrx_word' id='word_1_684' title='bbox 2451 4465 2632 4518; x_wconf 87' lang='lat' dir='ltr'><strong>studio</strong></span> <span class='ocrx_word' id='word_1_685' title='bbox 2661 4465 2907 4517; x_wconf 73' lang='lat' dir='ltr'><strong>humana:</strong></span> <span class='ocrx_word' id='word_1_686' title='bbox 2936 4463 3165 4516; x_wconf 70' lang='lat' dir='ltr'><strong>miserize</strong></span> <span class='ocrx_word' id='word_1_687' title='bbox 3196 4461 3425 4532; x_wconf 89' lang='lat' dir='ltr'><strong>cognitio</strong></span> <span class='ocrx_word' id='word_1_688' title='bbox 3456 4479 3549 4516; x_wconf 88' lang='lat' dir='ltr'><strong>na-</strong></span> <span class='ocrx_word' id='word_1_689' title='bbox 3607 4481 3620 4491; x_wconf 84' lang='lat'><strong><em>-</em></strong></span> 
     </span>
    </p>
   </div>
   <div class='ocr_carea' id='block_1_91' title="bbox 299 4555 1870 4626">
    <p class='ocr_par' dir='ltr' id='par_1_91' title="bbox 299 4555 1870 4626">
     <span class='ocr_line' id='line_1_91' title="bbox 299 4555 1870 4626; baseline -0.001 -14"><span class='ocrx_word' id='word_1_690' title='bbox 299 4560 486 4613; x_wconf 82' lang='lat' dir='ltr'><strong>labore</strong></span> <span class='ocrx_word' id='word_1_691' title='bbox 523 4574 736 4612; x_wconf 90' lang='lat' dir='ltr'><strong>manum</strong></span> <span class='ocrx_word' id='word_1_692' title='bbox 770 4571 980 4625; x_wconf 83' lang='lat' dir='ltr'><strong>exerce,</strong></span> <span class='ocrx_word' id='word_1_693' title='bbox 1029 4567 1087 4611; x_wconf 91' lang='lat' dir='ltr'><strong>ut</strong></span> <span class='ocrx_word' id='word_1_694' title='bbox 1116 4571 1318 4626; x_wconf 90' lang='lat' dir='ltr'><strong>pauper</strong></span> <span class='ocrx_word' id='word_1_695' title='bbox 1346 4571 1536 4625; x_wconf 86' lang='lat' dir='ltr'><strong>panem</strong></span> <span class='ocrx_word' id='word_1_696' title='bbox 1573 4555 1816 4610; x_wconf 87' lang='lat' dir='ltr'><strong>inveniat</strong></span> <span class='ocrx_word' id='word_1_697' title='bbox 1855 4572 1870 4610; x_wconf 89' lang='lat'><strong>:</strong></span> 
     </span>
    </p>
   </div>
   <div class='ocr_carea' id='block_1_92' title="bbox 299 4643 1874 4704">
    <p class='ocr_par' dir='ltr' id='par_1_92' title="bbox 299 4643 1874 4704">
     <span class='ocr_line' id='line_1_92' title="bbox 299 4643 1874 4704; baseline -0.004 -1"><span class='ocrx_word' id='word_1_698' title='bbox 299 4649 495 4704; x_wconf 84' lang='lat' dir='ltr'><strong>inertia</strong></span> <span class='ocrx_word' id='word_1_699' title='bbox 539 4649 684 4703; x_wconf 88' lang='lat' dir='ltr'><strong>enim</strong></span> <span class='ocrx_word' id='word_1_700' title='bbox 721 4662 865 4702; x_wconf 89' lang='lat' dir='ltr'><strong>mors</strong></span> <span class='ocrx_word' id='word_1_701' title='bbox 899 4655 982 4701; x_wconf 89' lang='lat' dir='ltr'><strong>est</strong></span> <span class='ocrx_word' id='word_1_702' title='bbox 1025 4656 1078 4701; x_wconf 93' lang='lat' dir='ltr'><strong>et</strong></span> <span class='ocrx_word' id='word_1_703' title='bbox 1126 4647 1376 4700; x_wconf 85' lang='lat' dir='ltr'><strong>interitus</strong></span> <span class='ocrx_word' id='word_1_704' title='bbox 1426 4645 1639 4699; x_wconf 70' lang='lat' dir='ltr'><strong>animm.</strong></span> <span class='ocrx_word' id='word_1_705' title='bbox 1691 4643 1874 4700; x_wconf 87' lang='lat' dir='ltr'><strong>Oratio</strong></span> 
     </span>
    </p>
   </div>
   <div class='ocr_carea' id='block_1_93' title="bbox 299 4737 1873 4808">
    <p class='ocr_par' dir='ltr' id='par_1_93' title="bbox 299 4737 1873 4808">
     <span class='ocr_line' id='line_1_93' title="bbox 299 4737 1873 4808; baseline -0.001 -14"><span class='ocrx_word' id='word_1_706' title='bbox 299 4742 560 4808; x_wconf 86' lang='lat' dir='ltr'><strong>frequens</strong></span> <span class='ocrx_word' id='word_1_707' title='bbox 591 4741 798 4794; x_wconf 87' lang='lat' dir='ltr'><strong>excutit</strong></span> <span class='ocrx_word' id='word_1_708' title='bbox 828 4737 1104 4793; x_wconf 90' lang='lat' dir='ltr'><strong>servitutis</strong></span> <span class='ocrx_word' id='word_1_709' title='bbox 1139 4737 1349 4808; x_wconf 82' lang='lat' dir='ltr'><strong>jugum.</strong></span> <span class='ocrx_word' id='word_1_710' title='bbox 1385 4737 1485 4806; x_wconf 90' lang='lat' dir='ltr'><strong>Qui</strong></span> <span class='ocrx_word' id='word_1_711' title='bbox 1517 4745 1742 4792; x_wconf 89' lang='lat' dir='ltr'><strong>mortem</strong></span> <span class='ocrx_word' id='word_1_712' title='bbox 1778 4751 1873 4792; x_wconf 85' lang='lat' dir='ltr'><strong>co-</strong></span> 
     </span>
    </p>
   </div>
   <div class='ocr_carea' id='block_1_94' title="bbox 297 4827 1870 4901">
    <p class='ocr_par' dir='ltr' id='par_1_94' title="bbox 297 4827 1870 4901">
     <span class='ocr_line' id='line_1_94' title="bbox 297 4827 1870 4901; baseline 0.002 -20"><span class='ocrx_word' id='word_1_713' title='bbox 297 4833 432 4901; x_wconf 84' lang='lat' dir='ltr'><strong>gitat</strong></span> <span class='ocrx_word' id='word_1_714' title='bbox 456 4831 907 4899; x_wconf 81' lang='lat' dir='ltr'><strong>appropinquare,</strong></span> <span class='ocrx_word' id='word_1_715' title='bbox 937 4827 1091 4884; x_wconf 85' lang='lat' dir='ltr'><strong>facile</strong></span> <span class='ocrx_word' id='word_1_716' title='bbox 1122 4837 1386 4898; x_wconf 91' lang='lat' dir='ltr'><strong>temperat</strong></span> <span class='ocrx_word' id='word_1_717' title='bbox 1415 4844 1447 4883; x_wconf 89' lang='lat' dir='ltr'><strong>a</strong></span> <span class='ocrx_word' id='word_1_718' title='bbox 1485 4829 1740 4898; x_wconf 90' lang='lat' dir='ltr'><strong>peccatis.</strong></span> <span class='ocrx_word' id='word_1_719' title='bbox 1771 4829 1870 4897; x_wconf 88' lang='lat' dir='ltr'><strong>Qui</strong></span> 
     </span>
    </p>
   </div>
   <div class='ocr_carea' id='block_1_95' title="bbox 299 4921 1868 4991">
    <p class='ocr_par' dir='ltr' id='par_1_95' title="bbox 299 4921 1868 4991">
     <span class='ocr_line' id='line_1_95' title="bbox 299 4921 1868 4991; baseline -0.002 -14"><span class='ocrx_word' id='word_1_720' title='bbox 299 4925 387 4977; x_wconf 89' lang='lat' dir='ltr'><strong>diu</strong></span> <span class='ocrx_word' id='word_1_721' title='bbox 437 4938 497 4977; x_wconf 90' lang='lat' dir='ltr'><strong>se</strong></span> <span class='ocrx_word' id='word_1_722' title='bbox 543 4922 810 4976; x_wconf 90' lang='lat' dir='ltr'><strong>victurum</strong></span> <span class='ocrx_word' id='word_1_723' title='bbox 863 4932 1064 4991; x_wconf 91' lang='lat' dir='ltr'><strong>sperat,</strong></span> <span class='ocrx_word' id='word_1_724' title='bbox 1102 4921 1286 4976; x_wconf 92' lang='lat' dir='ltr'><strong>multis</strong></span> <span class='ocrx_word' id='word_1_725' title='bbox 1332 4923 1569 4991; x_wconf 81' lang='lat' dir='ltr'><strong>pet-catis</strong></span> <span class='ocrx_word' id='word_1_726' title='bbox 1609 4921 1868 4976; x_wconf 89' lang='lat' dir='ltr'><strong>irretitur.</strong></span> 
     </span>
    </p>
   </div>
   <div class='ocr_carea' id='block_1_96' title="bbox 299 5013 1872 5082">
    <p class='ocr_par' dir='ltr' id='par_1_96' title="bbox 299 5013 1872 5082">
     <span class='ocr_line' id='line_1_96' title="bbox 299 5013 1872 5082; baseline 0 -16"><span class='ocrx_word' id='word_1_727' title='bbox 299 5014 400 5080; x_wconf 90' lang='lat' dir='ltr'><strong>Qui</strong></span> <span class='ocrx_word' id='word_1_728' title='bbox 456 5014 525 5067; x_wconf 91' lang='lat' dir='ltr'><strong>ita</strong></span> <span class='ocrx_word' id='word_1_729' title='bbox 567 5014 700 5067; x_wconf 91' lang='lat' dir='ltr'><strong>vivit</strong></span> <span class='ocrx_word' id='word_1_730' title='bbox 751 5023 1005 5082; x_wconf 90' lang='lat' dir='ltr'><strong>tanquam</strong></span> <span class='ocrx_word' id='word_1_731' title='bbox 1051 5013 1313 5068; x_wconf 90' lang='lat' dir='ltr'><strong>factorum</strong></span> <span class='ocrx_word' id='word_1_732' title='bbox 1364 5029 1583 5068; x_wconf 83' lang='lat' dir='ltr'><strong>suorum</strong></span> <span class='ocrx_word' id='word_1_733' title='bbox 1634 5014 1872 5068; x_wconf 90' lang='lat' dir='ltr'><strong>omnium</strong></span> 
     </span>
    </p>
   </div>
   <div class='ocr_carea' id='block_1_97' title="bbox 297 5105 1875 5170">
    <p class='ocr_par' dir='ltr' id='par_1_97' title="bbox 297 5105 1875 5170">
     <span class='ocr_line' id='line_1_97' title="bbox 297 5105 1875 5170; baseline 0.002 -12"><span class='ocrx_word' id='word_1_734' title='bbox 297 5105 563 5160; x_wconf 87' lang='lat' dir='ltr'><strong>rationem</strong></span> <span class='ocrx_word' id='word_1_735' title='bbox 594 5105 916 5170; x_wconf 88' lang='lat' dir='ltr'><strong>redditurus,</strong></span> <span class='ocrx_word' id='word_1_736' title='bbox 952 5106 1150 5158; x_wconf 82' lang='lat' dir='ltr'><strong>auxilio</strong></span> <span class='ocrx_word' id='word_1_737' title='bbox 1184 5105 1275 5160; x_wconf 88' lang='lat' dir='ltr'><strong>Dei</strong></span> <span class='ocrx_word' id='word_1_738' title='bbox 1306 5106 1468 5160; x_wconf 88' lang='lat' dir='ltr'><strong>vitam</strong></span> <span class='ocrx_word' id='word_1_739' title='bbox 1504 5121 1656 5161; x_wconf 90' lang='lat' dir='ltr'><strong>suam</strong></span> <span class='ocrx_word' id='word_1_740' title='bbox 1690 5115 1875 5162; x_wconf 84' lang='lat' dir='ltr'><strong>servat</strong></span> 
     </span>
    </p>
   </div>
   <div class='ocr_carea' id='block_1_98' title="bbox 300 5196 1870 5268">
    <p class='ocr_par' dir='ltr' id='par_1_98' title="bbox 300 5196 1870 5268">
     <span class='ocr_line' id='line_1_98' title="bbox 300 5196 1870 5268; baseline -0.002 -16"><span class='ocrx_word' id='word_1_741' title='bbox 300 5199 566 5268; x_wconf 84' lang='lat' dir='ltr'><strong>integram</strong></span> <span class='ocrx_word' id='word_1_742' title='bbox 599 5212 628 5250; x_wconf 90' lang='lat' dir='ltr'><strong>a</strong></span> <span class='ocrx_word' id='word_1_743' title='bbox 654 5205 910 5267; x_wconf 90' lang='lat' dir='ltr'><strong>peccato;</strong></span> <span class='ocrx_word' id='word_1_744' title='bbox 956 5196 1043 5263; x_wconf 92' lang='lat' dir='ltr'><strong>qui</strong></span> <span class='ocrx_word' id='word_1_745' title='bbox 1077 5206 1252 5250; x_wconf 89' lang='lat' dir='ltr'><strong>autem</strong></span> <span class='ocrx_word' id='word_1_746' title='bbox 1276 5197 1595 5261; x_wconf 89' lang='lat' dir='ltr'><strong>contemnit,</strong></span> <span class='ocrx_word' id='word_1_747' title='bbox 1623 5197 1870 5263; x_wconf 88' lang='lat' dir='ltr'><strong>Quando,</strong></span> 
     </span>
    </p>
   </div>
   <div class='ocr_carea' id='block_1_99' title="bbox 302 5283 1874 5360">
    <p class='ocr_par' dir='ltr' id='par_1_99' title="bbox 302 5283 1874 5360">
     <span class='ocr_line' id='line_1_99' title="bbox 302 5283 1874 5360; baseline -0.001 -15"><span class='ocrx_word' id='word_1_748' title='bbox 302 5291 589 5360; x_wconf 87' lang='lat' dir='ltr'><strong>inquiens,</strong></span> <span class='ocrx_word' id='word_1_749' title='bbox 641 5289 740 5344; x_wconf 84' lang='lat' dir='ltr'><strong>erit</strong></span> <span class='ocrx_word' id='word_1_750' title='bbox 794 5288 880 5344; x_wconf 89' lang='lat' dir='ltr'><strong>illa</strong></span> <span class='ocrx_word' id='word_1_751' title='bbox 921 5287 1074 5343; x_wconf 84' lang='lat' dir='ltr'><strong>dies?</strong></span> <span class='ocrx_word' id='word_1_752' title='bbox 1113 5283 1356 5342; x_wconf 78' lang='lat' dir='ltr'><strong>ambulat</strong></span> <span class='ocrx_word' id='word_1_753' title='bbox 1397 5288 1450 5342; x_wconf 93' lang='lat' dir='ltr'><strong>in</strong></span> <span class='ocrx_word' id='word_1_754' title='bbox 1493 5288 1579 5340; x_wconf 88' lang='lat' dir='ltr'><strong>via</strong></span> <span class='ocrx_word' id='word_1_755' title='bbox 1625 5299 1874 5356; x_wconf 87' lang='lat' dir='ltr'><strong>peccato-</strong></span> 
     </span>
    </p>
   </div>
   <div class='ocr_carea' id='block_1_100' title="bbox 299 5379 1869 5450">
    <p class='ocr_par' dir='ltr' id='par_1_100' title="bbox 299 5379 1869 5450">
     <span class='ocr_line' id='line_1_100' title="bbox 299 5379 1869 5450; baseline -0.002 -12"><span class='ocrx_word' id='word_1_756' title='bbox 299 5398 444 5438; x_wconf 89' lang='lat' dir='ltr'><strong>rum.</strong></span> <span class='ocrx_word' id='word_1_757' title='bbox 476 5380 666 5450; x_wconf 77' lang='lat' dir='ltr'><strong>Cogita</strong></span> <span class='ocrx_word' id='word_1_758' title='bbox 688 5379 778 5435; x_wconf 90' lang='lat' dir='ltr'><strong>ubi</strong></span> <span class='ocrx_word' id='word_1_759' title='bbox 802 5379 896 5445; x_wconf 89' lang='lat' dir='ltr'><strong>sis,</strong></span> <span class='ocrx_word' id='word_1_760' title='bbox 931 5387 984 5436; x_wconf 91' lang='lat' dir='ltr'><strong>ct</strong></span> <span class='ocrx_word' id='word_1_761' title='bbox 1010 5393 1117 5450; x_wconf 89' lang='lat' dir='ltr'><strong>quo</strong></span> <span class='ocrx_word' id='word_1_762' title='bbox 1148 5379 1242 5434; x_wconf 83' lang='lat' dir='ltr'><strong>tibi</strong></span> <span class='ocrx_word' id='word_1_763' title='bbox 1275 5379 1346 5434; x_wconf 87' lang='lat' dir='ltr'><strong>sit</strong></span> <span class='ocrx_word' id='word_1_764' title='bbox 1385 5379 1713 5447; x_wconf 90' lang='lat' dir='ltr'><strong>abeundum,</strong></span> <span class='ocrx_word' id='word_1_765' title='bbox 1748 5396 1869 5435; x_wconf 87' lang='lat' dir='ltr'><strong>cum</strong></span> 
     </span>
    </p>
   </div>
   <div class='ocr_carea' id='block_1_101' title="bbox 371 5535 889 5604">
    <p class='ocr_par' dir='ltr' id='par_1_101' title="bbox 371 5535 889 5604">
     <span class='ocr_line' id='line_1_101' title="bbox 371 5535 889 5604; baseline 0.004 -14"><span class='ocrx_word' id='word_1_766' title='bbox 371 5537 420 5569; x_wconf 70' lang='grc' dir='ltr'><strong>ιε</strong></span> <span class='ocrx_word' id='word_1_767' title='bbox 461 5535 649 5592; x_wconf 80' lang='lat' dir='ltr'><strong>Matth.</strong></span> <span class='ocrx_word' id='word_1_768' title='bbox 693 5551 746 5604; x_wconf 92' lang='lat' dir='ltr'><strong>v,</strong></span> <span class='ocrx_word' id='word_1_769' title='bbox 799 5536 889 5592; x_wconf 73' lang='lat' dir='ltr'><strong>es.</strong></span> 
     </span>
    </p>
   </div>
   <div class='ocr_carea' id='block_1_102' title="bbox 304 5691 1871 5819">
    <p class='ocr_par' dir='ltr' id='par_1_102' title="bbox 304 5691 1871 5819">
     <span class='ocr_line' id='line_1_102' title="bbox 304 5691 1871 5819; baseline 0.004 -74"><span class='ocrx_word' id='word_1_770' title='bbox 304 5763 345 5819; x_wconf 60' lang='grc' dir='ltr'><strong>Ρ</strong></span> <span class='ocrx_word' id='word_1_771' title='bbox 377 5693 799 5817; x_wconf 54' lang='lat' dir='ltr'><strong>(tmfiigbido,</strong></span> <span class='ocrx_word' id='word_1_772' title='bbox 829 5702 932 5752; x_wconf 89' lang='lat' dir='ltr'><strong>etc.</strong></span> <span class='ocrx_word' id='word_1_773' title='bbox 975 5693 1159 5752; x_wconf 74' lang='lat' dir='ltr'><strong>Grrcca</strong></span> <span class='ocrx_word' id='word_1_774' title='bbox 1189 5696 1369 5753; x_wconf 86' lang='lat' dir='ltr'><strong>videas</strong></span> <span class='ocrx_word' id='word_1_775' title='bbox 1397 5693 1532 5750; x_wconf 73' lang='lat' dir='ltr'><strong>infra</strong></span> <span class='ocrx_word' id='word_1_776' title='bbox 1561 5709 1680 5752; x_wconf 87' lang='lat' dir='ltr'><strong>can.</strong></span> <span class='ocrx_word' id='word_1_777' title='bbox 1713 5691 1767 5763; x_wconf 83' lang='lat'><strong>9,</strong></span> <span class='ocrx_word' id='word_1_778' title='bbox 1808 5710 1871 5752; x_wconf 83' lang='lat' dir='ltr'><strong>ex</strong></span> 
     </span>
     <span class='ocr_line' id='line_1_103' title="bbox 350 5781 656 5819; baseline -0.013 0"><span class='ocrx_word' id='word_1_779' title='bbox 350 5782 513 5819; x_wconf 62' lang='grc'><strong>0581111</strong></span> <span class='ocrx_word' id='word_1_780' title='bbox 556 5781 584 5816; x_wconf 90' lang='lat' dir='ltr'><strong>Il</strong></span> <span class='ocrx_word' id='word_1_781' title='bbox 642 5801 656 5815; x_wconf 85' lang='lat'><strong>.</strong></span> 
     </span>
    </p>
   </div>
   <div class='ocr_carea' id='block_1_103' title="bbox 350 5781 656 5820">
    <p class='ocr_par' dir='ltr' id='par_1_103' title="bbox 350 5781 656 5820">
     <span class='ocr_line' id='line_1_104' title="bbox 350 5781 656 5820; baseline -0.016 0"><span class='ocrx_word' id='word_1_782' title='bbox 350 5781 656 5820; x_wconf 61' lang='lat' dir='ltr'><strong>USSIIllaIIIS.</strong></span> 
     </span>
    </p>
   </div>
   <div class='ocr_carea' id='block_1_104' title="bbox 1979 4554 3548 4624">
    <p class='ocr_par' dir='ltr' id='par_1_104' title="bbox 1979 4554 3548 4624">
     <span class='ocr_line' id='line_1_105' title="bbox 1979 4554 3548 4624; baseline -0.003 -15"><span class='ocrx_word' id='word_1_783' title='bbox 1979 4557 2167 4618; x_wconf 88' lang='lat' dir='ltr'><strong>scitur,</strong></span> <span class='ocrx_word' id='word_1_784' title='bbox 2197 4571 2316 4624; x_wconf 66' lang='lat' dir='ltr'><strong>quae</strong></span> <span class='ocrx_word' id='word_1_785' title='bbox 2340 4555 2507 4624; x_wconf 87' lang='lat' dir='ltr'><strong>gignit</strong></span> <span class='ocrx_word' id='word_1_786' title='bbox 2539 4556 2786 4610; x_wconf 86' lang='lat' dir='ltr'><strong>timorem</strong></span> <span class='ocrx_word' id='word_1_787' title='bbox 2819 4554 2944 4620; x_wconf 87' lang='lat' dir='ltr'><strong>Dei;</strong></span> <span class='ocrx_word' id='word_1_788' title='bbox 2979 4569 3044 4608; x_wconf 86' lang='lat' dir='ltr'><strong>ex</strong></span> <span class='ocrx_word' id='word_1_789' title='bbox 3081 4554 3169 4607; x_wconf 89' lang='lat' dir='ltr'><strong>Dei</strong></span> <span class='ocrx_word' id='word_1_790' title='bbox 3205 4555 3396 4608; x_wconf 88' lang='lat' dir='ltr'><strong>timore</strong></span> <span class='ocrx_word' id='word_1_791' title='bbox 3425 4568 3548 4622; x_wconf 86' lang='lat' dir='ltr'><strong>pro-</strong></span> 
     </span>
    </p>
   </div>
   <div class='ocr_carea' id='block_1_105' title="bbox 1975 4646 3548 4716">
    <p class='ocr_par' dir='ltr' id='par_1_105' title="bbox 1975 4646 3548 4716">
     <span class='ocr_line' id='line_1_106' title="bbox 1975 4646 3548 4716; baseline -0.001 -18"><span class='ocrx_word' id='word_1_792' title='bbox 1975 4649 2124 4701; x_wconf 89' lang='lat' dir='ltr'><strong>venit</strong></span> <span class='ocrx_word' id='word_1_793' title='bbox 2164 4647 2473 4713; x_wconf 90' lang='lat' dir='ltr'><strong>humilitas;</strong></span> <span class='ocrx_word' id='word_1_794' title='bbox 2510 4663 2573 4702; x_wconf 89' lang='lat' dir='ltr'><strong>ex</strong></span> <span class='ocrx_word' id='word_1_795' title='bbox 2610 4648 2912 4703; x_wconf 88' lang='lat' dir='ltr'><strong>humilitate</strong></span> <span class='ocrx_word' id='word_1_796' title='bbox 2964 4646 3284 4716; x_wconf 82' lang='lat' dir='ltr'><strong>prudentia;</strong></span> <span class='ocrx_word' id='word_1_797' title='bbox 3318 4661 3385 4699; x_wconf 79' lang='lat' dir='ltr'><strong>ex</strong></span> <span class='ocrx_word' id='word_1_798' title='bbox 3420 4659 3548 4714; x_wconf 87' lang='lat' dir='ltr'><strong>pru-</strong></span> 
     </span>
    </p>
   </div>
   <div class='ocr_carea' id='block_1_106' title="bbox 1978 4737 3549 4808">
    <p class='ocr_par' dir='ltr' id='par_1_106' title="bbox 1978 4737 3549 4808">
     <span class='ocr_line' id='line_1_107' title="bbox 1978 4737 3549 4808; baseline -0.005 -12"><span class='ocrx_word' id='word_1_799' title='bbox 1978 4740 2154 4796; x_wconf 87' lang='lat' dir='ltr'><strong>dentia</strong></span> <span class='ocrx_word' id='word_1_800' title='bbox 2183 4741 2428 4808; x_wconf 87' lang='lat' dir='ltr'><strong>dilectio;</strong></span> <span class='ocrx_word' id='word_1_801' title='bbox 2459 4741 2679 4796; x_wconf 88' lang='lat' dir='ltr'><strong>dilectio</strong></span> <span class='ocrx_word' id='word_1_802' title='bbox 2713 4750 2892 4795; x_wconf 87' lang='lat' dir='ltr'><strong>servat</strong></span> <span class='ocrx_word' id='word_1_803' title='bbox 2923 4741 3158 4793; x_wconf 88' lang='lat' dir='ltr'><strong>animam</strong></span> <span class='ocrx_word' id='word_1_804' title='bbox 3203 4753 3230 4790; x_wconf 89' lang='lat' dir='ltr'><strong>a</strong></span> <span class='ocrx_word' id='word_1_805' title='bbox 3264 4737 3549 4807; x_wconf 83' lang='lat' dir='ltr'><strong>perturba-</strong></span> 
     </span>
    </p>
   </div>
   <div class='ocr_carea' id='block_1_107' title="bbox 1979 4828 3546 4900">
    <p class='ocr_par' dir='ltr' id='par_1_107' title="bbox 1979 4828 3546 4900">
     <span class='ocr_line' id='line_1_108' title="bbox 1979 4828 3546 4900; baseline -0.004 -14"><span class='ocrx_word' id='word_1_806' title='bbox 1979 4832 2214 4886; x_wconf 90' lang='lat' dir='ltr'><strong>tionibus</strong></span> <span class='ocrx_word' id='word_1_807' title='bbox 2236 4831 2482 4886; x_wconf 88' lang='lat' dir='ltr'><strong>liberam.</strong></span> <span class='ocrx_word' id='word_1_808' title='bbox 2519 4831 2670 4886; x_wconf 84' lang='lat' dir='ltr'><strong>Tunc</strong></span> <span class='ocrx_word' id='word_1_809' title='bbox 2698 4834 2856 4886; x_wconf 91' lang='lat' dir='ltr'><strong>homo</strong></span> <span class='ocrx_word' id='word_1_810' title='bbox 2882 4847 3046 4900; x_wconf 89' lang='lat' dir='ltr'><strong>quam</strong></span> <span class='ocrx_word' id='word_1_811' title='bbox 3081 4830 3238 4898; x_wconf 86' lang='lat' dir='ltr'><strong>longe</strong></span> <span class='ocrx_word' id='word_1_812' title='bbox 3266 4829 3336 4883; x_wconf 88' lang='lat' dir='ltr'><strong>sit</strong></span> <span class='ocrx_word' id='word_1_813' title='bbox 3361 4842 3390 4880; x_wconf 91' lang='lat' dir='ltr'><strong>a</strong></span> <span class='ocrx_word' id='word_1_814' title='bbox 3416 4828 3546 4890; x_wconf 93' lang='lat' dir='ltr'><strong>Deo,</strong></span> 
     </span>
    </p>
   </div>
   <div class='ocr_carea' id='block_1_108' title="bbox 1977 4915 3550 4992">
    <p class='ocr_par' dir='ltr' id='par_1_108' title="bbox 1977 4915 3550 4992">
     <span class='ocr_line' id='line_1_109' title="bbox 1977 4915 3550 4992; baseline -0.002 -17"><span class='ocrx_word' id='word_1_815' title='bbox 1977 4919 2134 4976; x_wconf 80' lang='lat' dir='ltr'><strong>facile</strong></span> <span class='ocrx_word' id='word_1_816' title='bbox 2185 4922 2454 4992; x_wconf 86' lang='lat' dir='ltr'><strong>intelligit.</strong></span> <span class='ocrx_word' id='word_1_817' title='bbox 2504 4915 2582 4978; x_wconf 81' lang='lat' dir='ltr'><strong>Ad</strong></span> <span class='ocrx_word' id='word_1_818' title='bbox 2632 4924 2744 4978; x_wconf 67' lang='lat' dir='ltr'><strong>haec</strong></span> <span class='ocrx_word' id='word_1_819' title='bbox 2794 4925 3047 4978; x_wconf 84' lang='lat' dir='ltr'><strong>virtutum</strong></span> <span class='ocrx_word' id='word_1_820' title='bbox 3092 4930 3409 4975; x_wconf 85' lang='lat' dir='ltr'><strong>ornamenta</strong></span> <span class='ocrx_word' id='word_1_821' title='bbox 3460 4919 3550 4988; x_wconf 88' lang='lat' dir='ltr'><strong>qui</strong></span> 
     </span>
    </p>
   </div>
   <div class='ocr_carea' id='block_1_109' title="bbox 1977 5013 3550 5084">
    <p class='ocr_par' dir='ltr' id='par_1_109' title="bbox 1977 5013 3550 5084">
     <span class='ocr_line' id='line_1_110' title="bbox 1977 5013 3550 5084; baseline -0.002 -17"><span class='ocrx_word' id='word_1_822' title='bbox 1977 5014 2126 5082; x_wconf 88' lang='lat' dir='ltr'><strong>cupit</strong></span> <span class='ocrx_word' id='word_1_823' title='bbox 2161 5017 2440 5078; x_wconf 86' lang='lat' dir='ltr'><strong>accedere,</strong></span> <span class='ocrx_word' id='word_1_824' title='bbox 2473 5017 2760 5070; x_wconf 89' lang='lat' dir='ltr'><strong>humanam</strong></span> <span class='ocrx_word' id='word_1_825' title='bbox 2793 5031 3008 5071; x_wconf 88' lang='lat' dir='ltr'><strong>omnem</strong></span> <span class='ocrx_word' id='word_1_826' title='bbox 3037 5015 3258 5084; x_wconf 83' lang='lat' dir='ltr'><strong>abjiciat</strong></span> <span class='ocrx_word' id='word_1_827' title='bbox 3295 5013 3550 5068; x_wconf 87' lang='lat' dir='ltr'><strong>sollicitu-</strong></span> 
     </span>
    </p>
   </div>
   <div class='ocr_carea' id='block_1_110' title="bbox 1977 5105 3551 5177">
    <p class='ocr_par' dir='ltr' id='par_1_110' title="bbox 1977 5105 3551 5177">
     <span class='ocr_line' id='line_1_111' title="bbox 1977 5105 3551 5177; baseline 0.001 -19"><span class='ocrx_word' id='word_1_828' title='bbox 1977 5105 2180 5172; x_wconf 81' lang='lat' dir='ltr'><strong>dinem,</strong></span> <span class='ocrx_word' id='word_1_829' title='bbox 2209 5117 2262 5160; x_wconf 90' lang='lat' dir='ltr'><strong>et</strong></span> <span class='ocrx_word' id='word_1_830' title='bbox 2293 5121 2350 5160; x_wconf 88' lang='lat' dir='ltr'><strong>se</strong></span> <span class='ocrx_word' id='word_1_831' title='bbox 2377 5108 2550 5174; x_wconf 89' lang='lat' dir='ltr'><strong>ipsum</strong></span> <span class='ocrx_word' id='word_1_832' title='bbox 2580 5110 2645 5162; x_wconf 90' lang='lat' dir='ltr'><strong>ad</strong></span> <span class='ocrx_word' id='word_1_833' title='bbox 2676 5110 2900 5162; x_wconf 87' lang='lat' dir='ltr'><strong>mortem</strong></span> <span class='ocrx_word' id='word_1_834' title='bbox 2931 5114 3201 5177; x_wconf 61' lang='lat' dir='ltr'><strong>praeparet</strong></span> <span class='ocrx_word' id='word_1_835' title='bbox 3221 5122 3237 5172; x_wconf 89' lang='lat'><strong>;</strong></span> <span class='ocrx_word' id='word_1_836' title='bbox 3260 5114 3316 5160; x_wconf 91' lang='lat' dir='ltr'><strong>et</strong></span> <span class='ocrx_word' id='word_1_837' title='bbox 3343 5105 3551 5174; x_wconf 86' lang='lat' dir='ltr'><strong>quoties</strong></span> 
     </span>
    </p>
   </div>
   <div class='ocr_carea' id='block_1_111' title="bbox 1977 5196 3550 5270">
    <p class='ocr_par' dir='ltr' id='par_1_111' title="bbox 1977 5196 3550 5270">
     <span class='ocr_line' id='line_1_112' title="bbox 1977 5196 3550 5270; baseline -0.001 -19"><span class='ocrx_word' id='word_1_838' title='bbox 1977 5208 2119 5260; x_wconf 90' lang='lat' dir='ltr'><strong>orat,</strong></span> <span class='ocrx_word' id='word_1_839' title='bbox 2145 5199 2448 5255; x_wconf 78' lang='lat' dir='ltr'><strong>consideret</strong></span> <span class='ocrx_word' id='word_1_840' title='bbox 2480 5201 2607 5268; x_wconf 89' lang='lat' dir='ltr'><strong>quid</strong></span> <span class='ocrx_word' id='word_1_841' title='bbox 2636 5201 2705 5255; x_wconf 90' lang='lat' dir='ltr'><strong>sit</strong></span> <span class='ocrx_word' id='word_1_842' title='bbox 2738 5202 2879 5270; x_wconf 89' lang='lat' dir='ltr'><strong>quod</strong></span> <span class='ocrx_word' id='word_1_843' title='bbox 2911 5209 3119 5268; x_wconf 80' lang='lat' dir='ltr'><strong>separet</strong></span> <span class='ocrx_word' id='word_1_844' title='bbox 3157 5199 3330 5267; x_wconf 90' lang='lat' dir='ltr'><strong>ipsum</strong></span> <span class='ocrx_word' id='word_1_845' title='bbox 3364 5213 3392 5250; x_wconf 88' lang='lat' dir='ltr'><strong>a</strong></span> <span class='ocrx_word' id='word_1_846' title='bbox 3423 5196 3550 5258; x_wconf 90' lang='lat' dir='ltr'><strong>Dco,</strong></span> 
     </span>
    </p>
   </div>
   <div class='ocr_carea' id='block_1_112' title="bbox 1976 5291 3549 5361">
    <p class='ocr_par' dir='ltr' id='par_1_112' title="bbox 1976 5291 3549 5361">
     <span class='ocr_line' id='line_1_113' title="bbox 1976 5291 3549 5361; baseline -0.003 -17"><span class='ocrx_word' id='word_1_847' title='bbox 1976 5300 2138 5361; x_wconf 85' lang='lat' dir='ltr'><strong>atque</strong></span> <span class='ocrx_word' id='word_1_848' title='bbox 2188 5291 2316 5346; x_wconf 90' lang='lat' dir='ltr'><strong>illud</strong></span> <span class='ocrx_word' id='word_1_849' title='bbox 2365 5292 2526 5358; x_wconf 76' lang='lat' dir='ltr'><strong>vitet,</strong></span> <span class='ocrx_word' id='word_1_850' title='bbox 2567 5304 2622 5347; x_wconf 90' lang='lat' dir='ltr'><strong>et</strong></span> <span class='ocrx_word' id='word_1_851' title='bbox 2667 5293 2923 5346; x_wconf 85' lang='lat' dir='ltr'><strong>mundum</strong></span> <span class='ocrx_word' id='word_1_852' title='bbox 2977 5292 3152 5345; x_wconf 84' lang='lat' dir='ltr'><strong>oderit</strong></span> <span class='ocrx_word' id='word_1_853' title='bbox 3203 5291 3549 5352; x_wconf 87' lang='lat' dir='ltr'><strong>universum;</strong></span> 
     </span>
    </p>
   </div>
   <div class='ocr_carea' id='block_1_113' title="bbox 1975 5381 3550 5456">
    <p class='ocr_par' dir='ltr' id='par_1_113' title="bbox 1975 5381 3550 5456">
     <span class='ocr_line' id='line_1_114' title="bbox 1975 5381 3550 5456; baseline -0.003 -18"><span class='ocrx_word' id='word_1_854' title='bbox 1975 5395 2023 5438; x_wconf 86' lang='lat' dir='ltr'><strong>ct</strong></span> <span class='ocrx_word' id='word_1_855' title='bbox 2079 5382 2168 5438; x_wconf 81' lang='lat' dir='ltr'><strong>Dei</strong></span> <span class='ocrx_word' id='word_1_856' title='bbox 2204 5384 2505 5456; x_wconf 89' lang='lat' dir='ltr'><strong>benignitas</strong></span> <span class='ocrx_word' id='word_1_857' title='bbox 2556 5401 2778 5440; x_wconf 87' lang='lat' dir='ltr'><strong>munera</strong></span> <span class='ocrx_word' id='word_1_858' title='bbox 2816 5386 2928 5440; x_wconf 64' lang='lat' dir='ltr'><strong>hinc</strong></span> <span class='ocrx_word' id='word_1_859' title='bbox 2977 5384 3050 5439; x_wconf 91' lang='lat' dir='ltr'><strong>illi</strong></span> <span class='ocrx_word' id='word_1_860' title='bbox 3086 5383 3267 5438; x_wconf 90' lang='lat' dir='ltr'><strong>omnia</strong></span> <span class='ocrx_word' id='word_1_861' title='bbox 3304 5381 3550 5437; x_wconf 82' lang='lat' dir='ltr'><strong>celeriter</strong></span> 
     </span>
    </p>
   </div>
   <div class='ocr_carea' id='block_1_114' title="bbox 1986 5684 3551 5819">
    <p class='ocr_par' dir='ltr' id='par_1_114' title="bbox 1986 5684 3551 5819">
     <span class='ocr_line' id='line_1_115' title="bbox 1986 5684 3551 5819; baseline -0.003 -73"><span class='ocrx_word' id='word_1_862' title='bbox 1986 5763 2019 5819; x_wconf 48' lang='grc' dir='ltr'><strong>ι)</strong></span> <span class='ocrx_word' id='word_1_863' title='bbox 2059 5693 2100 5765; x_wconf 66' lang='grc' dir='ltr'><strong>(Ι</strong></span> <span class='ocrx_word' id='word_1_864' title='bbox 2121 5693 2166 5760; x_wconf 89' lang='lat' dir='ltr'><strong>I)</strong></span> <span class='ocrx_word' id='word_1_865' title='bbox 2201 5693 2256 5750; x_wconf 83' lang='lat' dir='ltr'><strong>Si</strong></span> <span class='ocrx_word' id='word_1_866' title='bbox 2287 5693 2492 5765; x_wconf 73' lang='lat' dir='ltr'><strong>[etaiam</strong></span> <span class='ocrx_word' id='word_1_867' title='bbox 2523 5695 2620 5748; x_wconf 81' lang='lat' dir='ltr'><strong>rol.</strong></span> <span class='ocrx_word' id='word_1_868' title='bbox 2654 5693 2773 5748; x_wconf 69' lang='lat' dir='ltr'><strong>llxc</strong></span> <span class='ocrx_word' id='word_1_869' title='bbox 2803 5693 2926 5750; x_wconf 78' lang='lat' dir='ltr'><strong>item</strong></span> <span class='ocrx_word' id='word_1_870' title='bbox 2958 5691 3143 5746; x_wconf 72' lang='lat' dir='ltr'><strong>(Irmce</strong></span> <span class='ocrx_word' id='word_1_871' title='bbox 3173 5688 3366 5744; x_wconf 83' lang='lat' dir='ltr'><strong>ibidem</strong></span> <span class='ocrx_word' id='word_1_872' title='bbox 3397 5684 3551 5743; x_wconf 64' lang='lat' dir='ltr'><strong>cabi-</strong></span> 
     </span>
     <span class='ocr_line' id='line_1_116' title="bbox 2025 5777 2197 5818; baseline 0 0"><span class='ocrx_word' id='word_1_873' title='bbox 2025 5777 2197 5818; x_wconf 75' lang='lat' dir='ltr'><strong>culur.</strong></span> 
     </span>
    </p>
   </div>
   <div class='ocr_carea' id='block_1_115' title="bbox 2025 5777 2197 5818">
    <p class='ocr_par' dir='ltr' id='par_1_115' title="bbox 2025 5777 2197 5818">
     <span class='ocr_line' id='line_1_117' title="bbox 2025 5777 2197 5818; baseline 0 0"><span class='ocrx_word' id='word_1_874' title='bbox 2025 5777 2197 5818; x_wconf 75' lang='lat' dir='ltr'><strong>culur.</strong></span> 
     </span>
    </p>
   </div>
  </div>
