3862 6386
293 328 429 388 HM

1413 312 1685 370 PATRES
1718 309 2020 370 IEGYPTII
2059 307 2327 367 SECULI
2359 307 2456 393 IV.

3417 299 3584 355 ιι-ες

290 443 575 514 largietur.
606 439 689 495 Ad
724 453 786 494 ea
814 451 946 493 vero
979 449 1159 502 nemo,
1185 432 1318 489 mihi
1359 432 1552 499 crede,
1583 430 1866 502 aspirabit,
1898 435 1945 491 Α
1971 429 2196 484 servabit
2225 443 2241 480 :
2280 435 2328 480 et
2367 440 2466 494 ego
2501 432 2548 478 et
2602 421 2760 474 Pater
2802 420 3106 483 veniemus,-
3129 427 3177 472 et
3227 415 3578 469 mansionem

293 537 396 606 qui
433 535 556 590 vino
585 533 834 601 cibisque
883 527 1146 598 indulget,
1195 535 1252 582 et
1295 540 1482 583 eorum
1515 539 1636 593 qua:
1682 523 1866 578 mundi

295 635 442 690 sunt,
482 624 684 696 aliquid
713 631 894 688 amat,
931 620 1024 677 sed
1073 633 1133 675 se
1183 619 1357 687 ipsum
1409 617 1630 686 decipit.
1664 615 1868 682 Quam-

301 719 479 772 obrem
505 729 692 771 omnes
731 714 996 779 homines,
1031 712 1120 782 qui
1152 711 1318 767 Deum
1351 710 1451 767 sibi
1479 724 1574 780 per
1603 709 1866 780 paeniten-

298 812 426 864 tiam
453 807 742 865 conciliare
761 805 1005 876 cupiunt,
1036 805 1242 867 hortor,
1261 814 1319 859 ut
1343 818 1372 857 a
1398 803 1524 858 vino
1547 810 1870 871 temperent.

298 898 491 953 Vinum
531 898 674 954 enim
710 904 934 952 renovat
961 894 1141 949 omnia
1179 894 1332 962 vitia,
1379 902 1429 949 et
1459 895 1527 948 ab
1557 893 1735 948 anima
1775 883 1870 947 Dei

297 993 548 1044 timorem
582 986 822 1056 expellit.
858 986 1023 1040 Deum
1058 999 1150 1041 ora
1180 985 1307 1040 totis
1337 983 1544 1040 viribus
1574 983 1681 1038 tuis
1717 983 1870 1037 timo-

296 1096 409 1135 rem
444 1081 538 1134 tibi
572 1079 856 1150 largiatur,
886 1093 996 1149 quo
1026 1078 1201 1148 possis
1229 1077 1410 1133 omnia
1440 1077 1570 1132 vitia
1613 1075 1868 1130 miseram

297 1171 527 1226 animam
568 1181 734 1236 tuam,
771 1179 830 1228 ttt
861 1185 981 1226 eam
1021 1170 1075 1224 in
1117 1169 1430 1225 servitutem
1462 1167 1727 1235 redigant,
1769 1181 1870 1234 op-

296 1263 582 1334 pugnantia
639 1276 916 1332 superare.
966 1260 1249 1330 Nunquam
1298 1259 1464 1330 igitur
1506 1272 1685 1314 cesses
1733 1257 1868 1328 (12),

296 1352 490 1419 frater,
521 1355 646 1408 dum
683 1369 742 1409 es
772 1354 825 1407 in
856 1366 1106 1424 corpore,
1129 1366 1304 1421 neque
1336 1349 1430 1406 tibi
1474 1350 1577 1420 ipsi
1609 1350 1868 1416 conﬁdas,

296 1447 540 1514 quamvis
569 1446 834 1500 interdum
869 1451 922 1499 te
949 1444 1154 1500 sentias
1198 1458 1228 1498 a
1275 1443 1768 1514 perturbationibus
1803 1443 1870 1498 Ii-

295 1537 506 1590 berum.
541 1535 734 1591 Ilostes
763 1536 907 1591 enim
942 1551 1040 1591 nos
1069 1535 1138 1592 ad
1182 1545 1392 1603 tempus
1419 1535 1672 1590 desinunt
1700 1550 1872 1604 oppu-

296 1643 485 1697 gnare,
515 1637 573 1682 ut
594 1627 826 1682 studium
855 1627 1220 1693 remittamus,
1248 1641 1354 1698 quo
1382 1641 1480 1682 nos
1503 1627 1873 1698 imprudentes

297 1719 624 1784 adoriantur,
658 1729 712 1773 et
755 1719 1024 1774 infelicem
1067 1719 1304 1773 animam
1351 1728 1589 1773 nostram
1615 1727 1869 1788 tanquam

297 1821 568 1874 passerem
616 1805 857 1874 rapiant,
889 1817 944 1861 et
985 1807 1036 1861 in
1085 1808 1320 1877 peccatis
1357 1807 1698 1876 gravioribus
1731 1809 1874 1865 deti-

297 1907 478 1961 neant,
509 1913 668 1966 quam
700 1909 852 1953 erant
883 1899 971 1954 illa
1005 1915 1033 1954 a
1061 1900 1255 1970 quibus
1288 1912 1344 1953 ut
1367 1900 1691 1967 solveretur,
1714 1911 1872 1958 antea

297 1992 640 2059 precabatur.

368 2081 458 2137 IX.
503 2081 813 2140 Mane-amns
843 2083 1006 2155 igitur
1047 2084 1101 2139 in
1154 2085 1348 2141 timore
1389 2085 1504 2154 Dei,
1548 2095 1604 2142 et
1650 2087 1874 2143 virtutes

298 2189 488 2230 omnes
533 2190 652 2244 qtae
692 2175 929 2231 hostiutn
965 2176 1224 2232 malitiam
1257 2177 1536 2244 cohibent,
1584 2181 1874 2250 amplecta-

297 2282 436 2321 mur.
475 2265 710 2323 Virtutes
744 2269 887 2324 enim
933 2284 1037 2326 non
1081 2269 1254 2324 solum
1296 2285 1326 2324 a
1365 2271 1514 2327 vitiis
1552 2287 1652 2328 nos
1698 2273 1874 2327 vindi-

295 2368 454 2421 cant,
492 2357 585 2414 sed
617 2360 810 2414 anima:
836 2376 1092 2416 coronam
1125 2373 1349 2432 parant,
1381 2374 1669 2434 antequam
1697 2379 1727 2420 c
1752 2378 1870 2418 cor-

296 2463 424 2516 pure
445 2449 707 2506 discedat.
738 2449 992 2523 Magister
1013 2461 1198 2508 noster
1223 2451 1334 2525 (t3)
1359 2462 1580 2509 sanctus
1611 2453 1871 2508 Dotninns

294 2537 453 2593 vaus
481 2541 712 2595 hostium
745 2552 1054 2599 nostrorum
1087 2543 1296 2613 cognita
1331 2543 1669 2610 crudelitate,
1699 2554 1749 2597 et
1774 2559 1867 2613 ge-

295 2645 396 2684 nus
432 2632 723 2688 humanum
752 2635 1162 2690 commiseratus
1191 2654 1204 2689 :
1245 2635 1488 2706 Vigilate,
1521 2636 1715 2707 inquit,
1748 2638 1871 2709 quia

295 2724 498 2779 nescitis
532 2742 635 2795 qna
683 2725 810 2780 hora
839 2727 930 2797 [ur
963 2737 1206 2782 venturus
1232 2729 1297 2782 sit
1321 2727 1390 2795 ⁸³,
1429 2742 1495 2783 ne
1529 2726 1668 2782 forte
1694 2730 1872 2783 veniat

295 2828 536 2886 repente,
563 2827 615 2873 et
635 2819 867 2874 inveniat
900 2835 991 2874 vos
1022 2821 1371 2878 dormientes.
1408 2820 1748 2890 Rursumque
1772 2820 1869 2876 do-

295 2923 421 2962 cens
456 2925 581 2966 suos
619 2928 632 2966 :
671 2909 868 2979 Videte,
901 2914 1096 2984 inquit,
1125 2929 1186 2968 ne
1207 2924 1490 2984 graventur
1517 2913 1676 2967 corda
1704 2920 1872 2968 vestra

294 3006 509 3070 crapula
547 3015 596 3060 et
626 3006 894 3071 ebrietate,
939 3015 990 3063 et
1043 3009 1488 3065 sollicitudinibus
1526 3010 1682 3080 hujus
1729 3011 1868 3080 vita',

1973 520 2116 588 apud
2162 534 2280 573 eum
2321 516 2573 584 faciemus
2604 513 2671 566 “.
2712 509 2829 566 Jam
2866 521 2925 564 ut
2956 509 3141 564 mundi
3178 517 3443 562 terrorem
3490 507 3579 558 ab

1973 610 2076 666 illis
2099 616 2374 666 excuteret
2398 625 2411 661 :
2433 605 2496 659 In
2524 604 2737 667 mundo,
2763 601 2957 670 inquit,
2983 599 3313 670 aﬂiictionein
3346 595 3578 648 habebi—

1974 703 2070 766 tis;
2101 702 2190 755 sed
2229 697 2496 767 conﬁdite,
2530 711 2622 766 ego
2645 694 2742 748 vici
2770 693 3023 748 mundum
3047 691 3115 745 ".
3143 689 3250 745 Eos
3278 704 3408 743 vero
3436 702 3578 738 cor-

1973 794 2262 855 roborans,
2303 806 2371 845 ne
2399 789 2451 842 itt
2491 788 2654 842 rebus
2683 785 2927 840 adversis
2963 783 3204 838 animum
3241 778 3571 847 desponde-

1972 892 2112 945 rent,
2157 892 2209 936 et
2236 882 2397 935 corda
2427 893 2614 934 eorum
2656 876 2838 932 laetitia
2873 872 3202 946 perfundens
3243 891 3256 928 :
3307 871 3430 935 Vos,
3473 872 3580 924 ita-

1972 975 2107 1044 quit,
2140 973 2286 1040 estis,
2315 973 2405 1043 qui
2439 970 2802 1038 permansistis
2838 984 3037 1022 mecum
3078 968 3132 1020 in
3174 965 3571 1019 tentationibus

1973 1069 2118 1123 meis.
2156 1065 2220 1120 Et
2249 1083 2340 1136 ego
2377 1067 2596 1134 dispono
2625 1061 2788 1127 vobis,
2819 1061 2956 1116 sicut
2999 1058 3158 1113 Pater
3188 1075 3336 1112 meus
3376 1057 3572 1126 dispo—

1971 1161 2074 1215 suit
2131 1159 2259 1212 mihi
2311 1174 2567 1226 regnum,
2621 1164 2677 1209 ut
2717 1154 2886 1209 edatis
2940 1160 2991 1206 et
3039 1153 3224 1205 bibatis
3273 1151 3330 1204 in
3373 1166 3570 1203 mensa

1973 1273 2086 1310 mea
2112 1255 2180 1310 ⁸⁸.
2241 1252 2365 1309 llaec
2412 1263 2594 1308 autem
2644 1268 2748 1306 tton
2800 1251 3054 1304 omnibus
3106 1246 3264 1312 dixit,
3303 1247 3399 1302 sed
3451 1245 3574 1300 illis

1972 1349 2065 1417 qtti
2096 1361 2277 1402 secum
2305 1350 2718 1414 permanserant
2742 1342 2795 1396 in
2821 1339 3280 1396 tribulationibus.
3316 1339 3565 1406 Quinam

1973 1436 2050 1492 illi
2081 1445 2230 1500 sunt,
2270 1435 2360 1505 qui
2405 1449 2524 1489 cum
2555 1431 2680 1489 Jesu
2712 1440 3124 1502 permanserant
3151 1431 3204 1485 in
3241 1431 3565 1485 tribulatio-

1975 1529 2136 1584 nibus
2159 1569 2176 1595 ,
2205 1527 2306 1583 nisi
2337 1528 2427 1596 qui
2467 1533 2780 1582 constantes
2812 1533 2938 1580 sunt
2966 1524 3017 1578 in
3050 1523 3195 1578 vitiis
3223 1522 3570 1578 insectandis

1932 1693 1938 1699 _
1975 1625 2149 1678 donec
2177 1637 2239 1678 ea
2268 1620 2633 1678 absciderint?
2663 1619 2756 1676 Sic
2783 1629 2961 1674 autem
2999 1618 3120 1673 illos
3155 1617 3562 1688 alloquebatur,

1975 1729 2097 1769 cunt
2131 1721 2274 1768 esset
2303 1711 2370 1767 ad
2414 1723 2630 1767 crucem
2669 1710 3030 1781 profecturus.
3063 1708 3429 1777 Quamobrem
3467 1707 3563 1774 qui

1903 1776 1946 1832 Β
1978 1807 2090 1861 vult
2121 1805 2284 1862 edere
2304 1813 2360 1859 et
2391 1803 2576 1859 bibere
2599 1776 2874 1858 invmensa
2904 1776 3138 1865 Domini,
3168 1817 3274 1855 una
3303 1815 3432 1855 cum
3465 1799 3566 1853 illo

1974 1913 2189 1956 crucem
2241 1899 2593 1956 conscendat.
2639 1893 2786 1951 Crux
2822 1895 2965 1951 enim
3012 1894 3138 1952 Jesu
3178 1905 3263 1948 est
3309 1895 3562 1950 omnium

1974 1991 2351 2062 cupiditatum,
2381 1991 2556 2046 donec
2586 2005 2681 2045 eas
2708 1988 2994 2055 deleveris,
3028 1989 3336 2044 insectatio.

2045 2081 2140 2139 XI.
2174 2081 2360 2152 Itaque
2401 2082 2592 2138 beatus
2619 2079 2911 2150 Apostolus
2947 2079 3038 2149 qui
3073 2094 3166 2134 eas
3197 2078 3560 2141 contriverat,

1973 2173 2206 2228 audebat
2244 2171 2465 2227 dicere:
2496 2169 2628 2227 Cum
2665 2169 2874 2226 Christo
2917 2169 3200 2236 cruciﬁxus
3234 2184 3376 2222 sunt.
3431 2166 3560 2221 I’iro

1972 2275 2170 2334 autem,
2196 2267 2313 2336 jam
2350 2281 2452 2320 non
2487 2281 2580 2336 ego
2603 2279 2622 2318 :
2655 2264 2780 2319 vivit
2821 2272 2994 2318 autent
3022 2263 3076 2316 in
3107 2278 3187 2317 me
3218 2261 3464 2316 Christus
3486 2261 3557 2317 ”.

1971 2362 2031 2417 In
2076 2363 2184 2418 illis
2235 2361 2397 2431 igitur
2442 2358 2534 2429 qui
2579 2356 2903 2426 cupiditates
2945 2356 3362 2417 destruxerunt,
3423 2352 3560 2412 vivit

1972 2455 2238 2511 Christus.
2286 2453 2467 2519 Quare
2512 2449 2650 2506 Iilios
2708 2464 2835 2506 suos
2865 2448 3152 2519 Apostolus
3185 2447 3554 2503 commonefa-

1972 2546 2122 2602 ciens
2153 2561 2168 2599 :
2195 2543 2298 2610 Qui
2335 2542 2534 2597 Christi
2562 2540 2693 2599 Jesu
2717 2550 2856 2607 sunt,
2882 2541 3075 2612 inquit,
3101 2557 3313 2596 carnem
3343 2539 3554 2609 cruciﬁ-

1971 2646 2156 2693 xerunt
2179 2651 2297 2690 cum
2321 2635 2456 2690 vitiis
2481 2643 2530 2690 et
2557 2634 2990 2705 concupiscentiis
3017 2634 3055 2689 ¹.
3087 2633 3346 2690 Scribcns
3373 2644 3554 2688 autem

1973 2734 2040 2788 ad
2072 2729 2416 2786 Timotheum
2454 2730 2620 2785 lilium
2663 2745 2822 2786 suum
2854 2748 2867 2786 :
2907 2728 2987 2796 Si,
3020 2730 3215 2806 inquit,
3242 2727 3556 2784 commortui

1971 2841 2150 2880 sumus
2166 2863 2182 2890 ,
2205 2835 2253 2880 et
2293 2824 2654 2883 convivemus:
2683 2824 2727 2877 si
2751 2825 3069 2879 sustinemus
3093 2864 3108 2888 ,
3135 2832 3186 2878 et
3210 2821 3556 2892 conregnabi-

1974 2935 2087 2974 ntus
2107 2936 2128 2986 ;
2149 2919 2197 2973 si
2223 2918 2582 2990 negaverimus
2601 2957 2618 2982 ,
2661 2926 2710 2970 et
2739 2915 2827 2971 ille
2863 2916 3064 2986 negabit
3103 2933 3194 2970 nos
3217 2919 3259 2969 ’.
3296 2915 3428 2982 Quis
3455 2930 3556 2966 au-

1975 3018 2080 3064 tem
2139 3017 2302 3080 negat
2353 3007 2526 3073 illum,
2586 3007 2690 3063 nisi
2743 3007 2834 3077 qui
2868 3007 3194 3062 voluntatem
3232 3021 3386 3060 suam
3423 3005 3558 3059 facit

295 3104 345 3148 et
375 3108 576 3163 repente
605 3099 930 3166 superveniat
964 3100 1104 3155 vobis
1127 3102 1256 3155 hora
1280 3103 1347 3157 θ’,
1383 3100 1516 3157 Cum
1554 3103 1679 3159 item
1707 3104 1871 3162 sciret
1897 3123 1952 3182 α
1975 3101 2270 3160 secundum
2326 3115 2590 3166 carnem,
2623 3101 2823 3169 quique
2880 3097 3206 3156 contumelia
3241 3096 3404 3151 allicit
3431 3111 3554 3150 san-

297 3187 452 3240 nohis
479 3201 602 3241 esse
643 3187 897 3245 fortiores
925 3190 1268 3247 adversarios
1294 3201 1535 3259 nostros,
1564 3203 1622 3248 ttt
1649 3196 1871 3252 doceret

295 3294 416 3344 nos,
445 3279 513 3333 ab
543 3280 658 3350 ipso
693 3280 797 3335 vim
831 3281 1122 3351 proficisci,
1153 3297 1257 3352 qua
1296 3285 1490 3341 muniti
1525 3301 1620 3342 eos
1652 3288 1874 3344 minime

296 3373 608 3429 timeremus
636 3392 650 3430 :
677 3372 810 3430 Ecce
831 3391 924 3447 ego
942 3392 1055 3442 vos,
1093 3376 1300 3447 inquit,
1331 3378 1478 3433 mitto
1506 3385 1642 3435 sicut
1673 3398 1790 3436 oves
1818 3382 1874 3436 in

294 3465 466 3518 medio
501 3466 739 3536 luporum
771 3467 840 3531 ⁸⁸,
884 3478 938 3524 et
967 3471 1220 3539 praecepit
1264 3471 1342 3525 eis
1366 3511 1380 3536 ,
1411 3481 1469 3526 ut
1501 3473 1632 3527 nihil
1659 3475 1873 3543 accipe-

295 3564 416 3611 reut
450 3557 502 3611 in
540 3559 624 3612 via
655 3560 720 3613 ".
764 3559 897 3614 Cum
931 3561 1074 3616 enim
1124 3562 1256 3617 nihil
1296 3562 1544 3632 luporum
1576 3564 1834 3620 baberent
1856 3605 1872 3631 ,

298 3661 404 3701 non
446 3656 694 3717 poterant
721 3665 814 3705 eos
857 3650 966 3720 lupi
995 3651 1276 3709 devorare.
1312 3652 1484 3710 Porro
1508 3668 1630 3709 cum
1662 3653 1869 3710 incolu-

295 3755 413 3796 mes
437 3743 723 3798 observato
753 3745 1006 3800 mandato
1029 3745 1146 3815 ejus
1175 3747 1544 3814 revertissent,
1573 3748 1876 3818 gratulatus

295 3845 380 3890 est
411 3837 512 3902 eis,
548 3837 747 3907 gratias
775 3853 942 3908 agens
969 3832 1077 3895 Deo
1105 3849 1160 3897 et
1195 3840 1340 3895 Patri
1373 3857 1471 3912 pro
1498 3843 1648 3914 ipsis.
1679 3844 1757 3899 Et.
1778 3860 1876 3900 cor

294 3941 479 3982 eorum
521 3929 850 3986 conﬁrmans
888 3931 1100 3986 dicebat
1136 3932 1280 3988 illis:
1325 3930 1576 3988 Videbunt
1613 3933 1872 3991 Satanam

296 4027 544 4087 tanquam
586 4018 766 4088 [ulgur
818 4040 843 4074 e
887 4020 1014 4074 cazlo
1060 4023 1349 4076 cadentem.
1393 4021 1526 4077 Ecce
1563 4025 1684 4079 dedi
1731 4027 1874 4081 vobis

295 4118 602 4178 potestatem
641 4109 882 4164 calcandi
909 4127 1066 4180 super
1095 4123 1354 4178 serpentes
1385 4125 1431 4168 et
1470 4115 1766 4183 scorpiones
1786 4157 1800 4182 ,
1825 4129 1874 4172 et

299 4201 429 4255 nihil
469 4203 607 4257 vobis
636 4203 834 4257 nocebit
866 4204 932 4258 ⁸⁸.
962 4205 1144 4260 Missio
1174 4207 1262 4260 illa
1301 4207 1400 4261 fuit
1443 4222 1566 4262 cum
1601 4209 1792 4265 timore
1821 4219 1877 4266 et

297 4295 690 4352 observatione.
727 4295 833 4352 Sed
862 4313 984 4352 cum
1027 4299 1241 4369 expleto
1277 4303 1528 4356 mandato
1554 4303 1758 4358 reversi
1786 4319 1874 4359 es-

297 4398 443 4454 sent,
493 4391 640 4444 dedit
677 4389 759 4446 eis
796 4399 1118 4462 potestatem
1155 4403 1320 4462 atque
1362 4394 1765 4450 auctoritatem.

1978 3205 2127 3250 ctum
2187 3192 2498 3263 baptisma?
2553 3191 2683 3247 Nam
2736 3207 2830 3261 per
2875 3200 3120 3246 sanctum
3177 3204 3368 3244 nomen
3425 3189 3546 3258 (ejus

1974 3287 2099 3342 data
2143 3285 2297 3340 nobis
2325 3293 2407 3339 est
2429 3283 2674 3340 remissio
2695 3280 3138 3354 peccatorum.At
3169 3281 3338 3336 hostis
3368 3293 3551 3337 uoster

1975 3395 2072 3438 nos
2128 3393 2343 3436 rursum
2387 3388 2613 3449 peccato
2654 3391 2750 3447 per
2790 3375 3041 3429 invidiam
3097 3373 3407 3429 obstrinxit.
3440 3375 3549 3426 Cn-

1970 3473 2060 3545 jus
2112 3472 2374 3527 malitiam
2435 3485 2558 3526 cum
2605 3469 2673 3523 ab
2701 3467 2855 3524 initto
2892 3466 3151 3522 Dominus
3182 3473 3364 3518 noster
3390 3461 3556 3517 Jcsus

1973 3566 2224 3621 Christus
2257 3579 2361 3620 non
2409 3556 2652 3635 ignoret,
2683 3560 3012 3632 panitentise
3043 3559 3202 3613 nobis
3241 3559 3442 3612 donum
3483 3559 3552 3610 ad

1974 3669 2280 3712 extremum
2315 3671 2486 3726 usque
2511 3655 2759 3727 spiritum
2795 3652 3080 3710 concessit.
3113 3649 3222 3705 Nisi
3266 3652 3411 3704 enim
3453 3649 3554 3703 hac

1975 3751 2308 3819 putttitentia:
2370 3763 2564 3804 munus
2616 3754 2798 3811 esset,
2849 3758 3008 3800 nemo
3065 3745 3178 3799 fere
3227 3743 3548 3798 salvatelur.

1975 3843 2210 3899 Proinde
2239 3856 2359 3896 cum
2387 3841 2548 3895 sciret
2583 3839 2870 3908 Apostolus
2901 3853 3004 3894 non
3037 3838 3255 3902 deesse,
3297 3837 3386 3908 qui
3422 3852 3547 3904 pec-

1974 3943 2104 3989 cent
2145 3933 2308 3988 etiam
2344 3939 2464 4000 post
2508 3929 2772 3998 baptisma
2805 3946 2818 3982 :
2858 3929 2964 3994 Qui
3006 3928 3304 3997 furabatur,
3354 3926 3548 3997 inquit,

1968 4027 2085 4096 jam
2117 4041 2220 4079 non
2248 4025 2457 4094 {aretur
2491 4023 2533 4078 ⁸.
2567 4023 2698 4076 Dum
2726 4020 2885 4090 igitur
2911 4019 3144 4090 Spiritus
3161 4021 3330 4075 sancti
3361 4021 3541 4089 signa-

1976 4119 2155 4173 culum
2183 4117 2468 4183 habemus,
2498 4115 2712 4171 abolere
2741 4120 2960 4185 peccata
2993 4122 3178 4168 nostra
3207 4113 3542 4178 studeamus,

1979 4220 2036 4264 ut
2087 4209 2515 4265 misericordiam
2561 4207 2898 4264 inveniamus
2937 4206 2989 4261 in
3031 4206 3118 4262 die
3154 4205 3240 4260 illa
3273 4220 3396 4275 qua
3428 4207 3540 4275 jam

1978 4303 2393 4374 appropinquat.
2433 4302 2558 4358 (lito
2588 4302 2731 4358 enim
2767 4300 2942 4355 aderit
2973 4299 3227 4354 Dominus
3268 4300 3453 4354 sedens
3494 4301 3546 4352 in

1978 4397 2110 4450 satis
2155 4394 2451 4462 majestatis
2487 4408 2621 4460 sum,
2669 4402 2714 4448 et
2755 4391 3207 4463 congregabuntur
3238 4407 3414 4442 coram
3457 4391 3557 4443 illo.

366 4479 432 4533 Χ.
479 4479 603 4536 Ilrec
657 4497 762 4538 non
814 4483 880 4538 ad
927 4499 1020 4539 eos
1068 4483 1244 4540 solum
1302 4485 1605 4554 pertinent,
1662 4489 1756 4542 sed
1806 4487 1872 4542 ad
1905 4486 1949 4542 D
1977 4503 2151 4542 omnes
2184 4487 2350 4541 tribus
2385 4485 2437 4551 ⁵·;
2478 4494 2533 4541 et
2561 4485 2929 4555 unusquisque
2956 4499 3018 4538 ex
3057 4484 3269 4554 propria
3302 4483 3548 4552 lampade

294 4587 482 4628 omnes
513 4576 602 4643 qui
642 4574 894 4630 mandata
925 4576 1043 4646 ejus
1069 4578 1380 4632 observant.
1423 4576 1557 4632 Cum
1596 4578 1740 4632 enim
1777 4594 1873 4636 eos

295 4663 538 4733 diligeret
563 4667 830 4722 charitate
864 4668 1102 4736 perlecta
1139 4686 1152 4722 :
1189 4669 1273 4723 Ne
1302 4670 1508 4736 timeas,
1550 4670 1746 4740 inquit,
1781 4689 1873 4739 pn-

295 4754 410 4808 sille
433 4771 578 4823 great,
607 4758 733 4825 quia
754 4758 1066 4825 complacuit
1097 4757 1247 4812 Patri
1273 4769 1441 4813 vestro
1472 4761 1606 4814 dare.
1629 4763 1766 4815 vobis
1792 4778 1872 4815 re-

293 4863 471 4915 gnum.
514 4847 726 4902 Vendite
749 4865 866 4916 qua!
899 4849 1199 4918 possidetis,
1229 4859 1276 4903 et
1307 4849 1428 4903 date
1456 4851 1872 4919 elcetnosynam;

292 4947 342 4992 et
375 4939 629 4992 habebitis
657 4940 893 4994 sacculos
925 4942 1013 5005 qui
1052 4957 1155 4994 non
1193 4950 1535 5006 velerascunt,
1567 4943 1872 4996 thesaurum

296 5046 398 5086 non
439 5033 756 5101 deﬁcientem
802 5034 857 5085 in
898 5032 1041 5087 caelis
1079 5033 1145 5086 “.
1178 5032 1312 5087 Cum
1361 5042 1537 5087 autem
1571 5044 1624 5086 et
1666 5049 1866 5090 sermo-

297 5139 418 5178 nem
451 5126 591 5180 hunc
617 5135 960 5189 servassent,
995 5126 1132 5181 dixit
1160 5127 1241 5180 eis
1282 5144 1295 5180 :
1344 5125 1540 5180 Pacem
1589 5143 1756 5180 meam
1803 5128 1872 5182 do

295 5216 455 5280 vobis,
485 5233 664 5284 pacem
693 5233 860 5271 nteant
892 5218 1127 5287 relinquo
1159 5218 1300 5274 vobis
1329 5219 1398 5274 ⁸⁵.
1436 5219 1500 5273 Ει
1530 5235 1746 5274 rursum
1779 5235 1873 5276 eos

295 5307 590 5364 cohortaris
623 5328 635 5363 :
672 5307 776 5374 Qui
822 5307 996 5378 diligit
1045 5325 1158 5374 me,
1214 5309 1410 5380 inquit,
1465 5311 1716 5364 mandata
1752 5328 1866 5365 mea

383 5467 430 5500 ἠ
470 5467 657 5524 Matth.
687 5484 836 5531 xxw,
879 5470 968 5533 42,
1009 5471 1097 5525 43.
1173 5472 1219 5503 ὀ
1269 5469 1402 5526 Luc.
1447 5487 1562 5532 XXI,
1597 5472 1686 5525 51.

1785 5473 1828 5506 οι
1875 5471 2061 5527 Matth.
2106 5490 2158 5537 κ,
2195 5473 2277 5529 16.

1981 4594 2141 4648 quam
2175 4578 2225 4631 itt
2274 4592 2434 4631 manu
2467 4577 2692 4642 tenebit,
2739 4575 3118 4630 illustrabitur.
3167 4574 3314 4642 Quod
3352 4576 3396 4628 si
3427 4575 3547 4644 quis

1973 4670 2151 4726 oleum
2191 4685 2298 4725 non
2340 4670 2612 4735 habuerit,
2660 4671 2867 4738 lampas
2905 4669 3024 4737 eius
3065 4668 3463 4737 exstinguetur,
3495 4678 3549 4722 et

1975 4762 2028 4817 in
2074 4764 2326 4817 tenebras
2357 4763 2674 4830 conjicietur
2706 4779 2719 4814 :
2748 4764 2839 4831 qui
2880 4761 3178 4831 lampadem
3215 4758 3549 4828 Splendidam

1973 4865 2026 4908 et
2055 4854 2331 4908 ardentem
2360 4853 2630 4918 habuerit,
2659 4853 2710 4906 iu
2741 4867 2961 4924 regnum
2995 4851 3343 4920 ingredietur.

2046 4941 2154 4997 XII.
2199 4941 2397 4998 Demus
2444 4943 2608 5013 igitur
2635 4958 2854 5013 operam
2877 4983 2893 5006 ,
2940 4944 3170 5001 fratres,
3208 4947 3265 4992 ut
3292 4951 3418 4992 vasa
3453 4953 3545 4993 no-

1980 5043 2090 5089 stra
2132 5036 2236 5090 sint
2291 5035 2410 5090 oleo
2458 5034 2612 5104 plena
2637 5077 2652 5102 ,
2703 5036 2942 5106 quanditt
2978 5050 3165 5090 sumus
3201 5031 3253 5085 in
3285 5049 3542 5102 corpore,

1980 5144 2087 5199 quo
2121 5129 2322 5199 lampas
2358 5140 2537 5183 nostra
2573 5129 2725 5185 nobis
2766 5129 2818 5182 itt
2860 5143 3078 5197 regnum
3123 5127 3548 5198 ingredientibus

1981 5221 2289 5289 praeluceat.
2315 5221 2578 5277 Przcclara
2607 5223 2812 5290 lampas
2836 5230 2998 5290 atque
3021 5221 3245 5276 illuStris
3265 5230 3348 5275 est
3373 5221 3542 5273 anima

1983 5323 2186 5367 sancta.
2227 5313 2417 5365 Anima
2466 5312 2608 5366 enim
2655 5313 2808 5368 bonis
2839 5314 3091 5383 operibus
3140 5312 3451 5380 splendens,
3497 5312 3544 5363 in

2389 5477 2434 5508 θ’
2480 5474 2610 5528 Luc.
2654 5491 2730 5539 tx,
2773 5474 2828 5528 3.
2937 5473 2983 5506 ⁸³
3037 5472 3165 5527 Luc.
3210 5489 3264 5537 κ,
3310 5471 3398 5532 l8,
3458 5469 3538 5524 19.

293 5537 499 5611 ftian.
545 5539 764 5611 κιιηὸἳ,
805 5541 895 5595 55.
972 5543 1018 5574 ’⁸
1056 5541 1213 5596 Juan.
1251 5558 1358 5605 XIV,
1385 5542 1476 5595 27.
1553 5542 1599 5574 ⁸⁸
1630 5542 1758 5596 ihitl.
1794 5543 1862 5596 εδ

1984 5545 1999 5574 ⁷
2040 5543 2195 5598 .Inan.
2238 5561 2344 5611 xvt,
2386 5547 2474 5600 55.
2550 5545 2597 5578 ⁸⁸
2640 5537 2768 5600 an.
2813 5559 2946 5606 xxu,
2985 5544 3173 5598 28—30.
3252 5543 3299 5575 ⁹⁹
3331 5540 3452 5596 Gal.
3484 5555 3539 5602 tt,

298 5608 387 5670 19.
416 5610 506 5663 9.0.
585 5611 597 5640 ’
640 5610 755 5665 Gal.
800 5627 851 5674 ν,
891 5611 982 5669 ii.
1072 5615 1091 5643 ¹
1135 5613 1175 5665 ιι
1214 5613 1352 5667 'l‘iut.
1399 5629 1463 5680 tt,
1511 5612 1591 5677 ll,
1643 5613 1727 5666 l2.

366 5727 477 5795 (l2)
520 5727 797 5799 Nunquam
837 5730 949 5799 igit.
993 5730 1175 5783 Greca
1211 5729 1246 5783 Ι.
1292 5747 1341 5783 r.
1371 5747 1485 5798 cap.
1523 5729 1607 5783 10.

1808 5615 1829 5644 ⁸
1873 5615 2067 5684 Epltes.
2113 5632 2183 5680 tv,
2236 5615 2323 5671 ‘28.
2403 5617 2421 5648 δ
2465 5615 2662 5675 Matth.
2708 5630 2833 5680 xxv,
2873 5615 2962 5680 51,
3006 5615 3093 5669 5‘2.

367 5799 476 5856 (15)
518 5798 768 5861 Magister
826 5798 1022 5868 noster,
1063 5814 1166 5857 etc.
1204 5801 1326 5856 llmc
1379 5801 1517 5857 infra
1575 5800 1760 5857 (ἒς-ιιιοο
1808 5815 1921 5870 cap.
1968 5799 2052 5855 io’.
