3862 6340
239 328 390 384 1153

1243 339 1247 345 ’
1342 323 1398 380 S.
1441 321 1646 381 ISAIAE
1687 321 1977 382 ABBATIS
2014 325 2428 384 ORATIONES.

3389 336 3530 396 1154

236 460 476 514 regnum
514 441 788 506 introibit;
827 443 1006 498 anima
1058 455 1192 497 vero
1242 442 1446 496 malitia
1487 443 1834 514 coinquinata
1867 453 1912 509 Α
1947 455 2058 510 tuo,
2099 454 2277 500 tamen
2313 447 2478 502 corda
2527 448 2790 503 scrutanti
2824 449 3025 506 audeas
3057 449 3238 506 dicere
3270 453 3284 505 :'
3311 451 3530 511 Dimitte

237 540 294 596 in
351 538 610 595 tenebras
657 537 920 592 discedet.
985 534 1221 607 Vigilate
1269 535 1456 606 igitur,
1516 535 1745 602 fratres,
1778 547 1834 594 et

236 631 402 686 bouis
425 629 683 699 operibus
715 628 1042 692 incumbite,
1080 626 1335 696 quoniam
1385 635 1599 697 tempus
1635 644 1831 698 appro-

235 723 490 794 pinquat.
523 720 724 774 Beatus
753 719 842 790 qui
898 729 1120 773 strenue
1155 734 1214 772 se
1253 717 1416 788 gerit.
1462 717 1670 773 Matura
1718 718 1831 788 jam

237 829 401 885 seges
448 823 568 878 est,
613 822 667 867 et
725 813 918 867 messis
967 813 1142 865 adest.
1196 809 1394 866 Beatus
1450 810 1542 881 qui
1596 809 1832 866 fructum

238 922 402 962 suum
440 906 722 970 servavit,
775 904 903 974 quia
948 903 1168 958 venient
1200 901 1399 973 angeli,
1433 909 1488 958 et
1539 907 1832 960 recondent

237 998 396 1055 illum
435 999 488 1052 in
536 999 733 1053 horreo
777 1006 1003 1053 aeterno.
1046 996 1133 1053 Va:
1167 996 1275 1052 illis
1306 997 1398 1066 qui
1435 998 1643 1052 zizania
1676 1007 1830 1063 sunt,

237 1094 500 1166 quoniam
550 1092 690 1164 ignis
716 1107 812 1148 eos
854 1093 1069 1146 manet!
1110 1090 1410 1146 lIaareditas
1445 1091 1601 1160 hujus
1649 1085 1832 1147 mundi

236 1197 325 1244 est
353 1202 572 1252 aurum,
604 1195 660 1242 et
685 1193 992 1257 argentum,
1024 1193 1080 1240 et
1111 1184 1336 1251 domus,
1366 1193 1422 1240 et
1455 1186 1784 1240 vestimenta
1814 1205 1828 1242 :

237 1299 364 1354 qua:
399 1282 622 1354 quidem
657 1282 840 1338 omnia
879 1281 1088 1352 peccati
1123 1280 1412 1337 materiam
1446 1281 1729 1352 praebent;
1779 1290 1833 1336 et

241 1386 427 1430 tamen
474 1373 602 1430 hinc
653 1372 998 1428 discedentes
1042 1386 1106 1427 ea
1145 1372 1524 1443 relinquimus.
1561 1372 1654 1426 Dei
1704 1386 1832 1427 vero

240 1465 540 1522 bzereditas
567 1475 653 1522 est
699 1466 996 1532 immensa,
1034 1481 1198 1535 quam
1234 1482 1396 1531 neque
1435 1466 1620 1520 oculus
1661 1467 1828 1530 vidit,

241 1576 410 1629 neque
449 1559 596 1614 auris
645 1558 868 1624 audivit,
917 1574 1080 1629 neque
1119 1573 1211 1612 cor
1247 1557 1476 1612 hominis
1517 1558 1833 1628 cogitatione

239 1653 631 1722 comprehendit
663 1653 706 1706 ⁸.
743 1652 922 1722 Atque
954 1652 1094 1707 hanc
1120 1649 1384 1719 elargitur
1415 1649 1480 1704 iis
1509 1649 1600 1719 qui
1638 1651 1833 1721 exiguo

241 1747 346 1800 hoc
372 1753 618 1815 tempore
649 1745 920 1798 mandatis
953 1743 1068 1797 suis
1110 1742 1507 1812 obtemperant.
1547 1741 1698 1796 llane
1730 1757 1830 1813 pro

1938 538 2068 594 mihi
2112 550 2336 607 peccata
2387 555 2528 595 mea.
2577 539 2678 607 Qui
2717 543 2840 599 talis
2864 553 2982 611 est,
3019 559 3124 598 non
3159 553 3281 601 orat
3324 557 3524 612 mente,

1935 632 2030 685 sed
2085 629 2245 686 labiis
2288 646 2408 684 ctum
2463 631 2790 701 ignorantia.
2841 632 2942 700 Qui
3005 635 3150 689 enim
3197 633 3250 688 in
3299 638 3530 694 veritate

1935 735 2096 776 orare
2134 723 2246 775 vult
2279 721 2444 776 Deum
2483 723 2536 777 in
2581 723 2788 792 Spiritu
2836 736 3028 780 sancto
3072 735 3128 780 et
3161 728 3327 782 corde
3357 743 3527 798 puro,

1935 816 2172 886 animum
2221 832 2378 872 suum
2446 818 2722 887 explorat,
2768 828 3062 889 antequam
3120 820 3188 874 ad
3257 823 3524 879 orandum

1934 910 2192 975 accedat,
2249 921 2430 965 utrmn
2476 911 2586 967 odii
2639 911 2916 982 quidpiam
2970 914 3205 969 retineat
3257 915 3523 971 adversus

1937 1002 2200 1074 aliquem,
2233 1019 2300 1060 an
2327 1020 2458 1070 non,
2494 1020 2560 1060 ne
2589 1021 2648 1061 se
2678 1007 2851 1074 ipsum
2881 1005 3144 1077 decipiat,
3187 1022 3307 1062 cum
3343 1007 3529 1062 audiat

1935 1111 2120 1152 nemo.
2157 1096 2439 1166 Siquidem
2477 1112 2576 1152 nec
2613 1113 2766 1153 mens
2802 1097 2917 1168 ipsa
2949 1103 3108 1166 orat',
3145 1098 3248 1154 nisi
3291 1099 3524 1167 quodam

1934 1190 2346 1245 consuetudinis
2377 1190 2898 1246 instituto‘horarias
2924 1205 3116 1262 preces
3147 1191 3522 1260 persolvendi.

1933 1281 2295 1350 Quamobrem
2330 1283 2372 1338 si
2412 1299 2602 1354 puram
2642 1285 2725 1340 vis
2765 1285 3070 1340 orationem
3107 1282 3306 1339 oﬂerre
3329 1326 3344 1351 ,
3377 1283 3528 1354 prius

1934 1384 2126 1429 excute
2175 1385 2405 1430 mentem
2456 1385 2638 1440 tttam,
2683 1386 2848 1447 atque
2892 1376 2967 1433 ita
3019 1377 3327 1442 constitue,
3372 1386 3431 1432 ut
3478 1379 3527 1433 si

1935 1467 2138 1524 dixeris
2181 1485 2196 1524 :
2249 1467 2507 1526 Miserere
2547 1471 2686 1536 mei,
2725 1471 2840 1540 ipse
2886 1486 3102 1541 quoque
3145 1472 3420 1542 precantis
3473 1479 3529 1527 te

1935 1561 2266 1616 miserearis.
2307 1561 2364 1617 Si
2397 1563 2646 1619 dixeris:
2693 1564 2914 1635 Ignosce
2963 1567 3129 1632 mihi,
3166 1575 3219 1620 ιιι
3266 1566 3392 1620 item
3426 1565 3528 1620 ini-

1933 1653 2090 1708 micis
2133 1653 2384 1722 ignoscas
2427 1654 2552 1708 tuis.
2601 1654 2660 1710 Si
2707 1655 2913 1712 dixeris
2962 1675 2975 1711 :
3021 1655 3096 1710 Ne
3148 1657 3522 1713 reminiscaris

1935 1743 2126 1798 delicta
2161 1761 2278 1800 mea
2305 1787 2319 1812 ,
2354 1763 2451 1801 nee
2486 1756 2538 1801 tu
2584 1747 2816 1818 proximi
2856 1749 2928 1804 tui
2968 1749 3164 1806 delicta
3189 1749 3517 1806 recorderis.

239 1851 386 1909 pane
419 1845 472 1891 et
488 1811 650 1908 vaqua
680 1846 734 1892 et
768 1835 1114 1892 vestimentis
1139 1849 1260 1904 quae
1293 1811 1619 1904 pauperibus
1651 1811 1828 1906 largiti
1864 1811 1904 1867 Β
1939 1834 1994 1890 Si
2026 1837 2267 1891 dixeris:
2305 1838 2382 1893 Ne
2430 1811 2748 1897 memineris
2790 1853 3172 1913 peccatorum,
3204 1843 3404 1912 quibus
3440 1857 3527 1899 me

240 1929 543 1990 fuerimus,
575 1942 676 1998 pro
719 1925 1058 1998 humanitate
1080 1966 1095 1991 ,
1125 1938 1223 1995 pro
1258 1924 1506 1995 corporis
1540 1925 1791 1980 castitate
1814 1965 1829 1988 ,

238 2037 342 2092 pro
369 2019 553 2076 cordis
580 1997 910 2074 innocentia
938 1997 996 2073 ei
1023 2017 1245 2088 reliquis
1273 2019 1563 2075 virtutibus
1593 2020 1828 2089 accipie-

243 2129 385 2167 Inus.
419 2111 567 2180 Quas
601 2112 818 2182 quidem
857 2111 1086 2166 virtutes
1118 2111 1209 2182 qui
1245 2111 1463 2175 colunt,
1505 2121 1560 2168 et
1588 2113 1828 2184 quietem

240 2207 526 2262 inveniunt
566 2205 618 2260 in
656 2208 757 2260 hoc
796 2203 1024 2269 saeculo,
1061 2211 1116 2259 et
1155 2203 1210 2257 in
1245 2203 1452 2258 honore
1506 2217 1567 2258 ac
1605 2218 1836 2257 venera-

242 2301 396 2356 tione
422 2309 549 2355 sunt
574 2297 714 2368 apud
743 2297 1023 2364 homines;
1060 2305 1116 2352 et
1150 2311 1274 2352 cum
1307 2310 1338 2350 e
1371 2309 1598 2366 corpore
1642 2298 1833 2351 deces-

240 2394 451 2458 serint,
485 2393 741 2463 gaudium
776 2391 1076 2464 percipient
1107 2389 1518 2461 sempiternum.
1569 2388 1670 2456 Qui
1704 2405 1832 2445 vero

238 2483 634 2558 cupiditatibus
701 2483 982 2556 indulgent
1049 2483 1203 2550 suis,
1279 2497 1380 2538 nec
1450 2481 1832 2554 paenitentiam

240 2586 435 2650 agunt,
472 2577 567 2632 sed
597 2576 874 2646 voluptate
903 2575 1235 2640 detinentur,
1266 2585 1318 2629 et
1345 2574 1619 2644 opinionis
1646 2588 1833 2630 errore

241 2669 456 2740 decepti
499 2669 722 2724 delicias
771 2676 1131 2738 aucupantur,
1181 2677 1237 2723 et
1282 2667 1411 2722 vitia
1450 2667 1822 2738 complectun-

244 2773 358 2829 tur,
401 2775 502 2817 nec
548 2760 643 2815 Dei
691 2759 952 2831 judicium
1013 2757 1416 2825 reformidant,
1471 2757 1832 2828 crudelesque

244 2863 377 2910 sunt
404 2863 568 2924 atque
602 2851 884 2907 inhumani
909 2851 1170 2907 adversus
1199 2865 1492 2922 pauperes,
1525 2861 1582 2906 et
1609 2851 1834 2921 reliquis

244 2960 373 3001 see
410 2942 651 3014 peccatis
691 2941 1041 3014 obstringunt
1084 2948 1246 3011 atque
1274 2938 1693 2996 contaminant:
1742 2939 1833 2994 isti

243 3051 373 3090 cum
405 3035 456 3088 in
484 3035 587 3090 hoc
616 3032 814 3088 saeculo
839 3031 1263 3100 confundentur,
1287 3029 1636 3101 despectique
1666 3039 1832 3101 atque

244 3127 410 3184 invisi
441 3135 603 3182 erunt
635 3125 778 3196 apud
817 3125 1096 3192 homines,
1131 3134 1242 3179 tum
1274 3139 1442 3193 vero,
1468 3139 1591 3181 cum
1629 3140 1696 3182 ex
1729 3127 1835 3183 hoc

245 3220 452 3278 mundo
499 3218 892 3291 migraverint,
927 3219 1160 3273 dedecus
1201 3231 1295 3272 eos
1323 3225 1379 3272 et
1428 3217 1723 3288 ignominia
1777 3219 1829 3273 in

245 3314 553 3385 gehennam
592 3319 978 3381 consequetur.
1017 3310 1205 3366 Potest
1236 3318 1418 3366 autem
1467 3310 1608 3366 Deus
1640 3310 1836 3383 dignos

247 3422 348 3461 nos
379 3403 592 3472 facere,
628 3403 720 3474 qui
757 3403 809 3457 in
849 3401 1104 3472 operibus
1133 3400 1252 3474 ejus
1286 3401 1636 3473 proficiamus
1667 3402 1836 3458 absti-

248 3512 585 3570 neamusque
609 3498 676 3552 ab
699 3495 846 3553 omni
869 3511 1032 3566 opere
1060 3496 1224 3562 malo,
1247 3505 1307 3550 ut
1329 3497 1535 3552 servari
1565 3496 1836 3567 possimus

247 3593 304 3650 in
335 3603 582 3664 tempore
610 3589 944 3655 teutationis,
967 3603 1087 3658 qua:
1117 3597 1346 3644 ventura
1377 3597 1462 3644 est
1488 3603 1652 3660 super
1681 3603 1838 3644 mun-

248 3687 378 3742 dum
409 3684 746 3740 universum.
773 3681 960 3753 Neque
982 3683 1128 3738 enim
1160 3681 1340 3737 tardat
1368 3681 1628 3737 Dominus
1651 3690 1838 3736 uester

245 3775 410 3834 Jesus
439 3775 712 3842 Christus,
747 3775 841 3830 sed
891 3774 1070 3830 veniet
1114 3787 1300 3830 secum
1343 3773 1567 3843 praemia
1611 3771 1830 3838 ferens;

246 3881 415 3940 atque
450 3869 644 3938 impios
671 3867 890 3938 quidem
919 3867 1094 3922 mittet
1118 3867 1169 3921 in
1203 3865 1382 3936 ignem
1410 3878 1700 3940 aeternum,
1732 3865 1836 3935 piis

247 3938 432 4020 autem
465 3963 770 4018 mercedem
803 3961 1036 4026 tribuet,
1067 3969 1123 4015 et
1151 3958 1527 4030 ingredientur
1558 3938 1681 4013 c'um
1720 3958 1836 4028 ipso

249 4058 303 4112 in
358 4069 582 4126 regnum
635 4052 892 4119 eteleste,
943 4052 1035 4108 ubi
1093 4049 1480 4120 conquiescent
1532 4050 1586 4104 in
1640 4048 1835 4105 saecula

247 4149 601 4208 saeculorum.
637 4148 833 4204 Amen.

797 4280 1058 4340 ORATIO
1097 4279 1284 4336 XVIII.

678 4398 755 4454 De
774 4397 1099 4467 injuriarum
1127 4395 1406 4450 oblivione.

1936 1927 2018 1981 vel
2051 1929 2232 1984 volens
2264 1931 2348 1988 vel
2373 1932 2576 1989 invitus
2601 1934 2894 2002 obstrinxi,
2922 1935 3036 2004 ipse
3058 1951 3300 2006 quoque,
3328 1935 3524 2007 quibus

1897 2081 1912 2097 I
1936 2021 2012 2076 sis
2040 2020 2265 2078 all‘ectus
2293 2025 2509 2094 injuriis
2538 2066 2552 2092 ,
2585 2027 2949 2086 obliviscaris.
2980 2027 3103 2084 [lzec
3129 2027 3230 2084 nisi
3262 2031 3529 2096 praestite-

1936 2114 2012 2168 ris
2033 2154 2047 2179 ,
2081 2114 2279 2170 frustra
2313 2119 2573 2188 precaris.
2617 2119 2804 2192 Neque
2831 2121 2975 2177 enim
3010 2130 3061 2176 te
3109 2123 3250 2177 Deus
3281 2123 3526 2189 exaudit,

1939 2215 1996 2261 ιιι
2042 2223 2234 2265 omnes
2281 2208 2580 2282 Scripturze
2613 2221 2904 2269 testantur.
2937 2211 3030 2268 Sic
3057 2215 3201 2268 enim
3251 2213 3303 2267 in
3345 2213 3524 2270 Evan-

1937 2299 2078 2368 gelio
2107 2298 2342 2357 Matthxi
2371 2301 2617 2372 praecipit
2655 2317 2816 2357 orare
2847 2321 2860 2357 :
2913 2301 2980 2356 Et
3015 2303 3220 2356 dimitte
3254 2303 3400 2358 nobis
3431 2303 3522 2358 de-

1937 2391 2046 2446 bita
2108 2404 2330 2460 nostra,
2389 2394 2526 2448 sicut
2587 2404 2634 2448 et
2687 2410 2783 2449 nos
2838 2393 3171 2448 dimittimus-
3205 2393 3525 2449 debitoribus

1936 2485 2154 2543 nostris.
2192 2483 2253 2539 Si
2287 2485 2426 2540 enim
2462 2485 2771 2540 dimiseritis
2820 2484 3118 2540 hominibus
3167 2496 3382 2555 peccata
3431 2499 3524 2540 eo-

1937 2593 2080 2641 rum,
2113 2577 2337 2647 dimittet
2377 2587 2430 2632 et
2475 2578 2616 2632 vobis
2651 2575 2817 2634 Pater
2854 2589 3022 2632 vester
3057 2577 3278 2632 ctelestis
3312 2588 3522 2641 peccata

1938 2680 2106 2724 vestra
2133 2669 2176 2722 ⁸.
2217 2671 2282 2725 Et
2305 2671 2358 2724 in
2386 2670 2680 2741 Evangelia
2717 2668 2912 2724 Litt-te:
2944 2669 3224 2735 Dimittite,
3250 2668 3446 2737 inquit,
3475 2679 3523 2722 et

1937 2761 2230 2816 dimittetur
2251 2765 2392 2818 vobis
2415 2764 2458 2816 ’.
2501 2761 2569 2817 Et
2589 2762 2714 2818 alibi
2742 2762 3032 2833 discipulos
3054 2762 3263 2832 precari
3289 2763 3521 2816 docens:

1939 2852 2006 2907 Et
2053 2854 2259 2909 dimitte
2291 2855 2439 2910 nobis
2485 2864 2702 2924 peccata
2740 2866 2954 2921 nostra,
3006 2854 3054 2908 si
3091 2853 3302 2926 quidem
3350 2864 3397 2908 et
3431 2869 3525 2909 nos

1936 2946 2251 3000 dimittimus
2277 2948 2420 3002 omni
2450 2947 2658 3001 debenti
2685 2947 2832 3001 nobis
2870 2946 2936 3001 ¹⁰.

2010 3036 2072 3092 Ι.
2109 3038 2301 3094 Totam
2348 3037 2637 3094 eharitatis
2667 3037 2776 3093 vim
2806 3037 3018 3095 ostendi
3059 3038 3194 3103 tibi,
3227 3049 3286 3093 ut
3313 3039 3453 3108 quod
3495 3052 3525 3092 a

1942 3131 2052 3186 Deo
2081 3131 2166 3186 vis
2209 3130 2307 3186 tibi
2354 3129 2508 3199 ﬁeri,
2545 3130 2599 3186 id
2629 3130 2781 3201 prior
2815 3131 2929 3200 ipse
2959 3129 3151 3186 facias.
3197 3129 3264 3186 Et
3303 3140 3434 3186 tunc
3461 3145 3524 3187 ea

1941 3237 2192 3278 mensura
2240 3236 2404 3290 quam
2469 3221 2784 3277 hominibus
2840 3221 3167 3286 exhibuisti,
3215 3222 3523 3278 libraheris.

1936 3314 2128 3370 Cordis
2149 3312 2491 3370 affectionem
2531 3313 2674 3370 Deus
2709 3313 2972 3380 intuetur,
3001 3329 3107 3370 non
3137 3313 3332 3384 liugu:e
3359 3313 3523 3368 verba

1940 3416 2170 3462 tantum.
2224 3407 2332 3462 Cor
2379 3407 2545 3477 igitur
2595 3415 2742 3460 tuum
2791 3407 2861 3460 ita
2909 3405 3174 3461 confirma
3225 3415 3281 3460 ut
3332 3419 3526 3462 omnes

1939 3498 2166 3567 injurias
2219 3499 2494 3555 oblivione
2543 3498 2725 3555 deleas
2790 3498 3130 3564 voluntaria;
3194 3498 3329 3553 nihil
3379 3499 3524 3554 enim

1937 3590 2213 3645 Voluntate
2263 3589 2636 3646 vehementius
2683 3597 2795 3655 est,
2843 3589 2960 3645 sive
3006 3589 3072 3643 ad
3128 3597 3355 3644 mortem
3409 3587 3529 3643 sive

1938 3685 2007 3744 ad
2060 3685 2228 3738 vitam
2290 3683 2534 3738 inclinet.
2593 3681 2742 3737 Beati
2802 3681 2967 3753 igitur
3020 3680 3110 3750 qui
3159 3679 3324 3735 vitam
3369 3689 3531 3735 teter-

1939 3793 2062 3834 nam
2098 3777 2363 3846 diligunt,
2397 3774 2523 3845 quia
2579 3790 2684 3830 non
2745 3771 3040 3831 offendent.
3095 3772 3150 3827 In
3185 3786 3300 3828 eam
3343 3787 3528 3827 curam

1937 3871 2086 3925 οιιιιιί
2139 3868 2323 3923 labore
2353 3877 2406 3924 et
2439 3867 2616 3922 studio
2647 3875 2732 3922 est
2776 3864 3193 3922 iucumbendum
3214 3903 3230 3928 ,
3261 3873 3320 3918 ut
3356 3878 3526 3932 Oppu-

1939 3971 2163 4034 gnantes
2192 3961 2465 4032 opprimas
2513 3959 2869 4030 cogitationes
2893 3999 2908 4023 ,
2938 3969 3224 4028 antequam
3261 3971 3353 4013 cor
3377 3969 3524 4010 tuum

1939 4057 2247 4112 vulnerent.
2304 4054 2358 4109 ld
2420 4067 2746 4124 assequere,
2802 4051 2846 4106 si
2905 4060 3122 4122 peccata
3174 4059 3263 4105 tua
3314 4063 3530 4121 semper

1939 4162 2066 4205 ante
2107 4149 2293 4204 oculos
2323 4147 2598 4203 habueris.
2647 4145 2758 4202 Iloc
2783 4145 2930 4201 enim
2962 4153 3120 4214 pacto
3148 4144 3190 4198 si
3231 4157 3393 4213 quam
3429 4143 3524 4196 tibi

1941 4245 2009 4298 ab
2035 4243 2216 4313 aliquo
2264 4239 2471 4296 illatam
2513 4239 2768 4310 injuriam
2812 4237 3177 4301 intellexeris,
3215 4234 3423 4289 facilius
3455 4248 3524 4288 ex

1940 4336 2125 4391 animo
2167 4343 2258 4389 tuo
2311 4331 2479 4403 pelles
2533 4346 2750 4385 omnem
2807 4329 3102 4407 ulciscendi
3147 4326 3524 4396 cupiditatem.
3621 4314 3636 4326 ⁸

1940 4426 2092 4494 Quod
2133 4425 2177 4480 si
2231 4423 2481 4494 proximo
2521 4431 2613 4476 tuo
2661 4421 2969 4492 perrexeris
3018 4417 3380 4483 succendere,
3431 4433 3528 4487 ge-

328 4519 365 4574 l.
413 4519 646 4576 Sanctus
679 4515 970 4585 Apostolus
1003 4512 1351 4584 praecipiebat
1381 4503 1504 4566 ﬁliis
1534 4509 1648 4567 suis
1678 4527 1692 4565 :
1731 4507 1834 4564 Do-

1951 4519 2145 4576 ltennaz
2175 4518 2336 4572 timor
2370 4515 2588 4570 invadet
2618 4524 2703 4581 te;
2741 4522 2798 4568 et
2829 4527 2950 4568 cum
2982 4511 3075 4567 tibi
3110 4510 3312 4582 ignosci
3343 4519 3530 4579 pestu-

251 4618 451 4682 minus,
488 4611 757 4682 inquiens,
788 4624 947 4680 prope
984 4619 1058 4663 est
1086 4623 1106 4662 :
1147 4605 1284 4661 nihil
1319 4605 1536 4660 solliciti
1563 4604 1681 4659 sitis
1707 4643 1723 4670 ,
1746 4605 1836 4659 sed

252 4712 311 4766 in
361 4708 504 4764 omni
556 4706 794 4760 oratione
833 4713 880 4758 et
929 4701 1325 4767 obsecratione,
1377 4715 1496 4753 cum
1541 4699 1835 4768 gratiarum

251 4804 460 4859 actione
516 4799 791 4870 petitiones
844 4806 1031 4853 vestra:
1074 4795 1401 4849 innotescunt
1456 4792 1597 4863 apud
1650 4790 1836 4845 Deum.

254 4897 327 4954 Et
363 4911 469 4966 pas:
495 4894 613 4962 Dei,
648 4907 767 4964 quae
803 4899 1016 4961 superat
1057 4904 1258 4945 omnem
1288 4903 1497 4942 sensum
1523 4925 1538 4950 ,
1581 4884 1843 4940 custodiat

254 4991 416 5047 corda
441 4997 610 5044 vestra
635 4997 681 5042 et
715 4985 1089 5056 intelligentias
1112 4993 1312 5038 vestras
1337 4982 1378 5035 ⁸.
1407 4979 1474 5033 Ει
1502 4978 1762 5034 Dominus
1790 4977 1842 5031 in

259 5081 552 5155 Evangelia
589 5099 604 5137 :
645 5078 941 5143 Dimittite,
979 5077 1194 5146 inquit,
1227 5075 1406 5129 omnia
1447 5084 1662 5144 peccata
1695 5071 1843 5127 debi-

255 5178 460 5234 toribus
484 5174 692 5240 uestris,
725 5181 786 5227 ut
823 5181 872 5226 et
904 5169 1046 5225 vobis
1075 5168 1306 5223 dimittat
1333 5164 1497 5220 Pater
1529 5176 1692 5221 vester
1723 5179 1842 5234 pec-

254 5279 378 5324 cata
418 5275 589 5322 vestra
617 5264 660 5318 '.
717 5263 951 5319 Verbum
1006 5259 1220 5315 Domini
1258 5257 1501 5314 terribile
1534 5271 1608 5313 ac
1653 5256 1846 5313 formio

255 5361 516 5416 dandum.
551 5356 665 5414 Nisi
702 5371 798 5414 cor
826 5367 975 5411 tuum
1012 5352 1219 5410 videris
1248 5369 1376 5422 erga
1407 5367 1599 5407 omnes
1623 5367 1842 5423 purum,

257 5467 391 5509 cave
417 5459 571 5524 petas
601 5450 803 5520 aliquid
831 5464 860 5503 a
897 5447 1025 5512 Deo,
1052 5462 1119 5502 ne
1153 5454 1210 5502 te
1244 5446 1420 5516 ipsum
1455 5443 1658 5501 aﬂicias
1686 5444 1843 5514 igno-

257 5547 462 5614 minis;
489 5545 582 5617 qui
613 5553 866 5616 peccator
891 5557 1013 5598 cum
1043 5541 1143 5608 sis,
1170 5549 1226 5597 et
1249 5553 1574 5596 succenseas
1594 5537 1845 5610 proximo

1945 4612 2164 4677 laveris,
2209 4611 2281 4665 ita
2309 4616 2608 4679 coarguet:
2658 4604 2849 4661 Infelix
2891 4619 2955 4659 ac
3006 4603 3172 4659 miser
3222 4603 3419 4668 homo,
3459 4601 3528 4656 ad

1947 4704 2095 4760 hunc
2127 4715 2296 4772 usque
2322 4701 2462 4754 diem
2497 4709 2550 4754 te
2573 4697 2716 4754 Deus
2745 4697 3016 4767 patienter
3043 4695 3398 4764 exspectavit,
3429 4708 3532 4750 nec

1943 4805 2162 4870 peccata
2183 4805 2269 4850 tua
2299 4792 2582 4865 patelecit;
2604 4801 2658 4846 et
2681 4788 2931 4861 tu'palam
2956 4787 3210 4844 irasceris
3237 4784 3392 4840 fratri
3417 4792 3530 4850 tuo,

1942 4901 1997 4949 et
2015 4899 2234 4962 peccata
2253 4887 2371 4958 ejus
2393 4885 2593 4943 acerbe
2613 4883 2981 4956 persequeris,
3001 4892 3055 4938 et
3080 4895 3268 4952 speras
3294 4888 3344 4935 te
3367 4893 3393 4932 a
3421 4878 3532 4939 Deo

1942 4986 2162 5041 veniam
2220 4979 2682 5053 impetraturum?
2739 4976 3006 5042 Falleris,
3055 4974 3190 5031 mihi
3245 4974 3430 5030 crede.
3471 4971 3528 5027 Si

1945 5079 2111 5151 igitur
2138 5093 2236 5134 cor
2279 5087 2428 5133 tuum
2470 5075 2602 5130 mite
2651 5071 2814 5128 fuerit
2855 5081 2912 5126 et
2944 5071 3102 5126 facile
3135 5067 3202 5124 ad
3250 5067 3534 5137 ignoscen-

1942 5173 2093 5236 dum,
2125 5170 2266 5240 apud
2300 5170 2466 5226 Deum
2500 5166 2928 5223 misericordiam
2973 5163 3256 5227 invenies;
3308 5159 3390 5214 sin
3425 5159 3528 5213 du-

1944 5277 2062 5317 rum
2090 5261 2351 5317 adversus
2391 5259 2696 5332 proximum
2737 5255 3009 5312 exstiterit
3050 5263 3107 5309 et
3140 5253 3529 5315 inbumanmn,

1944 5353 2086 5412 itttlla
2118 5355 2192 5409 tui
2235 5353 2522 5409 habebitur
2550 5351 2690 5407 ratio
2720 5351 2772 5405 in
2805 5355 3096 5418 conspectu
3145 5345 3260 5400 Dei.
3304 5344 3530 5413 ignosce

1945 5446 2095 5502 mibi.
2130 5446 2242 5518 Ego
2279 5446 2424 5501 enim
2464 5459 2669 5516 egenus
2709 5443 2868 5513 plane
2905 5455 3048 5504 sum,
3079 5445 3136 5494 et
3170 5441 3412 5508 peccatis
3438 5438 3531 5492 ob-

1945 5539 2188 5597 strictus.
2223 5537 2293 5594 Et
2330 5539 2446 5596 haec
2477 5538 2724 5596 scribens
2749 5533 3061 5593 confundor
3098 5530 3154 5588 in
3181 5529 3348 5588 corde
3388 5544 3536 5584 meo.

329 5704 354 5737 ⁸
391 5703 562 5775 ICor.
607 5716 671 5768 ιι,
698 5701 752 5757 9.
797 5701 851 5775 _‘
891 5700 1122 5775 Philipp.
1155 5715 1230 5758 tr.
1272 5698 1390 5756 5-7.
1465 5699 1486 5731 '
1526 5696 1716 5755 Matth.
1747 5715 1821 5767 νι,
1863 5697 1972 5762 ﬂ;
2010 5696 2169 5753 Marc.
2215 5713 2292 5763 xt,
2321 5696 2394 5751 25
2493 5695 2514 5727 ⁸
2542 5693 2732 5750 Matth.
2774 5707 2848 5761 vt,
2879 5691 3065 5748 12-11.
3141 5689 3163 5722 ⁹
3205 5686 3336 5742 Luc.
3383 5697 3466 5753 Vl,

260 5777 352 5834 37.
431 5775 475 5808 "
513 5772 646 5830 Luc.
677 5786 757 5841 ιι,
785 5771 841 5826 ι.
