3862 6340
1043 240 1057 270 \

356 308 492 365 1155

1454 296 1725 354 PATRES
1759 295 2060 350 ᾹεᾷϐἴΡἹίι
2099 294 2367 349 SALCUIJ
2402 294 2491 350 ιγ.

3456 299 3594 357 1156

357 427 471 484 Nisi
502 424 645 482 enim
674 425 835 480 homo
863 421 928 475 ad
957 418 1076 474 Filii
1106 417 1199 473 Dei
1248 425 1494 472 naturam
1529 426 1580 471 et
1611 411 1915 482 exemplum
1949 415 1994 470 Α
2021 411 2340 478 superveniet
2359 411 2410 464 in
2432 420 2500 475 te,
2525 419 2571 465 et
2593 410 2754 465 virtus
2777 410 3034 466 Altissimi
3050 414 3380 470 obumbravit
3404 419 3500 472 tibi
3524 419 3592 472 ¹⁶.

357 537 418 577 sc
465 516 858 588 composuerit,
910 515 1094 568 inanes
1141 505 1268 566 sunt
1304 525 1490 565 omnes
1528 508 1738 563 labores
1778 507 1917 574 ejus.

357 613 461 680 Qui
492 611 756 673 seminat’,
790 605 1135 674 multiplicem
1163 603 1396 657 fructum
1432 611 1746 670 exspectat;
1779 599 1920 669 quod

358 708 403 762 si
431 720 551 774 spes
582 715 704 756 emn
735 698 1002 765 lel‘ellerit,
1035 697 1178 752 dolet
1207 696 1348 766 quod
1371 694 1575 750 semina
1605 692 1923 761 laboresque

359 794 668 868 perdiderit.

428 886 516 942 lll.
554 885 744 940 Petrus
781 880 1053 950 apostolus
1083 894 1203 935 cum
1237 879 1422 932 Romae
1452 884 1595 932 esset
1629 873 1924 943 aﬁigendus

361 978 537 1045 cruci,
572 975 750 1031 oravit
779 983 840 1028 ut
873 973 1050 1039 capite
1081 970 1316 1026 demisso
1349 965 1780 1035 suspenderetur.
1809 963 1924 1031 Quo

359 1067 574 1139 quidem
610 1063 886 1136 mysterio,
910 1076 1030 1130 qua:
1059 1068 1263 1112 natura:
1291 1055 1565 1112 contraria
1589 1064 1732 1118 sunt,
1762 1063 1921 1122 atque

364 1159 565 1214 homini
606 1155 968 1214 dominantur,
1020 1151 1288 1203 indicavit.
1345 1147 1600 1216 Quisquis
1639 1147 1782 1200 enim
1823 1146 1921 1200 ba-

363 1251 593 1320 ptizatus
631 1255 744 1308 est,
778 1246 934 1300 debet
978 1242 1156 1297 omnia
1188 1250 1391 1293 natura:
1425 1238 1724 1327 rationique
1765 1253 1923 1308 rcpu-

363 1339 614 1410 gnantia,
670 1338 862 1406 quibus
913 1343 1196 1402 superatus
1234 1340 1315 1385 est
1347 1329 1520 1384 Adam
1555 1338 1606 1384 et
1656 1345 1722 1383 ex
1757 1329 1924 1398 gloria

365 1430 419 1483 in
488 1427 834 1497 ignominiam
884 1435 1252 1491 aeternumque
1299 1421 1532 1476 dedecus
1578 1421 1924 1484 deturbatus,

364 1519 695 1588 cruciﬁgere.
726 1515 876 1572 Forti
910 1515 1070 1585 igitur
1099 1513 1278 1567 animo
1307 1511 1647 1582 pugnandum
1678 1520 1795 1578 est,
1828 1511 1925 1566 de-

364 1609 752 1680 spiciendaque
801 1604 982 1661 omnia
1029 1619 1148 1674 qua:
1207 1605 1347 1672 apud
1404 1603 1651 1658 homines
1699 1609 1822 1658 sunt
1873 1602 1926 1657 in

365 1700 559 1771 pretio.
597 1696 720 1752 time
752 1695 894 1750 enim
933 1704 1059 1751 sunt
1085 1694 1197 1757 illa,
1241 1708 1358 1763 quae
1402 1693 1542 1747 ﬁlios
1572 1692 1740 1747 Adam
1780 1690 1926 1747 redi-

365 1799 495 1858 gunt
523 1789 574 1843 in
604 1787 915 1842 servitutem
946 1801 960 1839 :
1005 1798 1194 1853 nempe
1222 1781 1454 1853 lucrum,
1483 1782 1676 1849 honor,
1718 1781 1923 1850 otium,

365 1880 552 1951 gloria,
592 1878 832 1948 corporis
871 1875 1245 1947 pulchritudo,
1281 1883 1334 1930 et
1371 1883 1564 1930 cactera
1606 1875 1692 1930 his
1729 1874 1925 1930 similia

366 1987 485 2041 quae
518 1971 759 2024 nutriunt
797 1969 1153 2034 voluptatem,
1198 1983 1358 2037 quam
1392 1967 1555 2022 draco
1605 1966 1655 2020 in
1701 1982 1761 2022 os
1806 1965 1928 2022 Eva:

365 2062 616 2133 conjecit.
651 2060 1009 2128 Quamobrem
1047 2076 1144 2116 nos
1174 2075 1388 2130 quoque
1427 2075 1492 2114 ex
1531 2059 1688 2115 malis
1724 2059 1928 2129 cogita-

366 2154 600 2208 tionibus
635 2166 752 2222 qua:
792 2167 888 2206 nos
923 2152 1015 2206 Dei
1057 2152 1240 2206 hostes
1283 2153 1636 2217 constituunt,
1681 2149 1927 2218 agnosci-

366 2258 484 2297 mus
521 2257 618 2298 nos
660 2255 778 2297 esse
808 2241 947 2297 ﬁlios
977 2242 1170 2296 Adam.
1210 2240 1405 2296 Beatus
1439 2241 1529 2311 qui
1560 2255 1683 2296 cum
1714 2239 1930 2295 Christo

364 2335 652 2390 cruciﬁxus
695 2344 812 2411 est,
859 2345 914 2390 et
970 2343 1251 2404 mortuus,
1297 2343 1352 2389 et
1411 2333 1686 2404 sepultus,
1739 2342 1794 2388 et
1844 2347 1930 2387 re-

365 2427 598 2482 surrexit
642 2427 695 2481 in
732 2426 968 2481 novitate
1012 2427 1172 2493 vitre,
1222 2434 1278 2479 et
1316 2433 1500 2480 saneta
1546 2422 1674 2478 Jesu
1706 2421 1928 2492 vestigia

365 2520 646 2590 sequitur;
689 2519 779 2588 qui
824 2532 921 2588 pro
950 2519 1105 2573 nobis
1133 2518 1306 2573 factus
1329 2526 1414 2572 est
1455 2517 1638 2583 homo,
1672 2524 1729 2570 ut
1757 2514 1805 2570 ei
1836 2530 1931 2585 per

366 2609 764 2672 humilitatem,
799 2617 854 2663 et
884 2615 1256 2677 paupertatem
1280 2645 1295 2672 ,
1334 2616 1388 2662 et
1426 2606 1742 2676 injuriarum
1779 2606 1931 2674 igno-

368 2699 653 2769 miniaeque
680 2699 1016 2754 tolerantiam
1047 2697 1249 2753 similes
1281 2697 1595 2761 etiiciamur,
1627 2706 1681 2751 et
1718 2696 1782 2750 de
1807 2711 1930 2751 cor-

366 2805 496 2862 pore
523 2790 654 2843 nihil
687 2788 942 2854 solliciti,
974 2801 1147 2858 neque
1189 2788 1448 2843 malormn
1488 2786 1711 2840 insidias
1736 2785 1930 2849 veriti,

368 2897 552 2951 pacem
586 2897 707 2936 cum
734 2879 984 2936 omnibus
1011 2881 1326 2935 habeamus.
1359 2878 1483 2945 Qui,
1520 2880 1664 2934 vitiis
1687 2879 1929 2945 sublatis,

366 2975 481 3028 haec
516 2971 912 3041 complectitur,
944 2971 989 3024 is
1013 2985 1078 3024 ex
1107 2970 1326 3025 Christo
1352 2979 1453 3033 est,
1485 2980 1537 3024 et
1567 2969 1705 3024 ﬁlius
1738 2972 1849 3036 Dei,
1879 2980 1934 3024 ct

366 3063 534 3117 frater
555 3061 702 3118 Jesu.
736 3062 894 3116 Faxit
922 3061 1082 3127 Deus,
1117 3073 1173 3116 ut
1207 3078 1302 3118 nos
1331 3077 1520 3117 omnes
1546 3065 1713 3118 simus
1741 3063 1791 3116 in
1828 3079 1930 3117 nu-

364 3167 516 3208 mero
544 3153 835 3208 electorum
865 3153 982 3222 ejus
1005 3193 1019 3217 ,
1069 3166 1122 3209 et
1157 3155 1310 3208 bonis
1337 3155 1609 3222 potiantur
1641 3156 1923 3225 seinpiter-
1954 3179 1997 3237 ρ

366 3243 450 3296 nis
500 3242 553 3295 in
600 3242 818 3297 Christo
852 3240 980 3296 Jesu
1014 3239 1241 3296 Domino
1275 3251 1460 3295 nostro
1485 3282 1499 3308 ,
1551 3242 1637 3296 cui
1671 3241 1841 3314 gloria
1875 3253 1928 3296 et

366 3333 727 3405 imperiumin
766 3333 960 3389 sarcula
998 3334 1346 3389 sazculorum!
1383 3334 1573 3390 Amen.

928 3468 1186 3525 ORATIO
1227 3468 1364 3524 XIX.

884 3582 963 3639 De
985 3584 1178 3638 morbis
1215 3584 1398 3638 animi.

429 3701 472 3758 Ι.
538 3701 784 3758 Clamare
824 3700 956 3757 libet
985 3709 1039 3754 et
1081 3701 1214 3755 mihi
1258 3717 1379 3756 eum
1427 3699 1564 3756 lsaia
1619 3702 1925 3772 propheta:

361 3794 576 3850 Patiens
611 3795 689 3864 fui
711 3834 728 3860 ,
763 3794 896 3848 sicut
928 3793 1224 3862 parturiens
1265 3792 1489 3863 loquar:
1517 3795 1778 3864 dissipabo
1817 3811 1925 3863 eos,

358 3896 407 3941 et
433 3888 646 3955 perdam
681 3887 744 3939 “.
795 3885 852 3941 Si
883 3896 933 3941 te
963 3887 1137 3956 ipsum
1187 3887 1327 3941 nosti
1355 3927 1369 3951 ,
1403 3887 1445 3941 si
1483 3885 1602 3942 fons
1636 3888 1687 3940 in
1735 3898 1784 3940 te
1811 3885 1930 3942 ﬁuit

361 3978 595 4048 Spiritus
629 3978 800 4032 sancti
829 4019 844 4045 ,
887 3989 1096 4033 constat
1133 3980 1420 4049 dissipatos
1451 3988 1502 4034 et
1532 3980 1771 4049 perditos
1806 3993 1927 4034 esse

360 4069 607 4123 inimicos
641 4079 782 4127 tuos.
815 4067 936 4124 Non
975 4083 1070 4136 est,
1102 4072 1274 4142 inquit
1314 4073 1561 4126 Salvator
1606 4083 1811 4138 noster,
1845 4088 1928 4124 re-

358 4173 517 4226 gnum
553 4159 645 4212 Dei
683 4162 763 4212 hic
814 4171 903 4212 aut
939 4161 1080 4226 illic,
1136 4163 1221 4215 sed
1251 4162 1390 4214 intra
1441 4177 1525 4214 vos
1562 4161 1626 4212 ι’.
1662 4161 1799 4214 Sunt
1836 4161 1925 4230 qui

359 4247 650 4317 loquuntur
682 4266 743 4304 ea
789 4266 907 4320 quae
944 4253 1094 4319 regni
1144 4262 1301 4318 sunt,
1337 4269 1436 4308 nec
1474 4262 1651 4308 tamen
1682 4253 1920 4322 faciunt;

357 4350 484 4394 sunt
518 4355 705 4394 rursus
743 4342 831 4410 qui
863 4357 925 4395 ea
970 4342 1207 4406 iaciunt,
1244 4344 1339 4397 sed
1372 4343 1548 4399 minus
1592 4343 1825 4400 scienter
1870 4355 1926 4400 et

357 4431 730 4496 considerate;
768 4433 1074 4501 paucissimi
1103 4448 1228 4486 vero
1256 4431 1392 4485 intra
1423 4448 1558 4501 quos
1592 4432 1661 4486 sit
1697 4448 1920 4502 regnum

2027 502 2491 570 Quemadmodum
2538 505 2681 559 enim
2729 503 2882 561 dolor
2932 507 3073 576 cepit
3106 507 3271 563 Evam
3318 518 3377 565 et
3406 525 3597 566 semen

2021 595 2140 666 ejus
2169 597 2235 650 ad
2279 595 2421 650 hunc
2447 610 2616 664 usque
2666 595 2842 661 diem;
2878 598 2956 653 sic
3001 600 3251 668 gaudium
3299 602 3446 672 cepit
3481 600 3596 656 Ita-

2022 689 2190 754 riam,
2238 697 2293 742 et
2331 687 2500 743 bonos
2544 702 2733 744 onmes
2775 689 3112 745 Christianos
3158 692 3210 745 in
3245 703 3590 762 perpetuum.

2024 780 2178 836 Sicut
2202 781 2361 851 igitur
2386 795 2604 836 eramus
2621 780 2731 850 jam
2761 782 2854 836 ﬁlii
2894 783 3037 843 Evae,
3069 793 3121 838 et
3153 784 3594 841 maledictionem

2023 871 2140 937 ejus
2172 871 2222 925 in
2257 886 2356 925 nos
2387 885 2483 941 per
2519 869 2693 925 malas
2716 881 2928 927 nostras
2952 874 3305 943 cogitationes
3331 890 3597 944 agnosce—

2025 965 2216 1018 bamus
2245 981 2257 1016 :
2291 963 2364 1018 ita
2392 963 2647 1019 debemus
2692 965 2988 1036 intelligere
3024 981 3121 1021 nos
3161 981 3283 1022 esse.
3325 966 3464 1023 ﬁlios
3496 967 3592 1023 Dei

2025 1071 2120 1126 per
2150 1057 2332 1110 “bonas
2379 1055 2611 1124 Spiritus
2652 1057 2824 1111 sancti
2865 1059 3255 1129 cogitationes,
3286 1070 3343 1114 et
3391 1059 3596 1115 Christi

2025 1147 2302 1218 passiones
2324 1185 2340 1211 ,
2368 1146 2410 1202 si
2443 1147 2659 1216 quidem
2688 1164 2815 1204 vere
2866 1159 2992 1203 sunt
3033 1151 3083 1205 in
3118 1167 3342 1221 corpore
3385 1161 3594 1207 nostro.

2027 1238 2118 1291 Sic
2148 1237 2289 1289 enim
2319 1236 2385 1290 ab
2411 1237 2664 1301 Apostolo
2694 1237 2951 1306 scriptum
2981 1249 3064 1293 est
3089 1258 3102 1293 :
3131 1237 3358 1294 Probate
3377 1250 3599 1294 vosmet-

2026 1330 2184 1396 ipsos,
2207 1338 2381 1380 utrum
2407 1325 2644 1381 Christus
2675 1328 2728 1380 in
2752 1328 2891 1382 vobis
2915 1331 3002 1395 sit,
3026 1346 3089 1383 ne
3125 1331 3260 1399 forte
3293 1332 3497 1398 reprobi
3523 1331 3600 1385 si-

2028 1421 2097 1474 tis
2125 1421 2190 1473 ¹⁷.
2225 1419 2448 1486 Quando
2474 1419 2618 1473 enim
2654 1421 2960 1476 ferebamus
2995 1423 3273 1492 imaginem
3303 1426 3500 1477 terreni
3527 1423 3596 1490 ",

2030 1508 2485 1580 cognoscebamus
2514 1524 2612 1564 nos
2643 1510 2758 1578 ejus
2786 1526 2904 1567 esse
2929 1513 3066 1569 ﬁlios
3096 1529 3160 1568 ex
3193 1515 3334 1584 turpi
3365 1516 3595 1568 materia

2028 1601 2409 1672 cogitationum
2442 1602 2495 1655 in
2522 1602 2678 1656 nobis
2703 1602 3083 1670 habitantium,
3109 1619 3227 1674 quae
3252 1607 3422 1660 morbi
3460 1617 3590 1661 sunt

2029 1694 2342 1764 animi;qui
2369 1703 2548 1748 autem
2583 1692 2799 1748 ctelestis
2825 1704 3037 1764 gestant
3065 1696 3361 1766 imaginem,
3396 1712 3599 1770 cogno-

2027 1797 2186 1842 scunt
2219 1801 2276 1840 se
2313 1786 2402 1840 Dei
2455 1786 2592 1840 ﬁlios
2637 1800 2734 1856 per
2773 1785 3031 1856 Spiritum
3078 1797 3322 1842 sanctum
3370 1789 3424 1843 in
3468 1790 3600 1858 ipsis

2030 1875 2377 1930 habitantem.
2427 1875 2595 1931 Isaias
2639 1876 2781 1931 enim
2830 1876 3067 1932 clamat:
3125 1879 3204 1934 Ea:
3258 1881 3446 1935 timore
3486 1893 3598 1945 tuo,

2030 1965 2283 2032 Domine,
2328 1966 2381 2020 in
2429 1977 2573 2020 utero
2621 1968 2983 2034 concepimus,
3017 1978 3065 2022 et
3097 1971 3508 2036 parturivimus,
3551 1984 3600 2025 et

2034 2060 2326 2126 peperimus
2361 2057 2601 2125 spiritum
2632 2055 2820 2110 salutis
2854 2059 2909 2111 in
2935 2070 3074 2112 terra
3103 2061 3166 2113 ".
3209 2059 3278 2115 Et
3318 2077 3508 2118 rursus
3545 2065 3600 2116 in

2031 2146 2358 2202 Ecclesiaste
2404 2146 2659 2217 scriptum
2703 2157 2825 2202 est:
2869 2150 3319 2214 Quemadmodum
3360 2154 3600 2219 compin-

2029 2251 2224 2307 guntur
2254 2252 2372 2290 ossa
2406 2236 2461 2290 in
2488 2248 2660 2291 ventre
2687 2239 2930 2307 gerentis,
2967 2239 3044 2292 sic
3069 2249 3140 2292 est
3170 2241 3255 2294 via
3280 2241 3498 2309 spiritus
3529 2243 3599 2295 “.

2029 2329 2163 2384 Nam
2188 2329 2326 2385 sicut
2350 2338 2533 2385 sancta
2556 2328 2716 2401 Virgo
2739 2331 2964 2400 gestavit
2988 2331 3076 2385 Dei
3103 2331 3293 2386 Filium
3321 2334 3373 2388 in
3393 2348 3558 2390 carne
3584 2353 3598 2388 :

2032 2421 2103 2475 ita
2153 2419 2245 2490 qui
2297 2419 2528 2489 Spiritus
2567 2422 2736 2476 sancti
2789 2421 3019 2493 gratiam
3069 2424 3370 2492 accipiunt,
3412 2427 3598 2480 conci—

2029 2512 2181 2584 piunt
2211 2523 2260 2566 et
2292 2521 2506 2583 gestant
2532 2513 2680 2568 illum
2715 2514 2767 2568 in
2800 2515 2960 2570 corde
2990 2529 3107 2582 sno,
3140 2517 3278 2572 sicut
3306 2519 3601 2588 Apostolus

2031 2605 2109 2657 ait
2157 2602 2394 2656 habitare
2431 2601 2694 2656 Christum
2723 2604 2778 2657 in
2811 2605 3048 2659 interiori
3090 2607 3296 2662 homine
3321 2626 3416 2677 per
3441 2611 3600 2678 [idem

2030 2694 2084 2746 in
2101 2694 2341 2747 cordibus
2361 2697 2556 2759 vestris,
2582 2695 2804 2749 radicati
2834 2705 2882 2750 et
2905 2697 3113 2765 fundati
3145 2701 3201 2753 in
3230 2703 3508 2766 charitate,
3540 2713 3600 2756 ut

2028 2788 2238 2858 possitis
2280 2789 2704 2855 comprehendere
2745 2806 2863 2843 cum
2915 2792 3152 2845 omnibus
3197 2796 3397 2848 sanctis
3427 2795 3494 2849 ³³.
3532 2794 3602 2850 Ει

2032 2893 2217 2932 rursus
2249 2897 2262 2932 :
2297 2877 2596 2945 llabemusj,
2627 2878 2821 2948 inquit,
2863 2879 3168 2932 thesaurum
3195 2881 3350 2935 istum
3379 2883 3432 2936 in
3460 2886 3602 2938 vasis

2028 2970 2306 3040 ﬁctilibus,
2338 2979 2391 3022 ut
2436 2970 2731 3026 sublimitas
2779 2972 2845 3025 sit
2888 2970 3093 3025 uirtutis
3128 2971 3261 3037 Dei,
3297 2985 3344 3027 et
3397 2991 3500 3028 non
3535 2992 3603 3029 ea:

2032 3063 2179 3116 nobis
2209 3063 2277 3116 “.

2100 3152 2161 3206 ll.
2206 3151 2262 3207 Si
2317 3152 2442 3209 illuc
2486 3153 2649 3224 igitur
2687 3155 2997 3226 pervenisti,
3038 3167 3095 3211 ut
3129 3157 3315 3212 eadem
3367 3157 3603 3230 imagine

2030 3256 2097 3296 ex
2132 3241 2298 3312 gloria
2326 3243 2379 3297 in
2411 3243 2637 3313 gloriam
2668 3246 2742 3300 sis
2770 3247 3204 3321 transformatus,
3231 3260 3285 3303 et
3319 3250 3601 3321 impletum

2030 3341 2112 3385 est
2147 3333 2198 3388 in
2229 3341 2280 3386 te
2315 3333 2443 3387 illud
2478 3335 2758 3404 Apostoli:
2796 3335 2862 3389 Et
2887 3317 2992 3404 pris:
3029 3337 3127 3391 Dei
3153 3339 3373 3393 exsultet
3399 3317 3458 3394 in
3486 3358 3605 3395 cor-

2030 3421 2183 3476 dibus
2215 3425 2392 3477 vestris
2417 3425 2492 3490 ‘3;
2536 3437 2588 3478 et
2621 3426 2719 3481 :Si
2757 3428 2811 3480 in
2851 3440 3018 3482 mente
3066 3438 3231 3484 vestra
3259 3441 3331 3485 est
3360 3430 3604 3488 Christ-ss

2029 3512 2189 3568 Jesus
2221 3513 2290 3570 “.
2321 3513 2418 3570 Et:
2453 3515 2714 3582 Quoniam
2737 3535 2764 3573 e
2805 3521 3028 3574 tenebris
3057 3521 3151 3576 tua:
3174 3523 3369 3592 e/fulsit
3404 3527 3457 3579 in
3483 3543 3604 3580 cor-

2029 3605 2180 3659 dibus
2216 3605 2393 3661 vestris
2433 3609 2738 3677 cognitionis
2788 3609 2884 3664 Dei
2915 3611 2960 3641 ³⁸
2994 3627 3010 3663 :
3052 3622 3109 3667 et
3161 3615 3204 3668 si
3245 3615 3601 3686 adimpletum

2029 3705 2114 3751 est
2137 3696 2265 3751 illud
2298 3697 2352 3751 in
2385 3707 2477 3752 te:
2521 3697 2638 3753 Sint
2680 3699 2844 3754 lumbi
2885 3703 3041 3754 vestri
3085 3705 3391 3772 prtccincti,
3435 3716 3484 3760 et
3515 3707 3601 3759 lu-

2031 3805 2199 3843 cerna:
2253 3791 2494 3844 ardentes
2527 3791 2580 3845 in
2627 3794 2866 3846 manibus
2902 3796 3080 3848 vestris
3111 3810 3130 3848 :
3170 3805 3218 3849 et
3269 3797 3415 3850 eritis
3461 3800 3603 3852 sicut

2029 3880 2162 3933 servi
2195 3888 2548 3948 exspectantes
2581 3880 2852 3934 dominum
2894 3898 3043 3936 suum
3068 3923 3081 3946 ,
3115 3884 3276 3938 donec
3309 3896 3603 3940 revertatur

2029 3987 2061 4023 a
2079 3971 2272 4040 nuptiis
2290 3971 2365 4022 “z
2394 3985 2461 4025 nc
2491 3973 2800 4027 obstruatur
2823 3989 2882 4027 os
2907 3985 3072 4040 tuum,
3102 3991 3204 4030 non
3232 3977 3433 4033 habens
3456 3983 3600 4048 quod

2029 4064 2359 4130 respondeat
2411 4065 2464 4118 in
2526 4066 2703 4120 medio
2758 4076 3089 4120 sanctorum.
3140 4066 3204 4120 Et
3243 4069 3288 4122 si
3331 4071 3471 4123 nosti
3508 4081 3597 4134 te,

2028 4155 2478 4224 quemadmodum
2515 4156 2746 4227 virgines
2777 4158 2919 4224 illas,
2956 4160 3151 4214 habere
3185 4159 3359 4216 oleum
3391 4163 3441 4216 in
3470 4177 3602 4218 vase

2031 4253 2139 4310 tuo,
2172 4254 2228 4299 ut
2259 4261 2457 4316 sponso
2491 4249 2704 4302 obviam
2734 4251 3014 4317 procedas,
3047 4267 3219 4320 neque
3248 4252 3596 4319 excludaris;

2027 4337 2148 4391 etsi
2184 4340 2470 4409 cognoscis
2510 4339 2755 4410 spiritum
2791 4352 2957 4407 tuum,
2993 4352 3047 4396 et
3088 4344 3343 4410 animam,
3378 4356 3432 4400 et
3466 4361 3590 4400 cor-

2028 4445 2127 4498 pus
2165 4445 2284 4485 esse
2330 4431 2612 4501 conjuncta
2660 4432 2776 4486 sine
2824 4433 3266 4502 reprehensione,
3311 4444 3368 4490 ut
3409 4436 3461 4491 in
3507 4439 3593 4494 die

355 4523 472 4590 Dei,
503 4535 556 4576 ut
586 4524 834 4578 Salvator
862 4526 955 4578 ait.
993 4524 1072 4577 Ad
1098 4525 1193 4578 hos
1229 4525 1472 4595 pervenit
1516 4525 1748 4594 Spiritus
1793 4540 1918 4580 san-
1953 4527 2000 4582 D
2032 4526 2240 4580 Domini
2273 4528 2440 4580 nostri
2473 4526 2598 4582 .lesu
2629 4527 2829 4584 Christi
2866 4530 2981 4585 sine
3013 4531 3216 4586 macula
3251 4547 3585 4604 appareant;

353 4625 508 4671 ctus:
532 4617 580 4669 in
608 4617 692 4671 his
719 4617 970 4686 impletus
989 4629 1074 4670 est
1096 4631 1272 4670 sermo
1295 4615 1515 4672 Joannis
1533 4619 1872 4688 evangelista:
1901 4637 1914 4673 :

357 4705 673 4761 Potestatem
723 4707 864 4760 dedit
893 4707 966 4763 eis
1003 4707 1142 4775 filios
1170 4706 1268 4762 Dei
1306 4709 1443 4776 fieri,
1485 4711 1549 4762 iis
1584 4711 1672 4779 qui
1705 4710 1920 4764 credunt

351 4798 407 4850 in
438 4798 641 4851 nomine
684 4799 836 4867 ejus;
881 4799 971 4868 qui
1011 4815 1114 4852 non
1149 4815 1212 4853 ea:
1255 4801 1620 4870 sanguinibus,
1664 4818 1826 4871 neque
1858 4817 1923 4857 ex

350 4888 615 4942 voluntate
643 4894 838 4954 carnis,
877 4906 1038 4959 neque
1068 4906 1133 4944 ex
1164 4891 1424 4946 voluntate
1452 4893 1573 4957 viri,
1603 4893 1692 4947 sed
1721 4909 1785 4945 ex
1811 4893 1920 4948 Deo

349 4981 462 5032 nati
485 4991 607 5033 sunt
636 4981 697 5034 ³³.
727 4980 818 5035 lsti
856 4982 1064 5036 liberati
1108 4992 1232 5037 sunt
1290 4999 1318 5038 a
1370 4985 1555 5041 dolore
1611 4985 1701 5054 qui
1754 4986 1919 5041 Evam

347 5063 546 5119 invasit
579 5084 594 5121 :
627 5069 691 5120 In
725 5067 903 5122 dolore
930 5069 1068 5136 filios
1108 5075 1280 5139 paries
1311 5073 1372 5125 ιδ.
1411 5072 1499 5127 Isti
1544 5075 1752 5130 liberati
1797 5085 1922 5132 sunt

348 5155 415 5206 ab
445 5157 638 5211 acerba
670 5160 964 5228 sententia,
994 5177 1112 5230 quae
1140 5164 1243 5215 lata
1282 5162 1383 5218 fuit
1425 5164 1476 5218 in
1506 5167 1673 5220 Adam
1701 5186 1715 5221 :
1752 5167 1923 5223 Male-

345 5245 484 5298 dicta
523 5257 661 5302 terra
701 5251 753 5302 in
779 5267 928 5318 opere
959 5263 1047 5305 tuo
1075 5253 1135 5306 ιδ.
1157 5253 1244 5308 lsli
1264 5259 1492 5328 suntqui
1523 5262 1748 5332 gratiam
1779 5263 1923 5316 acci-

344 5339 516 5405 piunt,
545 5355 704 5407 quam
742 5344 951 5410 accepit
997 5343 1161 5400 Maria
1202 5363 1215 5400 :
1269 5348 1407 5414 Quia
1445 5349 1672 5421 Spiritus
1705 5365 1918 5408 sanctus

417 5496 584 5574 ‘f_ls_a.
623 5515 754 5565 xui,
792 5503 876 5557 15.
950 5506 992 5536 ¹²
1035 5502 1167 5560 Luc.
1194 5524 1326 5574 χιιι,
1357 5509 1446 5564 21.

431 5566 472 5644 _|_|
499 5569 622 5644 Cor.
661 5564 776 5639 λιιι,
805 5574 858 5629 5.
970 5575 1012 5606 ⁸⁸
1044 5579 1057 5628 ι
1086 5577 1209 5632 Cor.
1269 5564 1356 5644 xv,
1413 5582 1502 5636 49.

343 5637 389 5666 ³⁸
430 5635 468 5688 ιι
508 5638 631 5696 Cor.
681 5635 850 5711 “,6.
928 5647 974 5678 ⁸³
1015 5645 1220 5703 Coloss.
1264 5635 1355 5716 tu,
1381 5635 1465 5706 15.

343 5720 452 5771 six,
501 5708 585 5763 14.

1528 5511 1574 5542 ¹³
1609 5511 1764 5569 Joan.
1803 5532 1842 5578 ι,
1887 5518 1976 5582 12,
2019 5519 2107 5572 15.

1581 5584 1778 5656 ⁸116³.
1826 5603 1974 5656 XXVI,
2035 5590 2122 5653 ii,
2179 5588 2263 5641 18.

1569 5654 1614 5685 ’δ
1648 5655 1805 5711 ιίοω.
1846 5654 1967 5716 vni.
2012 5661 2099 5715 tu.

2027 4629 2080 4674 et
2117 4619 2160 4674 si
2193 4629 2242 4674 te
2268 4636 2373 4675 non
2405 4629 2624 4674 accusat
2653 4636 2826 4691 neque
2854 4622 3029 4692 arguit
3056 4626 3424 4692 conscientia;
3459 4642 3516 4684 et
3551 4630 3598 4684 si

2027 4711 2281 4781 parvulus
2327 4710 2502 4766 iactus
2534 4727 2594 4766 es
2639 4712 2792 4782 juxta
2831 4728 3135 4768 sermonem
3173 4715 3472 4772 Salvatoris
3519 4721 3600 4774 die

2028 4804 2229 4859 centis:
2260 4801 2429 4858 Sinite
2457 4805 2700 4872 parvulos
2723 4805 2893 4857 venire
2914 4803 2981 4857 ad
3003 4821 3121 4871 me;
3147 4806 3332 4860 talium
3357 4809 3494 4862 enim
3523 4819 3600 4864 est

2029 4909 2240 4963 regnum
2263 4894 2504 4949 calorum
2523 4895 2567 4926 ³⁷
2593 4913 2608 4963 ;
2638 4909 2759 4950 vere
2784 4910 2977 4965 sponsa
3001 4897 3119 4966 ejus
3143 4897 3284 4952 facta
3307 4909 3389 4954 est
3415 4903 3596 4956 anima

2031 4998 2143 5052 tua,
2184 4997 2239 5042 et
2277 4984 2512 5056 Spiritus
2545 4999 2763 5042 sanctus
2793 4989 2847 5042 in
2882 4998 2965 5056 te,
3006 5004 3148 5044 nunc
3179 4989 3342 5045 etiam
3376 4991 3504 5046 dum
3539 5007 3602 5048 es

2033 5080 2084 5134 in
2126 5095 2374 5150 corpore,
2407 5080 2759 5150 conquiescit.
2809 5070 2962 5148 Quod
2995 5082 3039 5137 si
3067 5098 3175 5138 non
3217 5098 3277 5139 es
3309 5084 3599 5154 ejusmodi,

2031 5171 2266 5227 dolorem
2318 5180 2373 5226 ct
2419 5174 2678 5243 gemitum
2725 5177 2977 5230 acerbum
3020 5187 3308 5247 exspecta,
3341 5180 3598 5248 quoniam

2030 5265 2268 5320 dedecus
2305 5275 2360 5319 ct
2414 5266 2709 5336 ignominia
2757 5269 3062 5338 praecedent
3114 5279 3166 5325 te
3205 5269 3259 5325 in
3300 5282 3593 5340 conspectu

2027 5369 2359 5412 sanctorum.
2421 5359 2882 5426 Quemadmodum
2939 5362 3091 5432 virgo
3139 5361 3383 5431 quotidie
3437 5377 3598 5417 mane

2736 5521 2779 5553 ¹³
2816 5519 2943 5576 ibid.
2998 5521 3084 5574 17.

2361 5591 2403 5619 ’θ
2446 5590 2623 5645 Eccle.
2672 5607 2746 5654 ιιι,
2795 5591 2851 5644 5.

2208 5659 2251 5689 ²⁵
2292 5657 2331 5714 ll
2361 5659 2485 5714 Cor.
2519 5677 2590 5730 tv,
2621 5661 2676 5717 6.
2750 5663 2795 5694 ’νδ
2833 5661 2966 5718 Lac.
3026 5657 3135 5731 sit,
3161 5662 3250 5717 55.

2189 5517 2230 5548 “
2273 5515 2407 5573 Gen.
2443 5535 2536 5582 ill,
2570 5519 2657 5575 16.
2736 5521 2779 5553 ¹³
2816 5519 2943 5576 ibid.
2998 5521 3084 5574 17.
3189 5522 3232 5553 ¹⁶
3271 5521 3403 5576 Luc.
3435 5537 3476 5584 ι,
3504 5521 3594 5574 35.

2958 5594 2998 5623 ²¹
3041 5591 3237 5660 Ephes.
3287 5608 3366 5648 ιιι.
3411 5593 3592 5645 1648.

3329 5661 3373 5695 "
3405 5660 3594 5716 hiauit.
