3862 6324
147 290 299 348 5157

1267 301 1323 360 S.
1366 302 1568 361 ΙΞΑΙᾸΞ
1608 305 1898 365 ΔΒΒΑΤΙΞ
1935 309 2355 374 ORATIONES.

3246 366 3251 371 η
3309 336 3444 397 H58

143 428 281 469 cum
302 416 509 487 surgit,
535 417 667 527 nihil
695 418 842 476 aliud
874 431 1051 488 curat,
1078 423 1180 481 nisi
1206 435 1264 481 ut
1287 438 1444 482 ornet
1473 445 1531 484 se
1560 445 1760 500 sponso
1788 446 1836 503 Α
1863 435 1992 503 cito,
2026 436 2210 506 frater,
2248 452 2306 495 ut
2337 448 2599 499 aeternum
2646 443 2772 500 illud
2817 448 3066 516 gaudium
3101 466 3432 527 assequare,

144 524 293 575 suo,
329 519 387 565 et
415 510 631 578 speculo
660 513 907 582 explorat
938 515 1248 586 diligenter,
1286 536 1353 576 ne
1384 538 1490 593 qua
1534 526 1744 581 macula

146 602 405 657 resideat
435 603 489 657 in
523 603 670 659 vultu
702 620 824 671 suo,
863 624 968 678 qua
1016 624 1246 679 sponsus
1290 612 1624 683 offendatur;
1662 619 1742 675 sic

146 710 359 765 magna
399 697 643 767 quotidie
675 715 805 755 cura
844 711 898 756 et
927 702 1203 773 diligentia
1243 709 1419 762 sancti
1463 711 1752 781 cogitatio-

1864 542 1973 622 quo
2005 531 2158 622 pauci
2192 533 2537 600 reperiuntur
2570 536 2754 606 digiti;
2798 540 3052 597 nitttirum
3100 545 3171 600 illi
3202 548 3294 619 qui
3338 555 3450 622 spi-

1864 620 2001 674 ritus
2023 620 2200 690 gladio
2224 623 2271 655 ’⁸
2297 625 2536 681 animum
2571 644 2868 701 sensusque
2910 649 3040 691 suos
3068 638 3137 694 ab
3166 644 3315 698 omni
3357 620 3444 701 in-

1857 710 2205 779 quinamento
2227 756 2243 779 ,
2290 727 2348 770 ut
2383 729 2565 775 monet
2595 723 2885 790 Apostolus
2910 728 2981 796 ”,
3020 736 3436 795 mandaverunt.

151 799 251 884 nes
274 797 362 887 Iet.
397 801 715 887 seri-nones,
764 790 1113 861 actionesque
1164 793 1445 863 explorant
1487 812 1614 852 suas
1637 838 1651 861 ,
1687 813 1754 853 ne
1856 801 2089 870 Adjuvet
2131 803 2270 861 Deus
2305 806 2679 867 infirmitatem
2713 790 2991 887 nostram,
3026 833 3084 878 ut
3123 803 3175 879 in
3209 790 3437 886 numero

150 874 287 944 quid
348 876 407 930 in
455 875 567 932 illis
613 877 686 932 sit
732 879 879 948 quod
928 881 1134 936 ccelesti
1192 897 1390 953 sponso
1443 884 1750 955 displiceat.

150 965 334 1024 Nullis
380 984 558 1041 neque
597 971 768 1027 animi
827 988 1005 1055 neque
1038 976 1281 1046 corporis
1312 976 1589 1035 laboribus
1621 995 1749 1051 par-

1859 902 2171 950 sanctorum
2221 898 2333 967 ejus
2366 916 2487 957 esse
2523 920 2827 966 mereamur
2865 927 2962 985 per
2999 913 3275 975 Christum
3332 920 3443 978 Do-

1859 986 2066 1043 minum
2096 1001 2367 1048 nostrum.
2396 996 2587 1055 Amen.

1576 1117 1930 1181 ORATIO
1972 1124 2088 1181 XX.

1582 1210 1656 1268 De
1681 1219 1995 1280 humilitate.

218 1295 245 1366 ί
257 1300 271 1347 ι
286 1296 344 1367 4)
365 1298 432 1350 Ἡ
454 1299 785 1366 ταπείνωσίς
802 1303 940 1367 ἐστι,
969 1303 1027 1357 τὸ
1045 1275 1362 1372 λογίσαοθαι
1375 1307 1565 1362 ἑαυτὸν
1580 1311 1753 1385 ἁμαρ-

150 1390 333 1444 τωλὸν
350 1388 516 1457 εἶναι,
534 1393 628 1447 καὶ
660 1395 826 1465 μηδὲν
846 1395 1008 1450 καλὸν
1028 1401 1199 1452 ποιεῖν
1223 1399 1454 1455 ἐνώπιον
1468 1401 1561 1456 τοῦ
1584 1404 1738 1459 Θεοῦο

144 1484 210 1536 τὸ
241 1483 305 1537 δὲ
332 1482 494 1556 ἔργον
528 1485 630 1557 τῆς
662 1486 1051 1553 ταπεινώσεώς
1080 1491 1229 1545 ἐστιν
1261 1496 1294 1563 ἡ
1333 1494 1532 1566 σιωπὴ,
1562 1498 1742 1552 καὶτὸ

143 1574 226 1646 μὴ
281 1579 509 1648 μετρεῖν
561 1578 752 1631 ἑαυτὸν
802 1579 859 1635 ἐν
900 1597 1039 1646 τινι,
1078 1583 1213 1655 μηδὲ
1262 1583 1667 1657 φιλονεικῆσαι·
1713 1592 1747 1663 ἡ

146 1667 449 1739 ὃποταγὴ,
500 1669 561 1721 τὸ
610 1668 831 1740 βλέμμα
887 1671 1030 1743 ἔχειν
1074 1676 1280 1746 χαμαὶ,
1338 1677 1400 1729 τὸ
1452 1678 1597 1749 ἔχειν
1640 1682 1748 1752 πρὸ

144 1760 453 1831 ἑφθαλμῶν
498 1761 590 1816 τὸν
637 1763 834 1817 ἑαυτοῦ
879 1764 1128 1832 θάνατον,
1170 1768 1232 1822 τὸ
1270 1768 1503 1838 φυλάξαι
1552 1773 1746 1828 ἐρινεὸν

146 1853 261 1906 ἀπὸ
291 1852 522 1924 ψεύδους
546 1894 560 1920 ,
596 1855 657 1909 τὸ
692 1855 767 1927 μὴ
797 1857 1059 1929 ὁμιλῆσαι
1102 1861 1162 1913 ὲν
1191 1862 1634 1933 ματαιολογὶαις,
1682 1866 1745 1920 τὸ

145 1945 228 2017 μὴ
250 1946 558 2016 ἀντιλέγειν
578 1946 656 2018 τῷ
686 1924 915 2019 μείζονι,
942 1924 1003 2005 ἰδ
1028 1924 1257 2025 μισῆοαι
1284 1954 1384 2026 τὴν
1408 1924 1737 2027 ἀνάπςιυγσιν,
1774 1924 1818 1985 Β

148 2037 207 2093 τὸ
244 2038 537 2109 βιάζεσθαι
570 2042 760 2095 ἑαυτὸν
806 2043 866 2096 ὲν
900 2043 1089 2115 κόπῳ,
1128 2045 1190 2099 τὸ
1217 2045 1430 2118 νήφειν.
1479 2049 1733 2121 Ἀδελφὲ,

144 2130 297 2203 μετὰ
335 2131 626 2204 ἀκριῦεἰας
658 2134 874 2190 τέλεσαι
902 2136 1000 2202 τὰς
1030 2138 1250 2204 ἐντολὰς
1279 2140 1513 2209 ταύτας,
1546 2143 1631 2196 ἵνα
1669 2144 1744 2218 μὴ

148 2223 381 2294 γένηται
421 2226 455 2295 ἡ
487 2223 632 2296 ψυχή
667 2243 761 2279 σου
790 2229 1211 2301 κατοικητήριον
1251 2231 1453 2295 παντὸς
1499 2232 1706 2298 πάθους
1730 2250 1746 2267 ’

1923 1317 2062 1386 Quid
2115 1331 2199 1378 est
2236 1323 2555 1384 humilitas?
2606 1331 2895 1391 llumilitas
2961 1346 3044 1393 est
3115 1356 3237 1395 cum
3317 1344 3440 1414 quis

1850 1422 1912 1464 se
1967 1423 2307 1481 peccatorem
2346 1420 2659 1489 existimat,
2700 1434 2756 1479 et
2810 1428 2944 1483 nihil
2988 1432 3111 1485 boni
3165 1433 3344 1489 facere
3381 1437 3432 1489 iu

1849 1510 2143 1592 conspectu
2193 1503 2317 1563 Dei.
2371 1507 2706 1569 llumilitatis
2750 1529 2966 1575 exercet
3005 1520 3199 1587 ollicia,
3234 1523 3323 1592 qui
3355 1526 3433 1579 si-

1856 1588 2078 1648 lentium
2109 1594 2257 1663 colit,
2286 1600 2375 1669 qui
2407 1601 2510 1658 sibi
2536 1603 2652 1674 ipse
2678 1621 2784 1663 non
2812 1610 2985 1680 placet
3012 1612 3117 1668 ulla
3150 1615 3202 1669 in
3230 1588 3311 1681 re,
3343 1616 3436 1684 qui

1854 1698 1959 1739 non
1990 1699 2075 1743 est
2109 1694 2506 1763 contentiosus,
2553 1699 2645 1769 qui
2679 1716 2739 1758 se
2766 1705 2980 1774 subiicit
3019 1709 3306 1777 omnibus,
3344 1709 3437 1778 qui

1851 1781 2036 1839 oculos
2062 1783 2211 1841 humi
2242 1787 2449 1845 deﬁxos
2486 1801 2652 1861 tenet,
2684 1796 2776 1866 qui
2813 1808 3042 1855 mortem
3080 1803 3296 1859 assidue
3322 1820 3439 1859 me-

1849 1872 2180 1945 ditatur,qui
2212 1882 2544 1938 amendacio
2560 1895 2735 1954 cavet,
2757 1898 2813 1943 et
2842 1906 2872 1943 a
2904 1894 3061 1959 nugis
3089 1904 3145 1948 et
3171 1901 3437 1954 sermoni-

1846 1961 1946 2019 bus
1970 1964 2228 2025 abborret
2259 1970 2557 2040 inutilibus,
2589 1977 2680 2046 qui
2710 1979 3007 2050 majoribus
3034 1998 3140 2040 non
3171 1988 3435 2045 adversa-

1850 2061 1956 2152 tur,
1983 2057 2085 2152 qui
2106 2063 2429 2118 sententiam
2457 2080 2608 2122 suam
2635 2069 2858 2126 minime
2882 2073 3138 2146 defendit,
3164 2081 3253 2148 qui
3278 2097 3436 2152 teque

1854 2146 2038 2204 animo
2060 2148 2166 2206 fert
2185 2156 2588 2222 contumeliam,
2612 2160 2703 2230 qui
2727 2161 2896 2217 otium
2927 2164 3081 2235 fugit,
3100 2146 3195 2237 qui
3220 2146 3434 2228 labores

1858 2237 2088 2331 libenter
2105 2245 2373 2316 subit,qui
2396 2250 2664 2325 neminem
2688 2253 2885 2309 irritat.
2910 2256 2983 2311 Da
3013 2260 3175 2329 igitur
3188 2275 3429 2331 operam,

142 2311 287 2367 me
318 2313 458 2384 νῆφε
505 2318 586 2378 εἰς
626 2314 685 2368 ἓν
726 2316 953 2372 ἕκαστον
984 2319 1181 2385 αὐτῶν,
1247 2320 1335 2374 ἵνα.
1373 2320 1448 2393 μὴ
1516 2322 1734 2397 τελέσῃς

2259 2311 2266 2314 .
2302 2311 2316 2316 -
2400 2324 2403 2325 ν
3194 2311 3429 2331 ντν--υ-νν

1852 2328 2043 2398 frater,
2074 2346 2130 2389 ut
2153 2337 2267 2391 bzec
2292 2339 2605 2407 possideas,
2648 2357 2716 2397 ne
2745 2345 2923 2400 anima
2972 2355 3059 2400 ttta
3101 2350 3373 2405 domicilio
3399 2373 3430 2406 ιι

141 2403 269 2459 ὅλον
301 2407 395 2460 τὸν
425 2406 540 2477 βίον
575 2424 667 2461 σου
695 2409 961 2480 ἄκαρπον.

1852 2422 1944 2476 fiat
1964 2426 2204 2481 omnium
2223 2431 2710 2499 perturbationum,
2730 2444 2785 2489 et
2809 2437 2970 2490 vitam
2996 2438 3265 2511 transigas
3282 2458 3430 2497 sem-

142 2514 247 2570 per
285 2499 697 2558 infructuosam.
732 2502 1005 2560 Concedat
1032 2506 1189 2563 nobis
1222 2506 1396 2577 Deus,
1430 2518 1487 2566 ut
1512 2509 1719 2569 fructus
1744 2512 1979 2576 feramus
2008 2520 2201 2594 dignos
2223 2533 2423 2581 aeterna
2449 2527 2680 2597 vita,cui
2714 2529 2877 2602 gloria
2908 2532 2959 2589 in
2984 2499 3428 2596 saeculavsmculu-

139 2613 289 2654 rum.
324 2598 520 2656 Amen.

592 2718 1029 2779 ORATIO
1100 2722 1286 2783 XXI.

734 2814 812 2870 De
848 2819 1171 2886 paenitentia.

216 2900 250 2957 i.
303 2900 600 2970 Quaesitum
653 2905 752 2961 fuit
808 2919 876 2962 ex
930 2908 1126 2964 abbate
1176 2909 1349 2979 Isaia,
1405 2913 1536 2985 quid
1593 2928 1740 2975 esset

138 2995 472 3065 pmuitentia
500 3037 517 3063 ,
564 3005 659 3053 aut
702 2997 832 3069 quid
872 3009 1018 3055 esset
1060 2999 1250 3070 fugere
1282 3018 1312 3058 a
1348 3018 1598 3075 peccato.
1634 3009 1737 3077 Qui

142 3087 520 3157 respondens,
573 3087 701 3144 Dea:
753 3102 920 3158 sunt,
974 3091 1185 3162 inquit,
1242 3096 1380 3151 vite:
1419 3113 1523 3153 una
1572 3103 1734 3171 vine,

1844 2735 2022 2791 dinem
2055 2736 2220 2804 norit,
2251 2737 2354 2794 nisi
2386 2739 2856 2796 mansuetudinem
2886 2740 2969 2797 stt~
2988 2742 3251 2814 adeptus?
3278 2745 3427 2811 Quo-

1845 2830 2005 2885 modo
2061 2831 2184 2900 quis
2242 2832 2536 2887 iracundia:
2586 2845 2879 2904 cognoscat
2930 2838 3426 2907 perturbationem,

1843 2920 1948 2976 nisi
1984 2922 2240 2978 omnibus
2265 2922 2318 2976 in
2346 2924 2509 2979 rebus
2543 2926 2861 2995 patientiam
2887 2924 3118 2998 diligat?
3158 2934 3427 3000 quomodo

1846 3014 2089 3071 libidinis
2145 3015 2432 3084 ftetorem,
2474 3017 2578 3073 nisi
2627 3018 2852 3087 integrae
2901 3019 3167 3076 castitatis
3225 3022 3426 3077 sentiat

1845 3107 2228 3162 suavitatem?
2263 3109 2536 3177 quomodo
2568 3109 2986 3166 obtrectationis
3015 3113 3284 3178 dedecus,
3322 3114 3425 3169 nisi

138 3178 341 3273 mortis
371 3178 568 3273 altera.
607 3180 707 3246 Qui
741 3194 839 3273 per
867 3181 1007 3237 hanc
1044 3182 1368 3254 ingreditur,
1406 3187 1458 3243 in
1493 3188 1584 3244 illa
1627 3207 1733 3248 non
1763 3207 1805 3265 ς,
1839 3212 1966 3255 suas
1992 3207 2252 3270 agnoscat
2284 3198 2677 3254 infirmitates?
2706 3203 2972 3268 quomodo
2996 3202 3136 3257 risus
3169 3204 3423 3273 ineptias,

135 3268 431 3338 ainbulat;
467 3271 558 3341 qui
608 3281 787 3326 autem
832 3272 885 3328 in
933 3283 1161 3346 utraque
1210 3276 1449 3345 incedit,
1498 3284 1739 3340 nondum

136 3360 397 3416 addictus
448 3371 534 3417 est
589 3364 715 3430 uni,
774 3378 949 3434 neque
1000 3366 1069 3429 ad
1123 3382 1388 3439 regnum,
1439 3386 1617 3443 neque
1672 3377 1738 3432 ad

145 3453 520 3524 supplicium,
568 3454 741 3510 donec
773 3472 803 3511 e
834 3458 945 3512 vita
990 3458 1306 3515 decesserit.
1342 3460 1614 3519 Iudicium
1655 3475 1738 3523 est

138 3546 278 3612 Dei,
338 3547 497 3618 cujus
542 3557 597 3603 et
639 3547 1037 3604 misericordia.
1085 3550 1186 3617 Qui
1235 3551 1349 3607 vult
1398 3553 1453 3608 in
1508 3569 1734 3625 regnum

137 3641 414 3707 introire,
450 3654 611 3712 opera
649 3642 767 3712 ejus
798 3643 1072 3697 observat.
1109 3642 1356 3713 Regnum
1386 3648 1530 3704 enim
1564 3652 1734 3707 cmlo—

141 3751 267 3791 rum
319 3736 556 3792 destruit
604 3751 768 3791 omne
812 3745 1115 3807 peccatum.
1167 3738 1452 3796 Seminant
1486 3743 1731 3811 inimici,

132 3830 235 3883 sed
292 3844 483 3883 eorum
536 3844 641 3884 non
695 3829 1005 3898 germinant
1054 3830 1260 3885 semina
1312 3833 1728 3903 cogitationum.

134 3922 358 3976 Etenim
402 3937 525 3977 cum
556 3937 710 3978 mens
741 3922 1044 3978 divinitatis
1087 3922 1431 3980 dulcedinem
1476 3927 1731 3998 degusta-

136 4016 248 4079 rit,
275 4013 459 4083 jacula
499 4025 777 4086 nequeunt
806 4002 876 4068 ad
907 4029 1027 4070 eam
1060 4023 1369 4085 penetrare.
1406 4015 1617 4072 Munita
1648 4030 1731 4074 est

131 4110 283 4164 enim
315 4110 580 4165 virtutum
616 4109 839 4180 clypeo,
874 4124 983 4180 quo
1019 4124 1079 4166 se
1114 4108 1359 4168 defendit
1390 4121 1450 4166 ut
1480 4127 1720 4185 nequeat

130 4201 494 4271 perturbari.
540 4211 597 4256 et
636 4202 872 4273 propria:
920 4202 1188 4258 incumbit
1240 4203 1615 4270 meditationi,
1672 4215 1730 4260 ut

135 4296 286 4349 viam
318 4305 611 4366 utramque
639 4294 947 4359 discernat,
988 4304 1154 4366 atque
1190 4311 1354 4350 uuam
1384 4297 1602 4365 quidem
1636 4296 1724 4352 fu-

130 4390 285 4459 giat,
317 4386 545 4444 alteram
597 4396 778 4442 autem
827 4387 1042 4458 diligat.
1097 4388 1155 4442 Si
1202 4388 1329 4458 quis
1369 4389 1458 4443 Dei
1497 4389 1725 4458 gloriam

131 4480 318 4546 novit,
348 4479 396 4536 is
427 4479 632 4535 inimici
661 4479 927 4535 sasvitiam
959 4479 1231 4550 intelligit.
1263 4478 1320 4535 Si
1349 4482 1471 4550 quis
1500 4496 1725 4552 regnum

1842 3289 1945 3345 nisi
1979 3290 2032 3344 in
2075 3289 2318 3360 lugendis
2347 3289 2585 3358 peccatis
2639 3289 2913 3361 lacrymas
2957 3292 3245 3348 effundat?
3287 3311 3423 3365 quo-

1844 3382 2007 3437 modo
2041 3382 2266 3437 desidia:
2292 3381 2521 3448 vitium,
2573 3379 2677 3436 nisi
2721 3382 2972 3438 sensibus
3015 3392 3163 3439 recte
3218 3384 3421 3440 consti-

1841 3475 1969 3531 tutis
2000 3475 2095 3530 Dei
2124 3475 2309 3531 lumen
2338 3475 2677 3545 perspiciat?

1908 3564 1972 3620 11.
2014 3564 2218 3620 Horum
2272 3564 2538 3619 malorum
2590 3566 2829 3621 omnium
2870 3575 3036 3638 caput
3080 3577 3168 3623 est
3215 3584 3419 3635 unum,

1836 3654 2043 3711 malitia
2072 3654 2298 3710 inimici.
2322 3655 2597 3711 Virtutum
2626 3668 2804 3712 autem
2832 3654 2956 3711 fons
2985 3665 3072 3711 est
3100 3657 3267 3713 timor
3301 3659 3417 3715 Dei.

1835 3747 1939 3816 Qui
1973 3745 2070 3803 Dei
2102 3747 2353 3802 timorem
2385 3747 2662 3817 possidet,
2697 3747 2750 3802 in
2780 3748 3032 3804 castitate
3061 3748 3296 3805 virtutes
3326 3767 3420 3821 pa-

1833 3842 1936 3904 rit,
1994 3847 2050 3894 et
2099 3848 2345 3910 amputat
2386 3839 2606 3895 malitia:
2636 3855 2818 3895 ramos
2854 3854 2990 3911 quos
3025 3842 3419 3898 recensuimus.

1835 3931 1929 3988 Dei
1985 3933 2239 3989 timorem
2291 3933 2663 4004 amplectere,
2718 3932 2889 3988 frater
2941 3933 3298 4001 charissime,
3358 3946 3418 3989 et

1835 4033 2045 4096 tempus
2074 4039 2235 4081 omne
2266 4026 2516 4082 traduces
2546 4040 2668 4081 cum
2702 4025 3115 4096 tranquillitate.
3146 4024 3418 4083 Virtutum

1832 4117 1976 4172 enim
2026 4118 2268 4174 omnium
2320 4118 2475 4173 radix
2518 4128 2603 4174 est
2647 4118 2808 4175 timor
2856 4117 2976 4174 Dei.
3014 4118 3260 4186 Quandiu
3298 4120 3421 4188 quis

1835 4206 1952 4262 haec
2008 4209 2435 4280 transgreditur,
2493 4211 2732 4266 nondum
2787 4220 2872 4267 est
2922 4212 3072 4283 regni
3125 4212 3412 4267 caelorum.

1831 4299 2102 4356 Paulatim
2134 4302 2303 4372 igitur
2333 4302 2408 4357 illi
2442 4304 2763 4358 certandum
2794 4311 2912 4370 est,
2947 4304 3118 4359 donec
3145 4304 3272 4357 vitia
3298 4318 3418 4371 qua:

1830 4395 2410 4459 commemoravimus,
2452 4405 2748 4465 expugnet.
2788 4395 2843 4450 ld
2885 4403 3062 4450 autem
3112 4395 3215 4449 hoc
3254 4410 3418 4465 argu-

1830 4493 2011 4539 mento
2040 4484 2304 4563 intelliget
2333 4499 2394 4540 se
2423 4494 2795 4540 consecutum.
2821 4486 3003 4541 Donec
3034 4483 3259 4540 sinistra
3290 4500 3415 4556 per-

130 4572 428 4644 agnoscit,
459 4572 508 4626 is
555 4572 857 4643 gehennam
904 4587 1013 4627 non
1047 4572 1284 4643 ignorat.
1332 4572 1429 4627 Cui
1471 4583 1596 4628 nota
1640 4584 1726 4631 est
1755 4569 1803 4628 D
1828 4570 1939 4639 agit
1984 4584 2149 4641 Opera
2201 4586 2293 4625 sua
2317 4609 2335 4635 ,
2375 4570 2610 4625 nondum
2645 4581 2926 4643 peccatum
2960 4571 3201 4626 interiit:
3239 4585 3417 4640 neque

129 4664 390 4730 dilectio,
418 4663 544 4719 huic
574 4672 918 4735 perspectum
961 4671 1045 4719 est
1078 4662 1284 4720 odium.
1314 4663 1415 4721 Cui
1449 4680 1602 4721 amor
1632 4666 1725 4723 Dei

127 4757 386 4826 cognitus
414 4763 533 4819 est,
566 4754 691 4810 huic
733 4753 915 4809 odium
959 4754 1146 4810 mundi
1196 4768 1305 4810 non
1350 4763 1434 4811 est
1474 4756 1721 4824 incogni-

129 4858 271 4902 tum.
300 4845 404 4914 Qui
430 4846 749 4901 munditiam
776 4845 954 4911 novit,
980 4845 1025 4901 is
1050 4845 1452 4902 immunditiam
1488 4847 1725 4902 detesta-

126 4947 242 4995 tur.
268 4938 372 5006 Qui
404 4937 508 4994 scit
535 4938 797 4994 virtutum
823 4937 1100 5005 fructum,
1128 4939 1172 4994 is
1203 4940 1369 4995 etiam
1399 4940 1508 4996 scit
1533 4941 1625 5012 qui
1652 4943 1726 4999 sit

124 5032 356 5091 malitiae
382 5029 613 5087 fructus.
637 5030 738 5085 Cui
763 5031 831 5085 de
863 5029 1023 5088 bonis
1051 5031 1310 5102 operibus
1333 5032 1512 5104 angeli
1535 5043 1725 5103 gratu-

123 5127 331 5194 lantur,
361 5124 422 5189 ,is
464 5134 575 5180 non’
600 5123 816 5180 dubitat
850 5121 1127 5179 daemones
1156 5125 1433 5195 gaudere,
1467 5140 1590 5180 cum
1625 5141 1722 5180 eo-

122 5233 248 5275 rum
274 5228 439 5287 opera
464 5216 800 5287 perflcimus.
824 5214 1107 5283 Quomodo
1134 5216 1407 5286 quispiam
1431 5216 1722 5288 intelligat,

119 5325 249 5382 quae
287 5310 361 5365 sit
403 5309 672 5375 avaritia,
731 5309 836 5364 nisi
884 5318 1106 5379 prapter
1148 5308 1317 5363 Deum
1345 5318 1723 5379 paupertatem

120 5400 534 5473 amplectatur?
566 5399 846 5468 Quomodo
876 5402 999 5472 quis
1033 5398 1394 5460 aemulationis
1457 5401 1722 5457 amaritu-

1827 4663 1999 4718 virtus
2055 4663 2292 4719 dextera:
2337 4672 2517 4718 tecum
2568 4662 2932 4734 conquiescit.
2998 4663 3273 4733 Scriptum
3328 4673 3415 4718 est

1824 4756 1968 4811 enim
1998 4773 2011 4810 :
2045 4755 2127 4810 An
2161 4756 2403 4824 nescitis,
2447 4757 2697 4827 quoniam
2728 4757 2816 4810 cui
2843 4756 3098 4812 exhibetis
3126 4771 3212 4809 vos
3236 4770 3412 4810 servos

1822 4846 1893 4900 ad
1928 4845 2315 4910 obedientium,
2365 4846 2503 4901 servi
2548 4847 2675 4901 estis
2715 4845 2829 4914 ejus
2873 4844 2960 4898 cui
3007 4842 3261 4906 obeditis,
3304 4843 3412 4897 sive

1820 4938 2025 5009 peccati
2056 4938 2126 4991 ad
2153 4949 2377 4992 mortem
2409 4977 2425 5004 ,
2458 4939 2565 4992 sive
2594 4936 2911 4992 obeditionis
2935 4934 3005 4989 ad
3023 4934 3293 5004 justitiam
3320 4935 3364 4966 ”
3389 4936 3413 4988 ?

1822 5026 1885 5082 Et
1924 5043 2138 5083 rursum
2170 5046 2184 5084 :
2219 5027 2300 5083 An
2334 5028 2729 5098 nescitis,quod
2760 5027 2917 5082 Jesus
2950 5022 3197 5079 Christus
3229 5024 3286 5078 iu
3321 5040 3412 5079 vo-

1824 5124 1903 5178 bis
1934 5132 2012 5179 est
2035 5125 2061 5179 7
2106 5125 2210 5179 nisi
2250 5125 2388 5194 forte
2428 5122 2638 5185 reprobi
2667 5122 2795 5177 estis
2824 5121 2891 5176 ³⁸.
2928 5118 2996 5174 Et
3022 5116 3301 5174 Jacobus:
3349 5117 3411 5172 Si

1821 5218 1970 5287 quis,
2002 5216 2214 5287 inquit,
2246 5217 2443 5272 videtur
2492 5216 2768 5288 religiosus
2812 5229 2957 5280 esse,
2986 5228 3089 5266 non
3135 5210 3408 5281 refreuaus

1825 5307 2064 5379 linguam
2090 5325 2275 5375 suam,
2308 5308 2469 5380 hujus
2498 5324 2632 5363 vana
2658 5316 2735 5362 est
2766 5304 2949 5376 religio
2979 5303 3045 5358 ³³.
3073 5301 3200 5359 Haec
3223 5303 3405 5359 omnia

1821 5415 1923 5457 nos
1947 5400 2105 5457 docet
2131 5398 2368 5470 Spiritus
2390 5408 2634 5467 sanctus,
2661 5409 2774 5455 uta
2801 5405 3028 5471 peccato
3059 5395 3409 5470 recedamus,

193 5618 241 5653 ⁸⁸
276 5619 474 5690 Eplies.
515 5635 589 5687 vr,
626 5621 714 5676 17.
790 5622 835 5654 ³⁵
871 5619 912 5676 ll
949 5620 1074 5678 Cor.
1114 5635 1206 5688 vn,
1240 5621 1291 5676 l.
1367 5621 1412 5653 δο
1456 5619 1608 5677 Rom.
1650 5638 1734 5695 vr,

1844 5665 1858 5679 .
1937 5627 1976 5657 ³¹
2023 5626 2063 5682 ll
2098 5626 2220 5682 Cor.
2256 5643 2390 5692 sui,
2426 5627 2478 5683 5.
2554 5627 2597 5659 ³⁸
2640 5627 2751 5683 Jac.
2792 5643 2848 5696 ι,
2876 5626 2967 5684 26.

196 5740 315 5807 (14)
354 5740 423 5794 Ἦ
447 5739 903 5814 ταπειῂωσιςμ.
955 5760 1008 5798 τ.
1061 5742 1110 5800 λ.
1164 5742 1352 5801 Graeca
1403 5742 1710 5814 hujusmodi

1849 5745 1933 5804 bis
1973 5747 2207 5805 servavit
2257 5746 2317 5804 S.
2377 5746 2616 5805 Joannes
2665 5747 3031 5805 Damascenus
3083 5744 3135 5803 in
3190 5736 3406 5811 Parati.

119 5828 269 5871 sur.
303 5814 442 5885 Opp.
468 5823 601 5874 tom.
626 5812 690 5884 ιι,
713 5829 848 5886 pag.
879 5813 1000 5871 698.
