3862 6330
443 284 581 343 usa
620 350 629 357 ,

1587 269 1861 327 ΡᾹΤΒΕΞ
1898 267 2199 327 EGYPTII
2235 268 2504 329 SAECULI
2543 268 2630 327 IV.

3581 276 3735 331 “5'0

441 413 621 471 neque
671 397 725 453 in
763 396 894 453 illud
931 393 1167 465 amplius
1214 393 1575 447 incurramus.
1613 390 1669 443 In
1731 390 1831 444 hoc
1883 387 2026 442 enim
2059 393 2103 449 Α
2134 406 2321 459 corpus
2350 390 2675 443 tenebrosum
2702 394 2795 444 erit
2825 389 2885 444 δ’.
2916 388 3103 461 Itaque
3135 393 3239 448 nisi
3273 409 3427 449 mens
3454 410 3484 448 ς]
3512 398 3732 450 "mpm

446 490 771 565 poenitentia
801 488 1070 543 consistit.
1105 484 1395 540 Peccatum
1430 498 1558 538 vero
1589 498 1693 537 non
1722 496 1886 536 unum
1910 490 2026 548 est,

444 587 541 641 sed
566 582 875 653 multiplex.
916 578 1086 634 Totus
1121 578 1266 632 enim
1321 578 1483 632 homo
1539 586 1692 631 vetus
1744 583 2029 646 peccatum

447 677 770 747 appellatur.
822 673 1074 728 Idcirco:
1126 671 1404 736 Nescitis,
1462 669 1638 740 inquit
1690 668 2029 740 Apostolus,

445 772 584 840 quod
615 770 704 839 qui
734 769 788 821 in
820 767 997 821 stadio
1029 774 1251 819 currunt
1277 804 1290 827 ,
1323 780 1500 818 omnes
1532 763 1746 833 quidem
1777 768 2028 824 currunt,

447 862 537 915 sed
574 876 706 912 unus
740 859 931 927 accipit
967 856 1209 910 bravium
1260 856 1349 909 "?
1382 854 1515 922 Quis
1559 855 1737 908 autem
1784 861 1867 907 est
1909 852 2030 918 hic,

448 952 549 1006 nisi
602 952 693 1021 qui
738 958 1059 1006 constanter
1103 955 1158 1002 et
1203 948 1420 1002 lortiter
1450 947 1696 1018 pugnat?
1729 945 1833 1011 Qui
1863 946 2030 1012 enim,

356 1092 361 1097 .
453 1044 627 1113 inquit
655 1084 670 1109 ,
717 1044 773 1097 in
802 1060 967 1114 agone
995 1042 1302 1107 contendit,
1343 1040 1408 1095 ab
1440 1039 1682 1094 omnibus
1710 1038 1934 1092 abstinet
1966 1038 2031 1091 ³⁸.

449 1137 648 1193 Curam
697 1135 861 1207 igitur
915 1137 1086 1189 nostri
1144 1150 1427 1205 geramus,
1464 1133 1659 1189 fratres
1703 1131 2035 1189 charissimi.

451 1230 504 1283 In
541 1244 606 1283 eo
635 1239 813 1282 antem
851 1228 965 1282 lucc
996 1243 1125 1281 cura
1158 1228 1498 1298 potissimum
1536 1225 1639 1279 sita
1673 1229 1776 1290 sit,
1814 1233 1873 1278 ut
1904 1239 2035 1295 sup-

454 1321 624 1390 plices
658 1321 1005 1389 procidamus
1059 1319 1111 1374 in
1164 1327 1460 1389 conspectu
1512 1316 1771 1373 bonitatis
1827 1318 2034 1372 Domini

455 1414 625 1468 nostri
655 1412 780 1467 .Iesu
804 1410 1007 1467 Christi
1026 1451 1039 1475 ,
1068 1412 1160 1481 qui
1190 1421 1367 1480 potest
1396 1426 1493 1467 nos
1526 1426 1592 1465 ex
1633 1411 1895 1480 improbis
1931 1411 2037 1467 ini-

456 1505 720 1560 micorum
753 1516 1064 1559 nostrorum
1098 1504 1348 1559 manibus
1382 1504 1631 1560 liberare.

530 1596 617 1651 Ill.
659 1596 804 1652 Idem
850 1595 1059 1659 abbas,
1110 1609 1231 1649 cum
1276 1610 1341 1650 ex
1386 1609 1451 1649 eo
1493 1602 1845 1665 quaereretur,
1898 1610 2036 1665 quo-

456 1690 619 1744 modo
665 1689 737 1744 sit
782 1688 833 1743 in
882 1687 1018 1742 cella
1060 1687 1487 1757 quiescendum,
1531 1686 1848 1756 respondit:
1895 1685 1945 1742 Is
1982 1688 2033 1741 in

456 1781 589 1836 cella
624 1789 768 1836 recte
796 1781 1031 1851 quietem
1065 1789 1121 1834 et
1154 1779 1426 1835 silentium
1460 1778 1621 1845 colit,
1671 1780 1762 1849 qui
1809 1779 2032 1849 supplex

458 1883 585 1929 ante
631 1873 799 1928 Deum
847 1881 1153 1943 prostratus
1205 1873 1422 1927 assidue
1467 1882 1625 1926 vacat
1667 1871 1936 1936 orationi,
1984 1880 2041 1927 et

463 1967 588 2022 totis
634 1966 844 2021 viribus
895 1965 1168 2034 improbas
1200 1979 1391 2020 omnes
1433 1964 1636 2019 inimici
1685 1965 1896 2035 repellit
1945 1980 2039 2021 co-

473 2060 790 2129 gitationes.
822 2058 876 2113 Id
906 2058 1049 2111 enim
1078 2067 1195 2122 est,
1225 2073 1256 2111 a
1289 2060 1490 2111 mundo
1523 2057 1709 2126 procul
1754 2056 2035 2129 auiugere.

464 2151 695 2206 Rursum
725 2164 787 2204 ex
816 2164 882 2205 eo
910 2164 1034 2204 cum
1062 2162 1397 2220 quaereretur
1444 2150 1573 2220 quid
1596 2160 1740 2205 esset
1766 2150 1996 2204 mundus
2025 2171 2036 2205 :

460 2243 690 2299 Mundus
732 2254 847 2310 est,
898 2244 1107 2313 inquit,
1158 2243 1325 2297 animi
1368 2244 1435 2298 ad
1475 2252 1699 2309 peccata
1739 2243 2039 2297 distractio.

458 2332 688 2390 Mundus
734 2342 856 2401 est,
898 2350 1023 2390 cum
1050 2349 1114 2389 ea
1144 2349 1264 2404 quae
1307 2344 1514 2389 natura:
1562 2334 1834 2389 contraria
1879 2342 2039 2403 sunt,

459 2431 763 2507 sequimur.
791 2426 1023 2483 Mundus
1051 2434 1174 2492 est,
1205 2441 1328 2482 cum
1355 2426 1540 2482 carnis
1572 2426 1882 2498 voluptates
1931 2426 2038 2482 im-

458 2521 688 2590 plemus.
728 2519 958 2576 Mundus
1006 2529 1127 2586 est,
1170 2534 1295 2575 cum
1341 2519 1674 2575 arbitramur
1713 2520 1801 2576 diu
1845 2535 1944 2576 nos
1989 2520 2042 2575 in

460 2607 563 2668 boc
591 2612 787 2668 saeculo
836 2627 1244 2684 permansuros.
1292 2612 1519 2668 Mundus
1558 2623 1670 2679 est,
1702 2628 1825 2669 cum
1878 2612 2046 2681 majo-

463 2722 575 2761 rem
605 2706 851 2776 corporis
869 2746 884 2772 ,
911 2721 1071 2776 quam
1104 2707 1298 2761 animas
1322 2721 1508 2761 curam
1534 2706 1791 2775 gerimus.
1819 2704 2047 2760 Mundus

461 2811 578 2865 est,
610 2814 732 2854 cum
768 2799 834 2853 iis
864 2812 985 2869 qua:
1038 2798 1248 2854 caduca
1291 2808 1419 2854 sunt
1463 2797 1784 2869 gloriamur.
1824 2796 1941 2853 Non
1979 2812 2047 2853 ex

464 2904 550 2945 me
587 2888 707 2959 ipso
748 2889 851 2944 ista
897 2888 1186 2958 contingo,
1237 2889 1329 2944 sed
1366 2887 1607 2945 Joannes
1645 2889 1924 2959 apostolus
1973 2889 2046 2943 ita

466 2988 706 3056 loquitur
731 3005 746 3041 :
783 2987 966 3042 Nolite
993 2988 1214 3057 diligere
1241 2984 1494 3039 mundum
1519 3025 1535 3051 ,
1562 3000 1724 3055 neque
1749 3000 1810 3038 ea
1838 2997 1955 3053 qua:
1982 2996 2047 3037 ea:

2135 484 2295 537 fuerit
2333 482 2543 546 aliena,
2580 493 2743 552 atque
2776 485 3012 554 integra,
3046 501 3151 540 non
3187 496 3367 554 potest
3404 486 3733 543 Divinitatis

2135 574 2305 628 lucem
2344 574 2567 629 intueri.
2604 574 2805 628 Malitia
2836 578 2981 629 enim
3031 586 3288 647 tanquam
3322 579 3601 633 obscurus
3634 597 3733 649 pa-

2135 666 2241 719 ries
2270 665 2432 719 tuenti
2463 666 2838 734 prmtenditur,
2871 678 2923 722 et
2954 667 3187 720 animam
3219 669 3491 723 desertam
3520 670 3726 732 cilicii,

2136 766 2193 811 ut
2222 758 2272 810 in
2298 757 2594 827 Evangelio
2617 758 2877 827 scriptqu
2901 768 2984 813 est
3008 778 3021 814 :
3051 757 3219 812 Nemo
3242 759 3515 813 lucemam
3543 777 3729 813 accen-

2135 848 2259 900 dens
2288 848 2431 917 ponit
2461 865 2576 901 eam
2605 851 2700 902 sub
2748 850 2923 903 modio
2948 889 2963 916 ,
2996 852 3083 904 sed
3112 867 3269 920 super
3293 853 3681 905 candelabrum
3709 889 3725 915 ,

2136 949 2192 993 ut
2228 942 2317 1010 qui
2350 940 2740 1012 ingrediuntur,
2774 944 2947 997 lumen
2978 944 3184 998 videant
3218 945 3284 999 ⁸³.
3317 943 3500 999 Mundi
3563 946 3729 1013 bujus

2139 1030 2405 1100 injustitia
2442 1033 2655 1086 modius
2692 1033 2909 1095 dicitur,
2944 1050 3047 1103 qua
3081 1038 3205 1089 dum
3234 1052 3388 1091 mens
3424 1037 3542 1106 ipsa
3567 1036 3727 1090 disd-

2140 1135 2317 1187 netur,
2355 1126 2405 1177 in
2438 1140 2498 1177 ea
2539 1125 2843 1179 Divinitatis
2881 1127 3097 1182 lucerna
3136 1136 3449 1195 non‘potest
3478 1146 3625 1185 esse.
3657 1130 3729 1183 At

2140 1217 2185 1269 si
2222 1232 2370 1271 tuens
2399 1232 2562 1286 super
2593 1219 2877 1273 sublimius
2921 1220 3304 1275 candelabrum
3352 1220 3549 1287 fuerit,
3596 1232 3729 1275 tunc

2141 1306 2448 1363 Divinitatis
2474 1308 2653 1363 lumen
2686 1310 2737 1364 in
2768 1310 2879 1377 ipsa
2901 1319 3012 1375 est;
3047 1320 3173 1365 tunc
3197 1313 3478 1380 cognoscit
3506 1327 3602 1367 eos
3631 1313 3725 1383 qui

2142 1402 2193 1455 in
2225 1403 2386 1455 domo
2412 1413 2572 1468 sunt,
2607 1413 2660 1457 et
2692 1417 2827 1471 quos
2860 1404 3017 1457 debet
3048 1403 3277 1473 ejicere,
3310 1414 3362 1457 et
3393 1404 3723 1474 quibuscum

2141 1511 2328 1565 pacem
2359 1496 2579 1551 habere.
2614 1495 2703 1551 Sic
2734 1497 2876 1549 enim
2925 1497 3106 1550 docuit
3132 1512 3225 1551 eos
3246 1536 3261 1561 ,
3293 1512 3525 1564 quorum
3570 1513 3726 1551 meus

2144 1589 2194 1641 iu
2229 1588 2427 1643 divinis
2460 1589 2733 1643 mandatis
2781 1590 3041 1643 illustrata
3073 1598 3189 1644 est:
3233 1589 3404 1656 Dico,
3438 1589 3722 1659 inquiens,

2141 1682 2283 1737 vobis
2312 1684 2401 1752 qui
2435 1681 2635 1737 auditis
2662 1700 2680 1737 .'
2720 1683 2934 1753 Diligite
2964 1683 3207 1737 inimicos
3234 1695 3434 1737 vestros
3455 1723 3470 1746 ,
3505 1685 3724 1751 benefa-

2141 1776 2236 1829 cite
2268 1774 2331 1827 iis
2361 1776 2450 1844 qui
2479 1775 2699 1827 oderunt
2728 1790 2832 1827 vos.
2872 1773 3035 1828 Orate
3066 1790 3161 1843 pro
3192 1774 3646 1827 calumniantibus
3676 1784 3727 1826 et

2139 1867 2561 1937 persequentibus
2592 1883 2699 1919 vos.
2724 1864 3048 1920 Percutienti
3069 1877 3116 1920 te
3142 1867 3195 1919 in
3220 1868 3443 1919 dextera
3472 1866 3721 1928 maxilla,

2140 1961 2312 2029 praebe
2346 1958 2430 2012 illi
2462 1969 2507 2012 et
2541 1957 2786 2014 alteram.
2819 1958 2884 2012 Et
2920 1958 2984 2012 ab
3018 1976 3077 2012 eo
3108 1960 3196 2029 qui
3222 1959 3398 2027 aufert
3434 1960 3533 2012 tibi
3572 1960 3727 2011 cesti-

2142 2063 2405 2115 mentum,
2433 2051 2593 2106 etiam
2625 2052 2856 2104 tunicam
2884 2050 2993 2104 noli
3020 2052 3312 2120 pro/libere.
3340 2049 3503 2103 Omni
3532 2050 3727 2118 petenti

2145 2154 2193 2198 te
2223 2144 2432 2199 tribue:
2464 2154 2514 2198 et
2554 2145 2745 2198 volenti
2782 2154 3027 2198 mutuare
3058 2163 3089 2197 a
3122 2154 3168 2198 te
3189 2186 3203 2211 ,
3236 2160 3300 2199 ne
3356 2156 3594 2198 avertare
3621 2160 3639 2197 :
3678 2159 3722 2197 et

2144 2240 2208 2291 ab
2238 2254 2299 2292 eo
2332 2238 2423 2307 qui
2452 2237 2623 2307 aufert
2659 2253 2775 2307 qua:
2803 2248 2893 2290 tua
2924 2246 3076 2298 sunt,
3112 2253 3173 2290 ue
3209 2245 3410 2305 repetas
3440 2237 3510 2289 “.

2216 2330 2303 2386 IV.
2350 2330 2475 2386 Ilzec
2505 2329 2641 2384 dixit
2673 2330 2740 2384 ad
2768 2345 2863 2385 eos
2893 2330 2985 2400 qui
3016 2330 3278 2383 mundum
3312 2330 3584 2399 fugerant.
3622 2326 3729 2381 Re.

2145 2424 2421 2493 liquerunt
2462 2421 2608 2477 enim
2643 2422 2830 2477 omnia
2868 2422 3048 2477 saeculi
3082 2422 3276 2493 hujus,
3310 2431 3362 2476 et
3398 2430 3729 2491 paraverunt

2146 2531 2206 2571 se
2245 2515 2428 2585 ipsos,
2462 2523 2523 2570 ut
2569 2512 2906 2571 Salvatorem
2956 2531 3116 2570 suum
3168 2523 3547 2584 sequerentur.
3605 2513 3728 2568 Ideo

2147 2608 2377 2677 diligens
2424 2622 2520 2663 eos
2578 2607 2846 2663 charitate
2888 2607 3124 2678 perlecta
3189 2607 3404 2662 dicebat
3443 2608 3562 2662 eis:
3604 2605 3732 2658 Sur-

2146 2702 2254 2769 gite
2277 2741 2292 2767 ,
2323 2700 2571 2754 abeamus
2601 2699 2724 2753 hinc
2753 2700 2822 2753 ".
2862 2698 2980 2766 Quo
3012 2698 3175 2769 igitur
3221 2699 3372 2753 ducit
3416 2713 3538 2762 eos,
3600 2698 3730 2768 quia

2147 2794 2282 2850 dicit
2309 2809 2322 2845 :
2360 2791 2595 2864 Surgite,
2636 2794 2889 2848 abeamus
2921 2792 3087 2847 hinc?
3120 2792 3200 2847 Ab
3232 2792 3394 2862 hujus
3422 2791 3605 2847 saeculi
3639 2808 3731 2846 ne-

2150 2888 2312 2959 gotiis
2363 2887 2586 2944 abducit
2630 2886 2748 2942 illos
2789 2888 2844 2943 in
2891 2902 3113 2956 regnum
3159 2901 3355 2949 suum,
3404 2894 3463 2939 ut
3513 2884 3727 2955 requie-

2149 2990 2327 3039 scant.
2383 2982 2753 3051 Quamobrem
2794 2984 2863 3038 ad
2914 2982 3100 3053 ipsos:
3154 2979 3304 3049 Ego,
3358 2978 3561 3050 inquit,
3615 2994 3727 3032 sum

465 3077 665 3132 mundo
693 3087 840 3134 sunt.
875 3078 1081 3149 Siquis
1119 3077 1296 3149 diligit
1327 3077 1580 3130 mundum
1603 3117 1619 3143 ,
1670 3093 1771 3130 non
1811 3084 1887 3129 est
1927 3074 2048 3129 clta-
2076 3094 2118 3153 (ς
2152 3077 2275 3131 vitis
2304 3117 2319 3141 ,
2353 3085 2403 3132 et
2437 3092 2524 3130 vos
2558 3077 2823 3147 palmites.
2861 3074 3071 3130 Manete
3104 3076 3159 3129 in
3193 3090 3271 3128 me
3292 3114 3306 3139 ,
3341 3083 3391 3128 et
3420 3085 3515 3143 ego
3546 3074 3607 3126 in
3639 3087 3724 3126 eo-

465 3169 601 3224 ritas
629 3169 811 3224 Patris
842 3172 897 3224 in
925 3187 1004 3225 eo.
1038 3171 1304 3237 Quoniam
1334 3186 1486 3223 onme
1511 3170 1649 3239 quod
1679 3178 1757 3222 est
1800 3168 1854 3221 in
1894 3183 2047 3223 mun-

465 3262 533 3315 do
553 3301 568 3327 ,
594 3263 1017 3332 concupiscentia
1041 3264 1318 3318 carnis'est
1338 3304 1353 3326 ,
1380 3274 1430 3317 et
1459 3261 1882 3331 concupiscentia
1922 3276 2046 3314 ocu-

468 3353 678 3420 lorum,
708 3365 755 3410 et
784 3356 1027 3424 superbia
1058 3356 1216 3422 ritte;
1246 3372 1361 3425 qua:
1396 3366 1499 3409 nan
1524 3368 1598 3409 est
1624 3371 1689 3410 ex
1719 3354 1879 3408 Patre
1899 3390 1914 3420 ,
1955 3353 2046 3407 sed

465 3462 530 3502 ea:
554 3446 751 3501 mundo
787 3459 884 3504 est.
910 3448 995 3504 Et,
1021 3448 1247 3502 mundus
1301 3450 1494 3502 transit
1545 3456 1595 3501 et
1627 3446 2047 3516 concupiscentia

462 3539 625 3609 ejus:
670 3541 759 3611 qui
807 3550 985 3596 autem
1028 3541 1160 3611 facit
1214 3541 1535 3596 voluntatem
1584 3539 1720 3605 Dei,
1772 3550 1944 3594 manet
1971 3540 2027 3593 in

465 3646 717 3689 trtcrnum
743 3635 810 3690 ³⁸.
844 3633 1059 3701 Filioli,
1107 3652 1170 3690 ne
1202 3636 1321 3706 quis
1359 3652 1446 3690 vos
1473 3635 1713 3691 seducet.
1761 3633 1871 3699 Qui
1914 3633 2047 3703 facit

456 3725 762 3794 justitiam,
787 3726 970 3797 justus
1000 3738 1078 3782 est
1104 3745 1123 3793 ;
1155 3730 1245 3797 qui
1279 3742 1450 3783 autem
1476 3740 1748 3799 peccatum
1778 3730 1950 3798 facit,
1982 3744 2047 3783 ea:

465 3820 680 3875 diabolo
712 3830 828 3875 est:
858 3821 923 3875 ab
959 3823 1121 3876 initio
1153 3822 1292 3877 enim
1318 3822 1566 3877 diabolus
1596 3834 1771 3891 peccat
1803 3822 1869 3876 ³⁸.
1903 3823 2050 3877 Ami-

466 3913 592 3965 citia
615 3914 752 3967 enim
780 3916 963 3969 mundi
987 3916 1273 3969 inimicitia
1303 3926 1378 3970 est
1406 3916 1459 3969 in
1490 3916 1652 3971 Deum
1681 3916 1747 3971 ".
1772 3917 1835 3971 Et
1862 3917 2051 3973 Petrus

467 4005 746 4071 apostolus
776 4005 1059 4061 dcterrens
1094 4006 1233 4061 ﬁlios
1268 4022 1395 4062 suos
1430 4022 1461 4062 a
1517 4016 1740 4077 peccato
1770 4027 1783 4062 :
1823 4005 2042 4072 llortor,

470 4096 683 4164 inquit.
718 4113 804 4151 vos
831 4138 846 4162 ,
880 4097 1077 4164 fratres
1100 4139 1115 4163 ,
1161 4110 1414 4170 tanquam
1461 4102 1691 4156 advenas
1734 4111 1783 4155 et
1815 4103 2051 4172 peregri-

468 4204 582 4251 nos,
610 4202 662 4241 ut
693 4190 1011 4248 abstineatis
1038 4211 1069 4245 a
1104 4195 1409 4248 carnalibus
1430 4194 1734 4261 desideriis,
1762 4212 1880 4263 quw
1908 4195 2050 4249 mili-

467 4289 579 4333 taut
603 4279 855 4336 adversus
880 4283 1114 4337 animam
1141 4283 1207 4337 ³⁸.
1234 4283 1301 4338 Ει
1329 4285 1556 4340 dilectus
1584 4288 1840 4342 Dominus
1868 4282 2050 4342 noster

462 4371 653 4437 .Icsus.
698 4389 819 4431 cum
866 4376 1033 4432 sciret
1082 4379 1341 4434 mundum
1390 4378 1588 4436 alierre
1638 4379 1794 4435 nobis
1843 4381 2046 4450 peceati

466 4466 801 4533 molestiam,
863 4471 1035 4525 donec
1093 4469 1242 4525 illum
1301 4469 1709 4539 relinquamus,
1756 4446 2128 4539 discipulosD

465 4572 595 4613 suos
630 4559 971 4616 conﬁrmavit
1000 4580 1011 4613 :
1052 4561 1201 4618 Venit
1230 4605 1245 4631 ,
1278 4563 1562 4633 inquiens,
1594 4564 1834 4634 princeps
1864 4567 2047 4618 mundi

465 4651 624 4720 hujus
647 4693 663 4717 ,
698 4665 747 4708 et
781 4655 836 4708 in
866 4671 946 4709 me
973 4654 1107 4709 nihil
1136 4673 1318 4711 eorum
1344 4673 1462 4727 qua:
1507 4658 1675 4727 ipsius
1719 4667 1876 4725 sunt,
1909 4659 2050 4713 iuve-

466 4747 541 4799 nit
574 4746 642 4811 ⁸⁹;
673 4758 727 4802 et
760 4766 975 4803 rursum
1001 4767 1015 4804 :
1044 4749 1276 4807 Mundus
1305 4752 1359 4805 in
1387 4752 1616 4823 maligno
1644 4754 1845 4822 positus
1872 4766 1947 4808 est
1978 4753 2046 4809 “.

465 4843 543 4896 Ac
601 4844 667 4897 de
720 4844 998 4914 discipulis
1042 4847 1157 4901 suis
1199 4847 1415 4902 dicebat
1462 4862 1557 4903 eos
1606 4862 1667 4901 se
1718 4848 1944 4916 elegisse
1986 4849 2053 4903 de

466 4934 670 4989 mundo
709 4935 776 4988 “.
826 4937 1184 5007 Quomodoje
1232 4940 1433 4996 mundo
1475 4939 1636 5009 elegit
1675 4955 1801 5005 eos,
1837 4941 1939 4995 nisi
1983 4956 2050 4995 ex

466 5028 614 5084 omni
647 5031 1007 5099 occupatione
1033 5034 1287 5102 peccati?
1313 5032 1570 5105 Quisquis
1601 5034 1768 5105 igitur
1794 5035 1905 5089 vult
1929 5050 2051 5089 esse

469 5124 772 5195 discipulus
804 5123 964 5189 ἔθευ,
1000 5124 1137 5196 iugit
1170 5142 1201 5182 a
1240 5128 1424 5193 vitiis;
1464 5129 1564 5183 nisi
1597 5129 1738 5184 enim
1778 5145 1839 5183 ea
1869 5130 2049 5197 proje-

467 5217 642 5282 ccril,
678 5216 769 5270 Dei
806 5232 912 5270 non
944 5226 1118 5287 potest
1144 5234 1265 5276 esse
1292 5220 1652 5288 domicilium,
1687 5237 1860 5291 neque
1891 5220 2043 5277 Divi-

472 5308 655 5363 nitatis
681 5308 1020 5364 dulcedinem
1046 5311 1356 5383 degustare.
1383 5313 1620 5367 Lucerna
1646 5315 1785 5369 enim
1809 5354 1823 5378 ,
1850 5315 2045 5384 inquit,

471 5405 705 5473 corporis
726 5414 802 5459 est
830 5404 1035 5461 oculus.
1059 5404 1186 5461 Nisi
1212 5407 1395 5462 oculus
1420 5407 1641 5477 simplex
1665 5408 1847 5477 fuerit,
1876 5416 2046 5463 totum

546 5560 591 5594 ³³
624 5560 643 5615 1
677 5563 800 5618 Cor.
841 5580 926 5630 ιιι,
956 5566 1047 5623 94.
1127 5566 1173 5599 ³⁸
1212 5567 1343 5623 ibid.
1378 5564 1470 5621 25.

476 5649 544 5697 ιι,
608 5635 692 5690 11.
798 5635 841 5668 ’⁸
882 5636 1039 5693 Joan.
1076 5655 1187 5701 xtv,
1222 5638 1311 5693 30.
1419 5638 1466 5669 ‘°
1509 5635 1715 5692 IJoan.
1750 5652 1800 5699 v,
1844 5636 1931 5689 I9.

478 5706 525 5738 “
560 5705 688 5760 Luc.
728 5722 811 5768 vt.
857 5709 1044 5767 27-50.
1147 5712 1193 5743 “
1230 5708 1382 5765 .Ioau.
1445 5724 1557 5773 stv,
1622 5708 1711 5762 3i.

480 5775 673 5831 MLuc.
710 5792 796 5830 Slv
822 5818 837 5843 ,
866 5781 956 5835 27.

1550 5565 1595 5597 ³⁸
1634 5564 1650 5619 I
1684 5563 1841 5621 Joan.
1880 5579 1954 5630 ll,
1988 5563 2175 5618 15-17.
2254 5563 2299 5594 ³⁸
2341 5563 2511 5617 lJoat

1558 5635 1715 5685 Joan-
1750 5652 1800 5685 v.
1844 5636 1931 5685 I9.
2007 5636 2051 5667 “
2092 5633 2249 5685 Joan.
2315 5647 2406 5685 xv.
2448 5632 2511 5685 19

1844 5636 1931 5689 19.
2007 5636 2051 5667 ⁸⁸
2092 5633 2249 5689 Joan.
2315 5647 2406 5694 xv,
2448 5633 2533 5685 19.

1815 5706 1860 5739 ⁸⁸
1897 5704 2054 5764 Joan.
2116 5720 2205 5773 xv,
2260 5703 2329 5772 4,
2364 5704 2417 5760 5.
2525 5702 2533 5730 '

2146 3172 2247 3226 bis.
2304 3167 2760 3235 Quemadmodum
2809 3168 3009 3238 palmes
3054 3184 3153 3222 non
3204 3175 3376 3237 potest
3427 3166 3563 3235 ferre
3616 3166 3729 3235 fni-

2146 3272 2284 3317 ctum
2308 3300 2324 3327 ,
2363 3261 2465 3314 nisi
2496 3260 2747 3314 manserit
2778 3260 2833 3314 in
2876 3260 3021 3315 vite:
3052 3260 3125 3314 ita
3154 3276 3245 3314 nec
3273 3276 3387 3324 vos,
3421 3260 3525 3314 nisi
3561 3260 3622 3314 in
3654 3275 3729 3312 me

2148 3354 2453 3409 manseritis
2483 3354 2550 3404 ⁸⁸.
2589 3354 2682 3408 Sic
2720 3368 2815 3409 eos
2845 3352 3138 3423 alloquitur
3180 3353 3270 3423 qui
3308 3354 3565 3407 munlum
3603 3353 3726 3407 reli-

2148 3456 2382 3517 querunt
2400 3487 2415 3512 ,
2444 3447 2567 3517 quia
2603 3446 2840 3518 Spiritus
2867 3456 3090 3502 sanctus
3117 3446 3169 3501 in
3196 3446 3301 3501 illis
3323 3455 3409 3501 est.
3437 3455 3492 3501 et
3521 3446 3726 3499 habitat

2150 3542 2203 3597 in
2231 3541 2485 3597 cordibus
2509 3554 2717 3596 eorum.
2740 3537 2791 3593 Ν
2797 3556 2863 3594 οη
2892 3539 3185 3609 relinquam
3213 3555 3300 3594 vos
3324 3544 3612 3609 orphanos,
3644 3539 3725 3593 sed

2149 3635 2354 3689 veniam
2397 3633 2466 3687 ad
2511 3649 2599 3688 vos
2652 3633 2720 3686 ⁸⁷.
2769 3632 2826 3686 Si
2871 3631 2994 3702 quis
3028 3632 3191 3703 igitur
3228 3631 3397 3687 Deum
3430 3630 3647 3702 diligit,
3677 3640 3725 3683 cl

2150 3728 2267 3783 vult
2301 3742 2426 3783 eum
2464 3727 2519 3782 in
2557 3740 2617 3782 se
2645 3724 2920 3791 habitare,
2955 3732 3010 3779 et
3057 3740 3115 3780 se
3146 3726 3451 3796 orpbanum
3491 3738 3601 3778 non
3632 3724 3722 3777 de-

2153 3820 2418 3891 relinqui,
2465 3820 2686 3874 studeat
2738 3833 2801 3873 ea
2869 3833 2990 3888 quae
3037 3816 3192 3872 Iesus
3238 3820 3494 3889 przecepit
3544 3816 3726 3872 obser-

2149 3930 2313 3981 vare,
2347 3921 2401 3967 et
2430 3912 2700 3967 habitabit
2727 3926 2849 3966 cum
2881 3914 3016 3981 ipso.
3048 3910 3231 3979 Neque
3276 3913 3419 3965 enim
3467 3911 3656 3980 procul
3697 3928 3723 3963 a

2152 4008 2307 4064 nobis
2337 4014 2458 4070 est,
2491 4019 2664 4075 neque
2694 4004 2835 4059 inter
2868 4003 3042 4073 ipsum
3091 4014 3145 4059 et
3182 4020 3278 4058 nos
3307 4003 3602 4072 quidquam
3652 4003 3701 4057 in

2152 4100 2381 4157 tercedit
2398 4141 2414 4167 ,
2441 4099 2541 4154 uisi
2569 4107 2871 4169 peccatum.
2896 4096 3282 4164 Quamobrem,
3317 4098 3499 4161 frater,
3525 4097 3567 4151 si
3593 4097 3724 4152 dicis

2154 4204 2207 4250 te
2234 4194 2436 4249 mundo
2464 4193 2807 4249 renuntiasse
2825 4231 2841 4254 .
2866 4203 2919 4246 et
2946 4208 3006 4246 ea
3036 4206 3155 4260 quae
3187 4190 3374 4245 mundi
3400 4200 3525 4245 sunt
3551 4190 3724 4247 facere

2151 4285 2612 4356 deprehenderis,
2647 4299 2753 4339 non
2782 4284 3108 4338 renuntiasti
3138 4286 3323 4352 plane,
3348 4283 3442 4337 sed
3478 4292 3529 4338 te
3554 4282 3722 4354 ipsum

2152 4379 2376 4449 decipis.
2415 4377 2527 4433 Hoc
2557 4378 2703 4433 enim
2732 4392 2922 4433 eorum
2953 4377 3042 4447 qui
3078 4379 3281 4431 mundo
3311 4376 3721 4441 renuntiarunt,

2152 4472 2414 4542 judicium
2443 4471 2563 4525 tulit
2589 4489 2602 4525 :
2632 4469 2737 4536 Qui
2762 4479 2910 4523 amat
2932 4509 2948 4535 ,
2974 4469 3222 4539 inquiens
3241 4508 3256 4533 ,
3281 4468 3516 4521 animam
3541 4484 3720 4530 suam,

2154 4564 2330 4635 perdet
2362 4580 2476 4617 eam
2500 4579 2518 4627 ;
2544 4566 2631 4633 qui
2660 4578 2836 4617 autem
2859 4560 3147 4631 perdiderit
3175 4564 3407 4615 animam
3434 4579 3585 4616 suam
3612 4579 3721 4630 pro-

2153 4666 2270 4727 pter
2292 4670 2393 4721 me,
2424 4655 2648 4709 servabit
2678 4668 2797 4709 eant
2823 4654 2894 4707 ".
2922 4653 3202 4720 Quomodo
3243 4652 3367 4723 quis
3409 4654 3585 4723 perdit
3616 4654 3721 4707 auio

2156 4766 2299 4806 mam
2332 4764 2485 4803 suam
2516 4789 2530 4813 ,
2562 4747 2669 4802 nisi
2700 4748 2826 4802 dum
2857 4759 3045 4802 omnes
3073 4745 3256 4801 carnis
3285 4745 3590 4801 voluntates
3619 4762 3722 4801 amo

2158 4843 2358 4916 putat?
2390 4843 2455 4897 Et
2484 4856 2699 4897 rursutu
2727 4858 2740 4894 :
2784 4839 2889 4906 Qui
2929 4856 3031 4894 non
3074 4838 3216 4893 tollit
3258 4855 3466 4894 crucem
3494 4856 3648 4894 suam
3681 4851 3719 4893 et

2159 4938 2396 5009 sequitur
2440 4953 2563 5002 me,
2629 4952 2733 4992 non
2784 4942 2955 5005 potest
3006 4950 3151 4989 meus
3173 4949 3283 4989 esse
3331 4932 3624 5004 discipulus
3665 4936 3719 4985 ⁵⁸.

2159 5031 2331 5099 Quam
2363 5029 2497 5085 dicit
2531 5037 2593 5083 ut
2622 5028 2881 5084 tollamus
2910 5041 3149 5091 crucem,
3193 5026 3298 5082 nisi
3342 5035 3403 5081 ut
3450 5041 3603 5082 mens
3638 5044 3714 5083 as-

2158 5126 2313 5181 sidue
2343 5122 2529 5193 vigilet
2552 5131 2607 5178 et
2638 5122 2932 5178 virtutibus
2976 5119 3294 5176 incumbat?
3336 5121 3384 5175 Δ
3413 5135 3576 5178 cruce
3624 5137 3720 5177 non

2156 5217 2408 5284 discedit,
2434 5221 2526 5287 qui
2552 5216 2684 5271 vitia
2713 5214 3077 5287 persequitur,
3097 5215 3269 5270 donec
3294 5229 3357 5270 ea
3387 5214 3637 5288 proﬂiget
3662 5229 3714 5268 ac

2154 5317 2398 5378 superet.
2434 5309 2518 5363 Ad
2549 5320 2646 5363 eos
2668 5305 2762 5375 qui
2795 5313 3124 5376 resurgunt:
3177 5302 3329 5371 Nisi,
3375 5306 3576 5376 inquit,
3613 5320 3720 5375 gra-

2154 5420 2278 5458 num
2307 5401 2560 5471 frumenti
2588 5400 2780 5454 cadens
2806 5398 2861 5453 in
2892 5406 3085 5453 terram
3113 5408 3383 5455 mortuum
3415 5398 3612 5470 fuerit,
3651 5400 3718 5467 ip-

2254 5562 2299 5594 ³⁸
2341 5560 2357 5615 I
2389 5559 2548 5617 Joan.
2586 5573 2645 5613 ιιι
2669 5598 2683 5619 ,
2723 5557 2775 5618 7,
2810 5555 2864 5611 8.
2951 5556 2996 5589 ⁸⁷
3037 5554 3153 5612 Jac.
3189 5572 3265 5615 tv.
3301 5556 3356 5610 4.
3455 5556 3501 5587 ⁸⁸
3536 5555 3556 5609 I
3586 5554 3715 5609 Petr.

2315 5647 2381 5666 νυ
2448 5632 2511 5666 40
2634 5630 2677 5660 δ’
2719 5627 2827 5666 [ηρ
2912 5643 2966 5666 τι
3035 5628 3104 5666 Ἅι
3230 5628 3276 5666 5³
3318 5626 3424 5666 an-
3480 5642 3574 5666 I‘IJI
3644 5628 3714 5666 Ili-

2525 5671 2533 5684 .
2634 5630 2677 5660 “
2718 5627 2851 5684 Luc.
2912 5643 3003 5691 ιι,
3034 5628 3123 5682 51.
3230 5628 3276 5666 ⁸³
3316 5626 3444 5682 Luc.
3480 5642 3608 5691 vm,
3644 5628 3715 5679 id.

2525 5701 2568 5733 "
2609 5699 2766 5758 Joan.
2833 5713 2944 5768 ειν,
3006 5699 3093 5757 18.
3200 5696 3247 5731 ⁵⁸
3284 5696 3434 5755 Joan.
3498 5713 3607 5765 xu,
3640 5697 3714 5751 9.5.
