3862 6342
214 242 358 305 "(il

1287 252 1346 310 S.
1388 251 1593 313 ISAUE
1633 252 1931 316 ABBATIS
1967 256 2380 321 ORATIOMES.

3342 270 3484 332 illi!

214 379 339 419 sunt
382 361 555 419 solum
595 370 772 419 manet
788 378 809 429 ;
853 363 900 419 si
927 372 1105 421 autem
1145 376 1410 423 mortuum
1438 368 1634 439 fuerit,
1666 372 1804 426 mul—
1830 378 1876 435 Α
1904 374 2107 432 Caveat
2139 379 2517 450 unusquisque
2539 419 2554 447 ,
2588 394 2657 438 ne
2698 396 2886 441 vocem
2918 380 3065 443 illam
3095 383 3319 442 audiat:
3350 383 3487 445 Pso-

216 465 333 510 tum
370 456 606 526 fructum
637 457 792 527 a/fert
817 457 886 513 ⁸ο.
914 458 1021 514 Eos
1047 474 1179 515 vero
1206 461 1297 529 qui
1329 464 1395 516 ad
1427 463 1579 533 grani
1609 465 1803 523 simili-

216 549 466 605 tudinem
492 549 819 616 moriuntur,
836 551 1183 609 consolatur:
1210 552 1316 620 Qui
1347 556 1474 611 mihi
1489 598 1505 624 ,
1532 557 1799 628 inquiens,

215 642 640 705 ministraverit,
673 644 1049 714 Itonori/icabit
1078 661 1196 700 eum
1225 645 1391 702 Pater
1416 665 1584 704 meus.
1622 648 1688 704 Et
1711 651 1801 707 ubi

213 748 309 802 ego
338 748 483 796 sum,
508 733 621 787 illic
645 741 695 788 et
719 735 965 789 minister
990 751 1135 791 meus
1162 737 1261 791 erit
1293 737 1360 796 δί.
1388 737 1669 807 Quomodo
1697 743 1801 799 nti-

214 824 458 879 nistrant
478 822 608 880 Jesu
629 863 645 889 ,
673 825 775 880 nisi
803 826 929 879 dum
959 828 1141 882 mundi
1169 828 1297 884 vitia
1324 831 1448 886 odio
1470 846 1803 904 persequun-

216 924 328 982 tur,
361 925 419 970 et
457 916 756 971 observant
794 918 1048 974 mandata
1093 919 1239 976 Dei?
1271 937 1501 992 quorum
1543 924 1797 981 observa-

214 1007 365 1063 tione
395 1006 649 1062 ﬁduciam
678 1018 931 1076 sumunt,
963 1021 1019 1067 et
1046 1011 1232 1068 dicunt
1259 1015 1309 1070 ei
1341 1032 1355 1070 :
1383 1014 1519 1072 Ecce
1546 1033 1639 1072 uos
1673 1018 1803 1074 rali-

209 1101 433 1171 quimus
478 1102 691 1168 omnia,
723 1111 775 1157 et
816 1106 984 1157 secuti
1026 1120 1211 1162 sumus
1251 1118 1341 1164 te:
1374 1109 1501 1181 quid
1537 1127 1659 1181 ergo
1700 1112 1801 1167 erit

211 1193 366 1247 nobis
389 1193 418 1248 ?
448 1194 647 1264 quibus
698 1194 788 1251 ille
825 1200 1158 1266 respondet:
1199 1198 1302 1257 Vos
1342 1204 1434 1272 qui
1473 1205 1639 1259 secuti
1676 1206 1801 1262 estis

211 1301 329 1353 me,
361 1286 418 1341 in
445 1288 869 1359 regeneratione,
909 1308 1028 1345 cum
1057 1293 1251 1349 sederit
1283 1293 1457 1352 Filius
1484 1297 1711 1353 hominis
1747 1299 1804 1355 in

207 1380 337 1434 sede
364 1380 663 1449 majestatis
687 1397 798 1437 sua:
821 1421 837 1447 ,
862 1382 1111 1439 sedebitis
1138 1396 1186 1440 et
1214 1403 1301 1443 vos
1323 1404 1479 1459 super
1503 1390 1647 1446 sedes
1659 1391 1805 1459 judi-

208 1480 399 1525 cantes
431 1472 709 1527 duodecim
739 1476 908 1529 tribus
940 1475 1132 1535 Israel.
1167 1477 1233 1534 Et
1255 1481 1552 1553 quicunque
1578 1484 1806 1555 relique-

210 1563 283 1616 rit
317 1562 543 1635 domos,
579 1578 671 1621 aut
709 1566 904 1637 fratres
948 1581 1037 1624 aut
1076 1588 1312 1638 sorores,
1348 1583 1441 1628 aut
1464 1585 1667 1646 patrem
1708 1586 1801 1633 aut

207 1664 479 1726 matrem,
519 1666 612 1712 aut
656 1674 871 1718 uxorem
905 1672 996 1717 aut
1038 1663 1201 1733 ﬁlios,
1264 1657 1355 1719 aut
1395 1682 1550 1739 agros
1592 1678 1804 1740 propter

1897 467 2049 536 jicite
2079 469 2133 522 in
2160 468 2400 525 tenebras
2427 473 2745 542 exteriores,
2777 474 2850 531 ibi
2873 477 2969 531 erit
3006 477 3163 546 ﬂetus
3206 486 3253 532 et
3286 479 3486 541 stridor

1902 562 2135 617 dentium
2158 558 2225 617 ⁸⁸.

1975 653 2061 711 Vl.
2101 654 2301 712 Demus
2330 657 2495 721 igitur
2523 674 2742 731 operam
2771 675 2869 733 pro
2894 662 3130 730 viribus,
3161 664 3353 722 fratres
3375 705 3391 733 ,
3422 676 3484 722 ut

1905 744 2190 803 lnduamus
2229 750 2550 808 vestimenta
2583 753 2885 825 virtutum,
2929 771 2998 811 ne
3041 755 3191 815 foras
3221 759 3482 819 exturbe~

1905 851 2047 893 mur.
2099 837 2254 896 Nulla
2299 843 2443 898 enim
2495 847 2601 902 erit
2647 848 2890 917 acceptio
2941 862 3289 919 personarum
3340 854 3482 925 apud

1904 927 2072 984 Deum
2115 931 2170 986 in
2212 932 2300 987 illa
2344 934 2457 991 die.
2489 936 2556 991 Et
2595 939 2686 1009 qui
2738 940 2963 1010 turpiter
2996 939 3372 1015 ﬁagitioseque
3400 946 3482 1002 vi-

1903 1031 2072 1086 vunt,
2111 1031 2168 1077 ut
2205 1025 2280 1079 ait
2317 1024 2634 1097 Apostolus,
2668 1045 2894 1103 regnum
2926 1032 3020 1090 Dei
3055 1036 3337 1105 possidere
3370 1053 3479 1096 non

1904 1123 2128 1182 possunt
2159 1116 2226 1171 °'.
2258 1117 2325 1172 Et
2357 1121 2609 1190 quoniam
2638 1125 2728 1196 qui
2760 1139 2827 1180 ex
2858 1127 3050 1183 mortis
3078 1127 3331 1198 operibus
3359 1144 3485 1195 sus-

1904 1204 2159 1271 citantur,
2220 1218 2276 1264 et
2337 1210 2522 1267 vivunt
2579 1214 2878 1271 secundum
2936 1218 3220 1288 spiritum,
3278 1235 3309 1277 a
3368 1236 3481 1291 quo

1906 1306 2230 1354 accusentur
2259 1317 2363 1357 non
2409 1306 2610 1372 habent
2635 1325 2652 1377 ;
2693 1309 2942 1379 quisnam
2973 1313 3046 1368 sit
3076 1310 3285 1368 fructus
3312 1314 3480 1384 ipsius

1905 1387 2128 1463 spiritus
2184 1391 2389 1448 indicat
2431 1411 2445 1450 :
2481 1392 2750 1466 Fructus,
2785 1402 3077 1474 inquiens,
3125 1405 3349 1475 spiritus
3402 1416 3478 1461 est

1912 1476 2183 1548 charitas,
2229 1484 2513 1553 gaudium,
2549 1505 2695 1559 pax,
2735 1492 2990 1560 patientia
3014 1536 3029 1559 ,
3075 1496 3476 1569 longanimitas,

1904 1567 2142 1639 bonitas,
2192 1574 2514 1655 benignitas,
2557 1587 2934 1654 mansuetudo,
2971 1588 3133 1657 ﬁdes,
3163 1567 3475 1661 modestia,

1905 1664 2260 1736 continentia,
2310 1673 2555 1729 castitas.
2604 1676 2861 1732 Adversus
2910 1680 3212 1750 hujusmodi
3257 1701 3359 1739 non
3400 1696 3478 1745 est

203 1762 405 1803 nomen
455 1766 658 1819 meum,
706 1754 1011 1825 centuplum
1055 1756 1309 1828 accipiet,
1364 1769 1413 1815 et
1444 1739 1609 1817 vitam
1646 1772 1803 1820 teter-
1835 1739 1881 1800 Β
1908 1756 1992 1811 lea:
2021 1758 2085 1845 ξ’.
2129 1760 2200 1814 At
2251 1764 2503 1820 amabilis
2550 1766 2810 1827 Dominus
2856 1782 3044 1829 noster
3070 1773 3269 1845 .lesus,
3297 1787 3479 1837 osten-

206 1854 340 1893 ttam
370 1842 651 1911 possidebit
683 1845 751 1901 δ’.

287 1935 359 1993 ν.
400 1937 535 1995 Cum
563 1939 730 1995 sciret
756 1940 984 1999 dilectus
1007 1942 1268 2001 Dominus
1296 1955 1480 2003 noster
1503 1946 1660 2005 Jesus
1686 1947 1801 2006 ﬁeri

210 2046 327 2085 non
360 2044 554 2100 posse,
583 2040 641 2087 ut
677 2031 919 2088 hominis
951 2050 1106 2091 mens
1134 2036 1201 2093 ad
1231 2052 1450 2093 crucem
1483 2041 1799 2111 accederet,

209 2123 320 2178 nisi
347 2122 418 2177 ab
442 2123 590 2178 omni
623 2124 809 2178 mundi
841 2125 1205 2184 sollicitudine
1232 2128 1478 2197 abesset,
1509 2134 1760 2204 praecepit
1780 2120 1817 2201 ,κ

207 2222 274 2268 ut
298 2210 863 2282 omnia‘relinqueret,
888 2228 1118 2284 quorum
1151 2217 1439 2273 occasione
1480 2227 1802 2275 avocaretur

206 2319 240 2359 ο
275 2316 466 2361 cruce.
505 2302 627 2359 Ideo
657 2304 888 2359 venienti
920 2308 985 2360 ad
1017 2322 1077 2362 se
1104 2307 1411 2379 dicentique
1431 2352 1444 2377 ,
1477 2308 1682 2381 Sequar
1706 2320 1755 2365 te
1781 2351 1797 2371 .

207 2397 481 2465 Domine,
513 2398 605 2452 sed
632 2400 906 2468 permitte,
941 2411 997 2454 ut
1023 2401 1171 2470 prius
1202 2402 1476 2471 disponam
1502 2420 1564 2460 ea
1598 2420 1716 2474 qute
1740 2403 1796 2463 in

205 2492 372 2546 domo
397 2506 511 2545 mea
534 2500 656 2545 sunt
688 2490 757 2558 ⁸³,
788 2493 1066 2561 prohibuit
1092 2513 1106 2550 :
1133 2496 1389 2564 quoniam
1414 2497 1458 2552 si
1484 2512 1547 2552 ea
1573 2498 1799 2554 vidisset

206 2599 313 2639 cor
340 2582 491 2653 ejus,
522 2584 717 2640 iterum
750 2586 816 2640 ad
853 2585 940 2641 illa
973 2587 1316 2644 declinasset.
1350 2585 1550 2655 Nemo,
1586 2590 1796 2660 inquit,

206 2679 431 2731 mittens
462 2692 673 2730 manum
703 2676 773 2730 ad
797 2688 1035 2732 aratrum
1058 2720 1071 2747 ,
1102 2690 1147 2734 et
1174 2689 1430 2735 revertens
1459 2690 1621 2748 retro,
1647 2694 1798 2751 aptus

206 2779 292 2824 est
328 2774 398 2823 ad
430 2785 644 2841 regnum
671 2770 919 2825 certorum
946 2770 1015 2827 “.
1038 2770 1157 2827 .lam
1183 2789 1305 2828 cum
1339 2772 1557 2830 fecisset
1583 2790 1796 2833 coenam

211 2862 330 2916 lilio
360 2876 462 2918 suo
489 2871 667 2932 pater,
704 2863 1049 2934 misissetqne
1082 2880 1268 2921 servos
1301 2867 1392 2937 qui
1424 2877 1680 2924 vocarent
1710 2868 1795 2924 in-

209 2956 418 3010 vitatos
436 2994 453 3022 ,
480 2963 534 3009 et
562 2970 740 3010 rerum
768 2971 903 3025 quas
930 2956 1159 3029 quisque
1184 2958 1463 3030 diligebat,
1504 2960 1798 3029 cupiditate

1905 1841 2037 1906 deus
2060 1852 2216 1908 nobis
2234 1868 2397 1923 opera
2427 1857 2481 1912 in
2514 1858 2602 1912 illa
2633 1860 2721 1916 die
2746 1876 2867 1918 esse
2896 1841 3304 1932 patefacienda:
3332 1868 3479 1925 Mul-

1906 1942 1946 1995 ti
1968 1984 1981 2009 ,
2016 1941 2217 2012 inquit,
2240 1958 2476 2017 quwrent
2504 1950 2729 2021 ingredi,
2756 1964 2806 2009 et
2840 1970 2940 2008 non
2964 1968 3227 2025 poterunt.
3257 1958 3482 2017 Postea.»

1901 2050 2059 2105 quam
2090 2039 2229 2090 enim
2257 2040 2645 2109 paterfamilias
2682 2047 2969 2102 surrexerit
2988 2087 3003 2111 ,
3038 2060 3092 2104 et
3116 2053 3307 2107 ostium
3329 2056 3485 2119 clau-

1902 2126 2065 2192 serit,
2091 2128 2421 2196 pulsantibus
2461 2137 2831 2206 respondebit:
2869 2137 3062 2197 Nescio
3100 2160 3185 2198 vos
3231 2144 3297 2199 “.
3342 2145 3479 2213 Num

1902 2233 2191 2289 possumus
2219 2224 2403 2280 dicere
2435 2224 2600 2282 Deum
2626 2230 2926 2301 quidquam
2958 2234 3255 2305 ignorare?
3279 2237 3475 2302 Absit!

1905 2309 2014 2365 Cur
2048 2311 2214 2382 igitur
2253 2314 2473 2383 dicitur,
2514 2316 2704 2375 Nescio
2743 2327 2875 2380 vos?
2908 2324 3042 2391 Quia
3073 2328 3302 2385 virtutes
3336 2330 3483 2402 igno-

1903 2412 2026 2458 rant
2065 2404 2137 2460 illi
2187 2406 2277 2475 qui
2324 2410 2541 2478 pulsant
2582 2422 2636 2468 et
2678 2416 2906 2471 dicunt:
2938 2417 3196 2488 Domine,
3223 2421 3478 2495 Domine,

1902 2498 2046 2565 aperi
2080 2499 2225 2554 nobis
2258 2500 2323 2558 ”.
2350 2503 2427 2558 Ae
2454 2503 2522 2560 de
2553 2504 2657 2562 illis
2683 2509 2899 2578 quidem
2932 2512 3024 2582 qui
3057 2513 3213 2579 ﬁdem
3240 2516 3461 2592 habent)

1901 2596 1955 2642 et
1994 2605 2098 2645 non
2135 2591 2336 2648 habent
2361 2610 2560 2667 opera,
2606 2614 2822 2656 rursum
2867 2602 3146 2674 loquitur:
3179 2607 3294 2678 Ego
3323 2591 3479 2679 sum,

1902 2681 2156 2748 inquiens
2179 2726 2194 2752 ,
2230 2688 2347 2742 uitis
2377 2728 2394 2754 ,
2429 2698 2477 2744 et
2512 2707 2597 2745 vos
2622 2693 2907 2763 palmites;
2937 2699 3029 2769 qui
3058 2712 3232 2765 malnat
3268 2704 3327 2759 in
3364 2722 3499 2773 me,-

1900 2784 1946 2829 et
1978 2791 2071 2846 ego
2105 2778 2159 2831 in
2192 2796 2250 2833 eo
2273 2822 2287 2846 ,
2335 2780 2419 2834 hic
2460 2783 2562 2852 [ert
2592 2785 2824 2852 fructum
2870 2792 3136 2858 multum;
3174 2798 3264 2867 qui
3304 2810 3481 2867 autem

1898 2870 1955 2923 in
2002 2885 2083 2925 me
2122 2887 2225 2927 non
2251 2884 2445 2941 manet,
2483 2875 2725 2946 ejicietur
2774 2882 2949 2952 foras,
2983 2895 3030 2943 et
3072 2900 3301 2958 arescet,
3346 2901 3394 2947 et
3427 2894 3483 2949 in

1899 2961 2071 3030 ignem
2120 2963 2432 3036 conjicietur
2482 2969 2548 3023 “.
2603 2970 2704 3039 Qui
2766 2984 2947 3031 autem
3005 2976 3239 3037 fructum
3297 2981 3481 3051 ferunt

211 3050 487 3107 noluisset
517 3050 705 3107 venire
733 3050 803 3117 ⁸⁸,
832 3050 1019 3107 dolore
1045 3066 1345 3110 commonts
1374 3053 1508 3109 dixit
1537 3072 1550 3108 :
1590 3052 1651 3108 Si
1679 3054 1795 3125 quis
1824 3088 1870 3148 ε
1906 3055 2135 3123 bonum,
2192 3073 2286 3113 eos
2334 3071 2526 3132 purgat
2578 3062 2720 3120 Deus
2736 3104 2759 3133 ,
2809 3076 2869 3121 ut
2913 3068 3032 3139 plus
3083 3050 3373 3133 fructuum
3400 3075 3484 3132 le-

209 3144 460 3201 uenit‘ad
493 3160 572 3199 me
592 3184 608 3207 ,
638 3155 684 3199 et
718 3161 821 3199 non
845 3133 964 3199 'odit
994 3154 1197 3216 patrem
1224 3162 1375 3200 suunt
1397 3156 1443 3201 et
1467 3155 1716 3213 matrem,
1751 3155 1800 3201 et

214 3254 437 3294 storem
479 3248 529 3292 et
573 3237 748 3308 ﬁlios,
798 3249 844 3294 et
880 3237 1072 3308 fratres
1114 3248 1165 3293 et
1198 3254 1426 3303 sorores,
1457 3248 1612 3309 atque
1641 3238 1801 3293 etiam

210 3332 457 3387 animans
496 3348 680 3397 suam,
729 3348 830 3386 non
878 3340 1043 3402 potest
1088 3348 1233 3386 meus
1272 3347 1382 3387 esse
1413 3331 1700 3399 discipulus
1731 3332 1797 3387 ".

214 3426 434 3494 Quibus
458 3426 639 3481 verbis
665 3425 989 3498 signiﬁcavit
1006 3467 1022 3495 ,
1048 3440 1153 3482 non
1179 3440 1336 3495 posse
1362 3441 1459 3482 nos
1481 3426 1546 3480 ad
1575 3441 1801 3496 regnum

213 3518 371 3589 quod
400 3517 685 3589 cupimus,
720 3518 1042 3588 pervenire,
1077 3519 1183 3574 nisi
1220 3519 1369 3589 prius
1402 3520 1802 3577 decreverimus

211 3609 352 3664 odio
376 3609 642 3680 persequi
676 3623 739 3663 ea
775 3625 894 3678 quae
923 3624 1017 3666 eor
1048 3619 1313 3677 nostrum,
1336 3610 1400 3664 ad
1436 3611 1690 3664 tnundum
1722 3610 1801 3665 al-

215 3701 435 3758 liciunt.
471 3699 641 3759 Porro
672 3716 898 3757 monens
929 3717 1058 3769 nos,
1089 3716 1156 3757 ne
1189 3701 1290 3757 ﬁde
1321 3701 1435 3756 sola
1470 3701 1522 3756 in
1558 3717 1659 3770 qua
1696 3718 1800 3757 non

218 3795 399 3853 insint
436 3809 599 3866 opera
629 3835 645 3861 ,
689 3794 1068 3851 conﬁdamus:
1106 3792 1417 3865 Ingressus,
1462 3795 1665 3866 inquit,
1712 3803 1803 3850 rex

216 3897 278 3943 ut
326 3886 678 3941 recumbentes
719 3879 910 3941 rideret
936 3926 949 3950 ,
1007 3886 1206 3954 aspexit
1251 3886 1360 3940 illic
1397 3888 1659 3941 hominem
1699 3904 1801 3942 non

214 3962 467 4037 indutum
498 3988 632 4035 ueste
670 3980 1008 4050 nuptiarum,
1041 3989 1088 4034 et
1120 3979 1284 4049 jussit
1326 3996 1443 4033 eum
1497 3982 1706 4034 extrudi
1748 3983 1802 4033 in

220 4072 466 4130 tenebras
494 4071 778 4126 exteriores
813 4073 882 4125 ⁸⁷.
925 4071 1307 4142 lngrediuntnr
1337 4074 1481 4128 enim
1518 4074 1643 4145 quia
1679 4081 1806 4128 sunt

216 4165 449 4222 nomine
476 4164 771 4220 Christiani
800 4180 815 4232 ;
848 4163 1140 4235 ejiciuntur
1170 4174 1349 4220 autem
1369 4205 1385 4230 ,
1416 4166 1538 4236 quia
1570 4182 1672 4220 non
1712 4168 1804 4220 ha-

218 4258 361 4314 bent
406 4270 569 4327 opera
613 4256 820 4311 nomini
851 4256 1226 4327 congruentia.
1271 4255 1805 4326 SciebatApostolus

220 4350 536 4415 neminem,
567 4363 687 4418 quae
712 4347 806 4403 Dei
836 4357 889 4404 et
910 4363 1030 4419 quae
1058 4348 1241 4404 mundi
1271 4357 1428 4414 sunt,
1460 4349 1620 4404 simul
1646 4363 1806 4419 posse

1905 3156 2028 3202 rant
2057 3147 2121 3203 ⁸⁷.
2174 3149 2325 3216 Quod
2354 3162 2534 3211 autem
2576 3156 2700 3223 illos
2735 3173 2843 3215 non
2871 3174 3017 3218 amet
3051 3166 3138 3234 qui
3172 3169 3356 3234 carnis
3383 3168 3485 3225 οι)-

1907 3247 2209 3310 temperant
2255 3243 2547 3315 voluntati,
2597 3249 2880 3311 declarat:
2934 3252 3058 3313 Non
3106 3274 3202 3327 pro
3242 3261 3483 3327 mundo,

1905 3329 2194 3400 inquiens,
2225 3350 2351 3406 rogo
2370 3375 2385 3401 ,
2417 3339 2510 3392 sed
2539 3356 2635 3408 pro
2669 3341 2736 3396 iis
2764 3360 2895 3414 quos
2926 3346 3119 3408 dedisti
3138 3349 3306 3418 mihi,
3353 3353 3480 3422 quis

1904 3422 1982 3475 tui
2006 3433 2127 3477 sunt
2160 3423 2204 3456 ⁶⁸
2232 3442 2246 3479 :
2292 3435 2345 3480 et
2384 3443 2484 3499 ego
2513 3428 2649 3500 elegi
2680 3446 2776 3509 eos
2805 3434 2871 3488 de
2904 3437 3106 3491 mundo
3129 3437 3214 3493 "z
3248 3442 3480 3501 niundus

1904 3515 2046 3569 enim
2078 3530 2196 3585 qua:
2229 3531 2324 3572 sua
2356 3529 2484 3574 sunt
2514 3519 2711 3591 diligit.
2770 3523 2953 3593 Pater,
2978 3544 3124 3584 serva
3156 3530 3275 3591 illos
3305 3551 3337 3595 ᾳ
3365 3551 3482 3593 ma-

1904 3604 1984 3669 lo,
2016 3609 2138 3676 quia
2168 3625 2269 3664 non
2296 3620 2417 3664 sunt
2447 3615 2510 3666 de
2534 3617 2730 3670 mundo
2750 3617 2817 3673 7°.
2847 3618 3200 3690 Exploremtts
3230 3637 3481 3689 nosmet.-

1911 3695 2079 3763 ipsos,
2131 3696 2363 3767 fratres,
2424 3714 2606 3758 utrum
2657 3706 2827 3765 simus
2872 3710 2938 3773 de
2990 3711 3231 3779 mundo,
3284 3731 3478 3781 necne,

1905 3787 2058 3856 Quod
2087 3791 2132 3845 si
2167 3808 2271 3847 non
2311 3810 2497 3852 sumus
2531 3812 2560 3852 e
2593 3802 2826 3871 mundo,
2881 3818 2981 3871 nos
3016 3821 3055 3860 -a
3114 3809 3256 3871 malo
3292 3825 3484 3871 serva-

1905 3882 2001 3935 bit.
2037 3882 2128 3937 Sic
2157 3885 2300 3941 enim
2356 3887 2472 3943 ait:
2518 3888 2642 3945 Non
2682 3908 2777 3961 pro
2830 3895 2895 3950 iis
2941 3907 3143 3965 tantum
3186 3918 3341 3974 rogo,
3390 3906 3484 3965 sed

1905 3982 1951 4026 et
1980 3989 2074 4042 pro
2107 3974 2215 4029 illis
2266 3980 2355 4046 qui
2402 3996 2494 4050 per
2534 3998 2821 4043 sermonem
2869 3988 3102 4059 ipsorum
3135 3994 3204 4059 ,ἄη
3243 4012 3324 4059 nte
3366 4013 3489 4055 ere—

1906 4065 2062 4131 deut,
2098 4078 2152 4122 ut
2188 4085 2363 4127 omnes
2394 4089 2557 4129 unum
2584 4077 2723 4145 sint,
2766 4081 2905 4147 sicut
2942 4093 2994 4147 et
3040 4101 3135 4141 nos
3182 4105 3347 4151 unum
3386 4108 3486 4151 ,ω-

1906 4175 2020 4213 mus
2048 4162 2092 4193 ⁷⁸
2122 4180 2138 4229 ;
2171 4171 2226 4219 et
2259 4179 2472 4222 rursum
2502 4185 2515 4221 :
2553 4165 2620 4223 Ut
2665 4172 2754 4227 ubi
2798 4189 2898 4251 ego
2941 4192 3091 4244 sunt,
3131 4179 3241 4243 illic
3289 4182 3396 4241 sint
3433 4193 3486 4240 et

1906 4255 2004 4324 ipsi
2038 4272 2236 4312 mecum
2262 4260 2327 4312 7’.

1979 4347 2091 4403 VII.
2125 4348 2500 4419 Considerate,
2535 4354 2864 4425 charissimi,
2898 4372 3097 4429 quanta
3150 4379 3248 4423 nos
3282 4367 3385 4438 ,ιιιιὶ
3430 4367 3485 4429 in

219 4443 491 4514 diligere;
548 4441 669 4498 ideo
721 4441 941 4511 scripsit
987 4440 1053 4495 ad
1104 4440 1443 4496 Timotheum
1481 4440 1801 4509 discipulum
1837 4442 1880 4499 D
1911 4440 2012 4494 hoc
2055 4443 2253 4499 mundo
2300 4454 2604 4513 certamus,
2652 4459 2708 4504 et
2752 4452 2935 4511 carnis
2987 4454 3316 4517 voluntatem
3364 4461 3485 4517 odi-

221 4551 389 4594 suum
415 4553 428 4590 :
464 4533 632 4589 Nemo
659 4533 893 4589 militans
919 4535 1037 4589 vitm
1071 4534 1289 4605 negotiis
1318 4533 1642 4602 implicatur,
1670 4545 1724 4587 ut
1755 4534 1805 4589 ei

220 4630 433 4696 placeat
461 4643 493 4678 a
517 4640 620 4696 quo
647 4624 795 4679 miles
819 4624 1015 4679 electus
1036 4636 1135 4680 est.
1162 4622 1343 4695 Neque
1365 4624 1510 4696 pugil
1531 4625 1806 4697 quisquam

224 4728 541 4786 coronatur,
580 4718 681 4773 nisi
716 4717 944 4788 legitime
975 4720 1247 4773 certaverit
1281 4719 1344 4774 ⁸³.
1383 4719 1449 4773 Et
1480 4719 1808 4774 caullrmans

225 4829 355 4871 eum
377 4854 394 4879 ,
432 4830 500 4867 ne
535 4812 750 4867 labores
785 4826 913 4867 suos
951 4813 1198 4868 crederet
1229 4813 1415 4869 inanes
1448 4813 1598 4878 iure,
1636 4812 1808 4870 Labo-

227 4917 436 4959 rantem
454 4945 469 4969 ,
497 4904 701 4974 inquit,
725 4903 1013 4973 agricolam
1046 4913 1244 4973 oportet
1273 4904 1502 4975 primum
1528 4907 1591 4958 de
1613 4904 1807 4973 fructi-

227 5000 328 5053 bus
354 4997 590 5065 accipere
616 4994 683 5048 ⁸⁸.
721 4994 786 5049 Ει
812 4994 877 5048 ad
911 4993 1218 5050 Corinthios
1248 4995 1527 5057 scribens:
1561 4995 1666 5062 Qui
1696 4997 1809 5052 sine

228 5103 400 5141 uxore
445 5098 559 5149 est,
590 5086 793 5155 inquit,
826 5084 1081 5139 sollicitus
1118 5094 1194 5139 est
1224 5101 1341 5156 quin
1392 5085 1602 5141 Domini
1646 5096 1806 5153 sunt,

224 5180 493 5251 quomodo
517 5179 718 5246 placeat
743 5177 854 5231 Deo
876 5193 895 5243 ,'
917 5177 1007 5248 qui
1037 5191 1209 5231 autem
1231 5195 1345 5231 cum
1372 5194 1534 5233 uxore
1558 5189 1667 5247 est,
1693 5195 1810 5250 qua:

227 5282 356 5329 sunt
382 5271 593 5335 mundi,
621 5271 881 5340 quomodo
908 5269 1111 5341 placeat
1140 5272 1316 5339 uxori,
1347 5281 1396 5326 et
1420 5272 1617 5327 divisus
1644 5286 1717 5328 est
1736 5274 1806 5327 ‘°.

304 5410 352 5441 "
391 5406 548 5463 Joan.
582 5423 692 5469 xtl.
745 5408 851 5473 2i,
879 5408 971 5463 25.
1084 5408 1128 5442 "
1170 5410 1301 5465 ibid.
1333 5409 1424 5467 26.

1533 5413 1581 5445 "
1619 5410 1806 5471 Matth.
1843 5431 1972 5484 xu,
2018 5415 2214 5474 27-29.

1915 4546 2056 4601 mus,
2093 4532 2330 4590 Charitas
2365 4536 2748 4606 amplectatur,
2776 4541 3047 4615 siquidem
3081 4553 3357 4618 regnaturi
3389 4571 3487 4612 su-

1917 4640 2037 4682 mus
2069 4641 2190 4683 cum
2225 4627 2338 4696 ipso
2366 4629 2419 4685 in
2449 4630 2654 4689 inﬁnita
2689 4635 2905 4691 secula.
2935 4638 3318 4712 Contemplans
3340 4649 3485 4705 enim

1918 4731 2167 4789 magnam
2198 4717 2343 4773 illam
2371 4718 2600 4790 gloriam
2636 4720 2873 4780 Joannes
2909 4731 3226 4798 apostolus:
3255 4734 3485 4806 Scimus,

1917 4812 2110 4882 inQuil,
2143 4815 2268 4884 quia
2307 4830 2424 4869 cum
2458 4820 2785 4889 apparuerit,
2822 4822 3017 4887 similes
3053 4827 3102 4883 ei
3130 4831 3324 4892 erimus
3340 4834 3407 4898 τι,
3438 4836 3489 4892 εἰ

1915 4906 2313 4963 servaverimus
2345 4912 2600 4962 mandata
2630 4911 2749 4982 ejus
2771 4922 2828 4968 et
2872 4929 2939 4970 ea
2972 4932 3093 4986 qua:
3122 4929 3252 4977 sunt
3286 4922 3485 4992 placita

1915 4997 1969 5053 in
2019 5010 2316 5068 conspectu
2374 4998 2494 5069 ejus
2533 4999 2920 5075 fecerimus";
2969 5018 3024 5069 et
3065 5010 3205 5067 idem
3254 5029 3486 5073 rursus:

1917 5087 2098 5145 Nolite
2148 5092 2356 5159 mirari,
2397 5094 2715 5159 charissimi,
2747 5098 2793 5152 si
2828 5102 3054 5157 mundus
3092 5121 3177 5161 vos
3206 5107 3340 5163 odit.
3374 5107 3490 5165 Nos

1915 5184 2135 5249 scimus,
2178 5185 2302 5253 quia
2355 5186 2603 5241 translati
2649 5204 2830 5255 sumus
2866 5193 2932 5247 de
2982 5207 3147 5251 morte
3182 5200 3254 5252 ad
3303 5201 3486 5270 vitam,

1915 5276 2165 5347 quoniam
2198 5276 2464 5348 diligimus
2499 5277 2691 5349 fratres
2704 5281 2783 5350 ’¹-⁹;
2816 5293 2870 5339 et
2896 5300 3145 5345 rursum:
3174 5288 3358 5348 Omnis
3397 5297 3488 5364 qui

2324 5418 2372 5451 ⁸³
2410 5418 2600 5475 Matth.
2646 5438 2773 5487 rm.
2805 5423 2898 5479 2i.
3011 5427 3058 5460 “
3099 5425 3229 5487 Luc.
3271 5447 3357 5489 lx.
3394 5430 3484 5487 6‘2.

230 5484 279 5515 ⁵⁸
323 5478 455 5558 Litt".
491 5495 601 5558 δέχ,
640 5481 860 5558 llsgq.
908 5480 981 5558 _“
1022 5480 1276 5558 ibid._‘§6.
1319 5482 1633 5558 ‘_"_hlatth.
1665 5500 1805 5558 xxii.

1922 5478 2086 5558 (ιδ.
2159 5489 2207 5520 ιε
2247 5488 2285 5543 ll
2318 5489 2458 5545 Tim.
2492 5491 2665 5557 n.4,
2717 5478 2772 5549 52
2847 5478 2896 5529 ιδ
2932 5478 3484 5558 ίι›ίιι.ιῖ““ὶο”ἱέἱιὲξ

234 5568 347 5615 vit,
516 5549 609 5636 53.;
657 5552 725 5636 "l
767 5552 1117 5636 Matthxgtxnv,
1399 5552 1694 5636 IACor:nxv,
1722 5556 1805 5614 δυ.

1913 5549 1943 5588 πί
1971 5558 2149 5636 Galat.
2180 5575 2234 5636 χ,
2259 5559 2357 5636 ea,
2387 5560 2480 5616 es.
2557 5549 2763 5636 syllae.
2791 5581 2914 5631 xm,
2933 5549 3145 5636 eius:
3228 5573 3274 5606 οι
3296 5549 3486 5632 iniit};

232 5636 364 5685 ειν,
401 5621 487 5674 ll.
566 5622 611 5654 ⁶⁶
649 5621 804 5677 Joan.
842 5638 932 5687 xv,
966 5623 1018 5687 5,
1044 5623 1097 5677 6.
1174 5624 1217 5656 ⁸⁷
1251 5623 1377 5681 ibid.
1426 5624 1480 5678 2.
1551 5625 1595 5658 ⁸⁸
1632 5624 1717 5681 Jot

230 5692 278 5725 "
333 5693 462 5748 ibid.
496 5690 589 5758 20,
625 5692 717 5752 2|.
792 5692 837 5725 ⁷⁸
873 5695 1001 5748 ibid.
1042 5695 1133 5751 9.4.
1212 5696 1296 5750 ⁷³1
1327 5693 1484 5752 Joan.
1528 5712 1589 5754 tu
1663 5697 1717 5752 2.

434 5789 705 5854 PATROL.
754 5790 867 5851 Gn.
910 5792 1031 5857 XL.

566 5622 611 5654 ⁶⁶
649 5621 804 5677 Joan.
842 5638 932 5687 xv,
966 5623 1018 5687 5,
1044 5623 1097 5677 6.
1174 5624 1217 5656 ⁸⁷
1251 5623 1377 5681 ibid.
1426 5624 1480 5678 2.
1551 5625 1595 5658 ⁸⁸
1632 5624 1790 5682 Joan.
1839 5643 1967 5691 xvtt,
2014 5629 2070 5684 9.

2177 5630 2407 5708 “’joao:
2444 5648 2534 5708 sv,
2578 5633 2666 5689 l9.
2780 5637 2823 5668 ⁷ο
2863 5630 3027 5700 Iesu;
3073 5658 3137 5701 xi,
3171 5660 3207 5708 ι,
3246 5643 3337 5699 45,
3400 5630 3488 5702 ta;

1797 5700 1844 5733 ⁷⁸
1871 5698 1889 5753 l
1917 5699 2071 5755 lusu.
2128 5717 2198 5771 ιι,
2230 5703 2283 5759 3.
2363 5701 2408 5734 "
2440 5704 2454 5758 l
2485 5702 2641 5759 Joau.
2680 5720 2765 5773 tn,
2794 5708 2873 5764 l5.
2913 5711 2997 5765 Η.

3134 5806 3201 5877 37
