  <div class='ocr_page' id='page_1' title='image "/cluster/home/n/w/nwhite01/storage/ocr_20150623/40/hvd.32044019207786/611.png"; bbox 0 0 3862 6330; ppageno 0'>
   <div class='ocr_carea' id='block_1_1' title="bbox 392 272 531 332">
    <p class='ocr_par' dir='ltr' id='par_1_1' title="bbox 392 272 531 332">
     <span class='ocr_line' id='line_1_1' title="bbox 392 272 531 332; baseline -0.014 0"><span class='ocrx_word' id='word_1_1' title='bbox 392 272 531 332; x_wconf 75' lang='lat' dir='ltr'><strong><em>H63</em></strong></span> 
     </span>
    </p>
   </div>
   <div class='ocr_carea' id='block_1_2' title="bbox 1520 210 2568 318">
    <p class='ocr_par' dir='ltr' id='par_1_2' title="bbox 1520 210 2568 318">
     <span class='ocr_line' id='line_1_2' title="bbox 1520 210 2568 318; baseline 0.001 -2"><span class='ocrx_word' id='word_1_2' title='bbox 1520 259 1788 318; x_wconf 74' lang='lat' dir='ltr'><strong><em>PATRES</em></strong></span> <span class='ocrx_word' id='word_1_3' title='bbox 1828 259 1940 316; x_wconf 68' lang='grc' dir='ltr'>ίἘο</span> <span class='ocrx_word' id='word_1_4' title='bbox 1953 258 2126 316; x_wconf 75' lang='grc' dir='ltr'><strong><em>ῩΡΤΙΙ</em></strong></span> <span class='ocrx_word' id='word_1_5' title='bbox 2169 256 2367 317; x_wconf 66' lang='grc' dir='ltr'><strong><em>ΒιΕΟυ</em></strong></span> <span class='ocrx_word' id='word_1_6' title='bbox 2377 210 2457 315; x_wconf 18' lang='lat' dir='ltr'><strong><em>LI“</em></strong></span> <span class='ocrx_word' id='word_1_7' title='bbox 2477 261 2568 317; x_wconf 75' lang='lat' dir='ltr'><strong><em>IV.</em></strong></span> 
     </span>
    </p>
   </div>
   <div class='ocr_carea' id='block_1_3' title="bbox 3503 256 3648 319">
    <p class='ocr_par' dir='ltr' id='par_1_3' title="bbox 3503 256 3648 319">
     <span class='ocr_line' id='line_1_3' title="bbox 3503 256 3648 319; baseline 0.021 -4"><span class='ocrx_word' id='word_1_8' title='bbox 3503 256 3648 319; x_wconf 65' lang='lat' dir='ltr'><strong>H65</strong></span> 
     </span>
    </p>
   </div>
   <div class='ocr_carea' id='block_1_4' title="bbox 391 375 3650 460">
    <p class='ocr_par' dir='ltr' id='par_1_4' title="bbox 391 375 3650 460">
     <span class='ocr_line' id='line_1_4' title="bbox 391 375 3650 460; baseline -0.005 -13"><span class='ocrx_word' id='word_1_9' title='bbox 391 407 496 447; x_wconf 88' lang='lat' dir='ltr'><strong><em>non</em></strong></span> <span class='ocrx_word' id='word_1_10' title='bbox 530 377 660 460; x_wconf 73' lang='lat' dir='ltr'><strong><em>facit</em></strong></span> <span class='ocrx_word' id='word_1_11' title='bbox 686 384 973 456; x_wconf 70' lang='lat' dir='ltr'><strong><em>justitiam,</em></strong></span> <span class='ocrx_word' id='word_1_12' title='bbox 1008 396 1108 436; x_wconf 89' lang='lat' dir='ltr'><strong><em>non</em></strong></span> <span class='ocrx_word' id='word_1_13' title='bbox 1151 391 1224 435; x_wconf 90' lang='lat' dir='ltr'><strong><em>est</em></strong></span> <span class='ocrx_word' id='word_1_14' title='bbox 1276 397 1340 433; x_wconf 76' lang='lat' dir='ltr'><strong><em>ex</em></strong></span> <span class='ocrx_word' id='word_1_15' title='bbox 1377 379 1504 445; x_wconf 82' lang='lat' dir='ltr'><strong><em>Deo,</em></strong></span> <span class='ocrx_word' id='word_1_16' title='bbox 1545 390 1592 434; x_wconf 85' lang='lat' dir='ltr'><strong><em>et</em></strong></span> <span class='ocrx_word' id='word_1_17' title='bbox 1625 380 1715 450; x_wconf 90' lang='lat' dir='ltr'><strong><em>qui</em></strong></span> <span class='ocrx_word' id='word_1_18' title='bbox 1746 395 1847 432; x_wconf 88' lang='lat' dir='ltr'><strong><em>non</em></strong></span> <span class='ocrx_word' id='word_1_19' title='bbox 1879 379 1962 432; x_wconf 89' lang='lat' dir='ltr'><strong><em>di-</em></strong></span> <span class='ocrx_word' id='word_1_20' title='bbox 1993 385 2038 441; x_wconf 75' lang='grc' dir='ltr'><strong>Α</strong></span> <span class='ocrx_word' id='word_1_21' title='bbox 2067 379 2267 448; x_wconf 87' lang='lat' dir='ltr'><strong><em>gnatio,</em></strong></span> <span class='ocrx_word' id='word_1_22' title='bbox 2298 389 2344 432; x_wconf 90' lang='lat' dir='ltr'><strong><em>et</em></strong></span> <span class='ocrx_word' id='word_1_23' title='bbox 2382 379 2602 443; x_wconf 84' lang='lat' dir='ltr'><strong><em>clamor,</em></strong></span> <span class='ocrx_word' id='word_1_24' title='bbox 2631 386 2678 432; x_wconf 90' lang='lat' dir='ltr'><strong><em>et</em></strong></span> <span class='ocrx_word' id='word_1_25' title='bbox 2715 376 3032 446; x_wconf 70' lang='lat' dir='ltr'><strong><em>blasphemia</em></strong></span> <span class='ocrx_word' id='word_1_26' title='bbox 3068 375 3336 428; x_wconf 60' lang='lat' dir='ltr'><strong><em>tollutnra</em></strong></span> <span class='ocrx_word' id='word_1_27' title='bbox 3359 375 3502 429; x_wconf 74' lang='lat' dir='ltr'><strong><em>vobis</em></strong></span> <span class='ocrx_word' id='word_1_28' title='bbox 3521 393 3650 431; x_wconf 73' lang='lat' dir='ltr'><strong><em>cum</em></strong></span> 
     </span>
    </p>
   </div>
   <div class='ocr_carea' id='block_1_5' title="bbox 391 471 1962 556">
    <p class='ocr_par' dir='ltr' id='par_1_5' title="bbox 391 471 1962 556">
     <span class='ocr_line' id='line_1_5' title="bbox 391 471 1962 556; baseline -0.01 -17"><span class='ocrx_word' id='word_1_29' title='bbox 391 484 508 556; x_wconf 81' lang='lat' dir='ltr'><strong><em>ligit</em></strong></span> <span class='ocrx_word' id='word_1_30' title='bbox 537 481 752 552; x_wconf 92' lang='lat' dir='ltr'><strong><em>fratrem</em></strong></span> <span class='ocrx_word' id='word_1_31' title='bbox 783 475 1017 539; x_wconf 85' lang='lat' dir='ltr'><strong><em>suum&quot;;</em></strong></span> <span class='ocrx_word' id='word_1_32' title='bbox 1044 483 1099 529; x_wconf 88' lang='lat' dir='ltr'><strong><em>et</em></strong></span> <span class='ocrx_word' id='word_1_33' title='bbox 1124 488 1334 528; x_wconf 84' lang='lat' dir='ltr'>rursum</span> <span class='ocrx_word' id='word_1_34' title='bbox 1361 492 1372 530; x_wconf 94' lang='lat'>:</span> <span class='ocrx_word' id='word_1_35' title='bbox 1397 471 1499 539; x_wconf 97' lang='lat' dir='ltr'><strong><em>Qui</em></strong></span> <span class='ocrx_word' id='word_1_36' title='bbox 1530 475 1655 543; x_wconf 89' lang='lat' dir='ltr'><strong><em>facit</em></strong></span> <span class='ocrx_word' id='word_1_37' title='bbox 1675 473 1962 543; x_wconf 73' lang='lat' dir='ltr'><strong><em>justitiam,</em></strong></span> 
     </span>
    </p>
   </div>
   <div class='ocr_carea' id='block_1_6' title="bbox 391 565 1968 636">
    <p class='ocr_par' dir='ltr' id='par_1_6' title="bbox 391 565 1968 636">
     <span class='ocr_line' id='line_1_6' title="bbox 391 565 1968 636; baseline -0.008 -4"><span class='ocrx_word' id='word_1_38' title='bbox 391 592 458 632; x_wconf 75' lang='lat' dir='ltr'><strong><em>es:</em></strong></span> <span class='ocrx_word' id='word_1_39' title='bbox 497 575 607 630; x_wconf 87' lang='lat' dir='ltr'><strong><em>Deo</em></strong></span> <span class='ocrx_word' id='word_1_40' title='bbox 634 581 790 628; x_wconf 90' lang='lat' dir='ltr'><strong><em>natus</em></strong></span> <span class='ocrx_word' id='word_1_41' title='bbox 833 581 906 625; x_wconf 92' lang='lat' dir='ltr'><strong><em>est</em></strong></span> <span class='ocrx_word' id='word_1_42' title='bbox 925 569 1000 635; x_wconf 83' lang='lat'><strong><em>&quot;&quot;;</em></strong></span> <span class='ocrx_word' id='word_1_43' title='bbox 1055 568 1158 635; x_wconf 87' lang='lat' dir='ltr'><strong><em>Qui</em></strong></span> <span class='ocrx_word' id='word_1_44' title='bbox 1195 578 1364 622; x_wconf 87' lang='lat' dir='ltr'><strong><em>autem</em></strong></span> <span class='ocrx_word' id='word_1_45' title='bbox 1410 576 1676 636; x_wconf 85' lang='lat' dir='ltr'><strong><em>peccatum</em></strong></span> <span class='ocrx_word' id='word_1_46' title='bbox 1712 565 1864 635; x_wconf 84' lang='lat' dir='ltr'><strong><em>facit,</em></strong></span> <span class='ocrx_word' id='word_1_47' title='bbox 1903 581 1968 620; x_wconf 80' lang='lat' dir='ltr'><strong><em>ea:</em></strong></span> 
     </span>
    </p>
   </div>
   <div class='ocr_carea' id='block_1_7' title="bbox 392 659 1969 732">
    <p class='ocr_par' dir='ltr' id='par_1_7' title="bbox 392 659 1969 732">
     <span class='ocr_line' id='line_1_7' title="bbox 392 659 1969 732; baseline -0.007 -11"><span class='ocrx_word' id='word_1_48' title='bbox 392 666 602 722; x_wconf 85' lang='lat' dir='ltr'><strong><em>diabolo</em></strong></span> <span class='ocrx_word' id='word_1_49' title='bbox 625 674 700 720; x_wconf 89' lang='lat' dir='ltr'><strong><em>est</em></strong></span> <span class='ocrx_word' id='word_1_50' title='bbox 717 663 796 732; x_wconf 80' lang='grc'><strong><em>⁷⁸;</em></strong></span> <span class='ocrx_word' id='word_1_51' title='bbox 829 672 882 718; x_wconf 90' lang='lat' dir='ltr'><strong><em>et</em></strong></span> <span class='ocrx_word' id='word_1_52' title='bbox 910 677 1120 717; x_wconf 86' lang='lat' dir='ltr'><strong><em>rursum</em></strong></span> <span class='ocrx_word' id='word_1_53' title='bbox 1144 679 1156 715; x_wconf 93' lang='lat'><strong>:</strong></span> <span class='ocrx_word' id='word_1_54' title='bbox 1193 659 1296 726; x_wconf 87' lang='lat' dir='ltr'><strong><em>Qui</em></strong></span> <span class='ocrx_word' id='word_1_55' title='bbox 1320 676 1384 714; x_wconf 76' lang='lat' dir='ltr'><strong><em>ex</em></strong></span> <span class='ocrx_word' id='word_1_56' title='bbox 1407 659 1514 713; x_wconf 88' lang='lat' dir='ltr'><strong><em>Deo</em></strong></span> <span class='ocrx_word' id='word_1_57' title='bbox 1545 670 1699 712; x_wconf 86' lang='lat' dir='ltr'><strong><em>natus</em></strong></span> <span class='ocrx_word' id='word_1_58' title='bbox 1726 667 1825 722; x_wconf 86' lang='lat' dir='ltr'><strong><em>est,</em></strong></span> <span class='ocrx_word' id='word_1_59' title='bbox 1850 673 1969 724; x_wconf 88' lang='lat' dir='ltr'><strong><em>pec-</em></strong></span> 
     </span>
    </p>
   </div>
   <div class='ocr_carea' id='block_1_8' title="bbox 391 751 1966 826">
    <p class='ocr_par' dir='ltr' id='par_1_8' title="bbox 391 751 1966 826">
     <span class='ocr_line' id='line_1_8' title="bbox 391 751 1966 826; baseline -0.007 -13"><span class='ocrx_word' id='word_1_60' title='bbox 391 769 564 814; x_wconf 78' lang='lat' dir='ltr'><strong><em>catum</em></strong></span> <span class='ocrx_word' id='word_1_61' title='bbox 593 773 696 812; x_wconf 87' lang='lat' dir='ltr'><strong><em>non</em></strong></span> <span class='ocrx_word' id='word_1_62' title='bbox 743 756 899 826; x_wconf 85' lang='lat' dir='ltr'><strong><em>facit,</em></strong></span> <span class='ocrx_word' id='word_1_63' title='bbox 954 753 1076 826; x_wconf 83' lang='lat' dir='ltr'><strong><em>quia</em></strong></span> <span class='ocrx_word' id='word_1_64' title='bbox 1119 769 1292 808; x_wconf 88' lang='lat' dir='ltr'><strong><em>senten</em></strong></span> <span class='ocrx_word' id='word_1_65' title='bbox 1331 752 1445 822; x_wconf 83' lang='lat' dir='ltr'><strong><em>ejus</em></strong></span> <span class='ocrx_word' id='word_1_66' title='bbox 1475 752 1528 803; x_wconf 87' lang='lat' dir='ltr'><strong><em>in</em></strong></span> <span class='ocrx_word' id='word_1_67' title='bbox 1580 751 1689 820; x_wconf 88' lang='lat' dir='ltr'><strong><em>ipso</em></strong></span> <span class='ocrx_word' id='word_1_68' title='bbox 1722 758 1894 803; x_wconf 85' lang='lat' dir='ltr'><strong><em>manet</em></strong></span> <span class='ocrx_word' id='word_1_69' title='bbox 1920 761 1966 803; x_wconf 90' lang='lat' dir='ltr'><strong><em>et</em></strong></span> 
     </span>
    </p>
   </div>
   <div class='ocr_carea' id='block_1_9' title="bbox 390 838 1969 915">
    <p class='ocr_par' dir='ltr' id='par_1_9' title="bbox 390 838 1969 915">
     <span class='ocr_line' id='line_1_9' title="bbox 390 838 1969 915; baseline -0.005 -13"><span class='ocrx_word' id='word_1_70' title='bbox 390 864 495 902; x_wconf 87' lang='lat' dir='ltr'><strong><em>non</em></strong></span> <span class='ocrx_word' id='word_1_71' title='bbox 523 856 689 914; x_wconf 86' lang='lat' dir='ltr'><strong><em>potest</em></strong></span> <span class='ocrx_word' id='word_1_72' title='bbox 719 859 954 915; x_wconf 78' lang='lat' dir='ltr'><strong><em>peccare,</em></strong></span> <span class='ocrx_word' id='word_1_73' title='bbox 983 843 1232 914; x_wconf 84' lang='lat' dir='ltr'><strong><em>quoniam</em></strong></span> <span class='ocrx_word' id='word_1_74' title='bbox 1262 857 1326 895; x_wconf 81' lang='lat' dir='ltr'><strong><em>ea:</em></strong></span> <span class='ocrx_word' id='word_1_75' title='bbox 1363 840 1470 895; x_wconf 88' lang='lat' dir='ltr'><strong><em>Deo</em></strong></span> <span class='ocrx_word' id='word_1_76' title='bbox 1502 850 1655 894; x_wconf 88' lang='lat' dir='ltr'><strong><em>natus</em></strong></span> <span class='ocrx_word' id='word_1_77' title='bbox 1684 839 1842 893; x_wconf 75' lang='lat' dir='ltr'><strong><em>est&quot;.</em></strong></span> <span class='ocrx_word' id='word_1_78' title='bbox 1877 838 1969 894; x_wconf 85' lang='lat' dir='ltr'><strong><em>His</em></strong></span> 
     </span>
    </p>
   </div>
   <div class='ocr_carea' id='block_1_10' title="bbox 390 930 1969 1003">
    <p class='ocr_par' dir='ltr' id='par_1_10' title="bbox 390 930 1969 1003">
     <span class='ocr_line' id='line_1_10' title="bbox 390 930 1969 1003; baseline -0.006 -9"><span class='ocrx_word' id='word_1_79' title='bbox 390 939 722 996; x_wconf 87' lang='lat' dir='ltr'><strong><em>testimoniis</em></strong></span> <span class='ocrx_word' id='word_1_80' title='bbox 764 936 1070 992; x_wconf 67' lang='lat' dir='ltr'><strong><em>continuati</em></strong></span> <span class='ocrx_word' id='word_1_81' title='bbox 1115 935 1185 990; x_wconf 85' lang='lat' dir='ltr'><strong><em>ad</em></strong></span> <span class='ocrx_word' id='word_1_82' title='bbox 1218 932 1312 989; x_wconf 88' lang='lat' dir='ltr'><strong><em>Dei</em></strong></span> <span class='ocrx_word' id='word_1_83' title='bbox 1350 932 1734 1003; x_wconf 80' lang='lat' dir='ltr'><strong><em>benignitatem</em></strong></span> <span class='ocrx_word' id='word_1_84' title='bbox 1779 930 1969 986; x_wconf 85' lang='lat' dir='ltr'><strong><em>confu-</em></strong></span> 
     </span>
    </p>
   </div>
   <div class='ocr_carea' id='block_1_11' title="bbox 390 1020 1971 1102">
    <p class='ocr_par' dir='ltr' id='par_1_11' title="bbox 390 1020 1971 1102">
     <span class='ocr_line' id='line_1_11' title="bbox 390 1020 1971 1102; baseline -0.007 -15"><span class='ocrx_word' id='word_1_85' title='bbox 390 1033 622 1102; x_wconf 68' lang='lat' dir='ltr'><strong><em>giamus,</em></strong></span> <span class='ocrx_word' id='word_1_86' title='bbox 660 1040 720 1086; x_wconf 90' lang='lat' dir='ltr'><strong><em>ut</em></strong></span> <span class='ocrx_word' id='word_1_87' title='bbox 749 1020 1070 1086; x_wconf 83' lang='lat' dir='ltr'><strong><em>misereatur</em></strong></span> <span class='ocrx_word' id='word_1_88' title='bbox 1100 1026 1292 1093; x_wconf 93' lang='lat' dir='ltr'><strong><em>nostri,</em></strong></span> <span class='ocrx_word' id='word_1_89' title='bbox 1315 1026 1582 1094; x_wconf 82' lang='lat' dir='ltr'><strong><em>viresque</em></strong></span> <span class='ocrx_word' id='word_1_90' title='bbox 1617 1023 1818 1079; x_wconf 85' lang='lat' dir='ltr'><strong><em>tribuat</em></strong></span> <span class='ocrx_word' id='word_1_91' title='bbox 1849 1023 1971 1093; x_wconf 81' lang='lat' dir='ltr'><strong><em>qui-</em></strong></span> 
     </span>
    </p>
   </div>
   <div class='ocr_carea' id='block_1_12' title="bbox 389 1114 1971 1190">
    <p class='ocr_par' dir='ltr' id='par_1_12' title="bbox 389 1114 1971 1190">
     <span class='ocr_line' id='line_1_12' title="bbox 389 1114 1971 1190; baseline -0.008 -8"><span class='ocrx_word' id='word_1_92' title='bbox 389 1125 496 1182; x_wconf 86' lang='lat' dir='ltr'><strong><em>bus</em></strong></span> <span class='ocrx_word' id='word_1_93' title='bbox 533 1123 716 1181; x_wconf 91' lang='lat' dir='ltr'><strong><em>mundi</em></strong></span> <span class='ocrx_word' id='word_1_94' title='bbox 751 1121 907 1178; x_wconf 82' lang='lat' dir='ltr'><strong><em>Istius</em></strong></span> <span class='ocrx_word' id='word_1_95' title='bbox 944 1117 1208 1176; x_wconf 85' lang='lat' dir='ltr'><strong><em>immundi</em></strong></span> <span class='ocrx_word' id='word_1_96' title='bbox 1242 1119 1431 1190; x_wconf 71' lang='lat' dir='ltr'><strong><em>iugum</em></strong></span> <span class='ocrx_word' id='word_1_97' title='bbox 1467 1116 1830 1173; x_wconf 83' lang='lat' dir='ltr'><strong><em>excutiamus.</em></strong></span> <span class='ocrx_word' id='word_1_98' title='bbox 1866 1114 1971 1170; x_wconf 70' lang='lat' dir='ltr'><strong><em>Nc-</em></strong></span> 
     </span>
    </p>
   </div>
   <div class='ocr_carea' id='block_1_13' title="bbox 391 1207 1970 1287">
    <p class='ocr_par' dir='ltr' id='par_1_13' title="bbox 391 1207 1970 1287">
     <span class='ocr_line' id='line_1_13' title="bbox 391 1207 1970 1287; baseline -0.004 -19"><span class='ocrx_word' id='word_1_99' title='bbox 391 1230 498 1287; x_wconf 86' lang='lat' dir='ltr'><strong><em>que</em></strong></span> <span class='ocrx_word' id='word_1_100' title='bbox 555 1216 699 1270; x_wconf 90' lang='lat' dir='ltr'><strong><em>enim</em></strong></span> <span class='ocrx_word' id='word_1_101' title='bbox 769 1214 1023 1268; x_wconf 80' lang='lat' dir='ltr'><strong><em>inimicus</em></strong></span> <span class='ocrx_word' id='word_1_102' title='bbox 1083 1220 1274 1267; x_wconf 87' lang='lat' dir='ltr'><strong><em>noster</em></strong></span> <span class='ocrx_word' id='word_1_103' title='bbox 1333 1224 1570 1280; x_wconf 83' lang='lat' dir='ltr'><strong><em>unquam</em></strong></span> <span class='ocrx_word' id='word_1_104' title='bbox 1625 1214 1805 1262; x_wconf 79' lang='lat' dir='ltr'><strong><em>cessat</em></strong></span> <span class='ocrx_word' id='word_1_105' title='bbox 1854 1207 1970 1261; x_wconf 86' lang='lat' dir='ltr'><strong><em>vias</em></strong></span> 
     </span>
    </p>
   </div>
   <div class='ocr_carea' id='block_1_14' title="bbox 389 1301 1971 1378">
    <p class='ocr_par' dir='ltr' id='par_1_14' title="bbox 389 1301 1971 1378">
     <span class='ocr_line' id='line_1_14' title="bbox 389 1301 1971 1378; baseline -0.008 -13"><span class='ocrx_word' id='word_1_106' title='bbox 389 1322 583 1365; x_wconf 88' lang='lat' dir='ltr'><strong><em>omnes</em></strong></span> <span class='ocrx_word' id='word_1_107' title='bbox 632 1306 904 1378; x_wconf 85' lang='lat' dir='ltr'><strong><em>persequi,</em></strong></span> <span class='ocrx_word' id='word_1_108' title='bbox 951 1305 1149 1374; x_wconf 87' lang='lat' dir='ltr'><strong><em>quibus</em></strong></span> <span class='ocrx_word' id='word_1_109' title='bbox 1183 1303 1394 1357; x_wconf 88' lang='lat' dir='ltr'><strong><em>animas</em></strong></span> <span class='ocrx_word' id='word_1_110' title='bbox 1441 1309 1655 1356; x_wconf 88' lang='lat' dir='ltr'><strong><em>nostras</em></strong></span> <span class='ocrx_word' id='word_1_111' title='bbox 1699 1301 1971 1370; x_wconf 75' lang='lat' dir='ltr'><strong><em>deprtede-</em></strong></span> 
     </span>
    </p>
   </div>
   <div class='ocr_carea' id='block_1_15' title="bbox 391 1391 1965 1464">
    <p class='ocr_par' dir='ltr' id='par_1_15' title="bbox 391 1391 1965 1464">
     <span class='ocr_line' id='line_1_15' title="bbox 391 1391 1965 1464; baseline -0.007 -8"><span class='ocrx_word' id='word_1_112' title='bbox 391 1410 506 1456; x_wconf 89' lang='lat' dir='ltr'><strong><em>tur.</em></strong></span> <span class='ocrx_word' id='word_1_113' title='bbox 542 1398 744 1464; x_wconf 80' lang='lat' dir='ltr'><strong><em>Verum</em></strong></span> <span class='ocrx_word' id='word_1_114' title='bbox 783 1398 1042 1453; x_wconf 87' lang='lat' dir='ltr'><strong><em>Dominus</em></strong></span> <span class='ocrx_word' id='word_1_115' title='bbox 1073 1405 1257 1452; x_wconf 88' lang='lat' dir='ltr'><strong><em>noster</em></strong></span> <span class='ocrx_word' id='word_1_116' title='bbox 1288 1393 1445 1450; x_wconf 77' lang='lat' dir='ltr'><strong><em>Jesus</em></strong></span> <span class='ocrx_word' id='word_1_117' title='bbox 1492 1391 1744 1448; x_wconf 87' lang='lat' dir='ltr'><strong><em>Christus</em></strong></span> <span class='ocrx_word' id='word_1_118' title='bbox 1779 1391 1965 1446; x_wconf 86' lang='lat' dir='ltr'><strong><em>uobis-</em></strong></span> 
     </span>
    </p>
   </div>
   <div class='ocr_carea' id='block_1_16' title="bbox 391 1484 1973 1562">
    <p class='ocr_par' dir='ltr' id='par_1_16' title="bbox 391 1484 1973 1562">
     <span class='ocr_line' id='line_1_16' title="bbox 391 1484 1973 1562; baseline -0.005 -15"><span class='ocrx_word' id='word_1_119' title='bbox 391 1508 515 1547; x_wconf 88' lang='lat' dir='ltr'><strong><em>cum</em></strong></span> <span class='ocrx_word' id='word_1_120' title='bbox 557 1501 659 1548; x_wconf 90' lang='lat' dir='ltr'><strong><em>est.</em></strong></span> <span class='ocrx_word' id='word_1_121' title='bbox 694 1491 824 1562; x_wconf 88' lang='lat' dir='ltr'><strong><em>Ejus</em></strong></span> <span class='ocrx_word' id='word_1_122' title='bbox 850 1491 1012 1546; x_wconf 84' lang='lat' dir='ltr'><strong><em>verba</em></strong></span> <span class='ocrx_word' id='word_1_123' title='bbox 1064 1489 1218 1545; x_wconf 90' lang='lat' dir='ltr'><strong><em>nobis</em></strong></span> <span class='ocrx_word' id='word_1_124' title='bbox 1249 1487 1604 1558; x_wconf 88' lang='lat' dir='ltr'><strong><em>opitulantur.</em></strong></span> <span class='ocrx_word' id='word_1_125' title='bbox 1630 1484 1831 1543; x_wconf 86' lang='lat' dir='ltr'><strong><em>Horum</em></strong></span> <span class='ocrx_word' id='word_1_126' title='bbox 1863 1484 1973 1539; x_wconf 86' lang='lat' dir='ltr'><strong><em>vir-</em></strong></span> 
     </span>
    </p>
   </div>
   <div class='ocr_carea' id='block_1_17' title="bbox 389 1580 1968 1650">
    <p class='ocr_par' dir='ltr' id='par_1_17' title="bbox 389 1580 1968 1650">
     <span class='ocr_line' id='line_1_17' title="bbox 389 1580 1968 1650; baseline -0.006 -10"><span class='ocrx_word' id='word_1_127' title='bbox 389 1594 544 1650; x_wconf 59' lang='lat' dir='ltr'><strong><em>tute,»</em></strong></span> <span class='ocrx_word' id='word_1_128' title='bbox 580 1583 626 1640; x_wconf 90' lang='lat' dir='ltr'><strong><em>si</em></strong></span> <span class='ocrx_word' id='word_1_129' title='bbox 685 1597 746 1638; x_wconf 87' lang='lat' dir='ltr'><strong><em>ea</em></strong></span> <span class='ocrx_word' id='word_1_130' title='bbox 803 1582 1223 1647; x_wconf 83' lang='lat' dir='ltr'><strong><em>servaverimus,</em></strong></span> <span class='ocrx_word' id='word_1_131' title='bbox 1272 1580 1555 1635; x_wconf 89' lang='lat' dir='ltr'><strong><em>inimicum</em></strong></span> <span class='ocrx_word' id='word_1_132' title='bbox 1600 1589 1968 1634; x_wconf 87' lang='lat' dir='ltr'><strong><em>conteremus.</em></strong></span> 
     </span>
    </p>
   </div>
   <div class='ocr_carea' id='block_1_18' title="bbox 391 1670 1970 1747">
    <p class='ocr_par' dir='ltr' id='par_1_18' title="bbox 391 1670 1970 1747">
     <span class='ocr_line' id='line_1_18' title="bbox 391 1670 1970 1747; baseline -0.004 -14"><span class='ocrx_word' id='word_1_133' title='bbox 391 1677 610 1747; x_wconf 80' lang='lat' dir='ltr'><strong><em>Alioqui</em></strong></span> <span class='ocrx_word' id='word_1_134' title='bbox 641 1677 765 1747; x_wconf 90' lang='lat' dir='ltr'><strong><em>quis</em></strong></span> <span class='ocrx_word' id='word_1_135' title='bbox 812 1677 860 1730; x_wconf 90' lang='lat' dir='ltr'><strong><em>ei</em></strong></span> <span class='ocrx_word' id='word_1_136' title='bbox 913 1676 1168 1730; x_wconf 80' lang='lat' dir='ltr'><strong><em>resistere</em></strong></span> <span class='ocrx_word' id='word_1_137' title='bbox 1203 1673 1416 1729; x_wconf 78' lang='lat' dir='ltr'><strong>valeat?</strong></span> <span class='ocrx_word' id='word_1_138' title='bbox 1456 1671 1649 1729; x_wconf 83' lang='lat' dir='ltr'><strong><em>Petrus</em></strong></span> <span class='ocrx_word' id='word_1_139' title='bbox 1693 1670 1970 1743; x_wconf 81' lang='lat' dir='ltr'><strong><em>apostolus</em></strong></span> 
     </span>
    </p>
   </div>
   <div class='ocr_carea' id='block_1_19' title="bbox 2069 467 3649 540">
    <p class='ocr_par' dir='ltr' id='par_1_19' title="bbox 2069 467 3649 540">
     <span class='ocr_line' id='line_1_19' title="bbox 2069 467 3649 540; baseline -0.003 -14"><span class='ocrx_word' id='word_1_140' title='bbox 2069 473 2209 527; x_wconf 86' lang='lat' dir='ltr'><strong><em>omni</em></strong></span> <span class='ocrx_word' id='word_1_141' title='bbox 2234 470 2437 524; x_wconf 88' lang='lat' dir='ltr'><strong><em>malitia</em></strong></span> <span class='ocrx_word' id='word_1_142' title='bbox 2455 469 2524 524; x_wconf 82' lang='grc'><strong><em>⁸⁸.</em></strong></span> <span class='ocrx_word' id='word_1_143' title='bbox 2567 467 2886 536; x_wconf 84' lang='lat' dir='ltr'><strong><em>Imitutores,</em></strong></span> <span class='ocrx_word' id='word_1_144' title='bbox 2921 469 3116 540; x_wconf 82' lang='lat' dir='ltr'><strong><em>inquit,</em></strong></span> <span class='ocrx_word' id='word_1_145' title='bbox 3148 469 3247 521; x_wconf 89' lang='lat' dir='ltr'><strong><em>mei</em></strong></span> <span class='ocrx_word' id='word_1_146' title='bbox 3288 475 3475 532; x_wconf 81' lang='lat' dir='ltr'><strong><em>estote,</em></strong></span> <span class='ocrx_word' id='word_1_147' title='bbox 3508 472 3649 522; x_wconf 72' lang='lat' dir='ltr'><strong><em>sicut</em></strong></span> 
     </span>
    </p>
   </div>
   <div class='ocr_carea' id='block_1_20' title="bbox 2067 557 3650 634">
    <p class='ocr_par' dir='ltr' id='par_1_20' title="bbox 2067 557 3650 634">
     <span class='ocr_line' id='line_1_20' title="bbox 2067 557 3650 634; baseline -0.002 -16"><span class='ocrx_word' id='word_1_148' title='bbox 2067 573 2115 618; x_wconf 87' lang='lat' dir='ltr'><strong><em>et</em></strong></span> <span class='ocrx_word' id='word_1_149' title='bbox 2138 580 2230 634; x_wconf 86' lang='lat' dir='ltr'><strong><em>ego</em></strong></span> <span class='ocrx_word' id='word_1_150' title='bbox 2251 561 2530 618; x_wconf 81' lang='lat' dir='ltr'><strong><em>Christi&quot;.</em></strong></span> <span class='ocrx_word' id='word_1_151' title='bbox 2563 559 2872 632; x_wconf 79' lang='lat' dir='ltr'><strong><em>Quicunque</em></strong></span> <span class='ocrx_word' id='word_1_152' title='bbox 2900 562 3039 615; x_wconf 87' lang='lat' dir='ltr'><strong><em>enim</em></strong></span> <span class='ocrx_word' id='word_1_153' title='bbox 3084 564 3136 615; x_wconf 89' lang='lat' dir='ltr'><strong><em>in</em></strong></span> <span class='ocrx_word' id='word_1_154' title='bbox 3166 561 3433 615; x_wconf 77' lang='lat' dir='ltr'><strong><em>Christum</em></strong></span> <span class='ocrx_word' id='word_1_155' title='bbox 3467 557 3650 631; x_wconf 75' lang='lat' dir='ltr'><strong><em>bapti-</em></strong></span> 
     </span>
    </p>
   </div>
   <div class='ocr_carea' id='block_1_21' title="bbox 2070 651 3000 719">
    <p class='ocr_par' dir='ltr' id='par_1_21' title="bbox 2070 651 3000 719">
     <span class='ocr_line' id='line_1_21' title="bbox 2070 651 3000 719; baseline -0.004 -12"><span class='ocrx_word' id='word_1_156' title='bbox 2070 655 2175 707; x_wconf 67' lang='grc' dir='ltr'><strong><em>καιὶ</em></strong></span> <span class='ocrx_word' id='word_1_157' title='bbox 2207 655 2349 719; x_wconf 84' lang='lat' dir='ltr'><strong><em>estis,</em></strong></span> <span class='ocrx_word' id='word_1_158' title='bbox 2373 651 2640 707; x_wconf 77' lang='lat' dir='ltr'><strong><em>Christum</em></strong></span> <span class='ocrx_word' id='word_1_159' title='bbox 2671 652 2916 705; x_wconf 84' lang='lat' dir='ltr'><strong><em>induistis</em></strong></span> <span class='ocrx_word' id='word_1_160' title='bbox 2935 651 3000 703; x_wconf 81' lang='lat'><strong><em>&#39;°.</em></strong></span> 
     </span>
    </p>
   </div>
   <div class='ocr_carea' id='block_1_22' title="bbox 2142 739 3648 816">
    <p class='ocr_par' dir='ltr' id='par_1_22' title="bbox 2142 739 3648 816">
     <span class='ocr_line' id='line_1_22' title="bbox 2142 739 3648 816; baseline -0.003 -16"><span class='ocrx_word' id='word_1_161' title='bbox 2142 745 2276 801; x_wconf 82' lang='lat' dir='ltr'>VIII.</span> <span class='ocrx_word' id='word_1_162' title='bbox 2313 746 2670 816; x_wconf 77' lang='lat' dir='ltr'><strong><em>Exploremus</em></strong></span> <span class='ocrx_word' id='word_1_163' title='bbox 2700 759 2798 800; x_wconf 87' lang='lat' dir='ltr'><strong><em>nos</em></strong></span> <span class='ocrx_word' id='word_1_164' title='bbox 2830 743 2993 813; x_wconf 91' lang='lat' dir='ltr'><strong><em>ipsos,</em></strong></span> <span class='ocrx_word' id='word_1_165' title='bbox 3022 742 3236 808; x_wconf 80' lang='lat' dir='ltr'><strong><em>fratres,</em></strong></span> <span class='ocrx_word' id='word_1_166' title='bbox 3268 749 3448 798; x_wconf 89' lang='lat' dir='ltr'><strong><em>utrum</em></strong></span> <span class='ocrx_word' id='word_1_167' title='bbox 3479 739 3648 798; x_wconf 78' lang='lat' dir='ltr'><strong><em>Chri-</em></strong></span> 
     </span>
    </p>
   </div>
   <div class='ocr_carea' id='block_1_23' title="bbox 2071 835 3645 905">
    <p class='ocr_par' dir='ltr' id='par_1_23' title="bbox 2071 835 3645 905">
     <span class='ocr_line' id='line_1_23' title="bbox 2071 835 3645 905; baseline -0.004 -11"><span class='ocrx_word' id='word_1_168' title='bbox 2071 847 2211 894; x_wconf 84' lang='lat' dir='ltr'><strong><em>stum</em></strong></span> <span class='ocrx_word' id='word_1_169' title='bbox 2276 837 2720 902; x_wconf 81' lang='lat' dir='ltr'><strong><em>induerimus,au</em></strong></span> <span class='ocrx_word' id='word_1_170' title='bbox 2742 852 2867 891; x_wconf 91' lang='lat' dir='ltr'><strong><em>non.</em></strong></span> <span class='ocrx_word' id='word_1_171' title='bbox 2901 836 3226 905; x_wconf 75' lang='lat' dir='ltr'><strong><em>Agnoscitur</em></strong></span> <span class='ocrx_word' id='word_1_172' title='bbox 3260 835 3513 890; x_wconf 87' lang='lat' dir='ltr'><strong><em>Christus</em></strong></span> <span class='ocrx_word' id='word_1_173' title='bbox 3545 848 3645 905; x_wconf 88' lang='lat' dir='ltr'><strong><em>per</em></strong></span> 
     </span>
    </p>
   </div>
   <div class='ocr_carea' id='block_1_24' title="bbox 2071 927 3649 997">
    <p class='ocr_par' dir='ltr' id='par_1_24' title="bbox 2071 927 3649 997">
     <span class='ocr_line' id='line_1_24' title="bbox 2071 927 3649 997; baseline -0.003 -12"><span class='ocrx_word' id='word_1_174' title='bbox 2071 931 2410 997; x_wconf 82' lang='lat' dir='ltr'><strong><em>castitatem;</em></strong></span> <span class='ocrx_word' id='word_1_175' title='bbox 2455 937 2636 985; x_wconf 90' lang='lat' dir='ltr'><strong><em>castus</em></strong></span> <span class='ocrx_word' id='word_1_176' title='bbox 2679 938 2764 984; x_wconf 89' lang='lat' dir='ltr'><strong><em>est</em></strong></span> <span class='ocrx_word' id='word_1_177' title='bbox 2797 929 2964 994; x_wconf 89' lang='lat' dir='ltr'><strong><em>enim,</em></strong></span> <span class='ocrx_word' id='word_1_178' title='bbox 2999 938 3054 984; x_wconf 91' lang='lat' dir='ltr'><strong><em>et</em></strong></span> <span class='ocrx_word' id='word_1_179' title='bbox 3098 929 3150 982; x_wconf 91' lang='lat' dir='ltr'><strong><em>in</em></strong></span> <span class='ocrx_word' id='word_1_180' title='bbox 3200 928 3372 983; x_wconf 82' lang='lat' dir='ltr'><strong><em>castis</em></strong></span> <span class='ocrx_word' id='word_1_181' title='bbox 3416 927 3649 981; x_wconf 83' lang='lat' dir='ltr'><strong><em>habitat.</em></strong></span> 
     </span>
    </p>
   </div>
   <div class='ocr_carea' id='block_1_25' title="bbox 2071 1015 3649 1094">
    <p class='ocr_par' dir='ltr' id='par_1_25' title="bbox 2071 1015 3649 1094">
     <span class='ocr_line' id='line_1_25' title="bbox 2071 1015 3649 1094; baseline -0.004 -18"><span class='ocrx_word' id='word_1_182' title='bbox 2071 1024 2352 1092; x_wconf 86' lang='lat' dir='ltr'><strong><em>Quomodo</em></strong></span> <span class='ocrx_word' id='word_1_183' title='bbox 2389 1023 2553 1094; x_wconf 80' lang='lat' dir='ltr'><strong><em>igitur</em></strong></span> <span class='ocrx_word' id='word_1_184' title='bbox 2582 1023 2717 1078; x_wconf 89' lang='lat' dir='ltr'><strong><em>casti</em></strong></span> <span class='ocrx_word' id='word_1_185' title='bbox 2752 1022 2884 1089; x_wconf 90' lang='lat' dir='ltr'><strong><em>sint,</em></strong></span> <span class='ocrx_word' id='word_1_186' title='bbox 2917 1022 3021 1077; x_wconf 88' lang='lat' dir='ltr'><strong><em>uisi</em></strong></span> <span class='ocrx_word' id='word_1_187' title='bbox 3062 1021 3315 1076; x_wconf 84' lang='lat' dir='ltr'><strong><em>desinant</em></strong></span> <span class='ocrx_word' id='word_1_188' title='bbox 3344 1034 3405 1074; x_wconf 87' lang='lat' dir='ltr'><strong><em>ea</em></strong></span> <span class='ocrx_word' id='word_1_189' title='bbox 3445 1015 3649 1084; x_wconf 74' lang='lat' dir='ltr'><strong><em>ﬂagitia</em></strong></span> 
     </span>
    </p>
   </div>
   <div class='ocr_carea' id='block_1_26' title="bbox 2073 1110 3652 1188">
    <p class='ocr_par' dir='ltr' id='par_1_26' title="bbox 2073 1110 3652 1188">
     <span class='ocr_line' id='line_1_26' title="bbox 2073 1110 3652 1188; baseline -0.005 -18"><span class='ocrx_word' id='word_1_190' title='bbox 2073 1117 2250 1172; x_wconf 81' lang='lat' dir='ltr'><strong><em>facere</em></strong></span> <span class='ocrx_word' id='word_1_191' title='bbox 2281 1131 2401 1188; x_wconf 68' lang='lat' dir='ltr'><strong><em>quae</em></strong></span> <span class='ocrx_word' id='word_1_192' title='bbox 2432 1115 2744 1170; x_wconf 85' lang='lat' dir='ltr'><strong><em>faciebant?</em></strong></span> <span class='ocrx_word' id='word_1_193' title='bbox 2775 1115 2848 1169; x_wconf 84' lang='lat' dir='ltr'><strong><em>Ea</em></strong></span> <span class='ocrx_word' id='word_1_194' title='bbox 2880 1115 3025 1170; x_wconf 88' lang='lat' dir='ltr'><strong><em>enim</em></strong></span> <span class='ocrx_word' id='word_1_195' title='bbox 3061 1123 3144 1168; x_wconf 90' lang='lat' dir='ltr'><strong><em>est</em></strong></span> <span class='ocrx_word' id='word_1_196' title='bbox 3177 1113 3269 1168; x_wconf 88' lang='lat' dir='ltr'><strong><em>Dei</em></strong></span> <span class='ocrx_word' id='word_1_197' title='bbox 3313 1110 3652 1182; x_wconf 73' lang='lat' dir='ltr'><strong><em>benignitas,</em></strong></span> 
     </span>
    </p>
   </div>
   <div class='ocr_carea' id='block_1_27' title="bbox 2073 1202 3653 1279">
    <p class='ocr_par' dir='ltr' id='par_1_27' title="bbox 2073 1202 3653 1279">
     <span class='ocr_line' id='line_1_27' title="bbox 2073 1202 3653 1279; baseline -0.003 -16"><span class='ocrx_word' id='word_1_198' title='bbox 2073 1218 2130 1263; x_wconf 91' lang='lat' dir='ltr'><strong><em>ut</em></strong></span> <span class='ocrx_word' id='word_1_199' title='bbox 2161 1223 2479 1279; x_wconf 89' lang='lat' dir='ltr'><strong><em>quacunque</em></strong></span> <span class='ocrx_word' id='word_1_200' title='bbox 2515 1209 2645 1263; x_wconf 89' lang='lat' dir='ltr'><strong><em>hora</em></strong></span> <span class='ocrx_word' id='word_1_201' title='bbox 2680 1222 2740 1262; x_wconf 91' lang='lat' dir='ltr'><strong><em>se</em></strong></span> <span class='ocrx_word' id='word_1_202' title='bbox 2773 1205 3105 1262; x_wconf 88' lang='lat' dir='ltr'><strong><em>converterit</em></strong></span> <span class='ocrx_word' id='word_1_203' title='bbox 3139 1206 3304 1260; x_wconf 90' lang='lat' dir='ltr'><strong><em>homo</em></strong></span> <span class='ocrx_word' id='word_1_204' title='bbox 3346 1221 3374 1258; x_wconf 87' lang='lat' dir='ltr'><strong><em>a</em></strong></span> <span class='ocrx_word' id='word_1_205' title='bbox 3409 1202 3653 1272; x_wconf 81' lang='lat' dir='ltr'><strong><em>peccatis</em></strong></span> 
     </span>
    </p>
   </div>
   <div class='ocr_carea' id='block_1_28' title="bbox 2073 1295 3652 1372">
    <p class='ocr_par' dir='ltr' id='par_1_28' title="bbox 2073 1295 3652 1372">
     <span class='ocr_line' id='line_1_28' title="bbox 2073 1295 3652 1372; baseline -0.006 -14"><span class='ocrx_word' id='word_1_206' title='bbox 2073 1305 2207 1370; x_wconf 86' lang='lat' dir='ltr'><strong><em>suis,</em></strong></span> <span class='ocrx_word' id='word_1_207' title='bbox 2253 1301 2512 1372; x_wconf 79' lang='lat' dir='ltr'><strong><em>suscipiat</em></strong></span> <span class='ocrx_word' id='word_1_208' title='bbox 2564 1316 2687 1356; x_wconf 90' lang='lat' dir='ltr'><strong><em>eum</em></strong></span> <span class='ocrx_word' id='word_1_209' title='bbox 2737 1315 2857 1354; x_wconf 89' lang='lat' dir='ltr'><strong><em>cum</em></strong></span> <span class='ocrx_word' id='word_1_210' title='bbox 2913 1299 3128 1370; x_wconf 83' lang='lat' dir='ltr'><strong><em>gaudio.</em></strong></span> <span class='ocrx_word' id='word_1_211' title='bbox 3163 1306 3216 1352; x_wconf 91' lang='lat' dir='ltr'><strong><em>et</em></strong></span> <span class='ocrx_word' id='word_1_212' title='bbox 3249 1308 3494 1353; x_wconf 77' lang='lat' dir='ltr'><strong><em>veterum</em></strong></span> <span class='ocrx_word' id='word_1_213' title='bbox 3531 1295 3652 1364; x_wconf 84' lang='lat' dir='ltr'><strong><em>ejus</em></strong></span> 
     </span>
    </p>
   </div>
   <div class='ocr_carea' id='block_1_29' title="bbox 2074 1386 3650 1465">
    <p class='ocr_par' dir='ltr' id='par_1_29' title="bbox 2074 1386 3650 1465">
     <span class='ocr_line' id='line_1_29' title="bbox 2074 1386 3650 1465; baseline -0.006 -16"><span class='ocrx_word' id='word_1_214' title='bbox 2074 1404 2417 1465; x_wconf 88' lang='lat' dir='ltr'><strong><em>peccatorum</em></strong></span> <span class='ocrx_word' id='word_1_215' title='bbox 2437 1391 2803 1456; x_wconf 76' lang='lat' dir='ltr'><strong><em>obliviscatur,</em></strong></span> <span class='ocrx_word' id='word_1_216' title='bbox 2824 1390 2965 1446; x_wconf 88' lang='lat' dir='ltr'><strong><em>sicut</em></strong></span> <span class='ocrx_word' id='word_1_217' title='bbox 2990 1390 3044 1444; x_wconf 90' lang='lat' dir='ltr'><strong><em>in</em></strong></span> <span class='ocrx_word' id='word_1_218' title='bbox 3072 1389 3364 1460; x_wconf 77' lang='lat' dir='ltr'><strong><em>Evangelia</em></strong></span> <span class='ocrx_word' id='word_1_219' title='bbox 3381 1386 3650 1456; x_wconf 86' lang='lat' dir='ltr'><strong><em>scriptum</em></strong></span> 
     </span>
    </p>
   </div>
   <div class='ocr_carea' id='block_1_30' title="bbox 2073 1481 3650 1554">
    <p class='ocr_par' dir='ltr' id='par_1_30' title="bbox 2073 1481 3650 1554">
     <span class='ocr_line' id='line_1_30' title="bbox 2073 1481 3650 1554; baseline -0.007 -12"><span class='ocrx_word' id='word_1_220' title='bbox 2073 1495 2159 1542; x_wconf 90' lang='lat' dir='ltr'><strong><em>est</em></strong></span> <span class='ocrx_word' id='word_1_221' title='bbox 2189 1486 2256 1542; x_wconf 89' lang='lat' dir='ltr'><strong><em>de</em></strong></span> <span class='ocrx_word' id='word_1_222' title='bbox 2302 1485 2413 1540; x_wconf 80' lang='lat' dir='ltr'><strong><em>lilio</em></strong></span> <span class='ocrx_word' id='word_1_223' title='bbox 2443 1484 2746 1554; x_wconf 79' lang='lat' dir='ltr'><strong><em>juniore&quot;,</em></strong></span> <span class='ocrx_word' id='word_1_224' title='bbox 2781 1482 2870 1552; x_wconf 88' lang='lat' dir='ltr'><strong><em>qui</em></strong></span> <span class='ocrx_word' id='word_1_225' title='bbox 2903 1481 3236 1536; x_wconf 70' lang='lat' dir='ltr'><strong><em>hmreditatis</em></strong></span> <span class='ocrx_word' id='word_1_226' title='bbox 3278 1493 3389 1534; x_wconf 80' lang='lat' dir='ltr'><strong><em>sua:</em></strong></span> <span class='ocrx_word' id='word_1_227' title='bbox 3435 1489 3650 1548; x_wconf 88' lang='lat' dir='ltr'><strong><em>partem</em></strong></span> 
     </span>
    </p>
   </div>
   <div class='ocr_carea' id='block_1_31' title="bbox 2075 1570 3645 1649">
    <p class='ocr_par' dir='ltr' id='par_1_31' title="bbox 2075 1570 3645 1649">
     <span class='ocr_line' id='line_1_31' title="bbox 2075 1570 3645 1649; baseline -0.006 -17"><span class='ocrx_word' id='word_1_228' title='bbox 2075 1579 2330 1649; x_wconf 83' lang='lat' dir='ltr'><strong><em>prodigus</em></strong></span> <span class='ocrx_word' id='word_1_229' title='bbox 2368 1578 2708 1648; x_wconf 86' lang='lat' dir='ltr'><strong><em>dilapidarat,</em></strong></span> <span class='ocrx_word' id='word_1_230' title='bbox 2741 1585 2794 1631; x_wconf 85' lang='lat' dir='ltr'><strong><em>et</em></strong></span> <span class='ocrx_word' id='word_1_231' title='bbox 2841 1574 2908 1628; x_wconf 86' lang='lat' dir='ltr'><strong><em>ad</em></strong></span> <span class='ocrx_word' id='word_1_232' title='bbox 2960 1581 3261 1629; x_wconf 83' lang='lat' dir='ltr'><strong><em>extremum</em></strong></span> <span class='ocrx_word' id='word_1_233' title='bbox 3295 1587 3360 1627; x_wconf 92' lang='lat' dir='ltr'><strong><em>eo</em></strong></span> <span class='ocrx_word' id='word_1_234' title='bbox 3390 1570 3645 1626; x_wconf 80' lang='lat' dir='ltr'><strong><em>redactus</em></strong></span> 
     </span>
    </p>
   </div>
   <div class='ocr_carea' id='block_1_32' title="bbox 2078 1664 3652 1740">
    <p class='ocr_par' dir='ltr' id='par_1_32' title="bbox 2078 1664 3652 1740">
     <span class='ocr_line' id='line_1_32' title="bbox 2078 1664 3652 1740; baseline -0.007 -15"><span class='ocrx_word' id='word_1_235' title='bbox 2078 1682 2182 1738; x_wconf 88' lang='lat' dir='ltr'><strong><em>est,</em></strong></span> <span class='ocrx_word' id='word_1_236' title='bbox 2217 1682 2272 1725; x_wconf 92' lang='lat' dir='ltr'><strong><em>ut</em></strong></span> <span class='ocrx_word' id='word_1_237' title='bbox 2310 1684 2505 1740; x_wconf 90' lang='lat' dir='ltr'><strong><em>porcos</em></strong></span> <span class='ocrx_word' id='word_1_238' title='bbox 2540 1676 2806 1739; x_wconf 86' lang='lat' dir='ltr'><strong><em>pasceret,</em></strong></span> <span class='ocrx_word' id='word_1_239' title='bbox 2841 1675 2894 1722; x_wconf 91' lang='lat' dir='ltr'><strong><em>et</em></strong></span> <span class='ocrx_word' id='word_1_240' title='bbox 2929 1664 3162 1722; x_wconf 90' lang='lat' dir='ltr'><strong><em>saturari</em></strong></span> <span class='ocrx_word' id='word_1_241' title='bbox 3196 1671 3416 1732; x_wconf 84' lang='lat' dir='ltr'><strong><em>cuperet</em></strong></span> <span class='ocrx_word' id='word_1_242' title='bbox 3451 1671 3652 1732; x_wconf 79' lang='lat' dir='ltr'><strong><em>porco-</em></strong></span> 
     </span>
    </p>
   </div>
   <div class='ocr_carea' id='block_1_33' title="bbox 392 1733 3649 1839">
    <p class='ocr_par' dir='ltr' id='par_1_33' title="bbox 392 1733 3649 1839">
     <span class='ocr_line' id='line_1_33' title="bbox 392 1733 3649 1839; baseline -0.006 -11"><span class='ocrx_word' id='word_1_243' title='bbox 392 1773 598 1828; x_wconf 84' lang='lat' dir='ltr'><strong><em>doceus</em></strong></span> <span class='ocrx_word' id='word_1_244' title='bbox 644 1769 919 1826; x_wconf 89' lang='lat' dir='ltr'><strong><em>hominem</em></strong></span> <span class='ocrx_word' id='word_1_245' title='bbox 956 1768 1211 1839; x_wconf 88' lang='lat' dir='ltr'><strong><em>operibus</em></strong></span> <span class='ocrx_word' id='word_1_246' title='bbox 1252 1767 1480 1831; x_wconf 88' lang='lat' dir='ltr'><strong><em>servari,</em></strong></span> <span class='ocrx_word' id='word_1_247' title='bbox 1519 1765 1844 1831; x_wconf 81' lang='lat' dir='ltr'><strong><em>Ministrate,</em></strong></span> <span class='ocrx_word' id='word_1_248' title='bbox 1884 1766 1972 1820; x_wconf 83' lang='lat' dir='ltr'><strong><em>in-</em></strong></span> <span class='ocrx_word' id='word_1_249' title='bbox 2003 1733 2044 1789; x_wconf 68' lang='grc' dir='ltr'><strong>Β</strong></span> <span class='ocrx_word' id='word_1_250' title='bbox 2078 1780 2196 1820; x_wconf 91' lang='lat' dir='ltr'><strong><em>rum</em></strong></span> <span class='ocrx_word' id='word_1_251' title='bbox 2238 1765 2380 1820; x_wconf 87' lang='lat' dir='ltr'><strong><em>cibo.</em></strong></span> <span class='ocrx_word' id='word_1_252' title='bbox 2433 1763 2678 1831; x_wconf 87' lang='lat' dir='ltr'><strong><em>Denique</em></strong></span> <span class='ocrx_word' id='word_1_253' title='bbox 2733 1761 3056 1831; x_wconf 85' lang='lat' dir='ltr'><strong><em>resipiscens</em></strong></span> <span class='ocrx_word' id='word_1_254' title='bbox 3103 1757 3386 1825; x_wconf 74' lang='lat' dir='ltr'><strong><em>intellexit,</em></strong></span> <span class='ocrx_word' id='word_1_255' title='bbox 3443 1753 3649 1811; x_wconf 81' lang='lat' dir='ltr'><strong><em>nullam</em></strong></span> 
     </span>
    </p>
   </div>
   <div class='ocr_carea' id='block_1_34' title="bbox 395 1863 1974 1934">
    <p class='ocr_par' dir='ltr' id='par_1_34' title="bbox 395 1863 1974 1934">
     <span class='ocr_line' id='line_1_34' title="bbox 395 1863 1974 1934; baseline -0.001 -16"><span class='ocrx_word' id='word_1_256' title='bbox 395 1864 534 1934; x_wconf 86' lang='lat' dir='ltr'><strong><em>quit,</em></strong></span> <span class='ocrx_word' id='word_1_257' title='bbox 569 1864 625 1917; x_wconf 90' lang='lat' dir='ltr'><strong><em>in</em></strong></span> <span class='ocrx_word' id='word_1_258' title='bbox 657 1863 762 1932; x_wconf 82' lang='lat' dir='ltr'><strong><em>fide</em></strong></span> <span class='ocrx_word' id='word_1_259' title='bbox 795 1873 963 1917; x_wconf 87' lang='lat' dir='ltr'><strong><em>vestra</em></strong></span> <span class='ocrx_word' id='word_1_260' title='bbox 993 1863 1253 1929; x_wconf 68' lang='lat' dir='ltr'><strong><em>virtutem,</em></strong></span> <span class='ocrx_word' id='word_1_261' title='bbox 1302 1863 1354 1915; x_wconf 90' lang='lat' dir='ltr'><strong><em>in</em></strong></span> <span class='ocrx_word' id='word_1_262' title='bbox 1386 1863 1576 1916; x_wconf 83' lang='lat' dir='ltr'><strong><em>rirtute</em></strong></span> <span class='ocrx_word' id='word_1_263' title='bbox 1605 1872 1780 1915; x_wconf 88' lang='lat' dir='ltr'><strong><em>autem</em></strong></span> <span class='ocrx_word' id='word_1_264' title='bbox 1809 1863 1974 1916; x_wconf 87' lang='lat' dir='ltr'><strong><em>scien-</em></strong></span> 
     </span>
    </p>
   </div>
   <div class='ocr_carea' id='block_1_35' title="bbox 394 1933 1974 2028">
    <p class='ocr_par' dir='ltr' id='par_1_35' title="bbox 394 1955 1974 2028">
     <span class='ocr_line' id='line_1_35' title="bbox 394 1955 1974 2028; baseline -0.002 -16"><span class='ocrx_word' id='word_1_265' title='bbox 394 1959 546 2021; x_wconf 84' lang='lat' dir='ltr'><strong><em>tiam,</em></strong></span> <span class='ocrx_word' id='word_1_266' title='bbox 577 1958 630 2010; x_wconf 90' lang='lat' dir='ltr'><strong><em>in</em></strong></span> <span class='ocrx_word' id='word_1_267' title='bbox 661 1957 876 2010; x_wconf 87' lang='lat' dir='ltr'><strong><em>scientia</em></strong></span> <span class='ocrx_word' id='word_1_268' title='bbox 916 1964 1091 2009; x_wconf 87' lang='lat' dir='ltr'><strong><em>autem</em></strong></span> <span class='ocrx_word' id='word_1_269' title='bbox 1141 1955 1537 2028; x_wconf 83' lang='lat' dir='ltr'><strong><em>abstinentiam,</em></strong></span> <span class='ocrx_word' id='word_1_270' title='bbox 1570 1955 1624 2008; x_wconf 88' lang='lat' dir='ltr'><strong><em>in</em></strong></span> <span class='ocrx_word' id='word_1_271' title='bbox 1658 1955 1974 2009; x_wconf 79' lang='lat' dir='ltr'><strong><em>abstinentia</em></strong></span> 
     </span>
    </p>
   </div>
   <div class='ocr_carea' id='block_1_36' title="bbox 397 2045 1974 2119">
    <p class='ocr_par' dir='ltr' id='par_1_36' title="bbox 397 2045 1974 2119">
     <span class='ocr_line' id='line_1_36' title="bbox 397 2045 1974 2119; baseline -0.003 -17"><span class='ocrx_word' id='word_1_272' title='bbox 397 2059 576 2104; x_wconf 89' lang='lat' dir='ltr'><strong><em>autem</em></strong></span> <span class='ocrx_word' id='word_1_273' title='bbox 613 2047 948 2119; x_wconf 77' lang='lat' dir='ltr'><strong><em>patientiam,</em></strong></span> <span class='ocrx_word' id='word_1_274' title='bbox 993 2047 1048 2099; x_wconf 86' lang='lat' dir='ltr'><strong><em>in</em></strong></span> <span class='ocrx_word' id='word_1_275' title='bbox 1098 2046 1349 2111; x_wconf 80' lang='lat' dir='ltr'><strong><em>patientia</em></strong></span> <span class='ocrx_word' id='word_1_276' title='bbox 1389 2054 1564 2099; x_wconf 84' lang='lat' dir='ltr'><strong><em>autent</em></strong></span> <span class='ocrx_word' id='word_1_277' title='bbox 1606 2045 1873 2112; x_wconf 79' lang='lat' dir='ltr'><strong><em>pietatem,</em></strong></span> <span class='ocrx_word' id='word_1_278' title='bbox 1921 2046 1974 2097; x_wconf 89' lang='lat' dir='ltr'><strong><em>in</em></strong></span> 
     </span>
    </p>
   </div>
   <div class='ocr_carea' id='block_1_37' title="bbox 392 2137 1974 2212">
    <p class='ocr_par' dir='ltr' id='par_1_37' title="bbox 392 2137 1974 2212">
     <span class='ocr_line' id='line_1_37' title="bbox 392 2137 1974 2212; baseline -0.006 -16"><span class='ocrx_word' id='word_1_279' title='bbox 392 2143 585 2212; x_wconf 83' lang='lat' dir='ltr'><strong><em>pietate</em></strong></span> <span class='ocrx_word' id='word_1_280' title='bbox 607 2149 785 2193; x_wconf 89' lang='lat' dir='ltr'><strong><em>autem</em></strong></span> <span class='ocrx_word' id='word_1_281' title='bbox 831 2153 1062 2192; x_wconf 89' lang='lat' dir='ltr'><strong><em>amorem</em></strong></span> <span class='ocrx_word' id='word_1_282' title='bbox 1106 2137 1476 2206; x_wconf 78' lang='lat' dir='ltr'><strong><em>fraternitatis,</em></strong></span> <span class='ocrx_word' id='word_1_283' title='bbox 1504 2137 1558 2190; x_wconf 90' lang='lat' dir='ltr'><strong><em>in</em></strong></span> <span class='ocrx_word' id='word_1_284' title='bbox 1593 2151 1771 2189; x_wconf 90' lang='lat' dir='ltr'><strong><em>amore</em></strong></span> <span class='ocrx_word' id='word_1_285' title='bbox 1802 2145 1974 2188; x_wconf 86' lang='lat' dir='ltr'><strong><em>autem</em></strong></span> 
     </span>
    </p>
   </div>
   <div class='ocr_carea' id='block_1_38' title="bbox 395 2227 1974 2304">
    <p class='ocr_par' dir='ltr' id='par_1_38' title="bbox 395 2227 1974 2304">
     <span class='ocr_line' id='line_1_38' title="bbox 395 2227 1974 2304; baseline -0.003 -19"><span class='ocrx_word' id='word_1_286' title='bbox 395 2232 745 2304; x_wconf 75' lang='lat' dir='ltr'><strong><em>fraternitatis</em></strong></span> <span class='ocrx_word' id='word_1_287' title='bbox 779 2230 1107 2284; x_wconf 85' lang='lat' dir='ltr'><strong><em>churitatem.</em></strong></span> <span class='ocrx_word' id='word_1_288' title='bbox 1142 2228 1269 2284; x_wconf 65' lang='lat' dir='ltr'><strong><em>&quot;are</em></strong></span> <span class='ocrx_word' id='word_1_289' title='bbox 1299 2230 1441 2283; x_wconf 88' lang='lat' dir='ltr'><strong><em>enim</em></strong></span> <span class='ocrx_word' id='word_1_290' title='bbox 1475 2229 1520 2283; x_wconf 88' lang='lat' dir='ltr'><strong><em>si</em></strong></span> <span class='ocrx_word' id='word_1_291' title='bbox 1547 2229 1688 2282; x_wconf 86' lang='lat' dir='ltr'><strong><em>vobis</em></strong></span> <span class='ocrx_word' id='word_1_292' title='bbox 1721 2227 1895 2280; x_wconf 82' lang='lat' dir='ltr'><strong><em>adsint</em></strong></span> <span class='ocrx_word' id='word_1_293' title='bbox 1926 2237 1974 2280; x_wconf 88' lang='lat' dir='ltr'><strong><em>et</em></strong></span> 
     </span>
    </p>
   </div>
   <div class='ocr_carea' id='block_1_39' title="bbox 393 2320 1974 2398">
    <p class='ocr_par' dir='ltr' id='par_1_39' title="bbox 393 2320 1974 2398">
     <span class='ocr_line' id='line_1_39' title="bbox 393 2320 1974 2398; baseline -0.007 -16"><span class='ocrx_word' id='word_1_294' title='bbox 393 2335 659 2398; x_wconf 87' lang='lat' dir='ltr'><strong><em>superent,</em></strong></span> <span class='ocrx_word' id='word_1_295' title='bbox 694 2341 795 2379; x_wconf 90' lang='lat' dir='ltr'><strong><em>non</em></strong></span> <span class='ocrx_word' id='word_1_296' title='bbox 833 2339 1023 2378; x_wconf 87' lang='lat' dir='ltr'><strong><em>vacuos</em></strong></span> <span class='ocrx_word' id='word_1_297' title='bbox 1051 2339 1141 2376; x_wconf 89' lang='lat' dir='ltr'><strong><em>nec</em></strong></span> <span class='ocrx_word' id='word_1_298' title='bbox 1175 2325 1286 2376; x_wconf 88' lang='lat' dir='ltr'><strong><em>sine</em></strong></span> <span class='ocrx_word' id='word_1_299' title='bbox 1324 2323 1500 2391; x_wconf 89' lang='lat' dir='ltr'><strong><em>fructu</em></strong></span> <span class='ocrx_word' id='word_1_300' title='bbox 1546 2337 1630 2375; x_wconf 81' lang='lat' dir='ltr'><strong><em>vos</em></strong></span> <span class='ocrx_word' id='word_1_301' title='bbox 1661 2320 1974 2374; x_wconf 86' lang='lat' dir='ltr'><strong><em>constituent</em></strong></span> 
     </span>
    </p>
   </div>
   <div class='ocr_carea' id='block_1_40' title="bbox 393 2411 1976 2484">
    <p class='ocr_par' dir='ltr' id='par_1_40' title="bbox 393 2411 1976 2484">
     <span class='ocr_line' id='line_1_40' title="bbox 393 2411 1976 2484; baseline -0.007 -10"><span class='ocrx_word' id='word_1_302' title='bbox 393 2421 454 2475; x_wconf 87' lang='lat' dir='ltr'><strong><em>in</em></strong></span> <span class='ocrx_word' id='word_1_303' title='bbox 497 2417 709 2474; x_wconf 82' lang='lat' dir='ltr'><strong><em>Domini</em></strong></span> <span class='ocrx_word' id='word_1_304' title='bbox 761 2415 929 2469; x_wconf 82' lang='lat' dir='ltr'><strong><em>nostri</em></strong></span> <span class='ocrx_word' id='word_1_305' title='bbox 972 2413 1101 2468; x_wconf 82' lang='lat' dir='ltr'><strong><em>Jesu</em></strong></span> <span class='ocrx_word' id='word_1_306' title='bbox 1131 2413 1324 2467; x_wconf 83' lang='lat' dir='ltr'><strong><em>Christi</em></strong></span> <span class='ocrx_word' id='word_1_307' title='bbox 1366 2415 1681 2484; x_wconf 82' lang='lat' dir='ltr'><strong><em>cognitione.</em></strong></span> <span class='ocrx_word' id='word_1_308' title='bbox 1713 2413 1811 2466; x_wconf 88' lang='lat' dir='ltr'><strong><em>Cui</em></strong></span> <span class='ocrx_word' id='word_1_309' title='bbox 1837 2411 1976 2465; x_wconf 87' lang='lat' dir='ltr'><strong><em>enim</em></strong></span> 
     </span>
    </p>
   </div>
   <div class='ocr_carea' id='block_1_41' title="bbox 395 2507 1972 2578">
    <p class='ocr_par' dir='ltr' id='par_1_41' title="bbox 395 2507 1972 2578">
     <span class='ocr_line' id='line_1_41' title="bbox 395 2507 1972 2578; baseline -0.005 -14"><span class='ocrx_word' id='word_1_310' title='bbox 395 2526 502 2564; x_wconf 84' lang='lat' dir='ltr'><strong><em>non</em></strong></span> <span class='ocrx_word' id='word_1_311' title='bbox 548 2518 740 2578; x_wconf 75' lang='lat' dir='ltr'><strong><em>prmio</em></strong></span> <span class='ocrx_word' id='word_1_312' title='bbox 786 2517 904 2561; x_wconf 91' lang='lat' dir='ltr'><strong><em>sunt</em></strong></span> <span class='ocrx_word' id='word_1_313' title='bbox 958 2507 1092 2574; x_wconf 78' lang='lat' dir='ltr'><strong><em>hcce,</em></strong></span> <span class='ocrx_word' id='word_1_314' title='bbox 1139 2515 1429 2560; x_wconf 83' lang='lat' dir='ltr'><strong><em>ctt&#39;cus-est</em></strong></span> <span class='ocrx_word' id='word_1_315' title='bbox 1465 2517 1511 2559; x_wconf 89' lang='lat' dir='ltr'><strong><em>et</em></strong></span> <span class='ocrx_word' id='word_1_316' title='bbox 1546 2521 1703 2558; x_wconf 84' lang='lat' dir='ltr'><strong><em>manu</em></strong></span> <span class='ocrx_word' id='word_1_317' title='bbox 1745 2514 1972 2566; x_wconf 84' lang='lat' dir='ltr'><strong><em>tentans,</em></strong></span> 
     </span>
    </p>
   </div>
   <div class='ocr_carea' id='block_1_42' title="bbox 393 2595 1972 2666">
    <p class='ocr_par' dir='ltr' id='par_1_42' title="bbox 393 2595 1972 2666">
     <span class='ocr_line' id='line_1_42' title="bbox 393 2595 1972 2666; baseline -0.004 -11"><span class='ocrx_word' id='word_1_318' title='bbox 393 2601 703 2655; x_wconf 81' lang='lat' dir='ltr'><strong><em>oblivionem</em></strong></span> <span class='ocrx_word' id='word_1_319' title='bbox 742 2599 1002 2666; x_wconf 85' lang='lat' dir='ltr'><strong><em>accipiens</em></strong></span> <span class='ocrx_word' id='word_1_320' title='bbox 1049 2607 1279 2653; x_wconf 80' lang='lat' dir='ltr'><strong><em>ueterum</em></strong></span> <span class='ocrx_word' id='word_1_321' title='bbox 1310 2613 1523 2652; x_wconf 88' lang='lat' dir='ltr'><strong><em>suorum</em></strong></span> <span class='ocrx_word' id='word_1_322' title='bbox 1555 2595 1972 2666; x_wconf 75' lang='lat' dir='ltr'><strong><em>peccatorum”.</em></strong></span> 
     </span>
    </p>
   </div>
   <div class='ocr_carea' id='block_1_43' title="bbox 395 2686 1974 2758">
    <p class='ocr_par' dir='ltr' id='par_1_43' title="bbox 395 2686 1974 2758">
     <span class='ocr_line' id='line_1_43' title="bbox 395 2686 1974 2758; baseline -0.004 -12"><span class='ocrx_word' id='word_1_323' title='bbox 395 2689 465 2746; x_wconf 82' lang='lat' dir='ltr'><strong><em>Et</em></strong></span> <span class='ocrx_word' id='word_1_324' title='bbox 487 2688 727 2745; x_wconf 73' lang='lat' dir='ltr'><strong><em>Joannes</em></strong></span> <span class='ocrx_word' id='word_1_325' title='bbox 754 2688 995 2758; x_wconf 76' lang='lat' dir='ltr'><strong><em>Baptista</em></strong></span> <span class='ocrx_word' id='word_1_326' title='bbox 1031 2686 1288 2754; x_wconf 78' lang='lat' dir='ltr'><strong><em>:‘Facite,</em></strong></span> <span class='ocrx_word' id='word_1_327' title='bbox 1319 2690 1516 2758; x_wconf 80' lang='lat' dir='ltr'><strong><em>inquit,</em></strong></span> <span class='ocrx_word' id='word_1_328' title='bbox 1549 2689 1753 2758; x_wconf 89' lang='lat' dir='ltr'><strong><em>fructus</em></strong></span> <span class='ocrx_word' id='word_1_329' title='bbox 1792 2689 1974 2757; x_wconf 84' lang='lat' dir='ltr'><strong><em>dignos</em></strong></span> 
     </span>
    </p>
   </div>
   <div class='ocr_carea' id='block_1_44' title="bbox 395 2777 1977 2851">
    <p class='ocr_par' dir='ltr' id='par_1_44' title="bbox 395 2777 1977 2851">
     <span class='ocr_line' id='line_1_44' title="bbox 395 2777 1977 2851; baseline -0.002 -15"><span class='ocrx_word' id='word_1_330' title='bbox 395 2781 739 2851; x_wconf 70' lang='lat' dir='ltr'><strong><em>panitentia’.</em></strong></span> <span class='ocrx_word' id='word_1_331' title='bbox 769 2777 894 2832; x_wconf 75' lang='lat' dir='ltr'><strong><em>lam</em></strong></span> <span class='ocrx_word' id='word_1_332' title='bbox 923 2787 971 2832; x_wconf 91' lang='lat' dir='ltr'><strong><em>et</em></strong></span> <span class='ocrx_word' id='word_1_333' title='bbox 1005 2779 1202 2832; x_wconf 82' lang='lat' dir='ltr'><strong><em>securis</em></strong></span> <span class='ocrx_word' id='word_1_334' title='bbox 1245 2780 1313 2832; x_wconf 87' lang='lat' dir='ltr'><strong><em>ad</em></strong></span> <span class='ocrx_word' id='word_1_335' title='bbox 1348 2781 1578 2834; x_wconf 85' lang='lat' dir='ltr'><strong><em>radicem</em></strong></span> <span class='ocrx_word' id='word_1_336' title='bbox 1610 2779 1853 2834; x_wconf 88' lang='lat' dir='ltr'><strong><em>arborum</em></strong></span> <span class='ocrx_word' id='word_1_337' title='bbox 1883 2795 1977 2849; x_wconf 88' lang='lat' dir='ltr'><strong><em>po-</em></strong></span> 
     </span>
    </p>
   </div>
   <div class='ocr_carea' id='block_1_45' title="bbox 397 2869 1978 2941">
    <p class='ocr_par' dir='ltr' id='par_1_45' title="bbox 397 2869 1978 2941">
     <span class='ocr_line' id='line_1_45' title="bbox 397 2869 1978 2941; baseline -0.003 -15"><span class='ocrx_word' id='word_1_338' title='bbox 397 2874 502 2926; x_wconf 89' lang='lat' dir='ltr'><strong><em>sita</em></strong></span> <span class='ocrx_word' id='word_1_339' title='bbox 536 2881 634 2926; x_wconf 90' lang='lat' dir='ltr'><strong><em>est.</em></strong></span> <span class='ocrx_word' id='word_1_340' title='bbox 669 2869 853 2926; x_wconf 85' lang='lat' dir='ltr'><strong><em>Omnis</em></strong></span> <span class='ocrx_word' id='word_1_341' title='bbox 886 2871 1053 2941; x_wconf 85' lang='lat' dir='ltr'><strong><em>igitur</em></strong></span> <span class='ocrx_word' id='word_1_342' title='bbox 1083 2870 1240 2924; x_wconf 84' lang='lat' dir='ltr'><strong><em>arbor</em></strong></span> <span class='ocrx_word' id='word_1_343' title='bbox 1274 2888 1374 2924; x_wconf 86' lang='lat' dir='ltr'><strong><em>non</em></strong></span> <span class='ocrx_word' id='word_1_344' title='bbox 1405 2870 1600 2939; x_wconf 87' lang='lat' dir='ltr'><strong><em>faciens</em></strong></span> <span class='ocrx_word' id='word_1_345' title='bbox 1627 2870 1856 2940; x_wconf 89' lang='lat' dir='ltr'><strong><em>fructum</em></strong></span> <span class='ocrx_word' id='word_1_346' title='bbox 1888 2874 1978 2923; x_wconf 86' lang='lat' dir='ltr'><strong><em>ba-</em></strong></span> 
     </span>
    </p>
   </div>
   <div class='ocr_carea' id='block_1_46' title="bbox 397 2963 1978 3032">
    <p class='ocr_par' dir='ltr' id='par_1_46' title="bbox 397 2963 1978 3032">
     <span class='ocr_line' id='line_1_46' title="bbox 397 2963 1978 3032; baseline -0.003 -12"><span class='ocrx_word' id='word_1_347' title='bbox 397 2981 546 3032; x_wconf 84' lang='lat' dir='ltr'><strong><em>num,</em></strong></span> <span class='ocrx_word' id='word_1_348' title='bbox 583 2964 933 3029; x_wconf 70' lang='lat' dir='ltr'><strong><em>exscinditur,</em></strong></span> <span class='ocrx_word' id='word_1_349' title='bbox 964 2975 1011 3017; x_wconf 90' lang='lat' dir='ltr'><strong><em>et</em></strong></span> <span class='ocrx_word' id='word_1_350' title='bbox 1043 2963 1098 3016; x_wconf 88' lang='lat' dir='ltr'><strong><em>in</em></strong></span> <span class='ocrx_word' id='word_1_351' title='bbox 1127 2965 1295 3032; x_wconf 84' lang='lat' dir='ltr'><strong><em>ignem</em></strong></span> <span class='ocrx_word' id='word_1_352' title='bbox 1329 2963 1556 3016; x_wconf 86' lang='lat' dir='ltr'><strong><em>mittitur</em></strong></span> <span class='ocrx_word' id='word_1_353' title='bbox 1577 2963 1644 3017; x_wconf 65' lang='grc' dir='ltr'>Μ.</span> <span class='ocrx_word' id='word_1_354' title='bbox 1685 2967 1750 3016; x_wconf 77' lang='lat' dir='ltr'><strong><em>Et</em></strong></span> <span class='ocrx_word' id='word_1_355' title='bbox 1793 2963 1978 3017; x_wconf 79' lang='lat' dir='ltr'><strong><em>Domi-</em></strong></span> 
     </span>
    </p>
   </div>
   <div class='ocr_carea' id='block_1_47' title="bbox 2077 1852 3656 1927">
    <p class='ocr_par' dir='ltr' id='par_1_47' title="bbox 2077 1852 3656 1927">
     <span class='ocr_line' id='line_1_47' title="bbox 2077 1852 3656 1927; baseline -0.006 -14"><span class='ocrx_word' id='word_1_356' title='bbox 2077 1859 2304 1914; x_wconf 90' lang='lat' dir='ltr'><strong><em>inveniri</em></strong></span> <span class='ocrx_word' id='word_1_357' title='bbox 2335 1867 2679 1927; x_wconf 84' lang='lat' dir='ltr'><strong><em>peccatorqu</em></strong></span> <span class='ocrx_word' id='word_1_358' title='bbox 2716 1856 3043 1911; x_wconf 79' lang='lat' dir='ltr'><strong><em>satietatem.</em></strong></span> <span class='ocrx_word' id='word_1_359' title='bbox 3065 1854 3278 1921; x_wconf 86' lang='lat' dir='ltr'><strong><em>Quanto</em></strong></span> <span class='ocrx_word' id='word_1_360' title='bbox 3304 1853 3450 1908; x_wconf 90' lang='lat' dir='ltr'><strong><em>enim</em></strong></span> <span class='ocrx_word' id='word_1_361' title='bbox 3478 1852 3656 1919; x_wconf 80' lang='lat' dir='ltr'><strong><em>magis</em></strong></span> 
     </span>
    </p>
   </div>
   <div class='ocr_carea' id='block_1_48' title="bbox 2075 1944 3656 2016">
    <p class='ocr_par' dir='ltr' id='par_1_48' title="bbox 2075 1944 3656 2016">
     <span class='ocr_line' id='line_1_48' title="bbox 2075 1944 3656 2016; baseline -0.006 -10"><span class='ocrx_word' id='word_1_362' title='bbox 2075 1966 2137 2006; x_wconf 89' lang='lat' dir='ltr'><strong><em>ea</em></strong></span> <span class='ocrx_word' id='word_1_363' title='bbox 2185 1951 2594 2014; x_wconf 88' lang='lat' dir='ltr'><strong><em>committimus,</em></strong></span> <span class='ocrx_word' id='word_1_364' title='bbox 2631 1957 2782 2003; x_wconf 85' lang='lat' dir='ltr'><strong><em>tanto</em></strong></span> <span class='ocrx_word' id='word_1_365' title='bbox 2827 1946 3022 2016; x_wconf 87' lang='lat' dir='ltr'><strong><em>majori</em></strong></span> <span class='ocrx_word' id='word_1_366' title='bbox 3063 1961 3251 2002; x_wconf 89' lang='lat' dir='ltr'><strong><em>eorum</em></strong></span> <span class='ocrx_word' id='word_1_367' title='bbox 3301 1944 3656 2000; x_wconf 83' lang='lat' dir='ltr'><strong><em>accendimur</em></strong></span> 
     </span>
    </p>
   </div>
   <div class='ocr_carea' id='block_1_49' title="bbox 2072 2036 3652 2114">
    <p class='ocr_par' dir='ltr' id='par_1_49' title="bbox 2072 2036 3652 2114">
     <span class='ocr_line' id='line_1_49' title="bbox 2072 2036 3652 2114; baseline -0.007 -14"><span class='ocrx_word' id='word_1_368' title='bbox 2072 2043 2388 2114; x_wconf 78' lang='lat' dir='ltr'><strong><em>cupiditate.</em></strong></span> <span class='ocrx_word' id='word_1_369' title='bbox 2440 2042 2573 2097; x_wconf 89' lang='lat' dir='ltr'><strong><em>Cum</em></strong></span> <span class='ocrx_word' id='word_1_370' title='bbox 2629 2042 2793 2110; x_wconf 77' lang='lat' dir='ltr'><strong><em>igitur</em></strong></span> <span class='ocrx_word' id='word_1_371' title='bbox 2840 2039 3175 2110; x_wconf 62' lang='lat' dir='ltr'><strong><em>paenitentiae</em></strong></span> <span class='ocrx_word' id='word_1_372' title='bbox 3223 2036 3476 2094; x_wconf 86' lang='lat' dir='ltr'><strong><em>stimulus</em></strong></span> <span class='ocrx_word' id='word_1_373' title='bbox 3519 2047 3652 2091; x_wconf 82' lang='lat' dir='ltr'><strong><em>eum</em></strong></span> 
     </span>
    </p>
   </div>
   <div class='ocr_carea' id='block_1_50' title="bbox 2076 2129 3651 2206">
    <p class='ocr_par' dir='ltr' id='par_1_50' title="bbox 2076 2129 3651 2206">
     <span class='ocr_line' id='line_1_50' title="bbox 2076 2129 3651 2206; baseline -0.01 -15"><span class='ocrx_word' id='word_1_374' title='bbox 2076 2136 2358 2206; x_wconf 83' lang='lat' dir='ltr'><strong><em>attigisset,</em></strong></span> <span class='ocrx_word' id='word_1_375' title='bbox 2395 2149 2508 2190; x_wconf 88' lang='lat' dir='ltr'><strong><em>rem</em></strong></span> <span class='ocrx_word' id='word_1_376' title='bbox 2541 2149 2643 2190; x_wconf 89' lang='lat' dir='ltr'><strong><em>non</em></strong></span> <span class='ocrx_word' id='word_1_377' title='bbox 2691 2133 2915 2198; x_wconf 80' lang='lat' dir='ltr'><strong><em>diswiit,</em></strong></span> <span class='ocrx_word' id='word_1_378' title='bbox 2960 2133 3056 2188; x_wconf 90' lang='lat' dir='ltr'><strong><em>sed</em></strong></span> <span class='ocrx_word' id='word_1_379' title='bbox 3093 2131 3278 2186; x_wconf 85' lang='lat' dir='ltr'><strong><em>statim</em></strong></span> <span class='ocrx_word' id='word_1_380' title='bbox 3328 2129 3515 2185; x_wconf 85' lang='lat' dir='ltr'><strong><em>carnis</em></strong></span> <span class='ocrx_word' id='word_1_381' title='bbox 3547 2143 3651 2181; x_wconf 74' lang='lat' dir='ltr'><strong><em>Vt)-</em></strong></span> 
     </span>
    </p>
   </div>
   <div class='ocr_carea' id='block_1_51' title="bbox 2077 2221 3655 2296">
    <p class='ocr_par' dir='ltr' id='par_1_51' title="bbox 2077 2221 3655 2296">
     <span class='ocr_line' id='line_1_51' title="bbox 2077 2221 3655 2296; baseline -0.005 -14"><span class='ocrx_word' id='word_1_382' title='bbox 2077 2229 2339 2283; x_wconf 89' lang='lat' dir='ltr'><strong><em>luntatem</em></strong></span> <span class='ocrx_word' id='word_1_383' title='bbox 2371 2226 2646 2294; x_wconf 82' lang='lat' dir='ltr'><strong><em>abjiciens,</em></strong></span> <span class='ocrx_word' id='word_1_384' title='bbox 2679 2227 2744 2280; x_wconf 90' lang='lat' dir='ltr'><strong><em>ad</em></strong></span> <span class='ocrx_word' id='word_1_385' title='bbox 2782 2236 2988 2296; x_wconf 89' lang='lat' dir='ltr'><strong><em>patrem</em></strong></span> <span class='ocrx_word' id='word_1_386' title='bbox 3021 2239 3175 2279; x_wconf 89' lang='lat' dir='ltr'><strong><em>suum</em></strong></span> <span class='ocrx_word' id='word_1_387' title='bbox 3205 2223 3368 2278; x_wconf 89' lang='lat' dir='ltr'><strong><em>rediit</em></strong></span> <span class='ocrx_word' id='word_1_388' title='bbox 3391 2237 3514 2276; x_wconf 90' lang='lat' dir='ltr'><strong><em>cum</em></strong></span> <span class='ocrx_word' id='word_1_389' title='bbox 3545 2221 3655 2275; x_wconf 82' lang='lat' dir='ltr'><strong><em>hu-</em></strong></span> 
     </span>
    </p>
   </div>
   <div class='ocr_carea' id='block_1_52' title="bbox 2079 2315 3655 2386">
    <p class='ocr_par' dir='ltr' id='par_1_52' title="bbox 2079 2315 3655 2386">
     <span class='ocr_line' id='line_1_52' title="bbox 2079 2315 3655 2386; baseline -0.004 -12"><span class='ocrx_word' id='word_1_390' title='bbox 2079 2319 2327 2374; x_wconf 86' lang='lat' dir='ltr'><strong><em>militate.</em></strong></span> <span class='ocrx_word' id='word_1_391' title='bbox 2364 2318 2541 2374; x_wconf 80' lang='lat' dir='ltr'><strong><em>Patris</em></strong></span> <span class='ocrx_word' id='word_1_392' title='bbox 2567 2319 2711 2372; x_wconf 87' lang='lat' dir='ltr'><strong><em>enim</em></strong></span> <span class='ocrx_word' id='word_1_393' title='bbox 2747 2317 3114 2372; x_wconf 87' lang='lat' dir='ltr'><strong><em>misericordia</em></strong></span> <span class='ocrx_word' id='word_1_394' title='bbox 3163 2315 3419 2380; x_wconf 86' lang='lat' dir='ltr'><strong><em>conlisus,</em></strong></span> <span class='ocrx_word' id='word_1_395' title='bbox 3457 2330 3655 2386; x_wconf 78' lang='lat' dir='ltr'><strong><em>spera-</em></strong></span> 
     </span>
    </p>
   </div>
   <div class='ocr_carea' id='block_1_53' title="bbox 2081 2410 3654 2481">
    <p class='ocr_par' dir='ltr' id='par_1_53' title="bbox 2081 2410 3654 2481">
     <span class='ocr_line' id='line_1_53' title="bbox 2081 2410 3654 2481; baseline -0.003 -15"><span class='ocrx_word' id='word_1_396' title='bbox 2081 2411 2158 2466; x_wconf 87' lang='lat' dir='ltr'><strong><em>vit</em></strong></span> <span class='ocrx_word' id='word_1_397' title='bbox 2189 2426 2311 2467; x_wconf 91' lang='lat' dir='ltr'><strong><em>eum</em></strong></span> <span class='ocrx_word' id='word_1_398' title='bbox 2345 2411 2445 2467; x_wconf 87' lang='lat' dir='ltr'><strong><em>sibi</em></strong></span> <span class='ocrx_word' id='word_1_399' title='bbox 2493 2422 2710 2481; x_wconf 85' lang='lat' dir='ltr'><strong><em>peccata</em></strong></span> <span class='ocrx_word' id='word_1_400' title='bbox 2755 2425 2874 2480; x_wconf 68' lang='lat' dir='ltr'><strong><em>quae</em></strong></span> <span class='ocrx_word' id='word_1_401' title='bbox 2909 2410 3278 2475; x_wconf 85' lang='lat' dir='ltr'><strong><em>commiserat,</em></strong></span> <span class='ocrx_word' id='word_1_402' title='bbox 3313 2420 3419 2465; x_wconf 85' lang='lat' dir='ltr'><strong><em>non</em></strong></span> <span class='ocrx_word' id='word_1_403' title='bbox 3447 2424 3654 2478; x_wconf 71' lang='lat' dir='ltr'><strong><em>expro-</em></strong></span> 
     </span>
    </p>
   </div>
   <div class='ocr_carea' id='block_1_54' title="bbox 2078 2499 3657 2573">
    <p class='ocr_par' dir='ltr' id='par_1_54' title="bbox 2078 2499 3657 2573">
     <span class='ocr_line' id='line_1_54' title="bbox 2078 2499 3657 2573; baseline -0.006 -11"><span class='ocrx_word' id='word_1_404' title='bbox 2078 2507 2380 2562; x_wconf 87' lang='lat' dir='ltr'><strong><em>braturum.</em></strong></span> <span class='ocrx_word' id='word_1_405' title='bbox 2418 2504 2775 2572; x_wconf 86' lang='lat' dir='ltr'><strong><em>Quamobrem</em></strong></span> <span class='ocrx_word' id='word_1_406' title='bbox 2808 2514 2862 2559; x_wconf 89' lang='lat' dir='ltr'><strong><em>et</em></strong></span> <span class='ocrx_word' id='word_1_407' title='bbox 2888 2515 3041 2573; x_wconf 86' lang='lat' dir='ltr'><strong><em>pater</em></strong></span> <span class='ocrx_word' id='word_1_408' title='bbox 3080 2502 3194 2571; x_wconf 86' lang='lat' dir='ltr'><strong><em>ejus</em></strong></span> <span class='ocrx_word' id='word_1_409' title='bbox 3223 2499 3512 2556; x_wconf 82' lang='lat' dir='ltr'><strong><em>confestim</em></strong></span> <span class='ocrx_word' id='word_1_410' title='bbox 3531 2501 3657 2569; x_wconf 74' lang='lat' dir='ltr'><strong><em>jus-</em></strong></span> 
     </span>
    </p>
   </div>
   <div class='ocr_carea' id='block_1_55' title="bbox 2077 2591 3656 2665">
    <p class='ocr_par' dir='ltr' id='par_1_55' title="bbox 2077 2591 3656 2665">
     <span class='ocr_line' id='line_1_55' title="bbox 2077 2591 3656 2665; baseline -0.007 -9"><span class='ocrx_word' id='word_1_411' title='bbox 2077 2600 2168 2665; x_wconf 80' lang='lat' dir='ltr'><strong><em>sit,</em></strong></span> <span class='ocrx_word' id='word_1_412' title='bbox 2209 2599 2285 2654; x_wconf 88' lang='lat' dir='ltr'><strong><em>illi</em></strong></span> <span class='ocrx_word' id='word_1_413' title='bbox 2316 2598 2618 2654; x_wconf 83' lang='lat' dir='ltr'><strong><em>sanctitatis</em></strong></span> <span class='ocrx_word' id='word_1_414' title='bbox 2664 2597 2854 2652; x_wconf 87' lang='lat' dir='ltr'><strong><em>stolam</em></strong></span> <span class='ocrx_word' id='word_1_415' title='bbox 2898 2596 3037 2664; x_wconf 90' lang='lat' dir='ltr'><strong><em>dari,</em></strong></span> <span class='ocrx_word' id='word_1_416' title='bbox 3073 2607 3129 2651; x_wconf 90' lang='lat' dir='ltr'><strong><em>et</em></strong></span> <span class='ocrx_word' id='word_1_417' title='bbox 3174 2595 3392 2649; x_wconf 85' lang='lat' dir='ltr'><strong><em>arrham</em></strong></span> <span class='ocrx_word' id='word_1_418' title='bbox 3436 2591 3656 2663; x_wconf 80' lang='lat' dir='ltr'><strong><em>paterni</em></strong></span> 
     </span>
    </p>
   </div>
   <div class='ocr_carea' id='block_1_56' title="bbox 2079 2687 3661 2760">
    <p class='ocr_par' dir='ltr' id='par_1_56' title="bbox 2079 2687 3661 2760">
     <span class='ocr_line' id='line_1_56' title="bbox 2079 2687 3661 2760; baseline -0.006 -15"><span class='ocrx_word' id='word_1_419' title='bbox 2079 2692 2303 2748; x_wconf 89' lang='lat' dir='ltr'><strong><em>amoris.</em></strong></span> <span class='ocrx_word' id='word_1_420' title='bbox 2345 2692 2458 2746; x_wconf 93' lang='lat' dir='ltr'><strong><em>lloc</em></strong></span> <span class='ocrx_word' id='word_1_421' title='bbox 2502 2691 2747 2760; x_wconf 80' lang='lat' dir='ltr'><strong><em>exemplo</em></strong></span> <span class='ocrx_word' id='word_1_422' title='bbox 2798 2705 2894 2744; x_wconf 91' lang='lat' dir='ltr'><strong><em>nos</em></strong></span> <span class='ocrx_word' id='word_1_423' title='bbox 2943 2689 3126 2744; x_wconf 78' lang='lat' dir='ltr'><strong><em>docuit</em></strong></span> <span class='ocrx_word' id='word_1_424' title='bbox 3159 2687 3416 2741; x_wconf 87' lang='lat' dir='ltr'><strong><em>Dominus</em></strong></span> <span class='ocrx_word' id='word_1_425' title='bbox 3471 2697 3661 2740; x_wconf 84' lang='lat' dir='ltr'><strong><em>noster</em></strong></span> 
     </span>
    </p>
   </div>
   <div class='ocr_carea' id='block_1_57' title="bbox 2077 2779 3658 2848">
    <p class='ocr_par' dir='ltr' id='par_1_57' title="bbox 2077 2779 3658 2848">
     <span class='ocr_line' id='line_1_57' title="bbox 2077 2779 3658 2848; baseline -0.006 -9"><span class='ocrx_word' id='word_1_426' title='bbox 2077 2783 2233 2839; x_wconf 78' lang='lat' dir='ltr'><strong><em>Jesus</em></strong></span> <span class='ocrx_word' id='word_1_427' title='bbox 2280 2785 2550 2848; x_wconf 79' lang='lat' dir='ltr'><strong><em>Christus,</em></strong></span> <span class='ocrx_word' id='word_1_428' title='bbox 2605 2793 2661 2836; x_wconf 89' lang='lat' dir='ltr'><strong><em>ut</em></strong></span> <span class='ocrx_word' id='word_1_429' title='bbox 2709 2783 2753 2837; x_wconf 89' lang='lat' dir='ltr'><strong><em>si</em></strong></span> <span class='ocrx_word' id='word_1_430' title='bbox 2801 2782 3047 2835; x_wconf 89' lang='lat' dir='ltr'><strong><em>volumus</em></strong></span> <span class='ocrx_word' id='word_1_431' title='bbox 3098 2779 3166 2835; x_wconf 90' lang='lat' dir='ltr'><strong><em>ad</em></strong></span> <span class='ocrx_word' id='word_1_432' title='bbox 3211 2780 3386 2847; x_wconf 88' lang='lat' dir='ltr'><strong><em>ipsum</em></strong></span> <span class='ocrx_word' id='word_1_433' title='bbox 3429 2780 3658 2842; x_wconf 86' lang='lat' dir='ltr'><strong><em>reverti,</em></strong></span> 
     </span>
    </p>
   </div>
   <div class='ocr_carea' id='block_1_58' title="bbox 2082 2874 3651 2948">
    <p class='ocr_par' dir='ltr' id='par_1_58' title="bbox 2082 2874 3651 2948">
     <span class='ocr_line' id='line_1_58' title="bbox 2082 2874 3651 2948; baseline -0.004 -16"><span class='ocrx_word' id='word_1_434' title='bbox 2082 2878 2230 2948; x_wconf 90' lang='lat' dir='ltr'><strong><em>prius</em></strong></span> <span class='ocrx_word' id='word_1_435' title='bbox 2260 2893 2544 2948; x_wconf 89' lang='lat' dir='ltr'><strong><em>porcorum</em></strong></span> <span class='ocrx_word' id='word_1_436' title='bbox 2579 2877 2757 2932; x_wconf 90' lang='lat' dir='ltr'><strong><em>cibum</em></strong></span> <span class='ocrx_word' id='word_1_437' title='bbox 2793 2877 3181 2946; x_wconf 84' lang='lat' dir='ltr'><strong><em>relinquamus,</em></strong></span> <span class='ocrx_word' id='word_1_438' title='bbox 3208 2884 3263 2930; x_wconf 91' lang='lat' dir='ltr'><strong><em>et</em></strong></span> <span class='ocrx_word' id='word_1_439' title='bbox 3307 2885 3435 2928; x_wconf 90' lang='lat' dir='ltr'><strong><em>tunc</em></strong></span> <span class='ocrx_word' id='word_1_440' title='bbox 3467 2874 3651 2928; x_wconf 82' lang='lat' dir='ltr'><strong><em>susci-</em></strong></span> 
     </span>
    </p>
   </div>
   <div class='ocr_carea' id='block_1_59' title="bbox 2083 2967 3660 3040">
    <p class='ocr_par' dir='ltr' id='par_1_59' title="bbox 2083 2967 3660 3040">
     <span class='ocr_line' id='line_1_59' title="bbox 2083 2967 3660 3040; baseline -0.004 -18"><span class='ocrx_word' id='word_1_441' title='bbox 2083 2969 2198 3040; x_wconf 88' lang='lat' dir='ltr'><strong><em>piet</em></strong></span> <span class='ocrx_word' id='word_1_442' title='bbox 2231 2983 2346 3025; x_wconf 91' lang='lat' dir='ltr'><strong><em>nos.</em></strong></span> <span class='ocrx_word' id='word_1_443' title='bbox 2372 2968 2499 3024; x_wconf 72' lang='lat' dir='ltr'><strong><em>llaec</em></strong></span> <span class='ocrx_word' id='word_1_444' title='bbox 2542 2970 2696 3036; x_wconf 79' lang='lat' dir='ltr'><strong><em>dixit,</em></strong></span> <span class='ocrx_word' id='word_1_445' title='bbox 2731 2985 2796 3025; x_wconf 89' lang='lat' dir='ltr'><strong><em>ne</em></strong></span> <span class='ocrx_word' id='word_1_446' title='bbox 2831 2969 3073 3023; x_wconf 89' lang='lat' dir='ltr'><strong><em>animum</em></strong></span> <span class='ocrx_word' id='word_1_447' title='bbox 3124 2967 3523 3038; x_wconf 85' lang='lat' dir='ltr'><strong><em>despondentes</em></strong></span> <span class='ocrx_word' id='word_1_448' title='bbox 3555 2967 3660 3019; x_wconf 86' lang='lat' dir='ltr'><strong><em>du-</em></strong></span> 
     </span>
    </p>
   </div>
   <div class='ocr_carea' id='block_1_60' title="bbox 398 3053 3659 3138">
    <p class='ocr_par' dir='ltr' id='par_1_60' title="bbox 398 3053 3659 3138">
     <span class='ocr_line' id='line_1_60' title="bbox 398 3053 3659 3138; baseline -0.005 -13"><span class='ocrx_word' id='word_1_449' title='bbox 398 3071 544 3113; x_wconf 62' lang='lat' dir='ltr'><strong><em>MS:</em></strong></span> <span class='ocrx_word' id='word_1_450' title='bbox 579 3055 663 3111; x_wconf 68' lang='grc' dir='ltr'><strong><em>Επ</em></strong></span> <span class='ocrx_word' id='word_1_451' title='bbox 693 3055 893 3127; x_wconf 54' lang='lat' dir='ltr'><strong><em>huc“,</em></strong></span> <span class='ocrx_word' id='word_1_452' title='bbox 942 3055 1136 3126; x_wconf 75' lang='grc' dir='ltr'>ίηίιιιῖιι</span> <span class='ocrx_word' id='word_1_453' title='bbox 1183 3057 1340 3110; x_wconf 65' lang='lat' dir='ltr'><strong><em>arbor</em></strong></span> <span class='ocrx_word' id='word_1_454' title='bbox 1383 3057 1791 3128; x_wconf 70' lang='grc' dir='ltr'><strong><em>εοθιιοδεὶιαν⁸²ο</em></strong></span> <span class='ocrx_word' id='word_1_455' title='bbox 1820 3053 1977 3110; x_wconf 77' lang='grc' dir='ltr'><strong><em>Νυη-</em></strong></span> <span class='ocrx_word' id='word_1_456' title='bbox 2003 3080 2050 3138; x_wconf 68' lang='grc' dir='ltr'>ο</span> <span class='ocrx_word' id='word_1_457' title='bbox 2088 3065 2342 3130; x_wconf 89' lang='lat' dir='ltr'><strong><em>bitemus,</em></strong></span> <span class='ocrx_word' id='word_1_458' title='bbox 2380 3073 2563 3118; x_wconf 87' lang='lat' dir='ltr'><strong><em>utrum</em></strong></span> <span class='ocrx_word' id='word_1_459' title='bbox 2613 3077 2712 3118; x_wconf 90' lang='lat' dir='ltr'><strong><em>nos</em></strong></span> <span class='ocrx_word' id='word_1_460' title='bbox 2744 3063 2814 3117; x_wconf 85' lang='lat' dir='ltr'><strong><em>sit</em></strong></span> <span class='ocrx_word' id='word_1_461' title='bbox 2847 3062 3220 3116; x_wconf 81' lang='lat' dir='ltr'><strong><em>exauditurus.</em></strong></span> <span class='ocrx_word' id='word_1_462' title='bbox 3260 3057 3659 3114; x_wconf 80' lang='lat' dir='ltr'><strong><em>Convertamus</em></strong></span> 
     </span>
    </p>
   </div>
   <div class='ocr_carea' id='block_1_61' title="bbox 398 3149 1978 3221">
    <p class='ocr_par' dir='ltr' id='par_1_61' title="bbox 398 3149 1978 3221">
     <span class='ocr_line' id='line_1_61' title="bbox 398 3149 1978 3221; baseline 0.001 -18"><span class='ocrx_word' id='word_1_463' title='bbox 398 3150 528 3221; x_wconf 85' lang='lat' dir='ltr'><strong><em>quid</em></strong></span> <span class='ocrx_word' id='word_1_464' title='bbox 555 3149 812 3219; x_wconf 87' lang='lat' dir='ltr'><strong><em>colligunt</em></strong></span> <span class='ocrx_word' id='word_1_465' title='bbox 839 3165 868 3203; x_wconf 85' lang='lat' dir='ltr'><strong><em>e</em></strong></span> <span class='ocrx_word' id='word_1_466' title='bbox 893 3149 1057 3218; x_wconf 82' lang='lat' dir='ltr'><strong><em>spinis</em></strong></span> <span class='ocrx_word' id='word_1_467' title='bbox 1093 3165 1267 3214; x_wconf 85' lang='lat' dir='ltr'><strong><em>uvam,</em></strong></span> <span class='ocrx_word' id='word_1_468' title='bbox 1312 3159 1401 3202; x_wconf 90' lang='lat' dir='ltr'><strong><em>aut</em></strong></span> <span class='ocrx_word' id='word_1_469' title='bbox 1449 3165 1476 3203; x_wconf 94' lang='lat' dir='ltr'><strong><em>e</em></strong></span> <span class='ocrx_word' id='word_1_470' title='bbox 1501 3150 1712 3204; x_wconf 86' lang='lat' dir='ltr'><strong><em>tribulis</em></strong></span> <span class='ocrx_word' id='word_1_471' title='bbox 1737 3149 1868 3218; x_wconf 84' lang='lat' dir='ltr'><strong><em>licus</em></strong></span> <span class='ocrx_word' id='word_1_472' title='bbox 1886 3150 1978 3205; x_wconf 64' lang='grc'><strong><em>⁸³⁸9</em></strong></span> 
     </span>
    </p>
   </div>
   <div class='ocr_carea' id='block_1_62' title="bbox 400 3239 1979 3312">
    <p class='ocr_par' dir='ltr' id='par_1_62' title="bbox 400 3239 1979 3312">
     <span class='ocr_line' id='line_1_62' title="bbox 400 3239 1979 3312; baseline -0.001 -14"><span class='ocrx_word' id='word_1_473' title='bbox 400 3244 470 3298; x_wconf 83' lang='lat' dir='ltr'><strong><em>Et</em></strong></span> <span class='ocrx_word' id='word_1_474' title='bbox 499 3256 714 3297; x_wconf 89' lang='lat' dir='ltr'><strong><em>rursum</em></strong></span> <span class='ocrx_word' id='word_1_475' title='bbox 748 3259 762 3296; x_wconf 87' lang='lat'><strong>:</strong></span> <span class='ocrx_word' id='word_1_476' title='bbox 794 3239 919 3294; x_wconf 87' lang='lat' dir='ltr'><strong><em>Non</em></strong></span> <span class='ocrx_word' id='word_1_477' title='bbox 946 3241 1114 3296; x_wconf 88' lang='lat' dir='ltr'><strong><em>omnis</em></strong></span> <span class='ocrx_word' id='word_1_478' title='bbox 1149 3243 1238 3312; x_wconf 90' lang='lat' dir='ltr'><strong><em>qui</em></strong></span> <span class='ocrx_word' id='word_1_479' title='bbox 1267 3242 1393 3296; x_wconf 85' lang='lat' dir='ltr'><strong><em>dicit</em></strong></span> <span class='ocrx_word' id='word_1_480' title='bbox 1420 3242 1568 3308; x_wconf 88' lang='lat' dir='ltr'><strong><em>mihi,</em></strong></span> <span class='ocrx_word' id='word_1_481' title='bbox 1604 3241 1842 3308; x_wconf 82' lang='lat' dir='ltr'><strong><em>Domine,</em></strong></span> <span class='ocrx_word' id='word_1_482' title='bbox 1871 3242 1979 3297; x_wconf 82' lang='lat' dir='ltr'><strong><em>Do-</em></strong></span> 
     </span>
    </p>
   </div>
   <div class='ocr_carea' id='block_1_63' title="bbox 398 3335 1981 3406">
    <p class='ocr_par' dir='ltr' id='par_1_63' title="bbox 398 3335 1981 3406">
     <span class='ocr_line' id='line_1_63' title="bbox 398 3335 1981 3406; baseline -0.001 -15"><span class='ocrx_word' id='word_1_483' title='bbox 398 3337 561 3404; x_wconf 85' lang='lat' dir='ltr'><strong><em>mine,</em></strong></span> <span class='ocrx_word' id='word_1_484' title='bbox 591 3335 812 3390; x_wconf 80' lang='lat' dir='ltr'><strong><em>intrabit</em></strong></span> <span class='ocrx_word' id='word_1_485' title='bbox 839 3335 895 3388; x_wconf 89' lang='lat' dir='ltr'><strong><em>in</em></strong></span> <span class='ocrx_word' id='word_1_486' title='bbox 917 3351 1130 3406; x_wconf 82' lang='lat' dir='ltr'><strong><em>regnum</em></strong></span> <span class='ocrx_word' id='word_1_487' title='bbox 1164 3335 1454 3401; x_wconf 73' lang='lat' dir='ltr'><strong><em>ctelorum;</em></strong></span> <span class='ocrx_word' id='word_1_488' title='bbox 1487 3335 1576 3388; x_wconf 86' lang='lat' dir='ltr'><strong><em>sed</em></strong></span> <span class='ocrx_word' id='word_1_489' title='bbox 1607 3336 1697 3404; x_wconf 87' lang='lat' dir='ltr'><strong><em>qui</em></strong></span> <span class='ocrx_word' id='word_1_490' title='bbox 1729 3335 1854 3403; x_wconf 88' lang='lat' dir='ltr'><strong><em>facit</em></strong></span> <span class='ocrx_word' id='word_1_491' title='bbox 1891 3349 1981 3389; x_wconf 82' lang='lat' dir='ltr'><strong><em>uo-</em></strong></span> 
     </span>
    </p>
   </div>
   <div class='ocr_carea' id='block_1_64' title="bbox 399 3425 1978 3498">
    <p class='ocr_par' dir='ltr' id='par_1_64' title="bbox 399 3425 1978 3498">
     <span class='ocr_line' id='line_1_64' title="bbox 399 3425 1978 3498; baseline -0.001 -17"><span class='ocrx_word' id='word_1_492' title='bbox 399 3428 654 3483; x_wconf 87' lang='lat' dir='ltr'><strong><em>luntatem</em></strong></span> <span class='ocrx_word' id='word_1_493' title='bbox 684 3425 864 3482; x_wconf 86' lang='lat' dir='ltr'><strong><em>Patris</em></strong></span> <span class='ocrx_word' id='word_1_494' title='bbox 913 3429 1015 3484; x_wconf 89' lang='lat' dir='ltr'><strong><em>mei</em></strong></span> <span class='ocrx_word' id='word_1_495' title='bbox 1047 3429 1135 3498; x_wconf 84' lang='lat' dir='ltr'><strong><em>qui</em></strong></span> <span class='ocrx_word' id='word_1_496' title='bbox 1183 3430 1237 3481; x_wconf 89' lang='lat' dir='ltr'><strong><em>in</em></strong></span> <span class='ocrx_word' id='word_1_497' title='bbox 1265 3427 1409 3482; x_wconf 72' lang='lat' dir='ltr'><strong><em>caelis</em></strong></span> <span class='ocrx_word' id='word_1_498' title='bbox 1436 3437 1510 3481; x_wconf 88' lang='lat' dir='ltr'><strong><em>est</em></strong></span> <span class='ocrx_word' id='word_1_499' title='bbox 1533 3426 1600 3494; x_wconf 62' lang='lat'><strong><em>3‘;</em></strong></span> <span class='ocrx_word' id='word_1_500' title='bbox 1633 3437 1688 3482; x_wconf 90' lang='lat' dir='ltr'><strong><em>et</em></strong></span> <span class='ocrx_word' id='word_1_501' title='bbox 1714 3427 1978 3483; x_wconf 83' lang='lat' dir='ltr'><strong><em>Jacobus:</em></strong></span> 
     </span>
    </p>
   </div>
   <div class='ocr_carea' id='block_1_65' title="bbox 401 3517 1981 3590">
    <p class='ocr_par' dir='ltr' id='par_1_65' title="bbox 401 3517 1981 3590">
     <span class='ocr_line' id='line_1_65' title="bbox 401 3517 1981 3590; baseline -0.002 -16"><span class='ocrx_word' id='word_1_502' title='bbox 401 3518 589 3587; x_wconf 83' lang='lat' dir='ltr'><strong><em>Fides,</em></strong></span> <span class='ocrx_word' id='word_1_503' title='bbox 625 3521 820 3589; x_wconf 87' lang='lat' dir='ltr'><strong><em>inquit,</em></strong></span> <span class='ocrx_word' id='word_1_504' title='bbox 854 3521 966 3576; x_wconf 85' lang='lat' dir='ltr'><strong><em>sine</em></strong></span> <span class='ocrx_word' id='word_1_505' title='bbox 991 3521 1230 3590; x_wconf 84' lang='lat' dir='ltr'><strong><em>operibus</em></strong></span> <span class='ocrx_word' id='word_1_506' title='bbox 1261 3531 1467 3574; x_wconf 90' lang='lat' dir='ltr'><strong><em>mortua</em></strong></span> <span class='ocrx_word' id='word_1_507' title='bbox 1493 3531 1591 3575; x_wconf 90' lang='lat' dir='ltr'><strong><em>est.</em></strong></span> <span class='ocrx_word' id='word_1_508' title='bbox 1617 3517 1689 3572; x_wconf 88' lang='lat' dir='ltr'><strong><em>Et</em></strong></span> <span class='ocrx_word' id='word_1_509' title='bbox 1718 3520 1981 3573; x_wconf 70' lang='lat' dir='ltr'><strong><em>daemonia</em></strong></span> 
     </span>
    </p>
   </div>
   <div class='ocr_carea' id='block_1_66' title="bbox 401 3611 1982 3682">
    <p class='ocr_par' dir='ltr' id='par_1_66' title="bbox 401 3611 1982 3682">
     <span class='ocr_line' id='line_1_66' title="bbox 401 3611 1982 3682; baseline -0.001 -14"><span class='ocrx_word' id='word_1_510' title='bbox 401 3614 642 3681; x_wconf 87' lang='lat' dir='ltr'><strong><em>credunt,</em></strong></span> <span class='ocrx_word' id='word_1_511' title='bbox 687 3628 733 3670; x_wconf 91' lang='lat' dir='ltr'><strong><em>et</em></strong></span> <span class='ocrx_word' id='word_1_512' title='bbox 784 3613 1214 3669; x_wconf 82' lang='lat' dir='ltr'><strong><em>contremiscunt.</em></strong></span> <span class='ocrx_word' id='word_1_513' title='bbox 1258 3611 1410 3668; x_wconf 86' lang='lat' dir='ltr'><strong><em>Sicut</em></strong></span> <span class='ocrx_word' id='word_1_514' title='bbox 1455 3613 1594 3667; x_wconf 89' lang='lat' dir='ltr'><strong><em>enim</em></strong></span> <span class='ocrx_word' id='word_1_515' title='bbox 1644 3627 1830 3682; x_wconf 86' lang='lat' dir='ltr'><strong><em>corpus</em></strong></span> <span class='ocrx_word' id='word_1_516' title='bbox 1869 3613 1982 3667; x_wconf 86' lang='lat' dir='ltr'><strong><em>sine</em></strong></span> 
     </span>
    </p>
   </div>
   <div class='ocr_carea' id='block_1_67' title="bbox 399 3695 1983 3777">
    <p class='ocr_par' dir='ltr' id='par_1_67' title="bbox 399 3695 1983 3777">
     <span class='ocr_line' id='line_1_67' title="bbox 399 3695 1983 3777; baseline -0.001 -16"><span class='ocrx_word' id='word_1_517' title='bbox 399 3695 591 3777; x_wconf 80' lang='lat' dir='ltr'><strong><em>spiritu</em></strong></span> <span class='ocrx_word' id='word_1_518' title='bbox 620 3716 884 3761; x_wconf 81' lang='lat' dir='ltr'><strong><em>mortuum</em></strong></span> <span class='ocrx_word' id='word_1_519' title='bbox 910 3712 1011 3772; x_wconf 86' lang='lat' dir='ltr'><strong><em>est,</em></strong></span> <span class='ocrx_word' id='word_1_520' title='bbox 1037 3705 1112 3760; x_wconf 90' lang='lat' dir='ltr'><strong><em>sic</em></strong></span> <span class='ocrx_word' id='word_1_521' title='bbox 1135 3715 1182 3760; x_wconf 90' lang='lat' dir='ltr'><strong><em>et</em></strong></span> <span class='ocrx_word' id='word_1_522' title='bbox 1211 3704 1342 3774; x_wconf 69' lang='lat' dir='ltr'><strong><em>ﬁdes</em></strong></span> <span class='ocrx_word' id='word_1_523' title='bbox 1369 3706 1480 3759; x_wconf 90' lang='lat' dir='ltr'><strong><em>sine</em></strong></span> <span class='ocrx_word' id='word_1_524' title='bbox 1507 3705 1745 3774; x_wconf 86' lang='lat' dir='ltr'><strong><em>aperibus</em></strong></span> <span class='ocrx_word' id='word_1_525' title='bbox 1775 3714 1983 3759; x_wconf 84' lang='lat' dir='ltr'><strong><em>mortua</em></strong></span> 
     </span>
    </p>
   </div>
   <div class='ocr_carea' id='block_1_68' title="bbox 402 3795 1980 3868">
    <p class='ocr_par' dir='ltr' id='par_1_68' title="bbox 402 3795 1980 3868">
     <span class='ocr_line' id='line_1_68' title="bbox 402 3795 1980 3868; baseline -0.001 -15"><span class='ocrx_word' id='word_1_526' title='bbox 402 3808 479 3854; x_wconf 78' lang='lat' dir='ltr'><strong><em>est</em></strong></span> <span class='ocrx_word' id='word_1_527' title='bbox 515 3798 584 3853; x_wconf 82' lang='grc'><strong><em>⁸³.</em></strong></span> <span class='ocrx_word' id='word_1_528' title='bbox 634 3797 927 3868; x_wconf 75' lang='lat' dir='ltr'><strong><em>Apostolus</em></strong></span> <span class='ocrx_word' id='word_1_529' title='bbox 976 3797 1106 3854; x_wconf 88' lang='lat' dir='ltr'><strong><em>item</em></strong></span> <span class='ocrx_word' id='word_1_530' title='bbox 1159 3795 1434 3852; x_wconf 84' lang='lat' dir='ltr'><strong><em>aIIirmans</em></strong></span> <span class='ocrx_word' id='word_1_531' title='bbox 1484 3796 1610 3852; x_wconf 81' lang='lat' dir='ltr'><strong><em>liliis</em></strong></span> <span class='ocrx_word' id='word_1_532' title='bbox 1655 3799 1791 3859; x_wconf 88' lang='lat' dir='ltr'><strong><em>suis,</em></strong></span> <span class='ocrx_word' id='word_1_533' title='bbox 1822 3797 1980 3852; x_wconf 87' lang='lat' dir='ltr'><strong><em>tidem</em></strong></span> 
     </span>
    </p>
   </div>
   <div class='ocr_carea' id='block_1_69' title="bbox 402 3879 1978 3962">
    <p class='ocr_par' dir='ltr' id='par_1_69' title="bbox 402 3879 1978 3962">
     <span class='ocr_line' id='line_1_69' title="bbox 402 3879 1978 3962; baseline -0.003 -16"><span class='ocrx_word' id='word_1_534' title='bbox 402 3879 660 3961; x_wconf 85' lang='lat' dir='ltr'><strong><em>operibus</em></strong></span> <span class='ocrx_word' id='word_1_535' title='bbox 711 3890 989 3962; x_wconf 79' lang='lat' dir='ltr'><strong><em>indigere,</em></strong></span> <span class='ocrx_word' id='word_1_536' title='bbox 1031 3891 1112 3947; x_wconf 88' lang='lat' dir='ltr'><strong><em>sic</em></strong></span> <span class='ocrx_word' id='word_1_537' title='bbox 1157 3890 1237 3946; x_wconf 86' lang='lat' dir='ltr'><strong><em>eis</em></strong></span> <span class='ocrx_word' id='word_1_538' title='bbox 1291 3891 1641 3946; x_wconf 84' lang='lat' dir='ltr'><strong><em>vehementer</em></strong></span> <span class='ocrx_word' id='word_1_539' title='bbox 1685 3892 1978 3962; x_wconf 68' lang='lat' dir='ltr'><strong><em>praecipit.-</em></strong></span> 
     </span>
    </p>
   </div>
   <div class='ocr_carea' id='block_1_70' title="bbox 404 3981 1978 4049">
    <p class='ocr_par' dir='ltr' id='par_1_70' title="bbox 404 3981 1978 4049">
     <span class='ocr_line' id='line_1_70' title="bbox 404 3981 1978 4049; baseline 0 -13"><span class='ocrx_word' id='word_1_540' title='bbox 404 3981 740 4049; x_wconf 79' lang='lat' dir='ltr'><strong><em>Fornicatio,</em></strong></span> <span class='ocrx_word' id='word_1_541' title='bbox 791 3992 842 4038; x_wconf 92' lang='lat' dir='ltr'><strong><em>et</em></strong></span> <span class='ocrx_word' id='word_1_542' title='bbox 889 3984 1059 4038; x_wconf 90' lang='lat' dir='ltr'><strong><em>omnis</em></strong></span> <span class='ocrx_word' id='word_1_543' title='bbox 1093 3983 1454 4047; x_wconf 90' lang='lat' dir='ltr'><strong><em>immunditia,</em></strong></span> <span class='ocrx_word' id='word_1_544' title='bbox 1501 3993 1591 4038; x_wconf 86' lang='lat' dir='ltr'><strong><em>aut</em></strong></span> <span class='ocrx_word' id='word_1_545' title='bbox 1622 3983 1850 4038; x_wconf 87' lang='lat' dir='ltr'><strong><em>avaritia</em></strong></span> <span class='ocrx_word' id='word_1_546' title='bbox 1891 4000 1978 4036; x_wconf 80' lang='lat' dir='ltr'><strong><em>ncc</em></strong></span> 
     </span>
    </p>
   </div>
   <div class='ocr_carea' id='block_1_71' title="bbox 405 4075 1978 4144">
    <p class='ocr_par' dir='ltr' id='par_1_71' title="bbox 405 4075 1978 4144">
     <span class='ocr_line' id='line_1_71' title="bbox 405 4075 1978 4144; baseline 0 -16"><span class='ocrx_word' id='word_1_547' title='bbox 405 4075 706 4130; x_wconf 85' lang='lat' dir='ltr'><strong><em>nominetur</em></strong></span> <span class='ocrx_word' id='word_1_548' title='bbox 737 4075 792 4130; x_wconf 86' lang='lat' dir='ltr'><strong><em>in</em></strong></span> <span class='ocrx_word' id='word_1_549' title='bbox 821 4075 986 4142; x_wconf 80' lang='lat' dir='ltr'><strong><em>vobis,</em></strong></span> <span class='ocrx_word' id='word_1_550' title='bbox 1017 4075 1152 4130; x_wconf 86' lang='lat' dir='ltr'><strong><em>sicut</em></strong></span> <span class='ocrx_word' id='word_1_551' title='bbox 1182 4077 1324 4130; x_wconf 87' lang='lat' dir='ltr'><strong><em>decet</em></strong></span> <span class='ocrx_word' id='word_1_552' title='bbox 1354 4087 1585 4144; x_wconf 88' lang='lat' dir='ltr'><strong><em>sanctos,</em></strong></span> <span class='ocrx_word' id='word_1_553' title='bbox 1622 4085 1714 4129; x_wconf 90' lang='lat' dir='ltr'><strong><em>aut</em></strong></span> <span class='ocrx_word' id='word_1_554' title='bbox 1748 4078 1978 4144; x_wconf 87' lang='lat' dir='ltr'><strong><em>turpitu-</em></strong></span> 
     </span>
    </p>
   </div>
   <div class='ocr_carea' id='block_1_72' title="bbox 403 4167 1984 4238">
    <p class='ocr_par' dir='ltr' id='par_1_72' title="bbox 403 4167 1984 4238">
     <span class='ocr_line' id='line_1_72' title="bbox 403 4167 1984 4238; baseline 0.002 -17"><span class='ocrx_word' id='word_1_555' title='bbox 403 4167 495 4233; x_wconf 92' lang='lat' dir='ltr'><strong><em>do,</em></strong></span> <span class='ocrx_word' id='word_1_556' title='bbox 518 4179 611 4222; x_wconf 89' lang='lat' dir='ltr'><strong><em>aut</em></strong></span> <span class='ocrx_word' id='word_1_557' title='bbox 635 4167 1043 4238; x_wconf 88' lang='lat' dir='ltr'><strong><em>stultiloquium,</em></strong></span> <span class='ocrx_word' id='word_1_558' title='bbox 1067 4177 1158 4222; x_wconf 90' lang='lat' dir='ltr'><strong><em>aut</em></strong></span> <span class='ocrx_word' id='word_1_559' title='bbox 1185 4169 1485 4222; x_wconf 89' lang='lat' dir='ltr'><strong><em>scurrilitas</em></strong></span> <span class='ocrx_word' id='word_1_560' title='bbox 1502 4183 1620 4238; x_wconf 75' lang='lat' dir='ltr'><strong><em>quat</em></strong></span> <span class='ocrx_word' id='word_1_561' title='bbox 1646 4170 1715 4223; x_wconf 89' lang='lat' dir='ltr'><strong><em>ad</em></strong></span> <span class='ocrx_word' id='word_1_562' title='bbox 1743 4185 1851 4222; x_wconf 91' lang='lat' dir='ltr'><strong><em>rem</em></strong></span> <span class='ocrx_word' id='word_1_563' title='bbox 1881 4185 1984 4224; x_wconf 85' lang='lat' dir='ltr'><strong><em>non</em></strong></span> 
     </span>
    </p>
   </div>
   <div class='ocr_carea' id='block_1_73' title="bbox 401 4259 1982 4334">
    <p class='ocr_par' dir='ltr' id='par_1_73' title="bbox 401 4259 1982 4334">
     <span class='ocr_line' id='line_1_73' title="bbox 401 4259 1982 4334; baseline 0.001 -20"><span class='ocrx_word' id='word_1_564' title='bbox 401 4261 625 4334; x_wconf 78' lang='lat' dir='ltr'><strong><em>pertinet</em></strong></span> <span class='ocrx_word' id='word_1_565' title='bbox 654 4277 676 4316; x_wconf 83' lang='lat'><strong><em>.°</em></strong></span> <span class='ocrx_word' id='word_1_566' title='bbox 705 4261 797 4315; x_wconf 84' lang='lat' dir='ltr'><strong><em>sed</em></strong></span> <span class='ocrx_word' id='word_1_567' title='bbox 843 4261 1012 4332; x_wconf 83' lang='lat' dir='ltr'><strong><em>magis</em></strong></span> <span class='ocrx_word' id='word_1_568' title='bbox 1035 4261 1331 4332; x_wconf 86' lang='lat' dir='ltr'><strong><em>gratiarum</em></strong></span> <span class='ocrx_word' id='word_1_569' title='bbox 1361 4261 1520 4316; x_wconf 87' lang='lat' dir='ltr'><strong><em>actio.</em></strong></span> <span class='ocrx_word' id='word_1_570' title='bbox 1551 4259 1668 4315; x_wconf 80' lang='lat' dir='ltr'><strong><em>Hoc</em></strong></span> <span class='ocrx_word' id='word_1_571' title='bbox 1697 4261 1835 4317; x_wconf 88' lang='lat' dir='ltr'><strong><em>enim</em></strong></span> <span class='ocrx_word' id='word_1_572' title='bbox 1874 4263 1982 4316; x_wconf 90' lang='lat' dir='ltr'><strong><em>sci-</em></strong></span> 
     </span>
    </p>
   </div>
   <div class='ocr_carea' id='block_1_74' title="bbox 403 4353 1984 4426">
    <p class='ocr_par' dir='ltr' id='par_1_74' title="bbox 403 4353 1984 4426">
     <span class='ocr_line' id='line_1_74' title="bbox 403 4353 1984 4426; baseline 0 -18"><span class='ocrx_word' id='word_1_573' title='bbox 403 4362 512 4409; x_wconf 85' lang='lat' dir='ltr'><strong><em>tote</em></strong></span> <span class='ocrx_word' id='word_1_574' title='bbox 539 4353 910 4424; x_wconf 86' lang='lat' dir='ltr'><strong><em>intelligentes,</em></strong></span> <span class='ocrx_word' id='word_1_575' title='bbox 935 4355 1074 4426; x_wconf 87' lang='lat' dir='ltr'><strong><em>quod</em></strong></span> <span class='ocrx_word' id='word_1_576' title='bbox 1105 4355 1275 4409; x_wconf 89' lang='lat' dir='ltr'><strong><em>omnis</em></strong></span> <span class='ocrx_word' id='word_1_577' title='bbox 1302 4353 1615 4425; x_wconf 85' lang='lat' dir='ltr'><strong><em>fornicator,</em></strong></span> <span class='ocrx_word' id='word_1_578' title='bbox 1639 4365 1730 4410; x_wconf 89' lang='lat' dir='ltr'><strong><em>aut</em></strong></span> <span class='ocrx_word' id='word_1_579' title='bbox 1764 4355 1984 4408; x_wconf 88' lang='lat' dir='ltr'><strong><em>immun-</em></strong></span> 
     </span>
    </p>
   </div>
   <div class='ocr_carea' id='block_1_75' title="bbox 2086 3152 3654 3227">
    <p class='ocr_par' dir='ltr' id='par_1_75' title="bbox 2086 3152 3654 3227">
     <span class='ocr_line' id='line_1_75' title="bbox 2086 3152 3654 3227; baseline -0.004 -17"><span class='ocrx_word' id='word_1_580' title='bbox 2086 3156 2251 3227; x_wconf 81' lang='lat' dir='ltr'><strong><em>igitur</em></strong></span> <span class='ocrx_word' id='word_1_581' title='bbox 2276 3171 2372 3211; x_wconf 90' lang='lat' dir='ltr'><strong><em>nos</em></strong></span> <span class='ocrx_word' id='word_1_582' title='bbox 2404 3156 2456 3211; x_wconf 89' lang='lat' dir='ltr'><strong><em>in</em></strong></span> <span class='ocrx_word' id='word_1_583' title='bbox 2485 3165 2596 3211; x_wconf 91' lang='lat' dir='ltr'><strong><em>toto</em></strong></span> <span class='ocrx_word' id='word_1_584' title='bbox 2622 3157 2805 3222; x_wconf 88' lang='lat' dir='ltr'><strong><em>corde,</em></strong></span> <span class='ocrx_word' id='word_1_585' title='bbox 2833 3170 2930 3210; x_wconf 87' lang='lat' dir='ltr'><strong><em>uec</em></strong></span> <span class='ocrx_word' id='word_1_586' title='bbox 2963 3154 3236 3226; x_wconf 86' lang='lat' dir='ltr'><strong><em>peccando</em></strong></span> <span class='ocrx_word' id='word_1_587' title='bbox 3267 3152 3654 3221; x_wconf 75' lang='lat' dir='ltr'><strong><em>defatigemur,</em></strong></span> 
     </span>
    </p>
   </div>
   <div class='ocr_carea' id='block_1_76' title="bbox 2083 3243 3655 3316">
    <p class='ocr_par' dir='ltr' id='par_1_76' title="bbox 2083 3243 3655 3316">
     <span class='ocr_line' id='line_1_76' title="bbox 2083 3243 3655 3316; baseline -0.002 -15"><span class='ocrx_word' id='word_1_588' title='bbox 2083 3259 2138 3301; x_wconf 89' lang='lat' dir='ltr'><strong><em>et</em></strong></span> <span class='ocrx_word' id='word_1_589' title='bbox 2165 3247 2418 3302; x_wconf 87' lang='lat' dir='ltr'><strong><em>celeriter</em></strong></span> <span class='ocrx_word' id='word_1_590' title='bbox 2470 3262 2567 3302; x_wconf 90' lang='lat' dir='ltr'><strong><em>nos</em></strong></span> <span class='ocrx_word' id='word_1_591' title='bbox 2605 3249 2840 3312; x_wconf 82' lang='lat' dir='ltr'><strong><em>exaudit,</em></strong></span> <span class='ocrx_word' id='word_1_592' title='bbox 2879 3247 2994 3316; x_wconf 89' lang='lat' dir='ltr'><strong><em>ipse</em></strong></span> <span class='ocrx_word' id='word_1_593' title='bbox 3035 3247 3178 3301; x_wconf 88' lang='lat' dir='ltr'><strong><em>enim</em></strong></span> <span class='ocrx_word' id='word_1_594' title='bbox 3223 3243 3561 3312; x_wconf 79' lang='lat' dir='ltr'><strong><em>aitzPetite,</em></strong></span> <span class='ocrx_word' id='word_1_595' title='bbox 3606 3256 3655 3298; x_wconf 88' lang='lat' dir='ltr'><strong><em>et</em></strong></span> 
     </span>
    </p>
   </div>
   <div class='ocr_carea' id='block_1_77' title="bbox 2084 3333 3657 3406">
    <p class='ocr_par' dir='ltr' id='par_1_77' title="bbox 2084 3333 3657 3406">
     <span class='ocr_line' id='line_1_77' title="bbox 2084 3333 3657 3406; baseline -0.003 -16"><span class='ocrx_word' id='word_1_596' title='bbox 2084 3336 2387 3406; x_wconf 85' lang='lat' dir='ltr'><strong><em>accipietis;</em></strong></span> <span class='ocrx_word' id='word_1_597' title='bbox 2409 3338 2647 3406; x_wconf 72' lang='lat' dir='ltr'><strong><em>quwrite,</em></strong></span> <span class='ocrx_word' id='word_1_598' title='bbox 2687 3345 2736 3390; x_wconf 89' lang='lat' dir='ltr'><strong><em>et</em></strong></span> <span class='ocrx_word' id='word_1_599' title='bbox 2768 3336 3073 3400; x_wconf 76' lang='lat' dir='ltr'><strong><em>invenietis;</em></strong></span> <span class='ocrx_word' id='word_1_600' title='bbox 3108 3333 3336 3403; x_wconf 82' lang='lat' dir='ltr'><strong><em>pulsate,</em></strong></span> <span class='ocrx_word' id='word_1_601' title='bbox 3368 3344 3414 3388; x_wconf 93' lang='lat' dir='ltr'><strong><em>et</em></strong></span> <span class='ocrx_word' id='word_1_602' title='bbox 3452 3333 3657 3402; x_wconf 85' lang='lat' dir='ltr'><strong><em>aperie-</em></strong></span> 
     </span>
    </p>
   </div>
   <div class='ocr_carea' id='block_1_78' title="bbox 2087 3427 3663 3500">
    <p class='ocr_par' dir='ltr' id='par_1_78' title="bbox 2087 3427 3663 3500">
     <span class='ocr_line' id='line_1_78' title="bbox 2087 3427 3663 3500; baseline -0.004 -16"><span class='ocrx_word' id='word_1_603' title='bbox 2087 3442 2173 3484; x_wconf 88' lang='lat' dir='ltr'><strong><em>tur</em></strong></span> <span class='ocrx_word' id='word_1_604' title='bbox 2200 3431 2420 3484; x_wconf 78' lang='lat' dir='ltr'><strong><em>robis”.</em></strong></span> <span class='ocrx_word' id='word_1_605' title='bbox 2465 3429 2523 3485; x_wconf 90' lang='lat' dir='ltr'><strong><em>Si</em></strong></span> <span class='ocrx_word' id='word_1_606' title='bbox 2549 3430 2713 3500; x_wconf 75' lang='lat' dir='ltr'><strong><em>Igitur</em></strong></span> <span class='ocrx_word' id='word_1_607' title='bbox 2743 3439 2925 3498; x_wconf 89' lang='lat' dir='ltr'><strong><em>petere</em></strong></span> <span class='ocrx_word' id='word_1_608' title='bbox 2956 3443 3020 3483; x_wconf 82' lang='lat' dir='ltr'><strong><em>ac</em></strong></span> <span class='ocrx_word' id='word_1_609' title='bbox 3049 3442 3292 3499; x_wconf 67' lang='lat' dir='ltr'><strong><em>quiaarere</em></strong></span> <span class='ocrx_word' id='word_1_610' title='bbox 3319 3437 3414 3481; x_wconf 86' lang='lat' dir='ltr'><strong><em>aut</em></strong></span> <span class='ocrx_word' id='word_1_611' title='bbox 3441 3427 3663 3496; x_wconf 74' lang='lat' dir='ltr'><strong><em>pulsat-vt.-</em></strong></span> 
     </span>
    </p>
   </div>
   <div class='ocr_carea' id='block_1_79' title="bbox 2083 3518 3658 3593">
    <p class='ocr_par' dir='ltr' id='par_1_79' title="bbox 2083 3518 3658 3593">
     <span class='ocr_line' id='line_1_79' title="bbox 2083 3518 3658 3593; baseline -0.003 -17"><span class='ocrx_word' id='word_1_612' title='bbox 2083 3522 2349 3588; x_wconf 88' lang='lat' dir='ltr'><strong><em>volumus,</em></strong></span> <span class='ocrx_word' id='word_1_613' title='bbox 2377 3521 2650 3578; x_wconf 85' lang='lat' dir='ltr'><strong><em>discamus</em></strong></span> <span class='ocrx_word' id='word_1_614' title='bbox 2677 3523 2804 3593; x_wconf 86' lang='lat' dir='ltr'><strong><em>quid</em></strong></span> <span class='ocrx_word' id='word_1_615' title='bbox 2836 3523 2904 3576; x_wconf 84' lang='lat' dir='ltr'><strong><em>ab</em></strong></span> <span class='ocrx_word' id='word_1_616' title='bbox 2952 3535 3016 3576; x_wconf 91' lang='lat' dir='ltr'><strong><em>eo</em></strong></span> <span class='ocrx_word' id='word_1_617' title='bbox 3053 3521 3208 3576; x_wconf 85' lang='lat' dir='ltr'><strong><em>nobis</em></strong></span> <span class='ocrx_word' id='word_1_618' title='bbox 3238 3518 3524 3590; x_wconf 88' lang='lat' dir='ltr'><strong><em>petendmn</em></strong></span> <span class='ocrx_word' id='word_1_619' title='bbox 3561 3519 3658 3572; x_wconf 86' lang='lat' dir='ltr'><strong><em>sit.</em></strong></span> 
     </span>
    </p>
   </div>
   <div class='ocr_carea' id='block_1_80' title="bbox 2085 3611 3662 3684">
    <p class='ocr_par' dir='ltr' id='par_1_80' title="bbox 2085 3611 3662 3684">
     <span class='ocr_line' id='line_1_80' title="bbox 2085 3611 3662 3684; baseline -0.003 -15"><span class='ocrx_word' id='word_1_620' title='bbox 2085 3617 2186 3684; x_wconf 80' lang='lat' dir='ltr'><strong><em>Qui</em></strong></span> <span class='ocrx_word' id='word_1_621' title='bbox 2214 3616 2388 3671; x_wconf 87' lang='lat' dir='ltr'><strong><em>media</em></strong></span> <span class='ocrx_word' id='word_1_622' title='bbox 2424 3627 2584 3672; x_wconf 89' lang='lat' dir='ltr'><strong><em>nocte</em></strong></span> <span class='ocrx_word' id='word_1_623' title='bbox 2615 3616 2683 3670; x_wconf 89' lang='lat' dir='ltr'><strong><em>ad</em></strong></span> <span class='ocrx_word' id='word_1_624' title='bbox 2709 3617 2940 3670; x_wconf 89' lang='lat' dir='ltr'><strong><em>amicum</em></strong></span> <span class='ocrx_word' id='word_1_625' title='bbox 2967 3630 3125 3670; x_wconf 88' lang='lat' dir='ltr'><strong><em>suum</em></strong></span> <span class='ocrx_word' id='word_1_626' title='bbox 3155 3611 3662 3677; x_wconf 76' lang='lat' dir='ltr'><strong><em>accessitsllntua,</em></strong></span> 
     </span>
    </p>
   </div>
   <div class='ocr_carea' id='block_1_81' title="bbox 2085 3706 3661 3780">
    <p class='ocr_par' dir='ltr' id='par_1_81' title="bbox 2085 3706 3661 3780">
     <span class='ocr_line' id='line_1_81' title="bbox 2085 3706 3661 3780; baseline -0.003 -16"><span class='ocrx_word' id='word_1_627' title='bbox 2085 3710 2281 3780; x_wconf 88' lang='lat' dir='ltr'><strong><em>inquit,</em></strong></span> <span class='ocrx_word' id='word_1_628' title='bbox 2307 3709 2434 3763; x_wconf 81' lang='lat' dir='ltr'><strong><em>mihi</em></strong></span> <span class='ocrx_word' id='word_1_629' title='bbox 2469 3715 2573 3764; x_wconf 79' lang='lat' dir='ltr'><strong><em>tres</em></strong></span> <span class='ocrx_word' id='word_1_630' title='bbox 2603 3725 2782 3780; x_wconf 87' lang='lat' dir='ltr'><strong><em>panes,</em></strong></span> <span class='ocrx_word' id='word_1_631' title='bbox 2825 3708 3072 3778; x_wconf 86' lang='lat' dir='ltr'><strong><em>quoniam</em></strong></span> <span class='ocrx_word' id='word_1_632' title='bbox 3119 3708 3321 3761; x_wconf 86' lang='lat' dir='ltr'><strong><em>amicus</em></strong></span> <span class='ocrx_word' id='word_1_633' title='bbox 3353 3706 3424 3759; x_wconf 82' lang='lat' dir='ltr'><strong><em>ad</em></strong></span> <span class='ocrx_word' id='word_1_634' title='bbox 3465 3719 3544 3760; x_wconf 82' lang='lat' dir='ltr'><strong><em>me</em></strong></span> <span class='ocrx_word' id='word_1_635' title='bbox 3572 3721 3661 3759; x_wconf 72' lang='lat' dir='ltr'><strong><em>ce-</em></strong></span> 
     </span>
    </p>
   </div>
   <div class='ocr_carea' id='block_1_82' title="bbox 2085 3797 3661 3871">
    <p class='ocr_par' dir='ltr' id='par_1_82' title="bbox 2085 3797 3661 3871">
     <span class='ocr_line' id='line_1_82' title="bbox 2085 3797 3661 3871; baseline -0.001 -17"><span class='ocrx_word' id='word_1_636' title='bbox 2085 3802 2158 3854; x_wconf 90' lang='lat' dir='ltr'><strong><em>nit</em></strong></span> <span class='ocrx_word' id='word_1_637' title='bbox 2182 3801 2248 3855; x_wconf 88' lang='lat' dir='ltr'><strong><em>de</em></strong></span> <span class='ocrx_word' id='word_1_638' title='bbox 2290 3800 2370 3855; x_wconf 79' lang='lat' dir='ltr'><strong><em>via</em></strong></span> <span class='ocrx_word' id='word_1_639' title='bbox 2385 3801 2452 3855; x_wconf 79' lang='lat'><strong><em>&quot;.</em></strong></span> <span class='ocrx_word' id='word_1_640' title='bbox 2480 3799 2614 3856; x_wconf 88' lang='lat' dir='ltr'><strong><em>Cum</em></strong></span> <span class='ocrx_word' id='word_1_641' title='bbox 2656 3801 2818 3871; x_wconf 77' lang='lat' dir='ltr'><strong><em>igitur</em></strong></span> <span class='ocrx_word' id='word_1_642' title='bbox 2851 3799 3063 3870; x_wconf 83' lang='lat' dir='ltr'><strong><em>pulsare</em></strong></span> <span class='ocrx_word' id='word_1_643' title='bbox 3091 3807 3360 3868; x_wconf 72' lang='lat' dir='ltr'><strong><em>pergeret,</em></strong></span> <span class='ocrx_word' id='word_1_644' title='bbox 3387 3797 3527 3868; x_wconf 86' lang='lat' dir='ltr'><strong><em>quod</em></strong></span> <span class='ocrx_word' id='word_1_645' title='bbox 3560 3811 3661 3866; x_wconf 78' lang='lat' dir='ltr'><strong><em>po-</em></strong></span> 
     </span>
    </p>
   </div>
   <div class='ocr_carea' id='block_1_83' title="bbox 2086 3893 2606 3962">
    <p class='ocr_par' dir='ltr' id='par_1_83' title="bbox 2086 3893 2606 3962">
     <span class='ocr_line' id='line_1_83' title="bbox 2086 3893 2606 3962; baseline -0.004 -14"><span class='ocrx_word' id='word_1_646' title='bbox 2086 3893 2250 3956; x_wconf 88' lang='lat' dir='ltr'><strong><em>lebat,</em></strong></span> <span class='ocrx_word' id='word_1_647' title='bbox 2280 3893 2606 3962; x_wconf 87' lang='lat' dir='ltr'><strong><em>impetravit.</em></strong></span> 
     </span>
    </p>
   </div>
   <div class='ocr_carea' id='block_1_84' title="bbox 2160 3981 3663 4057">
    <p class='ocr_par' dir='ltr' id='par_1_84' title="bbox 2160 3981 3663 4057">
     <span class='ocr_line' id='line_1_84' title="bbox 2160 3981 3663 4057; baseline -0.003 -15"><span class='ocrx_word' id='word_1_648' title='bbox 2160 3987 2246 4042; x_wconf 78' lang='lat' dir='ltr'><strong><em>IX.</em></strong></span> <span class='ocrx_word' id='word_1_649' title='bbox 2275 3987 2614 4057; x_wconf 76' lang='lat' dir='ltr'><strong><em>Abjiciamus</em></strong></span> <span class='ocrx_word' id='word_1_650' title='bbox 2631 3984 2899 4055; x_wconf 79' lang='lat' dir='ltr'><strong><em>pigritiam</em></strong></span> <span class='ocrx_word' id='word_1_651' title='bbox 2934 3999 2964 4039; x_wconf 88' lang='lat' dir='ltr'><strong><em>a</em></strong></span> <span class='ocrx_word' id='word_1_652' title='bbox 2991 3983 3166 4050; x_wconf 88' lang='lat' dir='ltr'><strong><em>nobis,</em></strong></span> <span class='ocrx_word' id='word_1_653' title='bbox 3193 3982 3408 4046; x_wconf 80' lang='lat' dir='ltr'><strong><em>fratres,</em></strong></span> <span class='ocrx_word' id='word_1_654' title='bbox 3429 3989 3486 4036; x_wconf 87' lang='lat' dir='ltr'><strong><em>et</em></strong></span> <span class='ocrx_word' id='word_1_655' title='bbox 3517 3981 3663 4038; x_wconf 79' lang='lat' dir='ltr'><strong><em>hanc</em></strong></span> 
     </span>
    </p>
   </div>
   <div class='ocr_carea' id='block_1_85' title="bbox 2087 4075 3662 4150">
    <p class='ocr_par' dir='ltr' id='par_1_85' title="bbox 2087 4075 3662 4150">
     <span class='ocr_line' id='line_1_85' title="bbox 2087 4075 3662 4150; baseline -0.003 -16"><span class='ocrx_word' id='word_1_656' title='bbox 2087 4079 2302 4150; x_wconf 85' lang='lat' dir='ltr'><strong><em>petendi</em></strong></span> <span class='ocrx_word' id='word_1_657' title='bbox 2330 4078 2691 4134; x_wconf 84' lang='lat' dir='ltr'><strong><em>constantiam</em></strong></span> <span class='ocrx_word' id='word_1_658' title='bbox 2717 4077 3015 4141; x_wconf 88' lang='lat' dir='ltr'><strong><em>imitemur,</em></strong></span> <span class='ocrx_word' id='word_1_659' title='bbox 3043 4086 3096 4131; x_wconf 91' lang='lat' dir='ltr'><strong><em>et</em></strong></span> <span class='ocrx_word' id='word_1_660' title='bbox 3123 4088 3461 4146; x_wconf 70' lang='lat' dir='ltr'><strong><em>quascunque</em></strong></span> <span class='ocrx_word' id='word_1_661' title='bbox 3485 4075 3662 4144; x_wconf 53' lang='lat' dir='ltr'><strong><em>petie.</em></strong></span> 
     </span>
    </p>
   </div>
   <div class='ocr_carea' id='block_1_86' title="bbox 2087 4167 3665 4241">
    <p class='ocr_par' dir='ltr' id='par_1_86' title="bbox 2087 4167 3665 4241">
     <span class='ocr_line' id='line_1_86' title="bbox 2087 4167 3665 4241; baseline -0.004 -13"><span class='ocrx_word' id='word_1_662' title='bbox 2087 4174 2258 4228; x_wconf 90' lang='lat' dir='ltr'><strong><em>rimus</em></strong></span> <span class='ocrx_word' id='word_1_663' title='bbox 2287 4170 2712 4241; x_wconf 87' lang='lat' dir='ltr'><strong><em>impetrabimus.</em></strong></span> <span class='ocrx_word' id='word_1_664' title='bbox 2733 4169 3038 4224; x_wconf 84' lang='lat' dir='ltr'><strong><em>Misericors</em></strong></span> <span class='ocrx_word' id='word_1_665' title='bbox 3059 4167 3202 4223; x_wconf 88' lang='lat' dir='ltr'><strong><em>enim</em></strong></span> <span class='ocrx_word' id='word_1_666' title='bbox 3225 4175 3326 4231; x_wconf 87' lang='lat' dir='ltr'><strong><em>est,</em></strong></span> <span class='ocrx_word' id='word_1_667' title='bbox 3357 4181 3455 4222; x_wconf 85' lang='lat' dir='ltr'><strong><em>nec</em></strong></span> <span class='ocrx_word' id='word_1_668' title='bbox 3486 4167 3665 4238; x_wconf 73' lang='lat' dir='ltr'><strong><em>magis</em></strong></span> 
     </span>
    </p>
   </div>
   <div class='ocr_carea' id='block_1_87' title="bbox 2087 4259 3662 4334">
    <p class='ocr_par' dir='ltr' id='par_1_87' title="bbox 2087 4259 3662 4334">
     <span class='ocr_line' id='line_1_87' title="bbox 2087 4259 3662 4334; baseline -0.002 -17"><span class='ocrx_word' id='word_1_669' title='bbox 2087 4263 2376 4334; x_wconf 88' lang='lat' dir='ltr'><strong><em>quidquam</em></strong></span> <span class='ocrx_word' id='word_1_670' title='bbox 2406 4264 2553 4334; x_wconf 89' lang='lat' dir='ltr'><strong><em>cupit</em></strong></span> <span class='ocrx_word' id='word_1_671' title='bbox 2576 4277 2734 4333; x_wconf 89' lang='lat' dir='ltr'><strong><em>quam</em></strong></span> <span class='ocrx_word' id='word_1_672' title='bbox 2762 4273 2820 4316; x_wconf 90' lang='lat' dir='ltr'><strong><em>ut</em></strong></span> <span class='ocrx_word' id='word_1_673' title='bbox 2846 4269 3099 4333; x_wconf 84' lang='lat' dir='ltr'><strong><em>peccator</em></strong></span> <span class='ocrx_word' id='word_1_674' title='bbox 3129 4259 3411 4331; x_wconf 86' lang='lat' dir='ltr'><strong><em>resipiscat</em></strong></span> <span class='ocrx_word' id='word_1_675' title='bbox 3442 4270 3498 4316; x_wconf 87' lang='lat' dir='ltr'><strong><em>et</em></strong></span> <span class='ocrx_word' id='word_1_676' title='bbox 3527 4275 3662 4316; x_wconf 78' lang='lat' dir='ltr'><strong><em>con-</em></strong></span> 
     </span>
    </p>
   </div>
   <div class='ocr_carea' id='block_1_88' title="bbox 2087 4353 3662 4426">
    <p class='ocr_par' dir='ltr' id='par_1_88' title="bbox 2087 4353 3662 4426">
     <span class='ocr_line' id='line_1_88' title="bbox 2087 4353 3662 4426; baseline -0.001 -19"><span class='ocrx_word' id='word_1_677' title='bbox 2087 4367 2347 4412; x_wconf 84' lang='lat' dir='ltr'><strong><em>vertatur.</em></strong></span> <span class='ocrx_word' id='word_1_678' title='bbox 2383 4357 2546 4410; x_wconf 80' lang='lat' dir='ltr'><strong><em>Amen</em></strong></span> <span class='ocrx_word' id='word_1_679' title='bbox 2590 4356 2706 4409; x_wconf 85' lang='lat' dir='ltr'><strong><em>dico</em></strong></span> <span class='ocrx_word' id='word_1_680' title='bbox 2732 4356 2900 4421; x_wconf 81' lang='lat' dir='ltr'><strong><em>vobis,</em></strong></span> <span class='ocrx_word' id='word_1_681' title='bbox 2933 4353 3108 4426; x_wconf 86' lang='lat' dir='ltr'><strong><em>inquit</em></strong></span> <span class='ocrx_word' id='word_1_682' title='bbox 3137 4354 3274 4424; x_wconf 90' lang='lat' dir='ltr'><strong><em>ipse,</em></strong></span> <span class='ocrx_word' id='word_1_683' title='bbox 3300 4353 3557 4424; x_wconf 78' lang='lat' dir='ltr'><strong><em>gaudium</em></strong></span> <span class='ocrx_word' id='word_1_684' title='bbox 3585 4364 3662 4406; x_wconf 87' lang='lat' dir='ltr'><strong><em>est</em></strong></span> 
     </span>
    </p>
   </div>
   <div class='ocr_carea' id='block_1_89' title="bbox 404 4443 3662 4519">
    <p class='ocr_par' dir='ltr' id='par_1_89' title="bbox 404 4443 3662 4519">
     <span class='ocr_line' id='line_1_89' title="bbox 404 4443 3662 4519; baseline -0.001 -18"><span class='ocrx_word' id='word_1_685' title='bbox 404 4449 524 4512; x_wconf 76' lang='lat' dir='ltr'><strong><em>elus,</em></strong></span> <span class='ocrx_word' id='word_1_686' title='bbox 560 4459 652 4501; x_wconf 83' lang='lat' dir='ltr'><strong><em>aut</em></strong></span> <span class='ocrx_word' id='word_1_687' title='bbox 684 4463 898 4514; x_wconf 79' lang='lat' dir='ltr'><strong><em>auarus,</em></strong></span> <span class='ocrx_word' id='word_1_688' title='bbox 928 4448 1067 4519; x_wconf 84' lang='lat' dir='ltr'><strong><em>quod</em></strong></span> <span class='ocrx_word' id='word_1_689' title='bbox 1093 4457 1168 4503; x_wconf 92' lang='lat' dir='ltr'><strong><em>est</em></strong></span> <span class='ocrx_word' id='word_1_690' title='bbox 1192 4447 1455 4502; x_wconf 87' lang='lat' dir='ltr'><strong><em>idolorum</em></strong></span> <span class='ocrx_word' id='word_1_691' title='bbox 1483 4447 1725 4513; x_wconf 82' lang='lat' dir='ltr'><strong><em>servitus,</em></strong></span> <span class='ocrx_word' id='word_1_692' title='bbox 1755 4463 1858 4502; x_wconf 88' lang='lat' dir='ltr'><strong><em>non</em></strong></span> <span class='ocrx_word' id='word_1_693' title='bbox 1887 4448 1985 4502; x_wconf 80' lang='lat' dir='ltr'><strong><em>Ita-</em></strong></span> <span class='ocrx_word' id='word_1_694' title='bbox 2015 4452 2060 4509; x_wconf 82' lang='lat'><strong><em>1)</em></strong></span> <span class='ocrx_word' id='word_1_695' title='bbox 2089 4443 2142 4496; x_wconf 89' lang='lat' dir='ltr'><strong><em>in</em></strong></span> <span class='ocrx_word' id='word_1_696' title='bbox 2179 4443 2303 4497; x_wconf 71' lang='lat' dir='ltr'><strong><em>caelo</em></strong></span> <span class='ocrx_word' id='word_1_697' title='bbox 2343 4460 2496 4510; x_wconf 83' lang='lat' dir='ltr'><strong><em>super</em></strong></span> <span class='ocrx_word' id='word_1_698' title='bbox 2539 4461 2643 4497; x_wconf 90' lang='lat' dir='ltr'><strong><em>uno</em></strong></span> <span class='ocrx_word' id='word_1_699' title='bbox 2695 4453 2965 4513; x_wconf 86' lang='lat' dir='ltr'><strong><em>peccatore</em></strong></span> <span class='ocrx_word' id='word_1_700' title='bbox 2994 4443 3348 4514; x_wconf 73' lang='lat' dir='ltr'><strong><em>paenitentiam</em></strong></span> <span class='ocrx_word' id='word_1_701' title='bbox 3389 4454 3574 4513; x_wconf 77' lang='lat' dir='ltr'><strong><em>agente</em></strong></span> <span class='ocrx_word' id='word_1_702' title='bbox 3593 4443 3662 4497; x_wconf 72' lang='grc'><strong><em>’⁸.</em></strong></span> 
     </span>
    </p>
   </div>
   <div class='ocr_carea' id='block_1_90' title="bbox 406 4539 1986 4611">
    <p class='ocr_par' dir='ltr' id='par_1_90' title="bbox 406 4539 1986 4611">
     <span class='ocr_line' id='line_1_90' title="bbox 406 4539 1986 4611; baseline 0.003 -19"><span class='ocrx_word' id='word_1_703' title='bbox 406 4542 485 4594; x_wconf 87' lang='lat' dir='ltr'><strong><em>bet</em></strong></span> <span class='ocrx_word' id='word_1_704' title='bbox 523 4539 880 4596; x_wconf 66' lang='lat' dir='ltr'><strong><em>ha&#39;reditatem</em></strong></span> <span class='ocrx_word' id='word_1_705' title='bbox 933 4542 989 4596; x_wconf 89' lang='lat' dir='ltr'><strong><em>in</em></strong></span> <span class='ocrx_word' id='word_1_706' title='bbox 1032 4556 1190 4611; x_wconf 89' lang='lat' dir='ltr'><strong><em>regno</em></strong></span> <span class='ocrx_word' id='word_1_707' title='bbox 1213 4540 1411 4595; x_wconf 85' lang='lat' dir='ltr'><strong><em>Christi</em></strong></span> <span class='ocrx_word' id='word_1_708' title='bbox 1454 4550 1502 4594; x_wconf 90' lang='lat' dir='ltr'><strong><em>et</em></strong></span> <span class='ocrx_word' id='word_1_709' title='bbox 1539 4539 1635 4595; x_wconf 89' lang='lat' dir='ltr'><strong><em>Dei</em></strong></span> <span class='ocrx_word' id='word_1_710' title='bbox 1652 4541 1718 4594; x_wconf 80' lang='grc'><strong><em>⁸⁸.</em></strong></span> <span class='ocrx_word' id='word_1_711' title='bbox 1760 4540 1827 4595; x_wconf 89' lang='lat' dir='ltr'><strong><em>Et</em></strong></span> <span class='ocrx_word' id='word_1_712' title='bbox 1868 4542 1986 4597; x_wconf 72' lang='lat' dir='ltr'><strong><em>Iuno</em></strong></span> 
     </span>
    </p>
   </div>
   <div class='ocr_carea' id='block_1_91' title="bbox 404 4631 1982 4702">
    <p class='ocr_par' dir='ltr' id='par_1_91' title="bbox 404 4631 1982 4702">
     <span class='ocr_line' id='line_1_91' title="bbox 404 4631 1982 4702; baseline 0.001 -16"><span class='ocrx_word' id='word_1_713' title='bbox 404 4633 738 4689; x_wconf 78' lang='lat' dir='ltr'><strong><em>conﬁrmans</em></strong></span> <span class='ocrx_word' id='word_1_714' title='bbox 785 4633 1053 4702; x_wconf 76' lang='lat' dir='ltr'><strong><em>subiicit:</em></strong></span> <span class='ocrx_word' id='word_1_715' title='bbox 1096 4631 1266 4688; x_wconf 86' lang='lat' dir='ltr'><strong><em>Nemo</em></strong></span> <span class='ocrx_word' id='word_1_716' title='bbox 1324 4649 1415 4687; x_wconf 82' lang='lat' dir='ltr'><strong><em>vos</em></strong></span> <span class='ocrx_word' id='word_1_717' title='bbox 1463 4634 1677 4687; x_wconf 85' lang='lat' dir='ltr'><strong><em>seducat</em></strong></span> <span class='ocrx_word' id='word_1_718' title='bbox 1735 4635 1982 4688; x_wconf 88' lang='lat' dir='ltr'><strong><em>inanibus</em></strong></span> 
     </span>
    </p>
   </div>
   <div class='ocr_carea' id='block_1_92' title="bbox 403 4722 1980 4795">
    <p class='ocr_par' dir='ltr' id='par_1_92' title="bbox 403 4722 1980 4795">
     <span class='ocr_line' id='line_1_92' title="bbox 403 4722 1980 4795; baseline 0.001 -17"><span class='ocrx_word' id='word_1_719' title='bbox 403 4725 606 4791; x_wconf 65' lang='lat' dir='ltr'><strong><em>verbis;</em></strong></span> <span class='ocrx_word' id='word_1_720' title='bbox 635 4733 849 4795; x_wconf 87' lang='lat' dir='ltr'><strong><em>propter</em></strong></span> <span class='ocrx_word' id='word_1_721' title='bbox 877 4727 989 4781; x_wconf 85' lang='lat' dir='ltr'><strong><em>htec</em></strong></span> <span class='ocrx_word' id='word_1_722' title='bbox 1015 4726 1154 4780; x_wconf 87' lang='lat' dir='ltr'><strong><em>enim</em></strong></span> <span class='ocrx_word' id='word_1_723' title='bbox 1193 4725 1330 4779; x_wconf 80' lang='lat' dir='ltr'><strong><em>venit</em></strong></span> <span class='ocrx_word' id='word_1_724' title='bbox 1362 4725 1443 4779; x_wconf 87' lang='lat' dir='ltr'><strong><em>ira</em></strong></span> <span class='ocrx_word' id='word_1_725' title='bbox 1476 4722 1576 4778; x_wconf 89' lang='lat' dir='ltr'><strong><em>Dei</em></strong></span> <span class='ocrx_word' id='word_1_726' title='bbox 1605 4725 1661 4778; x_wconf 88' lang='lat' dir='ltr'><strong><em>in</em></strong></span> <span class='ocrx_word' id='word_1_727' title='bbox 1697 4725 1838 4794; x_wconf 79' lang='lat' dir='ltr'><strong><em>ﬁlios</em></strong></span> <span class='ocrx_word' id='word_1_728' title='bbox 1896 4727 1980 4780; x_wconf 84' lang='lat' dir='ltr'><strong><em>in-</em></strong></span> 
     </span>
    </p>
   </div>
   <div class='ocr_carea' id='block_1_93' title="bbox 403 4816 1982 4888">
    <p class='ocr_par' dir='ltr' id='par_1_93' title="bbox 403 4816 1982 4888">
     <span class='ocr_line' id='line_1_93' title="bbox 403 4816 1982 4888; baseline 0.001 -16"><span class='ocrx_word' id='word_1_729' title='bbox 403 4819 730 4873; x_wconf 71' lang='lat' dir='ltr'><strong><em>obedientiae.</em></strong></span> <span class='ocrx_word' id='word_1_730' title='bbox 760 4816 936 4872; x_wconf 82' lang='lat' dir='ltr'><strong><em>Nolite</em></strong></span> <span class='ocrx_word' id='word_1_731' title='bbox 959 4833 1081 4888; x_wconf 84' lang='lat' dir='ltr'><strong><em>ergo</em></strong></span> <span class='ocrx_word' id='word_1_732' title='bbox 1106 4817 1236 4887; x_wconf 76' lang='lat' dir='ltr'><strong><em>effici</em></strong></span> <span class='ocrx_word' id='word_1_733' title='bbox 1256 4817 1537 4888; x_wconf 88' lang='lat' dir='ltr'><strong><em>participes</em></strong></span> <span class='ocrx_word' id='word_1_734' title='bbox 1567 4833 1765 4874; x_wconf 87' lang='lat' dir='ltr'><strong><em>eorum.</em></strong></span> <span class='ocrx_word' id='word_1_735' title='bbox 1800 4817 1982 4873; x_wconf 84' lang='lat' dir='ltr'><strong><em>Eratis</em></strong></span> 
     </span>
    </p>
   </div>
   <div class='ocr_carea' id='block_1_94' title="bbox 401 4907 1980 4980">
    <p class='ocr_par' dir='ltr' id='par_1_94' title="bbox 401 4907 1980 4980">
     <span class='ocr_line' id='line_1_94' title="bbox 401 4907 1980 4980; baseline -0.001 -17"><span class='ocrx_word' id='word_1_736' title='bbox 401 4910 541 4963; x_wconf 88' lang='lat' dir='ltr'><strong><em>enim</em></strong></span> <span class='ocrx_word' id='word_1_737' title='bbox 575 4908 862 4980; x_wconf 86' lang='lat' dir='ltr'><strong><em>aliquando</em></strong></span> <span class='ocrx_word' id='word_1_738' title='bbox 895 4907 1151 4973; x_wconf 76' lang='lat' dir='ltr'><strong><em>tenebrw;</em></strong></span> <span class='ocrx_word' id='word_1_739' title='bbox 1184 4924 1322 4962; x_wconf 89' lang='lat' dir='ltr'><strong><em>nunc</em></strong></span> <span class='ocrx_word' id='word_1_740' title='bbox 1363 4918 1536 4962; x_wconf 82' lang='lat' dir='ltr'><strong><em>autem</em></strong></span> <span class='ocrx_word' id='word_1_741' title='bbox 1575 4909 1670 4962; x_wconf 74' lang='lat' dir='ltr'><strong><em>lux</em></strong></span> <span class='ocrx_word' id='word_1_742' title='bbox 1697 4910 1750 4962; x_wconf 90' lang='lat' dir='ltr'><strong><em>in</em></strong></span> <span class='ocrx_word' id='word_1_743' title='bbox 1790 4908 1980 4962; x_wconf 83' lang='lat' dir='ltr'><strong><em>Domi-</em></strong></span> 
     </span>
    </p>
   </div>
   <div class='ocr_carea' id='block_1_95' title="bbox 403 4995 1980 5066">
    <p class='ocr_par' dir='ltr' id='par_1_95' title="bbox 403 4995 1980 5066">
     <span class='ocr_line' id='line_1_95' title="bbox 403 4995 1980 5066; baseline 0.001 -14"><span class='ocrx_word' id='word_1_744' title='bbox 403 5014 471 5052; x_wconf 88' lang='lat' dir='ltr'><strong><em>no</em></strong></span> <span class='ocrx_word' id='word_1_745' title='bbox 490 5039 506 5064; x_wconf 95' lang='lat'><strong><em>,</em></strong></span> <span class='ocrx_word' id='word_1_746' title='bbox 549 5007 603 5052; x_wconf 90' lang='lat' dir='ltr'><strong><em>ut</em></strong></span> <span class='ocrx_word' id='word_1_747' title='bbox 630 4998 731 5066; x_wconf 78' lang='lat' dir='ltr'><strong><em>ﬁlii</em></strong></span> <span class='ocrx_word' id='word_1_748' title='bbox 757 4997 888 5052; x_wconf 90' lang='lat' dir='ltr'><strong><em>lucis</em></strong></span> <span class='ocrx_word' id='word_1_749' title='bbox 913 4997 1198 5052; x_wconf 87' lang='lat' dir='ltr'><strong><em>ambulate.</em></strong></span> <span class='ocrx_word' id='word_1_750' title='bbox 1233 4995 1462 5052; x_wconf 85' lang='lat' dir='ltr'><strong><em>Fructus</em></strong></span> <span class='ocrx_word' id='word_1_751' title='bbox 1487 4999 1623 5052; x_wconf 88' lang='lat' dir='ltr'><strong><em>enim</em></strong></span> <span class='ocrx_word' id='word_1_752' title='bbox 1655 4998 1788 5054; x_wconf 89' lang='lat' dir='ltr'><strong><em>lucis</em></strong></span> <span class='ocrx_word' id='word_1_753' title='bbox 1817 5009 1894 5054; x_wconf 86' lang='lat' dir='ltr'><strong><em>est</em></strong></span> <span class='ocrx_word' id='word_1_754' title='bbox 1924 5002 1980 5054; x_wconf 90' lang='lat' dir='ltr'><strong><em>in</em></strong></span> 
     </span>
    </p>
   </div>
   <div class='ocr_carea' id='block_1_96' title="bbox 403 5088 1984 5162">
    <p class='ocr_par' dir='ltr' id='par_1_96' title="bbox 403 5088 1984 5162">
     <span class='ocr_line' id='line_1_96' title="bbox 403 5088 1984 5162; baseline 0.002 -21"><span class='ocrx_word' id='word_1_755' title='bbox 403 5092 543 5142; x_wconf 88' lang='lat' dir='ltr'><strong><em>omni</em></strong></span> <span class='ocrx_word' id='word_1_756' title='bbox 575 5089 808 5143; x_wconf 86' lang='lat' dir='ltr'><strong><em>bonitate</em></strong></span> <span class='ocrx_word' id='word_1_757' title='bbox 836 5099 882 5144; x_wconf 91' lang='lat' dir='ltr'><strong><em>et</em></strong></span> <span class='ocrx_word' id='word_1_758' title='bbox 904 5088 1144 5158; x_wconf 78' lang='lat' dir='ltr'><strong><em>justitia,</em></strong></span> <span class='ocrx_word' id='word_1_759' title='bbox 1174 5100 1220 5144; x_wconf 96' lang='lat' dir='ltr'><strong><em>et</em></strong></span> <span class='ocrx_word' id='word_1_760' title='bbox 1260 5091 1501 5157; x_wconf 83' lang='lat' dir='ltr'><strong><em>ueritate,</em></strong></span> <span class='ocrx_word' id='word_1_761' title='bbox 1531 5091 1830 5160; x_wconf 83' lang='lat' dir='ltr'><strong><em>probantes,</em></strong></span> <span class='ocrx_word' id='word_1_762' title='bbox 1855 5092 1984 5162; x_wconf 86' lang='lat' dir='ltr'><strong><em>quid</em></strong></span> 
     </span>
    </p>
   </div>
   <div class='ocr_carea' id='block_1_97' title="bbox 402 5181 1982 5252">
    <p class='ocr_par' dir='ltr' id='par_1_97' title="bbox 402 5181 1982 5252">
     <span class='ocr_line' id='line_1_97' title="bbox 402 5181 1982 5252; baseline 0.003 -19"><span class='ocrx_word' id='word_1_763' title='bbox 402 5183 468 5234; x_wconf 90' lang='lat' dir='ltr'><strong><em>sit</em></strong></span> <span class='ocrx_word' id='word_1_764' title='bbox 514 5181 892 5250; x_wconf 75' lang='lat' dir='ltr'><strong><em>beneplat:itunt</em></strong></span> <span class='ocrx_word' id='word_1_765' title='bbox 938 5181 1083 5246; x_wconf 86' lang='lat' dir='ltr'><strong><em>Deo;</em></strong></span> <span class='ocrx_word' id='word_1_766' title='bbox 1117 5193 1165 5236; x_wconf 89' lang='lat' dir='ltr'><strong><em>et</em></strong></span> <span class='ocrx_word' id='word_1_767' title='bbox 1199 5184 1359 5236; x_wconf 85' lang='lat' dir='ltr'><strong><em>noti&#39;e</em></strong></span> <span class='ocrx_word' id='word_1_768' title='bbox 1392 5185 1778 5238; x_wconf 88' lang='lat' dir='ltr'><strong><em>communicare</em></strong></span> <span class='ocrx_word' id='word_1_769' title='bbox 1806 5184 1982 5252; x_wconf 87' lang='lat' dir='ltr'><strong><em>operi-</em></strong></span> 
     </span>
    </p>
   </div>
   <div class='ocr_carea' id='block_1_98' title="bbox 404 5273 1982 5347">
    <p class='ocr_par' dir='ltr' id='par_1_98' title="bbox 404 5273 1982 5347">
     <span class='ocr_line' id='line_1_98' title="bbox 404 5273 1982 5347; baseline 0.003 -21"><span class='ocrx_word' id='word_1_770' title='bbox 404 5275 499 5326; x_wconf 85' lang='lat' dir='ltr'><strong><em>bus</em></strong></span> <span class='ocrx_word' id='word_1_771' title='bbox 523 5273 867 5343; x_wconf 87' lang='lat' dir='ltr'><strong><em>infructuosis</em></strong></span> <span class='ocrx_word' id='word_1_772' title='bbox 903 5277 1257 5341; x_wconf 87' lang='lat' dir='ltr'><strong><em>tenebrarum,</em></strong></span> <span class='ocrx_word' id='word_1_773' title='bbox 1292 5279 1459 5347; x_wconf 86' lang='lat' dir='ltr'><strong><em>magis</em></strong></span> <span class='ocrx_word' id='word_1_774' title='bbox 1489 5289 1661 5332; x_wconf 89' lang='lat' dir='ltr'><strong><em>atttem</em></strong></span> <span class='ocrx_word' id='word_1_775' title='bbox 1703 5278 1982 5347; x_wconf 86' lang='lat' dir='ltr'><strong><em>redargui-</em></strong></span> 
     </span>
    </p>
   </div>
   <div class='ocr_carea' id='block_1_99' title="bbox 404 5365 1983 5437">
    <p class='ocr_par' dir='ltr' id='par_1_99' title="bbox 404 5365 1983 5437">
     <span class='ocr_line' id='line_1_99' title="bbox 404 5365 1983 5437; baseline 0.003 -16"><span class='ocrx_word' id='word_1_776' title='bbox 404 5377 454 5422; x_wconf 70' lang='grc' dir='ltr'><strong><em>τε</em></strong></span> <span class='ocrx_word' id='word_1_777' title='bbox 474 5365 542 5432; x_wconf 86' lang='grc'><strong><em>⁸⁷;</em></strong></span> <span class='ocrx_word' id='word_1_778' title='bbox 573 5376 630 5422; x_wconf 89' lang='lat' dir='ltr'><strong><em>et</em></strong></span> <span class='ocrx_word' id='word_1_779' title='bbox 668 5382 878 5423; x_wconf 82' lang='lat' dir='ltr'><strong><em>rursom</em></strong></span> <span class='ocrx_word' id='word_1_780' title='bbox 911 5383 926 5422; x_wconf 92' lang='lat'><strong>:</strong></span> <span class='ocrx_word' id='word_1_781' title='bbox 965 5367 1148 5424; x_wconf 83' lang='lat' dir='ltr'><strong><em>Omnis</em></strong></span> <span class='ocrx_word' id='word_1_782' title='bbox 1179 5372 1497 5436; x_wconf 79' lang='lat' dir='ltr'><strong><em>amaritudo,</em></strong></span> <span class='ocrx_word' id='word_1_783' title='bbox 1535 5383 1581 5426; x_wconf 89' lang='lat' dir='ltr'><strong><em>et</em></strong></span> <span class='ocrx_word' id='word_1_784' title='bbox 1615 5373 1716 5437; x_wconf 90' lang='lat' dir='ltr'><strong><em>ira,</em></strong></span> <span class='ocrx_word' id='word_1_785' title='bbox 1749 5381 1800 5426; x_wconf 89' lang='lat' dir='ltr'><strong><em>et</em></strong></span> <span class='ocrx_word' id='word_1_786' title='bbox 1840 5371 1983 5425; x_wconf 88' lang='lat' dir='ltr'><strong><em>indi-</em></strong></span> 
     </span>
    </p>
   </div>
   <div class='ocr_carea' id='block_1_100' title="bbox 477 5519 1021 5588">
    <p class='ocr_par' dir='ltr' id='par_1_100' title="bbox 477 5519 1021 5588">
     <span class='ocr_line' id='line_1_100' title="bbox 477 5519 1021 5588; baseline 0.004 -11"><span class='ocrx_word' id='word_1_787' title='bbox 477 5520 566 5577; x_wconf 80' lang='grc' dir='ltr'><strong><em>τοι</em></strong></span> <span class='ocrx_word' id='word_1_788' title='bbox 600 5519 760 5578; x_wconf 81' lang='lat' dir='ltr'><strong><em>Joan.</em></strong></span> <span class='ocrx_word' id='word_1_789' title='bbox 809 5539 914 5588; x_wconf 65' lang='grc' dir='ltr'>ιιι..</span> <span class='ocrx_word' id='word_1_790' title='bbox 938 5525 1021 5579; x_wconf 85' lang='lat' dir='ltr'><strong><em>I0.</em></strong></span> 
     </span>
    </p>
   </div>
   <div class='ocr_carea' id='block_1_101' title="bbox 404 5593 940 5658">
    <p class='ocr_par' dir='ltr' id='par_1_101' title="bbox 404 5593 940 5658">
     <span class='ocr_line' id='line_1_101' title="bbox 404 5593 940 5658; baseline 0.006 -11"><span class='ocrx_word' id='word_1_791' title='bbox 404 5593 454 5628; x_wconf 74' lang='grc' dir='ltr'><strong><em>ε’</em></strong></span> <span class='ocrx_word' id='word_1_792' title='bbox 502 5593 692 5650; x_wconf 81' lang='lat' dir='ltr'><strong><em>Matth.</em></strong></span> <span class='ocrx_word' id='word_1_793' title='bbox 724 5609 821 5658; x_wconf 79' lang='lat' dir='ltr'><strong><em>xu,</em></strong></span> <span class='ocrx_word' id='word_1_794' title='bbox 851 5595 940 5650; x_wconf 79' lang='lat'><strong><em>35.</em></strong></span> 
     </span>
    </p>
   </div>
   <div class='ocr_carea' id='block_1_102' title="bbox 403 5663 905 5735">
    <p class='ocr_par' dir='ltr' id='par_1_102' title="bbox 403 5663 905 5735">
     <span class='ocr_line' id='line_1_102' title="bbox 403 5663 905 5735; baseline 0 -14"><span class='ocrx_word' id='word_1_795' title='bbox 403 5663 455 5699; x_wconf 76' lang='lat'><strong>&quot;</strong></span> <span class='ocrx_word' id='word_1_796' title='bbox 488 5664 682 5735; x_wconf 77' lang='lat' dir='ltr'><strong><em>Ephes.</em></strong></span> <span class='ocrx_word' id='word_1_797' title='bbox 719 5680 789 5735; x_wconf 82' lang='lat' dir='ltr'><strong><em>tv,</em></strong></span> <span class='ocrx_word' id='word_1_798' title='bbox 815 5667 905 5721; x_wconf 79' lang='lat'><strong><em>3|.</em></strong></span> 
     </span>
    </p>
   </div>
   <div class='ocr_carea' id='block_1_103' title="bbox 403 5748 560 5811">
    <p class='ocr_par' dir='ltr' id='par_1_103' title="bbox 403 5748 560 5811">
     <span class='ocr_line' id='line_1_103' title="bbox 403 5748 560 5811; baseline -0.019 0"><span class='ocrx_word' id='word_1_799' title='bbox 403 5748 560 5811; x_wconf 59' lang='lat'><strong>“4&#39;1-</strong></span> 
     </span>
    </p>
   </div>
   <div class='ocr_carea' id='block_1_104' title="bbox 1021 5595 1922 5664">
    <p class='ocr_par' dir='ltr' id='par_1_104' title="bbox 1021 5595 1922 5664">
     <span class='ocr_line' id='line_1_104' title="bbox 1021 5595 1922 5664; baseline 0.004 -14"><span class='ocrx_word' id='word_1_800' title='bbox 1021 5597 1067 5628; x_wconf 84' lang='grc'><strong><em>⁸³</em></strong></span> <span class='ocrx_word' id='word_1_801' title='bbox 1092 5595 1284 5654; x_wconf 84' lang='lat' dir='ltr'><strong><em>Matth.</em></strong></span> <span class='ocrx_word' id='word_1_802' title='bbox 1310 5614 1418 5664; x_wconf 87' lang='lat' dir='ltr'><strong><em>.vu,</em></strong></span> <span class='ocrx_word' id='word_1_803' title='bbox 1447 5599 1530 5652; x_wconf 83' lang='lat' dir='ltr'><strong><em>I6.</em></strong></span> <span class='ocrx_word' id='word_1_804' title='bbox 1607 5599 1653 5630; x_wconf 62' lang='grc' dir='ltr'>οι</span> <span class='ocrx_word' id='word_1_805' title='bbox 1679 5598 1811 5652; x_wconf 85' lang='lat' dir='ltr'><strong><em>ibid.</em></strong></span> <span class='ocrx_word' id='word_1_806' title='bbox 1831 5601 1922 5654; x_wconf 79' lang='lat'><strong><em>2|.</em></strong></span> 
     </span>
    </p>
   </div>
   <div class='ocr_carea' id='block_1_105' title="bbox 984 5665 1873 5737">
    <p class='ocr_par' dir='ltr' id='par_1_105' title="bbox 984 5665 1873 5737">
     <span class='ocr_line' id='line_1_105' title="bbox 984 5665 1873 5737; baseline 0.004 -17"><span class='ocrx_word' id='word_1_807' title='bbox 984 5669 1029 5700; x_wconf 71' lang='lat'><strong>&#39;9</strong></span> <span class='ocrx_word' id='word_1_808' title='bbox 1053 5665 1069 5720; x_wconf 96' lang='lat' dir='ltr'><strong><em>I</em></strong></span> <span class='ocrx_word' id='word_1_809' title='bbox 1095 5667 1316 5737; x_wconf 64' lang='lat' dir='ltr'><strong><em>Const,</em></strong></span> <span class='ocrx_word' id='word_1_810' title='bbox 1343 5671 1394 5726; x_wconf 83' lang='lat' dir='ltr'><strong><em>I.</em></strong></span> <span class='ocrx_word' id='word_1_811' title='bbox 1477 5667 1651 5725; x_wconf 76' lang='lat' dir='ltr'><strong><em>&quot;Gal.</em></strong></span> <span class='ocrx_word' id='word_1_812' title='bbox 1681 5685 1758 5737; x_wconf 91' lang='lat' dir='ltr'><strong><em>tu,</em></strong></span> <span class='ocrx_word' id='word_1_813' title='bbox 1782 5669 1873 5724; x_wconf 69' lang='lat'><strong><em>27.</em></strong></span> 
     </span>
    </p>
   </div>
   <div class='ocr_carea' id='block_1_106' title="bbox 637 5734 1058 5808">
    <p class='ocr_par' dir='ltr' id='par_1_106' title="bbox 637 5734 1058 5808">
     <span class='ocr_line' id='line_1_106' title="bbox 637 5734 1058 5808; baseline 0.002 -15"><span class='ocrx_word' id='word_1_814' title='bbox 637 5736 685 5770; x_wconf 79' lang='lat'><strong>”</strong></span> <span class='ocrx_word' id='word_1_815' title='bbox 717 5734 846 5794; x_wconf 82' lang='lat' dir='ltr'><strong><em>Luc.</em></strong></span> <span class='ocrx_word' id='word_1_816' title='bbox 889 5753 980 5808; x_wconf 81' lang='lat' dir='ltr'><strong><em>xv,</em></strong></span> <span class='ocrx_word' id='word_1_817' title='bbox 1006 5739 1058 5794; x_wconf 88' lang='lat'><strong><em>7.</em></strong></span> 
     </span>
    </p>
   </div>
   <div class='ocr_carea' id='block_1_107' title="bbox 1116 5523 2146 5593">
    <p class='ocr_par' dir='ltr' id='par_1_107' title="bbox 1116 5523 2146 5593">
     <span class='ocr_line' id='line_1_107' title="bbox 1116 5523 2146 5593; baseline 0.007 -13"><span class='ocrx_word' id='word_1_818' title='bbox 1116 5526 1160 5556; x_wconf 86' lang='lat'>&quot;</span> <span class='ocrx_word' id='word_1_819' title='bbox 1190 5523 1384 5582; x_wconf 80' lang='lat' dir='ltr'><strong><em>IJoan.</em></strong></span> <span class='ocrx_word' id='word_1_820' title='bbox 1411 5543 1472 5588; x_wconf 85' lang='grc' dir='ltr'>ιι.</span> <span class='ocrx_word' id='word_1_821' title='bbox 1495 5527 1585 5583; x_wconf 76' lang='lat'><strong><em>‘29.</em></strong></span> <span class='ocrx_word' id='word_1_822' title='bbox 1661 5527 1707 5560; x_wconf 82' lang='lat'><strong>&quot;</strong></span> <span class='ocrx_word' id='word_1_823' title='bbox 1737 5527 1753 5582; x_wconf 94' lang='grc' dir='ltr'><strong>Ι</strong></span> <span class='ocrx_word' id='word_1_824' title='bbox 1789 5526 1944 5583; x_wconf 79' lang='lat' dir='ltr'><strong><em>Joau.</em></strong></span> <span class='ocrx_word' id='word_1_825' title='bbox 1987 5545 2070 5593; x_wconf 88' lang='lat' dir='ltr'><strong><em>tu,</em></strong></span> <span class='ocrx_word' id='word_1_826' title='bbox 2094 5531 2146 5588; x_wconf 92' lang='lat'><strong><em>8.</em></strong></span> 
     </span>
    </p>
   </div>
   <div class='ocr_carea' id='block_1_108' title="bbox 1999 5599 2599 5670">
    <p class='ocr_par' dir='ltr' id='par_1_108' title="bbox 1999 5599 2599 5670">
     <span class='ocr_line' id='line_1_108' title="bbox 1999 5599 2599 5670; baseline 0.008 -17"><span class='ocrx_word' id='word_1_827' title='bbox 1999 5601 2045 5632; x_wconf 80' lang='grc'><strong><em>⁸⁸</em></strong></span> <span class='ocrx_word' id='word_1_828' title='bbox 2079 5599 2192 5656; x_wconf 75' lang='lat' dir='ltr'><strong><em>Jac.</em></strong></span> <span class='ocrx_word' id='word_1_829' title='bbox 2212 5603 2371 5665; x_wconf 67' lang='lat'><strong><em>&quot;.19,</em></strong></span> <span class='ocrx_word' id='word_1_830' title='bbox 2394 5604 2484 5670; x_wconf 75' lang='lat'><strong><em>‘20,</em></strong></span> <span class='ocrx_word' id='word_1_831' title='bbox 2510 5603 2599 5658; x_wconf 76' lang='grc'><strong><em>26.</em></strong></span> 
     </span>
    </p>
   </div>
   <div class='ocr_carea' id='block_1_109' title="bbox 1977 5670 2577 5746">
    <p class='ocr_par' dir='ltr' id='par_1_109' title="bbox 1977 5670 2577 5746">
     <span class='ocr_line' id='line_1_109' title="bbox 1977 5670 2577 5746; baseline -0.002 -17"><span class='ocrx_word' id='word_1_832' title='bbox 1977 5672 2020 5704; x_wconf 84' lang='grc'><strong><em>⁹¹</em></strong></span> <span class='ocrx_word' id='word_1_833' title='bbox 2063 5670 2195 5732; x_wconf 85' lang='lat' dir='ltr'><strong><em>Luc.</em></strong></span> <span class='ocrx_word' id='word_1_834' title='bbox 2216 5688 2305 5742; x_wconf 82' lang='lat' dir='ltr'><strong><em>xv,</em></strong></span> <span class='ocrx_word' id='word_1_835' title='bbox 2334 5674 2392 5729; x_wconf 87' lang='lat' dir='ltr'><strong><em>II</em></strong></span> <span class='ocrx_word' id='word_1_836' title='bbox 2423 5689 2577 5746; x_wconf 75' lang='lat' dir='ltr'><strong><em>seqq.</em></strong></span> 
     </span>
    </p>
   </div>
   <div class='ocr_carea' id='block_1_110' title="bbox 2093 4535 3662 4608">
    <p class='ocr_par' dir='ltr' id='par_1_110' title="bbox 2093 4535 3662 4608">
     <span class='ocr_line' id='line_1_110' title="bbox 2093 4535 3662 4608; baseline -0.004 -18"><span class='ocrx_word' id='word_1_837' title='bbox 2093 4536 2224 4590; x_wconf 89' lang='lat' dir='ltr'><strong><em>Dum</em></strong></span> <span class='ocrx_word' id='word_1_838' title='bbox 2276 4537 2342 4589; x_wconf 87' lang='lat' dir='ltr'><strong><em>ad</em></strong></span> <span class='ocrx_word' id='word_1_839' title='bbox 2379 4537 2495 4608; x_wconf 84' lang='lat' dir='ltr'><strong><em>ejus</em></strong></span> <span class='ocrx_word' id='word_1_840' title='bbox 2545 4536 2889 4593; x_wconf 87' lang='lat' dir='ltr'><strong><em>clementiam</em></strong></span> <span class='ocrx_word' id='word_1_841' title='bbox 2933 4535 3224 4606; x_wconf 77' lang='lat' dir='ltr'><strong><em>confugere</em></strong></span> <span class='ocrx_word' id='word_1_842' title='bbox 3258 4549 3569 4605; x_wconf 85' lang='lat' dir='ltr'><strong><em>possumus,</em></strong></span> <span class='ocrx_word' id='word_1_843' title='bbox 3608 4543 3662 4588; x_wconf 87' lang='lat' dir='ltr'><strong><em>et</em></strong></span> 
     </span>
    </p>
   </div>
   <div class='ocr_carea' id='block_1_111' title="bbox 2091 4628 3663 4701">
    <p class='ocr_par' dir='ltr' id='par_1_111' title="bbox 2091 4628 3663 4701">
     <span class='ocr_line' id='line_1_111' title="bbox 2091 4628 3663 4701; baseline 0.002 -19"><span class='ocrx_word' id='word_1_844' title='bbox 2091 4629 2476 4684; x_wconf 81' lang='lat' dir='ltr'><strong><em>misericordiae</em></strong></span> <span class='ocrx_word' id='word_1_845' title='bbox 2501 4630 2671 4701; x_wconf 84' lang='lat' dir='ltr'><strong><em>ipsius</em></strong></span> <span class='ocrx_word' id='word_1_846' title='bbox 2700 4629 2901 4684; x_wconf 88' lang='lat' dir='ltr'><strong><em>divitiis</em></strong></span> <span class='ocrx_word' id='word_1_847' title='bbox 2931 4628 3159 4699; x_wconf 81' lang='lat' dir='ltr'><strong><em>perfrui,</em></strong></span> <span class='ocrx_word' id='word_1_848' title='bbox 3195 4628 3582 4698; x_wconf 79' lang='lat' dir='ltr'><strong><em>resipiscamus</em></strong></span> <span class='ocrx_word' id='word_1_849' title='bbox 3611 4629 3663 4684; x_wconf 87' lang='lat' dir='ltr'><strong><em>in</em></strong></span> 
     </span>
    </p>
   </div>
   <div class='ocr_carea' id='block_1_112' title="bbox 2093 4723 3663 4794">
    <p class='ocr_par' dir='ltr' id='par_1_112' title="bbox 2093 4723 3663 4794">
     <span class='ocr_line' id='line_1_112' title="bbox 2093 4723 3663 4794; baseline 0 -17"><span class='ocrx_word' id='word_1_850' title='bbox 2093 4731 2207 4777; x_wconf 88' lang='lat' dir='ltr'><strong><em>toto</em></strong></span> <span class='ocrx_word' id='word_1_851' title='bbox 2241 4723 2436 4786; x_wconf 89' lang='lat' dir='ltr'><strong><em>corde;</em></strong></span> <span class='ocrx_word' id='word_1_852' title='bbox 2475 4723 2602 4776; x_wconf 89' lang='lat' dir='ltr'><strong><em>dum</em></strong></span> <span class='ocrx_word' id='word_1_853' title='bbox 2652 4737 2838 4778; x_wconf 89' lang='lat' dir='ltr'><strong><em>sumus</em></strong></span> <span class='ocrx_word' id='word_1_854' title='bbox 2886 4723 2937 4778; x_wconf 93' lang='lat' dir='ltr'><strong><em>in</em></strong></span> <span class='ocrx_word' id='word_1_855' title='bbox 2981 4737 3236 4794; x_wconf 87' lang='lat' dir='ltr'><strong><em>corpore,</em></strong></span> <span class='ocrx_word' id='word_1_856' title='bbox 3277 4724 3344 4778; x_wconf 87' lang='lat' dir='ltr'><strong><em>ad</em></strong></span> <span class='ocrx_word' id='word_1_857' title='bbox 3382 4723 3532 4778; x_wconf 89' lang='lat' dir='ltr'><strong><em>illum</em></strong></span> <span class='ocrx_word' id='word_1_858' title='bbox 3579 4740 3663 4777; x_wconf 60' lang='lat' dir='ltr'><strong><em>re.</em></strong></span> 
     </span>
    </p>
   </div>
   <div class='ocr_carea' id='block_1_113' title="bbox 2089 4815 3666 4889">
    <p class='ocr_par' dir='ltr' id='par_1_113' title="bbox 2089 4815 3666 4889">
     <span class='ocr_line' id='line_1_113' title="bbox 2089 4815 3666 4889; baseline 0.001 -19"><span class='ocrx_word' id='word_1_859' title='bbox 2089 4829 2385 4872; x_wconf 72' lang='lat' dir='ltr'><strong><em>vertemur.</em></strong></span> <span class='ocrx_word' id='word_1_860' title='bbox 2420 4817 2680 4885; x_wconf 79' lang='lat' dir='ltr'><strong><em>Exiguum</em></strong></span> <span class='ocrx_word' id='word_1_861' title='bbox 2698 4825 2782 4872; x_wconf 90' lang='lat' dir='ltr'><strong><em>est</em></strong></span> <span class='ocrx_word' id='word_1_862' title='bbox 2804 4817 2966 4889; x_wconf 84' lang='lat' dir='ltr'><strong><em>hujus</em></strong></span> <span class='ocrx_word' id='word_1_863' title='bbox 2981 4819 3106 4873; x_wconf 65' lang='lat' dir='ltr'><strong><em>vitae</em></strong></span> <span class='ocrx_word' id='word_1_864' title='bbox 3128 4817 3484 4872; x_wconf 90' lang='lat' dir='ltr'><strong><em>curriculum.</em></strong></span> <span class='ocrx_word' id='word_1_865' title='bbox 3509 4815 3666 4884; x_wconf 84' lang='lat' dir='ltr'><strong><em>Quod</em></strong></span> 
     </span>
    </p>
   </div>
   <div class='ocr_carea' id='block_1_114' title="bbox 2089 4908 3666 4980">
    <p class='ocr_par' dir='ltr' id='par_1_114' title="bbox 2089 4908 3666 4980">
     <span class='ocr_line' id='line_1_114' title="bbox 2089 4908 3666 4980; baseline 0 -18"><span class='ocrx_word' id='word_1_866' title='bbox 2089 4909 2134 4962; x_wconf 84' lang='lat' dir='ltr'><strong><em>si</em></strong></span> <span class='ocrx_word' id='word_1_867' title='bbox 2167 4909 2474 4973; x_wconf 85' lang='lat' dir='ltr'><strong><em>fecerimus,</em></strong></span> <span class='ocrx_word' id='word_1_868' title='bbox 2509 4911 2760 4980; x_wconf 80' lang='lat' dir='ltr'><strong><em>gaudium</em></strong></span> <span class='ocrx_word' id='word_1_869' title='bbox 2788 4919 3051 4965; x_wconf 83' lang='lat' dir='ltr'><strong><em>teternum</em></strong></span> <span class='ocrx_word' id='word_1_870' title='bbox 3093 4919 3149 4966; x_wconf 89' lang='lat' dir='ltr'><strong><em>et</em></strong></span> <span class='ocrx_word' id='word_1_871' title='bbox 3191 4908 3504 4965; x_wconf 87' lang='lat' dir='ltr'><strong><em>incredibile</em></strong></span> <span class='ocrx_word' id='word_1_872' title='bbox 3529 4922 3666 4962; x_wconf 88' lang='lat' dir='ltr'><strong><em>con-</em></strong></span> 
     </span>
    </p>
   </div>
   <div class='ocr_carea' id='block_1_115' title="bbox 2088 5000 3668 5073">
    <p class='ocr_par' dir='ltr' id='par_1_115' title="bbox 2088 5000 3668 5073">
     <span class='ocr_line' id='line_1_115' title="bbox 2088 5000 3668 5073; baseline -0.001 -16"><span class='ocrx_word' id='word_1_873' title='bbox 2088 5017 2416 5073; x_wconf 85' lang='lat' dir='ltr'><strong><em>sequemur;</em></strong></span> <span class='ocrx_word' id='word_1_874' title='bbox 2469 5003 2551 5056; x_wconf 90' lang='lat' dir='ltr'><strong><em>sin</em></strong></span> <span class='ocrx_word' id='word_1_875' title='bbox 2603 5012 2748 5058; x_wconf 90' lang='lat' dir='ltr'><strong><em>retro</em></strong></span> <span class='ocrx_word' id='word_1_876' title='bbox 2804 5017 2903 5057; x_wconf 90' lang='lat' dir='ltr'><strong><em>nos</em></strong></span> <span class='ocrx_word' id='word_1_877' title='bbox 2952 5000 3406 5064; x_wconf 82' lang='lat' dir='ltr'><strong><em>converterimus,</em></strong></span> <span class='ocrx_word' id='word_1_878' title='bbox 3457 5000 3668 5056; x_wconf 73' lang='lat' dir='ltr'><strong><em>similes</em></strong></span> 
     </span>
    </p>
   </div>
   <div class='ocr_carea' id='block_1_116' title="bbox 2087 5093 3667 5167">
    <p class='ocr_par' dir='ltr' id='par_1_116' title="bbox 2087 5093 3667 5167">
     <span class='ocr_line' id='line_1_116' title="bbox 2087 5093 3667 5167; baseline -0.003 -17"><span class='ocrx_word' id='word_1_879' title='bbox 2087 5097 2290 5150; x_wconf 90' lang='lat' dir='ltr'><strong><em>erimus</em></strong></span> <span class='ocrx_word' id='word_1_880' title='bbox 2315 5095 2647 5150; x_wconf 81' lang='lat' dir='ltr'><strong><em>adolescenti</em></strong></span> <span class='ocrx_word' id='word_1_881' title='bbox 2678 5096 2750 5150; x_wconf 90' lang='lat' dir='ltr'><strong><em>illi</em></strong></span> <span class='ocrx_word' id='word_1_882' title='bbox 2779 5097 2872 5167; x_wconf 89' lang='lat' dir='ltr'><strong><em>qui</em></strong></span> <span class='ocrx_word' id='word_1_883' title='bbox 2898 5095 3183 5150; x_wconf 90' lang='lat' dir='ltr'><strong><em>Dominum</em></strong></span> <span class='ocrx_word' id='word_1_884' title='bbox 3208 5093 3394 5150; x_wconf 80' lang='lat' dir='ltr'><strong><em>Jesum</em></strong></span> <span class='ocrx_word' id='word_1_885' title='bbox 3430 5093 3667 5148; x_wconf 84' lang='lat' dir='ltr'><strong><em>interro-</em></strong></span> 
     </span>
    </p>
   </div>
   <div class='ocr_carea' id='block_1_117' title="bbox 2088 5185 3663 5260">
    <p class='ocr_par' dir='ltr' id='par_1_117' title="bbox 2088 5185 3663 5260">
     <span class='ocr_line' id='line_1_117' title="bbox 2088 5185 3663 5260; baseline -0.001 -19"><span class='ocrx_word' id='word_1_886' title='bbox 2088 5189 2253 5257; x_wconf 80' lang='lat' dir='ltr'><strong><em>gavit,</em></strong></span> <span class='ocrx_word' id='word_1_887' title='bbox 2285 5189 2414 5260; x_wconf 86' lang='lat' dir='ltr'><strong><em>quid</em></strong></span> <span class='ocrx_word' id='word_1_888' title='bbox 2449 5189 2552 5244; x_wconf 90' lang='lat' dir='ltr'><strong><em>sibi</em></strong></span> <span class='ocrx_word' id='word_1_889' title='bbox 2593 5189 2860 5259; x_wconf 80' lang='lat' dir='ltr'><strong><em>agendum</em></strong></span> <span class='ocrx_word' id='word_1_890' title='bbox 2889 5198 3033 5245; x_wconf 86' lang='lat' dir='ltr'><strong><em>esset</em></strong></span> <span class='ocrx_word' id='word_1_891' title='bbox 3061 5198 3125 5242; x_wconf 89' lang='lat' dir='ltr'><strong><em>ut</em></strong></span> <span class='ocrx_word' id='word_1_892' title='bbox 3156 5186 3340 5243; x_wconf 87' lang='lat' dir='ltr'><strong><em>salvus</em></strong></span> <span class='ocrx_word' id='word_1_893' title='bbox 3367 5185 3538 5241; x_wconf 87' lang='lat' dir='ltr'><strong><em>lieret.</em></strong></span> <span class='ocrx_word' id='word_1_894' title='bbox 3563 5185 3663 5240; x_wconf 84' lang='lat' dir='ltr'><strong><em>Cui</em></strong></span> 
     </span>
    </p>
   </div>
   <div class='ocr_carea' id='block_1_118' title="bbox 2091 5279 3663 5352">
    <p class='ocr_par' dir='ltr' id='par_1_118' title="bbox 2091 5279 3663 5352">
     <span class='ocr_line' id='line_1_118' title="bbox 2091 5279 3663 5352; baseline -0.001 -18"><span class='ocrx_word' id='word_1_895' title='bbox 2091 5281 2352 5336; x_wconf 88' lang='lat' dir='ltr'><strong><em>Dominus</em></strong></span> <span class='ocrx_word' id='word_1_896' title='bbox 2381 5296 2502 5336; x_wconf 90' lang='lat' dir='ltr'><strong><em>cum</em></strong></span> <span class='ocrx_word' id='word_1_897' title='bbox 2540 5282 2901 5352; x_wconf 87' lang='lat' dir='ltr'><strong><em>respondisset</em></strong></span> <span class='ocrx_word' id='word_1_898' title='bbox 2933 5300 2946 5337; x_wconf 92' lang='lat'><strong>:</strong></span> <span class='ocrx_word' id='word_1_899' title='bbox 2985 5279 3160 5336; x_wconf 81' lang='lat' dir='ltr'><strong><em>Vende</em></strong></span> <span class='ocrx_word' id='word_1_900' title='bbox 3202 5281 3382 5334; x_wconf 90' lang='lat' dir='ltr'><strong><em>omnia</em></strong></span> <span class='ocrx_word' id='word_1_901' title='bbox 3409 5297 3526 5352; x_wconf 79' lang='lat' dir='ltr'><strong><em>qua:</em></strong></span> <span class='ocrx_word' id='word_1_902' title='bbox 3563 5281 3663 5331; x_wconf 81' lang='lat' dir='ltr'><strong><em>Ita-</em></strong></span> 
     </span>
    </p>
   </div>
   <div class='ocr_carea' id='block_1_119' title="bbox 2089 5375 3666 5447">
    <p class='ocr_par' dir='ltr' id='par_1_119' title="bbox 2089 5375 3666 5447">
     <span class='ocr_line' id='line_1_119' title="bbox 2089 5375 3666 5447; baseline -0.001 -19"><span class='ocrx_word' id='word_1_903' title='bbox 2089 5376 2192 5440; x_wconf 90' lang='lat' dir='ltr'><strong><em>bes,</em></strong></span> <span class='ocrx_word' id='word_1_904' title='bbox 2235 5385 2283 5430; x_wconf 87' lang='lat' dir='ltr'><strong><em>et</em></strong></span> <span class='ocrx_word' id='word_1_905' title='bbox 2331 5377 2401 5428; x_wconf 84' lang='lat' dir='ltr'><strong><em>da</em></strong></span> <span class='ocrx_word' id='word_1_906' title='bbox 2439 5377 2780 5447; x_wconf 87' lang='lat' dir='ltr'><strong><em>pauperibus,</em></strong></span> <span class='ocrx_word' id='word_1_907' title='bbox 2816 5386 2867 5430; x_wconf 90' lang='lat' dir='ltr'><strong><em>et</em></strong></span> <span class='ocrx_word' id='word_1_908' title='bbox 2915 5375 3038 5432; x_wconf 80' lang='lat' dir='ltr'><strong><em>tolle</em></strong></span> <span class='ocrx_word' id='word_1_909' title='bbox 3082 5391 3290 5435; x_wconf 84' lang='lat' dir='ltr'><strong><em>crucem</em></strong></span> <span class='ocrx_word' id='word_1_910' title='bbox 3321 5387 3470 5431; x_wconf 71' lang='lat' dir='ltr'><strong><em>lnam</em></strong></span> <span class='ocrx_word' id='word_1_911' title='bbox 3501 5387 3552 5432; x_wconf 87' lang='lat' dir='ltr'><strong><em>et</em></strong></span> <span class='ocrx_word' id='word_1_912' title='bbox 3585 5391 3666 5430; x_wconf 85' lang='lat' dir='ltr'><strong><em>se-</em></strong></span> 
     </span>
    </p>
   </div>
   <div class='ocr_carea' id='block_1_120' title="bbox 2229 5529 3656 5614">
    <p class='ocr_par' dir='ltr' id='par_1_120' title="bbox 2229 5529 3656 5614">
     <span class='ocr_line' id='line_1_120' title="bbox 2229 5529 3656 5614; baseline 0 0"><span class='ocrx_word' id='word_1_913' title='bbox 2229 5531 2630 5614; x_wconf 61' lang='lat' dir='ltr'><strong><em>&quot;.‘P“l:..9-,-‘°</em></strong></span> <span class='ocrx_word' id='word_1_914' title='bbox 2665 5531 2860 5614; x_wconf 61' lang='lat'><strong><em>&#39;1‘19&#39;:</em></strong></span> <span class='ocrx_word' id='word_1_915' title='bbox 2903 5546 2942 5600; x_wconf 72' lang='grc' dir='ltr'>ιν</span> <span class='ocrx_word' id='word_1_916' title='bbox 2977 5531 3100 5614; x_wconf 47' lang='grc' dir='ltr'><strong><em>Μὴ</em></strong></span> <span class='ocrx_word' id='word_1_917' title='bbox 3135 5531 3213 5614; x_wconf 81' lang='lat'><strong><em>-&quot;</em></strong></span> <span class='ocrx_word' id='word_1_918' title='bbox 3245 5529 3378 5614; x_wconf 51' lang='lat'><strong><em>999-.</em></strong></span> <span class='ocrx_word' id='word_1_919' title='bbox 3404 5531 3656 5614; x_wconf 67' lang='lat' dir='ltr'><strong><em>.&quot;.&quot;_3v.?-</em></strong></span> 
     </span>
    </p>
   </div>
   <div class='ocr_carea' id='block_1_121' title="bbox 2678 5603 3664 5730">
    <p class='ocr_par' dir='ltr' id='par_1_121' title="bbox 2678 5603 3664 5730">
     <span class='ocr_line' id='line_1_121' title="bbox 2678 5603 3658 5670; baseline -0.001 -12"><span class='ocrx_word' id='word_1_920' title='bbox 2678 5607 2726 5637; x_wconf 80' lang='lat'><strong>“</strong></span> <span class='ocrx_word' id='word_1_921' title='bbox 2759 5603 2952 5670; x_wconf 84' lang='lat' dir='ltr'><strong><em>Ephes.</em></strong></span> <span class='ocrx_word' id='word_1_922' title='bbox 2982 5619 3035 5667; x_wconf 88' lang='lat' dir='ltr'><strong><em>v,</em></strong></span> <span class='ocrx_word' id='word_1_923' title='bbox 3067 5603 3184 5659; x_wconf 79' lang='lat'><strong><em>5-5.</em></strong></span> <span class='ocrx_word' id='word_1_924' title='bbox 3263 5603 3308 5643; x_wconf 75' lang='grc'><strong>⁸⁷</strong></span> <span class='ocrx_word' id='word_1_925' title='bbox 3347 5604 3474 5657; x_wconf 85' lang='lat' dir='ltr'><strong><em>ibid.</em></strong></span> <span class='ocrx_word' id='word_1_926' title='bbox 3509 5605 3542 5656; x_wconf 80' lang='lat' dir='ltr'><strong><em>tl</em></strong></span> <span class='ocrx_word' id='word_1_927' title='bbox 3574 5603 3658 5657; x_wconf 75' lang='lat' dir='ltr'><strong><em>tl.</em></strong></span> 
     </span>
     <span class='ocr_line' id='line_1_122' title="bbox 2693 5671 3664 5730; baseline 0 0"><span class='ocrx_word' id='word_1_928' title='bbox 2693 5676 2740 5708; x_wconf 82' lang='lat'><strong>&quot;</strong></span> <span class='ocrx_word' id='word_1_929' title='bbox 2766 5673 2956 5730; x_wconf 83' lang='lat' dir='ltr'><strong><em>Matth.</em></strong></span> <span class='ocrx_word' id='word_1_930' title='bbox 2988 5689 3086 5730; x_wconf 89' lang='lat' dir='ltr'><strong><em>vn.</em></strong></span> <span class='ocrx_word' id='word_1_931' title='bbox 3117 5673 3171 5730; x_wconf 87' lang='grc'><strong><em>7.</em></strong></span> <span class='ocrx_word' id='word_1_932' title='bbox 3275 5672 3325 5708; x_wconf 76' lang='grc'><strong><em>’⁸</em></strong></span> <span class='ocrx_word' id='word_1_933' title='bbox 3343 5671 3479 5730; x_wconf 81' lang='lat' dir='ltr'><strong><em>Luc.</em></strong></span> <span class='ocrx_word' id='word_1_934' title='bbox 3516 5688 3597 5730; x_wconf 82' lang='lat' dir='ltr'><strong><em>st.</em></strong></span> <span class='ocrx_word' id='word_1_935' title='bbox 3627 5672 3664 5729; x_wconf 77' lang='grc'><strong>5</strong></span> 
     </span>
    </p>
   </div>
   <div class='ocr_carea' id='block_1_122' title="bbox 2820 5688 3597 5746">
    <p class='ocr_par' dir='ltr' id='par_1_122' title="bbox 2820 5688 3597 5746">
     <span class='ocr_line' id='line_1_123' title="bbox 2820 5688 3597 5746; baseline 0.001 -17"><span class='ocrx_word' id='word_1_936' title='bbox 2820 5688 2956 5729; x_wconf 73' lang='grc' dir='ltr'>ιιιιιι.</span> <span class='ocrx_word' id='word_1_937' title='bbox 2988 5689 3086 5742; x_wconf 77' lang='lat' dir='ltr'>VII,</span> <span class='ocrx_word' id='word_1_938' title='bbox 3118 5688 3171 5730; x_wconf 78' lang='grc'><strong><em>’1.</em></strong></span> <span class='ocrx_word' id='word_1_939' title='bbox 3276 5688 3325 5708; x_wconf 84' lang='grc'><em>’⁸</em></span> <span class='ocrx_word' id='word_1_940' title='bbox 3343 5688 3479 5730; x_wconf 66' lang='lat' dir='ltr'><strong><em>huc.</em></strong></span> <span class='ocrx_word' id='word_1_941' title='bbox 3516 5688 3597 5746; x_wconf 74' lang='grc' dir='ltr'>ιι,</span> 
     </span>
    </p>
   </div>
  </div>
