3862 6344
150 258 311 319 “65

1236 255 1295 312 S.
1329 252 1545 317 {SAIE
1584 255 1877 317 ABBATIS
1915 257 2328 318 ORATIONES.

3299 266 3441 327 1168

149 398 327 454 φαεν-ε
369 381 538 448 me”,
588 376 886 435 ostendens
931 374 1086 432 nobis
1129 374 1358 432 salutem
1402 377 1456 431 in
1499 392 1565 434 eo
1595 378 1755 435 sitam
1786 386 1833 443 Α
1861 381 2050 437 eodem
2085 391 2263 438 tamen
2295 390 2423 438 sunt
2448 381 2818 441 ﬁrmamento.
2847 381 2914 439 Et
2950 381 3125 456 gloria
3150 390 3312 457 atque
3342 387 3444 446 bo-

148 489 283 532 esse
312 483 375 530 ut
407 473 740 530 voluntatem
773 476 1017 526 nostram
1048 468 1396 540 abnegemus.
1417 468 1518 525 His
1542 470 1629 524 ille
1654 489 1752 527 au-

148 568 285 624 ditis
337 565 507 622 tristis
539 563 860 620 discessit".
894 562 1228 632 lntelligebat
1261 563 1406 618 enim
1437 579 1600 634 grave
1631 567 1755 635 qui-

151 659 281 714 dem
321 670 468 724 esse,
497 657 629 712 dare
678 664 875 711 cuncta
909 653 1260 724 pauperibus,
1299 655 1391 710 sed
1435 655 1603 711 multo
1629 672 1754 726 gra~

149 752 279 808 vius
309 765 533 808 crucem
568 764 723 806 suam
763 759 1002 820 gestare.
1036 746 1342 803 Facultates
1372 749 1513 804 enim
1547 764 1753 818 panpe-

152 844 312 900 ribus
353 827 692 900 distribuere
727 841 900 897 virtus
933 852 1021 896 est
1050 855 1176 904 una,
1227 855 1348 912 quae
1378 850 1555 896 tamen
1586 841 1752 897 etiam

152 935 208 992 in
245 949 426 992 cruce
465 934 737 991 consistit.
787 933 1021 990 Crucem
1052 947 1182 989 vero
1224 943 1438 1004 gestare
1476 942 1560 988 est
1594 948 1756 988 onme

151 1038 448 1100 peccatum
475 1029 780 1092 destruere,
813 1027 956 1082 unde
982 1037 1036 1082 et
1061 1027 1298 1082 charitas
1327 1026 1593 1092 nascitur,
1635 1027 1755 1082 sine

150 1135 264 1191 qua
317 1135 430 1176 non
474 1130 561 1177 est
594 1133 746 1175 crux.
777 1118 1048 1174 Caeterum
1082 1133 1205 1173 cuin
1258 1117 1424 1174 sciret
1465 1115 1756 1186 Apostolus

152 1212 364 1269 multas
414 1227 538 1270 esse
578 1223 633 1269 et
684 1212 870 1269 haberi
913 1212 1144 1267 virtutes
1193 1211 1246 1265 in
1289 1210 1486 1280 quibus
1519 1211 1756 1266 charitas

151 1322 269 1360 non
302 1312 416 1370 est,
443 1320 622 1374 neque
651 1304 910 1359 virtutum
938 1300 1201 1372 perfectio
1227 1320 1240 1357 :
1268 1299 1328 1356 Si
1361 1300 1554 1372 linguis
1585 1302 1756 1356 homi-

152 1413 313 1462 num,
349 1397 551 1467 inquit,
575 1397 766 1468 loquar
794 1404 846 1451 et
876 1395 1206 1466 angelorum,
1236 1395 1553 1449 charitatem
1582 1405 1756 1449 autem

154 1506 266 1545 non
293 1490 556 1556 habuero,
586 1489 756 1557 [actus
785 1504 902 1542 sum
925 1490 1060 1542 sicut
1089 1503 1161 1542 ανδ
1209 1503 1404 1541 sonans
1431 1496 1523 1541 aut
1548 1487 1759 1558 cymba-

152 1580 272 1635 lam
295 1581 544 1636 tinnitus.
576 1579 643 1634 Et
667 1582 711 1636 si
735 1580 1054 1635 distribuere
1078 1596 1254 1635 omnes
1283 1580 1566 1650 facultates
1589 1599 1757 1647 meas,

154 1686 203 1729 et
239 1674 440 1728 dedero
469 1689 657 1742 corpus
709 1689 901 1740 meum,
941 1673 1018 1726 ita
1063 1681 1118 1726 ut
1160 1672 1396 1740 ardeant,
1446 1674 1758 1730 charitatem

1856 489 1958 528 nor
1981 475 2225 530 omnium
2259 481 2345 531 est
2379 474 2549 544 ipsius
2593 474 2688 532 Dei
2736 475 2793 531 in
2841 475 3041 533 saecula
3092 476 3442 535 saeculorum.

1854 566 2048 623 Amen.

2420 658 2682 717 ORATIO
2718 659 2888 717 XXII.

2268 752 2344 808 De
2372 755 2613 823 operibus
2638 754 2868 809 hominis
2896 756 3034 812 novi.

1928 842 1970 898 I.
2004 843 2132 900 Tria
2173 853 2322 911 sunt,
2346 846 2684 914 cltarissimi,
2715 847 2911 916 quibus
2934 847 3195 904 Hebraeus
3226 848 3294 904 ab
3321 845 3446 906 aliis

1858 935 2215 1007 distinguitur
2243 956 2256 992 :
2288 939 2653 1004 circumcisio,
2682 950 2734 994 et
2766 939 2998 1006 Pascha,
3032 953 3089 999 et
3115 941 3440 999 Sabbatum.

1860 1029 1952 1084 Sic
1971 1029 2188 1084 enimin
2221 1029 2414 1088 Genesi
2434 1033 2693 1103 scriptum
2717 1042 2832 1088 est:
2863 1033 3050 1104 Infans
3082 1046 3197 1090 octo
3238 1035 3444 1089 dierum

1860 1123 2268 1177 circumcidetur
2291 1127 2345 1180 in
2373 1127 2531 1192 vobis,
2563 1136 2672 1180 tant
2720 1129 3029 1181 vernaculus
3070 1145 3227 1198 quam
3253 1129 3444 1200 empti-

1858 1213 1986 1268 tias.
2018 1211 2122 1278 Qui
2157 1214 2498 1270 circumcisus
2528 1231 2630 1269 non
2662 1216 2845 1286 fuerit,
2871 1216 3128 1271 delebitur
3160 1218 3226 1272 de
3251 1217 3444 1288 populo

1857 1323 1993 1372 meo,
2051 1307 2177 1378 quia
2229 1317 2440 1375 pactum
2489 1325 2660 1364 meum
2721 1309 2933 1362 irritant
2989 1309 3172 1379 fecit”.
3227 1311 3444 1368 Primus

1857 1396 2131 1452 Abraham
2175 1398 2533 1455 circumcisus
2585 1409 2688 1456 est.
2736 1401 2790 1456 Id
2835 1409 2922 1457 est
2956 1401 3170 1472 sigmnn
3207 1402 3447 1459 hominis

1861 1491 2022 1557 novi;
2061 1491 2202 1560 quod
2245 1491 2296 1545 in
2333 1502 2522 1547 sancto
2562 1507 2792 1562 corpore
2841 1508 2940 1548 suo
2993 1494 3250 1549 Dominus
3285 1495 3446 1553 Jesus

1861 1583 2100 1638 admisit.
2121 1583 2213 1641 ,De
2241 1585 2342 1640 hoc
2371 1595 2426 1640 et
2452 1585 2746 1655 Apostolus
2773 1587 2850 1640 ait
2883 1604 2897 1642 :
2927 1586 2994 1642 In
3020 1604 3120 1658 quo
3147 1589 3445 1643 circumcisi

1860 1675 1986 1729 estis
2012 1674 2414 1732 circumcisione
2444 1693 2550 1732 non
2579 1693 2740 1731 manu
2777 1676 2945 1745 facta,
2971 1679 3025 1731 in
3065 1679 3446 1747 exspoliatione

157 1775 346 1822 autem
380 1782 485 1820 non
514 1766 768 1830 habuero,
800 1765 932 1820 nihil
960 1765 1087 1821 mihi
1116 1766 1350 1836 prodest.
1384 1764 1631 1822 Charitas
1660 1784 1757 1836 ραν
1789 1766 1829 1822 Β
1858 1767 2092 1836 corporis
2117 1768 2318 1835 carnis,
2351 1767 2441 1822 sed
2479 1769 2533 1822 in
2589 1768 2988 1822 circumcisione
3016 1768 3234 1834 Christi,
3264 1786 3447 1825 conse—

157 1862 300 1916 tiens
331 1868 435 1926 est,
483 1859 702 1929 benigna
733 1870 831 1927 est,
879 1875 981 1914 non
1024 1859 1328 1927 wmulatur,
1369 1877 1473 1914 non
1500 1860 1606 1931 agit
1639 1876 1756 1928 per-

156 1971 369 2024 peram,
398 1971 502 2009 non
536 1955 778 2024 inﬂatur,
812 1970 914 2008 non
942 1954 1184 2009 indecore
1212 1971 1268 2008 se
1291 1955 1447 2024 gerit,
1485 1971 1588 2010 non
1611 1971 1758 2024 qua:-

158 2045 232 2100 rit
261 2059 386 2115 quae
413 2061 510 2100 sua
532 2053 677 2111 sunt,
706 2061 811 2098 non
841 2045 1103 2112 irritatur,
1119 2061 1223 2100 non
1247 2047 1439 2115 cogitat
1470 2045 1753 2099 malum".

159 2141 270 2208 Qui
292 2139 409 2194 vult
433 2139 596 2210 igitur
616 2139 669 2194 in
704 2140 788 2193 via
822 2140 1107 2196 charitatis
1131 2140 1403 2206 incedere,
1428 2140 1495 2196 ab
1515 2140 1755 2196 omnium

158 2233 476 2298 hominum,
504 2245 600 2287 seu
637 2231 762 2286 boni
795 2247 891 2287 seu
929 2232 1054 2287 mali
1098 2233 1230 2298 sint,
1261 2231 1632 2289 sollicitudine
1667 2249 1756 2289 re-

158 2325 334 2394 cedit,
362 2334 417 2380 et
449 2324 542 2380 Dei
575 2323 903 2380 desiderium
944 2325 1088 2381 fovet
1135 2326 1187 2381 in
1243 2326 1406 2381 corde
1447 2341 1567 2381 suo.
1605 2327 1758 2394 Quod

157 2417 388 2488 quidem
425 2416 755 2472 desiderium
796 2416 998 2487 justam
1055 2419 1346 2487 quamdam
1391 2418 1465 2473 illi
1505 2419 1643 2474 iram
1680 2421 1761 2491 gi-

156 2510 304 2580 gnit,
339 2524 447 2579 qua
483 2510 764 2580 propulsat
795 2510 1098 2566 inimicum.
1143 2511 1296 2568 Tunc
1324 2511 1419 2567 Dei
1460 2512 1624 2568 tim’or
1656 2531 1759 2569 nu-

158 2601 330 2682 tritur
361 2602 414 2656 in
449 2617 535 2666 eo,
563 2611 618 2657 et
645 2616 742 2672 per
769 2603 1020 2657 timorem
1048 2601 1292 2657 charitas
1322 2603 1526 2672 pateﬁt.
1573 2603 1643 2660 Et
1668 2607 1758 2676 qui

163 2694 442 2764 ejusmodi
475 2704 580 2759 est,
615 2695 804 2751 eadem
855 2695 1050 2750 fiducia
1097 2709 1203 2765 qua
1241 2696 1555 2765 Apostolus,
1590 2698 1758 2754 dicit:

161 2785 284 2859 Ego
345 2797 570 2856 paratas
641 2804 756 2842 sum
838 2805 941 2843 non
990 2789 1161 2845 solum
1207 2788 1419 2858 uinciri,
1453 2795 1544 2846 sed
1603 2793 1757 2847 etiam

161 2882 304 2935 mori
361 2896 457 2950 pro
514 2881 723 2935 nomine
777 2879 991 2936 Domini
1048 2883 1216 2937 nostri
1285 2883 1416 2940 Iesu
1458 2883 1656 2940 Christi
1689 2884 1759 2940 ⁸⁸.

163 2977 336 3032 Beata
363 2986 450 3032 est
478 2976 662 3030 anima
697 2975 809 3042 illa,
842 2991 964 3047 quae
991 2977 1058 3032 ad
1090 2978 1252 3033 talem
1285 2979 1606 3036 charitatem
1637 2994 1761 3052 pcr-

163 3067 338 3123 venit.

239 3157 310 3215 Χ.
347 3159 618 3216 Exeamns
661 3174 694 3215 e
743 3161 964 3228 mundo,
999 3161 1219 3220 fratres.
1255 3166 1372 3233 Quo
1410 3165 1463 3219 in
1502 3175 1642 3221 statu
1686 3166 1759 3221 si-

164 3269 318 3316 mus,
356 3254 790 3310 consideremus.
843 3255 1056 3311 Etenim
1101 3258 1413 3314 misericors
1455 3269 1537 3313 est
1578 3257 1761 3313 Domi-

165 3363 274 3401 nus
305 3342 488 3409 Jcsus,
539 3356 595 3401 et
642 3361 742 3417 pro
779 3346 1040 3419 cujusque
1079 3349 1336 3420 operibus
1375 3353 1616 3422 quietem
1659 3351 1760 3407 tri-

165 3439 313 3503 buit,
351 3438 562 3510 magnis
592 3454 690 3509 pro
721 3441 1116 3512 magnitudine,
1145 3443 1327 3514 parvis
1358 3458 1458 3515 pro
1499 3446 1773 3501 tenuitate.

167 3532 436 3602 ipsorum.
479 3529 669 3586 Multa:
706 3531 852 3586 enim
879 3543 1024 3595 sunt,
1060 3534 1257 3605 inquit,
1285 3532 1586 3590 mansiones
1619 3536 1761 3604 apud

164 3623 395 3681 Patrem
427 3625 675 3680 meum".
708 3625 859 3682 Licet
887 3627 1032 3683 enim
1061 3643 1226 3682 unum
1254 3629 1329 3684 sit
1352 3643 1602 3699 regnum,
1632 3643 1759 3698 pro-

165 3721 353 3792 prium
379 3729 560 3775 tamen
604 3719 661 3774 in
688 3734 754 3776 eo
785 3720 1016 3792 quisque
1045 3719 1224 3778 locum
1258 3722 1486 3788 invenit,
1523 3732 1578 3778 et
1624 3739 1762 3793 opus

165 3825 356 3868 suum.
387 3809 714 3882 Pugnemus,
745 3811 967 3880 fratres,
993 3812 1254 3870 adversus
1281 3816 1575 3886 ignaviam,
1601 3824 1655 3870 et
1681 3825 1762 3869 te-

169 3906 474 3962 nebrarum
507 3904 682 3962 velum
709 3922 739 3961 a
775 3906 930 3962 nobis
955 3907 1318 3974 excutiamus,
1352 3907 1497 3977 quod
1540 3918 1622 3963 est
1660 3909 1761 3962 ob-

167 3997 330 4062 livio,
367 4007 429 4053 ut
457 3998 790 4067 paenitentiae
819 3998 998 4053 lucem
1031 3999 1383 4070 aspiciamus.
1415 3999 1681 4054 Martham
1709 4009 1766 4055 et

167 4087 406 4144 ﬂariatn
443 4089 735 4152 imitemur,
765 4103 886 4158 qum
915 4088 1130 4158 plorant
1154 4089 1208 4144 in
1244 4097 1538 4160 conspectu
1566 4088 1762 4145 Salva-

170 4183 336 4250 toris,
366 4191 426 4237 ut
459 4184 687 4238 suscitet
722 4182 946 4237 fratrem
980 4181 1270 4250 Lazarum,
1303 4185 1356 4240 id
1393 4194 1476 4241 est
1516 4185 1760 4240 animum

166 4275 364 4332 multis
394 4285 740 4344 peccatorum
788 4273 1022 4329 vinculis
1051 4276 1394 4333 obstrictum.
1437 4277 1537 4345 Qui
1587 4278 1630 4332 si
1673 4291 1766 4333 so-

169 4368 325 4422 latus
365 4366 553 4430 fuerit,
588 4377 714 4424 tunc
745 4368 927 4426 Mariae
951 4370 1286 4440 Martiumque
1311 4371 1551 4426 studium
1581 4381 1765 4426 exsta-

1855 1860 1992 1930 pnlti
2019 1863 2070 1914 ei
2107 1860 2163 1914 in
2207 1862 2489 1930 baptismo,
2522 1862 2579 1916 in
2616 1877 2718 1930 quo
2752 1871 2800 1916 et
2841 1862 3158 1917 surrexistis-
3172 1877 3266 1932 per
3285 1863 3446 1932 ﬁdem

1859 1952 2179 2021 operationis
2198 1951 2296 2007 Dei
2313 1952 2368 2021 3;
2398 1962 2454 2008 et
2475 1969 2690 2010 rursum
2722 1971 2738 2008 :
2769 1953 3020 2024 Deponite
3044 1973 3132 2010 vos
3155 1959 3446 2012 secundum

1857 2043 2135 2112 pristinam
2158 2045 2604 2100 conversationem
2635 2054 2856 2100 ueterem
2879 2047 3165 2112 hominem,
3199 2051 3290 2119 qui
3321 2066 3446 2105 cor-

1861 2136 2125 2205 rumpitur
2166 2139 2455 2192 secundum
2499 2138 2762 2193 desideria
2816 2139 3010 2193 erroris
3041 2155 3062 2194 :
3096 2141 3445 2197 Renooamini

1859 2239 2035 2284 autem
2069 2231 2314 2299 spiritum
2351 2231 2539 2286 mentis
2583 2242 2789 2298 vestrm,
2813 2243 2862 2289 et
2893 2235 3097 2290 induite
3133 2253 3321 2291 novum
3348 2239 3447 2293 ho-

1861 2322 2052 2376 minem
2078 2323 2168 2393 qui
2210 2324 2497 2377 secundum
2528 2323 2691 2378 Deum
2726 2335 2933 2381 creatus
2963 2338 3038 2382 est
3069 2329 3122 2382 in
3157 2327 3372 2398 justitia
3396 2341 3448 2386 et

1861 2416 2157 2478 sanctitate,
2209 2403 2592 2482 et-veritate";
2644 2425 2700 2472 et
2749 2418 3099 2475 rursum:Ut
3145 2421 3448 2476 moriemini

1861 2508 2070 2577 quidem
2103 2521 2336 2578 peccato,
2368 2507 2555 2562 vivatis
2580 2517 2752 2563 autem
2775 2510 2999 2578 justitia:
3016 2513 3060 2568 ⁵.
3088 2512 3154 2568 Et
3188 2512 3302 2569 haec
3323 2514 3448 2584 qui-

1862 2600 1983 2654 dem
2024 2600 2089 2656 de
2127 2600 2588 2656 circumcisione:
2617 2617 2737 2671 qtae
2770 2603 2862 2673 qui
2902 2619 3007 2659 non
3037 2603 3313 2671 observat,
3341 2622 3448 2663 non

1863 2700 1947 2746 est
1973 2692 2351 2760 circumcisus,
2381 2707 2481 2749 nec
2519 2709 2646 2750 vere
2673 2694 3044 2766 Christianus,
3075 2699 3201 2768 quia
3232 2699 3448 2756 irritum

1863 2782 1993 2839 fecit
2024 2795 2264 2855 pactum,
2287 2786 2430 2857 quod
2459 2788 2676 2858 preprio
2708 2790 2975 2859 sanguine
2996 2801 3191 2848 saneto
3217 2807 3316 2849 suo
3338 2791 3446 2850 Do-

1866 2879 2044 2934 minus
2066 2876 2228 2934 Jesus
2253 2864 2501 2935 sancivit.

1935 2971 1998 3028 ll.
2032 2973 2186 3028 Nunc
2209 2974 2276 3030 de
2299 2983 2488 3031 sancto
2513 2975 2783 3032 Pascltate
2809 2971 3100 3034 dicendum
3128 2989 3232 3047 est,
3255 2979 3322 3035 de
3343 2994 3452 3050 quo

1865 3067 1946 3122 sic
1978 3067 2056 3122 ait
2090 3068 2156 3122 ad
2197 3066 2438 3140 Mnysem
2477 3091 2488 3124 :
2519 3068 2650 3124 Hac
2676 3078 2751 3124 est
2796 3071 3067 3139 paschalis
3105 3070 3191 3126 lea:
3219 3085 3237 3125 :
3264 3069 3451 3127 Omnis

1863 3159 2156 3229 alienigena
2184 3175 2287 3213 non
2312 3169 2546 3214 vescetur
2571 3177 2636 3214 ea:
2649 3177 2730 3214 eo.
2770 3159 2957 3216 Omnis
2984 3179 3161 3218 servus
3186 3165 3453 3234 emptitius

1862 3265 1965 3303 non
1987 3249 2219 3304 comedet
2249 3265 2314 3305 ex
2343 3267 2422 3305 eo.
2455 3250 2894 3305 Omnemservum
2917 3253 3208 3322 emptitiunt
3233 3253 3454 3308 circum-

1861 3343 2037 3408 cides;
2066 3352 2114 3397 et
2146 3342 2223 3396 sic
2253 3344 2484 3398 comedet
2522 3359 2587 3397 ea:
2610 3359 2690 3399 eo.
2729 3344 2978 3414 Quisquis
3003 3356 3177 3398 autem
3203 3360 3306 3399 non
3337 3345 3455 3415 fue-

1864 3437 1929 3489 rit
1962 3434 2326 3498 cirrumcisus,
2361 3452 2425 3489 ne
2463 3436 2702 3490 comedat
2741 3450 2808 3490 es
2843 3451 2924 3490 eo.
2960 3434 3077 3491 Hoc
3121 3435 3372 3491 comedite
3395 3437 3454 3491 in

1864 3549 1969 3588 una
1999 3533 2154 3587 domo
2168 3532 2209 3587 ⁸.
2247 3531 2417 3587 Renes
2445 3541 2640 3588 vestros
2670 3531 2980 3602 accingeris,
3017 3540 3066 3587 et
3094 3520 3451 3588 calceamenta

1863 3639 2033 3682 vestra
2065 3625 2320 3682 habebitis
2363 3627 2419 3682 in
2459 3627 2675 3696 pedibus
2721 3628 2924 3692 uestris,
2973 3635 3201 3681 tenentes
3239 3626 3452 3680 buculos

1863 3722 1918 3776 in
1945 3720 2245 3778 manibus”.
2281 3719 2399 3777 Non
2432 3720 2612 3775 editur
2640 3719 2840 3790 pascha
2870 3718 2974 3774 nisi
3007 3733 3128 3773 cum
3157 3719 3364 3790 azymis
3395 3730 3452 3773 et

1865 3815 2092 3870 lactucis
2149 3815 2475 3888 agrestibus,
2526 3822 2581 3868 et
2634 3813 2894 3869 carnibus
2937 3813 3136 3868 assatis
3176 3813 3304 3882 igni.
3336 3811 3449 3866 Non

1816 3933 1820 3937 »
1866 3909 2003 3964 dixit
2031 3928 2044 3964 :
2071 3907 2382 3978 Accingetis
2413 3922 2512 3962 vos
2542 3921 2708 3976 super
2751 3921 2911 3964 renes
2945 3919 3178 3974 vestros,
3219 3921 3288 3961 ne
3330 3905 3454 3976 quis

1867 4003 1934 4058 de
1969 4001 2187 4072 cingulo
2233 4001 2437 4057 dictum
2487 4000 2838 4073 intelligeret.
2889 3999 3017 4063 Sed,
3070 4015 3218 4054 renes
3259 4010 3454 4054 vestros

1867 4094 2168 4167 accingetis,
2205 4103 2264 4150 ut
2295 4093 2362 4150 de
2406 4093 2660 4150 castitate
2686 4102 2742 4148 et
2768 4091 3032 4149 munditia
3068 4091 3450 4164 intelligamus.

1866 4185 2247 4244 Calceamenta
2292 4196 2472 4242 autem
2513 4186 2845 4258 signiﬁcant,
2877 4196 2934 4241 ut
2977 4185 3211 4255 prompti
3252 4183 3456 4253 parati-

1867 4295 1973 4350 que
2003 4279 2176 4335 simus
2209 4279 2275 4334 ad
2319 4279 2502 4334 omnia
2547 4277 2799 4349 fugienda
2852 4285 2907 4332 et
2941 4276 3284 4340 declinanda,
3329 4289 3452 4344 qua:

1869 4372 2259 4427 conscientiam
2314 4381 2556 4441 pungunt
2617 4380 2673 4426 et
2733 4369 3042 4434 maculant,
3105 4378 3455 4437 mentemque

165 4456 280 4522 bit,
332 4466 389 4511 et
445 4456 686 4514 Lazarus
736 4459 855 4516 sine
904 4460 1268 4517 sollicitudine
1315 4461 1592 4516 recumbet
1641 4477 1762 4515 cum
1796 4483 1842 4538 ι)
1870 4473 2123 4519 avertunt
2147 4479 2177 4518 a
2206 4463 2426 4534 propria
2449 4461 2911 4531 contemplatione
2937 4461 2990 4514 in
3013 4460 3322 4516 sanrtitate.
3347 4445 3454 4514 Per

165 4547 330 4608 Jesu.
356 4547 570 4605 Martha
592 4565 714 4606 cum
743 4551 924 4606 lautitia
954 4552 1314 4607 ministerium
1345 4567 1503 4607 suum
1537 4552 1766 4623 diligen-

172 4654 262 4699 ter
299 4643 609 4712 exercebit;
651 4642 822 4699 Maria
865 4659 993 4701 vero
1041 4652 1252 4714 promet
1296 4645 1629 4700 alabastrum
1663 4661 1764 4698 un-

168 4736 388 4809 gnenti.
440 4746 498 4791 et
542 4746 708 4809 unget
737 4739 903 4810 pedes
930 4739 1163 4794 Domini.
1190 4738 1342 4805 Quod
1378 4739 1432 4793 in
1471 4739 1626 4794 nobis
1655 4747 1762 4802 est,

169 4831 404 4894 tratres,
446 4829 497 4884 id
530 4831 658 4886 totis
693 4831 901 4886 viribus
936 4846 1340 4902 exsequamur;
1384 4843 1440 4886 et
1487 4832 1628 4886 Deus
1669 4847 1767 4901 pro

171 4921 530 4977 multitudine
578 4923 964 4980 misericordiae
1011 4939 1123 4980 suae
1175 4925 1336 4980 nobis
1390 4923 1762 4994 opitulabitur.

169 5013 338 5082 Quod
371 5013 415 5069 si
446 5013 610 5069 corda
653 5025 836 5071 nostra
867 5015 1006 5070 haud
1037 5015 1108 5069 ita
1141 5016 1551 5083 custodivimus,
1587 5027 1645 5071 ut
1670 5031 1766 5087 pa-

167 5117 294 5163 tres
337 5108 547 5175 nostri;
588 5123 734 5164 nunc
781 5109 972 5164 saltem
1027 5123 1093 5164 ea
1141 5124 1170 5162 a
1208 5111 1450 5180 peccatis
1491 5109 1766 5166 custodia-

170 5214 325 5266 tnus,
355 5214 746 5273 speremusque
794 5216 894 5256 nos
927 5201 1057 5256 item
1109 5201 1270 5258 famis
1324 5213 1568 5273 tempore
1623 5202 1764 5272 apud

173 5309 304 5348 eum
359 5293 790 5350 misericordiam
848 5295 1183 5358 inventuros,
1243 5295 1386 5350 sicut
1441 5295 1764 5351 invenerunt

109 5368 357 5462 “assueti
390 5401 602 5443 ornnes.
632 5387 891 5456 Quamvis
943 5387 1090 5444 enim
1129 5388 1230 5442 alia
1279 5388 1351 5443 sit
1396 5387 1527 5442 solis
1567 5387 1759 5456 gloria,

170 5479 287 5534 alia
318 5478 479 5546 lunae,
512 5490 569 5536 et
600 5481 756 5536 stella
785 5497 814 5536 a
846 5480 1002 5537 stella
1033 5479 1247 5536 dill‘erat
1281 5483 1333 5533 in
1361 5479 1669 5543 claritate‘;
1707 5478 1761 5532 in

251 5603 304 5637 ”
345 5601 472 5658 Luc.
515 5619 676 5672 xvttt,
707 5603 797 5660 22.
875 5607 924 5638 ⁸³
955 5605 1082 5660 ibid.
1117 5603 1208 5659 25.

169 5671 270 5734 61.
336 5675 357 5705 ¹
385 5671 886 5743 Gen.xvn,12.ll.
966 5677 1208 5733 ’Ciluss.
1245 5691 1302 5740 ιι,
1348 5675 1433 5742 Il,
1475 5675 1555 5730 1:2.

169 5745 199 5782 ⁷
235 5744 374 5802 ibid.
407 5746 494 5802 1⁸.

1287 5601 1375 5655 "I
1416 5602 1540 5656 Cor.
1574 5617 1691 5663 xm,
1728 5603 1778 5668 I,
1808 5603 1841 5657 3
1872 5603 1911 5658 5.

1634 5673 1654 5705 ⁸
1682 5673 1875 5743 Epirus.
1914 5689 1986 5742 IV,
2030 5671 2224 5729 22-2i.

1867 4555 2116 4612 baculum
2146 4570 2268 4625 spes
2302 4555 2592 4619 indicatur,
2622 4564 2677 4609 et
2710 4553 2973 4608 fortitudo
3013 4552 3352 4607 tendentium
3383 4551 3454 4606 ad

1870 4657 2070 4704 terram
2099 4645 2502 4718 promissionis.
2548 4645 2612 4700 lli
2643 4654 2772 4700 sunt
2810 4645 2904 4715 qui
2939 4643 3236 4698 Sahbatum
3264 4643 3455 4698 obser-

1867 4746 2018 4794 vant.
2068 4735 2299 4809 Sanguis
2353 4737 2478 4809 agni
2531 4735 2807 4808 signiﬁcat
2854 4736 3175 4806 sanguinem
3236 4731 3450 4789 Domini
3532 4746 3535 4750 ‘

1866 4832 2018 4898 Jesu,
2049 4832 2143 4903 qui
2176 4832 2351 4887 factus
2383 4831 2546 4887 homo
2591 4831 2741 4887 venit
2769 4829 2837 4885 ad
2868 4845 2990 4895 nos,
3027 4839 3085 4884 ut
3110 4828 3248 4884 filios
3288 4825 3450 4882 Israel

1868 4926 2092 4982 dueeret
2120 4925 2188 4980 ad
2215 4924 2538 4995 promissam
2569 4922 2697 4979 (ξωιὶ
2741 4921 3135 4977 haereditatem.
3178 4919 3456 4990 Apparent

1869 5017 1960 5089 qui
1987 5017 2234 5072 instructi
2265 5024 2484 5082 sunt,et
2505 5015 2720 5086 signum
2753 5001 2810 5068 in
2835 5013 3014 5068 anima
3044 5027 3140 5068 sua
3167 5010 3454 5081 perspicue

1869 5111 2195 5180 impressum
2231 5108 2452 5163 habent.
2492 5104 2726 5179 Hyssopi
2757 5103 3050 5159 fasciculus
3081 5103 3285 5158 indicat
3315 5101 3455 5156 allii-

1867 5179 2127 5260 ctionem.
2177 5201 2338 5258 Jubet
2381 5201 2524 5256 enim
2579 5209 2639 5256 ut
2681 5215 2804 5256 cum
2849 5197 3079 5254 lactucis
3122 5195 3457 5267 agrestibus,

1870 5310 1965 5352 seu
2009 5293 2196 5352 herbis
2241 5294 2444 5351 amaris
2481 5293 2821 5350 comedatur.
2855 5291 3114 5361 Expende
3141 5288 3455 5359 diligenter,

1871 5402 1903 5440 ο
1928 5387 2115 5453 frater,
2151 5395 2330 5440 utrum
2355 5386 2432 5440 sis
2457 5386 2831 5450 circumcisus,
2866 5395 2921 5438 et
2947 5384 3142 5438 domus
3177 5391 3279 5435 tua:
3313 5380 3457 5436 fores

1872 5480 2151 5536 inunxcris
2178 5480 2299 5548 agni
2327 5481 2587 5549 sanguine
2616 5479 2969 5544 itnmaculati,
3009 5487 3190 5532 utrum
3216 5476 3284 5531 ab
3309 5473 3455 5530 omni

2003 5601 2050 5634 νε
2077 5601 2197 5654 Act.
2232 5616 2343 5664 ut,
2380 5601 2468 5654 l5.
2546 5600 2591 5631 ⁹⁹
2621 5599 2775 5656 Joan.
2829 5615 2938 5663 xiv,
2986 5599 3040 5654 2.
3121 5593 3336 5666 ‘ICor:
3364 5609 3456 5666 sv,

2335 5663 2356 5705 ³
2386 5674 2406 5730 ι
2437 5671 2554 5730 Pet.
2589 5685 2649 5739 tt,
2692 5672 2782 5729 :24.
2865 5675 2885 5704 ⁵
2917 5671 3086 5728 Exod.
3137 5683 3212 5721 ιιι
3271 5663 3454 5724 43-48.
