3862 6374
383 275 517 335 ΗϐἾ

1480 260 1752 323 carnes
1791 252 2099 321 moverit
2137 246 2414 320 siceum
2453 242 2546 319 iv;

3521 250 3680 313 H68

382 406 600 453 terrena
640 394 968 466 cogitatione
1017 401 1067 449 te
1105 405 1401 450 removeris
1424 431 1439 457 ,
1477 403 1663 445 utrum
1704 398 1757 444 te
1792 388 1967 456 ipsum
2001 391 2043 447 Α
2076 354 2785 452 Sabbatl‘observationem,
2819 386 2922 442 hoc
2954 391 3039 441 est
3070 364 3495 439 destructionem
3531 380 3676 447 pe‘c-

385 489 834 563 siqinstruxeris,
865 496 926 542 ut
953 486 1221 557 intrepide
1250 486 1305 542 in
1342 493 1542 540 terram
1586 478 1967 552 promissionis

390 582 730 654 ingrediaris.

461 678 543 733 Ill.
587 676 850 745 Deinceps
883 675 949 731 de
976 673 1214 730 Sabbato
1244 671 1532 729 dicendum
1565 677 1671 733 est,
1694 666 1850 738 'quod
1888 674 1974 722 est

391 771 631 838 ipsorum
666 772 944 838 proprium
992 767 1084 837 qui
1113 764 1420 822 circumcisi
1454 770 1602 827 sunt,
1642 768 1697 816 ct
1727 767 1972 815 sanctum

393 860 620 927 Pascha,
654 870 714 914 ut
748 859 1008 925 diximus,
1038 856 1416 921 comederunt,
1441 863 1497 911 et
1524 853 1592 907 ab
1615 849 1891 922 Egyptiis
1911 847 1977 903 Ii-

392 948 568 1004 berati
628 961 722 1003 eos
785 962 1006 1021 omnes,
1037 948 1090 1001 in
1117 939 1263 1000 'mari
1296 944 1480 1001 Rubro
1502 941 1814 999 submersos
1850 952 1981 994 con-

396 1048 713 1110 spexerunt,
740 1049 795 1094 et
828 1040 897 1095 ab
923 1039 1117 1095 acerba
1147 1053 1335 1094 eorum
1355 1037 1618 1092 servitute
1636 1032 1976 1104 quieverunt.

393 1130 500 1187 Sea:
531 1131 736 1196 diebus,
765 1130 962 1200 inquit.
998 1128 1314 1199 operaberis.
1353 1125 1591 1196 Septima
1618 1124 1730 1177 dies
1772 1120 1983 1177 Sabba~

398 1235 506 1280 tum
530 1224 958 1292 est'requielionis
989 1221 1201 1276 Domini
1229 1221 1273 1276 ⁸.
1308 1220 1412 1287 Qui
1447 1220 1534 1273 die
1561 1214 1784 1272 Sabbati
1813 1211 1977 1282 fuerit

396 1325 667 1384 operatus,
700 1315 948 1383 perdetur
978 1312 1162 1366 anima
1193 1310 1290 1366 illa
1316 1313 1361 1365 ’.
1395 1312 1466 1366 At
1512 1307 1777 1364 Dominus
1804 1316 1989 1361 neSter

395 1406 562 1464 Jesus
596 1422 781 1462 Verum
813 1406 929 1476 ipse
954 1404 1254 1461 Sabbatum
1305 1403 1639 1467 observavit,
1699 1400 1989 1467 docuitque

401 1503 672 1573 quomodo
694 1501 913 1557 deberet
931 1499 1230 1555 observari.
1255 1498 1389 1554 Cum
1411 1498 1465 1555 in
1490 1496 1789 1552 Parasceve
1803 1506 1995 1548 ascen-

401 1596 517 1661 dit,
565 1594 659 1649 sed
711 1604 999 1662 antequam
1054 1592 1106 1646 in
1153 1606 1368 1647 crucem
1420 1590 1759 1653 ascenderet,
1801 1593 1995 1642 cuneta

404 1688 750 1758 pra'parttvil,
766 1693 844 1740 tot
864 1686 1186 1757 ignominias
1210 1695 1266 1741 et
1292 1683 1649 1741 contumelias
1669 1681 1867 1747 ferens,
1889 1692 1997 1735 non

2076 477 2204 534 eali.
2240 477 2406 544 Nam,
2435 487 2495 533 ut
2523 478 2666 535 idem
2702 478 2778 534 ait
2816 476 3131 549 Apostolus,
3191 487 3295 526 non
3331 470 3420 542 qui
3459 470 3522 523 its
3554 480 3679 524 mn-

2079 570 2267 640 nifesto
2295 570 2519 627 Judwns
2550 582 2624 627 est
2656 572 2709 626 in
2740 587 2919 638 carne,
2968 570 3058 625 ille
3102 568 3325 624 Judteus
3357 574 3470 620 est:
3505 574 3680 634 neque

2079 660 2409 715 circumcisio
2451 676 2569 731 qua:
2614 660 2868 726 cernitur,
2918 658 3012 713 illa
3045 669 3121 713 est
3166 654 3505 711 circumcisio
3534 669 3558 708 :
3583 656 3684 708 sed

2080 753 2169 823 qui
2198 753 2251 808 in
2286 752 2491 807 occulto
2512 750 2737 807 Iudicas
2790 762 2888 819 est,
2944 760 2995 807 et
3041 750 3376 807 circumcisio
3410 746 3595 802 cordis
3622 746 3686 800 in

2082 848 2298 918 spiritu,
2332 864 2437 901 non
2465 847 2523 902 in
2542 846 2716 903 littera
2746 848 2810 902 “.

2159 938 2221 994 V.
2244 934 2604 995 Attendamus
2634 928 3035 1008 nobismetipsis
3060 977 3075 1003 ,
3125 937 3341 993 fratres.
3372 934 3689 1006 Quousque

2089 1032 2292 1090 l‘rustra
2344 1030 2761 1089 laborabimus?
2800 1038 3081 1104 quousque
3118 1022 3321 1088 "nostro
3362 1030 3692 1102 parebimus

2091 1125 2409 1182 adversario
2457 1125 2549 1197 qui
2580 1126 2636 1181 in
2684 1125 2843 1181 nobis
2897 1132 3002 1189 est,
3061 1135 3116 1181 et
3137 1124 3309 1180 allicit
3335 1124 3404 1179 ad
3451 1122 3614 1185 vitia,
3655 1136 3691 1175 ει

2091 1220 2293 1274 virtute
2351 1233 2451 1274 nos
2513 1232 2771 1285 avocans,
2797 1229 2899 1274 nec
2954 1218 3245 1290 permittit,
3275 1227 3335 1272 ut
3369 1215 3568 1273 oculos
3613 1215 3685 1268 ad

2094 1310 2531 1385 perspiciendam
2558 1311 2861 1368 divinitatis
2896 1312 3067 1367 lucem
3106 1307 3693 1378 extollamus‘lExplo-

2098 1420 2157 1460 ra
2199 1404 2472 1475 telpsum,
2510 1402 2720 1469 infelix,
2750 1406 2840 1477 qui
2872 1389 3181 1477 baptizatus
3224 1420 3284 1461 es
3323 1405 3377 1461 in
3407 1403 3693 1460 Christum

2099 1508 2155 1553 et
2177 1505 2407 1553 mortem
2432 1498 2573 1569 ejus.
2612 1498 2913 1555 Censidera
2949 1498 3161 1569 qualem
3195 1498 3312 1568 ipse
3343 1511 3441 1566 pro
3465 1506 3517 1550 te
3545 1509 3698 1552 more

2103 1597 2208 1644 tem
2238 1587 2489 1656 subierit,
2514 1599 2697 1644 utrum
2723 1590 2840 1661 ejus
2889 1589 3134 1661 sequaris
3176 1589 3425 1658 vestigia.
3450 1583 3698 1643 Ostende

2105 1681 2236 1738 mibi
2263 1696 2441 1739 mores
2471 1694 2610 1740 tuos.
2641 1681 2758 1753 Ipse
2806 1683 2924 1739 sine
2972 1692 3193 1753 peccato
3249 1690 3353 1746 est,
3398 1688 3455 1735 et
3492 1695 3555 1735 se
3594 1679 3693 1735 tibi

405 1776 649 1839 solvens,
677 1789 852 1844 neque
879 1790 938 1830 se
965 1777 1136 1845 ipsum
1193 1789 1446 1831 recreans
1505 1772 1615 1829 ullo
1645 1772 1827 1839 modo,
1856 1771 1988 1841 quin
2020 1770 2064 1827 Β
2092 1776 2349 1832 omnibus
2407 1776 2462 1831 in
2506 1776 2669 1831 rebus
2701 1774 3008 1845 exemplum
3045 1774 3324 1846 proposuit
3371 1774 3440 1828 ad
3469 1773 3698 1827 imitan-

407 1873 571 1928 etiam
604 1886 729 1926 eum
759 1871 967 1926 diceret
998 1887 1012 1923 :
1046 1867 1181 1925 Sitio
1203 1909 1219 1934 ,
1265 1867 1565 1923 obtulerunt
1609 1866 1692 1921 illi
1722 1864 1994 1936 spongiam

407 1975 555 2021 aceto
586 1964 827 2035 plenam;
871 1977 979 2033 quo
1013 1962 1295 2033 degustato
1344 1960 1480 2017 dixit
1524 1974 1540 2014 :
1616 1959 1996 2014 Consummata

409 2068 532 2114 sunt
560 2058 767 2112 omnia:
799 2070 846 2111 et
882 2054 1135 2109 inclinato
1163 2052 1334 2122 capite
1386 2040 1609 2107 tradidit
1653 2052 1900 2122 spiritum
1926 2048 1995 2102 ¹⁹.

409 2146 478 2201 Ει
506 2146 875 2216 deposuerunt
901 2156 1025 2197 eum
1069 2153 1196 2195 vere
1250 2137 1547 2196 Sabbatum
1593 2140 1996 2196 observantem.

414 2236 634 2311 Quievjt
663 2235 806 2290 enim
834 2232 1099 2289 Dominus
1135 2229 1294 2288 Jesus
1347 2232 1581 2303 septimo
1610 2231 1720 2299 die,
1748 2239 1805 2286 et
1833 2230 2004 2298 bene-

413 2329 647 2394 dixitei,
673 2327 930 2397 quoniam
988 2325 1255 2396 requievit
1309 2325 1379 2380 ab
1426 2325 1680 2380 omnibus
1713 2326 1997 2395 Operibus:

413 2425 614 2497 quibus
668 2421 934 2478 humanas
990 2420 1337 2475 destruxerat
1402 2418 1771 2473 inﬁrmitates.
1808 2416 2003 2491 Ingre-

414 2520 563 2573 diens
587 2516 749 2581 enim,
782 2521 842 2569 ut
882 2512 1073 2568 scribit
1126 2511 1437 2582 Apostolus,
1483 2513 1538 2566 in
1572 2512 1799 2581 requiem
1826 2528 2002 2579 suam,

419 2612 486 2667 ab
517 2608 758 2665 omnibus
790 2607 1032 2676 operibus
1057 2608 1168 2660 suis
1196 2606 1409 2675 quievit,
1433 2606 1875 2676 quemadmodum
1902 2615 1950 2661 et
1973 2604 2005 2660 ἁ

404 2704 529 2765 suis
557 2701 700 2757 Deus
731 2700 796 2756 η.
832 2699 947 2754 Hoc
1001 2713 1187 2753 verum
1240 2708 1323 2752 est
1367 2696 1691 2763 Sabbatum,
1746 2698 1888 2768 quod
1915 2699 2006 2768 qui

420 2812 528 2855 non
585 2797 864 2857 observat,
912 2808 1020 2848 non
1056 2801 1142 2849 est
1183 2791 1550 2847 Christianus.
1609 2790 1823 2863 Lugens
1863 2792 2007 2847 enim

418 2888 686 2945 Jeremias
713 2901 875 2955 super
898 2885 1150 2956 populum
1182 2883 1347 2939 Israel
1370 2902 1383 2939 :
1409 2882 1608 2951 Nolite,
1630 2885 1824 2955 inquit,
1849 2902 2009 2940 onera

422 2992 630 3053 gestare
664 2983 718 3034 in
758 2978 843 3033 die
882 2978 1125 3043 Sabbati,
1156 2987 1202 3030 et
1233 2993 1296 3031 ne
1323 2978 1667 3047 egrediantini
1699 2986 1878 3042 portas
1914 2977 2008 3033 Je-

426 3072 660 3127 rusalem
682 3077 952 3137 portantes
980 3083 1138 3122 onera
1165 3069 1218 3121 in
1245 3068 1331 3121 die
1358 3064 1576 3121 Sabbati
1616 3068 1682 3121 “.

2098 1870 2244 1926 dum.
2267 1868 2647 1940 Paupertatem
2689 1868 2973 1939 amplexus
2994 1878 3076 1925 est
3097 1885 3112 1935 ;
3136 1878 3191 1922 tu
3220 1878 3402 1924 autem
3427 1866 3698 1922 abborres

2100 1976 2127 2017 a
2159 1970 2499 2032 paupertate.
2536 1959 2654 2015 Non
2700 1960 2889 2017 habuit
2922 1961 3012 2016 ubi
3067 1970 3229 2031 caput
3282 1959 3580 2015 reclinaret
3608 1958 3698 2023 ";

2103 2067 2157 2112 tu
2189 2067 2400 2112 certum
2449 2065 2503 2110 et
2558 2055 2900 2109 commodum
2951 2055 3153 2126 quaeris
3202 2053 3561 2110 domicilium.
3599 2050 3701 2107 Ille

2102 2148 2461 2206 contumelias
2484 2145 2741 2219 pertulit;
2796 2156 2849 2201 tu
2878 2160 2973 2202 eas
3002 2146 3146 2203 l'erre
3179 2161 3287 2201 non
3315 2144 3421 2201 vis.
3454 2144 3548 2202 ille
3575 2158 3702 2198 mae

2104 2239 2213 2294 Iuni
2244 2253 2342 2309 pro
2362 2236 2507 2292 malo
2535 2251 2639 2289 non
2682 2236 2955 2301 reddidit;
2986 2246 3041 2291 tu
3078 2235 3302 2291 ultionis
3331 2246 3392 2291 es
3445 2233 3700 2304 cupidus.

2107 2330 2219 2397 Ille,
2248 2330 2373 2384 dum
2424 2337 2712 2399 pateretur,
2765 2343 2870 2383 non
2909 2324 3437 2395 comminabatur“;
3478 2336 3532 2380 tu
3566 2326 3703 2380 dum

2107 2423 2351 2486 laboras,
2378 2420 2650 2477 irasceris.
2676 2418 2773 2474 Ille
2804 2421 2945 2475 inter
2975 2420 3299 2491 ignominias
3326 2418 3550 2473 minime
3579 2429 3705 2473 tur-

2109 2515 2382 2582 babatur;
2414 2522 2470 2567 tu
2524 2510 2670 2567 nulla
2730 2509 2955 2567 allectus
2995 2509 3291 2581 ignominia
3331 2510 3703 2581 perturbaris.

2109 2606 2205 2663 Ille
2232 2607 2471 2677 benigne
2508 2605 2576 2661 ad
2607 2620 2667 2661 se
2712 2613 3029 2676 peccatores
3090 2602 3359 2669 vocabat;
3419 2612 3473 2659 tu
3512 2604 3707 2659 verbis

2108 2697 2223 2754 tuis
2245 2698 2452 2753 amicos
2476 2696 2642 2752 etiam
2676 2696 2889 2767 puugis.
2924 2695 3019 2750 Ille
3065 2694 3298 2765 injurias
3334 2709 3490 2764 aequo
3512 2694 3708 2748 animo

2111 2789 2447 2863 perferebat;
2488 2800 2542 2845 tu
2581 2790 2728 2844 nulla
2778 2789 2972 2857 injuria
3019 2798 3350 2860 provocatus
3376 2788 3708 2858 indignaris.

2113 2882 2207 2940 Ille
2227 2890 2539 2938 mansuetus
2569 2882 2621 2937 in
2649 2896 2744 2937 eos
2768 2882 2860 2952 qui
2900 2881 2953 2936 in
3008 2891 3298 2951 peccatum
3354 2881 3705 2948 inciderant;

2119 2986 2174 3031 tu
2198 2976 2461 3046 superbus
2481 2976 2644 3032 etiam
2674 2978 2725 3030 iu
2755 2990 2850 3031 eos
2879 2974 2971 3046 qui
3002 2984 3056 3030 te
3115 2972 3367 3030 meliores
3404 2974 3710 3029 exsistunt.

2120 3071 2214 3127 Ille
2261 3070 2612 3141 semetipsum
2655 3069 2875 3124 tradidit
2912 3083 3009 3140 pro
3038 3069 3144 3123 illis
3174 3083 3205 3123 a
3229 3069 3426 3139 quibus
3462 3065 3711 3122 oll’ensus

497 3165 585 3220 IV.
630 3163 745 3220 Heu
783 3178 868 3219 me
899 3162 1178 3229 miserum,
1209 3162 1300 3233 qui
1354 3162 1469 3217 luce
1519 3169 1703 3217 sancta
1761 3161 2013 3217 mandata
2040 3136 2084 3195 δ
2118 3165 2320 3233 fuerat,
2351 3173 2411 3220 ut
2444 3178 2537 3221 eos
2564 3162 2857 3219 redimeret
2880 3136 2983 3231 ;Vtu
3019 3176 3114 3217 eos
3144 3136 3304 3218 etiam
3328 3160 3491 3225 laedis,
3514 3160 3615 3229 qui
3641 3160 3713 3216 de

426 3274 533 3315 non
573 3259 830 3321 observo,
861 3265 916 3313 et
941 3255 1125 3327 gravia
1151 3255 1270 3311 fero
1322 3271 1489 3311 onera
1550 3256 1606 3311 in
1637 3257 1723 3312 die
1745 3253 1968 3313 Sabbati
1997 3258 2011 3311 ι

355 3342 358 3345 ’
429 3354 489 3417 Lb
511 3366 558 3406 te
586 3358 713 3406 sunt
734 3350 837 3405 ista
867 3347 1074 3404 onera?
1104 3347 1184 3402 Ira
1213 3363 1350 3404 onus
1380 3356 1465 3403 est
1503 3363 1687 3417 grave,
1719 3349 2013 3419 aemulatio,

427 3443 638 3509 iulium,
670 3442 848 3497 inanis
873 3440 1068 3511 gloria,
1092 3440 1439 3508 obtrectatio,
1466 3440 1864 3508 maledicentia,
1893 3442 2019 3496 irri-

432 3536 587 3600 tatio,
628 3535 905 3606 superbia,
945 3534 1281 3603 arrogantia,
1337 3532 1646 3599 contentio,
1709 3549 1863 3589 amor
1891 3548 2018 3606 pro-

428 3631 583 3699 prius
607 3668 624 3695 ,
661 3630 883 3686 invidia.
913 3628 1039 3685 llaec
1067 3628 1262 3683 animae
1318 3637 1465 3682 sunt.
1508 3626 1766 3698 Corporis
1811 3638 2013 3694 autem,

433 3722 725 3795 ingluvies,
768 3721 971 3776 nimius
999 3720 1247 3791 corporis
1280 3729 1508 3775 ornatus
1536 3730 1591 3775 et
1634 3735 1788 3784 cura,
1827 3721 2016 3788 libido,

431 3812 892 3883 concupiscentia,
917 3812 1097 3867 cordis
1119 3809 1370 3866 defectio.
1406 3809 1530 3865 llaec
1556 3810 1760 3876 omnia,
1810 3820 1865 3866 et
1890 3812 2016 3866 reli-

433 3921 539 3976 qua
576 3906 661 3961 Itis
732 3905 954 3969 similia,
1007 3902 1204 3974 repulit
1258 3920 1287 3957 a
1334 3902 1655 3972 corporibus
1685 3914 2017 3973 sanctorum,

437 3998 694 4054 occidens
723 4010 789 4051 ea
825 3996 876 4049 in
903 4004 1095 4050 sancto
1125 4010 1354 4064 corpore
1376 4011 1495 4059 suo,
1532 4004 1591 4049 ut
1618 3994 1849 4051 alIirmat
1874 3999 2018 4065 Apo-

437 4089 629 4155 stolus,
673 4104 768 4159 per
830 4103 1049 4144 crucem
1108 4089 1443 4144 interliciens
1498 4088 1812 4144 inimicitias
1857 4090 1910 4144 iu
1961 4105 2021 4145 se

438 4183 556 4253 ipso
594 4181 659 4236 ίδ.
698 4180 957 4250 Quisquis
984 4181 1148 4252 igitur
1180 4182 1365 4250 gravia
1416 4180 1522 4235 fert
1575 4196 1740 4237 onera
1767 4191 2019 4253 peccato-

440 4291 582 4340 rum,
622 4275 668 4331 is
700 4276 1002 4329 Sabbatum
1034 4273 1218 4337 violat,
1276 4289 1379 4329 nec
1420 4288 1578 4330 verus
1628 4285 1711 4330 est
1756 4276 2019 4341 Israelita,

436 4366 533 4423 sed
560 4381 619 4422 se
666 4366 839 4436 ipsum
898 4363 1118 4434 decipit.
1160 4361 1344 4419 Solum
1397 4365 1539 4420 enim
1596 4365 1759 4421 habet
1802 4382 2019 4431 nomen,

2121 3269 2172 3315 te
2200 3269 2327 3315 sunt
2361 3257 2500 3313 bene
2525 3256 2724 3311 meriti.
2757 3254 3058 3312 Considera
3081 3256 3208 3325 quid
3233 3255 3326 3310 tibi
3356 3253 3443 3309 ille
3468 3253 3710 3320 dederit,

2117 3360 2172 3406 et
2205 3350 2334 3420 quid
2373 3360 2427 3403 tu
2468 3347 2708 3404 vicissim
2766 3347 2843 3403 illi
2872 3346 3167 3403 retribuas.
3192 3347 3433 3417 Agnosce
3462 3345 3617 3400 illum
3641 3360 3711 3401 ex

2118 3443 2236 3513 ejus
2264 3442 2542 3512 operibus,
2569 3449 2624 3497 et
2663 3449 2715 3496 te
2768 3455 2837 3496 ex
2896 3436 3154 3510 operibus
3189 3442 3316 3496 tuis.
3357 3439 3415 3494 Si
3455 3451 3710 3497 mortuus

2119 3554 2179 3593 es
2234 3552 2357 3591 cum
2390 3524 2527 3606 ipso,
2551 3534 2674 3605 quis
2716 3534 2846 3592 facit
2898 3535 3001 3592 ista
3029 3546 3217 3606 Opera,
3246 3534 3297 3589 id
3322 3543 3408 3590 εει
3438 3533 3541 3588 ista
3575 3548 3709 3604 pee-

2121 3628 2276 3686 cata?

2191 3723 2280 3778 Vl.
2325 3722 2525 3779 Sancta
2554 3721 2724 3792 ipsius
2750 3718 3008 3776 mandata
3031 3717 3316 3791 diligenter
3336 3717 3710 3782 attendamus,

2131 3816 2497 3882 dilectissimi,
2526 3825 2582 3870 et
2639 3814 2888 3884 proprias
2938 3810 3331 3882 abnegabimus
3372 3808 3711 3863 voluntates.

2125 3908 2182 3964 Si
2215 3909 2487 3980 diligimus
2511 3921 2605 3963 eos
2639 3907 2728 3978 qui
2760 3920 2857 3960 nos
2900 3904 3110 3970 colunt,
3156 3904 3285 3973 quid
3322 3902 3548 3972 amplius
3574 3901 3712 3957 faci—

2125 4014 2246 4056 mus
2276 4015 2438 4069 quam
2461 3998 2666 4055 ethnici
2701 3997 2779 4051 ιιι
2800 3995 2856 4052 Si
2887 4011 2987 4066 pro
3033 3995 3175 4050 bene
3216 3992 3550 4051 merentibus
3579 4008 3710 4050 ora-

2125 4109 2269 4158 mus,
2301 4094 2356 4148 id
2381 4092 2583 4148 faciunt
2603 4102 2659 4147 et
2695 4089 2987 4161 publicani.
3015 4088 3072 4144 Si
3102 4088 3435 4143 laudantium
3460 4101 3713 4143 sermone

2126 4186 2436 4253 delectaris,
2471 4195 2525 4241 et
2554 4184 2754 4240 Iudaeis
2804 4184 2943 4240 idem
3001 4181 3290 4253 contingit.
3353 4180 3494 4248 Quid
3545 4181 3709 4252 igitur

2124 4279 2356 4351 amplius
2380 4276 2515 4334 lacis
2545 4287 2600 4332 tu
2633 4277 2724 4349 qui
2759 4286 2984 4347 peccato
3013 4272 3441 4340 mortuus,vivis
3472 4274 3525 4328 in
3546 4273 3708 4329 Cltri-

2125 4380 2211 4425 sto
2241 4367 2407 4425 Jcsu?
2432 4367 2489 4423 Si
2515 4382 2608 4422 eos
2634 4366 2727 4438 qui
2756 4367 2850 4421 tibi
2876 4368 3273 4435 obsequuntur,
3304 4374 3513 4419 tantum
3536 4380 3705 4431 amas,

439 4473 542 4514 nec
567 4457 863 4529 quidquam
895 4456 1126 4525 accipiet
1160 4470 1189 4508 a
1219 4454 1452 4512 Domino
1491 4455 1642 4524 Jesu,
1670 4472 1831 4529 quem
1864 4458 2020 4515 factis
2053 4486 2099 4545 υ
2127 4464 2256 4535 quid
2289 4461 2523 4532 amplius
2548 4459 2684 4515 l‘acis
2718 4473 2881 4528 quam
2906 4456 3266 4528 peccatores?
3300 4453 3494 4513 Nonne
3525 4466 3576 4512 et
3606 4457 3706 4528 ipsi

438 4560 623 4622 negat,
670 4549 942 4604 suscitans
988 4563 1051 4604 ea
1097 4562 1221 4617 qua:
1254 4548 1545 4616 interfecit,
1583 4560 1637 4605 et
1690 4551 1892 4607 faciens
1935 4553 2020 4607 illa

436 4650 559 4716 quae
587 4642 853 4715 sepelivit.
875 4642 1011 4699 Cum
1064 4642 1229 4713 igitur
1289 4643 1498 4697 venerit
1546 4643 1808 4701 Dominus
1866 4643 2024 4701 Jesus

437 4739 494 4793 in
543 4723 716 4809 gloria
753 4751 873 4800 sua,
902 4734 1046 4792 solos
1095 4735 1237 4791 ﬁlios
1294 4733 1482 4801 Israel,
1536 4735 1589 4791 id
1622 4745 1705 4793 est
1732 4738 1876 4794 solos
1901 4754 2025 4794 vere

437 4830 806 4892 Christianos,
873 4827 1289 4883 circumcisione
1357 4842 1461 4882 non
1519 4829 1857 4895 manulaeta,
1926 4834 2020 4888 sed

438 4921 635 4990 spiritu
662 4920 1041 4984 circumcisus,
1069 4932 1207 4987 quos
1231 4934 1296 4974 ex
1322 4919 1572 4975 omnibus
1595 4920 1805 4991 populis
1833 4924 2020 4994 elegit,

439 5016 598 5067 ducet
628 5014 695 5070 in.
715 5025 939 5078 regnum
971 5024 1126 5064 suum
1157 5010 1568 5078 sempiternum.
1604 5011 1830 5068 Ca'citas
1859 5016 2019 5085 enim,

441 5105 618 5173 inquit
640 5102 951 5172 Apostolus,
983 5102 1203 5171 contigit
1232 5117 1297 5155 ea:
1315 5112 1464 5171 parte
1484 5105 1673 5174 pOpulo
1700 5105 1893 5174 Israel,
1922 5112 2020 5179 do:

441 5213 529 5251 nec
560 5212 739 5250 mnues
772 5196 1142 5265 ingrediantur
1165 5196 1404 5250 nationes
1430 5196 1472 5227 “
1493 5215 1509 5265 ;
1533 5208 1587 5253 et
1615 5215 1827 5255 rursum
1855 5217 1870 5252 :
1893 5203 2029 5268 Qui-

442 5305 646 5358 cunque
673 5288 807 5341 ltanc
838 5290 1073 5357 regulam
1099 5289 1264 5341 secuti
1297 5289 1514 5358 fuerint,
1556 5308 1662 5361 pax
1687 5308 1845 5361 super
1874 5296 2018 5363 illos,

438 5388 488 5432 et
552 5396 713 5447 Super
782 5376 953 5431 Israel
1007 5377 1103 5432 Dei
1152 5379 1217 5432 “.
1283 5380 1688 5438 Animadvertis
1748 5400 1841 5441 eos
1898 5401 2022 5443 esse

440 5467 867 5537 lsraelitasDei,
898 5469 987 5540 qui
1014 5472 1195 5527 cordis
1224 5472 1423 5528 habent
1459 5476 1933 5533 circumcisionem
1965 5491 2021 5538 et

511 5593 858 5668 "Exoddx,
889 5593 1045 5668 8.9.,
1082 5595 1113 5668 γ’
1148 5595 1320 5668 Exod.
1385 5613 1535 5668 sui,
1596 5603 1683 5658 Η.

441 5665 488 5699 ⁸³
527 5664 725 5737 Ephes.
780 5668 973 5737 tu“,
1026 5667 1114 5721 16.
1228 5669 1270 5699 ³⁵
1305 5667 1462 5723 Rom.
1518 5664 1569 5729 in
1634 5676 1724 5733 23.

445 5737 490 5770 "
519 5738 542 5793 l
576 5736 723 5793 l‘etr.
749 5753 813 5809 tt,
839 5736 932 5795 23.
1012 5740 1054 5771 ¹⁹
1094 5737 1283 5795 blattb.
1319 5755 1371 5802 v.
1396 5741 1487 5800 46.

1784 5604 2025 5733 ¹⁰άιοὲιιί
2074 5607 2432 5735 twigs-59;

1971 5698 2038 5734 ιι.
2114 5697 2152 5735 l.
2256 5719 2273 5735 .

1971 5696 2038 5734 at.
2080 5696 2152 5749 vt,
2186 5696 2273 5737 ιο.

2129 4556 2267 4611 idem
2297 4552 2537 4609 iaciunt?
2568 4550 2625 4607 Si
2659 4559 2754 4608 eo‘s
2785 4551 2877 4620 qui
2928 4560 2979 4604 te
3029 4546 3275 4604 molestia
3323 4547 3588 4613 alliciunt,
3619 4551 3705 4620 qui

2126 4666 2233 4704 non
2300 4648 2578 4710 obeitiunt,
2631 4646 2721 4716 qui
2770 4644 3083 4708 lacessunt,
3143 4643 3269 4698 odio
3328 4645 3701 4713 prosequeris;

2126 4743 2351 4797 etlinico
2380 4749 2433 4795 et
2464 4747 2522 4794 tu
2579 4738 2775 4794 similis
2808 4753 2868 4793 es
2908 4756 2926 4792 :
2959 4751 3056 4808 pro
3088 4734 3194 4792 illis
3238 4736 3424 4807 potius
3460 4736 3554 4791 tibi
3584 4744 3704 4807 pre-

2129 4835 2359 4891 candum
2397 4843 2534 4899 erat,
2570 4842 2627 4886 ut
2656 4832 2737 4887 eis
2765 4831 3165 4903 ignosceretur.
3210 4829 3269 4885 Si
3289 4828 3634 4884 contumeliis
3655 4839 3705 4884 et

2131 4927 2447 4999 ignominiis
2499 4926 2697 4992 doles;
2759 4925 2945 4980 dolent
2999 4932 3055 4979 et
3095 4922 3394 4995 publicani.
3424 4920 3501 4978 Te
3538 4937 3701 4992 ipsum

2122 5024 2327 5076 “excute
2357 5030 2411 5075 et
2446 5024 2688 5087 expende
2716 5019 2806 5090 qui
2838 5018 2890 5072 in
2920 5015 3121 5072 CIII‘iSll
3162 5017 3381 5071 nomine
3412 5017 3706 5087 baptaates

2124 5124 2214 5173 es,
2245 5117 2421 5164 utrum
2452 5110 2563 5165 bare
2601 5111 2712 5165 sint
2743 5122 2907 5178 opera
2942 5108 3145 5162 nomini
3193 5117 3287 5163 tuo
3338 5109 3699 5179 congruentia.

2132 5203 2282 5259 ‘Eane
2309 5204 2364 5258 in
2409 5203 2497 5258 die
2528 5202 2714 5275 gloriae
2775 5202 2894 5272 ejus
2943 5208 3119 5256 tecum
3170 5214 3353 5255 coram
3386 5199 3479 5254 illo
3513 5200 3705 5254 laturus

2135 5298 2232 5365 sis,
2259 5309 2314 5351 ut
2340 5298 2660 5353 coroneris?
2680 5296 2892 5353 Corona
2932 5296 3150 5350 dabitur
3176 5308 3276 5366 pro
3309 5294 3524 5350 illarum
3548 5295 3705 5350 victo-

2135 5393 2213 5445 ria
2245 5389 2740 5461 perturbationum,
2772 5404 2908 5460 quas
2957 5388 3085 5441 olim
3139 5387 3414 5457 superavit
3435 5383 3549 5441 Rex
3573 5400 3703 5445 tuus.

2131 5499 2189 5539 se
2221 5483 2394 5555 ipsum
2430 5484 2523 5539 tibi
2548 5497 2855 5555 proponens
2907 5482 3237 5553 exemplum.
3286 5480 3404 5550 Ipse
3429 5482 3569 5535 enim
3600 5480 3706 5537 Bel

2513 5607 2552 5638 ⁸¹
2598 5604 2987 5671 Ilebr.tv,10.
3068 5605 3110 5635 ³⁸
3149 5600 3259 5660 Jcr.
3305 5618 3438 5668 xvu,
3484 5603 3575 5667 El,
3620 5605 3701 5659 2‘2.

2389 5680 2432 5711 "
2472 5677 2630 5736 Rom.
2690 5695 2754 5745 tt,
2802 5678 2895 5745 28,
2952 5676 3046 5732 29.
3163 5676 3203 5706 ”
3248 5674 3438 5731 Matth.
3472 5690 3588 5745 tut,
3624 5678 3703 5731 2.».
