3862 6326
149 365 307 427 1189

1258 372 1317 432 S.
1357 373 1563 434 ISAUE
1603 374 1900 451 ABBATIS
1941 376 2361 443 OBATIONES.

3300 384 3451 443 ‘H'iO

152 496 392 555 regum,
433 492 489 541 et
524 484 785 543 Dominus
836 484 1259 555 dominantium,
1318 507 1441 549 cum
1475 493 1562 550 illa
1590 494 1676 553 die
1708 511 1768 553 se
1793 499 1844 559 Α
1876 496 2125 554 habitant
2178 497 2234 554 in
2268 496 2450 556 animo
2481 497 2721 557 hominis
2754 497 3080 556 contentiosi
3107 505 3159 554 et
3187 514 3423 572 arrogan

145 581 422 653 gentibus
451 583 707 640 omnibus
752 585 1196 657 conspiciendum
1248 591 1509 661 praebebit
1559 592 1612 649 in
1651 609 1765 650 ma-

149 673 386 742 iestate,
441 690 630 732 secum
677 677 817 733 feret
878 679 1033 750 signa
1086 695 1208 747 sua,
1241 698 1434 756 nempe
1479 684 1763 745 cicatrices

149 764 287 822 illas
309 782 455 838 quas
485 784 583 840 pro
625 769 783 827 nobis
825 773 1071 842 pertulit.
1134 754 1213 833 Tu
1243 754 1382 831 vero
1418 776 1552 834 nihil
1577 792 1764 836 eorum

151 860 348 916 simile
384 861 600 919 laturus
626 878 685 919 es
713 864 766 918 in
800 879 1030 936 corpore
1061 874 1171 923 tuo.
1223 866 1585 936 Quamobrem
1624 870 1767 927 dicet

152 952 290 1009 tibi:
356 951 558 1010 Nescio
603 963 676 1011 te.
727 956 881 1013 Tunc.
913 956 1102 1015 videns
1126 973 1320 1016 omnes
1363 969 1604 1027 sanctos,
1659 960 1753 1031 qui

152 1055 394 1118 propter
416 1061 614 1103 nomen
646 1048 820 1123 ipsius
849 1059 1080 1106 mortem
1100 1051 1469 1123 oppetierunt,
1503 1053 1556 1108 in
1577 1068 1764 1109 eorum

151 1148 469 1210 conspectu
504 1140 830 1211 erubescens
867 1143 1125 1201 consiste.
1164 1144 1488 1203 Sanctorum
1519 1148 1762 1204 omnium

152 1230 310 1287 vitas
333 1232 630 1303 perpende,
663 1242 718 1287 et
757 1248 852 1289 eos
888 1235 1153 1306 reperies,
1200 1251 1322 1313 cum
1354 1238 1497 1295 mala
1523 1240 1763 1312 pertule-

157 1332 324 1391 runt,
357 1339 424 1379 ea
476 1341 580 1382 non
622 1327 959 1399 rependisse.
1020 1328 1254 1399 Sanguis
1297 1345 1486 1391 eorum
1520 1333 1763 1389 omnium

154 1414 677 1475 eiamat:Vindica
735 1435 833 1475 nos
884 1436 950 1476 ex
1012 1421 1266 1481 omnibus
1328 1422 1767 1482 inhabitantibus

158 1518 406 1564 terram.
438 1509 553 1591 Ego
581 1527 735 1581 vero,
770 1515 861 1585 qui
886 1515 1056 1571 otium
1087 1525 1141 1571 et
1170 1516 1408 1587 quietem
1436 1516 1766 1591 diligo,qnid

157 1599 351 1655 dicam
383 1601 438 1656 in
475 1601 564 1657 illa
599 1604 687 1660 die
715 1606 935 1675 quando
965 1606 1293 1678 perspiciam
1318 1606 1427 1663 illic
1448 1608 1764 1677 prophetas,

158 1703 217 1749 et
257 1696 559 1766 apostolos,
617 1708 673 1754 et
720 1688 1018 1772 martyres,
1042 1711 1096 1759 et
1131 1701 1371 1771 reliquos
1400 1712 1639 1767 sanctos,
1674 1704 1766 1773 qui

163 1787 384 1843 nullum
419 1790 610 1846 dantes
637 1791 859 1849 ultionis
887 1802 982 1851 aut
1009 1794 1304 1851 iracundia:
1334 1795 1569 1866 signum,
1611 1796 1661 1850 in
1682 1798 1768 1849 in-

1868 590 1957 646 tis.

1940 680 2080 738 Vill.
2124 682 2226 751 Qui
2256 692 2480 756 peccata
2518 700 2616 741 sua
2648 684 2982 753 considerat,
3013 684 3171 742 facile
3205 684 3454 755 assequi-

1873 782 1964 831 tur
1994 776 2382 834 humilitatem.
2414 774 2748 835 llumilitatis
2797 786 2902 847 est,
2954 775 3229 850 propriam
3265 775 3455 832 volun-

1872 876 2036 923 tatem
2066 867 2338 941 subjicere
2374 870 2607 942 proximi
2659 870 2948 926 voluntati.
3013 868 3206 925 Cordis
3240 866 3456 922 mundi-

1871 959 1942 1015 tia
1976 969 2159 1031 gratas
2189 959 2300 1017 Deo
2342 976 2532 1033 preces
2560 961 2838 1032 persolvit.
2897 961 2996 1019 Cui
3026 959 3241 1032 propria
3263 958 3453 1030 displi-

1868 1058 1998 1105 cent
2022 1049 2179 1117 vitia,
2217 1050 2385 1107 luctui
2421 1061 2477 1108 et
2525 1051 2783 1125 laetymis
2841 1061 3020 1111 vacat.
3067 1050 3321 1108 Charitas
3348 1066 3454 1107 non

1861 1140 2073 1209 judicat
2122 1144 2454 1213 proximum.
2516 1144 2784 1203 Patientia
2823 1160 2930 1201 non
2957 1145 3455 1216 meminitinjuria-

1870 1249 2011 1290 rum.
2054 1234 2155 1303 Qui
2193 1237 2357 1292 Deum
2386 1236 2587 1312 diligit,
2633 1240 2927 1296 vindictam
2965 1256 3071 1296 non
3106 1240 3332 1312 appetit.
3353 1239 3456 1308 Qui

1877 1327 2156 1383 silentium
2183 1338 2238 1384 et
2272 1330 2513 1400 quietem
2546 1332 2695 1399 colit,
2722 1334 2863 1405 quod
2896 1334 2996 1390 sibi
3026 1334 3205 1391 minus
3237 1334 3458 1391 obedia-

1872 1431 1960 1475 tur
1990 1436 2097 1476 non
2129 1433 2526 1481 commovetur.
2544 1427 2774 1482 Animus
2794 1428 3128 1498 paupertatis
3155 1428 3451 1493 studiosus,

1872 1511 2133 1569 innocens
2161 1524 2264 1570 est.
2300 1516 2403 1584 Qui
2456 1519 2689 1589 propriis
2738 1520 2993 1575 sensibus
3029 1520 3366 1585 dominatur,
3400 1519 3456 1577 in

1870 1619 2003 1673 pace
2031 1607 2194 1678 degit.
2234 1607 2335 1675 Qui
2390 1610 2539 1665 mitis
2591 1621 2698 1675 est,
2738 1613 2921 1666 omnia
2954 1614 3178 1684 perfert.
3212 1612 3314 1681 Qui
3352 1612 3458 1667 mi-

1870 1696 2126 1765 sericors,
2164 1700 2325 1754 facile
2366 1701 2616 1771 ignoscit.
2673 1700 2911 1770 Propria:
2968 1702 3257 1756 voluntatis
3288 1702 3461 1758 abne-

3462 728 3474 794 l

1869 1788 2017 1858 gatio
2050 1789 2222 1860 gignit
2259 1791 2375 1847 hzec
2427 1792 2631 1857 omnia,
2684 1803 2739 1847 ct
2769 1794 2966 1847 virtute
3028 1792 3246 1847 amabili
3306 1790 3458 1863 pacis

152 1881 332 1954 juriis
389 1881 688 1939 tolerandis
735 1883 908 1951 fortes
956 1898 1119 1957 atque
1169 1861 1486 1943 constantes
1537 1861 1766 1942 exstite-
1798 1861 1844 1917 Β
1879 1883 2102 1945 vinculo
2150 1883 2477 1956 coniungit.‘
2508 1884 2652 1940 Nihil
2717 1888 2770 1940 in
2834 1887 3092 1942 omnibus
3160 1861 3463 1956 Scriptnris

167 1975 351 2031 runt?
372 1974 506 2031 Cum
551 1976 637 2032 illa
671 1976 788 2034 dies
816 1979 1117 2044 advenerit,
1145 1994 1248 2035 non
1276 1979 1382 2035 erit
1426 1979 1479 2034 in
1507 1983 1771 2050 cujusque

167 2080 451 2143 patestate
468 2071 597 2141 quid
630 2073 974 2141 respondeat;
1010 2071 1106 2148 sed
1133 2071 1507 2142 unusquisque
1527 2080 1773 2143 resurget

161 2166 417 2236 propriis
455 2166 733 2237 Operibus,
786 2167 904 2222 sive
935 2166 1091 2222 bonis
1144 2165 1259 2221 sive
1303 2165 1483 2229 malis,
1515 2174 1771 2235 tanquam

159 2259 524 2315 vestimentis
580 2258 821 2315 indutus.
884 2258 1061 2331 Opera
1121 2260 1417 2331 loquentur
1464 2260 1603 2337 ipsa,
1634 2260 1771 2315 etin

158 2349 296 2408 loco
319 2350 584 2421 cujusque
634 2352 953 2406 consistent.

248 2441 370 2497 Vll.
410 2442 609 2499 Beatus
642 2443 735 2513 qui
766 2443 822 2498 in
861 2458 982 2497 eam
1019 2457 1203 2499 curam
1234 2442 1521 2516 diligenter
1554 2445 1770 2500 incum-

160 2535 276 2603 bit,
311 2544 376 2589 ut
405 2545 571 2591 exuat
622 2551 787 2607 opera
823 2551 942 2603 quae
991 2536 1045 2591 in
1082 2538 1391 2608 gehennam
1449 2537 1769 2603 detrahunt,

166 2636 229 2683 et
263 2628 461 2683 induat
515 2627 606 2683 illa
657 2643 778 2698 quae
828 2628 1133 2698 perducunt
1188 2628 1243 2682 in
1276 2628 1496 2684 omium.
1550 2627 1683 2682 Nam
1718 2638 1777 2683 ut

168 2719 484 2791 Apostolus
518 2720 627 2775 ait:
666 2717 735 2774 Et
772 2721 817 2775 si
868 2730 1076 2774 terrena
1118 2731 1298 2776 nostra
1332 2719 1592 2774 habitatio
1615 2716 1775 2790 hujus

166 2813 515 2868 tabernaculi
544 2811 882 2878 dissolvatur,
907 2813 1103 2866 scimus
1156 2828 1248 2866 nos
1280 2811 1657 2865 habitationem
1679 2810 1778 2865 lia-

170 2905 302 2961 bere
330 2906 547 2975 domum
574 2923 680 2961 non
733 2905 1097 2973 manufactam
1128 2905 1181 2959 in
1234 2904 1380 2960 cretis
1414 2905 1481 2959 ‘°.
1517 2902 1661 2959 Nihil
1692 2914 1778 2960 est

173 3011 400 3072 tempus
420 3000 546 3055 vita!
569 3011 790 3067 nosme,
825 3010 878 3075 et
901 3014 1024 3054 eum
1052 2999 1257 3054 venerit
1287 2999 1416 3053 hora
1445 3011 1650 3066 nostra,
1678 2988 1813 3053 ιιι-Γ

177 3091 259 3149 tio
295 3108 326 3146 τι
365 3091 524 3148 nobis
586 3093 786 3148 acriter
846 3091 1111 3162 exigetur.
1151 3088 1229 3145 Ne
1273 3089 1380 3145 sint
1417 3089 1580 3159 igitur
1604 3088 1771 3143 animi

176 3186 364 3241 nostri
407 3184 623 3241 remissi
656 3196 709 3240 et
741 3183 1013 3248 dissoluti,
1050 3182 1145 3238 sed
1176 3184 1325 3239 omni
1383 3181 1565 3237 studio
1597 3195 1661 3237 ac
1691 3181 1774 3236 di-

174 3275 409 3348 ligentia
444 3275 775 3341 laboremus,
803 3274 1231 3346 suppliciterque
1275 3275 1340 3329 ad
1392 3272 1486 3330 Dei
1532 3272 1779 3344 benigni-

187 3379 387 3436 tatem,
416 3368 604 3427 ut'nos
641 3370 880 3441 adjuvet,
941 3370 1160 3426 assidue
1210 3367 1607 3440 confugiamus.
1648 3367 1781 3423 Fra-

183 3462 370 3517 tribus
406 3462 609 3517 nostris
645 3478 711 3517 ne
760 3463 1085 3528 irascamur,
1139 3461 1280 3534 quod
1312 3476 1368 3515 re
1400 3470 1493 3514 aut
1525 3474 1779 3516 sermone

176 3568 288 3610 nos
325 3553 586 3610 ltrserint.
625 3554 776 3621 Quod
810 3557 853 3611 si
889 3556 1146 3625 operarii,
1184 3563 1236 3610 ct
1264 3570 1393 3609 vasa
1429 3553 1629 3610 diaboli
1662 3569 1783 3610 esse

186 3651 581 3723 perrexerint,
639 3650 734 3705 Dei
779 3651 1179 3706 constituentur
1228 3651 1547 3717 adversarii,
1610 3651 1782 3707 donec

144 3746 149 3749 ’
187 3743 594 3812 dissolvantur,
620 3751 675 3799 et
696 3755 727 3800 e
753 3743 927 3799 stadio
968 3742 1197 3815 fugiant.
1229 3743 1494 3801 Omnibus
1516 3744 1571 3799 in
1598 3745 1781 3811 rebus,

191 3838 409 3893 fratres
464 3837 796 3904 charissimi,
853 3837 1219 3894 humilitatem
1252 3848 1306 3893 et
1333 3839 1649 3910 patientiam
1675 3854 1786 3893 am-

182 3930 534 4000 plectimini;
570 3940 627 3985 et
653 3945 870 4002 semper
903 3930 955 3986 in
992 3946 1111 3986 eam
1147 3932 1533 4003 cogitationem
1574 3933 1785 3987 incum-

184 4025 329 4084 bite.
360 4033 423 4078 ut
446 4024 677 4094 propriae
707 4023 969 4079 voluntati
1004 4022 1366 4091 renuntiatis;
1410 4039 1532 4078 nam
1566 4021 1784 4095 prepria

184 4116 452 4171 voluntas
488 4116 667 4187 perdit
711 4132 903 4172 omnes
959 4115 1213 4171 virtutes.
1277 4115 1377 4184 Qui
1428 4116 1785 4186 c0gitatinnes

186 4224 329 4266 suas
363 4219 512 4265 recte
546 4207 783 4281 disponit
812 4225 876 4266 ac
909 4210 1224 4268 moderatur
1246 4251 1261 4277 ,
1313 4210 1587 4281 propriam
1618 4209 1785 4264 abnew

190 4312 293 4376 gat
359 4302 729 4372 voluntatem;
788 4314 841 4359 et
888 4304 1358 4359 mansuetudinem
1425 4302 1786 4374 amplectens,

191 4406 461 4466 tanquam
486 4411 516 4450 a
549 4395 785 4451 dracone
812 4394 944 4466 fugit
991 4395 1057 4452 ab
1084 4395 1232 4450 omni
1270 4393 1539 4450 discordia
1565 4404 1620 4449 et
1651 4409 1786 4449 con-

195 4486 467 4543 tentione.
498 4485 624 4542 Πειιο
653 4487 797 4543 enim
843 4497 1013 4542 totum
1069 4486 1287 4541 virtutis
1318 4485 1607 4565 aediﬁcium
1640 4501 1798 4543 ever-

198 4580 291 4645 tit,
318 4590 373 4633 et
397 4580 580 4635 animo
608 4582 861 4636 tenebras
902 4579 1154 4648 offundit,
1188 4588 1247 4635 ut
1281 4579 1583 4639 honestatis
1607 4580 1785 4636 lucem
1824 4614 1868 4669 Β

192 4674 452 4746 aspicere
488 4683 739 4745 nequeat.
771 4676 853 4731 Ab
881 4676 985 4731 hoc
1035 4674 1204 4748 igitur
1236 4674 1387 4742 vitio,
1413 4675 1558 4746 quod
1586 4690 1646 4731 se
1683 4674 1792 4729 vir-

196 4766 416 4821 tutibus
449 4766 689 4821 insinuat
749 4780 913 4838 atque
956 4769 1217 4840 implicat,
1274 4769 1445 4825 donec
1474 4784 1568 4824 eas
1594 4768 1792 4835 deleat,

194 4858 492 4914 declinato.
530 4857 743 4914 Etenim
772 4875 871 4916 nec
906 4860 1172 4916 Dominus
1194 4859 1353 4916 Jesus
1371 4862 1522 4932 prius
1551 4863 1799 4917 ascendit

196 4952 256 5007 in
291 4966 538 5019 crucem,
564 4970 725 5024 quam
772 4953 965 5010 Judam
999 4954 1299 5024 expulisset
1360 4971 1391 5009 e
1420 4953 1597 5009 medio
1627 4954 1795 5009 disci-

196 5045 475 5116 polorum.
525 5045 638 5103 Nisi
690 5048 834 5102 enim
885 5048 1046 5103 homo
1100 5056 1298 5103 tetrum
1350 5046 1453 5103 hoc
1484 5047 1675 5103 vitium
1702 5064 1798 5103 ex—

197 5141 425 5208 scindit,
461 5158 565 5197 non
629 5154 808 5214 potest
839 5144 1105 5214 proficere
1149 5145 1445 5201 secundum
1483 5145 1689 5210 Deum;
1729 5160 1795 5200 ex

199 5248 531 5314 canamque
557 5235 696 5289 mala
720 5247 915 5291 cuncta
951 5235 1395 5307 proﬁciscuntur.
1440 5236 1542 5304 Qui
1575 5238 1679 5292 hoc.
1708 5235 1792 5290 vi-

203 5328 281 5381 tio
322 5325 554 5393 laborat,
580 5342 799 5383 crucem
861 5343 1016 5383 suam
1064 5327 1209 5383 ferre
1243 5344 1348 5383 non
1409 5329 1541 5392 vult,
1578 5328 1798 5382 inanem

202 5417 434 5490 gloriam
459 5420 740 5491 sequitur;
780 5421 963 5476 omnia
1017 5421 1252 5493 denique
1308 5439 1430 5495 qua:
1489 5422 1795 5488 Densodit,

277 5573 328 5609 "
366 5577 406 5633 ll
452 5576 580 5633 Cor.
613 5594 669 5646 ν,
711 5579 760 5633 1.
853 5578 897 5611 ³⁸
940 5578 1047 5633 Tit.
1081 5595 1118 5644 ι,
1151 5578 1209 5633 ‘2.

287 5760 399 5833 (l5)
442 5760 726 5833 Interiora.
758 5758 944 5818 Nullus
977 5762 1167 5818 dubito
1206 5762 1335 5830 quin
1388 5760 1668 5829 regendum
1692 5760 1782 5826 sit,

210 5834 506 5890 anteriora.
538 5832 633 5888 Hic
688 5834 829 5889 enim
880 5834 1101 5905 respicit
1134 5845 1321 5891 auctor
1350 5834 1417 5890 ad
1441 5834 1670 5904 Philipp.
1700 5849 1784 5899 ιιι,

1874 1977 2170 2047 perspicio,
2202 1979 2343 2048 quod
2368 1979 2541 2050 magis
2570 1979 2638 2034 ab
2665 1979 2884 2035 homine
2910 1979 3051 2034 Deus
3075 1978 3279 2048 exigat,
3297 1992 3460 2048 quam

1876 2079 1935 2124 ut
1966 2068 2220 2124 omnibus
2249 2069 2300 2124 in
2327 2070 2490 2126 rebus
2538 2070 2787 2126 lmmiliet
2855 2087 2916 2126 se
2975 2070 3220 2141 proximo
3259 2084 3381 2135 suo,
3408 2079 3465 2125 et

1876 2163 2147 2235 propriam
2180 2162 2411 2234 abneget
2435 2162 2791 2229 voluntatem,
2832 2173 2887 2217 et
2934 2163 3030 2219 Dei
3070 2177 3287 2233 semper
3309 2162 3464 2218 auxi-

1877 2255 2008 2311 lium
2042 2240 2397 2325 itnploret,'ut
2420 2254 2606 2312 oculos
2634 2271 2762 2311 suos
2821 2255 3022 2312 excitet
3044 2270 3074 2310 a
3102 2270 3297 2311 somno
3318 2253 3462 2310 obli-

1883 2349 2051 2406 vionis
2106 2349 2248 2407 etab
2302 2362 2488 2405 errore
2542 2349 2892 2421 captivitatis.
2950 2348 3193 2404 llominis
3257 2361 3450 2404 natura

1877 2442 2151 2499 mutabilis
2176 2452 2348 2510 est,et
2370 2444 2435 2499 ad
2465 2443 2665 2499 malum
2696 2457 2894 2512 prona;
2919 2441 3011 2498 Dei
3048 2458 3175 2497 vero
3195 2441 3462 2497 estmise-

1884 2535 2015 2602 reri,
2052 2536 2578 2591 et‘imbecillitatem
2629 2546 2877 2591 nostram
2928 2536 3320 2602 corroborare;
3371 2534 3464 2595 Dei

1878 2644 1977 2685 nos
2002 2632 2068 2684 ad
2098 2645 2156 2687 se
2183 2640 2532 2696 convertere;
2564 2629 2658 2686 Dei
2690 2629 2844 2684 nobis
2873 2628 3101 2698 gratiam
3138 2627 3383 2697 elargiri,
3408 2636 3469 2682 ut

1856 2722 1926 2791 rei
1955 2723 2157 2794 gratias
2191 2738 2447 2805 agamus;
2480 2722 2573 2807 Dei
2600 2738 2699 2778 nos
2731 2720 3023 2778 defendere
3054 2730 3218 2791 atque
3251 2721 3466 2797 eripere

1877 2830 1909 2872 e
1944 2817 2191 2872 manibus
2230 2817 2612 2885 inimicorum;
2657 2814 2752 2873 Dei
2811 2814 3042 2886 denique
3076 2823 3156 2869 est
3212 2813 3384 2869 honor
3413 2820 3470 2873 et

1878 2909 2049 2981 gloria
2083 2910 2137 2965 in
2164 2910 2358 2969 saecula
2422 2910 2768 2981 saeculorum.
2814 2908 3012 2963 Amen.
3046 2905 3466 2975 Contentionem

1878 3018 2019 3060 vero
2058 3019 2178 3075 qua:
2211 3003 2453 3073 pariunt,
2485 3004 2604 3063 haec
2628 3010 2754 3058 sunt
2782 3018 2797 3059 :
2839 2999 3263 3070 multiloquium,
3288 3005 3342 3054 et
3375 3012 3471 3054 cu-

1880 3098 2118 3161 riositas,
2149 3107 2205 3153 et
2233 3096 2495 3163 adulatio,
2528 3106 2581 3151 et
2614 3094 2949 3165 arrOgantia,
2992 3103 3046 3150 et
3066 3093 3267 3173 linguze
3291 3088 3471 3162 dupli-

1881 3192 2038 3248 citas.
2074 3192 2267 3245 Anima
2300 3190 2449 3245 illius
2487 3189 2540 3244 in
2568 3204 2676 3259 quo
2728 3197 2856 3243 sunt
2910 3188 3044 3252 hmo,
3079 3186 3338 3240 virtutum
3388 3191 3474 3257 est

1884 3301 2106 3354 expers.
2132 3282 2247 3339 Nisi
2308 3283 2432 3356 quis
2486 3296 2681 3352 magno
2711 3296 2833 3337 cum
2867 3281 3064 3336 sudore
3093 3276 3318 3348 singulis
3356 3275 3469 3330 vir-

1866 3378 2456 3451 ~tutibusincubuerit,
2480 3376 2546 3432 ad
2578 3375 2815 3447 quietem
2832 3372 2953 3428 Filii
2992 3373 3085 3428 Dei
3135 3387 3242 3427 non
3273 3367 3474 3440 poterit

1865 3475 2193 3546 ,pervenire.
2223 3472 2397 3528 Vitam
2457 3471 2623 3543 igitur
2650 3477 2913 3533 vestram,
2944 3466 3163 3530 fratres,
3196 3480 3265 3519 ne
3301 3460 3473 3535 negli-

1884 3566 2049 3637 gatis,
2094 3578 2269 3637 neque
2291 3579 2447 3621 mens
2475 3568 2657 3618 vestra
2691 3560 2747 3615 in
2808 3557 3028 3613 malitia:
3078 3556 3336 3629 operibus
3360 3565 3474 3609 tor-

1887 3666 2095 3730 pescat,
2130 3673 2197 3712 ne
2224 3664 2439 3728 tempus
2462 3652 2682 3709 deficiat
2733 3659 2859 3708 ante
2908 3664 3073 3720 quam
3133 3648 3200 3704 ad
3223 3644 3345 3704 Filii
3380 3645 3472 3701 Dei

1885 3752 2126 3821 quietem
2159 3749 2434 3825 aSpiretis,
2470 3763 2592 3820 quae
2625 3747 2680 3802 in
2716 3759 2781 3801 eo
2827 3744 2929 3801 sita
2978 3751 3064 3799 est
3087 3785 3102 3812 ,
3139 3750 3195 3797 ut
3220 3738 3475 3796 onmibus

1890 3845 1942 3899 in
1972 3844 2133 3900 rebus
2154 3842 2521 3903 humilitatem
2557 3848 2722 3914 atqtte
2749 3837 3121 3895 innocentiam
3144 3834 3476 3906 complecta-

1887 3937 2045 4003 miui,
2080 3946 2135 3992 et
2165 3935 2437 3993 neminem
2471 3934 2743 3995 oderitis;
2780 3944 2957 4000 neque
3006 3928 3102 3984 ulli
3135 3926 3211 3982 rei
3245 3925 3357 3982 Deo
3387 3924 3476 3981 itt-

1890 4031 2020 4087 visae
2048 4029 2431 4103 acquiescatis,
2466 4028 2562 4085 sed
2596 4027 2664 4083 ab
2710 4025 2966 4081 omnibus
3001 4020 3242 4093 peccatis
3275 4018 3480 4075 abhor-

1892 4134 2096 4183 rentes.
2123 4123 2338 4180 cunctis
2389 4120 2609 4177 malitiae
2667 4118 2923 4195 operibus
2958 4114 3157 4172 mortui
3194 4113 3336 4171 sitis.
3384 4111 3480 4168 Sic

1891 4219 2036 4272 enim
2068 4217 2204 4272 Deus
2228 4217 2318 4289 qui
2344 4233 2446 4270 non
2479 4214 2731 4269 mentitur
2764 4214 2835 4279 “,
2881 4210 3055 4266 aderit
3090 4207 3268 4271 nobis,
3298 4216 3353 4262 et
3389 4206 3478 4260 itt-

1893 4310 2208 4366 firmitatem
2260 4317 2502 4364 nostram
2560 4303 2935 4361 misericordia
2978 4316 3074 4358 sua
3109 4296 3476 4356 conﬁrmabit.

1896 4403 2086 4456 Amen.

2373 4489 2687 4549 ORATIO
2745 4486 2993 4549 XXIII.

2456 4582 2535 4637 De
2576 4581 2915 4655 perfectione.

1970 4678 2011 4733 1.
2056 4676 2168 4733 Nisi
2191 4676 2313 4747 quis
2351 4675 2520 4737 tidem,
2547 4676 2601 4729 in
2638 4673 2808 4728 Deum
2860 4671 3157 4749 possideat,
3183 4666 3479 4736 utquidam

1894 4789 1925 4829 e
1956 4772 2211 4829 Patribus
2238 4772 2337 4838 ait,
2359 4779 2412 4826 et
2443 4769 2663 4825 assiduo
2690 4766 2809 4837 ejus
2860 4765 3054 4836 ﬂagret
3107 4760 3393 4831 desiderio,
3429 4769 3481 4813 et

1896 4865 2100 4921 nemini
2131 4873 2345 4931 noceat,
2408 4877 2508 4918 nec
2564 4862 2766 4916 malum
2796 4875 2900 4930 pro
2943 4857 3085 4914 malo
3109 4857 3320 4918 reddat,
3349 4852 3482 4909 allii-

1898 4968 2095 5029 gatque
2126 4971 2207 5022 se,
2235 4965 2292 5012 et
2321 4955 2712 5019 humilitatem,
2768 4962 2823 5008 et
2858 4952 3190 5014 castitatem,
3216 4956 3270 5004 et
3296 4947 3484 5002 huma-

1899 5053 2122 5107 nitatem
2145 5050 2310 5117 colat,
2345 5048 2655 5118 mundoque
2704 5045 2997 5111 renuntiet,
3059 5050 3485 5109 mansuetusqtte

1898 5146 1969 5201 sit
1999 5156 2053 5201 et
2081 5146 2320 5216 patiens,
2346 5143 2673 5212 assiduoque
2734 5138 2916 5195 cordis
2956 5137 3142 5192 labore
3174 5134 3340 5189 Deum
3369 5145 3485 5202 pre-

1899 5250 2073 5304 cetur,
2104 5248 2157 5292 et
2189 5253 2371 5311 veram
2399 5234 2723 5291 eharitatem
2780 5231 3162 5305 amplectatur,
3207 5241 3383 5296 neque
3417 5226 3485 5281 ad

1899 5348 1963 5386 ea
1993 5348 2114 5401 qme
2148 5343 2293 5385 retro
2316 5337 2462 5395 sunt,
2494 5327 2701 5395 redeat,
2727 5326 2820 5385 seti
2865 5324 2928 5379 ad
2960 5323 3221 5379 interiora
3254 5329 3481 5376 conten-

1902 5424 1994 5477 dat
2025 5422 2161 5493 (15;,
2225 5436 2400 5491 neque
2459 5420 2615 5475 bonis
2665 5417 2921 5488 operibus
2950 5404 3002 5472 et
3039 5412 3325 5471 sacritieiis
3373 5408 3488 5466 suis

1896 5760 1989 5822 15,
2021 5759 2108 5814 ubi
2131 5757 2385 5841 legimus,
2414 5757 2527 5821 τοῖς
2551 5754 2608 5821 δὲ
2649 5750 3140 5825 ἔμπροσθενΝιιΙε.
3168 5749 3241 5804 ad
3268 5764 3330 5804 ea
3369 5756 3487 5819 qua:

1905 5840 2030 5885 sunt
2060 5845 2263 5885 priora.

1905 5845 2030 5887 sunt
2060 5845 2263 5901 priora.
