3862 6324
415 389 546 447 1171

420 616 525 663 tem
550 605 765 676 assequi
811 619 917 660 non
983 614 1163 676 potest
1198 623 1211 659 :
1244 612 1351 658 tam
1410 618 1571 659 acres
1599 602 1994 673 vigilantesque

421 710 547 754 sunt
576 697 810 753 hominis
839 697 1163 753 adversarii.
1194 696 1273 754 Ne
1299 706 1639 762 contemnas,
1674 696 1868 760 frater,
1900 708 1991 749 ne-

417 806 523 862 que
551 790 789 863 negligas
840 791 1230 847 conscientiam
1282 798 1428 845 tuam
1455 829 1470 856 ,
1515 804 1690 861 neque
1751 788 1846 844 tibi
1883 788 1997 857 ipse

354 926 370 948 ..
417 882 661 940 conﬁdas
717 884 965 948 omnino.
1013 885 1259 955 quamvis
1298 883 1479 953 aliquo
1531 884 1585 937 in
1632 882 1805 953 pretio
1855 881 1995 953 apud

422 966 588 1030 Deum
615 990 737 1031 esse
762 976 1019 1031 videaris.
1087 973 1335 1045 Undique
1386 974 1530 1030 enim
1575 975 1641 1028 ab
1667 971 1998 1028 adversariis

418 1066 753 1125 obsidemur.
782 1065 1013 1122 Alﬁiclio
1052 1066 1388 1122 considerata
1419 1063 1721 1133 prreteritas
1750 1060 1998 1116 deletne-

417 1160 693 1233 gligentite
745 1169 919 1216 notas.
984 1159 1051 1215 Et
1113 1174 1369 1215 sensuum
1425 1157 1719 1228 castigatio
1762 1154 1996 1211 hostium

418 1253 741 1309 interiorum
773 1253 1087 1309 vulneribus
1118 1252 1385 1308 medetur.
1424 1250 1666 1307 Perfecta
1698 1247 1997 1305 secundum

418 1345 591 1400 Deum
639 1346 859 1401 dilectio
915 1346 1129 1401 occulta
1191 1345 1442 1401 hostibus
1496 1343 1719 1399 νοείμιῑι.
1775 1339 2001 1396 Occulto

418 1439 686 1494 sanctitas
717 1438 950 1495 occultis
987 1440 1147 1494 bellis
1175 1439 1443 1509 superatis
1483 1438 1548 1491 ad
1565 1434 1689 1491 Filii
1726 1434 1820 1491 Dei
1847 1434 2001 1504 quie-

419 1541 529 1587 tem
556 1531 826 1603 perducit.
852 1533 921 1588 Et
951 1533 1212 1588 sanctitas
1234 1531 1519 1587 manifesta
1546 1530 1772 1586 virtutes
1797 1540 1997 1585 servat.

419 1624 513 1680 Dei
537 1626 776 1696 cognitio
814 1625 963 1690 facit,
1000 1636 1057 1681 ut
1112 1626 1177 1681 ad
1217 1641 1340 1680 eum
1397 1635 1640 1694 tempore
1688 1621 2003 1677 tentationis

418 1718 825 1790 confugiamus,
864 1720 1089 1790 ejusque
1134 1718 1326 1773 muniti
1376 1718 1629 1787 prtesidio
1690 1716 2003 1784 superiores

420 1812 616 1868 simus.
652 1812 752 1879 Qui
778 1812 1056 1868 laboribus
1101 1814 1216 1867 suis
1268 1811 1493 1866 minime
1539 1808 1779 1874 conﬁdit,
1811 1808 1858 1875 is
1907 1807 1999 1862 Dei

425 1902 601 1973 magis
631 1903 797 1957 sentit
821 1901 1099 1957 auxilium.
1140 1901 1237 1968 Qui
1262 1916 1327 1956 ex
1347 1901 1532 1957 animo
1553 1901 1641 1971 pie
1664 1900 1830 1955 Deum
1856 1914 2006 1968 quae-

420 1994 495 2050 rit
524 1994 579 2049 in
619 1995 873 2060 veritate,
904 1996 949 2050 is
971 1995 1152 2049 statin
1190 1995 1422 2059 timore,
1456 2009 1522 2049 ne
1557 1992 1838 2064 displiceat
1872 1992 2001 2047 Deo.

420 2087 651 2157 Semper
672 2087 815 2142 enim
854 2102 883 2141 a
910 2087 1240 2143 conscientia
1273 2086 1605 2153 stimulatur,
1630 2085 1772 2156 quod
1824 2084 2002 2154 aliqua

420 2180 474 2234 in
508 2194 568 2235 re
595 2178 876 2236 defecerit.
911 2178 1009 2236 Ubi
1043 2190 1224 2237 autem
1258 2180 1531 2248 stimulus,
1592 2180 1664 2234 ibi
1696 2177 2001 2243 accusatio;

420 2272 514 2328 ubi
546 2274 843 2342 accusatio,
887 2287 994 2329 non
1029 2282 1115 2329 est
1170 2272 1420 2329 libertas.
1463 2271 1615 2339 Quod
1650 2270 1695 2326 si
1747 2269 2006 2338 deinceps

421 2367 631 2423 orando
681 2364 1131 2422 animadverterit
1185 2380 1246 2423 se
1308 2364 1456 2421 nullo
1517 2363 1736 2419 malitia:
1784 2359 2005 2417 stimulo

421 2461 611 2532 pungi,
635 2470 746 2516 tum
778 2475 906 2517 vere
932 2459 1070 2516 liber
1088 2470 1193 2529 est,
1226 2470 1281 2516 et
1312 2474 1378 2514 ex
1410 2456 1799 2514 voluntateDei
1831 2457 1882 2511 in
1916 2469 2004 2509 re-

421 2555 603 2625 quiem
627 2564 871 2610 sanctam
902 2552 1168 2609 introivit.

492 2646 557 2701 ll.
602 2647 660 2704 Si
697 2650 867 2705 bonos
889 2648 1100 2704 fructus
1126 2648 1468 2718 perspexeris
1505 2661 1535 2702 a
1590 2646 1753 2704 nullis
1798 2648 2003 2703 inimici

420 2742 650 2799 xizaniis
671 2740 949 2804 suﬁocat-i,
984 2756 1156 2812 neque
1180 2752 1385 2808 tamen,
1412 2742 1662 2811 quamvis
1685 2756 1809 2797 cum
1833 2741 2009 2797 sensi-

418 2834 521 2892 bus
544 2836 779 2906 amplius
819 2851 921 2891 non
951 2851 1182 2907 pugnes,
1212 2836 1396 2891 hostes
1426 2835 1637 2890 malitia
1691 2851 1789 2890 sua
1814 2834 2005 2890 conﬁsi

421 2928 673 2987 desinent
702 2944 1035 3000 oppugnare.
1068 2928 1134 2983 Et
1162 2929 1208 2983 si
1258 2930 1429 2984 nubes
1469 2928 1879 2983 tabernaculum
1909 2929 2007 2983 ob-

420 3020 720 3086 umbravit,
746 3035 925 3091 ueqne
948 3019 1029 3075 sol
1063 3020 1202 3076 ussit
1229 3028 1281 3075 te
1334 3036 1432 3091 per
1479 3019 1622 3076 diem
1670 3033 1846 3093 neque
1880 3020 2006 3074 luna

421 3126 522 3183 per
551 3120 763 3168 noctem
789 3130 807 3171 :
845 3123 900 3169 et
930 3113 1178 3170 iuventus
1205 3115 1255 3170 in
1288 3122 1338 3169 te
1365 3114 1531 3170 fuerit
1567 3113 1747 3169 omnis
1771 3128 2006 3184 appara-

1491 383 1767 442 PATRES
1805 382 2112 441 EGYPTII‘
2146 382 2419 442 SECULI
2458 371 2545 441 Ν.

416 510 675 576 conﬁsus,
703 508 940 564 divinum
965 506 1207 579 quotidie
1252 506 1504 578 imploret
1533 508 1817 570 auxilium,
1849 506 1991 563 saluo
2021 513 2067 568 Α
2098 505 2220 561 aliis
2265 505 2467 560 mederi
2498 503 2713 568 studet,
2769 512 3099 575 prapostere
3147 504 3276 571 agit.

3550 386 3691 442 Ηῗέ

3355 504 3695 575 Priusquam

2100 600 2243 655 enim
2273 598 2404 653 illttd
2443 598 2808 668 aggrediatur,
2837 597 2994 651 debet
3040 608 3262 666 peccata
3291 614 3386 651 sna
3430 598 3691 671 lacrymis

2104 692 2536 763 abstergerczet
2578 689 2673 747 Dei
2717 691 3149 747 misericordiam
3191 689 3537 759 impl'oretvut
3579 692 3688 747 sibi

2104 786 2368 855 ignoscat,
2400 793 2719 855 tantumque
2744 786 2956 842 roboris
2980 795 3035 841 et
3066 784 3401 840 fortitudinis
3420 785 3687 856 pnebeat,

2101 887 2161 934 ut
2205 895 2484 950 nunquam
2528 880 2760 951 amplius
2792 880 2842 934 in
2884 881 3072 935 eadem
3110 880 3373 941 incurrat,
3410 890 3504 933 aut
3536 880 3690 933 illum

2101 973 2187 1030 vel
2215 973 2545 1045 cogitatione
2577 973 2675 1028 vel
2693 986 2947 1029 sermone
2969 971 3053 1027 vel
3087 971 3243 1027 factis
3269 971 3524 1027 oﬁ'endat.
3560 971 3696 1025 Bea-

2104 1073 2191 1121 tus
2221 1067 2312 1137 qui
2341 1065 2415 1121 ita
2437 1081 2495 1123 se
2521 1067 2656 1138 gerit
2681 1066 2734 1120 in
2758 1065 3010 1121 veritate.
3036 1064 3138 1133 Qui
3156 1079 3284 1121 vere
3306 1064 3713 1135 paenitentiam-

2104 1158 2238 1229 agit,
2270 1159 2320 1213 in
2355 1173 2421 1214 eo
2449 1173 2557 1214 non
2584 1168 2665 1213 est
2692 1167 3008 1230 occupatus,
3038 1169 3091 1214 ut
3126 1160 3430 1229 proximum
3455 1159 3693 1227 judieet.

2106 1251 2251 1309 Satis
2279 1250 2423 1307 enim
2452 1265 2546 1305 sua
2578 1251 2774 1322 cuique
2810 1260 3029 1321 peccata
3059 1253 3257 1323 negotii
3291 1251 3569 1323 praebent,
3591 1267 3697 1307 nec

2105 1346 2337 1416 spatium
2369 1345 2704 1416 relinquunt,
2732 1345 2906 1402 aliena
2931 1354 2992 1400 ut
3020 1355 3195 1400 curet.
3224 1344 3325 1412 Qui
3359 1345 3560 1399 malum
3592 1360 3697 1410 pro

2106 1436 2249 1491 malo
2295 1435 2493 1503 reddit,
2536 1434 2722 1506 procul
2764 1435 2919 1490 abest
2963 1450 2993 1488 a
3040 1448 3163 1488 vera
3198 1433 3544 1504 paenitentia.
3585 1430 3695 1499 Qui

2106 1530 2293 1599 gloria:
2321 1541 2512 1601 captus
2538 1530 2853 1601 cupiditate,
2876 1528 3061 1583 mundi
3096 1527 3327 1597 negotiis
3351 1526 3697 1597 implicatur,

2104 1639 2169 1680 ex
2198 1623 2379 1677 animo
2411 1638 2516 1677 non
2551 1622 2697 1691 luget
2725 1630 2943 1692 peccata
2970 1636 3091 1676 sua.
3126 1619 3225 1687 Qui
3254 1633 3395 1675 nunc
3418 1629 3509 1674 aut
3534 1618 3696 1673 illum

2107 1716 2328 1782 bonum,
2363 1726 2457 1771 aut
2487 1718 2687 1769 malum
2725 1714 2959 1770 aﬁirmat
2985 1728 3131 1777 esse,
3158 1712 3211 1767 in
3240 1714 3400 1768 corde
3428 1728 3529 1768 suo
3562 1728 3699 1767 con-

2111 1810 2384 1863 fundetur.
2419 1809 2553 1863 Dum
2581 1808 2725 1863 enim
2760 1823 2826 1863 ea
2860 1822 2980 1878 qua:
3015 1816 3201 1863 nostra
3236 1822 3338 1860 non
3371 1817 3497 1860 sunt
3528 1805 3697 1859 voln-

2110 1918 2233 1958 mus
2260 1902 2527 1971 judicare,
2565 1901 2888 1970 decipimur,
2923 1912 3085 1972 atque
3113 1902 3187 1956 ita
3221 1899 3607 1965 distrahimur,
3642 1908 3699 1951 ut

2109 1997 2263 2052 nobis
2302 2012 2403 2052 non
2434 2005 2589 2052 vacet
2616 2007 2837 2067 peccata
2866 2006 3048 2051 nostra
3080 2009 3433 2066 cognoscere.

2181 2086 2269 2144 iV.
2313 2087 2369 2144 Si
2400 2090 2727 2145 contumelia
2757 2088 2982 2144 aﬁ‘ectus
3016 2088 3335 2159 indignaris,
3362 2101 3549 2141 veram
3589 2101 3703 2141 non

2109 2183 2225 2252 agis
2267 2182 2660 2253 paenitentiam.
2695 2180 2751 2237 Si
2794 2183 2955 2237 rebus
2998 2181 3101 2236 tuis
3137 2182 3229 2236 tibi
3272 2180 3473 2248 ereptis
3514 2178 3706 2245 doles,

2108 2272 2201 2329 Dei
2238 2275 2399 2330 timor
2430 2290 2535 2330 non
2569 2282 2654 2330 est
2693 2274 2747 2329 in
2778 2284 2850 2329 te.
2886 2270 2944 2329 Si
2976 2273 3117 2345 quod
3154 2274 3204 2329 in
3239 2281 3289 2328 te
3324 2272 3522 2343 aliquis
3556 2271 3708 2325 falsa

2109 2368 2400 2423 contulerit
2434 2368 2791 2437 perturbaris,
2837 2368 3000 2423 timor
3040 2365 3133 2422 Dei
3178 2382 3284 2422 non
3320 2375 3401 2420 est
3437 2366 3491 2420 in
3522 2376 3611 2421 te.
3646 2363 3709 2420 Si

2110 2460 2295 2515 laudes
2312 2470 2438 2516 tuas
2460 2460 2690 2515 libenter
2710 2460 2888 2527 audis,
2914 2461 3075 2516 timor
3093 2458 3187 2516 Dei
3220 2474 3321 2514 non
3339 2469 3421 2514 est
3446 2458 3499 2513 in
3532 2467 3619 2513 te.
3650 2456 3711 2514 Si

2112 2555 2163 2610 in
2192 2554 2394 2609 mutuis
2424 2551 2771 2610 sermonibus
2801 2554 2966 2609 verba
2995 2564 3082 2608 tua
3116 2552 3351 2608 volueris
3371 2551 3710 2622 praevalere,

2112 2649 2274 2701 timor
2321 2646 2411 2702 Dei
2462 2661 2565 2703 non
2607 2656 2690 2702 est
2734 2646 2786 2701 iu
2835 2654 2907 2701 te.
2950 2644 3008 2701 Si
3052 2644 3291 2701 dolueris
3333 2644 3476 2713 quod
3507 2659 3712 2699 sentio

2112 2749 2235 2794 tuus
2252 2748 2652 2805 contemnatur,
2674 2738 2839 2793 timor
2864 2738 2954 2793 Dei
2986 2753 3090 2793 non
3117 2749 3200 2793 est
3221 2737 3274 2793 in
3300 2747 3371 2795 te.
3396 2736 3523 2792 llaec
3547 2738 3712 2791 enim

2111 2832 2296 2889 omnia
2321 2831 2563 2888 indicant
2591 2841 2831 2888 veterem
2863 2832 3135 2887 hominem
3164 2829 3341 2886 adhuc
3356 2831 3571 2900 vigere,
3608 2844 3712 2885 ne-

2111 2943 2218 2998 que
2243 2940 2364 2982 esse
2396 2927 2487 2997 qui
2519 2925 2667 2981 illum
2699 2935 2991 2997 expugnet,
3016 2940 3311 2995 verumque
3338 2934 3389 2980 et
3423 2923 3537 2980 Deo
3567 2940 3711 2994 gn-

2113 3032 2225 3077 tum
2278 3020 2480 3076 luctum
2532 3019 2912 3089 amplectatur.
2969 3018 3256 3089 Aperiendi
3316 3024 3441 3073 sunt
3492 3019 3713 3075 mentis

2111 3114 2277 3181 oculi,
2303 3123 2360 3168 ut
2392 3129 2491 3169 nos
2516 3114 2613 3184 ipsi
2639 3127 3053 3183 cognoscamus,
3087 3111 3431 3179 sciamusque
3456 3108 3560 3165 Dei
3598 3110 3707 3165 ini.

423 3218 513 3263 tus
543 3206 903 3273 tabernaculi,
960 3218 1017 3262 ut
1045 3206 1274 3264 coiioces
1311 3216 1365 3264 et
1417 3208 1694 3287 custodias
1729 3207 1861 3263 illud
1912 3222 2002 3262 se-
2032 3212 2075 3271 (ζ
2110 3208 2311 3263 micum
2334 3208 2615 3270 constitui,
2639 3207 2730 3277 qui
2754 3208 3030 3277 propriam
3058 3204 3305 3275 sequitur
3330 3202 3710 3257 voluntatem.

420 3300 659 3355 cundum
716 3299 1043 3356 voluntatem
1100 3301 1194 3356 Dei
1254 3300 1432 3372 (parta
1484 3299 1739 3355 nimirum
1771 3299 1869 3354 tibi
1909 3314 2008 3369 per

422 3394 593 3450 Deum
616 3402 699 3448 est
728 3392 1002 3464 victoria);
1036 3403 1090 3447 et
1116 3394 1234 3465 ipse
1264 3394 1675 3449 tabernaculum
1703 3393 2007 3449 obumbra-

420 3485 522 3550 bit,
555 3485 681 3555 quia
707 3486 822 3554 ipse
847 3484 1149 3553 est,etipse
1190 3485 1469 3556 przecedit,
1511 3496 1561 3541 et
1583 3496 1741 3556 parat
1766 3487 1855 3543 ubi
1873 3503 2006 3542 con-

420 3576 685 3631 stituatur
712 3572 846 3647 (lb’).
876 3574 987 3629 Nisi
1011 3575 1155 3630 enim
1181 3576 1459 3645 praecipiat
1504 3576 1618 3645 ipse
1647 3592 1753 3647 quo
1786 3578 1839 3632 in
1886 3576 2007 3634 loco

423 3671 498 3726 sit
523 3670 919 3734 collocandum,
952 3685 1055 3725 non
1097 3680 1275 3740 potest
1308 3670 1633 3735 consistere,
1670 3680 1728 3725 ut
1758 3670 1835 3725 ait
1856 3668 2007 3725 Scri-

421 3772 602 3832 ptura.
627 3762 875 3833 Magnum
900 3763 1011 3832 jam
1050 3771 1133 3818 est
1183 3762 1507 3833 periculum,
1549 3764 1721 3819 donec
1752 3764 1918 3820 homo
1947 3777 2007 3818 se

421 3858 599 3928 ipsum
645 3856 874 3922 noverit,
920 3865 975 3910 et
1016 3855 1171 3927 plane
1228 3857 1367 3911 sciat
1405 3857 1457 3911 in
1503 3871 1563 3912 se
1616 3872 1721 3911 non
1771 3871 1910 3920 esse,
1950 3865 2007 3911 ut

421 3948 492 4003 ab
526 3948 994 4018 interpellantibus
1024 3957 1079 4003 et
1108 3949 1174 4002 ad
1214 3948 1556 4003 iracundiam
1592 3948 1998 4020 impellentibus

421 4041 701 4096 liberetur.
722 4040 945 4111 Oportet
971 4042 1136 4112 igitur
1167 4051 1225 4095 ut
1268 4058 1388 4096 cum
1446 4044 1644 4098 timore
1674 4047 1740 4097 ad
1770 4043 1889 4113 ejus
1912 4043 2007 4098 be-

421 4133 742 4202 nignitatem
802 4133 1197 4204 confugiamus,
1247 4134 1574 4203 assidueque
1623 4136 1885 4189 memoria
1914 4150 2003 4190 re-

421 4237 672 4298 petamus
725 4225 894 4295 ipsius
954 4226 1237 4289 beueﬁeia,
1266 4235 1318 4280 et
1362 4235 1607 4280 sanctam
1636 4226 1997 4281 humilitatem

418 4318 829 4389 amplectamur,
862 4334 984 4390 qua:
1018 4319 1164 4375 nullo
1207 4335 1444 4391 unquam
1492 4330 1734 4390 tempore
1762 4322 2005 4377 discedat

418 4428 449 4468 a
484 4413 648 4469 corde
680 4423 887 4477 nostro,
917 4428 1037 4482 quae
1090 4422 1309 4483 peccata
1364 4422 1550 4469 nostra
1590 4414 1747 4469 nobis
1787 4428 2005 4483 semper

418 4516 545 4561 ante
578 4505 766 4561 oculos
805 4515 1091 4575 proponat,
1115 4515 1169 4559 et
1198 4508 1361 4571 bona,
1383 4506 1427 4561 si
1448 4522 1567 4577 quae
1589 4507 1642 4561 in
1667 4507 1823 4562 nobis
1846 4517 1996 4573 sunt,

416 4607 619 4663 servet,
652 4607 705 4653 et
736 4599 803 4653 ad
839 4597 1001 4653 ﬁnem
1026 4613 1198 4670 usque
1229 4608 1465 4667 tueatur,
1501 4600 1773 4670 faciatque
1805 4614 1872 4655 ne
1901 4616 1999 4656 no-

416 4692 501 4749 bis
524 4691 623 4764 ipsi
646 4692 1003 4749 conﬁdamus.

488 4786 574 4844 ΙΙΙ.
612 4786 879 4842 Caeterum
910 4786 1001 4857 qui
1038 4787 1343 4858 proximum
1372 4787 1598 4858 judical,
1647 4796 1704 4842 et
1738 4787 1997 4843 irascitur
2031 4779 2034 4782 ’

414 4880 571 4937 fratri
610 4896 729 4948 suo,
761 4895 995 4952 eumque
1024 4881 1326 4937 contemnit
1363 4896 1427 4935 ac
1457 4883 1709 4951 deSpicit,
1762 4891 1851 4936 aut
1883 4884 1994 4938 ira-

411 4978 591 5036 cunde
623 4977 805 5043 docet,
845 4984 939 5030 aut
968 4975 1203 5044 cuipiam
1238 4974 1501 5040 detrahit,
1556 4992 1583 5031 a
1622 4977 1996 5032 misericordia

411 5087 518 5142 qua
570 5068 747 5125 sancti
790 5078 919 5124 sunt
967 5067 1212 5139 praediti,
1248 5067 1454 5124 alienus
1490 5081 1606 5135 est,
1654 5082 1709 5124 et
1762 5070 1829 5125 ab
1876 5070 1996 5127 aliis

413 5161 795 5232 prmstantibus
817 5159 1132 5215 virtutibus.
1154 5159 1429 5231 Ejusmodi
1457 5161 1603 5217 enim
1629 5161 1757 5217 vitia
1782 5164 1996 5219 labores

412 5255 692 5310 hominum
738 5255 996 5326 perdunt,
1042 5264 1100 5311 et
1146 5255 1355 5311 fructus
1400 5256 1570 5312 bonos
1596 5259 1896 5313 excutiunt.
1937 5259 1997 5315 Si

411 5347 537 5417 quis
562 5358 783 5418 peccata
828 5364 923 5403 sua
956 5347 1140 5419 lugere
1181 5363 1240 5405 se
1270 5350 1419 5414 dicit,
1454 5366 1629 5422 neque
1655 5354 1723 5408 ab
1761 5353 1866 5408 illis
1902 5369 1990 5408 rc-

412 5437 583 5503 cedit,
618 5438 666 5493 is
695 5453 756 5495 se
790 5439 965 5509 ipsum
995 5439 1217 5510 decipit.
1247 5440 1350 5507 Qui
1390 5444 1457 5495 ad
1486 5444 1725 5512 quietem
1762 5445 1992 5513 aspirat,

410 5543 591 5599 neque
657 5530 921 5589 sollicitus
965 5542 1083 5600 est,
1115 5544 1175 5587 ut
1216 5534 1380 5589 animi
1423 5536 1582 5603 pellat
1625 5538 1992 5606 aegritudines,

410 5637 599 5681 aecus
626 5637 733 5694 est,
773 5635 828 5682 et
859 5636 1058 5684 sanctae
1090 5631 1344 5685 virtutum
1372 5629 1745 5687 aediﬁcationis
1778 5632 1995 5703 imperi-

412 5728 519 5776 tus.
550 5720 673 5789 Qui,
707 5721 1015 5794 posthabita
1060 5733 1409 5795 peccatorum
1443 5739 1663 5780 suorum
1693 5727 1992 5793 curatione,

2111 3300 2167 3355 Si
2216 3300 2540 3357 custodieris
2571 3299 2825 3354 mandata
2858 3296 2975 3364 Dei,
3019 3307 3072 3353 et
3108 3312 3173 3352 ex
3206 3296 3375 3367 ipsius
3407 3294 3713 3351 voluntate

2112 3396 2377 3453 direxeris
2420 3409 2584 3462 opera
2636 3402 2765 3459 tua,
2814 3404 2869 3449 et
2914 3391 3370 3449 animadverteris
3414 3388 3710 3458 maiestati

2110 3491 2227 3560 ejus
2258 3505 2356 3560 per
2402 3499 2452 3545 te
2483 3490 2697 3558 placere
2730 3502 2839 3543 non
2870 3502 3052 3559 posse,
3084 3497 3139 3542 et
3165 3495 3386 3556 peccata
3416 3494 3515 3540 tua
3548 3498 3710 3539 sem-

2111 3598 2206 3653 per
2236 3591 2363 3638 aute
2402 3579 2591 3636 oculos
2633 3578 2911 3645 habueris,
2944 3576 3189 3633 invenies
3221 3572 3711 3645 propugnaculum

2108 3677 2414 3746 Oppositum
2441 3670 2753 3729 adversario
2785 3681 2897 3736 tuo,
2924 3669 3016 3740 qui
3041 3676 3095 3723 te
3125 3675 3349 3723 conatur
3377 3678 3471 3734 per
3499 3680 3711 3735 super-

2112 3768 2258 3823 biam
2288 3782 2394 3837 qua
2440 3766 2533 3821 tibi
2560 3764 2741 3833 justus
2767 3760 3024 3825 videaris,
3056 3773 3392 3832 expugnare;
3423 3767 3481 3813 et
3514 3758 3709 3813 aediﬁ-

2110 3863 2254 3917 cium
2284 3859 2429 3931 quod
2474 3857 2705 3914 exstruit
2736 3855 3073 3925 poenitentiae
3100 3854 3277 3909 luctus
3309 3852 3709 3909 conservabis.

2112 3955 2262 4011 'l'nnc
2293 3965 2343 4010 te
2376 3952 2468 4008 tibi
2500 3962 2684 4007 notum
2714 3965 2836 4017 esse
2869 3949 3159 4020 intelliges,
3193 3958 3247 4004 ct
3278 3948 3364 4002 nbi
3392 3947 3488 4007 sis,
3512 3956 3572 3999 et
3602 3962 3711 4001 cor

2113 4058 2263 4104 ttntm
2292 4058 2546 4117 tanquam
2564 4045 2787 4101 victoria
2815 4054 2967 4115 parta
2993 4059 3097 4098 non
3121 4040 3424 4098 extolletur.
3445 4039 3707 4106 Etenim,

2110 4146 2216 4198 nisi
2255 4143 2415 4197 homo
2444 4143 2497 4196 in
2538 4138 2741 4209 judicio
2776 4136 3104 4203 constiterit,
3140 4144 3195 4190 et
3234 4133 3559 4190 sententiam
3598 4148 3709 4187 au-

2112 4234 2414 4298 diverit,et
2448 4233 2623 4287 locum
2668 4245 2824 4286 suum
2874 4229 3105 4293 noverit,
3158 4229 3299 4282 scire
3346 4240 3451 4280 non
3483 4233 3704 4294 potest,

2110 4336 2288 4383 utrum
2342 4324 2452 4382 Deo
2506 4324 2745 4400 placeat,
2787 4337 2970 4378 necne.
3033 4320 3193 4375 Dolor
3245 4318 3334 4389 qui
3389 4325 3703 4372 secundum

2112 4423 2284 4478 Deum
2310 4437 2406 4476 cor
2429 4421 2639 4491 pungit,
2671 4433 2865 4474 sensus
2886 4417 2939 4471 in
2966 4413 3141 4470 ofﬁcio
3172 4421 3347 4483 potest
3380 4411 3700 4477 continere,

2108 4526 2162 4570 et
2222 4515 2492 4570 sobrietas
2554 4522 2789 4567 mentem
2861 4510 3129 4577 integram
3183 4518 3525 4560 conservare.
3587 4503 3701 4559 Sed

2086 4594 2268 4664 homo
2311 4608 2413 4663 sibi
2456 4608 2570 4677 ipse
2600 4619 2705 4663 non
2747 4602 2905 4658 debet
2954 4615 3188 4670 unquam
3226 4597 3540 4661 conﬁdere,
3580 4597 3696 4651 imo

2111 4701 2299 4755 taudin
2334 4699 2601 4754 sollicitus
2624 4711 2767 4761 esse,
2790 4695 2922 4749 dum
2952 4702 3036 4747 est
3063 4692 3116 4745 in
3143 4704 3390 4761 corpore.
3418 4688 3570 4744 Beati
3602 4690 3696 4757 qui

2106 4796 2221 4849 suis
2270 4808 2550 4863 nunquam
2597 4790 2854 4860 operibus
2889 4788 3084 4851 fidunt,
3121 4786 3214 4841 sed
3246 4798 3459 4854 semper
3504 4784 3695 4852 pavidi

2111 4886 2219 4940 Deo
2246 4903 2354 4940 non
2380 4886 2581 4940 audent
2600 4896 2914 4949 occurrere,
2941 4890 2995 4935 et
3017 4882 3233 4950 cognita
3262 4878 3379 4948 ejus
3402 4877 3697 4948 majestate

2107 4990 2163 5035 et
2198 4979 2411 5054 propria
2450 4977 2785 5042 inﬁrmitate,
2819 4974 3082 5029 voluntati
3124 4972 3265 5042 ejus,
3302 4982 3362 5027 ut
3393 4972 3507 5041 ipse
3549 4974 3693 5037 vult,

2109 5075 2331 5129 student
2357 5074 2763 5142 obtemperare,
2798 5077 2962 5140 atque
2997 5070 3068 5123 ita
3110 5083 3169 5124 se
3214 5068 3361 5138 ipsos
3401 5067 3611 5137 lugent,
3641 5079 3696 5122 et

2106 5174 2335 5222 caeteros
2370 5178 2473 5222 non
2509 5162 2777 5233 judicent,
2814 5163 2909 5217 sed
2939 5162 3048 5217 Deo
3074 5160 3313 5219 omnium
3346 5158 3517 5229 judiei
3543 5160 3695 5229 judi-

2104 5259 2247 5315 cium
2280 5257 2679 5327 derelinquunt.

2176 5353 2242 5407 ν.
2279 5352 2414 5408 Cum
2456 5352 2578 5421 quis
2611 5365 2672 5407 se
2706 5351 2879 5422 ipsum
2927 5350 3038 5406 Deo
3074 5359 3248 5404 totum
3286 5347 3578 5408 addixerit.
3636 5356 3691 5400 et

2104 5464 2167 5503 ex
2199 5448 2478 5503 voluntate
2501 5448 2619 5516 ejus
2652 5444 2927 5514 perfectus
2950 5444 3270 5511 decesserit,
3303 5451 3431 5497 tunc
3463 5443 3515 5496 in
3546 5442 3690 5496 libro

2105 5541 2401 5596 viventium
2429 5556 2489 5596 se
2526 5540 2790 5609 scriptum
2824 5538 3085 5605 inveniet,
3111 5547 3166 5593 et
3197 5534 3371 5608 angeli
3401 5535 3685 5590 testatum-

2109 5643 2196 5688 tur
2244 5649 2368 5689 cum
2414 5632 2653 5689 sinistra:
2706 5632 2986 5701 principes
3024 5629 3287 5686 evasisse.
3330 5625 3485 5681 Tunc
3545 5625 3688 5680 inter

2110 5727 2298 5785 beatos
2342 5727 2567 5799 spiritus
2607 5726 2888 5783 consistet.
2920 5726 2991 5783 At
3020 5725 3146 5782 dum
3181 5722 3322 5795 viget
3359 5720 3593 5787 δειιιιω.
3633 5716 3688 5774 il

483 5878 597 5953 (l6)
640 5878 825 5938 Paret.
862 5883 1036 5943 Malim
1092 5887 1332 5943 imurrat.
1359 5885 1770 5945 Rcstitutioncnt
1798 5889 2007 5956 suadet,
2043 5890 2183 5960 quod
2218 5907 2337 5947 mox
2378 5890 2624 5962 sequitur
2658 5886 2948 5957 vrtrcipt'a!.
