3862 6356
211 362 376 428 11⁸13

1281 364 1338 420 S.
1383 361 1586 418 iSAItE
1626 357 1919 418 ABBATIS
1953 355 2374 418 ORATIONES.

3358 361 3381 416 ί
3397 357 3504 418 174

211 482 427 540 timore
481 491 728 538 versatur
767 482 965 549 homo;
1017 490 1072 538 et
1118 497 1161 538 ει
1201 483 1362 540 hodie
1402 485 1590 551 vincit,
1636 485 1812 541 nescit
1843 493 1885 550 Α
1913 482 2186 542 concidat.
2217 483 2463 539 Charitas
2487 495 2618 540 vero
2649 497 2916 552 nunquam
2949 479 3166 549 excidit,
3187 481 3283 539 sed
3316 482 3506 539 omnia-

217 583 414 631 utrum
465 592 588 632 cras
624 576 866 632 victurus
913 576 1017 643 sit;
1061 577 1281 647 ancipiti
1332 578 1474 632 enint
1517 579 1812 635 certamine

221 685 327 723 cor
375 680 462 724 est
503 684 849 740 suspensum.
890 669 959 723 At
989 669 1080 740 qui
1119 670 1228 739 jam
1264 669 1506 724 bravium
1547 671 1808 741 percepit,

223 761 561 831 tranquillus
592 770 697 825 est,
736 776 836 815 nec
865 761 1082 825 metuit,
1111 776 1365 828 quorsum
1402 771 1511 818 tres
1543 762 1648 817 illa:
1685 779 1810 833 par-

227 859 312 904 tes
362 853 610 915 tendant,
651 866 771 920 qna:
805 850 914 920 jam
945 849 996 904 in
1039 850 1149 905 Deo
1185 867 1304 905 cum
1340 867 1472 921 pace
1509 854 1812 920 conjunctae

223 951 376 1000 sunt.
425 941 608 994 anima
660 941 941 1006 nimirum,
984 952 1041 997 et
1094 957 1314 1011 corpns,
1368 954 1422 998 et
1464 944 1706 1014 spiritus,
1754 953 1814 998 ut

221 1034 306 1086 ait
357 1031 650 1103 Apostolus
690 1034 757 1086 ".
805 1032 944 1088 Cum
976 1033 1121 1088 cnim
1167 1035 1281 1090 haec
1325 1034 1428 1089 tria
1472 1051 1570 1106 per
1613 1051 1809 1105 opera-

228 1124 444 1179 tionem
485 1123 726 1193 Spiritus
767 1123 943 1179 sancti
975 1141 1138 1204 unum
1178 1125 1398 1195 fuerint,
1453 1126 1683 1196 amplius
1723 1142 1810 1183 se-

217 1213 375 1285 iungi
409 1223 706 1285 nequeunt.
733 1215 970 1272 Christus
1001 1218 1145 1272 enim
1173 1230 1412 1273 mortuus
1440 1229 1534 1284 est,
1558 1229 1604 1272 et
1636 1236 1811 1275 resur-

223 1312 389 1371 rexit,
429 1319 477 1362 et
506 1307 736 1378 amplius
788 1326 890 1364 non
931 1311 1186 1378 moritur;
1229 1329 1369 1367 mors
1403 1314 1483 1367 illi
1531 1316 1674 1369 ultra
1708 1332 1810 1370 non

219 1398 687 1467 dominabitur”;
714 1414 834 1454 nam
868 1415 1014 1456 mors
1044 1401 1160 1472 ejus
1189 1403 1336 1458 salus
1359 1405 1514 1459 nobis
1540 1405 1679 1460 facta
1703 1414 1806 1462 est.

220 1488 288 1544 Et
335 1505 434 1558 per
463 1497 694 1545 ntortem
719 1487 836 1556 ejus
860 1500 1141 1560 peccatum
1184 1492 1416 1548 deletum
1449 1503 1536 1549 est
1573 1495 1623 1548 in
1665 1509 1793 1564 per-

217 1589 479 1648 petuunt.
519 1577 586 1633 Et
614 1583 941 1636 resurrectio
973 1583 1140 1652 ipsius
1168 1585 1273 1639 vita
1302 1585 1440 1640 facta
1470 1594 1553 1642 est
1582 1587 1811 1642 creden—

218 1671 376 1725 tibus
419 1670 470 1725 itt
502 1687 648 1737 cum,
683 1682 742 1726 nt
777 1674 828 1728 in
862 1675 968 1729 Deo
1008 1676 1216 1742 vivant,
1245 1675 1546 1746 etjnstitite
1574 1677 1809 1732 fructum

215 1761 483 1818 ,σει-ειη.
523 1761 604 1818 Ne
645 1764 839 1820 vicisse
880 1775 931 1820 te
960 1777 1136 1837 putes,
1175 1767 1300 1822 dum
1347 1783 1573 1838 pugnas.
1607 1767 1810 1824 Militia

1913 586 2109 647 sperat,
2141 588 2188 632 et
2221 578 2408 644 credit,
2437 587 2486 633 et
2516 576 2739 632 sustinet
2770 576 2837 634 ’⁸.

1985 666 2092 723 VII.
2135 668 2178 724 Ο
2209 683 2370 738 quam
2399 667 2668 724 laboriosa
2695 675 2777 731 est
2806 667 2890 722 via
2921 665 3016 722 Dei
3043 667 3057 720 l
3082 665 3320 737 Angusta
3346 664 3501 719 enim.

1912 768 2010 823 est,
2045 769 2098 813 ut
2132 759 2247 828 ipse
2279 760 2373 823 ait,
2404 768 2580 830 porta,
2610 762 2840 815 et'arcta
2876 767 2950 814 est
2979 759 3062 814 via
3093 775 3209 828 quis
3243 759 3390 811 ducit
3424 757 3496 811 ad

1913 851 2092 916 vitam,
2128 859 2176 904 et
2232 852 2392 919 pauci
2421 861 2564 918 sunt,
2593 852 2682 920 qui
2720 851 2988 906 inveniunt
3016 868 3131 905 eam
3159 851 3226 904 ”.
3260 849 3370 904 Nos
3397 865 3494 904 an-

1913 949 2020 995 tem
2050 943 2249 999 inertes
2272 952 2327 998 ct
2353 943 2530 1005 ignavi
2556 951 2613 998 et
2641 942 3003 1013 voluptatibus
3032 942 3220 1007 dediti,
3253 941 3490 1011 quietem

1913 1034 1965 1088 in
2000 1051 2063 1089 eo
2089 1035 2252 1090 sitam
2289 1036 2559 1100 ducimus,
2595 1037 2734 1106 quod
2778 1037 2967 1107 jugum
3005 1036 3148 1090 illius
3180 1051 3284 1089 non
3311 1044 3490 1104 gesta-

1913 1143 2032 1181 mus
2062 1129 2154 1198 qui
2205 1129 2339 1184 dixit
2370 1149 2382 1184 :
2425 1128 2612 1184 Tollite
2639 1130 2831 1200 jugum
2878 1145 3048 1183 meum
3093 1144 3248 1198 super
3285 1144 3404 1191 vos,
3435 1135 3488 1181 et

1912 1219 2095 1274 discite
2125 1238 2278 1286 ante,
2319 1224 2443 1292 quia
2465 1222 2611 1276 mitis
2653 1237 2770 1275 sum
2793 1230 2839 1275 et
2877 1219 3092 1274 humilis
3115 1219 3294 1283 corde,
3325 1227 3372 1272 et
3409 1218 3491 1272 in-

1911 1312 2122 1364 venietis
2147 1312 2375 1380 requiem
2397 1313 2676 1365 animabus
2700 1311 2905 1365 vestris.
2932 1308 3132 1378 Jugunt
3151 1311 3290 1364 enim
3315 1324 3492 1362 meum.

1911 1418 2070 1458 suave
2100 1414 2196 1469 est,
2229 1413 2277 1458 et
2309 1420 2442 1458 onus
2477 1421 2648 1457 meum
2679 1404 2784 1457 lere
2819 1404 2887 1456 ⁸ο.
2911 1402 3043 1470 Quis
3082 1402 3303 1471 sapiens
3326 1415 3390 1456 ac
3423 1401 3493 1455 ti-

1913 1509 2068 1550 mens
2087 1493 2251 1550 Deum
2278 1510 2382 1549 non
2403 1493 2654 1549 omnibus
2676 1493 2882 1549 viribus
2904 1494 3204 1559 contendit,
3229 1501 3290 1546 ιιι
3310 1492 3496 1548 divina

1913 1586 2164 1640 mandata
2196 1586 2483 1650 custodiat,
2517 1595 2573 1641 et
2609 1595 2785 1640 tamen
2823 1601 2944 1640 cum
2978 1587 3159 1640 omnia
3192 1584 3402 1652 lecerit,
3433 1599 3495 1640 se

1913 1679 2189 1750 indignum
2223 1679 2490 1749 agnoscit,
2535 1678 2631 1748 qui
2657 1677 2748 1733 Dei
2784 1692 2980 1733 nomen
3022 1678 3280 1733 invocet?
3309 1677 3492 1733 Domi:

1914 1787 2017 1826 nus
2065 1781 2248 1827 noster
2297 1770 2456 1827 Iesus
2485 1772 2741 1828 Christus
2785 1780 3002 1840 propter
3039 1785 3138 1825 nos
3188 1769 3364 1825 iactus
3410 1777 3499 1824 est

214 1856 375 1909 enim
405 1865 482 1910 est
515 1857 619 1911 vita
663 1857 888 1913 hominis
924 1875 1083 1927 super
1112 1870 1309 1914 terram
1355 1860 1420 1915 “.
1457 1859 1582 1916 Sive
1623 1861 1804 1928 vigile-
1842 1861 1886 1917 Β
1913 1859 2096 1928 homo,
2125 1871 2184 1916 ut
2208 1861 2562 1932 aegritudines
2589 1870 2805 1916 nostras
2826 1869 3066 1926 curaret,
3099 1869 3159 1914 ut
3196 1858 3496 1914 secundum

217 1960 375 2010 suns,
407 1946 524 2002 sive
565 1948 917 2013 dormiamus,
965 1964 1069 2004 non
1109 1959 1286 2005 cessat
1323 1964 1423 2006 nos
1469 1951 1813 2008 adversarius

216 2051 568 2107 oppugnare.
619 2037 720 2106 Qui
765 2039 818 2093 in
856 2040 1032 2096 stadio
1077 2051 1298 2113 pugnat,
1339 2044 1384 2099 si
1424 2043 1660 2113 prudens
1705 2051 1809 2109 est,

215 2139 357 2183 ante
413 2129 696 2185 victoriam
752 2132 1080 2200 praeconium
1134 2149 1240 2188 non
1284 2140 1448 2190 canit.
1498 2134 1814 2205 Imprudens

214 2229 438 2284 autem,
469 2229 522 2276 et
553 2221 600 2276 si
632 2221 802 2287 cadit,
843 2231 1018 2278 tamen
1053 2224 1351 2289 extollitur,
1379 2236 1433 2280 et
1467 2239 1524 2280 se
1554 2227 1812 2282 victorem

214 2312 551 2369 existimat.
583 2313 793 2371 Idcirco
847 2315 1142 2381 Dominus,
1184 2333 1308 2373 cum
1355 2320 1649 2390 discipulos
1685 2335 1814 2376 suos

223 2404 478 2460 mitteret
509 2403 576 2460 ad
607 2405 1006 2475 praedicandum
1041 2424 1055 2462 :
1091 2407 1391 2474 Neminem,
1428 2410 1622 2480 inquit,
1649 2413 1705 2467 in
1731 2413 1813 2466 via

217 2495 710 2560 salutarerilisgin
737 2498 950 2552 domum
990 2509 1164 2554 autem
1200 2517 1317 2554 cum
1353 2503 1698 2568 intrauerilis,
1729 2521 1815 2559 sa-

218 2586 439 2652 lutate;
478 2598 524 2642 et
561 2589 609 2642 si
653 2589 726 2643 ibi
762 2589 919 2658 fuerit
952 2590 1100 2661 ﬁlius
1138 2594 1304 2660 pacis,
1344 2595 1486 2664 apud
1538 2611 1656 2650 eum
1696 2614 1813 2650 ma-

219 2689 348 2736 nete
379 2681 446 2736 ".
479 2680 544 2735 Et
579 2681 804 2740 Elisteus
835 2685 902 2738 ad
933 2684 1259 2752 Giezi,.cum
1294 2703 1415 2742 enm
1448 2687 1716 2745 mitteret:
1752 2689 1815 2745 Si

219 2775 546 2839 occurrerit,
585 2775 778 2846 inquit,
819 2774 1133 2844 tib'i/tomo,
1177 2795 1240 2833 ne
1273 2781 1468 2834 salutes
1501 2797 1658 2848 eum;
1692 2793 1738 2836 et
1769 2784 1814 2837 si

217 2868 535 2923 salutaverit
567 2879 618 2922 te
654 2870 938 2940 quispiam,
979 2886 1041 2922 ne
1076 2872 1392 2939 respondeas
1425 2873 1505 2926 illi
1533 2873 1597 2928 ".
1629 2872 1815 2945 Neque

221 2971 414 3016 tamen
449 2958 600 3016 Giczi
633 2975 860 3030 puerum
889 2961 1193 3021 suscitavit.
1227 2962 1294 3016 At
1320 2980 1440 3018 cum
1476 2966 1710 3021 venisset
1736 2967 1812 3020 vir

221 3053 358 3118 Dei,
395 3053 530 3108 vidit
575 3068 800 3122 puerum
841 3051 1116 3122 iacentem
1153 3053 1207 3108 in
1258 3053 1472 3117 lectulo,
1517 3069 1572 3112 et
1619 3059 1815 3115 clausit

220 3148 432 3202 ostium
481 3161 645 3216 super
681 3160 761 3212 se,
793 3153 845 3201 et
893 3159 1056 3215 super
1089 3145 1273 3211 illum,
1308 3157 1364 3202 et
1417 3165 1538 3203 cum
1588 3152 1814 3222 singulis

1911 1954 2198 2022 spiritum,
2253 1969 2359 2010 non
2392 1954 2690 2010 secundum
2743 1967 2962 2008 carnem
3016 1951 3395 2015 ambulemus,
3440 1961 3496 2006 et

1914 2041 2096 2098 Patris
2127 2043 2452 2098 voluntatem
2490 2042 2646 2098 nobis
2675 2041 2948 2112 patefecit.
2981 2041 3049 2096 Ει
3079 2041 3359 2111 discipulis
3380 2041 3496 2096 suis

1912 2132 2048 2189 dixit
2082 2153 2096 2189 :
2136 2132 2267 2189 Cum
2299 2134 2528 2204 feceritis
2565 2139 2744 2188 omnia
2773 2150 2892 2202 qua:
2925 2134 3174 2202 praecipio
3205 2135 3366 2199 vobis,
3407 2133 3494 2186 di-

1913 2223 2012 2278 cite
2034 2236 2054 2276 :
2083 2223 2234 2279 Servi
2265 2224 2482 2279 inutiles
2506 2239 2726 2289 sumus;
2763 2224 2948 2278 etenim
2976 2223 3114 2296 quod
3131 2223 3373 2278 debemus
3408 2221 3496 2292 fa-

1914 2328 2048 2377 cere,
2094 2314 2314 2382 fecimus
2346 2315 2413 2369 ³¹.
2463 2314 2520 2371 Si
2548 2316 2670 2385 quis
2710 2315 2952 2386 viperam
2993 2324 3088 2369 aut
3127 2315 3494 2384 scorpionem,

1915 2414 2008 2457 aut
2037 2403 2238 2474 aliquid
2263 2405 2407 2460 aliud
2443 2406 2759 2476 pestiferum
2789 2404 3004 2470 viderit,
3044 2405 3236 2460 timore
3268 2414 3484 2474 perter—

1926 2496 2064 2550 ritus
2094 2496 2228 2568 fugit
2259 2514 2272 2552 :
2310 2507 2365 2554 et
2393 2499 2706 2568 imprudens
2734 2508 2896 2570 atque
2926 2497 3106 2554 infelix
3133 2497 3334 2562 anima,
3367 2511 3489 2552 cum

1917 2587 2194 2644 mortifera
2236 2599 2442 2656 cernat,
2478 2607 2582 2648 non
2616 2591 2753 2661 fugit
2792 2606 2964 2662 neque
2993 2591 3220 2657 recedit,
3252 2589 3347 2646 sed
3383 2603 3481 2644 au-

1917 2683 2103 2736 dacter
2127 2697 2246 2736 cum
2275 2682 2380 2738 illis
2408 2694 2678 2740 versatur.
2708 2683 2832 2740 Ideo
2852 2683 3082 2750 sterilis,
3098 2693 3151 2738 et
3171 2682 3289 2738 sine
3314 2680 3491 2741 fructu

1919 2783 2129 2843 tempus
2159 2789 2318 2830 omne
2343 2776 2632 2831 consumit.

2459 2869 2718 2927 ORATIO
2755 2868 2948 2924 XXIV.

2015 3031 2029 3047 χ
2455 2962 2528 3017 De
2557 2963 2964 3032 tranquillitate.

1998 3055 2052 3108 In
2093 3056 2355 3110 virtutum
2393 3054 2481 3109 via
2510 3064 2593 3110 est
2627 3054 2832 3124 lapsus,
2862 3063 2990 3110 sunt
3019 3054 3243 3120 inimici,
3271 3063 3358 3111 est
3386 3070 3500 3109 tmt-

1923 3146 2094 3209 tatio,
2146 3156 2230 3202 est
2263 3147 2450 3214 cupia,
2483 3155 2568 3200 est
2612 3147 2981 3209 mediocritas,
3020 3155 3105 3202 est
3151 3145 3362 3216 inopia,
3409 3153 3496 3201 est.

220 3238 482 3294 sensibus
525 3238 808 3308 pugnavit,
853 3237 1298 3308 descendensque
1352 3239 1403 3292 in
1448 3240 1608 3295 domo
1649 3243 1816 3298 semel
1844 3234 1886 3293 G
1923 3239 2203 3304 mmstitia,
2246 3249 2328 3295 est
2357 3240 2630 3309 gaudium,
2660 3249 2743 3293 est
2769 3240 2933 3293 animi
2967 3238 3118 3295 labor
3144 3249 3200 3296 et
3221 3239 3490 3307 angustia,

221 3330 336 3386 bne
367 3340 530 3400 atque
565 3330 690 3385 illuc
719 3329 1106 3395 deambulavit,
1141 3339 1339 3386 etcum
1374 3332 1634 3387 calefacta
1670 3345 1816 3390 esset

220 3439 360 3477 caro
386 3423 562 3492 pueri,
603 3439 701 3494 per
730 3423 1065 3480 voluntatem
1103 3422 1339 3494 Spiritus
1368 3423 1460 3481 Dei
1490 3427 1659 3497 aperti
1689 3437 1816 3484 sunt

220 3513 369 3569 oculi
399 3512 538 3580 eius.

303 3604 392 3661 VI.
436 3605 574 3674 Quid
607 3606 850 3662 dicemus
883 3623 984 3664 nos
1017 3609 1221 3674 miseri,
1259 3610 1349 3681 qui
1382 3610 1606 3680 gloriam
1632 3613 1814 3666 mutuli

224 3698 514 3770 diligimus
548 3700 723 3770 magis
764 3716 929 3769 quam
975 3701 1202 3771 gloriam
1236 3701 1370 3758 Dei?
1409 3704 1510 3770 Qui
1547 3719 1647 3759 nec
1680 3719 1816 3774 quo-

226 3794 394 3849 modo
436 3795 784 3864 pugnandum
818 3795 911 3860 sit,
947 3803 1040 3848 aut
1085 3795 1152 3849 ad
1193 3797 1435 3864 requiem
1488 3797 1818 3850 contenden-

230 3888 393 3951 dum,
413 3886 842 3952 consideramus,
865 3901 963 3940 nec
986 3886 1079 3942 Dei
1100 3887 1420 3957 patientiam
1446 3887 1814 3960 intelligimus,

229 3981 328 4052 qui
379 3995 502 4034 cum
550 3980 690 4036 bono
723 3980 902 4035 fructu
941 3981 1073 4036 sinit
1116 3981 1330 4036 zizania
1375 3998 1653 4050 crescere;
1717 3999 1818 4040 nec

235 4075 557 4144 priusquam
601 4072 688 4128 ille
747 4074 979 4128 creverit
1016 4073 1395 4145 perfectnsque
1429 4076 1520 4140 sit,
1553 4078 1817 4147 permittit

231 4177 294 4220 ut
329 4167 539 4222 zizania
568 4166 910 4236 colligantur.
943 4166 1008 4221 Et
1029 4165 1176 4222 Giezi
1204 4168 1414 4225 itineris
1441 4185 1658 4225 cursum
1685 4186 1819 4228 con-

231 4261 389 4327 fecit,
417 4260 515 4316 sed
543 4271 723 4315 tamen
755 4276 860 4316 non
898 4261 1071 4332 potuit
1099 4277 1328 4332 puerum
1363 4264 1658 4331 suscitare,
1691 4267 1817 4335 quia

233 4357 430 4412 dilexit
457 4356 685 4428 gloriam
720 4358 996 4414 hominum
1030 4360 1200 4430 magis
1228 4375 1390 4430 quam
1424 4359 1648 4428 gloriam
1697 4361 1815 4416 Dei.

233 4450 390 4506 Beati
423 4451 566 4506 oculi
597 4451 688 4521 qui
719 4465 842 4506 cum
875 4451 1180 4508 humilitate
1207 4453 1272 4507 ad
1303 4453 1468 4506 Deum
1497 4452 1817 4522 respiciunt,

231 4555 292 4600 ct
340 4542 556 4599 solliciti
608 4552 736 4600 sunt
771 4543 1039 4612 quomodo
1073 4553 1264 4600 curent
1311 4543 1532 4598 vulnera
1587 4560 1709 4608 sua,
1763 4554 1818 4600 et

233 4645 459 4708 peccata
508 4635 766 4707 lacrymis
803 4636 1030 4691 abluunt
1077 4651 1141 4692 ac
1180 4637 1392 4692 veniam
1429 4638 1813 4706 deprecantur.

236 4729 334 4784 Vae
376 4727 482 4785 illis
511 4727 604 4799 qui
638 4737 847 4798 tempus
879 4738 1225 4796 consumunt,
1258 4739 1559 4801 putantqne
1597 4745 1656 4786 se
1698 4745 1822 4787 esse

234 4824 360 4879 sine
384 4823 647 4893 peccatis,
677 4830 734 4877 et
760 4823 1038 4893 propriam
1064 4823 1382 4878 conculcant
1405 4822 1822 4888 conscientiam,

237 4933 342 4975 nec
374 4917 564 4972 volunt
594 4915 970 4988 pmnitentiam
1007 4930 1186 4987 agere.
1222 4915 1471 4986 Agricola
1504 4915 1596 4984 qui
1633 4930 1823 4971 semen

237 5024 403 5065 suum
429 5009 588 5079 jacit,
616 5008 724 5064 nisi
761 5007 1049 5079 germinet,
1083 5007 1329 5078 queritur
1363 5008 1505 5077 quod
1545 5015 1824 5076 sumptum

236 5112 296 5158 et
347 5116 568 5172 operam
621 5101 935 5171 perdiderit.
972 5102 1064 5156 Sic
1112 5109 1167 5155 et
1226 5101 1386 5155 homo
1437 5100 1563 5154 licet
1618 5100 1828 5154 noverit

240 5195 501 5264 mysteria
543 5195 746 5260 omnia,
792 5202 845 5249 et
877 5206 1093 5248 omnem
1133 5192 1415 5248 scientiam
1451 5192 1520 5257 ³⁷,
1547 5202 1601 5244 ει
1636 5191 1826 5247 fecerit

240 5288 476 5343 virtutes
508 5289 708 5343 multas
737 5297 791 5343 et
824 5286 1154 5350 curationes,
1189 5285 1464 5355 variisque
1494 5299 1554 5340 se
1574 5282 1824 5338 alllictio-

243 5379 407 5436 nibus
461 5376 744 5443 aﬂecerit,
797 5379 903 5435 nisi
955 5376 1236 5433 charitatis
1287 5376 1501 5430 fructus
1559 5374 1824 5445 aspiciat,

245 5485 448 5541 magno
487 5469 628 5526 allici
669 5471 864 5528 timore
895 5469 1074 5526 debet.
1112 5469 1362 5539 Undique
1399 5467 1545 5523 enim
1578 5465 1824 5521 inimico-

245 5574 372 5616 rum
421 5558 729 5628 fraudibus,
783 5559 997 5619 insidiis
1046 5567 1102 5616 ct
1139 5558 1278 5616 dolis
1331 5567 1712 5629 oppugnatur,
1770 5564 1829 5609 ut

318 5737 369 5771 ⁸⁸
405 5735 427 5792 l
466 5739 658 5795 Thess.
687 5755 741 5801 v,
770 5739 862 5794 25.
929 5741 974 5771 "
1000 5739 1158 5794 noni.
1188 5755 1261 5805 vt,
1287 5736 1340 5791 9.
1417 5737 1461 5768 “
1483 5735 1602 5805 Job
1636 5747 1732 5798 vn,
1761 5733 1812 5788 I.

1921 3339 2002 3384 est
2033 3331 2213 3400 quies,
2237 3341 2318 3386 est
2346 3333 2674 3400 progressio,
2704 3343 2788 3386 est
2812 3333 2914 3386 vis.
2955 3332 3057 3386 lter
3079 3333 3223 3386 enim
3258 3332 3493 3401 agimus,

1917 3425 2087 3478 donec
2129 3423 2195 3478 ad
2236 3426 2476 3492 requiem
2529 3426 2928 3494 perveniamus.
2977 3425 3367 3493 Tranquillitas
3398 3437 3499 3476 au-

1922 3526 2025 3571 tem
2057 3516 2123 3569 ab
2154 3516 2406 3570 omnibus
2427 3525 2505 3570 est
2532 3516 3030 3586 perturbationibus
3055 3532 3242 3579 vacua,
3274 3525 3328 3570 et
3355 3514 3498 3570 nulla

1918 3621 1978 3661 re
2013 3606 2234 3675 indiget.
2273 3605 2368 3660 Est
2393 3609 2538 3661 enim
2579 3608 2630 3660 itt
2659 3608 2785 3672 Deo,
2820 3615 2874 3662 et
2917 3607 3056 3662 Deus
3083 3607 3134 3660 in
3170 3607 3279 3662 illa.
3311 3605 3493 3661 Inimi-

1919 3711 2010 3752 cos
2055 3712 2161 3752 non
2212 3698 2394 3762 habet,
2443 3714 2546 3754 non
2593 3699 2822 3768 lapsum,
2882 3715 2986 3753 non
3036 3698 3494 3765 incredulitatem,

1918 3802 2025 3841 non
2089 3789 2509 3856 perturbationis
2563 3789 2836 3854 laborem,
2889 3806 2993 3845 non
3046 3791 3121 3845 rei
3176 3790 3495 3861 cujusquam

1920 3880 2288 3950 cupiditatem.
2335 3883 2548 3953 Magna:
2584 3883 2816 3952 denique
2865 3894 3030 3952 atque
3074 3882 3502 3939 innumerabiles

1920 3983 2046 4029 sunt
2078 3975 2221 4029 illius
2265 3975 2440 4030 doles.
2489 3976 2570 4031 Ab
2617 3977 2716 4030 hac
2747 3976 2935 4044 procul
2965 3975 3140 4039 abest,
3180 3976 3272 4046 qni
3319 3975 3502 4045 aliqua

1920 4065 2130 4122 laborat
2156 4067 2587 4138 perturbatione.
2634 4067 2757 4124 Haec
2793 4078 2874 4123 est
2915 4069 3004 4123 illa
3039 4068 3306 4133 cbaritas,
3337 4083 3502 4138 quam

1921 4175 2022 4215 nos
2060 4160 2322 4216 Dominus
2367 4158 2528 4217 Jesus
2572 4161 2755 4216 docuit
2803 4161 3059 4216 omnibus
3097 4161 3376 4216 exhibere.
3420 4161 3504 4215 Ad

1923 4252 2062 4306 hanc
2104 4252 2336 4321 imperiti
2376 4253 2621 4306 nonnulli
2667 4258 2859 4321 pnta‘nt
2905 4267 2964 4305 se
2995 4251 3336 4320 pervenisse,
3378 4264 3502 4304 cum

1921 4345 2101 4399 adhuc
2126 4343 2292 4397 animi
2319 4344 2519 4399 morbis
2545 4343 2886 4406 divexentur,
2909 4351 2963 4395 et
2994 4339 3237 4408 corporis
3268 4339 3504 4392 immun-

1921 4436 2054 4489 ditia
2083 4437 2358 4498 sordeam,
2385 4443 2437 4489 et
2470 4435 2539 4490 ab
2565 4435 2711 4488 onmi
2742 4435 2942 4488 virtute
2981 4433 3089 4488 sint
3124 4429 3500 4486 remotissimi.

1926 4527 2198 4598 Ignoscite
2229 4528 2378 4591 mihi,
2415 4541 2598 4597 quasso
2627 4540 2722 4596 per
2752 4524 2919 4580 Deum
2945 4544 2957 4578 :
2998 4524 3082 4580 cui
3115 4523 3286 4593 gloria
3317 4522 3369 4578 in
3401 4537 3505 4578 sat.

1925 4619 2045 4675 culti
2076 4618 2416 4674 sa’culorum.
2449 4623 2644 4674 Amen.

2478 4710 2735 4767 ORATIO
2769 4711 2936 4768 XXV.

2001 4803 2256 4874 Ejusdem
2287 4805 2356 4859 ad
2387 4802 2604 4859 Petrum
2639 4803 2874 4859 abbatem
2903 4801 3218 4872 discipulum
3257 4816 3433 4855 suum.

1995 4895 2034 4950 l.
2078 4895 2230 4963 Quod
2277 4896 2472 4952 scribis
2500 4895 2566 4950 ad
2603 4909 2712 4960 me,
2746 4903 2799 4951 te
2830 4893 2967 4949 velle
2995 4902 3343 4964 peccatorum
3383 4901 3504 4946 tuo--

1925 5007 2044 5046 rum
2086 4991 2460 5060 plenitentiam
2486 5005 2670 5061 agere,
2699 4991 2744 5046 si
2776 4991 2918 5045 Deus
2955 5000 3004 5068 te
3031 4989 3101 5042 ah
3129 4985 3289 5056 hujus
3318 4985 3503 5040 mundi

1926 5084 2293 5141 sollicitudine
2323 5084 2656 5150 liberaverit,
2692 5093 2840 5140 recte
2865 5083 3017 5138 dicis.
3047 5080 3191 5136 Fieri
3213 5079 3355 5134 enim
3390 5090 3498 5131 non

1929 5187 2125 5248 potest,
2159 5187 2216 5232 ut
2249 5193 2402 5232 mens
2439 5179 2619 5233 sreculi
2661 5177 2808 5233 curis
2852 5175 3104 5231 obvoluta
3132 5173 3244 5228 Deo
3274 5170 3504 5227 serviat.

1925 5270 2049 5325 Non
2077 5271 2312 5341 potestis,
2337 5270 2512 5339 inquit
2541 5270 2819 5335 Dominus,
2857 5270 2966 5322 Deo
2999 5267 3196 5322 seruire
3235 5274 3284 5319 et
3325 5277 3497 5317 utam-

1923 5381 2094 5420 mona:
2124 5365 2190 5418 ".
2231 5364 2334 5418 Per
2367 5379 2734 5418 ntammonam
2761 5346 2940 5418 omnia
2969 5361 3153 5416 mundi
3188 5357 3408 5430 negotia
3435 5357 3510 5411 si.

1922 5457 2160 5525 gnilicat.
2187 5455 2318 5524 Quae
2342 5456 2555 5526 quidem
2586 5457 2746 5512 homo
2776 5456 2878 5510 nisi
2907 5454 3209 5524 reliquerit,
3245 5452 3355 5507 Deo
3381 5463 3506 5506 ser-

1927 5553 2041 5607 vire
2076 5567 2179 5608 non
2212 5562 2409 5622 potest.
2446 5552 2537 5608 Dei
2568 5553 2806 5607 servitus
2827 5549 3078 5621 requirit,
3113 5558 3170 5604 ut
3195 5548 3324 5602 dum
3356 5545 3504 5601 illum

1891 5733 1936 5763 "
1979 5730 2105 5784 Luc.
2135 5747 2189 5796 χ,
2226 5729 2292 5792 ι.
2324 5729 2378 5784 5.
2455 5730 2502 5761 ’⁸
2537 5727 2600 5782 IV
2643 5727 2776 5798 Reg.
2809 5742 2880 5786 tv.
2920 5725 3010 5781 29.
3089 5725 3134 5755 "
3167 5720 3349 5798 lgor.
3383 5727 3507 5783 xm,

247 5808 309 5866 ε.
383 5790 431 5844 ’ἱ
469 5790 887 5878 ιἰιῖίιῗε,“²ι.“’ίο
929 5790 1269 5875 Manlii—vn,
1308 5808 1394 5863 tt.
1471 5807 1516 5838 ³ο
1557 5790 1750 5860 Matth.
1798 5819 1874 5869 XI,
1909 5803 2002 5868 29,
2042 5802 2128 5857 sc.
2177 5790 2248 5832 ἰι
2279 5790 2418 5855 ως.
2449 5815 2581 5864 xvn,
2628 5790 2753 5862 tu.‘
2788 5798 2833 5837 ιι
2869 5798 3058 5856 Matth.
3093 5790 3290 5859 mat.
