3862 6358
354 360 495 426 ll'lll

1451 351 1723 421 PATRE‘S
1759 350 2066 419 ECYPTII
2105 354 2378 418 SECULI
2416 350 2506 416 iV.

3474 355 3625 413 H70

353 483 609 551 tulimus,
643 491 703 540 et
742 472 1054 550 adoramus,
1089 487 1146 538 et
1192 494 1504 554 precamur.
1535 490 1591 537 et
1632 481 1941 559 laudamus,
1974 497 2020 556 Α
2049 482 2264 536 lrabttttl
2298 478 2368 535 θ’.
2403 478 2528 536 Vult
2553 493 2684 551 ergo
2715 478 2879 543 Deus,
2908 486 2965 534 ut
2991 480 3059 535 ab
3082 476 3337 533 omnibus
3361 488 3479 545 qua:
3501 477 3625 544 ipso

355 590 534 647 neque
566 574 828 633 malitiam
869 575 922 630 in
959 574 1164 638 animo,
1194 586 1367 644 neque
1393 573 1601 640 odium,
1631 586 1811 644 neque
1843 572 1933 627 in-

358 658 579 737 vidiam,
610 668 786 740 neque
809 660 1020 739 turpem
1046 668 1397 738 cupiditatem
1429 667 1780 723 retineamus.
1808 660 1932 721 liam

357 760 502 815 enim
534 760 716 816 omnia
763 760 980 817 Μίδεω
1014 761 1209 817 animat
1244 760 1499 816 tenebras
1534 756 1840 820 oﬂundunl,
1876 765 1947 812 ut

360 851 471 908 Deo
504 862 654 908 caste
690 852 900 909 servire
932 860 1039 908 non
1086 852 1288 924 possit,
1322 859 1375 907 et
1412 850 1488 906 illi
1523 850 1579 905 in
1621 848 1939 906 abscondito

361 948 701 1005 benedicere.
734 948 862 1004 lites
893 947 1048 1003 illam
1078 944 1405 1016 impediunt,
1431 942 1721 1014 quominus
1748 954 1939 999 occur-

364 1047 452 1095 rat
485 1040 615 1107 Deo,
642 1046 698 1095 et
718 1054 842 1097 cum
866 1038 1153 1095 charitatis
1172 1035 1456 1092 dulcedine
1484 1043 1540 1092 et
1567 1033 1747 1090 cordis
1766 1033 1940 1089 suavi-

365 1139 477 1188 tate
504 1132 656 1186 illud!
684 1137 874 1188 sancte
896 1142 964 1186 ex
992 1129 1184 1185 animo
1214 1130 1558 1197 deprecetur,
1588 1134 1650 1182 ut
1674 1139 1734 1183 se
1766 1124 1938 1195 ipsam

365 1222 619 1280 mnstret.
661 1224 791 1280 Haec
845 1230 974 1280 sunt
1025 1221 1078 1277 in
1128 1236 1331 1287 causa,
1367 1220 1659 1292 quominus
1694 1217 1939 1287 proficiat

364 1316 659 1370 secundum
686 1316 872 1378 Deum,
899 1324 956 1370 et
985 1326 1175 1370 omnes
1215 1321 1458 1383 amputet
1483 1309 1937 1384 perturbationes.

365 1407 519 1473 quod
542 1408 759 1477 quidem
799 1421 1015 1476 assequi
1049 1421 1154 1463 non
1189 1414 1497 1476 possumus.
1528 1404 1632 1460 nisi
1671 1404 1738 1458 ab
1765 1401 1943 1457 omnic'

364 1501 468 1556 bus
496 1501 681 1555 mundi
724 1484 1179 1556 sollicitudinibus
1212 1497 1547 1552 recedamus.
1578 1495 1768 1550 Anima
1794 1493 1943 1547 enim

368 1593 501 1649 foris
528 1604 584 1649 ct
612 1594 759 1650 intus
786 1603 1148 1665 oppugnatur.
1177 1590 1332 1648 Foris
1355 1591 1423 1646 ab
1452 1590 1611 1658 hujus
1643 1585 1822 1645 stecuii
1847 1600 1942 1642 oe-

366 1682 771 1759 ‘c'upationibus,
801 1697 859 1743 ut
880 1685 1095 1755 corpori
1122 1684 1458 1751 satisfaciat;
1488 1683 1635 1737 intus
1655 1697 1684 1737 a
1709 1680 1942 1751 propriis

367 1779 799 1851 egritudinibus,
847 1793 966 1848 quae
998 1787 1122 1833 sunt
1152 1776 1385 1832 inimicae
1422 1772 1657 1829 virtutis.
1700 1762 1810 1829 Has
1841 1786 1942 1827 au-

2049 575 2316 630 destruxit
2353 573 2406 628 in
2433 585 2663 643 corpore
2688 586 2817 637 suo,
2841 584 3069 642 quasque
3109 585 3210 627 nos
3240 569 3329 626 vel
3359 569 3505 624 intus
3534 567 3623 623 vel

2038 666 2171 722 foris
2212 665 2591 737 coinquinant,
2635 663 2794 720 liberi
2828 664 3023 721 simus.
3067 663 3299 729 Manen,
3335 662 3529 733 inquit,
3559 662 3622 715 in

2037 775 2141 828 me,
2179 768 2235 815 et
2257 775 2350 830 ego
2381 760 2437 814 iu
2479 758 2624 814 uoltis
2654 759 2722 814 ³⁸.
2760 758 2942 826 Vides,
2968 758 3162 825 frater,
3191 758 3465 828 quomodo
3485 755 3621 811 velit

2038 861 2099 908 ut
2132 864 2450 908 maneamus
2474 851 2529 907 in
2560 852 2679 923 ipso
2707 865 2805 922 per
2820 850 2962 907 bona
2987 865 3176 924 opera,
3200 859 3262 904 ut
3292 855 3410 920 ipse
3443 850 3494 904 in
3528 865 3623 906 uo-

2039 945 2123 1001 bis
2158 952 2370 1002 maneat
2395 959 2494 1015 per
2520 944 2889 1000 sanctitatem.

2110 1036 2197 1093 ill.
2252 1038 2321 1092 At
2369 1051 2503 1108 ego,
2546 1036 2690 1093 dicet
2739 1036 2968 1107 aliquis,
3009 1035 3064 1092 in
3112 1036 3234 1106 ipso
3280 1047 3474 1089 maneo
3520 1044 3625 1102 per

2038 1131 2328 1200 baptisma,
2356 1142 2518 1199 opera
2543 1138 2728 1183 autem
2753 1129 3019 1197 perlicere
3041 1142 3275 1197 nequeo.
3301 1125 3465 1193 Audi,
3498 1125 3623 1180 1⁵η-

2043 1230 2125 1275 ter
2165 1220 2491 1276 charissime
2524 1238 2538 1275 :
2582 1218 2840 1289 Quisquis
2876 1218 3141 1290 baptisma
3184 1218 3446 1289 suscipit,
3485 1216 3624 1273 illud
3702 1210 3709 1215 ’

2042 1311 2270 1379 suscipit
2295 1311 2359 1365 ad
2396 1311 2603 1380 peccati
2642 1308 3085 1366 destructionem.
3121 1307 3215 1363 Illi
3253 1309 3398 1363 enim
3434 1323 3625 1362 conse-

2039 1405 2175 1475 pulti
2206 1418 2386 1457 sumus
2423 1405 2480 1458 in
2517 1413 2756 1469 mortem,
2788 1412 2846 1457 ut
2877 1402 3051 1472 inquit
3095 1400 3401 1471 Apostolus,
3433 1408 3489 1453 ut
3519 1400 3625 1453 de-

2041 1509 2210 1552 struat
2245 1513 2432 1567 corpus
2470 1498 2692 1565 peccati,
2740 1496 2843 1551 hoc
2881 1505 2984 1560 est,
3028 1504 3084 1551 ut
3124 1502 3335 1566 peccato
3388 1493 3628 1562 amplius

2043 1604 2147 1644 non
2177 1590 2469 1644 serviamus
2497 1590 2564 1643 ".
2595 1587 2769 1644 Simul
2804 1603 2927 1644 cum
2956 1597 3183 1658 peccato
3212 1586 3457 1642 Christus
3498 1598 3628 1639 ma-

2044 1692 2174 1739 nere
2213 1699 2321 1737 non
2366 1691 2559 1753 potest.
2599 1681 2960 1749 Quamobrem
2987 1681 3033 1734 si
3069 1679 3124 1734 in
3157 1691 3207 1737 te
3244 1676 3488 1734 Christus
3517 1678 3628 1730 Ita-

2045 1776 2199 1841 bitat,
2228 1784 2494 1846 peccatum
2534 1784 2801 1828 mortuum
2831 1783 2929 1840 est,
2968 1773 3182 1843 spiritus
3217 1781 3391 1826 autem
3416 1787 3511 1839 per
3530 1770 3630 1841 ju-

369 1874 479 1925 tem
513 1869 606 1924 illa
649 1884 749 1925 nec
775 1869 960 1925 videre
992 1877 1187 1939 potest,
1227 1882 1326 1922 nec
1355 1880 1573 1931 curare,
1612 1864 1715 1919 nisi
1757 1862 1939 1919 mundi
1972 1854 2015 1910 Β
2042 1870 2239 1925 stillant
2285 1869 2403 1924 vivit
2450 1866 2519 1923 ⁸⁵.
2561 1866 2695 1934 Orta:
2738 1864 2902 1931 enim,
2944 1875 3003 1921 ut
3050 1867 3126 1921 ait
3169 1864 3479 1941 Apostolus,
3525 1866 3634 1917 sub

372 1962 602 2033 negotiis
643 1972 699 2017 et
729 1962 878 2017 curis
910 1961 1191 2015 liberetur.
1229 1954 1438 2014 idcirco
1478 1955 1738 2011 Dominus
1786 1952 1942 2011 lesus

370 2052 463 2107 eos
512 2057 673 2121 negat
711 2060 840 2107 suos
884 2064 1044 2120 posse
1080 2048 1371 2120 discipulos
1414 2056 1554 2115 esse,
1588 2047 1680 2116 qui
1715 2045 1945 2116 proprias

372 2154 477 2198 non
511 2144 821 2197 renuntiant
851 2141 1110 2198 Voluntati
1141 2143 1207 2195 ⁸³.
1238 2141 1497 2198 Voluntas
1525 2140 1670 2195 enim
1709 2146 1817 2194 tatu
1858 2136 1946 2192 in-'

372 2233 540 2299 limis,
565 2246 726 2303 quam
752 2232 995 2288 externis
1021 2230 1327 2287 actionibus
1348 2229 1677 2285 dominatur.
1708 2227 1773 2282 Et
1801 2227 1942 2293 ideo,

371 2328 442 2380 ne
484 2326 720 2378 mentem
769 2322 1083 2389 interimat,
1126 2326 1188 2377 ut
1224 2320 1486 2376 Dominus
1540 2317 1817 2389 praecipit,
1860 2323 1946 2373 est

371 2413 710 2487 ab‘negahda.
736 2412 889 2470 Mens
914 2414 1060 2469 enim
1084 2413 1372 2478 occiditur,
1399 2416 1526 2468 eum
1548 2411 1729 2467 anima
1760 2408 1946 2465 mundi

379 2509 612 2577 hegbtiis
648 2514 704 2564 et
762 2508 1216 2563 sollicitudinibus
1259 2506 1552 2562 detinetur.
1607 2503 1760 2560 Tunc
1803 2501 1946 2558 enim

375 2601 725 2671 aegritudines
755 2600 904 2656 intus
933 2601 1162 2657 saeviunt
1188 2609 1243 2654 ct
1286 2604 1676 2671 propagentur.
1707 2595 1860 2664 Quod
1901 2594 1948 2651 si

371 2694 550 2748 anima
582 2695 795 2749 Domini
817 2693 943 2750 Jesu
974 2693 1154 2748 verbis
1177 2692 1585 2759 obtemperans,
1616 2702 1807 2746 omnes
1825 2702 1952 2744 snas

372 2785 637 2855 ahjecerit
679 2785 1004 2851 voluntates,
1038 2783 1106 2839 ab
1131 2785 1385 2840 omnibus
1416 2781 1598 2838 saeculi
1631 2780 1789 2837 istius
1818 2793 1952 2846 ope—

374 2877 527 2931 ribus
546 2875 883 2931 abhorrebit.
903 2874 1057 2930 Tunc
1080 2889 1234 2930 mens
1256 2875 1491 2930 excitata
1514 2871 1950 2935 conlirmabitur,

372 2976 430 3021 et
456 2980 649 3022 omnes
677 2980 707 3020 a
742 2980 801 3021 sc
836 2964 1467 3040 depellet'gegritudiues.
1498 2963 1848 3033 animamque
1875 2961 1955 3017 di-

374 3058 608 3127 ligenter
640 3055 931 3121 custodiet,
967 3070 1034 3109 ne
1066 3066 1257 3110 rursus
1289 3055 1355 3109 ad
1386 3053 1615 3125 pristina
1653 3064 1778 3109 sese
1828 3066 1957 3108 con-

374 3157 616 3213 vertens,
652 3147 705 3201 iu
739 3156 931 3201 manus
962 3144 1163 3200 incidat
1193 3145 1558 3200 inimicorum.

442 3232 511 3300 ll.
550 3209 748 3296 Anima
778 3240 923 3296 enim
951 3238 1144 3295 similis
1171 3246 1256 3294 est
1282 3235 1697 3294 adolescentuite
1736 3235 1954 3306 degenti
1983 3209 2026 3268 θ

376 3340 501 3388 cum
550 3332 671 3385 viro
711 3344 847 3395 suo,
895 3342 1016 3399 qua:
1057 3328 1101 3383 si
1150 3328 1289 3383 forte
1326 3326 1410 3383 vir
1461 3340 1689 3398 peregre
1741 3308 1959 3391 abierit,

371 3432 606 3480 eseusso
633 3424 849 3489 timore,
891 3437 977 3477 res
1009 3420 1336 3477 domesticas
1370 3419 1612 3492 negligit.
1644 3420 1712 3475 At
1738 3419 1830 3476 illo
1863 3421 1961 3475 do-

376 3522 801 3585 lnu’tu‘reverso,
829 3517 1014 3574 sedula
1055 3517 1123 3572 ad
1156 3516 1390 3573 obiciam
1437 3517 1598 3581 redit,
1638 3525 1693 3572 ct
1729 3532 1852 3573 cum
1901 3517 1962 3571 ti-

376 3604 549 3670 more
571 3621 765 3669 cuncta
806 3622 873 3668 ex
910 3612 1015 3667 viri
1055 3612 1335 3669 voluntate
1364 3612 1642 3682 disponit;
1676 3611 1792 3681 ipse
1827 3622 1958 3667 vero

377 3706 563 3762 domui
594 3710 706 3762 suae
742 3705 979 3762 coasulit
1019 3704 1277 3760 omnibus
1320 3703 1373 3758 in
1408 3704 1572 3759 rebus
1609 3703 1954 3761 necessariis.

290 3872 297 3877 ι
376 3799 473 3855 Sic
490 3804 545 3855 et
571 3813 723 3855 mens
750 3799 986 3853 animam
1019 3796 1272 3852 observat
1297 3796 1531 3861 assidue,
1559 3804 1613 3852 et
1631 3794 1767 3852 bona
1796 3810 1957 3866 opera

380 3906 448 3945 ea
501 3890 594 3946 illa
632 3896 895 3961 tanquam
943 3888 1081 3946 ﬁlios
1124 3889 1296 3962 gignit
1340 3897 1394 3944 et
1436 3887 1643 3955 nutrit;
1682 3895 1846 3959 atque
1883 3887 1957 3943 ita

374 3983 732 4051 conveniunt,
771 3989 829 4036 ut
872 3995 967 4037 cor
1000 3997 1163 4051 unum
1196 3978 1520 4037 efﬁciantur.
1565 3979 1759 4036 Anima
1793 3979 1973 4036 menti.

374 4080 439 4127 ut
470 4073 669 4128 mulier
701 4048 819 4127 riro
852 4048 1140 4139 subjicitur
1175 4090 1189 4126 :
1234 4071 1400 4136 Nam,
1445 4079 1508 4128 ut
1545 4072 1620 4127 ait
1646 4071 1956 4142 Apostolus,

374 4172 538 4235 caput
577 4164 814 4219 mulieris
843 4175 919 4219 est
963 4163 1042 4217 uir
1076 4164 1145 4217 ".
1186 4162 1252 4218 Et
1292 4176 1509 4217 rursum
1544 4181 1559 4217 :
1606 4161 1727 4230 Vir,
1761 4163 1957 4233 inquit,

378 4273 485 4312 non
513 4258 659 4312 debet
686 4257 858 4312 uelare
877 4264 1035 4325 caput
1053 4246 1081 4319 ;’
1097 4256 1268 4326 imago
1291 4255 1427 4311 enim
1450 4264 1502 4310 et
1524 4254 1693 4325 gloria
1725 4255 1822 4310 Dei
1848 4265 1956 4319 est;

370 4349 574 4404 'mulier
613 4358 789 4404 autem
838 4356 916 4404 est
956 4348 1060 4401 uiri
1091 4346 1286 4417 gloria.
1338 4346 1462 4401 Non
1505 4348 1647 4401 enim
1679 4357 1752 4402 est
1788 4347 1869 4402 uir
1894 4362 1965 4404 ea:~

374 4442 621 4508 muliere,
656 4442 745 4498 sed
782 4441 975 4495 mulier
1006 4455 1071 4495 ex
1100 4441 1227 4497 viro.
1256 4438 1466 4495 Etenim
1495 4456 1598 4495 non
1633 4447 1709 4495 est
1745 4449 1966 4493 creatus.

2041 1961 2151 2016 riro
2197 1968 2272 2014 est
2323 1959 2530 2022 mulier,
2599 1958 2670 2025 ei,
2744 1958 2868 2010 dum
2916 1956 3064 2021 uiuit,
3109 1956 3329 2027 alligata
3374 1955 3631 2023 estdage.

2047 2052 2199 2119 Quod
2233 2052 2280 2107 si
2315 2053 2398 2105 rir
2437 2062 2674 2105 mortuus
2717 2049 2897 2118 fuerit,
2932 2048 3242 2103 liberabitur
3281 2065 3315 2101 a
3340 2046 3451 2118 lege
3496 2047 3635 2101 uiri.

2046 2142 2233 2212 Itaque
2270 2144 2314 2196 si
2357 2144 2555 2197 vivente
2599 2142 2710 2196 viro
2748 2158 2866 2195 cum
2906 2141 3010 2195 alio
3047 2140 3224 2211 fuerit,
3264 2139 3501 2194 adultera
3533 2137 3638 2191 de—

2047 2234 2369 2300 clarabitur;
2402 2243 2453 2288 at
2495 2244 2699 2289 mortuo
2732 2235 2840 2289 uiro
2872 2231 3179 2288 liberabitur
3210 2249 3242 2286 a
3272 2232 3402 2302 lege,
3427 2241 3486 2286 ut
3516 2247 3638 2284 non

2047 2329 2137 2399 sit,
2162 2329 2426 2395 adultera,
2458 2329 2506 2382 si
2533 2327 2691 2399 fuerit
2718 2343 2834 2381 cum
2858 2326 2963 2381 alio
2987 2328 3098 2382 uiro
3126 2326 3195 2381 δ’.
3220 2325 3275 2381 Si
3306 2324 3429 2395 quis
3459 2323 3640 2395 igitur

2048 2421 2191 2478 scire
2225 2421 2375 2492 cupit
2404 2430 2585 2476 utrum
2624 2421 2678 2475 in
2727 2432 2787 2477 se
2827 2418 3081 2474 Christus
3122 2417 3415 2483 inhabitet,
3459 2416 3514 2472 id
3561 2430 3638 2471 ex

2050 2514 2283 2586 propriis
2344 2513 2609 2587 intelligat
2667 2513 3112 2586 cogitationibus.
3173 2511 3416 2580 Quaudiu
3476 2510 3639 2564 enim

2051 2607 2202 2662 cordi
2246 2614 2524 2676 peccatum
2562 2607 2812 2676 imperat,
2857 2605 2998 2661 Deus
3040 2606 3092 2659 in
3140 2619 3206 2659 eo
3248 2618 3349 2658 non
3390 2600 3641 2664 habitat,

2055 2712 2233 2767 neque
2275 2697 2496 2767 spiritus
2541 2697 2659 2767 ejus
2701 2694 2753 2750 in
2798 2694 2888 2751 illo
2927 2694 3168 2764 requiem
3218 2694 3438 2748 invenit.
3484 2695 3651 2747 Beas

2054 2791 2265 2848 habitat
2294 2792 2349 2846 in
2392 2790 2632 2856 homine,
2663 2789 2753 2860 qui
2801 2789 2943 2844 bona
2987 2788 3118 2844 facit
3146 2802 3338 2858 opera;
3378 2797 3433 2841 et
3464 2788 3642 2841 homo

2057 2884 2110 2940 in
2143 2883 2279 2947 Deo.
2314 2883 2471 2953 cujus
2517 2890 2602 2939 est
2653 2897 2749 2937 cor
2781 2881 3015 2938 liberum
3052 2898 3081 2936 a
3112 2889 3352 2951 peccato.
3384 2878 3489 2946 Qui
3523 2880 3641 2933 ad-

2057 2976 2231 3047 Ιιαπειῖ
2262 2976 2544 3041 meretrici,
2593 2973 2768 3045 inquit
2810 2974 3115 3044 Apostolus,
3162 2989 3321 3028 unum
3365 2988 3481 3026 cum
3531 2971 3641 3026 illa

2059 3084 2244 3138 corpus
2274 3068 2512 3140 eﬁicitur.
2564 3067 2628 3122 Et
2657 3069 2748 3139 qui
2790 3067 3023 3122 adha’ret
3053 3064 3299 3129 Domino,
3336 3080 3468 3118 unus
3505 3079 3642 3117 cum

2058 3160 2154 3215 illo
2185 3160 2401 3230 spiritus
2422 3169 2496 3215 est
2526 3159 2593 3213 δ’.
2621 3158 2724 3215 Per
2750 3157 3098 3213 meretricem
3129 3154 3441 3226 intelligitur
3464 3166 3642 3208 omne

2060 3252 2271 3307 vitium.
2310 3249 2368 3306 Si
2409 3250 2577 3320 igitur
2611 3249 2837 3303 liberata
2868 3246 3033 3303 fuerit
3072 3246 3274 3311 anima,
3312 3254 3363 3300 et
3391 3245 3649 3300 evaserit

2059 3343 2239 3398 omnia
2285 3357 2405 3411 qua:
2437 3341 2511 3396 illi
2546 3342 2599 3396 in
2644 3343 2747 3397 hoc
2790 3354 2917 3396 aere
2953 3340 3328 3402 adversantur,
3357 3347 3483 3393 tunc
3511 3354 3662 3392 ma-

2060 3443 2151 3490 net
2186 3435 2238 3490 iu
2282 3434 2390 3490 Deo
2422 3442 2477 3487 et
2516 3433 2698 3487 haurit
2731 3433 2797 3488 de
2825 3433 3019 3502 spiritu
3060 3431 3203 3502 ejus,
3245 3439 3403 3499 atque
3432 3428 3505 3481 ita
3543 3428 3643 3484 di-

2059 3531 2204 3577 ctum
2252 3522 2381 3577 illud
2429 3523 2681 3592 impletur
2728 3542 2743 3577 :
2793 3522 2897 3589 Qui
2932 3523 3165 3577 adlueret
3207 3520 3450 3583 Domino,
3489 3535 3644 3572 unus

2058 3614 2272 3684 spiritus
2306 3622 2402 3668 est.
2452 3615 2517 3669 Et
2547 3614 2707 3670 discit
2740 3614 3008 3685 quomodo
3048 3628 3207 3668 orare
3266 3613 3475 3676 debeat,
3531 3612 3643 3665 ad-

2060 3718 2225 3762 orans
2257 3722 2378 3763 eum
2414 3707 2733 3772 assidue,et
2766 3708 3046 3763 adhaerens
3077 3706 3157 3760 illi
3197 3707 3314 3762 sine
3355 3705 3643 3761 intermis'

2056 3800 2234 3855 sione.
2283 3798 2469 3855 itidem
2494 3801 2612 3870 ipse
2654 3808 2839 3856 manet
2885 3801 2938 3856 iu
2973 3813 3036 3855 ea
3082 3807 3137 3855 et
3163 3798 3468 3870 requiescit,
3499 3812 3633 3867 ape-

2058 3893 2208 3948 riens
2232 3901 2287 3948 et
2317 3891 2553 3963 largiens
2570 3892 2624 3948 ei
2662 3893 2898 3948 honores
2925 3902 2981 3946 et
3017 3906 3242 3946 munera
3275 3905 3367 3945 sua
3390 3890 3634 3946 iucredi~

2058 3985 2235 4040 bilia:
2284 3992 2637 4053 regeneratur
2689 3985 2833 4041 enim
2866 3986 2935 4041 ab
2984 3983 3079 4039 illo
3124 3999 3221 4055 per
3273 3983 3533 4056 baptisma
3579 3992 3643 4041 et

2056 4073 2233 4133 sancti
2264 4076 2503 4147 Spiritus
2534 4076 2886 4133 inlusionem.

2129 4172 2218 4228 iV.
2238 4172 2430 4236 Porro,
2474 4172 2563 4242 qui
2590 4183 2743 4226 natus
2780 4183 2852 4226 est
2885 4187 2949 4226 ea:
2984 4169 3114 4236 Deo,
3148 4179 3206 4225 ut
3236 4170 3487 4240 scriptum
3519 4180 3647 4237 est,

2058 4281 2161 4320 non
2196 4274 2395 4334 peccat,
2441 4282 2533 4319 nec
2580 4266 2744 4336 tangit
2783 4282 2899 4319 eum
2934 4265 3103 4319 malus
3132 4265 3197 4318 ⁸³.
3238 4265 3359 4320 Nisi
3395 4265 3649 4321 converti

2058 4352 2287 4423 fueritis,
2317 4354 2490 4422 inquit
2523 4354 2656 4423 ipse,
2683 4363 2733 4407 et
2767 4354 3065 4425 eﬂict'amim'
3093 4355 3228 4409 sicut
3257 4354 3480 4425 parvuli,
3524 4370 3647 4410 sror-

2058 4444 2323 4499 intrabitis
2354 4445 2410 4499 in
2459 4460 2674 4516 regnatas
2708 4446 2953 4502 calorum
2982 4444 3050 4502 “.
3097 4445 3249 4503 Sicut
3278 4448 3427 4500 modo
3470 4448 3647 4516 gessitt

372 4534 466 4588 νῦν·
490 4544 704 4606 propter
728 4534 1022 4599 mulierem,
1054 4534 1146 4588 sed
1165 4533 1357 4587 mulier
1380 4540 1590 4601 propter
1604 4530 1794 4586 virum-
1826 4529 1960 4586 Pro-
1993 4556 2038 4614 ο
2064 4539 2316 4610 infantes,
2336 4538 2509 4610 inquit
2541 4539 2759 4599 Petrus.
2794 4541 3129 4605 rationabile,
3159 4557 3222 4596 ac
3258 4543 3368 4596 sine
3398 4542 3519 4595 dolo
3551 4545 3646 4598 tu

379 4633 558 4692 pterea
594 4623 787 4679 mulier
809 4625 955 4680 debet
986 4623 1159 4679 uelare
1189 4634 1367 4690 caput,
1398 4632 1449 4677 et
1485 4631 1698 4693 propter
1723 4622 1957 4693 angelos.

392 4717 758 4771 Verumtamen
800 4704 961 4786 neque
1002 4715 1191 4769 mulier
1216 4716 1329 4768 sine
1364 4714 1509 4780 uiro,
1541 4730 1704 4786 neque
1732 4715 1813 4768 uir
1844 4714 1958 4768 sine

380 4802 622 4869 muliere,
654 4803 710 4856 in
749 4803 998 4858 Domino.
1040 4803 1193 4859 Sicut
1223 4804 1362 4857 enim
1390 4802 1581 4865 mulier
1609 4814 1676 4857 ea:
1716 4804 1849 4869 viro,
1878 4804 1956 4860 sic

376 4902 427 4947 at
462 4894 547 4949 uir
574 4904 641 4950 ea:
666 4894 910 4961 muliere,
955 4895 1132 4950 omnia
1161 4902 1338 4953 autem
1366 4910 1437 4949 ea:
1460 4891 1571 4949 Deo
1591 4894 1658 4950 ³⁸.
1681 4894 1820 4952 Cum
1846 4896 1954 4966 igi-

373 4996 472 5043 tur
503 4988 683 5043 anima
713 4986 879 5042 menti
908 4995 1063 5057 paret
1095 4986 1150 5041 in
1194 4987 1444 5055 Domino,
1474 4995 1601 5044 tunc
1628 4985 1739 5044 Deo
1762 5002 1954 5059 preces

377 5079 660 5135 tundimus
704 5077 759 5133 in
812 5077 1105 5142 castitate,
1163 5086 1291 5132 tunc
1329 5078 1439 5133 Deo
1474 5078 1846 5136 benediclmus
1883 5093 1953 5135 ex

374 5171 547 5227 corde
568 5154 791 5233 sancto,
822 5177 950 5224 tunc
982 5168 1320 5224 illustramur
1349 5184 1379 5224 a
1408 5168 1541 5238 Deo,
1576 5180 1704 5227 tunc
1732 5171 1848 5227 veri
1873 5170 1950 5228 illi

381 5261 651 5317 ducimur
701 5262 1052 5325 adoratores,
1103 5274 1241 5330 quos
1298 5260 1444 5318 Deus
1488 5263 1738 5332 requirit.
1792 5263 1954 5322 Tales

370 5364 526 5414 sunt.
560 5355 628 5411 de
653 5354 852 5424 quibus
880 5354 995 5425 ipse
1020 5353 1134 5410 ait:
1163 5352 1482 5410 lnhabitabo
1510 5356 1567 5411 in
1593 5356 1669 5411 eis
1701 5366 1751 5413 et
1780 5357 1952 5412 inam-

372 5446 567 5500 bulatio
593 5446 661 5502 ⁸⁸.
687 5447 841 5504 Tunc
871 5447 1003 5504 ilhtd
1032 5446 1284 5519 impletur
1315 5465 1328 5503 :
1361 5446 1420 5503 Si
1448 5449 1553 5504 duo
1574 5457 1800 5505 uestrum
1824 5466 1949 5505 con-

375 5538 654 5605 senserint,
682 5554 1006 5613 quazeunqtte
1035 5543 1093 5597 in
1116 5542 1325 5597 nomine
1348 5558 1463 5599 meo
1491 5542 1753 5612 petierint,
1786 5544 1950 5614 impe-

445 5670 491 5703 ²⁸
526 5668 657 5741 Luc.
710 5687 822 5741 xw,
871 5674 957 5731 26.
1037 5675 1082 5708 "
1123 5674 1295 5732 lCor.
1343 5690 1415 5735 κι.
1461 5674 1516 5729 5.

377 5813 420 5898 ‘f
454 5810 641 5872 Matth.
690 5830 843 5881 svnt,
881 5816 934 5880 5.
968 5810 978 5815 ’
1017 5819 1059 5851 ⁸³
1098 5817 1288 5873 ll’etr.
1332 5830 1389 5881 ll,
1416 5814 1471 5870 2.

2061 4634 2428 4705 concupiscite,
2480 4645 2535 4689 ut
2562 4650 2622 4690 tn
2673 4646 2786 4706 ipso
2836 4637 3081 4691 crescatis
3108 4635 3174 4691 “.
3218 4636 3469 4705 Quasnam
3505 4646 3646 4693 sunt

2053 4727 2288 4785 infantis
2327 4729 2531 4799 opera?
2559 4728 2740 4786 Infans
2770 4730 2815 4786 si
2867 4729 3205 4798 verberetur,
3248 4729 3439 4801 plorat.
3496 4729 3646 4786 Risu

2054 4820 2310 4890 agnoscit
2358 4820 2660 4877 arridentes
2691 4822 2817 4878 sibi.
2866 4820 3106 4879 Allectus
3149 4822 3473 4878 contumelia
3524 4839 3647 4881 non

2054 4913 2334 4969 irascitur.
2358 4912 2630 4969 Laudibus
2658 4929 2764 4971 non
2781 4915 3073 4971 extollitur.
3099 4914 3155 4972 Si
3185 4915 3301 4973 loco
3322 4914 3439 4986 ejus
3467 4917 3647 4972 alium

2054 5005 2358 5071 venereris,
2405 5018 2511 5059 nou
2539 5003 2707 5061 dolet.
2740 5004 2799 5061 Si
2848 5020 2937 5063 res
2968 5005 3041 5061 illi
3078 5020 3204 5062 suas
3249 5005 3467 5077 eripias.
3522 5022 3647 5063 non

2062 5095 2328 5153 turbatur.
2363 5098 2420 5154 Si
2443 5099 2630 5171 paucis
2660 5100 2715 5154 in
2740 5099 2898 5156 rebus
2934 5101 3106 5161 haeres
3142 5099 3301 5157 fuerit
3326 5099 3647 5166 institutus,

2060 5188 2284 5243 minime
2336 5199 2513 5247 curat.
2576 5190 2857 5246 Neminem
2918 5201 3082 5247 vocat
3132 5193 3186 5248 in
3214 5192 3495 5264 judicium.
3532 5190 3648 5251 Pro

2056 5281 2294 5338 fortunis
2319 5283 2436 5339 suis
2465 5296 2570 5339 non
2604 5284 2907 5343 contendit.
2934 5283 3213 5341 Neminem
3242 5285 3378 5342 odit.
3418 5284 3477 5339 Si
3503 5302 3647 5355 pau-

2052 5382 2156 5437 per
2180 5377 2285 5435 est,
2318 5384 2423 5427 non
2461 5380 2678 5428 maeret.
2710 5372 2766 5429 Si
2795 5375 2966 5439 dives,
2997 5389 3102 5430 non
3134 5376 3396 5445 superbit.
3422 5375 3481 5430 Si
3513 5393 3645 5431 mtt-

2056 5459 2246 5516 lierem
2265 5463 2431 5532 videt,
2452 5480 2556 5520 non
2577 5468 2934 5538 concupiscit.
2954 5466 3113 5522 Nulla
3136 5468 3213 5522 illi
3241 5482 3413 5538 neque
3443 5469 3638 5536 libido,

2061 5567 2237 5624 neque
2263 5555 2570 5616 sollicitudo
2600 5558 2932 5617 dominatur.
2964 5559 3243 5619 Neminem
3260 5561 3494 5631 judicat.
3518 5562 3637 5620 Ne-

445 5674 491 5703 "
526 5674 657 5727 Luc.
710 5687 822 5741 xw,
871 5674 957 5731 26.
1037 5675 1082 5708 "
1123 5674 1295 5732 lCor.
1343 5690 1415 5735 κι.
1461 5674 1516 5729 5.
1593 5674 1638 5707 ³⁸
1677 5675 1809 5732 ibid.
1850 5678 1949 5733 7-—l

376 5742 601 5825 viz-LA
631 5740 675 5775 ”
713 5742 981 5825 ilom._\'t,
1227 5746 1274 5777 “
1308 5743 1465 5825 Rom.
1497 5760 1614 5813 νιιι,
1672 5747 1758 5803 10.
1840 5748 1879 5782 ’⁸⁸
1917 5749 1951 5805 ll

2093 5686 2136 5718 ³⁸
2178 5686 2217 5742 Il
2262 5690 2388 5745 Cor.
2430 5708 2502 5757 vr,
2550 5693 2635 5747 l6.
2711 5693 2754 5725 ³⁷
2812 5694 2999 5750 Matth.
3031 5711 3187 5759 sum,
3223 5698 3309 5754 l9.
3384 5698 3631 5760 "Joalk

2061 5796 2071 5811 .
2118 5773 2207 5825 γη,
2256 5762 2307 5817 2.
2383 5763 2426 5795 δ’
2474 5765 2491 5818 l
2538 5764 2659 5821 Cor.
2704 5779 2773 5825 γι,
2803 5766 3015 5825 lb’..t7'.
3092 5768 3138 5800 ⁸³
3168 5766 3191 5822 l
3223 5765 3381 5825 Joan.
3422 5784 3482 5825 ν.
3535 5771 3623 5825 18-

2383 5763 2426 5795 ³⁸
2474 5764 2659 5839 lCor.
2704 5779 2773 5834 γι,
2803 5766 3015 5832 lb’,.t7'.
3054 5765 3381 5839 δ⁸³11οθιι
3422 5784 3482 5837 ν,
3535 5771 3627 5838 l8.

3032 6186 3838 6318 _a_a_«.J
