3862 6322
156 374 305 438 ΗἸῚ

1233 371 1293 428 s.
1332 367 1539 425 rsum
1580 336 1873 424 scenis
1922 361 2335 421 eumenes.

3295 348 3437 414 H78

161 497 297 553 mill
313 496 570 567 imperat.
585 492 793 551 invidet
812 491 1040 548 nemini.
1067 489 1123 546 ln
1159 488 1227 544 iis
1257 504 1378 559 qua:
1405 488 1595 551 nescit,
1626 498 1748 541 sese
1770 488 1821 546 Δ
1850 486 1930 541 sic
1968 483 2289 540 allirmantis
2325 502 2341 539 :
2374 481 2726 548 Amen,amen
2749 477 2869 532 dico
2893 476 3058 542 vobis,
3088 474 3192 531 nisi
3209 473 3441 531 conversi

159 600 273 645 non
288 583 806 659 juctitat.Proximi
849 582 1078 638 formam
1117 587 1212 635 aut
1241 578 1484 634 habitum
1518 586 1624 631 non
1664 575 1756 631 de-

161 682 328 738 ridet.
384 680 505 735 Non
554 686 778 735 exercet
821 676 931 733 ullo
980 690 1104 731 cum
1145 673 1368 730 homine
1420 669 1754 733 inimicitias.

157 773 281 830 Non
311 774 557 828 simulat.
606 769 721 826 Non
749 768 945 841 quierit
992 765 1175 822 mundi
1219 764 1532 833 dignitates.
1557 762 1759 818 Cumu-

162 866 355 921 landis
374 864 593 920 divitiis
629 878 734 919 non
767 860 1058 918 incumbit.
1089 858 1208 914 Non
1241 858 1418 927 diligit
1447 855 1755 910 avaritiam.

162 958 281 1013 Non
314 967 404 1012 est
439 957 711 1027 pertinax.
749 954 868 1009 Non
918 953 1207 1023 litigiosus.
1246 949 1362 1007 Non
1419 949 1472 1003 in
1517 947 1760 1003 docendo

162 1050 518 1106 ambitiosus.
590 1046 648 1101 Si
707 1054 964 1113 exuatnr,
1013 1052 1124 1098 non
1175 1050 1260 1097 est
1303 1037 1585 1094 sollicitus.
1643 1035 1759 1090 Non

165 1137 446 1193 tristatur.
498 1132 780 1205 Propriam
828 1148 935 1188 non
988 1129 1233 1186 defendit
1267 1126 1619 1183 voluntatem.
1657 1122 1763 1178 Fa-

164 1244 315 1285 mem
350 1246 457 1286 non
506 1228 716 1284 metuit.
753 1224 1028 1282 Male‘licos
1054 1233 1109 1279 et
1147 1222 1483 1279 facinorosos
1514 1217 1762 1273 homines

166 1336 278 1378 non
310 1324 489 1377 timet.
526 1322 823 1391 Serpentes
850 1328 907 1376 et
936 1318 1079 1374 feras
1110 1331 1215 1372 non
1249 1314 1527 1389 formidat.
1564 1312 1621 1369 Si
1653 1311 1764 1366 bel-

165 1414 283 1469 lum
320 1415 559 1485 ingruat,
595 1428 698 1469 non
734 1410 1125 1483 perhorrescit.
1156 1407 1318 1464 Tales
1361 1414 1512 1468 sunt,
1545 1408 1611 1460 de
1650 1404 1764 1473 qni-

165 1504 273 1560 bus
302 1505 383 1559 ait
417 1504 677 1559 Dominus
706 1514 895 1558 noster
936 1500 1095 1557 Jesus
1127 1499 1379 1556 Christus
1416 1516 1430 1551 :
1480 1496 1603 1552 Nisi
1632 1511 1761 1550 con-

164 1599 309 1653 versi
344 1599 576 1668 fueritis.
605 1607 654 1652 et
700 1595 995 1667 eﬁiciamini
1020 1596 1158 1650 sicut
1193 1591 1421 1663 parvuli,
1444 1607 1549 1646 non
1592 1590 1762 1644 intra-

167 1694 300 1747 bitis
322 1693 378 1746 in
402 1707 617 1762 regnum
644 1691 759 1745 Dei.

245 1783 312 1837 V.
348 1781 618 1837 Caeterum
653 1781 743 1837 ubi
795 1778 974 1836 infans
1020 1779 1297 1851 paululum
1325 1775 1583 1840 creverit,
1610 1784 1664 1832 et
1707 1777 1762 1830 in

1856 577 2083 648 fueritis,
2110 585 2158 632 et
2186 575 2488 647 eﬂiciamini
2528 574 2661 629 sicut
2704 571 2930 643 parvuli,
2962 586 3066 624 non
3097 568 3366 625 intrabitis
3387 569 3443 622 in

1858 687 2073 740 regnum
2100 670 2212 726 Dei.
2238 669 2425 737 Qualis
2472 670 2587 724 lucc
2618 666 2846 722 audiens
2880 665 3043 721 verba
3084 679 3192 720 non
3227 669 3443 719 contre-

1858 764 2094 821 miscat?
2114 765 2220 818 Aut
2249 763 2372 835 quis
2412 760 2655 832 sapiens,
2683 767 2739 814 et
2757 756 2952 813 salutis
2982 756 3179 811 animat
3208 770 3321 812 sate
3344 768 3445 810 cu-

1860 858 2017 930 pidus
2039 874 2143 915 non
2179 856 2433 928 projiciat
2464 866 2680 910 onmem
2732 866 2797 906 ex
2827 849 3011 905 animo
3054 863 3153 905 suo
3180 849 3444 905 adversus

1862 952 2164 1021 proximum
2190 944 2657 1020 indignationem?
2686 945 2795 1000 Aut
2830 945 2952 1014 quis
2976 950 3224 999 metuens
3251 940 3444 997 incen-

1861 1046 2010 1099 dium
2051 1044 2332 1113 gchennze,
2363 1041 2547 1096 odium
2575 1054 2681 1095 non
2708 1037 2942 1108 expellat
2975 1052 3007 1092 e
3030 1034 3348 1100 cordesuo,
3375 1047 3447 1090 ne

1860 1150 1891 1191 e
1922 1149 2091 1207 regno
2121 1131 2475 1188 deturbetur?
2503 1122 2738 1186 Verbtfm
2762 1127 2922 1184 nobis
2944 1125 3226 1197 proposuit
3251 1122 3448 1180 abbre—

1860 1225 2089 1287 viatum.
2140 1222 2265 1279 Nisi
2300 1222 2557 1285 conversi,
2585 1220 2859 1290 inquiens,
2897 1217 3130 1287 fueritis,
3171 1225 3223 1271 et
3253 1213 3447 1286 ejicia-

1862 1319 1993 1374 mini
2007 1320 2140 1372 sicut
2167 1316 2392 1387 parvuli,
2424 1331 2527 1369 non
2550 1311 2819 1367 iutrabitis
2853 1311 2908 1365 in
2930 1324 3148 1378 regnum
3175 1306 3444 1363 calorum.

1861 1411 2071 1466 Acerba
2107 1408 2374 1464 sententia
2408 1407 2550 1475 apud
2582 1405 2725 1470 illos,
2768 1403 2859 1474 qui
2902 1399 3133 1472 propriae
3164 1396 3450 1467 indulgent

1863 1501 2147 1561 voluntati,
2183 1499 2551 1567 mundumque
2587 1495 2840 1565 diligunt,
2879 1506 2980 1548 nec
3041 1504 3236 1546 munus
3281 1501 3450 1558 agno-

1865 1606 2022 1651 scunt
2054 1593 2291 1664 Spiritus
2339 1591 2535 1655 sancti,
2567 1590 2656 1659 qui
2683 1602 2847 1656 super
2888 1601 3025 1656 quos
3057 1582 3287 1646 venerit,
3321 1579 3452 1636 facit

1865 1703 1962 1745 cos
1977 1688 2220 1743 omnium
2248 1684 2595 1755 iniquitatum
2630 1679 2974 1742 oblivisci,et
2992 1676 3150 1732 docet
3188 1673 3309 1728 illos
3330 1684 3452 1742 qua

1866 1797 1963 1837 sua
1987 1787 2134 1844 sunt,
2178 1793 2278 1850 pro
2323 1778 2401 1832 ira
2432 1775 2713 1832 lenitatem
2733 1812 2748 1836 ,
2777 1784 2876 1840 pro
2906 1765 3195 1822 inimicitia
3240 1775 3453 1832 pacem,

169 1888 240 1928 eo
270 1872 485 1927 malitia
516 1871 749 1942 cmperit
797 1871 1066 1937 habitare,
1099 1884 1222 1924 eum
1253 1867 1543 1938 Apostolus
1565 1866 1764 1937 arguit,

1879 1864 1968 1948 pro
1998 1873 2346 1931 contentione
2382 1868 2770 1931 humilitatem,
2805 1861 3130 1918 charitatem
3180 1872 3276 1929 pro
3305 1852 3455 1913 odio,

173 1966 246 2021 Ut
279 1966 423 2036 jam,
456 1966 731 2034 inquiens,
771 1979 877 2019 non
904 1964 1070 2018 simus
1115 1960 1322 2031 parvuli
1363 1962 1695 2031 ﬂuctuantes,
1720 1968 1768 2012 et

169 2060 621 2129 circumferuntur
641 2059 783 2113 omni
808 2068 958 2113 vento
997 2058 1283 2120 doctrinae,-
1313 2056 1369 2109 in
1408 2054 1641 2125 nequitia
1671 2053 1767 2107 Ito-

170 2155 401 2219 nsinum,
433 2153 488 2207 in
523 2153 745 2216 astutia,
773 2153 842 2206 ad
869 2151 1362 2205 circumventionem
1410 2150 1627 2203 erroris.
1676 2145 1770 2199 Ve-

169 2247 387 2300 ritatem
401 2254 576 2301 autem
610 2245 860 2315 facientes
888 2245 941 2299 in
977 2242 1256 2306 charitate,
1283 2257 1576 2297 crescamus
1602 2240 1656 2293 in
1678 2237 1770 2292 illo

169 2348 268 2409 per
285 2339 503 2407 ‘antnia,
532 2337 623 2409 qui
647 2348 720 2393 est
742 2347 901 2407 caput
930 2335 1169 2392 Christus
1199 2334 1279 2401 “;
1329 2342 1385 2389 et
1418 2333 1542 2387 alibi
1576 2350 1589 2387 :
1626 2330 1772 2384 Tan-

169 2448 336 2502 quam
375 2431 630 2499 parvulis,
670 2432 867 2501 inquit,
911 2431 965 2485 in
1006 2429 1240 2493 Christo,
1290 2428 1373 2481 lac
1409 2425 1554 2482 vobis
1594 2433 1771 2493 potum

172 2524 319 2587 dedi,
348 2538 454 2578 non
480 2524 676 2589 cibum,
695 2524 926 2577 nondum
950 2522 1085 2577 enim
1108 2521 1395 2593 poteratis;
1418 2519 1507 2573 sed
1522 2533 1613 2571 nec
1637 2531 1773 2569 stunc

173 2614 389 2684 quidem
417 2614 652 2683 potestis,
685 2614 857 2667 adhuc
876 2613 1016 2667 enim
1050 2610 1289 2666 carnales
1317 2613 1442 2665 estis
1476 2609 1553 2676 ‘7;
1591 2606 1775 2663 etalio

174 2706 231 2761 in
260 2706 384 2762 loco
423 2723 437 2759 :
468 2706 702 2772 Quanto,
733 2704 1361 2776 inquit,temporehwres
1384 2700 1634 2771 parvulus
1668 2709 1768 2762 est,

176 2800 313 2853 nihil
343 2799 520 2868 differt
550 2815 583 2853 a
613 2815 783 2863 servo,
823 2813 940 2853 cum
971 2798 1042 2851 sit
1090 2796 1335 2851 dominus
1380 2796 1652 2856 omnium;
1682 2791 1774 2846 sed

175 2891 271 2944 sub
305 2889 569 2944 tutoribus
608 2900 657 2944 et
689 2890 954 2944 actoribus
1005 2897 1106 2954 est,
1158 2904 1319 2959 usque
1345 2887 1413 2940 ad
1451 2885 1776 2956 pra'ﬁnitunt

176 2992 382 3052 tempus
411 2999 446 3035 α
471 2994 643 3051 patre.
682 2980 774 3037 Sic
801 2992 848 3036 et
883 2996 978 3036 nos
1008 2997 1126 3035 cum
1163 2996 1393 3035 essemus
1414 2977 1644 3048 parvuli,
1679 2976 1774 3030 sub

176 3074 445 3129 cluniculis
477 3076 662 3130 mundi
709 3091 919 3131 eramus
955 3077 1234 3130 servientes
1256 3074 1322 3127 "3.
1358 3072 1501 3127 Idem
1535 3086 1722 3126 rursus
1758 3087 1773 3125 :

176 3167 472 3235 Juvenilia,
528 3169 725 3239 inquit,
776 3169 1041 3223 desideria
1091 3168 1212 3237 fuge
1249 3165 1315 3219 ”.
1355 3165 1561 3219 Docens
1590 3172 1770 3218 autem

177 3275 298 3321 nos,
328 3267 388 3312 ut
413 3258 678 3327 ejusmodi
702 3260 982 3314 infantiam
1017 3261 1309 3315 evitemus:
1352 3255 1552 3320 Nolite,
1575 3256 1769 3327 inquit,

175 3354 333 3421 pueri
367 3354 503 3423 effici
529 3353 790 3420 sensibus,
823 3355 912 3407 sed
939 3354 1154 3407 malitia
1199 3351 1402 3423 parvuli
1430 3359 1622 3417 estote;
1652 3366 1771 3403 seu-

179 3444 326 3498 sibsts
360 3456 535 3499 autem
560 3445 777 3516 perfecti
794 3454 965 3500 estote
983 3447 1053 3500 ⁸⁸.
1076 3445 1427 3500 Parvulornm
1454 3444 1615 3515 igitur
1637 3458 1775 3512 quos

182 3537 421 3607 requirit
466 3537 750 3605 Dominus,
790 3553 958 3609 opera
1020 3538 1336 3594 indicantur
1376 3537 1445 3591 ab
1491 3535 1770 3605 Apostolo.

179 3628 358 3685 Porro
392 3630 451 3685 in
481 3630 590 3686 illis
610 3631 796 3687 verbis
826 3647 841 3687 :
894 3631 1216 3702 Deponentes
1267 3647 1471 3685 omnem
1516 3629 1776 3685 malitiam

180 3732 233 3777 et
261 3738 473 3777 onmem
502 3724 704 3791 tlolum,
730 3735 776 3779 et
804 3724 1191 3790 simulationes,
1226 3733 1274 3779 et
1317 3724 1561 3787 invidias,
1585 3736 1632 3777 et
1660 3738 1776 3774 om-

183 3832 276 3869 nes
317 3816 685 3882 detractiones,
716 3815 850 3869 sicut
900 3815 1053 3869 modo
1103 3814 1270 3883 geniti
1290 3793 1526 3883 infantes
1538 3813 1610 3874 ",
1645 3822 1774 3876 εις..

186 3907 529 3974 intellexisti,
560 3908 750 3973 frater,
790 3907 881 3979 qui
913 3908 985 3962 sit
1013 3922 1210 3963 sensus
1242 3907 1532 3962 verborum
1568 3907 1778 3963 Domini

190 4001 366 4054 nostri
392 3996 543 4065 Jesn,
573 4015 694 4053 cum
729 4001 807 4054 ait
838 4014 853 4055 :
905 4000 1095 4065 Amen,
1142 4016 1292 4055 amen
1332 4000 1452 4054 dico
1478 4000 1641 4068 vobis,
1678 3999 1779 4053 nisi

186 4093 430 4148 conveni
456 4093 686 4161 fueritis,
718 4103 765 4149 et
805 4094 1103 4165 efficiam-iui
1137 4095 1271 4148 sicut
1304 4094 1538 4163 parvuli,
1570 4109 1672 4148 non
1701 4094 1783 4148 in-

186 4186 398 4242 trabitis
422 4187 477 4241 in
515 4200 728 4259 regnum
780 4188 1050 4244 certorum.
1079 4188 1209 4256 Quae
1258 4189 1474 4259 quidem
1518 4190 1683 4244 verba
1718 4204 1782 4245 eu

188 4281 458 4351 majorem
493 4291 754 4337 terrorem
804 4280 1059 4348 afferunt,
1117 4283 1371 4351 quoniam
1427 4283 1624 4352 duplici
1661 4298 1780 4338 Clltll

188 4374 558 4429 allirmationc
589 4381 717 4429 sunt
760 4374 1129 4444 pronuntiata.
1183 4373 1346 4427 Amen
1373 4373 1517 4428 enim
1548 4374 1786 4444 jurantis

188 4476 277 4523 est
312 4481 433 4522 vox.
469 4468 672 4522 Idcirco
703 4467 900 4523 Paulus
920 4467 1229 4537 apostolus:
1263 4466 1556 4533 Quoniam,
1582 4467 1781 4536 inquit,

1869 1943 2183 2040 patientiam
2209 1980 2306 2035 pro
2332 1959 2686 2019 contumelia.
2723 1951 3008 2029 Ejusmodi
3045 1957 3173 2007 sunt
3204 1947 3301 2015 illi.
3333 1943 3456 2016 qui-

1869 2060 1969 2115 bus
1994 2056 2217 2127 contigit
2238 2053 2590 2126 regeneratio.

1940 2151 2053 2207 VII.
2092 2149 2424 2205 Studeamus
2458 2146 2627 2216 igitur
2655 2142 2891 2199 evellere
2929 2154 2961 2195 e
2991 2136 3154 2194 corde
3185 2139 3372 2188 nostro
3398 2137 3457 2184 et

1871 2242 2087 2300 abolere
2109 2255 2228 2311 quae
2250 2237 2385 2295 dixit
2416 2249 2643 2306 magnus
2675 2229 3001 2303 Apostolus,
3040 2237 3098 2280 ut
3130 2223 3196 2279 ad
3243 2216 3456 2293 parvuli

1873 2350 2178 2393 mensuram
2230 2314 2537 2388 veniamus.
2589 2326 2691 2394 Qui
2744 2324 2890 2380 enim
2940 2335 3003 2376 ea
3061 2315 3458 2374 circumcidunt

1872 2442 2034 2502 atque
2074 2434 2377 2498 amputant,
2414 2424 2470 2479 lii
2497 2434 2709 2491 ,rursus
2744 2418 2811 2473 ad
2853 2425 3097 2473 sanctam
3121 2420 3174 2466 et
3205 2420 3455 2480 magnam

1874 2535 2035 2595 atque
2075 2520 2371 2593 perfectam
2425 2524 2642 2572 aetatem
2682 2509 3026 2584 perveniunt.
3078 2505 3290 2561 Etenim
3333 2511 3459 2554 cum

1875 2617 1929 2671 in
1950 2591 2149 2670 faciem
2190 2613 2429 2681 ipsorum
2454 2606 2805 2671 insulllassct,
2841 2594 3308 2670 Accipite.inqtsit,
3335 2591 3461 2661 Spi-

1874 2709 2034 2760 ritum
2062 2713 2301 2758 sanctum
2330 2699 2398 2766 ⁸³,
2436 2698 2687 2770 apparuit
2729 2696 2810 2751 eis
2842 2693 2995 2764 juxta
3019 2703 3168 2744 mare
3198 2684 3455 2747 Galilzcte,

1876 2794 2118 2861 Habetis,
2147 2792 2425 2861 inquiens,
2480 2787 2683 2859 aliquid
2712 2789 2850 2857 quod
2888 2771 3461 2837 manducetur”??er

1877 2886 2115 2959 Spiritus
2150 2881 2569 2940 insufflationem
2612 2895 2706 2936 eos
2745 2891 2805 2932 se
2856 2874 3054 2931 fecisse
3099 2867 3352 2941 parvulos
3385 2864 3463 2921 si-

1876 2981 2169 3055 gniﬁcavit.
2223 2976 2382 3047 Atqui
2417 2990 2521 3030 non
2576 2980 2736 3029 erant
2768 2977 2927 3024 mtate
2977 2963 3209 3038 parvuli.
3254 2958 3463 3014 Rursus

1877 3048 2136 3143 scriptum
2171 3080 2255 3126 est
2282 3088 2294 3123 ε
2339 3065 2475 3121 Ecce
2504 3082 2597 3135 ego
2629 3074 2675 3118 et
2707 3059 2938 3134 parvuli,
2969 3072 3099 3129 quos
3147 3053 3292 3108 dedit
3337 3048 3466 3105 mihi

1877 3167 2021 3222 Deus
2072 3164 2138 3219 ⁸⁸.
2203 3161 2467 3229 Quoniam
2500 3150 2687 3226 ‘igitur
2744 3153 2893 3221 pueri
2953 3147 3468 3205 communicaverunt

1876 3262 2023 3317 carni
2055 3269 2101 3312 et
2132 3253 2401 3325 sanguini,
2432 3260 2481 3306 et
2508 3253 2615 3318 ipse
2647 3250 2849 3315 pariter
2889 3244 3059 3314 factus
3102 3248 3176 3295 est
3210 3238 3469 3308 particeps

1876 3372 2077 3418 eorum,
2126 3363 2182 3406 ut
2230 3366 2323 3415 per
2376 3357 2594 3403 mortem
2640 3344 2926 3398 destrueret
2960 3353 3080 3390 eum
3127 3332 3217 3403 qui
3248 3330 3469 3384 habebat

1876 3449 2059 3503 mortis
2084 3444 2382 3511 imperium,
2413 3440 2467 3495 id
2491 3449 2563 3493 est
2585 3434 2875 3498 diabolum,
2923 3439 3079 3499 atque
3103 3425 3226 3480 illos
3273 3421 3468 3476 libera-

1878 3554 1950 3598 ret
1987 3541 2054 3598 ⁵⁸.
2085 3539 2372 3606 Cujusnam
2409 3532 2593 3588 carnis
2619 3539 2673 3582 et
2704 3523 2983 3596 sanguinis
3016 3521 3197 3575 factus
3225 3524 3309 3569 est
3346 3525 3471 3582 par-

1880 3635 2049 3704 ticeps
2075 3631 2141 3687 ad
2172 3643 2362 3686 eorum
2410 3622 2844 3684 similitmlinem,
2902 3612 3009 3671 nisi
3064 3611 3303 3669 illorum,
3369 3602 3464 3673 qui

1880 3726 2139 3783 malitiam
2155 3736 2369 3779 omnem
2388 3718 2719 3787 ahjccerant,
2739 3720 2789 3764 et
2803 3708 2867 3761 ad
2885 3714 3086 3763 sancta
3102 3704 3470 3771 pervenerant

1881 3830 2191 3875 mensuram
2248 3809 2528 3867 infantia?!
2560 3806 2624 3861 Et
2660 3803 2760 3873 ipsi
2815 3814 3000 3855 rursus
3034 3797 3168 3851 liunt
3210 3788 3461 3862 perfecti,

1882 3921 1940 3967 ιιι
1967 3910 2039 3964 ait
2066 3904 2377 3978 Apostolus,
2397 3904 2557 3957 donec
2574 3909 2912 3952 occurramus
2945 3904 3119 3943 omnes
3140 3888 3197 3941 in
3217 3885 3471 3939 unitatem

1883 4003 2005 4076 ﬁdei
2033 3999 2158 4054 Filii
2184 3997 2299 4061 Dei,
2325 3996 2379 4049 in
2403 3995 2572 4049 virum
2599 3989 2904 4059 perfectum,
2936 3983 3003 4037 ad
3024 3993 3318 4035 mensuram
3344 3983 3474 4029 tcta-

1884 4074 1949 4152 tis
1981 4090 2321 4165 plenitudinis
2352 4086 2546 4141 Christi
2582 4084 2661 4149 ⁸⁷;
2704 4089 2757 4136 et
2807 4092 3024 4133 rursum
3059 4089 3075 4127 τ
3122 4074 3469 4142 Augmentum

1885 4189 2119 4255 corporis
2148 4184 2306 4256 facite
2340 4181 2406 4234 ad
2429 4176 2831 4246 a'diﬁcationem
2860 4170 2974 4240 ejus
3023 4168 3077 4219 in
3108 4163 3366 4219 charitate
3404 4158 3470 4210 ⁵⁸.

1887 4280 1966 4333 Ad
1999 4294 2092 4332 eos
2113 4276 2203 4348 qui
2237 4280 2366 4328 sunt
2395 4266 2687 4345 ejusmodi,
2725 4263 2967 4331 loquitur
2996 4257 3234 4312 Joannes
3261 4257 3478 4320 aposto-

1887 4374 1971 4428 lus
1999 4391 2011 4425 :
2050 4346 2179 4424 Haec
2202 4366 2395 4430 scribo,
2426 4361 2698 4432 inquiens,
2722 4357 2885 4421 vobis,
2912 4350 3091 4423 ﬁlioli,
3131 4346 3257 4416 quia
3283 4358 3476 4412 cognoo

1889 4466 2035 4520 vistis
2075 4446 2190 4517 eum
2217 4459 2306 4530 qui
2331 4466 2406 4511 est
2447 4453 2703 4509 abinitio.
2744 4446 2943 4515 Scripsi
2969 4442 3130 4505 vobis,
3173 4437 3479 4493 adolescens

191 4560 457 4614 nemiuem
510 4559 714 4629 habuit,
777 4577 869 4631 per
924 4576 1077 4631 quem
1113 4559 1323 4629 juraret
1386 4560 1640 4631 majorem
1695 4567 1863 4627 se,‘D
1889 4572 1986 4625 tes,
2042 4557 2167 4627 quia
2210 4551 2407 4607 vicistis
2448 4548 2646 4602 malum
2700 4544 2767 4597 ⁸⁹.
2809 4540 3097 4625 Vidcs‘eos
3127 4531 3217 4604 qui
3267 4527 3474 4583 malitia

192 4655 400 4723 iuravit
469 4670 562 4722 per
611 4656 940 4725 semetipsum
972 4668 992 4708 :
1038 4651 1164 4708 Nisi
1218 4618 1520 4710 benedicens
1574 4618 1787 4709 benedi;
1818 4618 1840 4627 v
1893 4618 2103 4726 parvuli
2148 4655 2295 4714 sunt,
2327 4644 2444 4703 ﬂeri
2475 4648 2804 4714 pugnaturos
2853 4618 3117 4688 adversus
3155 4618 3485 4723 inimicum?

196 4762 315 4801 cam
348 4748 418 4801 ⁸⁸.

261 4833 363 4891 Ἣ.
394 4834 521 4892 Haec
560 4837 725 4908 igitur
780 4835 998 4894 assidue
1049 4851 1169 4892 cum
1216 4836 1415 4892 timore
1459 4845 1516 4892 et
1554 4844 1791 4893 tremore

201 4928 492 5000 diligenter
521 4929 949 4985 consideremus.
982 4927 1210 4996 Quoties
1259 4928 1507 4985 diabolus
1538 4928 1789 4983 inimicus

199 5033 394 5078 noster
408 5022 673 5078 adversus
715 5020 1020 5093 proximum
1051 5030 1150 5076 nos
1182 5018 1511 5085 incitaverit,
1536 5027 1629 5074 aut
1656 5035 1790 5089 quo-

202 5117 308 5171 ties
345 5132 444 5173 nos
474 5116 669 5187 aliquis
695 5114 1019 5181 lacessierit,
1047 5124 1143 5170 aut
1171 5111 1500 5168 contumelia
1524 5110 1789 5176 alleccrit,

202 5209 479 5264 sut'nobis
500 5209 825 5264 caiumniam
855 5208 1136 5276 struxerit,
1170 5216 1266 5262 aut
1293 5205 1577 5277 proximus
1607 5203 1793 5259 nobis-

204 5317 330 5358 cum
394 5301 757 5366 contenderit,
822 5309 916 5355 aut
973 5300 1119 5355 dicto
1164 5298 1388 5353 audiens
1440 5311 1548 5353 non
1598 5294 1793 5361 fuerit;

204 5392 567 5464 quamobrem
602 5395 797 5446 acerba
829 5406 931 5447 nos
960 5390 1014 5445 in
1050 5405 1173 5446 eum
1202 5390 1306 5456 ira,
1346 5398 1440 5444 aut
1469 5386 1794 5458 indignatio,

206 5495 302 5540 aut
331 5483 523 5539 odium‘
553 5485 853 5550 adoriatur,
890 5492 949 5538 ut
996 5482 1190 5538 anima:
1224 5482 1478 5537 tenebras
1524 5479 1798 5535 oll'undat:

206 5592 520 5637 sermonem
578 5579 796 5633 Domini
847 5578 1086 5635 nobisin
1117 5575 1434 5631 memoriam
1482 5589 1805 5630 revocamus

282 5737 331 5771 “
368 5722 567 5808 Ephes.
606 5753 681 5803 tv,
715 5737 815 5804 ιι,
856 5736 950 5808 lii.
1063 5736 1108 5767 ⁸⁷
1141 5736 1302 5791 lCar.
1333 5750 1416 5808 ιιι,
1439 5733 1581 5808 2,5.

1690 5730 1736 5763 “‘
1763 5728 1881 5785 Gal.
1930 5744 2000 5794 Iv,
2050 5727 2151 5784 1-5.

1894 4711 2021 4817 ίῐ]ιιε
2053 4741 2196 4798 enim
2250 4747 2527 4792 armatura
2552 4711 2685 4803 qua:
2732 4736 2817 4785 est
2873 4722 3101 4785 malitia,
3143 4723 3270 4774 sunt
3301 4711 3473 4768 exuti.

1893 4810 1958 4894 Εἰ
1994 4835 2157 4893 iidem
2191 4841 2375 4903 patres
2408 4826 2665 4887 evadunt,
2694 4832 2747 4877 ct
2787 4818 2853 4873 ad
2884 4810 3232 4888 perfectionis
3262 4817 3483 4861 mensu-

1893 4944 2011 4985 ram
2050 4898 2395 4997 perveniunt.
2453 4913 2721 4986 Quoniam
2772 4906 3191 4966 committuntur
3248 4898 3331 4952 eis
3367 4908 3479 4995 my-

1890 4983 2068 5076 steria-
2092 5018 2169 5070 et'
2192 5010 2574 5073 revelationes,
2628 5004 2801 5058 donec
2842 4991 3185 5064 sapientiam,
3219 4995 3272 5041 et
3304 4983 3482 5037 unita-

1891 5123 2023 5178 tem,
2057 5118 2111 5164 et
2138 5107 2456 5169 bonitatem,
2492 5108 2548 5157 et
2579 5089 3072 5153 mansuetudinem,
3096 5092 3152 5139 et
3174 5079 3480 5137 castitatem

1891 5171 2274 5273 a'ssequantur.
2308 5196 2376 5251 ili
2413 5202 2536 5252 sunt
2559 5190 2652 5262 qui
2680 5186 2957 5243 Christum
2978 5181 3245 5235 honorant
3269 5171 3322 5227 in
3354 5183 3478 5225 cor-

1893 5310 2024 5366 pore
2060 5309 2179 5348 suo.

1977 5386 2106 5442 V‘lll.
2157 5384 2288 5453 Quae
2329 5397 2451 5437 cum
2501 5379 2576 5432 ita
2612 5375 2743 5438 sint,
2778 5370 2966 5431 frater,
3000 5374 3054 5419 et
3090 5357 3484 5432 magna'lamcs

1901 5491 2102 5536 terram
2127 5448 2374 5547 occupet,
2419 5469 2567 5528 omni
2591 5469 2768 5525 studio
2793 5458 3203 5522 contendamus,
3247 5467 3313 5506 ne
3353 5448 3483 5518 quid

1907 5572 2062 5628 nobis
2091 5569 2258 5638 desit;
2310 5566 2405 5623 sed
2449 5563 2750 5621 bonitatem
2797 5564 2853 5612 ct
2900 5547 3269 5610 fortitudinem
3319 5551 3483 5611 atque

2267 5726 2310 5759 δ’
2337 5724 2381 5779 ll
2422 5721 2564 5777 'l‘im.
2618 5736 2680 5780 ιι,
2724 5715 2815 5771 22.
2927 5710 3020 5759 θοι
3069 5704 3341 5780 (locum,
3385 5693 3478 5749 20.

207 5806 309 5864 σι.
349 5769 685 5872 ﬁtfit}:
716 5769 815 5865 ξῖν
849 5769 1085 5862 an...
1117 5769 1305 5865 ora:
1332 5769 1419 5861 az
1741 5769 2000 5872 are-.7
2270 5769 2564 5863 “an:
2619 5769 2810 5847 ens;
2987 5781 3071 5835 ιε.
3145 5774 3193 5809 ιο
3217 5769 3387 5829 uel»-

220 5879 438 5949 “.15.
514 5881 561 5915 ιτ
613 5882 809 5953 prcs.
854 5894 928 5947 ιν,
978 5878 1062 5935 l5.
1142 5878 1187 5911 ιο
1244 5880 1354 5936 ibid
1389 5877 1469 5933 ιθ.

1550 5877 1593 5909 δν
1620 5872 1637 5930 l
1662 5872 1817 5929 Joan.
1847 5887 1910 5941 tt,
1949 5870 2036 5926 ll.
