3862 6388
354 384 477 448 ,179

1326 338 1335 349 ’
1429 374 1705 431 paruas
1739 368 2037 429 mem"
2080 366 2352 463 saccum
2394 367 2481 423 tv.

3468 362 3631 420 1180

339 504 701 564 constantiam
761 499 1129 572 postulemus,
1197 511 1265 552 ne
1325 496 1497 554 hostis
1549 497 1763 553 invidus
1819 510 1916 549 nos
1944 496 1991 553 Α
2019 492 2090 546 sit
2114 499 2318 546 natura:
2351 487 2704 546 contrarium.
2743 486 2840 544 Est
2868 486 3012 544 enim
3043 484 3234 540 animt:
3260 464 3460 537 natura
3486 497 3623 547 mu-

341 599 609 669 decipiat,
645 596 1093 665 persuadeatque,
1136 601 1192 645 ut
1250 590 1460 661 abiecto
1510 592 1714 658 pudore
1756 596 1917 657 atque

343 688 735 751 misericordia,
791 684 997 756 flagitia
1030 693 1085 738 et
1118 682 1321 738 scelera
1373 682 1740 737 admittannts.
1770 680 1921 733 Assi-

345 783 451 839 due
480 781 641 851 igitur
668 779 833 833 Deum
866 792 988 833 cum
1025 774 1193 829 David
1242 776 1590 830 obsecrantes
1638 771 1918 824 dicamus:

346 873 583 944 Respice,
632 880 679 927 et
732 870 856 927 audi
905 885 1006 933 me,
1042 868 1264 923 Domine
1304 866 1440 920 Deus
1472 881 1636 919 meus.
1669 863 1925 917 Illumina

345 965 522 1021 oculos
552 980 716 1028 meos,
770 978 833 1016 ne
886 977 1117 1031 unquam
1156 958 1482 1014 obdormium
1530 957 1585 1010 in
1614 966 1815 1021 morte;
1863 971 1926 1009 ne

343 1057 553 1129 quando
569 1056 711 1111 dicat
736 1054 981 1108 inimicus
1008 1067 1184 1105 meus:
1216 1049 1482 1105 Pra'valui
1508 1048 1757 1102 adversus
1784 1062 1924 1101 eum.

347 1148 613 1215 Quoniam
643 1146 735 1216 qui
758 1143 1013 1198 tribulant
1044 1159 1144 1206 me,
1170 1143 1218 1196 si
1257 1140 1512 1205 cecidero,
1541 1138 1837 1209 gaudebunt
1858 1138 1928 1194 ⁸⁸.

349 1242 406 1295 Si
443 1241 605 1311 igitur
649 1253 747 1292 nos
801 1235 974 1290 adorti
1012 1233 1237 1298 fuerint,
1286 1234 1604 1299 clamemns,
1636 1233 1876 1287 dicentes
1912 1246 1926 1283 :

351 1332 515 1398 Deus,
574 1330 686 1400 quis
714 1328 902 1384 similis
929 1328 1027 1383 erit
1077 1328 1174 1381 tibi
1208 1328 1234 1381 ?
1277 1343 1341 1380 ne
1376 1337 1571 1389 taceas,
1600 1341 1761 1395 neque
1786 1341 1931 1379 com-

348 1423 598 1493 pescaris,
654 1419 816 1475 Deus.
852 1419 1113 1486 Quoniam
1155 1435 1270 1473 ecce
1293 1418 1491 1471 inimici
1522 1417 1597 1470 tui
1622 1427 1932 1483 sonuerunt,

349 1527 400 1569 et
428 1516 516 1585 qui
536 1514 757 1569 oderunt
800 1521 871 1579 te,
921 1511 1222 1566 extulerunt
1257 1519 1432 1579 caput.
1484 1508 1657 1577 Super
1684 1508 1933 1578 populum

352 1616 500 1658 tuum
548 1604 779 1656 inierunt
835 1600 1139 1664 consilium,
1188 1606 1238 1652 et
1282 1597 1635 1667 cogitaverunt
1687 1595 1933 1649 adversus

351 1704 561 1751 sanctos
612 1704 747 1748 tuos.
804 1691 1110 1745 Dixerunt:
1152 1687 1354 1753 Venite,
1379 1695 1427 1742 et
1467 1686 1830 1755 disperdamus
1851 1701 1935 1738 eos

353 1791 419 1842 de
447 1796 619 1858 gente,
659 1796 709 1841 et
742 1802 845 1839 non
890 1794 1206 1838 memoratur
1253 1798 1436 1835 nomen
1481 1778 1653 1833 Israel
1684 1779 1821 1832 ultra
1866 1778 1932 1832 ⁸ί.

2020 585 2219 651 labilis,
2244 596 2299 639 et
2333 583 2526 639 similis
2559 581 2723 648 ferro,
2742 583 2906 652 quod,
2939 582 2982 637 si
3007 578 3331 649 negligatur,
3358 576 3620 645 rubigine

2019 678 2378 743 censumitur,
2440 676 2563 743 igne
2617 683 2801 727 autem
2829 678 3141 734 ;excoclum
3204 676 3503 739 purgatur,
3548 672 3622 720 et.

2022 769 2259 840 quandiu
2294 777 2473 821 manet
2500 767 2550 819 in
2573 766 2717 838 igne,
2746 765 2803 820 ﬁt
2833 765 2881 819 ei
2912 764 3107 831 simile,
3138 777 3237 818 nec
3263 771 3449 830 pOtest
3478 758 3621 812 illud

2023 863 2307 933 quisquam
2345 860 2629 928 attingere,
2661 858 2917 928 quoniam
2955 856 3093 928 ignis
3126 865 3232 911 est.
3259 854 3458 910 Itidem
3492 851 3624 906 ani-

2028 971 2111 1011 ma
2143 956 2269 1009 dum
2304 963 2550 1009 versatur
2571 962 2626 1008 et
2674 952 2911 1020 loquitur
2949 966 3069 1006 cum
3104 947 3239 1012 Deo.
3273 948 3419 1019 ignis
3447 944 3622 1000 elfici-

2034 1056 2153 1111 tur;
2190 1052 2244 1100 et
2276 1045 2545 1099 comburit
2573 1043 2822 1098 inimicos
2856 1056 3004 1108 suos,
3037 1042 3126 1112 qui
3163 1055 3284 1095 eam
3330 1038 3624 1108 negligen-

2030 1139 2118 1192 tiae
2153 1150 2344 1193 somno
2375 1132 2710 1202 consepitam
2742 1132 2917 1188 solent
2946 1131 3272 1202 opprimere.
3304 1128 3375 1184 Ut
3408 1128 3623 1181 ferrum

2030 1227 2214 1299 igitur,
2251 1225 2429 1279 anima
2485 1232 2796 1287 renovatur,
2827 1231 3125 1290 sanctaque
3148 1219 3407 1281 efﬁcitur.
3442 1231 3626 1283 neque

2035 1319 2265 1389 amplius
2296 1318 2399 1372 ulla
2439 1317 2490 1371 in
2525 1331 2581 1370 re
2611 1315 2765 1369 istius
2797 1313 2978 1367 mundi
3012 1310 3403 1380 corrumpitur,
3433 1308 3530 1361 sed
3561 1306 3623 1361 in

2034 1420 2181 1467 recta
2230 1419 2422 1464 natura
2463 1422 2558 1462 sua
2605 1421 2764 1475 quam
2798 1405 2959 1459 habet
2997 1418 3025 1456 a
3077 1404 3207 1465 Deo,
3254 1400 3626 1469 conquiescit.

2036 1505 2185 1572 Quod
2217 1501 2261 1558 si
2304 1518 2333 1557 a
2369 1510 2561 1556 natura
2591 1514 2686 1554 sua
2724 1496 3027 1560 recesserit,
3057 1495 3217 1564 perit.
3251 1492 3629 1560 Quemadmo-

2036 1597 2161 1651 dum
2184 1594 2327 1649 enim
2360 1590 2616 1648 animalia
2655 1588 2957 1650 terrestria,
2980 1586 3023 1640 si
3049 1587 3102 1639 in
3136 1599 3277 1654 aqua
3298 1583 3635 1651 detnergan—

2040 1700 2142 1753 tur,
2180 1689 2472 1754 intereunt,
2534 1684 2791 1756 quoniam
2841 1691 2966 1737 sunt
3024 1695 3056 1736 e
3120 1688 3312 1734 natura
3366 1687 3629 1741 terrena;

2037 1783 2219 1854 pisces
2238 1791 2414 1837 autem
2440 1782 2493 1835 iu
2526 1789 2725 1834 terram
2744 1774 2977 1832 extracti
3011 1773 3338 1838 moriuntur,
3361 1769 3632 1841 quoniam

354 1852 721 1949 Quamobrem
774 1877 1086 1949 supplicans
1141 1874 1365 1945 Spiritui
1424 1883 1614 1929 SJDCIO
1666 1872 1878 1927 dicebat
1916 1890 1929 1926 :
1965 1852 2011 1904 Β
2042 1852 2109 1933 ξχ
2132 1890 2285 1945 aqum
2314 1882 2511 1931 nalura
2545 1880 2700 1937 sunl;
2734 1870 2981 1926 volucres
3021 1882 3149 1923 vero
3186 1866 3241 1921 ἰιι
3275 1878 3409 1919 aere
3465 1861 3633 1932 quia-

356 1971 500 2026 Deus
532 1987 697 2037 meus,
718 1985 852 2037 pone
895 1985 979 2023 eos
1007 1977 1062 2021 ut
1082 1978 1272 2033 rotam,
1303 1976 1349 2019 et
1387 1966 1523 2020 sicut
1551 1962 1798 2034 stipulam
1821 1973 1942 2017 ante

359 2062 550 2131 (aciem
600 2061 763 2114 venti.
817 2058 986 2128 Imple
1009 2057 1170 2127 facies
1204 2074 1382 2112 eorum
1421 2057 1729 2128 ignominia,
1754 2064 1801 2111 et
1854 2072 1946 2109 co-

367 2160 646 2222 gnoscant,
679 2151 801 2220 quia
831 2157 888 2202 tu
936 2164 989 2203 es
1018 2147 1156 2201 Deus
1207 2146 1351 2201 solus
1392 2147 1458 2199 θ’.
1512 2146 1648 2201 Ecce
1675 2143 1944 2213 quomodo

358 2245 451 2313 qui
480 2243 582 2298 ﬁde
604 2241 795 2297 muniti
824 2249 972 2307 sunt,
998 2256 1095 2296 cor
1133 2254 1288 2296 suum
1306 2248 1520 2293 armant
1544 2238 1802 2293 adversus
1828 2236 1936 2290 iui-

357 2335 549 2398 micos,
582 2343 637 2388 et
662 2347 780 2387 sese
808 2331 1134 2387 conﬁrmant
1178 2331 1245 2385 ad
1287 2341 1530 2386 sanctam
1584 2340 1790 2398 petram
1836 2328 1929 2399 qui

363 2424 615 2481 Christus
645 2435 730 2480 est
750 2425 830 2491 ⁶³;
858 2433 914 2479 et
942 2440 1064 2479 cum
1089 2423 1255 2478 animi
1281 2422 1617 2486 fortitudine,
1643 2420 1945 2477 Circumde-

356 2518 571 2584 derunt,
607 2517 881 2588 inquiunt,
908 2533 990 2572 me
1019 2518 1157 2572 sicut
1191 2533 1335 2581 apes,
1378 2525 1429 2569 et
1470 2523 1780 2571 exarserunt
1809 2515 1942 2568 sicut

360 2611 497 2679 ignis
520 2611 573 2665 in
604 2611 804 2680 spinis;
826 2617 875 2664 et
903 2612 957 2664 in
987 2609 1195 2663 nomine
1229 2608 1459 2675 Domini,
1488 2607 1613 2678 quia
1642 2607 1785 2661 ultus
1828 2622 1945 2660 sum

359 2700 418 2756 in
452 2718 540 2757 eos
570 2702 639 2756 σι.

439 2792 535 2848 IX.
568 2792 803 2850 Proinde
821 2796 866 2849 si
890 2792 1185 2847 viderimus
1212 2805 1308 2846 eos
1341 2790 1433 2861 qui
1458 2805 1557 2845 nos
1591 2789 1796 2843 malitia
1824 2803 1941 2851 sua,

366 2885 421 2943 id
455 2896 545 2944 est
574 2886 783 2953 acedia,
811 2882 1303 2948 circumdederunt,
1354 2891 1447 2935 aut
1498 2881 1771 2949 voluptate
1822 2881 1945 2934 aui-

361 2993 507 3033 mam
541 2986 781 3032 nostram
815 2975 1134 3039 dissolvere,
1172 2984 1263 3027 aut
1288 2974 1365 3026 ira
1404 2989 1499 3028 nos
1530 2974 1788 3028 adversus
1821 2986 1947 3042 pro-

362 3069 595 3132 nimum,
656 3067 700 3122 si
753 3067 882 3136 quid
937 3080 1217 3136 perperam
1254 3067 1447 3135 egerit,
1502 3065 1801 3130 concitare,
1858 3073 1949 3120 aut

2044 1978 2223 2036 scunt,
2258 1969 2399 2038 quod
2446 1967 2490 2022 si
2541 1967 2595 2021 in
2647 1974 2844 2020 terram
2876 1959 3278 2022 descenderint,
3316 1957 3511 2011 timent
3560 1966 3641 2007 ue

2044 2060 2329 2131 capiantur
2361 2077 2376 2114 :
2405 2058 2483 2113 sic
2511 2066 2565 2112 et
2590 2057 2769 2110 anima
2802 2054 2897 2110 sia
2916 2051 3132 2125 propria
3163 2059 3359 2105 natura
3388 2045 3647 2101 deﬂexe-

2047 2156 2138 2219 rit,
2164 2153 2345 2208 statim
2385 2150 2735 2207 interimitur.
2775 2147 3134 2216 Quamobrem
3158 2142 3249 2213 qui
3280 2141 3484 2196 divinis
3516 2138 3647 2192 illis

2047 2245 2365 2300 muneribus
2394 2240 2579 2297 donati
2610 2249 2757 2306 sunt,
2792 2237 2975 2293 mundi
3022 2236 3239 2291 fraudes
3262 2242 3318 2289 et
3347 2232 3499 2288 dolos
3526 2246 3645 2286 re—

2046 2336 2361 2402 formidant,
2408 2335 2633 2404 ejusque
2679 2332 2889 2402 fugiunt
2940 2329 3415 2393 consuetudinem,
3464 2340 3539 2381 ne
3571 2324 3645 2378 in

2048 2429 2267 2496 laqueos
2296 2437 2350 2483 ct
2378 2437 2603 2482 mortem
2634 2424 2895 2481 incidant.

2120 2522 2208 2576 XI.
2236 2520 2385 2576 Talis
2413 2520 2610 2585 anima,
2638 2534 2704 2573 ne
2736 2520 2781 2574 si
2811 2518 2939 2573 velit
2980 2515 3217 2584 quidem,
3251 2522 3428 2583 potest
3462 2524 3643 2566 mun-

2048 2615 2174 2670 dum
2209 2614 2451 2684 diligere.
2477 2611 2720 2667 Meminit
2742 2610 2885 2665 enim
2918 2607 3094 2679 qualis
3123 2605 3306 2670 fuerit,
3329 2613 3660 2673 antequam.

2050 2711 2196 2761 esset
2227 2704 2279 2758 in
2314 2704 2458 2769 Deo;
2484 2701 2689 2773 etquid
2720 2700 2822 2755 sibi
2860 2714 2927 2755 ex
2956 2696 3157 2753 mundo
3212 2695 3524 2763 contigerit,
3571 2701 3639 2747 et

2049 2809 2211 2864 quam
2241 2793 2382 2847 male
2416 2791 2577 2847 fuerit
2602 2791 2671 2847 ab
2714 2790 2831 2859 ipso
2866 2796 3114 2844 tractata.
3153 2783 3636 2854 Quemadmodum

2049 2888 2194 2943 enim
2220 2903 2339 2943 cum
2372 2887 2426 2942 iu
2456 2886 2646 2941 urbem
2677 2900 2839 2955 quam
2879 2883 3202 2954 eXpugnarit
3235 2897 3324 2937 rex
3366 2879 3657 2934 inimicus.

2052 2981 2404 3053 ingredietur,
2429 2980 2575 3036 cives
2606 2979 2799 3034 timore
2841 2976 3123 3032 conterriti
3164 2975 3333 3046 passis
3372 2973 3644 3027 manibus

2052 3074 2246 3128 victori
2290 3087 2348 3128 se
2395 3072 2629 3137 dedunt;
2672 3080 2729 3125 at
2778 3070 2867 3126 ille
2919 3069 3101 3125 statim
3152 3067 3366 3136 deiectis
3398 3064 3649 3120 alterius

371 3159 561 3213 oculos
585 3169 800 3213 nostros
831 3159 896 3213 ad
923 3159 1245 3228 cupiendam
1278 3174 1564 3228 corporum
1595 3158 1947 3229 pulebritudi-
1973 3196 2018 3256 Ο
2055 3168 2195 3236 regis
2260 3165 2609 3233 imaginibus,
2680 3163 2992 3232 legibusque
3048 3159 3293 3225 sublatis,
3359 3158 3645 3227 imagines

368 3267 494 3307 nem
525 3266 887 3319 commovere,
922 3262 1015 3306 aut
1053 3253 1285 3322 proximi
1322 3253 1490 3307 nostri
1516 3267 1820 3307 sermonem
1854 3267 1944 3306 no-

366 3345 453 3401 bis
483 3353 739 3416 tanquam
767 3360 1034 3401 venenum
1076 3346 1336 3416 objicere,
1366 3356 1457 3401 aut
1489 3362 1588 3402 nos
1609 3347 1676 3401 ad
1712 3346 1942 3402 aliorum

365 3436 531 3491 verba
570 3438 840 3506 carpenda
866 3437 1139 3506 pellicere,
1164 3447 1257 3491 aut
1289 3440 1355 3492 ad
1382 3439 1640 3493 screndas
1665 3440 1805 3493 inter
1833 3436 1941 3491 fra-

368 3537 482 3584 tres
527 3528 852 3596 discordias,
885 3530 1147 3596 dicentes,
1179 3530 1325 3585 hunc
1373 3546 1493 3586 esse
1521 3531 1743 3595 bonum,
1797 3530 1944 3584 illaut

368 3634 500 3676 vero
534 3620 776 3677 malmn:
826 3622 1106 3677 fraudibus
1157 3636 1343 3676 eorum
1394 3637 1462 3677 ne
1506 3623 1946 3690 succumbamus,

369 3714 464 3768 sed
496 3714 673 3783 potius
711 3730 831 3768 cum
868 3712 1032 3767 David
1064 3729 1253 3784 magna
1297 3715 1460 3769 animi
1490 3713 1805 3770 fortitudine
1832 3715 1948 3769 cla-

369 3817 579 3860 metnus
610 3820 625 3858 :
666 3803 921 3858 Dominus
948 3816 1208 3875 protector
1250 3806 1364 3860 vita:
1394 3822 1540 3862 mete.
1574 3804 1631 3859 Si
1660 3808 1948 3862 consistant

369 3901 646 3955 adversum
678 3914 756 3951 me
775 3908 969 3963 castra,
1002 3915 1105 3952 non
1131 3899 1323 3954 timebit
1351 3917 1441 3953 cor
1462 3917 1653 3958 meum.
1692 3900 1749 3955 Si
1766 3916 1953 3955 exsur-

371 4000 460 4060 gat
486 3991 732 4044 adversus
762 4006 842 4044 me
868 3990 1131 4057 prwtium,
1171 3992 1227 4043 in
1253 3992 1349 4045 hoc
1379 4008 1472 4061 ego
1512 3992 1751 4058 sperabo.
1779 3989 1951 4045 Unam

371 4081 498 4150 petii
526 4097 558 4135 α
586 4079 831 4144 Domino,
856 4080 987 4134 hanc
1026 4081 1307 4152 requiram,
1336 4093 1389 4135 ut
1413 4083 1699 4136 inhabilem
1724 4083 1775 4135 in
1799 4084 1953 4136 domo

375 4168 590 4224 Domini
622 4169 861 4224 omnibus
914 4170 1094 4223 diebus
1146 4170 1268 4224 vim:
1298 4186 1461 4231 mete;
1504 4176 1560 4223 ut
1592 4169 1794 4222 videam
1827 4170 1955 4223 larti-

375 4264 503 4316 tiam
537 4260 775 4329 Domini,
808 4272 852 4316 et
876 4262 1079 4316 visitem
1107 4263 1354 4330 templum
1382 4271 1621 4316 sanctum
1646 4261 1779 4330 ejus.
1808 4261 1954 4327 Quo-

377 4354 520 4408 uiam
532 4355 754 4419 protexit
780 4370 894 4420 me;
922 4365 969 4408 et
999 4370 1113 4408 ecce
1149 4372 1288 4409 nunc
1313 4354 1566 4410 exaltabit
1594 4364 1749 4424 caput
1786 4370 1958 4408 meum

376 4462 534 4515 super
557 4446 795 4501 inimicos
817 4447 1040 4504 nicas“.
1074 4446 1199 4505 llaec
1229 4463 1414 4505 eorum
1431 4454 1556 4503 sunt
1589 4447 1679 4518 qui
1723 4457 1954 4502 mentem

2049 3274 2193 3322 suas,
2218 3267 2271 3314 et
2300 3259 2443 3327 leges
2473 3271 2639 3311 novas
2682 3255 2997 3310 constituit:
3037 3254 3179 3324 quod
3212 3251 3256 3305 si
3292 3250 3432 3306 cives
3454 3249 3654 3319 legiti-

2048 3367 2136 3406 mo
2170 3351 2279 3421 regi
2305 3350 2441 3404 clam
2473 3348 2865 3411 denuntiariut,
2913 3356 2969 3400 ut
3000 3346 3101 3402 sibi
3149 3345 3283 3400 ferat
3328 3341 3603 3396 auxilium
3636 3382 3659 3406 ,

2047 3455 2102 3500 et
2133 3446 2306 3500 iratus
2352 3443 2443 3500 ille
2492 3443 2753 3498 adversus
2811 3441 3020 3496 hostem
3056 3438 3350 3493 exercitum
3381 3432 3653 3500 duxerit,

2048 3540 2300 3607 civesque
2328 3552 2386 3592 re
2421 3534 2713 3599 intellecta,
2760 3533 2869 3604 regi
2919 3548 3017 3589 suo
3054 3540 3241 3602 portas
3268 3527 3589 3600 aperuerint
3626 3546 3646 3594 ;

2051 3631 2359 3702 ingrediens
2383 3629 2495 3699 ipse
2519 3637 2733 3697 captum
2760 3628 2966 3681 hostem
3004 3622 3281 3687 interﬁcit,
3309 3629 3648 3689 statuasque

2061 3739 2189 3779 suas
2237 3732 2293 3777 et
2340 3721 2599 3792 pristinas
2634 3719 2796 3788 .leges
2857 3716 3113 3783 restituit,
3154 3714 3292 3785 regis
3328 3712 3647 3767 adversarii

2055 3814 2253 3869 statuis
2275 3824 2329 3867 et
2352 3813 2557 3883 legibus
2591 3810 2796 3866 eversis
2819 3816 2871 3864 et
2893 3807 3190 3879 abrogatis.
3220 3804 3367 3859 Tunc
3398 3804 3654 3858 incredio

2055 3906 2149 3962 bili
2168 3906 2357 3961 civitas
2381 3905 2615 3962 exsultat
2642 3901 2855 3974 gaudio.
2876 3901 2990 3956 Rex
3014 3910 3192 3955 autem
3212 3899 3263 3952 in
3292 3898 3375 3951 illa
3393 3896 3657 3961 habitat,

2056 4010 2109 4055 et
2136 4000 2213 4054 sic
2246 4013 2365 4054 eam
2406 3997 2601 4061 mttuit,
2633 4004 2690 4050 ut
2724 4010 2882 4049 nemo
2906 3993 3075 4067 possit
3099 3991 3325 4061 amplius
3349 4005 3409 4045 ea
3440 3990 3647 4059 potiri.

2060 4090 2124 4145 Et
2147 4090 2295 4145 cives
2344 4101 2472 4143 suos
2509 4086 2667 4141 docet
2706 4099 2855 4138 arma
2900 4091 3154 4145 tractare,
3188 4090 3246 4135 ut
3274 4078 3468 4134 nullum
3499 4093 3657 4130 me—

2062 4192 2218 4236 tuant
2248 4178 2640 4234 adversarium.
2662 4176 2753 4232 Sic
2773 4176 2936 4231 etiam
2967 4174 3147 4228 anima
3182 4180 3298 4242 post
3324 4179 3654 4234 susceptum

2062 4273 2353 4343 baptisma,
2394 4286 2423 4325 a
2475 4269 2690 4324 diabolo
2730 4267 2832 4323 fuit
2872 4274 3198 4338 expugnata,
3235 4262 3323 4334 qui
3355 4277 3473 4317 eaut
3530 4276 3652 4329 pro

2062 4367 2279 4421 libidine
2348 4380 2448 4420 sua
2502 4362 2701 4418 evertit
2748 4371 2910 4431 atque
2950 4359 3201 4420 vastavit,
3235 4356 3647 4423 exturbataque

2062 4460 2171 4513 veri
2209 4458 2350 4528 regis
2383 4456 2636 4525 imagine,
2663 4470 2815 4509 suam
2860 4451 3058 4516 erexit,
3091 4449 3404 4518 fecitquc'ut
3431 4446 3651 4501 misera

377 4552 409 4591 ³
438 4541 667 4595 mortuis
690 4540 950 4608 ειείῑειιῑν
979 4556 1113 4610 quos
1135 4540 1429 4611 Αροειοιιιε
1462 4550 1663 4594 ηοειεηι
1694 4539 1954 4609 θρρθιιειιε
1991 4546 2035 4600 D
2065 4550 2243 4603 anima
2272 4548 2450 4602 smcnli
2478 4548 2631 4601 iStins
2655 4544 2802 4598 curis
2836 4552 2889 4598 et
2919 4538 3368 4597 sollicitudinibus
3394 4547 3661 4604 vacaret,
3708 4534 3717 4543 ’

380 4628 506 4684 Νοη
528 4646 731 4696 sumus,
761 4632 1030 4700 inquiens,
1072 4633 1261 4697 noctis,
1284 4649 1374 4686 nec
1406 4633 1740 4686 tenebrarum
1766 4631 1832 4687 ⁸⁵.
1854 4628 1959 4685 Eos

380 4736 509 4775 vero
540 4722 629 4791 qui
666 4723 884 4779 desidia:
928 4726 1095 4781 dediti
1135 4742 1194 4782 se
1237 4726 1385 4797 ipsos
1442 4725 1739 4796 negligant,
1794 4740 1954 4780 coar-

381 4813 532 4884 guit:
565 4813 668 4880 Qui
712 4816 1001 4885 dormiunt,
1044 4818 1313 4886 inquiens,
1374 4829 1522 4873 nocte
1565 4818 1857 4881 dormiunt,
1910 4827 1959 4872 et

380 4908 470 4977 qui
514 4907 643 4961 ebrii
667 4919 811 4974 sunt,
838 4922 984 4963 nocte
1015 4922 1133 4964 sunt
1173 4913 1301 4965 ebrii
1325 4912 1403 4975 ‘7;
1445 4921 1500 4964 ct
1545 4926 1799 4965 rursum:
1840 4910 1962 4964 Dies

388 5001 599 5056 Domini
625 5013 876 5073 tanquam
907 5003 994 5073 [ur
1035 5006 1222 5068 veniet,
1251 5014 1297 5058 et
1336 5021 1439 5059 non
1463 5004 1710 5073 c/fugient
1739 5004 1806 5070 ⁸⁸,
1839 5018 1970 5073 quo-

387 5095 532 5149 niam
564 5104 690 5150 sunt
723 5095 775 5149 iu
803 5106 979 5152 nocte.
1015 5096 1097 5151 Ad
1132 5097 1247 5151 illos
1265 5108 1466 5159 autem,
1496 5096 1585 5164 qui
1612 5104 1844 5150 mentem
1875 5111 1970 5152 ex-

386 5185 558 5239 citant
602 5201 639 5253 5a
671 5187 836 5254 vitiis,
862 5203 983 5257 qua:
1028 5198 1153 5242 sunt
1202 5202 1350 5243 nox:
1408 5186 1719 5255 Indueutes,
1776 5188 1968 5257 iuqttit,

387 5276 607 5332 loricam
636 5278 786 5346 ﬁdei,
824 5289 872 5333 et
896 5278 1189 5343 clmritatis,
1214 5288 1261 5333 et
1305 5280 1514 5350 galeam
1542 5283 1649 5349 spei
1676 5280 1864 5335 salutis
1900 5280 1969 5334 “.

460 5369 531 5425 Χ.
580 5372 663 5425 Ab
717 5372 972 5442 operibus
1022 5388 1152 5442 ergo
1206 5383 1543 5429 mortuorum
1578 5375 1888 5444 vigilemus,
1916 5382 1973 5428 et

388 5464 584 5520 anima:
608 5464 893 5537 diligenter
945 5482 1219 5537 vacemus,
1269 5483 1337 5524 ne
1374 5469 1503 5539 quid
1536 5483 1781 5539 agamus,
1834 5467 1974 5539 quod

464 5691 511 5723 ‘°
541 5688 684 5749 Psal.
724 5707 820 5753 xu.
851 5692 906 5757 ι,
939 5691 992 5747 5.
1068 5691 1109 5723 ἰ
1147 5690 1289 5746 l‘sal.
1324 5705 1528 5753 Luxu,
1556 5688 1665 5745 2-5:

391 5778 540 5830 XXVI,
573 5763 625 5833 l,
655 5763 709 5820 3.
788 5764 834 5796 “
857 5763 875 5819 l
902 5763 1093 5820 Thess.
1130 5777 1181 5831 v,
1212 5765 1265 5817 ϐ.
1344 5763 1386 5796 ⁸⁷
1422 5762 1551 5818 ibid.
1578 5762 1630 5815 7.

2064 4650 2118 4697 et
2145 4641 2197 4693 in
2222 4639 2473 4695 omnibus
2502 4636 2649 4690 vitiis
2678 4645 2730 4691 el
2768 4632 3003 4704 peccatis
3027 4631 3377 4685 volutaretur.
3434 4625 3660 4680 Verum

2061 4746 2412 4805 posteaquam
2446 4730 2616 4784 sancti
2655 4728 2943 4798 magnique
2978 4724 3121 4792 regis
3148 4721 3273 4777 Jesu
3301 4718 3501 4778 Christi
3536 4716 3653 4771 δερ

2067 4825 2301 4897 nignilas
2328 4840 2444 4879 eam
2484 4824 2551 4878 ad
2599 4823 2971 4890 paenitentiam
3015 4817 3306 4881 revocavit,
3356 4815 3473 4869 laeta
3518 4811 3651 4882 regi

2070 4933 2167 4973 suo
2198 4917 2342 4972 fores
2376 4915 2606 4986 aperuit.
2630 4915 2805 4969 Atille
2833 4914 3114 4983 ingressus
3142 4907 3505 4963 adversarium
3534 4918 3654 4959 ex-

2073 5010 2225 5080 pulit,
2254 5020 2309 5063 et
2341 5019 2550 5077 turpem
2574 5007 2689 5075 ejus
2722 5006 3013 5076 imaginem
3052 5012 3216 5073 atque
3242 4999 3475 5056 nefarias
3503 4997 3667 5069 leges

2075 5100 2332 5164 abolevit,
2364 5101 2711 5167 animamque
2742 5098 2794 5151 in
2826 5096 3110 5167 pristinam
3145 5092 3446 5148 libertatem
3483 5088 3665 5141 vindi-

2073 5192 2213 5248 cavit
2240 5196 2326 5259 ;ct
2351 5204 2504 5244 suam
2538 5190 2591 5243 iu
2621 5188 2710 5243 illa
2740 5197 2982 5242 sanctam
3014 5183 3299 5255 imaginem
3318 5181 3671 5243 instaurans,

2073 5293 2290 5340 sanctas
2324 5282 2371 5337 ei
2410 5282 2555 5351 leges
2589 5280 2755 5345 dedit,
2788 5277 3173 5350 pugnandique
3199 5271 3447 5343 peritiam
3476 5270 3666 5324 tradi-

2076 5377 2176 5444 dit,
2202 5385 2256 5431 ct
2288 5389 2482 5430 sensus
2520 5372 2663 5428 illius
2692 5386 2881 5429 omnes
2906 5367 3282 5431 comumnivit,
3304 5378 3370 5419 ac
3396 5362 3667 5430 deinceps

2076 5468 2131 5523 in
2166 5483 2230 5524 ea
2267 5467 2343 5523 uti
2396 5480 2493 5523 sua
2543 5464 2829 5536 requievit.
2880 5461 3019 5518 Fieri
3050 5460 3196 5515 enim
3226 5472 3330 5513 non
3364 5463 3563 5527 potest,
3604 5463 3667 5508 ut

1746 5689 1788 5720 θ’
1822 5689 1944 5745 ibid.

2055 5731 2067 5753 ,
2105 5689 2191 5743 17.
2271 5691 2316 5723 ⁸⁸
2347 5689 2366 5744 l
2401 5689 2525 5747 Cor.
2559 5706 2611 5757 κ,
2653 5689 2705 5746 Ιι.
2786 5687 2833 5722 ⁸⁸
2867 5684 3009 5743 Psal.
3038 5699 3203 5749 cxvn,
3255 5680 3346 5738 52.
3421 5676 3470 5711 ⁸³
3506 5673 3660 5737 Paul.

1704 5760 1747 5793 ⁸⁸
1782 5762 1908 5817 ibid.
1932 5762 1988 5826 2.
2020 5761 2071 5816 ὖ.
2152 5764 2201 5796 θ’
2232 5762 2361 5819 ibid.
2391 5761 2445 5816 8.
