3862 6302
231 375 392 436 IIS]

1329 381 1387 437 S.
1428 379 1638 437 ISAIAS
1681 374 1975 432 ABBATIS
2013 376 2429 435 OBATi'ONES.

3395 378 3536 438 1182

231 494 442 551 anima
487 492 829 565 ingrediatur
861 493 912 549 in
947 495 1188 566 requiem
1249 495 1367 551 Filii
1416 494 1527 557 Dei.
1584 493 1686 549 nisi
1733 492 1846 562 ejus
1877 491 1924 549 Α
1952 505 2074 546 care
2104 503 2291 546 contra
2315 510 2395 547 me
2415 492 2484 546 τ’.
2520 491 2596 546 Ac
2631 494 2830 547 docens
2866 505 2985 558 nos,
3027 504 3095 546 ne
3121 500 3535 549 contemnamus

232 573 559 657 imaginem
584 584 798 642 habeat.
827 585 1292 653 Quemadmodum
1327 587 1472 643 enim
1507 585 1686 642 nullus
1705 601 1847 641 mer-

231 690 412 734 cator
443 694 728 734 nummum
758 679 980 750 accipit,
1018 680 1072 736 in
1102 695 1210 752 quo
1239 680 1384 751 regis
1419 681 1599 750 imago
1632 695 1740 734 non
1777 681 1848 736 sit

229 786 547 840 expressa,
595 787 770 840 neque
821 787 944 828 eum
999 772 1391 827 nummularius
1425 773 1639 842 probat,
1672 785 1848 842 neque

231 880 349 920 rex
385 866 444 918 in
476 880 634 921 suum
669 867 982 919 thesaurum
1034 865 1272 919 admittit
1312 880 1328 918 :
1365 863 1446 919 sic
1482 862 1689 931 janima,
1740 861 1845 917 nisi

233 957 403 1025 regis
450 958 630 1029 magni
678 967 732 1014 et
765 956 978 1013 Domini
1020 957 1189 1012 nosui
1244 955 1368 1013 Iesu
1429 955 1633 1012 Christi
1668 964 1848 1011 servet

232 1048 576 1120 imaginem,
620 1065 724 1106 non
775 1051 1038 1121 probatur
1077 1051 1145 1106 ab
1174 1050 1404 1121 angelis,
1441 1065 1616 1120 neque
1650 1049 1848 1104 admit-

235 1139 393 1195 titur
426 1140 498 1196 ab
521 1141 637 1212 ipso
662 1157 815 1213 rege;
845 1143 975 1207 quin
1010 1142 1189 1211 potius
1207 1142 1351 1196 audit
1386 1160 1399 1196 :
1437 1141 1718 1209 Quomodo
1741 1141 1846 1197 huc

233 1231 500 1298 intrasti,
533 1248 637 1286 non
665 1233 873 1288 habens
900 1233 1189 1305 imaginem
1238 1233 1458 1288 meam?

320 1319 445 1378 XII.
487 1322 656 1379 Porro
687 1324 940 1396 imaginis
1000 1336 1128 1381 nota
1191 1327 1431 1382 eltaritas
1493 1335 1600 1381 est.
1641 1325 1708 1380 In
1744 1329 1845 1381 Itoc

233 1412 415 1478 enim,
451 1413 646 1484 inquit,
676 1426 985 1486 cognoscent
1017 1434 1104 1472 vos
1139 1433 1278 1474 meos
1308 1434 1419 1474 esse
1462 1419 1767 1487 discipulos,
1801 1419 1848 1474 si

234 1504 554 1560 dilexeritis
589 1509 729 1560 inter
775 1525 866 1563 vos
889 1509 962 1565 '°.
1017 1509 1085 1563 At
1142 1510 1380 1566 charitas
1427 1511 1544 1581 ejus
1577 1511 1630 1567 in
1687 1511 1848 1568 nobis

236 1610 376 1651 esse
432 1612 539 1652 non
584 1609 795 1668 potest,
832 1616 954 1656 cum
1000 1603 1180 1657 anima
1226 1603 1298 1659 ita
1340 1603 1512 1660 divisa
1550 1604 1657 1673 sit,
1689 1615 1747 1660 ut
1791 1616 1846 1662 et

239 1689 426 1745 Deum
459 1700 689 1761 quaerat,
725 1704 781 1748 et
815 1693 1002 1764 diligat
1043 1710 1106 1751 ea
1146 1711 1266 1766 quae
1311 1697 1496 1752 mundi
1533 1707 1679 1754 sunt.
1716 1699 1844 1756 Ete-

238 1780 366 1836 ttim
397 1784 858 1852 quemadmodum
904 1787 1141 1843 volucris
1178 1790 1334 1846 unica
1375 1793 1464 1847 ala
1511 1792 1693 1850 volare
1735 1810 1842 1850 non

1956 598 2050 638 eos
2078 586 2171 654 qui
2205 585 2392 638 dicunt
2419 602 2435 639 :
2466 583 2692 652 Quando
2729 586 3033 653 poterimus
3056 599 3151 639 eos
3177 584 3378 651 delere,
3406 601 3530 643 cum

1952 684 2062 729 tam
2105 675 2257 729 multi
2305 675 2460 730 sint?
2493 674 2624 729 Non
2663 676 2875 744 poteris,
2905 675 3101 746 inquit,
3131 675 3303 731 delere
3349 693 3436 732 eos
3475 676 3534 732 in

1950 784 2087 822 anno
2121 784 2246 834 uno,
2280 784 2342 822 ne
2367 768 2504 839 forte
2533 779 2678 822 terra
2706 768 2910 822 deserta
2939 767 3287 838 relinquatur,
3318 779 3364 823 et
3397 769 3532 822 mul-

1948 861 2248 930 tiplicemur
2267 860 2395 930 fera:
2417 871 2598 915 contra
2627 872 2696 924 te,
2714 861 2804 916 sed
2825 861 3103 927 paulatim,
3127 861 3292 914 donec
3315 876 3533 915 numero

1950 955 2215 1024 augearis.
2256 953 2322 1008 Et
2371 954 2615 1009 dilatabit
2660 955 2799 1010 Deus
2847 956 3095 1010 terminos
3134 954 3337 1009 suos".
3373 953 3531 1022 Saepe

1947 1047 2112 1100 etiam
2144 1047 2400 1117 prmcepit
2427 1048 2533 1103 illis
2567 1048 2730 1114 Deus,
2769 1049 2926 1114 Cave,
2961 1048 3233 1117 inquiens,
3264 1063 3326 1100 ne
3358 1045 3528 1116 [tedas

1946 1137 2091 1191 ineas
2130 1153 2246 1191 cum
2284 1137 2622 1203 Chananteis,
2654 1155 2784 1210 quos
2821 1155 2914 1210 ego
2947 1155 3061 1191 sum
3090 1137 3356 1192 deleturus
3389 1152 3419 1188 a
3452 1135 3533 1205 [a-

1945 1231 2023 1284 cie
2047 1230 2222 1283 tua".
2261 1229 2378 1284 Iam
2406 1245 2529 1286 cutn
2563 1229 2720 1288 Iesus
2745 1232 2884 1287 filius
2913 1229 3060 1287 Nave
3093 1230 3347 1286 Hiericho
3373 1228 3528 1284 obsi-

1947 1322 2100 1376 deret
2138 1330 2198 1376 ιιι
2233 1321 2378 1376 illam
2429 1332 2719 1390 everteret,
2749 1325 3068 1391 Anatltema,
3110 1323 3305 1393 inquit,
3341 1322 3532 1375 consti-

1945 1428 2058 1472 tues
2087 1417 2261 1480 illam,
2289 1427 2337 1471 et
2369 1417 2549 1471 omnia
2580 1433 2697 1488 qua:
2725 1418 2777 1472 in
2821 1435 2881 1474 ea
2912 1427 3034 1472 sunt
3052 1417 3120 1472 τ’.
3151 1416 3219 1471 Et
3261 1431 3384 1472 eum
3412 1413 3529 1469 vel-

1946 1512 2019 1567 let
2054 1527 2270 1566 manum
2309 1527 2431 1566 cum
2463 1511 2620 1567 hoste
2647 1526 2958 1578 conserere,
2993 1526 3098 1566 non
3130 1509 3308 1580 potuit
3353 1506 3524 1564 Israel

1945 1606 2223 1671 resistere,
2259 1607 2354 1660 sed
2404 1604 2541 1676 fugit
2587 1620 2617 1658 a
2665 1606 2804 1659 l'aeie
2849 1603 2987 1676 ejus,
3019 1611 3240 1673 propter
3271 1601 3530 1672 exiguum

1945 1699 2262 1763 anathema,
2313 1698 2454 1768 (μιοά
2507 1699 2844 1768 surripuerat
2883 1697 3096 1751 Acha».
3136 1695 3203 1750 Et
3242 1694 3531 1764 procideus

1944 1789 2108 1846 Josne
2140 1791 2193 1845 in
2234 1789 2427 1846 faciem
2471 1805 2624 1844 suam
2671 1790 2925 1846 clamavit
2957 1789 3010 1844 in
3056 1795 3349 1858 conspectu
3385 1784 3478 1840 Dei
3513 1802 3530 1838 :

238 1881 458 1942 potest,
491 1875 569 1928 sic
599 1875 779 1929 anima
815 1877 1002 1946 nequit
1031 1877 1082 1932 in
1115 1877 1282 1932 Deutn
1311 1882 1584 1952 progredi,
1620 1884 1666 1936 si
1703 1883 1842 1938 alte-
1877 1865 1920 1921 Β
1957 1883 2141 1950 Vertit,
2171 1883 2439 1953 inquiens,
2478 1881 2650 1936 Israel
2683 1893 2833 1952 terga
2858 1881 3093 1936 inimicis-
3117 1879 3311 1934 suis".
3336 1878 3404 1933 Et
3429 1891 3534 1950 ego

239 1979 307 2020 ra
348 1974 508 2035 parte
560 1965 626 2020 ad
671 1969 929 2037 mundum
984 1969 1224 2026 inclinet.
1267 1972 1335 2026 Et
1387 1976 1841 2044 quemadmodum

239 2059 433 2124 mvis,
462 2059 508 2115 si
540 2060 670 2130 quid
699 2062 749 2116 ei
773 2063 1140 2119 necessarium
1177 2066 1336 2135 desit,
1363 2083 1461 2138 per
1486 2083 1635 2125 mare
1663 2078 1844 2126 trans-

239 2149 334 2205 ire
374 2165 483 2206 non
516 2161 730 2220 potest:
755 2154 836 2209 sic
868 2155 1072 2221 anima,
1096 2156 1140 2211 si
1172 2157 1343 2214 virtus
1397 2160 1446 2214 ei
1473 2160 1650 2231 aliqua
1680 2162 1841 2228 desit,

241 2245 728 2316 perturbationum
783 2248 1008 2319 pelagus
1059 2265 1168 2306 non
1221 2261 1398 2320 potest
1452 2254 1721 2324 trajicere.
1775 2254 1842 2310 Et

239 2337 709 2408 quemadmodum
739 2344 920 2397 nautae
940 2341 984 2397 si
1014 2343 1235 2414 pulchra
1261 2346 1606 2416 vestimenta,
1639 2359 1694 2403 et
1719 2350 1841 2404 chi-

242 2432 530 2499 rothecas,
565 2441 622 2488 et
660 2433 1035 2491 ealceamenta
1082 2436 1284 2493 habent
1326 2439 1634 2508 muliebria,
1665 2441 1842 2500 otiicio

245 2539 352 2581 suo
382 2524 528 2598 fungi
554 2534 609 2581 et
649 2527 904 2598 navigare
931 2543 1036 2584 non
1067 2541 1314 2599 possunt,
1347 2533 1474 2603 quia
1510 2551 1736 2592 necesse
1757 2547 1842 2594 est

246 2625 312 2671 ut
344 2615 455 2671 sint
484 2618 719 2687 expediti
749 2636 764 2675 :
796 2619 875 2675 sic
909 2621 1090 2676 anima
1122 2622 1398 2692 improbas
1427 2626 1712 2696 spirituum
1747 2628 1843 2682 ad-

245 2706 622 2762 versariorum
661 2709 925 2778 procellas
956 2726 1215 2782 superare
1233 2729 1340 2769 non
1372 2718 1534 2784 valet,
1559 2718 1662 2775 nisi
1685 2735 1841 2775 mun-

247 2798 304 2854 di
346 2801 495 2856 curis
536 2813 592 2856 et
639 2802 1096 2861 sollicitudinibus
1134 2807 1206 2862 sit
1245 2824 1433 2865 vacua.
1478 2810 1545 2865 Et
1580 2814 1841 2882 quemad-

249 2893 472 2950 modum
508 2895 666 2951 miles
692 2912 815 2952 cum
852 2898 1102 2956 hostibus
1136 2900 1394 2972 principis
1431 2903 1513 2961 sui
1555 2905 1838 2962 conflictu-

245 3000 373 3050 rus,
399 2985 449 3040 si
482 2999 635 3042 arma
698 2989 976 3056 deliciam,
1045 3009 1150 3048 non
1202 3003 1382 3064 potest
1438 2997 1732 3052 resistere:
1765 2999 1837 3053 ita

245 3074 452 3131 Christi
487 3075 833 3148 adversariis,
878 3081 931 3136 id
973 3092 1080 3148 est,
1130 3083 1282 3139 vitiis
1316 3093 1370 3138 et
1416 3087 1839 3155 perturbationi-

1946 1973 2074 2042 quid
2106 1972 2339 2026 faciam?
2379 1972 2443 2027 Et
2475 1973 2614 2027 dixit
2657 1972 2705 2026 ei
2738 1972 2988 2043 princeps
3019 1971 3228 2025 militiae
3255 1968 3470 2025 Domini
3504 1985 3524 2024 :

1948 2069 2211 2136 Quoniam
2251 2077 2329 2123 est
2357 2069 2411 2122 in
2441 2077 2491 2122 te
2521 2069 2827 2134 anathema,
2855 2065 3057 2133 Israel,
3094 2082 3200 2119 non
3226 2065 3420 2134 poteris
3446 2077 3543 2120 ro-

1945 2167 2129 2219 sistere
2161 2163 2388 2218 inimicis
2424 2163 2528 2216 tuis
2551 2161 2616 2216 ".
2654 2160 2722 2215 Et
2767 2175 2872 2214 non
2903 2157 3165 2228 processit
3196 2157 3248 2211 in
3284 2155 3528 2227 praelium

1945 2257 2118 2327 prius,
2155 2271 2316 2327 quam
2359 2271 2388 2311 e
2416 2256 2593 2309 medio
2626 2253 2839 2308 tolleret
2870 2251 3080 2305 Achan.
3119 2249 3200 2304 Ad
3235 2248 3348 2303 haec
3380 2247 3532 2303 vide-

1945 2365 2087 2416 mus,
2115 2335 2386 2420 quomodo
2423 2347 2639 2403 Saulem
2677 2360 2844 2417 regno
2865 2343 3181 2414 spoliaverit
3211 2339 3373 2409 Deus,
3401 2352 3530 2413 pro-

1943 2453 2064 2514 pter
2090 2442 2377 2496 anathema
2407 2439 2549 2510 quod
2577 2446 2796 2508 ceperat
2817 2451 2884 2491 ex
2913 2433 3136 2489 Amalec
3154 2433 3222 2487 ⁸¹.

2010 2533 2153 2589 XIV.
2195 2532 2354 2601 Quid,
2407 2530 2549 2602 quod
2598 2529 2739 2584 Deus
2794 2542 2902 2582 non
2949 2525 3122 2580 audiit
3163 2521 3349 2590 lsrael,
3398 2536 3525 2578 cum

1940 2627 2207 2682 Jonatltas
2239 2606 2449 2681 hastam
2489 2622 2802 2678 intinxisset
2847 2620 2901 2674 in
2952 2617 3132 2681 melle,
3165 2629 3400 2686 eumque
3431 2615 3529 2669 ad-

1943 2719 2201 2775 movisset
2264 2717 2346 2772 ori
2415 2731 2514 2771 suo
2540 2715 2625 2770 "’l
2685 2713 3045 2770 Ecclesiastes
3104 2719 3368 2780 praeterea
3428 2706 3532 2764 do-

1941 2827 2095 2880 cens,
2138 2810 2380 2882 quolibet
2441 2810 2668 2864 minimo
2708 2809 2840 2863 vitio
2881 2805 3139 2861 virtutum
3175 2803 3348 2862 aciem
3378 2801 3529 2858 fran-

1941 2907 1992 2976 gi
2045 2906 2260 2960 dicebat
2295 2922 2312 2962 :
2346 2903 2548 2958 Musca:
2598 2901 2878 2956 morientes
2929 2899 3157 2971 perdunt
3204 2896 3525 2953 suavitatem

1941 2997 2277 3070 unguenti“.
2321 2997 2387 3053 Et
2436 2996 2733 3053 Ezechiel:
2768 2995 3114 3065 Quacunque,
3180 2990 3379 3063 inquit,
3434 2987 3528 3044 die

1932 3094 2114 3162 justus
2146 3091 2414 3162 deﬂexerit
2438 3091 2502 3142 de
2534 3091 2616 3142 via
2633 3088 2860 3157 justitia:
2885 3102 3015 3151 sure,
3041 3094 3090 3139 et
3122 3083 3307 3154 fecerit
3331 3082 3527 3152 iniqui-

247 3165 556 3276 bus.homo
598 3182 903 3240 repugnare
934 3187 1040 3226 non
1076 3172 1230 3238 valet,
1267 3176 1311 3230 si
1368 3177 1630 3232 virtutum
1669 3179 1836 3235 armis
1862 3216 1906 3276 ο
1939 3194 2118 3247 tatem,
2159 3198 2337 3236 omnes
2356 3181 2587 3249 justitiae
2614 3184 2728 3249 ejus
2767 3179 3049 3232 tradentur
3091 3176 3339 3232 oblivioni
3362 3174 3441 3243 85;
3468 3183 3526 3231 et

247 3253 320 3307 sit
346 3252 658 3311 destitutus.
699 3257 765 3311 Et
792 3261 1252 3328 quemadmodum
1295 3265 1406 3337 (l7)
1433 3266 1476 3320 si
1500 3281 1626 3335 pars
1657 3269 1832 3340 aliqua

247 3347 388 3401 muri
431 3349 719 3416 corruerit,
758 3351 941 3409 hostes
972 3356 1026 3410 in
1061 3357 1254 3412 urbem
1287 3373 1386 3428 per
1431 3359 1578 3417 illam
1623 3362 1833 3432 ingredi

249 3447 528 3509 poterunt,
554 3439 684 3496 licet
715 3453 884 3513 portae
917 3447 1296 3504 custodiantur
1323 3467 1339 3504 :
1364 3451 1436 3506 ita
1483 3452 1527 3507 si
1558 3454 1681 3522 quis
1707 3455 1838 3510 tedi-

248 3529 358 3585 ﬁcii
399 3532 699 3602 spiritualis
743 3541 1144 3608 propugnacula
1196 3541 1376 3612 aliqua
1432 3557 1500 3598 ex
1546 3555 1699 3616 parte
1739 3563 1838 3618 per

247 3624 441 3680 vitium
488 3638 584 3683 aut
631 3627 894 3698 ﬂagitium
941 3633 1158 3703 aliquod
1216 3635 1358 3691 sinat
1393 3652 1672 3704 corruere,
1708 3641 1835 3697 licet

250 3733 509 3776 sensuum
544 3734 733 3791 portas
770 3725 971 3795 alioqui
1009 3727 1298 3799 diligenter
1331 3733 1622 3798 custodiat,
1655 3742 1834 3790 tamen

249 3815 594 3871 adversarius
625 3817 872 3874 diabolus
901 3821 1221 3891 ingreditur,
1250 3833 1304 3878 et
1331 3825 1528 3879 evertit
1561 3826 1762 3882 onmia.

321 3904 459 3962 Xlll.
501 3908 687 3979 Neque
716 3925 846 3966 vero
872 3912 986 3970 haec
1020 3913 1136 3984 ipse
1169 3916 1440 3986 contingo,
1475 3917 1570 3973 sed
1606 3920 1719 3989 ipsa
1751 3929 1834 3975 te-

253 4010 429 4056 statur
454 4001 632 4058 divina
663 4002 948 4076 Scriptura
977 4025 990 4061 :
1022 4005 1089 4061 Et
1127 4008 1262 4063 dixit
1294 4007 1435 4064 Deus
1469 4009 1586 4067 Noe
1612 4026 1631 4066 :
1658 4012 1728 4068 Te
1752 4031 1836 4069 so-

250 4093 356 4147 lum
392 4096 447 4148 in
485 4095 584 4150 hac
646 4101 984 4168 generatione
1027 4101 1135 4156 vidi
1182 4103 1396 4174 justum
1453 4117 1612 4179 atque
1661 4110 1836 4179 perfe-

252 4197 390 4241 ctura
415 4189 494 4254 '“;
532 4188 767 4246 Abrahae
802 4207 927 4248 vero
960 4211 974 4249 :
1011 4194 1260 4262 Ambula,
1301 4199 1495 4270 inquit,
1523 4217 1704 4256 coram
1731 4219 1833 4271 me,

250 4287 299 4332 et
324 4288 430 4333 esto
474 4281 757 4351 perfectus,
800 4295 846 4338 et
886 4302 1079 4354 ponam
1123 4299 1335 4357 pactum
1373 4307 1542 4346 meum
1582 4305 1749 4349 tecum
1781 4297 1837 4350 in

251 4371 616 4438 sempiternum
639 4373 720 4440 τίς
754 4383 807 4429 et
844 4372 994 4429 Isaac
1025 4376 1350 4432 benedicens
1384 4378 1493 4434 ﬁlio
1519 4394 1616 4435 suo
1643 4378 1839 4446 Iacob,

253 4461 413 4528 Deus,
441 4465 634 4536 inquit,
672 4483 816 4521 meus
849 4469 1147 4523 corroboret
1174 4477 1244 4535 te,
1274 4471 1439 4525 donec
1467 4473 1636 4542 possis
1661 4473 1835 4544 facere

1937 3270 2230 3342 Apostolus
2278 3288 2292 3325 :
2341 3269 2654 3334 Modicum,
2705 3267 2920 3339 inquit,
2983 3265 3301 3335 fermentum
3357 3272 3524 3319 totam

1937 3379 2169 3419 massam
2212 3363 2496 3431 corrumpit
2521 3361 2588 3414 ⁸⁸.
2639 3360 2880 3415 Ananias
2921 3369 3100 3414 autem
3144 3369 3201 3415 et
3256 3356 3523 3429 Sapphirn

1939 3473 2076 3511 uxor
2100 3457 2239 3525 ejus,
2263 3470 2386 3510 cum
2423 3455 2766 3510 fraudassent
2791 3453 2876 3519 .de
2905 3454 3078 3524 pretio
3099 3451 3216 3523 agri
3251 3451 3526 3507 mentien—

1937 3559 2041 3616 tes,
2071 3559 2291 3620 repente
2331 3548 2647 3604 ceciderunt
2683 3556 2810 3602 ante
2852 3547 3014 3617 pedes
3044 3545 3442 3616 apostolorum,
3466 3550 3523 3599 et

1936 3640 2368 3711 exspirarunt".
2405 3639 2460 3696 Si
2492 3639 2824 3710 quis,inquit
2851 3637 3111 3705 Iacobus,
3154 3646 3325 3692 totam
3348 3635 3513 3707 legem

1935 3734 2256 3800 servaverit,
2301 3733 2576 3803 o/fcnderit
2645 3742 2824 3788 autem
2885 3733 2941 3786 in
3004 3746 3148 3798 uno,
3216 3729 3388 3801 jactus
3446 3734 3526 3782 est

1939 3827 2169 3883 omnium
2196 3843 2314 3882 reus
2333 3827 2401 3883 ⁸⁸.
2433 3827 2701 3884 Admonet
2725 3840 2824 3882 nos
2849 3825 2994 3882 Deus
3013 3834 3072 3879 ut
3092 3823 3158 3878 ad
3191 3837 3250 3878 se
3269 3837 3368 3877 nos
3395 3835 3524 3875 eon-

1937 3936 2214 3979 vertamus
2244 3940 2258 3978 :
2294 3921 2362 3977 In
2399 3939 2503 3993 qua
2540 3921 2660 3986 die,
2711 3919 2965 3990 inquiens
3013 3932 3112 3988 per
3155 3913 3521 3974 Ezechielem.

1937 4016 2246 4072 converterit
2298 4032 2353 4070 se
2389 4015 2582 4086 impius
2606 4024 2639 4068 α
2666 4014 2749 4069 via
2789 4009 3075 4081 impietatis
3104 4024 3237 4073 sua',
3269 4016 3316 4060 et
3345 4005 3531 4074 fecerit

1928 4110 2207 4181 justitiam
2237 4119 2285 4164 et
2313 4108 2605 4180 judicium,
2631 4107 2973 4179 iniquitutum
3003 4103 3115 4174 ejus
3146 4119 3248 4157 non
3277 4101 3526 4156 "corda-—

1939 4203 2052 4268 bor,
2076 4204 2168 4258 sed
2190 4205 2293 4256 vita
2322 4203 2472 4257 vivet.
2504 4201 2643 4267 Quia
2666 4199 2788 4255 nolo
2827 4207 3048 4253 mortem
3095 4194 3407 4264 peccatoris,
3430 4191 3523 4246 sed

1936 4298 2110 4366 potius
2138 4309 2193 4350 ut
2236 4304 2547 4358 revertatur,
2572 4303 2620 4348 et
2643 4293 2778 4347 vivat
2797 4291 2868 4345 “.
2905 4288 3044 4343 Dicit
3069 4287 3324 4341 Dominus
3342 4284 3524 4341 Deus:

1938 4385 2333 4451 Convertimini,
2349 4391 2725 4439 convertentes.
2745 4381 2857 4436 Cur
2873 4381 3046 4434 interit
3064 4378 3251 4432 domus
3270 4375 3441 4431 Israel
3451 4372 3531 4430 ὀἳ

1938 4479 2003 4535 Et
2058 4478 2316 4537 leremias
2351 4495 2365 4532 :
2401 4474 2806 4539 Convertimini,
2843 4471 3040 4544 inquit,
3077 4471 3147 4524 ad
3187 4485 3293 4534 me,
3333 4469 3526 4522 domus

253 4573 448 4611 onmem
490 4558 807 4615 voluntatem
862 4561 1058 4632 ejus".
1088 4562 1153 4617 Et
1193 4563 1247 4618 in
1290 4563 1541 4622 Numeris
1571 4567 1830 4637 scriptum
1865 4578 1910 4635 1)
1942 4569 2136 4635 Israel,
2189 4577 2238 4622 et
2283 4567 2545 4636 propitius
2588 4581 2678 4620 ero
2729 4563 2898 4630 vobis,
2927 4562 3055 4616 dicit
3088 4559 3437 4628 Dominus";
3467 4565 3525 4614 et

253 4660 372 4705 est:
407 4649 593 4707 Omnis
634 4653 723 4723 qui
750 4664 924 4709 votum
964 4654 1117 4711 habet
1152 4672 1309 4727 super
1334 4673 1409 4722 se,
1443 4674 1499 4712 se
1533 4656 1702 4726 ipsum
1736 4675 1834 4712 cu-

254 4748 460 4813 stodiat,
504 4763 595 4800 nec
641 4749 818 4801 vinum
867 4747 1174 4816 bibat,'aut
1212 4763 1418 4804 acetum
1447 4765 1512 4805 ea;
1555 4750 1694 4816 vino,
1741 4760 1832 4804 aut

254 4845 497 4918 quidquid
532 4842 788 4897 inebriare
842 4851 1032 4910 potest,
1062 4859 1224 4912 usque
1272 4845 1342 4896 ad
1381 4845 1593 4899 acinum
1627 4844 1828 4912 urat”;

255 4947 308 4994 et
341 4937 390 4990 in
439 4936 856 4990 Deuteronomio
883 4953 896 4990 :
929 4933 988 4989 Si
1020 4937 1231 5002 exieris,
1259 4935 1454 5006 inquit,
1495 4938 1565 4991 ad
1601 4954 1831 5008 pugnam

255 5039 428 5083 contra
474 5028 806 5084 adversarios
846 5039 986 5093 tuos,
1035 5031 1240 5084 custodi
1272 5039 1322 5084 te
1362 5031 1533 5099 ipsum
1583 5030 1647 5084 ab
1687 5033 1829 5086 omni

257 5138 478 5177 sermone
509 5133 555 5176 et
590 5139 740 5186 opere
774 5123 934 5187 malo,
960 5119 1124 5178 donec
1153 5124 1401 5178 tradatur
1431 5125 1677 5180 inimicus
1706 5135 1829 5179 tuus

259 5215 310 5268 in
337 5231 520 5269 manus
553 5215 758 5270 tuas".
796 5213 966 5269 Porro
1003 5231 1068 5270 ex
1103 5216 1186 5270 his
1241 5228 1432 5286 septem
1462 5218 1700 5288 gentibus
1737 5235 1829 5274 ne-

256 5307 441 5362 minem
469 5311 683 5363 omnino
724 5311 985 5380 captivum
1020 5311 1271 5380 servabis,
1302 5328 1367 5368 ne
1397 5313 1583 5368 doceat
1630 5321 1680 5366 te
1707 5328 1830 5382 pec-

325 5464 372 5495 "
393 5463 550 5521 Joan.
585 5481 706 5530 xm.
740 5464 831 5523 55.
931 5466 974 5498 ⁷¹
1003 5465 1140 5522 Gen.
1170 5482 1270 5528 vn.
1305 5466 1357 5521 1.

259 5605 303 5679 ξ·
332 5606 346 5659 |
382 5607 628 5679 ltegrxv,
657 5607 724 5662 15
756 5624 879 5679 sqq.
979 5609 1027 5640 ⁸³
1056 5609 1070 5664 Ι
1105 5609 1238 5679 Reg.
1272 5625 1385 5674 XIV,
1420 5609 1510 5664 57-

262 5676 424 5804 :sqsq.
469 5676 542 5711 "'
565 5677 683 5738 Jac.
717 5694 780 5747 ιι,
802 5676 909 5736 't'o.
987 5680 1034 5712 ³⁹
1058 5676 1258 5739 Ezceh.
1287 5696 1450 5747 xvm,
1479 5680 1674 5749 (ἐι-25,
1714 5681 1804 5738 52.

297 5789 312 5816 ,
393 5791 406 5804 .

1449 5467 1497 5500 "
1528 5466 1666 5526 Gen.
1705 5484 1844 5531 xvu.
1892 5470 1945 5528 1.

264 5550 410 5600 um,
435 5539 490 5592 9.
566 5537 614 5569 ⁷⁸
645 5539 799 5591 Deut.
835 5553 926 5605 xx,
956 5537 1145 5595 16-18.
1221 5538 1266 5570 ⁷⁷
1291 5538 1444 5593 Deut.
1476 5554 1575 5605 VII,
1601 5539 1694 5594 29..
1771 5541 1819 5572 ⁷⁸
1842 5540 1972 5596 ibid.
2001 5540 2060 5594 2.

1610 5611 1656 5643 ⁸⁵
1684 5610 1859 5667 Eccle.
1890 5627 1944 5674 ι,
1975 5611 2028 5665 1.

1899 5683 1945 5715 ὀ
1976 5681 2172 5739 Eeeeb.
2210 5695 2406 5750 sum,
2444 5681 2534 5740 11.

1943 4661 2082 4716 idem
2144 4675 2370 4716 rursus:
2424 4656 2685 4730 Nunquid
2715 4659 2808 4729 qui
2845 4658 3056 4720 cecidit,
3088 4673 3192 4712 non
3248 4652 3530 4724 resurget}

1939 4763 1987 4808 et
2016 4753 2106 4823 qui
2158 4769 2369 4808 aversus
2403 4763 2504 4817 est,
2535 4768 2642 4806 non
2669 4749 2993 4806 revertetur?
3025 4749 3203 4816 Quare
3222 4763 3345 4818 ergo
3375 4761 3525 4800 aver-

1939 4862 2029 4900 sus
2059 4854 2131 4900 est
2161 4843 2384 4914 papulas
2408 4843 2505 4898 iste
2525 4841 2792 4897 aversione
2807 4840 3141 4895 contentiosa
3157 4839 3183 4892 7
3217 4837 3526 4908 Apprrhen-

1939 4942 2130 4996 derunt
2157 4939 2512 5002 mendacium,
2543 4946 2592 4993 et
2617 4935 2902 4992 noluerunt
2929 4933 3119 4988 reverti
3159 4936 3227 4987 ad
3269 4948 3370 4994 me,
3393 4929 3524 4985 dicit

1943 5035 2222 5088 Dominus.
2253 5031 2631 5088 Convertimini
2663 5030 2735 5085 ad
2775 5046 2881 5095 me,
2929 5037 2979 5083 et
3024 5044 3117 5098 ego
3154 5037 3427 5082 convertar
3452 5025 3524 5080 ad

1936 5143 2032 5181 vos
2051 5126 2139 5192 ";
2175 5136 2230 5182 et
2257 5123 2521 5180 Dominus
2549 5142 2565 5180 :
2590 5122 2652 5180 Si
2691 5123 3025 5188 dimiseritis,
3070 5121 3264 5191 inquit,
3299 5119 3525 5174 homini-

1937 5222 2031 5274 bus
2077 5228 2294 5288 peccata
2334 5233 2517 5272 eorum
2541 5257 2556 5284 ,
2595 5217 2824 5272 dimittet
2871 5226 2920 5270 et
2963 5215 3105 5270 vobis
3154 5209 3320 5266 Pater
3360 5221 3528 5265 vester

1938 5313 2159 5368 calestis
2196 5320 2410 5381 peccata
2447 5320 2638 5369 vestra.
2663 5308 2818 5377 Quod
2843 5309 2889 5366 si
2914 5323 3020 5365 non
3058 5303 3392 5372 dimiseritis,
3431 5319 3525 5358 nec

3276 5461 3322 5495 τ’
3365 5461 3519 5518 Deut.

2670 5464 3012 5589 ’ἒοίῖἓὲἷκῖἔῖ
3034 5464 3099 5589 ἓ)
3126 5464 3181 5520 ³’
3198 5535 3241 5568 ιιι
3269 5464 3520 5589 ξιξεᾶῗθὶὲἓ

2693 5537 2742 5571 ⁸⁸
2765 5536 2880 5592 Jos.
2911 5552 3006 5604 vn,
3034 5537 3088 5592 8.

2108 5609 2156 5642 ⁸⁸
2180 5608 2376 5665 Ezech.
2409 5625 2566 5678 xvut,
2598 5609 2688 5665 24.
2785 5609 2832 5641 “
2857 5607 2976 5665 Gal.
3005 5625 3057 5673 ν,
3091 5607 3146 5665 9.

2108 5681 2172 5738 τι..
2210 5695 2406 5749 sum,
2444 5681 2534 5740 11.
2627 5682 2669 5716 ’ί
2696 5678 2803 5738 Jer.
2839 5695 2922 5749 ιιι,
2973 5679 3063 5736 22.

2047 5467 2094 5500 "
2120 5465 2256 5524 Gen.
2294 5480 2491 5534 xxvnt,
2515 5467 2569 5523 5.

2172 5539 2220 5570 ⁷⁸
2243 5536 2357 5594 Jos.
2388 5551 2465 5604 vr,
2491 5539 2606 5594 t7.»

329 5907 436 5980 (l7)
474 5905 542 5962 Et
601 5908 1062 5980 quemadmodum,
1120 5917 1226 5970 etc.
1262 5907 1450 5969 Grtcce
1504 5909 1647 5969 infra
1677 5910 1712 5967 l.
1746 5926 1820 5981 c.,
1867 5926 1990 5984 cap.
2029 5911 2122 5970 15.
