3862 6348
300 378 445 438 H83

1378 371 1653 428 PATRES
1693 366 1996 429 .‘EGYPTII
2036 362 2311 423 δΑςουιι
2351 361 2442 420 iV.

3444 355 3585 423 1181

318 497 483 554 Pater
516 505 684 552 vester
726 497 952 552 dimittet
999 489 1230 550 vobis".
1265 486 1325 542 Si
1361 490 1478 558 quis
1512 496 1769 549 uestrum,
1800 484 1886 539 in-
1917 487 1964 545 Α
1995 480 2088 549 tibi
2128 480 2263 557 (l9),
2291 495 2359 536 ne
2391 494 2496 552 qua
2531 487 2583 536 te
2609 478 2816 539 malitia
2839 476 3090 553 sejungat
3128 474 3201 532 ab
3246 487 3368 548 οιηε
3394 472 3577 530 citari-

306 594 426 661 quit
455 590 768 663 Apostolus,
804 596 1209 659 prwoccupatus
1258 583 1416 654 fuerit
1449 584 1503 637 in
1537 580 1717 651 aliqua
1762 577 1893 632 deli-

306 696 415 750 cto,
448 700 535 739 eos
565 686 654 755 qui
693 681 995 753 spirituales
1041 679 1192 743 estis,
1244 676 1490 747 corripite
1540 671 1802 745 ejusmodi
1838 671 1893 725 in

307 777 497 844 spiritu
520 776 759 831 lenitatis
775 775 863 842 ἰς
895 782 950 830 et
976 772 1216 829 Iacobus
1247 787 1263 826 :
1292 768 1513 827 Fratres
1547 768 1671 832 mei,
1699 765 1893 835 inquit,

307 872 355 924 si
390 870 508 939 quis
549 885 615 924 ea;
650 869 795 925 vobis
829 868 1084 923 errauerit
1123 883 1157 921 a
1188 865 1433 929 veritate,
1481 871 1530 917 et
1582 858 1894 917 eottrerterit

305 961 423 1031 quis
451 977 593 1025 eum,
627 960 760 1015 scire
787 960 957 1024 debet,
999 956 1252 1028 quoniam
1304 953 1395 1025 qui
1429 951 1658 1009 converti
1710 950 1894 1021 fecerit

306 1064 635 1123 peccatorem
652 1055 720 1107 ab
754 1068 938 1108 errore
961 1052 1058 1108 vite
1074 1066 1208 1114 suat,
1236 1047 1461 1105 salvabit
1478 1046 1725 1113 ,animam
1742 1058 1894 1098 suam

305 1163 338 1198 a
372 1154 559 1210 morte,
587 1155 636 1199 et
663 1145 857 1213 operiet
882 1141 1271 1201 multitudinem
1302 1146 1639 1209 peccatorum
1660 1134 1728 1188 ’⁵.
1758 1132 1898 1189 Et'ce

306 1237 578 1305 quomodo
600 1246 795 1291 cuncta
825 1216 1230 1305 Scripturarum
1268 1228 1577 1289 testimonia
1613 1240 1713 1293 nos
1741 1240 1894 1281 com-

307 1337 529 1383 monent
566 1336 625 1381 ut
676 1326 1034 1397 nosmetipsos
1071 1324 1436 1396 exploremus,
1486 1334 1574 1385 ne,
1618 1318 1743 1375 dum
1780 1324 1896 1375 stu-

305 1422 398 1476 dio
440 1420 660 1475 virtutis
705 1419 1091 1481 incumbimus,
1134 1413 1396 1475 malitiam
1446 1426 1750 1474 servemus,
1804 1417 1898 1463 aut

306 1514 445 1567 iram
464 1513 729 1568 adversus
763 1511 1095 1581 proximum,
1123 1523 1244 1577 quae
1277 1504 1491 1562 labores
1520 1512 1736 1559 nostros
1765 1517 1890 1573 per-

304 1610 420 1676 dat,
470 1618 526 1664 ct
578 1608 838 1667 Dominus
900 1615 1083 1661 noster
1133 1601 1291 1660 Jesus
1342 1600 1599 1667 Christus
1651 1598 1806 1671 nobis
1830 1611 1899 1652 eo

308 1712 552 1770 tempore
604 1717 709 1755 non
768 1698 1084 1770 opituletur,
1140 1708 1262 1752 etrm
1312 1693 1515 1751 inimici
1570 1692 1743 1747 nostri
1796 1706 1896 1747 nos

305 1793 617 1847 alliixerint.
654 1792 751 1847 llis
775 1791 920 1846 enim
955 1790 1289 1860 indignatur,
1321 1801 1444 1843 cum
1470 1785 1544 1841 ait
1571 1801 1585 1839 :
1613 1784 1769 1841 Serve
1797 1800 1888 1838 ne-

305 1904 488 1953 quam,
522 1901 676 1941 omne
722 1885 951 1939 debitum
999 1883 1182 1938 dimisi
1225 1881 1340 1949 tibi,
1388 1880 1638 1949 quoniam
1692 1877 1893 1949 rogasti

306 1995 410 2046 me,
436 1994 607 2032 nonne
629 1977 859 2047 oportuit
875 1986 921 2031 et
951 1986 998 2030 te
1028 1975 1264 2029 misereri
1290 1972 1526 2028 conservi
1553 1970 1671 2025 tui?
1694 1968 1758 2025 Et
1780 1971 1891 2024 ira-

305 2083 390 2126 tus
444 2070 671 2125 tradidit
718 2086 837 2124 eum
892 2070 1203 2133 tortoribus,
1236 2067 1402 2125 donec
1459 2064 1699 2120 redderet
1740 2077 1893 2117 omne

304 2162 560 2216 debitum.
594 2160 684 2217 Sic
712 2160 873 2228 faciet
916 2159 1078 2214 Pater
1100 2175 1244 2213 meus
1267 2156 1513 2221 ctelestis,
1549 2154 1652 2210 nisi
1679 2154 1894 2207 dimise-

305 2255 422 2309 ritis
463 2254 820 2324 unusquisque
859 2247 1018 2322 fratri
1059 2261 1226 2308 vestro
1270 2267 1298 2307 e
1337 2249 1589 2305 cordibus
1623 2244 1889 2303 vestris“.

261 2407 264 2410 ,
303 2347 537 2418 Explora
573 2358 623 2401 te
651 2347 849 2417 ipsum,
888 2344 1076 2407 frater,
1117 2355 1175 2401 et
1225 2342 1466 2414 quotidie
1495 2356 1590 2399 cur
1617 2349 1767 2396 tuum
1797 2354 1893 2395 ex-

305 2451 429 2494 cute
455 2440 506 2494 in
543 2449 839 2510 conspectu
876 2438 990 2505 Dei,
1026 2448 1085 2494 ut
1119 2438 1390 2509 intelligas
1417 2444 1600 2491 utrum
1635 2435 1687 2489 in
1720 2446 1784 2489 eo
1809 2446 1894 2487 re-

306 2531 486 2587 sideat
538 2530 866 2601 indignatio,
903 2540 999 2585 aut
1032 2530 1214 2586 odium
1250 2530 1306 2587 in
1339 2528 1562 2584 fratrem
1594 2535 1770 2590 tuum,
1802 2529 1895 2577 aut

206 2616 213 2622 ’
306 2623 661 2690 contumelia,
686 2633 783 2677 aut
833 2622 1055 2690 invidia,
1096 2632 1190 2677 aut
1236 2620 1515 2690 superbia.
1550 2617 1816 2687 Quoniam
1845 2615 1893 2672 si

303 2714 570 2784 (inmundi
602 2730 809 2771 veneno
845 2715 1104 2771 infectum
1150 2714 1336 2778 luerit,
1375 2713 1486 2771 Deo
1518 2713 1735 2782 placere
1787 2727 1893 2770 non

304 2808 528 2875 poterit.
562 2806 681 2862 Tibi
714 2808 765 2861 in
797 2806 1116 2863 memoriam
1146 2807 1327 2875 redige
1358 2807 1521 2865 verba
1556 2805 1644 2860 illa
1676 2805 1891 2861 Domini

303 2900 429 2956 ἔθευ
454 2920 468 2956 :
500 2898 621 2955 Nisi
642 2900 911 2955 dimiserit
931 2900 1285 2970 unusquisque
1307 2901 1549 2967 proximo
1579 2915 1676 2953 suo
1697 2914 1762 2954 ex
1787 2908 1895 2954 toto

304 2995 484 3049 corde.

377 3084 494 3141 XV.
533 3084 793 3156 Quisquis
842 3085 1006 3156 igitur
1041 3084 1213 3148 timet,
1250 3098 1318 3143 ne
1367 3083 1419 3138 in
1468 3083 1776 3153 gehennam
1813 3081 1896 3137 in-

2000 582 2132 643 tate,
2165 588 2232 630 ne
2276 586 2491 639 aurum,
2521 582 2615 629 aut
2643 581 2957 645 argentum,
2988 581 3082 626 aut
3108 570 3272 635 ardes,
3303 578 3397 623 aut
3430 566 3581 623 volu-

1999 677 2143 738 ptas,
2188 677 2282 723 aut
2311 666 2517 735 odium,
2553 676 2647 723 aut
2693 664 3044 732 contumelia,
3072 671 3166 718 aut
3197 661 3451 719 acerbius
3480 658 3581 714 ali.

1996 760 2139 831 quod
2192 759 2418 831 dictum,
2461 769 2555 815 aut
2598 758 2763 823 ullum
2799 756 2942 821 aliud
2990 755 3242 813 draconis
3293 769 3585 817 venenum,

1995 868 2104 925 quo
2152 852 2241 908 ille
2283 868 2379 908 cor
2422 862 2669 913 nostrum
2718 849 3002 906 alllaverit.
3032 848 3111 905 Ne
3158 848 3463 912 turbamur,
3493 845 3590 902 sed

1994 941 2175 1011 potius
2224 939 2279 996 in
2336 949 2644 1012 serpentem
2696 955 2908 995 atticum
2974 939 3147 995 aciem
3217 937 3586 1004 intendamus,

2000 1048 2161 1101 quem
2197 1046 2264 1087 ex
2291 1045 2545 1089 sermone
2569 1030 2783 1086 Domini
2814 1030 2992 1087 Moses
3015 1030 3197 1085 fecit‘.
3236 1029 3412 1100 Ligno
3441 1028 3591 1085 enim

1997 1125 2146 1181 illum
2185 1123 2354 1181 aliiin
2386 1124 2439 1180 in
2474 1123 2678 1190 montis
2715 1123 2942 1188 vertice,
2967 1132 3026 1178 ut
3054 1122 3371 1194 quicunque
3402 1120 3596 1179 fuisset

1996 1235 2027 1274 a
2077 1219 2426 1290 serpentibus
2474 1233 2712 1285 morsus,
2765 1218 2948 1275 statim
3000 1218 3055 1273 in
3104 1231 3228 1272 eum
3264 1214 3592 1287 respiciens,

1996 1322 2303 1379 curaretur.
2321 1311 2580 1368 Dominus
2622 1321 2806 1366 noster
2830 1309 2990 1366 Jesus
3019 1309 3269 1366 Christus
3287 1311 3445 1365 tene‘o
3470 1322 3593 1365 scr-

1996 1406 2142 1476 penti
2172 1404 2506 1465 assimilatas
2535 1413 2640 1461 est.
2679 1403 3129 1476 Quandoquidem
3177 1402 3439 1458 inimicus
3487 1411 3596 1467 est,

1996 1515 2158 1571 quem
2204 1498 2414 1556 audivit
2464 1498 2663 1564 Adam,
2696 1498 2953 1556 inimicus
2984 1498 3322 1555 constitutus
3350 1505 3437 1552 est
3473 1497 3597 1554 Dei.

1994 1592 2066 1645 At
2096 1589 2355 1646 Dominus
2380 1601 2574 1645 noster
2600 1586 2761 1645 Jesus
2788 1589 3066 1655 Christus,
3103 1588 3383 1662 perfectus
3427 1590 3599 1645 homo

1998 1682 2173 1753 factus
2224 1692 2307 1738 est
2360 1683 2413 1736 in
2465 1682 2757 1748 omnibus,
2817 1693 3047 1753 excepto
3091 1692 3335 1753 peccato,
3395 1681 3599 1736 similis

1994 1775 2167 1829 Adam
2207 1783 2428 1848 propter
2460 1790 2555 1831 nos
2575 1776 2619 1830 ¹.
2655 1774 2825 1831 Porro
2857 1790 3083 1848 serpens
3110 1784 3193 1831 est
3229 1789 3441 1841 tenens,
3466 1775 3596 1844 quia

1993 1865 2187 1921 similis
2219 1876 2303 1922 est
2327 1867 2400 1922 illi
2431 1870 2520 1938 qui
2554 1866 2646 1923 Dei
2670 1875 2790 1924 erat
2822 1866 3102 1935 inimicus;
3133 1881 3238 1922 non
3269 1878 3458 1923 tamen
3497 1867 3600 1921 im-

1993 1962 2218 2032 probam
2252 1962 2416 2021 habet
2445 1961 2855 2032 cbgitationem,
2887 1976 3064 2032 neque
3096 1975 3390 2028 venenum,
3419 1975 3602 2033 neque

1994 2057 2284 2127 malitiam,
2308 2070 2484 2126 neque
2517 2056 2802 2112 abscondit
2829 2069 2970 2122 sese,
2996 2071 3173 2135 neque
3202 2055 3377 2123 alllat,
3413 2070 3602 2137 neque

1994 2149 2250 2231 spiritum
2280 2147 2447 2204 habet
2475 2147 2702 2207 inimici.
2734 2147 2996 2220 Figuram
3032 2149 3175 2207 hanc
3207 2148 3378 2205 subiit
3412 2147 3599 2203 Bomi-

1994 2256 2096 2296 nus
2123 2249 2307 2297 noster
2328 2239 2486 2297 lesus
2514 2239 2789 2309 Christus,
2823 2249 2881 2313 ut
2902 2254 3169 2299 venenum
3204 2239 3336 2294 illud
3370 2239 3594 2297 exstin-

1995 2344 2187 2407 gueret
2223 2334 2365 2403 quod
2398 2348 2466 2389 ex
2506 2350 2603 2408 ore
2651 2334 2904 2393 draconis
2954 2334 3126 2393 Adam
3168 2334 3454 2395 hauserat.
3487 2330 3597 2388 Na-

1997 2437 2113 2493 tura
2146 2426 2311 2498 igitur
2343 2443 2462 2507 quas
2508 2426 2684 2483 fuerat
2717 2430 3033 2498 depravata,
3065 2428 3117 2482 in
3150 2427 3435 2501 proprium
3478 2437 3597 2483 sta-

1999 2529 2109 2577 tum
2144 2519 2365 2577 redacta
2431 2528 2534 2578 est.
2577 2519 2720 2587 Quid
2756 2532 2859 2583 est,
2895 2520 3070 2591 inquit
3100 2520 3362 2589 Dominus
3399 2517 3600 2588 Moysi,

1994 2612 2135 2682 quod
2172 2608 2334 2666 habes
2390 2611 2446 2665 in
2482 2626 2643 2665 manu
2692 2610 2825 2665 tua?
2850 2609 2923 2663 Et
2953 2609 3088 2662 diuit
3122 2619 3143 2660 :
3186 2605 3427 2677 Virgam.
3458 2603 3601 2660 Pro-

1987 2705 2117 2776 jice,
2151 2704 2343 2776 inquit,
2385 2702 2532 2758 illaut
2569 2704 2626 2759 in
2655 2714 2873 2759 terram.
2915 2703 3048 2770 Qua:
3086 2702 3322 2777 projecta
3379 2704 3437 2757 in
3480 2715 3601 2769 ser:

1996 2808 2202 2868 pentem
2247 2813 2498 2855 conversa
2547 2804 2643 2852 est.
2682 2797 2749 2851 Et
2776 2797 2915 2869 fugit
2961 2795 3170 2867 Moyses
3202 2812 3234 2849 a
3266 2794 3407 2865 facie
3451 2792 3599 2863 ejus.

1999 2889 2066 2961 Et
2108 2891 2243 2945 dixit
2286 2889 2369 2961 illi
2408 2890 2548 2947 Deus
2585 2904 2603 2945 :
2634 2888 2874 2955 Extende
2910 2904 3124 2950 manum
3166 2899 3339 2956 tuam,
3376 2896 3424 2942 et
3462 2898 3599 2940 cast-

1996 2986 2121 3040 dam
2167 2986 2330 3057 ipsius
2375 2984 2720 3061 apprehende.
2755 2986 2911 3052 Quad
2967 2984 3055 3039 ille
3117 3001 3236 3039 cum
3268 2984 3503 3053 fet-isset,
3536 2983 3600 3037 in

1998 3080 2200 3152 uirgam
2224 3096 2503 3136 conrersus
2520 3090 2593 3136 est
2615 3096 2825 3151 serpens
2842 3062 2891 3134 ³.
2911 3078 2978 3135 Ει
3011 3078 3151 3136 dixit
3206 3077 3347 3141 Deus
3376 3090 3390 3128 :
3428 3071 3601 3130 Sume

307 3193 514 3242 currat,
548 3194 768 3235 omnem
809 3195 840 3235 e
884 3178 1049 3234 corde
1078 3192 1180 3233 suo
1211 3176 1470 3233 malitiam
1499 3175 1756 3246 expellat.
1793 3176 1893 3230 At-
1924 3205 1967 3265 ο
1999 3176 2227 3245 virgam,
2261 3191 2381 3245 quae
2430 3175 2483 3243 in
2524 3183 2833 3243 serpentem
2883 3186 3039 3239 versa
3094 3177 3202 3235 est,
3244 3179 3298 3243 et
3360 3167 3596 3238 flaminis;

309 3272 469 3328 tende
505 3272 653 3328 cordi
693 3282 785 3326 tuo
819 3272 958 3342 (l8),
999 3271 1187 3338 frater,
1224 3280 1278 3325 et.
1312 3269 1494 3340 vigila.
1527 3268 1723 3333 Hostes
1750 3269 1896 3324 enim

310 3363 485 3419 nostri
509 3373 648 3427 ,suut
688 3362 1039 3427 sstutissimi,
1067 3372 1121 3418 et
1150 3376 1423 3430 nunquam
1459 3359 1760 3421 dormiunt.
1791 3356 1904 3414 Sci-

306 3464 366 3512 to
400 3457 513 3511 lieri
556 3473 666 3511 non
697 3470 880 3527 posse,
914 3466 971 3511 ut
1007 3456 1194 3520 homo,
1225 3454 1352 3509 dum
1388 3451 1530 3509 male
1561 3452 1694 3524 agit,
1734 3450 1902 3506 faciat

307 3549 469 3605 bona.
506 3548 689 3604 Petest
732 3557 912 3605 tamen
954 3547 1057 3604 sub
1101 3547 1285 3616 specie
1336 3545 1465 3602 boui
1512 3544 1654 3600 mala
1692 3543 1897 3600 facere.

310 3640 518 3695 Idcirco
578 3639 840 3717 Dominus
872 3639 941 3695 ad
1002 3636 1330 3710 vigilandum
1392 3650 1491 3691 nos
1540 3635 1900 3692 hortabatur:

307 3730 547 3800 Augusta
582 3731 718 3785 enim
745 3740 1026 3798 estporlu,
1051 3742 1104 3791 et
1129 3741 1277 3784 arcta
1308 3739 1383 3783 est
1413 3729 1498 3784 uia
1524 3745 1641 3799 qua:
1665 3729 1809 3782 ducit
1833 3729 1902 3782 ad

307 3822 489 3884 iitum,
515 3831 565 3874 et
589 3823 745 3890 pauci
771 3821 1038 3877 inveniunt
1069 3838 1204 3876 eam.
1236 3819 1373 3875 Lata
1397 3829 1573 3873 autem
1600 3830 1647 3873 et
1668 3819 1903 3887 spatiosa

305 3921 382 3967 est
410 3912 497 3965 via
535 3929 654 3982 qua:
702 3912 845 3967 ducit
880 3914 947 3967 ad
976 3914 1343 3981 perditionem,
1381 3922 1427 3967 et
1467 3911 1617 3967 multi
1644 3922 1767 3973 sunt
1813 3911 1903 3976 qui

306 4004 674 4072 ingrediantur
710 4021 804 4070 per
845 4005 1081 4062 illam".
1113 4004 1403 4073 Attendite,
1442 4005 1642 4075 inquit,
1676 4022 1708 4057 a
1752 4003 1902 4073 falsis

308 4095 578 4164 prophetis
630 4096 721 4167 qui
755 4098 963 4151 ueniunt
1004 4098 1072 4161 ad
1120 4114 1209 4152 vos
1256 4099 1311 4152 in
1344 4097 1663 4152 vestimentis
1704 4098 1900 4160 ouium,

276 4188 623 4243 .iutrinsecus
679 4198 856 4243 autem
910 4198 1031 4244 sunt
1088 4190 1199 4260 lupi
1257 4205 1511 4260 rapaces;
1570 4206 1602 4244 a
1645 4188 1902 4260 fructibus

309 4280 546 4347 ipsorum
575 4283 896 4351 cognoscetis
921 4299 1006 4347 eos
1028 4283 1095 4338 ³⁸.
1121 4282 1351 4350 Quinam
1383 4292 1508 4339 sunt
1528 4282 1735 4339 fruetus
1769 4282 1904 4339 isto-

309 4372 472 4427 rum?
499 4374 682 4429 omnia
721 4384 954 4444 peccata
1001 4374 1069 4431 ad
1120 4391 1242 4446 quae
1277 4391 1377 4432 nos
1417 4386 1687 4433 conantur
1718 4374 1904 4447 impel-

309 4462 445 4519 lere.
477 4464 730 4521 Attameu
766 4482 861 4525 eos
886 4468 977 4538 qui
1005 4468 1171 4524 Deum
1199 4484 1266 4524 ex
1307 4477 1420 4525 toto
1453 4470 1621 4525 corde
1649 4467 1900 4539 diligunt,
1947 4473 1965 4490 '

2002 3269 2225 3340 Egypti
2270 3268 2530 3339 percutitis
2576 3270 2633 3322 in
2690 3275 2969 3335 conspectu
3017 3262 3416 3331 l’haraonis,et
3448 3277 3603 3333 aqua

2002 3362 2117 3432 ejus
2149 3370 2375 3416 vertetur
2398 3361 2453 3416 in
2472 3360 2798 3430 sanguinem
2814 3361 2856 3413 ⁸.
2890 3358 2954 3414 Et
2983 3373 3174 3429 rursus
3202 3356 3458 3427 eamdem
3482 3354 3598 3419 vir-

2000 3471 2124 3525 gam
2157 3456 2432 3526 accipiens
2471 3472 2485 3511 :
2520 3454 2745 3521 Percute
2783 3469 2930 3509 mare
2967 3452 3225 3519 Rubrum,
3251 3459 3300 3506 et
3324 3449 3603 3523 arescet'-

2004 3548 2218 3605 Petram
2246 3533 2374 3615 item
2403 3548 2593 3605 eadem
2622 3547 2769 3617 virga
2800 3544 3091 3616 percutito,
3110 3552 3167 3599 et
3195 3557 3394 3613 aquam
3418 3539 3599 3600 eﬂun-

2005 3641 2156 3699 det“.

2077 3731 2217 3788 XVI.
2256 3732 2476 3798 Cernis,
2511 3731 2783 3802 quomodo
2815 3730 2910 3801 qui
2959 3742 3056 3800 per
3112 3727 3336 3797 vestigia
3378 3722 3607 3784 ι)δῦἴηὶ

2006 3829 2178 3887 nostri
2225 3826 2355 3884 Jesu
2384 3826 2588 3891 Christi
2624 3825 2850 3890 incedit,
2904 3831 3260 3895 posteaquam
3302 3820 3477 3877 fartus
3510 3828 3596 3877 est

2006 3921 2259 3977 inimicus
2306 3932 2363 3976 et
2415 3932 2665 3988 serpens,
2693 3916 2749 3971 in
2804 3916 3015 3988 virgam
3049 3914 3301 3981 vertitur,
3328 3922 3386 3968 et
3413 3911 3597 3968 nullus

2007 4014 2081 4071 illi
2106 4014 2362 4077 resistere
2392 4018 2570 4084 potest
2600 4009 2984 4069 adversarius?
3006 4007 3325 4079 Mysterium
3352 4006 3454 4062 hoc
3474 4020 3596 4060 ma-

1978 4122 2168 4177 ‘gnum
2202 4114 2306 4162 est.
2340 4102 2399 4160 Si
2451 4104 2616 4175 igitur
2650 4102 2818 4165 draco
2852 4117 3011 4158 suum
3052 4102 3107 4156 in
3138 4114 3236 4155 nos
3267 4099 3420 4155 virus
3445 4096 3595 4152 ellu-

2005 4198 2166 4271 derit,
2193 4197 2382 4253 oculos
2410 4203 2626 4251 nostros
2652 4195 2719 4251 ad
2755 4192 3079 4261 crucifixum
3109 4191 3475 4257 intendamus,
3496 4188 3596 4262 qui

2004 4299 2229 4363 propter
2280 4303 2380 4346 nos
2423 4288 2540 4344 haec
2593 4287 2776 4343 omnia
2812 4301 3004 4359 passus
3036 4295 3146 4351 est,
3196 4299 3372 4356 neque
3410 4294 3595 4340 tamen

2006 4380 2327 4445 iuunutatus
2351 4387 2457 4446 est,
2474 4392 2653 4449 neque
2693 4377 2774 4433 ira
2801 4386 3108 4435 commotus
3130 4377 3186 4432 in
3214 4390 3309 4431 eos
3332 4390 3363 4430 a
3395 4375 3605 4447 quibus

2009 4482 2085 4533 tot
2114 4474 2329 4545 injuriis
2350 4482 2414 4530 .et
2440 4470 2786 4531 contumeliis
2810 4470 3166 4535 adiciebatur,
3199 4468 3333 4524 nihil
3363 4484 3596 4540 respon-

308 4558 560 4628 decipcrc
583 4570 865 4632 nequeunt
894 4561 1012 4621 falsi
1041 4563 1338 4633 prophetae.
1370 4561 1525 4629 Quis,
1558 4561 1903 4632 inquitApo-
1934 4559 1979 4615 Ι)
2010 4568 2168 4634 dens,
2206 4566 2301 4623 sed
2334 4565 2400 4621 ad
2437 4564 2575 4622 aenei
2604 4563 2875 4634 serpentis
2905 4562 3310 4633 similitudinem
3338 4560 3595 4619 immobi-

308 4652 502 4718 stolus,
527 4669 621 4708 nos
645 4650 904 4722 separabit
926 4672 962 4709 α
984 4655 1249 4715 ,cltaritale
1272 4652 1520 4711 Christi?
1545 4653 1847 4709 Tribulatio
1878 4656 1905 4711 ἲ

308 4762 379 4799 ιιι
409 4746 652 4816 angustia
666 4746 691 4799 .9
704 4763 776 4803 an
788 4746 960 4817 fames
974 4748 999 4802 .9
1014 4765 1084 4807 an
1104 4747 1402 4817 periculum
1419 4748 1445 4803 ?
1462 4764 1531 4803 an
1562 4748 1778 4803 uuditas
1792 4748 1818 4801 ?
1836 4764 1908 4804 att

305 4839 555 4910 gladius?
571 4837 757 4895 Certus
778 4857 893 4894 sum
910 4842 1048 4897 enim
1064 4842 1205 4911 quod
1224 4858 1385 4909 neque
1410 4858 1572 4906 mors,
1597 4855 1760 4911 neque
1775 4843 1904 4909 vita,

308 4930 677 5003 nequenngeli,
694 4948 856 5002 neque
867 4935 1218 5003 principatus,
1236 4951 1395 5005 neque
1417 4937 1721 5004 prtes'entia,
1736 4952 1903 5007 neque

314 5023 523 5090 futura,
544 5041 710 5095 neque
735 5026 845 5080 ulla
887 5025 998 5085 alia
1031 5037 1276 5087 creatura
1304 5030 1495 5096 poterit
1524 5045 1617 5083 nos
1648 5045 1900 5097 separare

313 5133 346 5168 α
372 5119 635 5177 charitate
662 5117 864 5179 Christi
882 5121 949 5176 9’.
975 5120 1408 5189 Animadvertis,
1441 5123 1512 5179 mi
1544 5121 1733 5186 frater.
1767 5124 1899 5179 nihil

315 5224 439 5265 esse
470 5212 523 5266 in
552 5212 777 5278 mundo,
800 5214 943 5284 quod
974 5229 1039 5271 ex
1068 5224 1186 5272 tuto
1218 5214 1385 5277 corde
1414 5214 1700 5285 diligentes
1728 5216 1896 5271 Deum

313 5304 493 5372 possit
532 5307 602 5360 ab
629 5305 799 5375 ipsius
824 5307 1107 5365 .cbaritato
1146 5322 1434 5378 separare.
1462 5307 1699 5364 Attende
1732 5307 1898 5378 igitur

381 5460 432 5494 ”
466 5459 755 5523 Malllt.\'l.
792 5462 882 5523 H.
920 5463 1004 5519 l5.
1080 5464 1130 5496 ”
1152 5462 1279 5520 Gal.
1306 5480 1379 5526 vt.
1414 5467 1465 5520 l.

308 5532 358 5567 ”
382 5532 515 5588 ibid.
550 5533 636 5594 15.
672 5534 754 5587 16.
829 5535 876 5567 ’³
906 5534 1068 5593 Rern.
1100 5551 1221 5599 vm,
1255 5536 1341 5595 δῦ.
1375 5537 1465 5602 53,
1496 5537 1587 5592 59.

314 5619 410 5670 νη.
448 5605 534 5660 l9.
606 5606 820 5664 “Exod.
849 5619 961 5674 xsv,
999 5608 1087 5663 16.

1558 5466 1605 5497 ’⁸
1626 5464 1745 5520 Jac.
1777 5480 1827 5526 ν,
1871 5464 1956 5532 19,
1986 5465 2076 5520 20.

1696 5538 1710 5566 ¹
1740 5535 1901 5590 Nunt.
1940 5554 2052 5602 ut,
2079 5536 2134 5602 8,
2161 5536 2214 5593 9.
2292 5540 2310 5569 ’
2340 5536 2501 5594 llebt‘.
2536 5551 2610 5603 tv,
2652 5534 2737 5591 l5.

1189 5608 1211 5640 ‘
1235 5605 1396 5667 Num.
1430 5625 1523 5674 xx,
1548 5612 1607 5664 8.
1686 5608 1705 5640 '
1734 5606 1893 5665 Joan.
1926 5625 2011 5676 Ill,
2046 5608 2134 5664 14.

2010 4659 2079 4716 lis
2114 4673 2361 4715 manens.
2398 4658 2766 4726 Quamobrem
2813 4656 2860 4713 si
2895 4655 3159 4713 auxilium
3192 4653 3308 4725 ejus
3334 4652 3597 4720 implora-

2010 4753 2274 4819 vcrimus,
2304 4751 2373 4807 ab
2401 4751 2741 4809 occultorum
2771 4750 3105 4823 serpentium
3146 4746 3420 4803 morsibus
3449 4746 3595 4801 inte-

2010 4845 2091 4915 gri
2116 4842 2581 4914 permanebimus.
2624 4839 2687 4897 In
2717 4856 2783 4898 eo
2826 4841 2990 4897 situm
3020 4848 3102 4895 est
3132 4839 3300 4895 robur
3326 4844 3382 4893 et
3408 4837 3596 4908 praesi-

2002 4938 2151 4993 dium
2206 4941 2477 4988 nostrum.
2528 4931 2986 4997 Quemadmodum
3033 4930 3202 4996 enim,
3237 4928 3411 4999 inquit
3459 4928 3597 4999 ipse,

2004 5028 2210 5099 Moyses
2264 5025 2516 5082 exultavit
2555 5035 2845 5094 serpentem
2896 5024 2952 5079 in
2976 5024 3211 5087 deserto,
3243 5022 3323 5075 sic
3350 5020 3584 5075 exaltari

2000 5130 2208 5191 oportet
2237 5119 2443 5176 Filium
2476 5118 2728 5182 hominis,
2757 5126 2814 5170 ut
2846 5115 3020 5172 omnis
3053 5116 3140 5185 qui
3175 5114 3345 5169 credit
3379 5112 3432 5167 in
3458 5129 3596 5167 eum.

2000 5230 2103 5273 non
2132 5223 2330 5282 pereat,
2351 5212 2440 5268 sed
2462 5210 2653 5267 habeat
2682 5212 2839 5267 vitam
2866 5219 3117 5267 attentam
3138 5207 3184 5264 ⁷.
3217 5234 3288 5247 --
3313 5204 3357 5259 υ
3363 5215 3381 5258 ι
3407 5207 3597 5273 omnis,

1999 5308 2194 5381 inquit,
2215 5307 2305 5379 qui
2345 5306 2509 5362 credit
2531 5305 2586 5359 in
2612 5302 3002 5365 eum.Necesse
3029 5308 3115 5361 est
3141 5309 3200 5361 ut
3233 5298 3301 5354 ad
3328 5298 3479 5355 illum
3506 5314 3597 5369 pet

2934 5460 2979 5493 ⁸⁷
3015 5456 3201 5517 Matth.
3252 5471 3349 5523 vn,
3386 5457 3475 5515 l3.
3502 5457 3578 5510 .N

2173 5466 2219 5498 ’⁸
2245 5465 2435 5521 Matth.
2471 5479 2589 5528 vttt,
2618 5462 2810 5518 32-53.
2934 5462 2979 5493 ⁸⁷
3015 5462 3201 5517 Matth.
3252 5471 3349 5523 vn,
3386 5462 3475 5515 15.
3502 5462 3578 5510 Ν

2173 5536 2214 5593 ).
2292 5540 2310 5569 ¹
2340 5536 2501 5594 llebr.
2536 5551 2610 5596 tv,
2652 5534 2737 5591 l5.
2815 5533 2835 5567 ³
2864 5532 3035 5589 Exod.
3073 5545 3160 5596 ιιι,
3183 5527 3302 5585 2-4.
3379 5527 3580 5583 ‘Exod

382 5759 495 5831 (lsi
522 5761 903 5817 Attendecordi
933 5774 1045 5830 tuo,
1079 5776 1183 5818 cla.
1208 5766 1395 5821 Graece
1423 5764 1561 5820 infra
1592 5765 1628 5818 l.
1658 5780 1730 5829 c.,
1758 5779 1875 5827 can.
1910 5766 1993 5823 l6.

382 5830 496 5897 (l9)
517 5832 735 5891 Attende
752 5837 937 5905 iqitur,
958 5846 1063 5894 ctc.
1087 5836 1274 5904 (ἴκελοι)
1303 5838 1442 5894 infra
1472 5837 1508 5892 Ι.
1536 5854 1612 5901 c.,
1641 5852 1761 5906 cap.
1794 5837 1857 5890 l7
