3862 6342
229 223 384 282 H85

1335 225 1393 281 S.
1436 223 1642 280 ISALE
1684 222 1981 282 ABBATIS
2017 224 2432 285 ORATIONES.

3355 239 3496 296 “88

229 348 400 396 tidem
428 339 771 395 accedamus.
798 339 982 411 Neque
1007 339 1150 397 enim
1175 355 1356 397 amens
1380 355 1600 410 serpens
1626 340 1811 396 vulne-
1840 344 1886 399 Α
1913 339 2028 408 eius
2069 341 2124 395 in
2166 356 2261 397 ore
2313 350 2499 397 nostro
2559 340 2852 398 dulcescat.
2883 339 3188 414 Disciplina:
3222 341 3391 416 Ipsius
3411 348 3500 414 ju-

226 443 389 488 ratos
432 434 684 495 curabat,
716 432 820 487 nisu
851 448 940 502 qm
972 435 1027 487 ln
1063 449 1184 488 cum
1217 433 1582 504 respexissent
1597 432 1639 486 ⁸.
1665 431 1812 486 Multi

225 524 382 578 enim
413 524 702 588 increduli,
745 532 986 596 neglecto
1034 525 1126 580 Dei
1171 540 1440 590 sermone,
1491 542 1518 579 ιι
1555 521 1819 593 serpenti-

226 616 338 672 bus
381 619 477 672 icti
530 620 920 681 moriebantur,
964 629 1022 674 ut
1047 628 1279 675 testatur
1302 619 1590 690 Apostolus
1621 635 1634 672 :
1663 620 1728 673 Et
1755 637 1817 675 ne

228 717 519 774 tentemus,
556 711 826 780 inquiens,
855 729 996 776 eum,
1036 714 1171 766 sicut
1201 713 1278 767 illi
1313 722 1660 778 tentaverunt,
1697 723 1744 767 et
1783 731 1814 766 a

225 803 568 870 serpentibus
592 815 711 857 sunt
743 804 1058 875 interfecti”.
1089 805 1301 870 Cernis,
1337 807 1526 871 frater,
1557 806 1658 863 hoc
1689 809 1815 861 item

231 903 483 963 tempore
521 905 800 963 serpentes
841 895 892 950 in
941 911 1127 952 eorum
1179 898 1434 953 cordibus
1480 899 1679 964 inesse,
1725 899 1816 969 qui

231 992 452 1039 tentare
490 985 679 1040 volunt
707 984 992 1042 Dominum
1021 987 1239 1044 Jesum?
1266 990 1498 1056 Quinam
1530 1000 1655 1045 sunt
1684 991 1814 1045 isti?

227 1077 314 1133 Illi
372 1082 631 1136 nimirum
687 1082 776 1151 qui
824 1081 1076 1136 mandata
1108 1081 1223 1151 ejus
1259 1083 1561 1153 requirunt,
1597 1099 1716 1138 cum
1756 1099 1817 1140 ea

231 1173 414 1228 nolint
444 1175 753 1229 observare.
789 1174 1042 1238 Accessit,
1068 1175 1266 1244 inquit,
1298 1175 1368 1228 ad
1389 1190 1503 1228 eum
1526 1190 1661 1229 unus
1687 1191 1712 1230 e
1745 1175 1817 1231 le-

229 1267 498 1335 gisperitis
527 1278 732 1322 tentans
770 1285 911 1333 eum,
936 1279 986 1323 et
1022 1269 1198 1323 dicens
1229 1283 1248 1322 :
1278 1265 1548 1338 Magister,
1574 1269 1711 1341 quod
1743 1280 1815 1324 est

231 1375 486 1429 magnum
519 1369 564 1415 et
589 1360 812 1430 primum
842 1364 1146 1415 mandatum
1170 1361 1222 1415 in
1249 1360 1401 1431 lege?
1431 1361 1529 1416 Cui
1554 1364 1815 1431 re-pondit

230 1451 392 1504 Jesus
422 1468 440 1506 :
473 1450 669 1520 Diliges
702 1450 982 1504 Dominum
1025 1451 1197 1509 Deum
1230 1463 1378 1507 tuum
1412 1471 1477 1508 ea:
1513 1461 1618 1508 toto
1663 1456 1818 1510 corde

231 1552 346 1608 tuo,
377 1558 443 1596 ea:
476 1553 583 1596 tota
619 1544 798 1596 anima
833 1552 948 1611 tua,
979 1554 1024 1598 et
1072 1545 1368 1612 proximum
1407 1555 1576 1612 tuum,
1608 1549 1740 1602 sicut
1769 1559 1820 1602 te

233 1637 429 1700 ipsum.
467 1633 534 1688 In
567 1637 647 1688 Itis
676 1635 878 1689 duobus
919 1637 1190 1703 prteceptis
1223 1637 1464 1692 universa
1503 1639 1588 1693 lea:
1609 1641 1816 1707 pendet,

231 1740 276 1781 et
301 1727 569 1796 propheta:
589 1726 653 1780 '°.
672 1723 832 1780 Vides
853 1742 947 1781 eos
975 1728 1065 1797 qui
1091 1738 1338 1797 (ptasrunt
1365 1739 1417 1783 et
1450 1745 1553 1784 non
1585 1731 1813 1796 faciunt,
1851 1708 1894 1768 Β

235 1828 540 1873 tentatores
577 1818 834 1889 appellari
865 1818 1118 1888 quoniam
1169 1834 1317 1874 aeneo
1351 1821 1590 1890 serpenti
1626 1823 1815 1879 nolunt

236 1910 486 1975 credere,
509 1910 599 1980 qui
631 1917 806 1980 potest
837 1925 930 1965 eos
965 1924 994 1963 a
1031 1909 1290 1979 pestifero
1317 1911 1514 1967 occulti
1543 1914 1813 1985 serpentis

232 2017 420 2058 morsu
457 2018 669 2057 curare.

307 2096 473 2152 XVII.
517 2097 622 2151 Cor
657 2096 816 2164 igitur
852 2105 999 2151 tuum
1051 2098 1332 2161 contirma,
1368 2108 1424 2154 et
1464 2115 1531 2155 ne
1563 2100 1808 2156 dixeris:

232 2188 520 2256 Quomodo
553 2203 771 2258 possum
808 2187 925 2258 ejus
954 2191 1204 2244 mandata
1231 2204 1470 2256 servare,
1494 2207 1614 2246 cum
1652 2193 1813 2250 homo

231 2288 490 2350 peccator
521 2278 672 2334 sim?
722 2277 822 2344 Qui
871 2277 1014 2333 enim
1066 2277 1346 2333 confessus
1399 2278 1563 2334 fuerit
1593 2289 1813 2349 peccata

232 2387 332 2427 sua
370 2385 492 2426 sese
521 2379 844 2426 convertens
872 2369 938 2422 ad
968 2367 1134 2422 Deum
1167 2383 1264 2438 per
1297 2368 1696 2438 paenitentiam,
1729 2384 1811 2426 re-

231 2460 604 2532 generabitur.
635 2458 784 2514 Sicut
812 2459 1131 2530 portavimus
1163 2459 1444 2530 imaginem
1479 2449 1709 2526 teri-cuia
1731 2462 1812 2516 in-

231 2554 352 2624 quit
378 2553 690 2623 Apostolus,
708 2562 972 2622 portemus
1006 2563 1052 2607 et
1084 2553 1361 2621 imaginem
1385 2554 1680 2608 celestis“.
1705 2553 1811 2610 Po-

237 2656 509 2712 testatem,
548 2657 606 2701 ut
638 2646 809 2712 vides,
848 2645 992 2700 dedit
1025 2645 1226 2702 homini
1264 2645 1430 2711 Deus,
1463 2655 1521 2700 ut
1566 2663 1663 2716 per
1701 2661 1814 2717 pm-

235 2738 524 2794 nitentiam
559 2738 898 2802 immutetur,
929 2747 981 2791 et
1012 2747 1283 2807 totusper
1307 2737 1452 2792 illam
1494 2753 1665 2794 novus
1699 2738 1814 2794 etil-

229 2835 433 2888 eiatnr.
464 2829 657 2897 Mater,
680 2834 803 2885 dum
823 2830 1001 2886 infans
1031 2841 1116 2887 est
1141 2832 1192 2886 in
1219 2833 1339 2886 sinu
1366 2846 1485 2896 suo,
1520 2831 1668 2887 illum
1697 2847 1814 2890 ser-

232 2937 325 2981 val
350 2927 420 2981 ab
453 2927 600 2981 omni
633 2925 792 2979 malo.
827 2925 884 2980 Si
921 2926 1087 2995 luget,
1126 2939 1416 2980 mammam
1455 2927 1677 2996 prazbet.
1711 2925 1811 2980 Le-

1920 447 2044 502 gum
2109 435 2434 500 subeamus,
2498 442 2556 488 ut
2611 436 2779 490 nostri
2834 451 3020 490 curam
3073 447 3245 507 gerat.
3274 438 3500 506 Quodsi

1919 541 2040 579 cum
2087 525 2332 582 hostibus
2369 529 2570 584 nostris
2613 523 3068 599 pugnaverimus,
3113 541 3168 586 et
3210 531 3286 585 illi
3317 547 3415 588 nos
3441 543 3504 588 ιιι

1919 616 2169 684 parvulos
2195 616 2482 673 alllixerint
2511 637 2526 685 ;
2568 619 2838 689 ploremus
2866 620 2918 675 in
2967 623 3090 677 sinu
3136 619 3254 690 ejus
3279 663 3295 689 ,
3325 633 3383 678 ut
3409 624 3499 679 illa

1920 719 2126 779 patrem
2159 720 2404 766 neStrum
2442 713 2507 768 ad
2535 726 2628 769 eos
2652 715 2742 784 qui
2775 729 2874 770 nos
2904 725 3122 781 vexant,
3156 715 3501 774 ulciscendas

1919 802 2254 857 exbortetur.
2299 802 2524 858 Omnem
2575 805 2753 860 cordis
2794 805 2962 860 nostri
2999 807 3335 861 voluntatem
3379 822 3499 864 am-

1919 903 2196 964 putemus,
2239 903 2294 949 et
2340 911 2439 950 nos
2482 911 2602 952 esse
2641 898 2960 967 peregrinos
3001 913 3107 952 non
3153 899 3387 969 pigebit,
3441 912 3502 955 ut

1921 999 2018 1041 nos
2051 993 2306 1058 tanquam
2347 988 2622 1044 Abraham
2655 1000 2834 1046 servet
2872 1002 3035 1060 atque
3074 989 3346 1047 defendat.
3384 991 3497 1046 Ma-

1920 1080 2078 1134 nibus
2108 1080 2228 1150 ejus
2277 1095 2374 1136 nos
2420 1092 2478 1136 ut
2527 1081 2693 1138 Jacob
2741 1083 3129 1152 subjiciamus,
3168 1094 3226 1136 ιιι
3276 1099 3304 1136 a
3346 1091 3500 1154 patre

1920 1181 2108 1226 nostro
2160 1171 2588 1230 benedictionem
2646 1177 3016 1246 impetremus.
3053 1175 3366 1232 Voluntates
3405 1194 3500 1232 no-

1921 1274 2065 1319 stras
2089 1263 2449 1336 abnegemus,
2483 1276 2543 1322 ut
2571 1266 2782 1337 Moyses
2805 1308 2820 1333 ,
2854 1269 2944 1338 qui
2981 1269 3082 1324 sub
3109 1268 3223 1336 ejus
3253 1269 3499 1340 perfugio

1920 1369 2166 1417 servatus
2194 1371 2278 1417 est
2324 1361 2584 1419 adversus
2630 1365 2748 1420 illos
2784 1365 2874 1433 qui
2905 1380 3026 1420 eum
3074 1365 3377 1419 interficere
3405 1378 3502 1419 cu-

1926 1453 2166 1523 piehant.
2193 1454 2269 1511 Ne
2304 1468 2713 1535 contemnamus
2745 1459 2885 1512 illam
2908 1497 2922 1520 ,
2956 1473 3022 1512 ne
3053 1458 3230 1512 oderit
3264 1473 3360 1536 nps
3394 1457 3500 1512 sic-

1923 1556 1976 1599 ut
2026 1547 2189 1604 Esau.
2263 1549 2619 1606 Sanctitatem
2669 1552 2784 1622 ejus
2834 1552 3242 1615 custodiamus,
3299 1562 3358 1605 ut
3404 1567 3502 1606 nos

1923 1638 2125 1693 cxaltet
2173 1640 2226 1694 in
2279 1652 2421 1696 terra
2461 1642 2805 1697 inimicorum
2843 1652 3171 1697 nostrorum.
3223 1641 3350 1696 Eam
3386 1652 3503 1695 tan-

1925 1746 2086 1801 quam
2148 1733 2607 1803 propugnaculum
2664 1741 2976 1798 teneamus,
3040 1744 3098 1786 ιιι
3152 1733 3308 1788 .lesus
3363 1733 3501 1788 filius

1919 1819 2085 1886 Nave,
2130 1823 2218 1893 qui
2267 1837 2402 1893 puer
2447 1838 2486 1879 'e
2536 1823 2882 1879 tabernaculo
2932 1841 3038 1879 non
3101 1826 3498 1895 egrediebatur.

1915 1911 2127 1970 luet-tim
2169 1915 2347 1972 locum
2394 1915 2445 1969 in
2475 1917 2637 1970 corde
2669 1926 2856 1971 nostro
2888 1933 2952 1971 ue
2987 1918 3361 1987 relinquamus
3383 1956 3396 1980 ,
3436 1931 3503 1970 ne

1922 2006 2117 2075 spoliet
2152 2021 2253 2062 nos
2278 2017 2433 2062 terra:
2461 2008 2837 2077 promissionis
2869 2009 3203 2063 haereditate.
3237 2009 3503 2064 Omnibus

1919 2097 1971 2151 in
2007 2096 2166 2152 rebus
2207 2097 2564 2152 humilitatem
2605 2099 3020 2167 amplectamur,
3060 2109 3114 2153 ut
3151 2100 3504 2169 quemadmo-

1916 2190 2042 2245 dum
2073 2189 2258 2256 Caleb,
2297 2190 2666 2262 ingrediamur
2702 2191 2752 2244 in
2796 2201 2993 2246 terram
3022 2191 3274 2246 ﬂuentem
3319 2191 3400 2247 lae
3448 2202 3504 2247 et

1917 2277 2044 2332 mel.
2101 2276 2245 2334 Nihil
2297 2279 2620 2348 perditionis
2669 2280 3141 2351 concupiscamus,
3195 2295 3261 2336 ne
3312 2296 3505 2352 perea-

1918 2384 2057 2433 mus,
2092 2379 2150 2424 ut
2197 2369 2425 2425 Acham.
2460 2371 2720 2425 Amemus
2747 2371 2865 2439 ejus
2904 2370 3184 2426 stimulum
3214 2372 3504 2426 conscien-

1920 2463 2025 2528 tiae,
2061 2463 2150 2532 qui
2189 2463 2338 2518 omni
2392 2464 2524 2519 hora
2576 2478 2673 2519 nos
2721 2463 2943 2527 excitet,
2995 2473 3051 2517 ut
3101 2473 3282 2519 servet
3320 2477 3417 2519 nos
3450 2465 3505 2519 in

1918 2564 2160 2626 tempore
2190 2557 2524 2622 tentationis,
2550 2559 3006 2627 quemadmodum
3049 2554 3256 2611 Rabab.
3285 2555 3341 2611 In
3376 2558 3502 2610 nu!-

1916 2649 1969 2705 lo
1992 2650 2095 2704 cibi
2130 2663 2328 2719 genere
2368 2649 2505 2721 gulae
2560 2650 2968 2720 indulgeamus,
3017 2666 3086 2706 ne
3131 2651 3323 2722 perdat
3362 2665 3461 2705 nos
3486 2694 3502 2718 ,

1918 2751 1976 2794 ut
2007 2741 2143 2796 lilios
2175 2741 2313 2796 lleli.
2359 2741 2648 2796 Servemus
2695 2753 2792 2796 nos
2828 2740 3070 2812 integros
3105 2743 3183 2797 ab
3224 2742 3368 2796 omni
3397 2743 3504 2796 ini-

1917 2834 2145 2906 quitate,
2182 2834 2341 2889 sicuti
2391 2833 2634 2898 Samuel,
2697 2834 2786 2902 qui
2841 2834 2986 2888 nullo
3032 2833 3384 2890 conscientire
3407 2833 3506 2890 sti—

1919 2926 2064 2982 mulo
2091 2926 2447 2996 pungebatur,
2467 2925 2609 2995 quod
2633 2926 2755 2980 mali
2779 2927 3052 2996 quidpiam
3083 2926 3300 2982 fecisset
3324 2928 3507 2996 proxi-

228 3022 374 3076 viter
397 3019 652 3088 colaphos
677 3018 887 3089 inﬂigit,
921 3028 982 3071 ut
1009 3032 1132 3072 cum
1169 3018 1364 3072 timore
1403 3018 1484 3073 lac
1515 3029 1690 3090 sugat,
1716 3033 1812 3073 nec
1840 3053 1885 3112 ϐ
1921 3036 2008 3076 mo
2061 3035 2179 3076 suo.
2235 3021 2535 3076 Caveamus
2560 3059 2574 3084 ,
2628 3033 2696 3074 ne
2750 3018 2951 3073 mahnn
3009 3021 3257 3087 proximo
3310 3020 3507 3074 redda-

231 3121 529 3170 contumax
557 3113 773 3168 evadat.
801 3110 1044 3168 Flentem
1084 3111 1362 3182 complexu
1389 3121 1443 3165 et
1468 3112 1658 3166 osculo
1684 3126 1816 3166 con-

229 3205 463 3261 ssiatur.
496 3206 629 3260 Eum
667 3215 723 3259 ut
763 3220 876 3271 cor,
914 3215 970 3261 et
1002 3208 1209 3262 viscera
1245 3205 1482 3274 propria,
1536 3203 1710 3272 diligit
1762 3212 1818 3258 et

230 3299 403 3364 fovet,
457 3307 512 3354 et
558 3298 624 3352 ad
676 3298 916 3369 augenda
953 3298 1118 3354 ubera
1163 3298 1378 3352 invitat.
1419 3297 1474 3352 Si
1507 3312 1697 3350 aurum
1729 3298 1814 3351 in-

233 3393 397 3460 fanti,
423 3402 515 3446 aut
535 3399 838 3461 argentum,
870 3400 962 3445 aut
982 3391 1296 3457 margarita,
1325 3389 1642 3459 autquidvis
1672 3389 1814 3443 aliud

229 3485 573 3550 ostendatur,
614 3484 807 3554 aspicit
855 3482 944 3538 ille
992 3483 1236 3553 quidem,
1268 3485 1361 3538 sed
1399 3483 1451 3538 in
1489 3483 1665 3536 sinum
1701 3497 1817 3536 ma-

233 3580 337 3636 tris
395 3579 610 3648 fugicns
659 3577 842 3632 omnia
896 3577 1214 3642 contemnit,
1249 3585 1308 3629 ut
1373 3591 1664 3629 unanimam
1700 3573 1816 3644 ejus

231 3673 487 3743 accipiat.
508 3671 622 3726 Non
649 3672 827 3742 arguit
849 3687 968 3727 eum
999 3680 1153 3740 pater
1178 3672 1317 3741 quod
1347 3669 1479 3722 nihil
1502 3677 1647 3739 agat,
1675 3667 1815 3737 quod

231 3783 293 3822 se
329 3767 396 3820 ad
432 3765 633 3820 bellum
669 3779 774 3819 non
801 3764 1071 3831 conferat,
1102 3773 1156 3820 et
1185 3773 1385 3834 pugnet
1416 3777 1539 3817 cum
1571 3764 1818 3817 adversa-

232 3860 351 3914 riis.
383 3859 649 3926 Quoniam
681 3867 764 3914 est
794 3857 1074 3928 parvulus,
1111 3874 1215 3912 non
1263 3867 1470 3925 potest;
1514 3857 1677 3926 pedes
1719 3857 1814 3911 ha-

232 3955 327 4010 bet
353 3952 444 4008 ille
467 3953 707 4022 quidem,
731 3953 825 4007 sed
857 3951 962 4006 illis
991 3951 1142 4006 inniti
1175 3967 1280 4006 non
1309 3951 1472 4005 valet.
1505 3950 1696 4005 Manus
1720 3951 1816 4005 ha-

231 4047 346 4108 bet,
381 4045 476 4100 sed
525 4059 673 4097 arma
706 4043 894 4112 nequit
929 4050 1184 4097 tractare.
1217 4040 1498 4095 Patienter
1525 4048 1810 4110 exspectat

234 4150 436 4205 mater,
477 4148 536 4192 ut
591 4137 851 4208 paulatim
901 4144 1132 4192 crescat.
1169 4133 1274 4190 Ubi
1307 4134 1582 4205 paululum
1621 4134 1814 4199 crevit,

231 4232 278 4286 si
320 4230 462 4285 forte
511 4243 632 4282 cum
671 4229 777 4283 alio
821 4227 1016 4284 luctari
1052 4227 1240 4292 voluit,
1277 4228 1556 4296 victusque
1597 4226 1813 4290 cecidit,

235 4333 342 4374 non
373 4316 627 4374 irascitur
652 4325 827 4388 pater,
855 4317 1107 4388 quoniam
1141 4333 1340 4386 parvus
1370 4329 1474 4374 est.
1504 4319 1574 4372 At
1606 4333 1726 4372 cum
1763 4319 1814 4370 in

1924 3129 2067 3177 mus,
2095 3123 2152 3166 ut
2187 3126 2283 3167 nos
2327 3127 2355 3166 a
2391 3112 2532 3166 malo
2579 3113 2878 3176 custodiat,
2913 3111 3370 3180 quemadmodum
3401 3113 3508 3167 Da-

1922 3207 2031 3261 vid.
2059 3207 2141 3260 Ab
2168 3207 2314 3259 omni
2363 3204 2623 3273 jactantia
2674 3215 2836 3274 atque
2894 3204 3040 3258 inani
3098 3203 3269 3273 glbria
3309 3214 3511 3274 tempe-

1923 3313 2124 3366 remus,
2158 3311 2224 3352 ne
2261 3297 2442 3367 ejiriat
2473 3311 2572 3350 nos
2618 3311 2648 3350 a
2691 3296 2827 3351 facie
2857 3298 3025 3365 patris
3074 3297 3283 3361 nostri,
3320 3306 3377 3350 ut
3400 3298 3511 3349 Ah-

1923 3391 2115 3446 salsm.
2149 3389 2516 3445 Humilitatem
2559 3398 2612 3441 et
2653 3390 2972 3459 gravitatem
3006 3388 3253 3444 colamus
3275 3431 3289 3455 ,
3321 3398 3383 3443 ut
3415 3389 3510 3442 ha-

1923 3485 2048 3539 beat
2105 3497 2204 3537 nos
2257 3482 2461 3536 ultores
2513 3480 2772 3536 adversus
2821 3480 3070 3535 inimicos
3100 3480 3272 3550 patris
3306 3479 3508 3542 nostri,

1922 3575 2372 3645 quemadmodum
2405 3574 2774 3630 Salomonem.
2807 3572 2964 3628 Omni
3017 3573 3068 3628 in
3099 3589 3158 3628 re
3183 3586 3282 3627 nos
3316 3570 3508 3639 subjici

1921 3671 2270 3733 stndeamus,
2324 3667 2565 3724 membra
2618 3677 2801 3722 nostra
2843 3669 2910 3722 ab
2959 3667 3213 3722 omnibus
3254 3667 3512 3738 operibus

1925 3763 2153 3817 mortuis
2185 3763 2500 3816 cohibentes
2525 3804 2540 3828 ,
2570 3770 2628 3816 ut
2663 3775 2757 3815 cor
2796 3770 3076 3816 Strenuum
3116 3760 3379 3814 adversus
3410 3759 3509 3813 ini-

1930 3857 2103 3912 micos
2156 3867 2376 3909 nostros
2419 3855 2795 3918 obtineamus,
2832 3854 2972 3908 sicut
3012 3853 3155 3908 El'ias
3205 3851 3509 3907 Thesbitcs.

1927 3948 2003 4004 Ne
2039 3949 2208 4002 simus
2239 3947 2419 4017 cupidi
2449 3948 2758 4017 voluptatis,
2785 3961 2853 4001 ne
2880 3962 2977 4001 nos
3005 3945 3195 4016 perdat
3219 3954 3277 3999 ut
3301 3945 3511 4001 Achan.

1923 4041 2075 4096 Totis
2102 4042 2307 4095 viribus
2355 4040 2419 4093 ad
2473 4051 2702 4094 mortem
2757 4053 2926 4108 usque
2961 4039 3388 4098 contendamus,
3446 4052 3515 4090 ne

1927 4148 2172 4191 sanctam
2203 4135 2379 4204 ipsius
2437 4136 2749 4188 amittamus
2795 4133 3189 4196 ltmreditatcm,
3229 4130 3305 4184 uti
3340 4127 3515 4183 Nabut

1921 4229 2233 4284 Jezra‘elita.
2281 4227 2603 4284 Obedientes
2637 4230 2808 4282 simus
2855 4225 3101 4297 patribus
3148 4223 3350 4278 nostris
3401 4223 3515 4292 spio
3569 4209 3578 4218 ’

1927 4319 2248 4386 ritualibus,
2283 4319 2593 4374 voluntates
2623 4327 2840 4372 nostras
2871 4317 3121 4370 omnibus
3153 4315 3205 4367 in
3233 4314 3396 4367 rebus
3423 4313 3516 4366 ab-

235 4414 412 4468 virum
441 4413 702 4480 evaserit,
731 4412 848 4481 ejus
876 4420 1102 4482 apparet
1137 4413 1309 4464 virtus
1349 4419 1401 4463 et
1429 4411 1694 4473 studium,
1728 4425 1816 4478 pa-
1850 4431 1897 4488 υ
1932 4420 2188 4480 negantes
2211 4452 2225 4476 ,
2263 4411 2435 4465 donec
2473 4409 2580 4464 illis
2616 4407 2991 4476 subjiciamur,
3038 4417 3095 4459 ut
3126 4405 3190 4460 ad
3224 4403 3402 4459 Elisrci
3443 4403 3516 4456 si-

236 4506 340 4561 tris
365 4505 616 4561 inimicos
647 4505 1010 4574 persequitur.
1042 4503 1196 4558 Tunc
1233 4503 1306 4556 illi
1337 4513 1489 4570 pater
1515 4504 1694 4556 omnia
1722 4519 1817 4558 sua

234 4599 529 4655 committit
585 4607 641 4652 et
696 4598 890 4664 credit,
947 4598 1202 4669 quoniam
1269 4595 1410 4650 lilins
1463 4605 1563 4651 est.
1593 4595 1746 4662 Quod
1781 4597 1827 4652 si

236 4704 359 4764 post
387 4707 577 4747 omnes
612 4691 824 4748 labores
864 4705 1002 4760 quos
1049 4691 1100 4745 in
1146 4705 1214 4746 eo
1247 4689 1538 4746 educando
1572 4680 1828 4758 parentes

237 4788 595 4859 pertulerunt,
628 4786 798 4840 fames
841 4793 935 4840 aut
966 4783 1137 4855 pestis
1169 4794 1262 4838 aut
1293 4783 1496 4838 bellum
1535 4783 1824 4854 ingruerit,

235 4897 290 4938 et
316 4883 406 4938 ille
435 4890 684 4953 parentes
715 4882 952 4943 deserat,
981 4893 1159 4948 neque
1207 4893 1397 4932 eorum
1436 4877 1706 4932 senectuti
1732 4891 1828 4930 ve-

239 4979 301 5031 lit
328 4974 633 5037 consulere,
687 4971 780 5028 sed
830 4987 952 5026 cum
999 4971 1239 5025 inimicis
1284 4969 1500 5024 illorum
1531 4969 1830 5023 amicitiam

240 5071 406 5132 ineat,
446 5077 572 5120 tunc
598 5063 798 5119 amoris
849 5062 1022 5129 obliti,
1052 5064 1209 5117 domo
1234 5060 1399 5115 lilium
1428 5059 1702 5131 ingratum
1730 5060 1830 5131 eji-

238 5164 410 5226 einnt,
437 5168 491 5215 et
519 5159 754 5226 spoliant
779 5156 1125 5211 luereditate.

312 5251 498 5307 XVIII.
546 5237 609 5304 Εἰ
642 5264 738 5304 nos
770 5249 954 5318 igitur,
986 5245 1216 5310 fratres,
1257 5259 1474 5316 operam
1521 5245 1740 5309 demus,
1773 5254 1833 5300 ut

241 5349 292 5401 in
340 5343 672 5416 pcenitentiae
719 5341 974 5411 praesidio
1019 5339 1382 5395 consistamus
1409 5379 1425 5406 ,
1460 5355 1830 5410 sugamusque

241 5440 322 5495 lac
350 5457 379 5494 e
403 5439 608 5493 sanctis
646 5437 765 5504 ejus
795 5433 1084 5500 uberibus,
1117 5442 1175 5486 ut
1219 5447 1316 5488 nos
1348 5432 1461 5503 ipsa
1517 5433 1725 5486 nutriat
1780 5442 1835 5486 et

243 5536 438 5590 foveat.
472 5534 666 5588 Omnia
711 5545 832 5601 qua:
876 5538 1191 5594 cernuntur,
1237 5543 1609 5598 aspernemur,
1646 5537 1705 5580 ιιι
1746 5527 1830 5581 lac

316 5694 337 5727 '
374 5693 532 5751 Num.
563 5709 675 5760 χιι,
701 5692 755 5762 8,
781 5693 833 5751 9.
894 5695 914 5727 ’
945 5691 966 5748 ι
992 5691 1114 5749 Cor.
1149 5708 1200 5762 ι,
1227 5691 1279 5748 9.

1361 5687 1790 5763 ‘°_Mallll.:X!ll,
1817 5687 2006 5757 55,40.

1931 4503 2323 4566 militudinem,
2371 4515 2556 4557 eorum
2602 4499 2910 4556 benedictio
2953 4499 3232 4554 nobiscum
3276 4508 3513 4551 maneat.

1929 4596 2006 4651 Ne
2030 4596 2203 4650 simus
2230 4593 2378 4648 avari
2407 4607 2579 4663 neque
2623 4591 2935 4656 mendaces,
2973 4599 3032 4644 ut
3067 4589 3376 4645 hominibus
3401 4589 3517 4658 pla-

1927 4703 2178 4755 ceamus,
2235 4699 2302 4743 ne
2359 4701 2459 4742 nos
2513 4684 2958 4757 perterrefaciat,
3009 4691 3068 4737 ιιι
3123 4681 3295 4736 Giezi.
3359 4680 3518 4735 Viros

1929 4783 2047 4852 pios
2093 4781 2268 4850 magis
2313 4795 2475 4850 quam
2522 4779 2888 4847 nosmetipsos
2955 4775 3207 4831 omnibus
3250 4774 3304 4828 in
3355 4774 3517 4828 rebus

1937 4875 2244 4944 diligamus,
2281 4883 2340 4927 ut
2372 4887 2470 4927 nos
2508 4868 2963 4942 quemadmodum
2997 4864 3393 4922 Sunamitidem
3420 4864 3518 4916 bc-

1936 4966 2171 5022 nedicat.
2210 4964 2499 5020 Peccatum
2525 4963 2593 5018 ad
2622 4971 2852 5018 mortem
2886 4974 3057 5030 usque
3078 4958 3204 5014 odio
3234 4969 3517 5026 persequa-

1934 5072 2079 5121 mur,
2106 5066 2164 5112 ut
2191 5057 2244 5110 in
2275 5056 2363 5110 die
2404 5054 2748 5110 necessitatis
2770 5055 2912 5108 sicut
2949 5052 3253 5107 Susannam
3285 5061 3382 5103 nos
3427 5046 3517 5100 ad-

1928 5152 2103 5222 juvet.
2151 5149 2316 5205 Varia
2361 5148 2608 5204 ciborum
2656 5162 2852 5218 genera
2899 5162 2966 5202 ne
3005 5144 3322 5214 cupiamus,
3352 5151 3412 5196 ut
3445 5139 3518 5194 illi

1937 5246 2033 5316 qui
2075 5244 2254 5298 cibum
2305 5241 2374 5297 de
2416 5256 2600 5295 mensa
2648 5237 3149 5295 Nabuchodonosor
3211 5231 3543 5318 capiebant.‘

1933 5338 2242 5394 Amictione
2273 5335 2627 5406 gaudeamus,
2665 5343 2724 5388 ut
2761 5333 3009 5387 Azarias.
3039 5329 3120 5385 Ne
3155 5329 3325 5384 simus
3357 5324 3520 5380 astuti

1935 5443 1992 5486 et
2044 5431 2264 5494 callidi,
2334 5428 2474 5483 sicut
2528 5425 2806 5497 Babylonii
2854 5430 3254 5480 murmurantes
3326 5430 3516 5481 contra

1940 5527 2147 5583 ﬁdeles.
2194 5524 2521 5596 Expleamus
2565 5519 2868 5580 ministeria
2914 5529 3131 5576 nostra.
3178 5525 3239 5570 ut
3293 5509 3524 5576 Daniel,

2090 5689 2128 5718 “
2158 5685 2327 5743 lCor.
2362 5699 2448 5749 sv,
2478 5682 2569 5737 49.
