3862 6328
322 280 333 289 '
376 195 513 254 “87

1476 183 1759 244 PATRES
1794 182 2097 242 IEGYPTII
2136 180 2410 243 SECULI
2446 182 2513 239 IV

3518 178 3662 237 “88

330 296 333 299 ’
370 308 628 385 corporis
666 305 897 384 ignavis
930 319 1037 362 non
1085 301 1455 374 indulgentes,
1486 299 1746 371 quoniam
1777 298 1969 355 maluit
1995 305 2041 363 Α
2074 298 2286 355 Domini
2322 300 2513 370 spiritu
2546 298 2611 353 ιδ.
2657 297 2815 353 Nunc
2858 306 3036 353 autem
3069 297 3301 355 videmus
3336 314 3425 368 per
3474 314 3665 367 specu-

377 407 555 474 mori,
586 420 750 476 quam
800 401 1110 471 relinquere
1151 396 1418 454 sacriﬁcia
1454 411 1575 465 qute
1606 394 1849 465 quotidie
1884 392 1966 449 fa-

376 500 583 555 ciebat.
623 496 767 551 Deus
800 493 945 552 enim
988 490 1142 546 fortis
1170 499 1289 554 est,
1333 504 1536 559 eosque
1586 502 1617 541 a
1656 484 1968 542 tentatioui-

377 586 481 643 bus
537 594 759 648 servat,
812 597 843 636 a
900 581 1099 651 quibus
1144 578 1404 647 diligitur.
1454 576 1733 643 Improbos
1783 582 1965 628 autem

377 679 576 752 perdit.
622 675 764 732 Justi
793 689 922 731 vero
972 673 1105 729 ﬁdes
1154 673 1206 728 in
1254 669 1421 725 Deum
1449 711 1465 737 ,
1520 668 1665 724 feras
1698 666 1873 723 reddit
1908 673 1967 719 ut

376 786 548 843 agnus
581 770 785 825 ovium.
833 766 1161 823 Benedictus
1202 765 1341 819 Deus
1374 761 1705 834 paenitentia:
1729 801 1745 827 ,
1786 768 1841 814 et
1868 758 1965 813 be-

382 862 632 919 nedictus
660 876 689 916 a
726 860 867 925 Deo,
896 859 988 930 qui
1032 857 1406 929 paenitentiam
1447 855 1650 926 diligit,
1686 863 1739 910 et
1764 852 1962 908 collum

381 954 601 1025 subjicit
626 952 885 1009 voluntati
912 950 1065 1021 ejus,
1122 950 1295 1005 donec
1343 948 1576 1019 desuper
1617 955 1967 1018 regeneretur

380 1061 446 1105 ex
477 1046 757 1102 voluntate
789 1042 905 1100 Dei.

451 1137 595 1195 XIX.
640 1137 853 1208 Magna,
905 1135 1097 1199 frater,
1139 1147 1277 1204 opus
1315 1140 1398 1188 est
1435 1130 1649 1187 homini
1685 1130 1965 1202 diligentia

398 1241 457 1287 et
501 1229 706 1299 judicio
744 1237 799 1284 et
829 1224 1125 1297 vigilantia,
1177 1233 1235 1280 ut
1276 1238 1491 1280 omnem
1536 1236 1691 1278 suam
1721 1223 1965 1293 repudiet

376 1321 733 1386 voluntatem,
768 1328 824 1374 et
864 1329 1012 1373 recte
1056 1315 1272 1371 incedat
1318 1315 1371 1369 in
1403 1314 1656 1370 omnibus
1680 1313 1782 1369 viis
1821 1312 1962 1379 suis,

379 1431 449 1473 ne
472 1417 727 1480 aberret,
758 1422 813 1468 et
846 1411 1054 1467 incidat
1091 1410 1144 1464 in
1178 1424 1373 1464 manus
1406 1408 1646 1465 hostium
1692 1408 1964 1478 pteniten-

380 1509 490 1566 tite.
523 1508 624 1576 Qui
675 1522 735 1563 se
762 1506 969 1577 justum
1004 1502 1323 1567 existimat,
1358 1501 1505 1557 illam
1549 1502 1826 1558 interﬁcit.
1862 1500 1964 1569 Qui

371 1603 583 1673 judieat
614 1608 949 1671 peccatores,
977 1611 1095 1650 cam
1132 1596 1448 1651 insectatur.
1482 1594 1582 1662 Qui
1613 1594 1840 1664 despicit
1866 1609 1963 1649 ne-

378 1666 667 1766 gligentes,
700 1706 820 1747 eam
858 1688 1129 1745 dissolvit.
1163 1686 1238 1742 De
1273 1688 1373 1742 hac
1414 1686 1465 1741 iu
1493 1684 1800 1741 Proverbiis
1823 1686 1961 1742 scri-
1996 1666 2037 1721 Β

378 1798 529 1859 ptum
554 1794 637 1841 est
667 1804 682 1839 :
718 1781 910 1839 Omnes
940 1782 1039 1837 via:
1073 1782 1188 1852 ejus
1231 1791 1422 1845 rectm;
1456 1780 1630 1835 cibum
1662 1780 1831 1834 otiosa
1860 1794 1964 1833 non

378 1878 639 1943 comedit;
675 1876 980 1932 vestimenta
1028 1872 1266 1943 duplicia
1319 1871 1444 1940 fecit
1487 1872 1597 1925 viro
1640 1886 1772 1932 suo;
1818 1870 1963 1940 facta

376 1982 458 2025 est
506 1967 640 2023 velut
700 1966 847 2020 navis
874 1966 1129 2019 institoris
1187 1964 1251 2018 de
1302 1962 1451 2034 longe
1498 1973 1714 2032 portans
1754 1963 1963 2018 divitias

376 2079 502 2117 suas
535 2062 600 2115 ".
623 2061 703 2115 Ex
745 2059 829 2115 his
876 2057 1055 2112 verbis
1099 2056 1244 2111 illam
1286 2056 1711 2111 consideremus.
1760 2053 1964 2109 Merca-

383 2166 469 2210 tor
497 2153 589 2224 qui
619 2166 810 2207 navem
845 2158 1057 2212 onerat,
1088 2164 1192 2203 non
1226 2163 1395 2217 genus
1429 2162 1593 2200 unum
1628 2146 1884 2201 mercium
1912 2147 1962 2199 in

379 2261 501 2302 eam
537 2244 782 2314 cnnjicit,
830 2242 923 2297 sed
963 2240 1145 2296 omnia
1191 2255 1257 2294 ex
1297 2239 1491 2309 quibus
1529 2254 1588 2292 se
1626 2237 1961 2293 lucraturum

378 2346 584 2411 sperat.
637 2336 793 2404 Quod
820 2335 863 2390 si
894 2350 1058 2404 quam
1085 2335 1358 2402 jacturam
1388 2330 1581 2386 fecisse
1604 2329 1821 2397 viderit,
1845 2343 1962 2383 eam

380 2448 488 2488 non
545 2430 808 2493 imitatur,
869 2430 964 2483 sed
1011 2442 1108 2483 eos
1158 2426 1338 2496 potius
1387 2439 1524 2495 quos
1578 2423 1966 2478 animadvertit

379 2524 576 2581 divites
598 2523 857 2577 evasisse.
903 2519 1144 2583 lncolas,
1196 2527 1251 2573 et
1294 2531 1431 2587 quos
1485 2514 1709 2570 minime
1751 2514 1964 2569 invidos

379 2619 700 2682 arbitratur,
756 2624 911 2685 rogat
961 2612 1147 2684 quanti
1196 2624 1532 2682 unaquaeque
1590 2623 1677 2664 res
1717 2606 1823 2663 emi
1872 2616 1966 2661 aut

378 2710 538 2767 vendi
574 2707 763 2780 possit.
797 2704 945 2760 Talis
980 2713 1067 2761 est
1106 2703 1284 2757 anima
1309 2743 1328 2770 ,
1376 2716 1498 2771 quae
1548 2698 1660 2756 Deo
1696 2716 1817 2755 cum
1869 2699 1964 2754 lte-

383 2800 503 2857 titia
546 2800 695 2869 cupit
728 2810 1045 2853 occurrere.
1090 2794 1203 2849 Non
1246 2808 1352 2849 una
1388 2806 1447 2848 re
1495 2801 1704 2847 tantum
1739 2800 1966 2847 conten-

380 2904 434 2948 ta
462 2900 567 2957 cst,
595 2891 691 2947 sed
725 2889 907 2946 omnia
936 2895 1216 2957 comparat
1244 2902 1311 2941 ex
1355 2885 1553 2955 quibus
1602 2885 1812 2939 lucrum
1844 2898 1968 2953 spe-

380 2994 503 3051 rat;
542 2997 606 3039 ea
644 2997 775 3037 vero
820 2980 1025 3049 respuit
1049 2993 1169 3048 qua:
1217 2978 1476 3033 damnum
1518 2975 1747 3031 allatura
1792 2978 1966 3046 suspi-

377 3058 557 3135 Catur.
592 3074 747 3130 Nunc
779 3072 967 3145 igitur,
998 3072 1070 3126 mi
1103 3070 1294 3137 frater,
1325 3070 1543 3142 quando
1586 3071 1796 3128 Domini
1832 3069 1963 3125 Jesu

379 3177 657 3228 mercator
698 3164 927 3223 effectus
955 3180 1048 3231 es,
1098 3165 1168 3220 ab
1214 3163 1319 3219 illis
1360 3163 1633 3219 mercibus
1666 3177 1798 3218 cave
1847 3179 1968 3235 quae

378 3264 615 3320 afferunt
684 3260 1093 3317 detrimentum.
1169 3257 1484 3329 Cujusmodi
1539 3267 1674 3312 sunt
1734 3257 1964 3311 humana

381 3356 579 3427 gloria,
610 3352 890 3425 superbia,
922 3351 1256 3421 arrogantia,
1275 3348 1559 3419 jactantia,
1589 3348 1818 3402 irritatio
1844 3362 1969 3418 pro-

381 3451 516 3508 ximi
542 3490 561 3516 ,
594 3445 979 3504 maledicentia
1008 3484 1024 3511 ,
1077 3443 1305 3499 avaritia
1333 3482 1351 3511 ,
1406 3442 1699 3497 discordia.
1742 3440 1868 3496 llaec
1915 3450 1970 3495 et

381 3544 469 3602 his
496 3541 697 3599 similia
746 3538 978 3596 Domino
1017 3535 1147 3594 Jesu
1190 3536 1407 3607 placere
1453 3551 1563 3591 non
1610 3544 1855 3606 possunt.
1892 3534 1969 3590 Te

382 3635 579 3705 ipsum,
613 3631 802 3695 frater,
842 3629 1131 3685 considera
1161 3627 1472 3697 diligenter,
1506 3640 1698 3681 sensus
1734 3636 1854 3683 tuos
1882 3643 1972 3683 ex-

378 3728 577 3799 pende,
611 3733 671 3780 ut
693 3723 859 3787 scias,
889 3721 1144 3792 quisnam
1183 3735 1250 3775 ex
1290 3718 1395 3774 illis
1439 3726 1534 3773 aut
1567 3717 1679 3775 Deo
1713 3728 1808 3775 aut
1844 3734 1970 3789 pec-

380 3829 508 3876 cato
566 3816 803 3873 fructum
852 3816 1022 3870 ferat:
1083 3821 1262 3869 utrum
1304 3811 1447 3868 oculi
1486 3812 1561 3868 tui
1605 3812 1889 3883 rapiantur
1937 3828 1967 3866 a

380 3914 689 3984 voluptate:
724 3920 907 3966 utrum
946 3911 1126 3980 lingua
1166 3909 1235 3964 sit
1264 3907 1333 3964 ad
1372 3907 1727 3978 petulantiam
1760 3923 1965 3979 prona;

382 4012 566 4058 utrum
599 4016 696 4057 cor
735 4011 883 4056 tuum
931 4000 1183 4055 humana:
1230 3998 1416 4069 gloriae
1452 3997 1740 4053 dulcedine
1787 3998 1970 4066 capia-

384 4104 509 4163 tur;
557 4105 737 4149 utrum
765 4108 926 4148 aures
964 4091 1279 4147 adulatores
1312 4099 1366 4146 et
1410 4090 1705 4147 maledicos
1739 4089 1971 4145 libenter

292 4204 305 4215 ’
382 4190 628 4247 audiant.
672 4188 800 4245 lltec
837 4188 1021 4243 omnia
1073 4187 1243 4243 menti
1276 4196 1402 4243 sunt
1434 4186 1798 4252 detrimento;
1842 4201 1966 4240 nam

384 4285 439 4342 in
469 4284 708 4341 Levitico
731 4284 991 4351 scriptum
1019 4291 1103 4337 est
1134 4299 1149 4337 :
1196 4280 1285 4337 Sic
1316 4282 1476 4336 dicito
1508 4280 1685 4336 Aaron
1713 4296 1734 4335 :
1764 4279 1847 4336 Ne
1873 4280 1967 4335 ob-

2068 390 2175 445 lum
2205 390 2259 443 in
2291 391 2589 460 wnigmate,
2622 400 2746 444 tunc
2784 391 3068 445 videbimus
3097 392 3268 461 ipsum
3296 392 3436 460 facit.
3469 393 3542 444 ad
3571 390 3659 458 fa-

2062 482 2198 538 ciem
2224 482 2289 536 ¹⁸.
2323 483 2684 550 Quamobrem
2703 484 2896 538 aninue
2933 498 3054 553 qua:
3082 498 3297 553 sponsm
3319 484 3465 538 illius
3495 483 3655 547 ﬁunt,

2070 575 2122 629 in
2166 575 2413 631 castitate
2457 589 2517 630 se
2551 575 2696 646 ipsas
2742 585 2999 646 tanquam
3039 577 3091 630 in
3146 576 3368 647 speculo
3401 586 3657 633 conteru-

2067 667 2306 738 plantur,
2347 681 2414 723 ne
2456 668 2596 725 forte
2625 669 2806 738 aliqua
2843 668 2897 723 in
2929 667 3078 722 vultu
3120 668 3330 723 macula
3383 669 3658 735 resideat,

2067 774 2171 829 qua
2201 758 2524 830 disiiliceant
2551 775 2755 831 sponso
2788 776 2910 816 suo.
2954 760 3160 827 Quaerit
3189 762 3335 816 enim
3366 762 3459 816 ille
3490 762 3657 832 virgi-

2068 866 2165 905 ncs
2204 850 2414 907 animas
2466 862 2667 917 castas,
2709 863 2765 908 et
2816 854 3081 921 mandas,
3134 855 3337 910 nullam
3388 855 3662 912 habentes

2069 944 2356 998 maculam.
2395 944 2448 999 ld
2481 948 2622 1014 quod
2665 946 2733 1001 de
2774 945 3017 1002 Rebecca
3060 949 3318 1018 scriptum
3365 958 3482 1013 est,
3510 948 3661 1017 quod

2066 1040 2210 1108 virgo
2240 1048 2349 1092 erat
2371 1039 2592 1106 pulchra
2620 1037 2769 1092 valde
2799 1039 2863 1105 ¹⁶,
2898 1041 3145 1095 nesciens
3186 1041 3383 1095 virum.
3435 1040 3502 1095 Et
3527 1040 3663 1096 Pro-

2068 1133 2265 1201 pheta:
2288 1132 2649 1197 Adducentur,
2677 1132 2871 1202 inquit,
2900 1134 3119 1204 virgines
3139 1144 3255 1203 post
3290 1150 3443 1197 eam;
3479 1136 3663 1203 protri-

2066 1238 2167 1276 mw
2208 1222 2323 1291 ejus
2351 1223 2683 1278 adducentur
2719 1226 2817 1279 tibi
2847 1225 2913 1280 ".
2946 1254 3004 1264 —
3056 1226 3422 1293 Adducentur,
3468 1228 3662 1284 habita

2069 1315 2427 1395 humanitatis
2457 1316 2686 1374 ratione.
2750 1319 3056 1389 Proximis,
3110 1320 3234 1391 quia
3260 1318 3662 1393 coniungantur

2067 1410 2190 1479 ipsi.
2225 1409 2413 1465 Sancti
2461 1410 2605 1465 enim
2654 1409 2998 1480 baptismatis
3046 1414 3386 1483 regeneratio
3432 1426 3661 1471 renovat

2066 1517 2161 1559 eas
2205 1502 2275 1557 ab
2312 1503 2461 1557 omni
2502 1512 2793 1558 vetustate.
2836 1503 2905 1558 Et
2951 1508 3267 1576 paenitentia
3300 1508 3422 1563 illas
3454 1509 3660 1564 sancti-

2069 1596 2227 1663 ﬁcat,
2259 1605 2313 1651 et
2361 1612 2525 1665 puras
2569 1596 2806 1666 virgines
2854 1598 3051 1655 reddit.
3087 1598 3275 1655 Totius
3320 1602 3467 1655 enim
3501 1611 3660 1657 vetu-

2066 1690 2225 1745 statis
2261 1688 2677 1745 obliviscuntur.
2723 1690 2888 1755 Audi,
2921 1692 3115 1761 inquit,
3149 1692 3263 1759 ﬁlia
3287 1735 3302 1759 ,
3350 1705 3397 1747 et
3436 1696 3578 1760 vide,
3610 1705 3659 1751 et

2067 1782 2265 1836 inclina
2302 1798 2483 1836 aurem
2522 1792 2708 1849 tuam,
2745 1795 2790 1837 et
2817 1783 3119 1839 obliviscere
3148 1786 3328 1855 populi
3369 1788 3451 1839 tui
3484 1797 3531 1840 et
3558 1788 3658 1841 do-

2066 1891 2210 1928 mum
2245 1876 2413 1939 patris
2473 1876 2552 1929 lui
2580 1891 2599 1931 :
2628 1886 2676 1931 et
2710 1879 3034 1947 concupiscet
3058 1894 3148 1931 rex
3169 1880 3392 1947 speciem
3421 1890 3573 1933 tuam
3594 1879 3654 1937 ⁸⁸.

2067 1970 2135 2025 Ει
2167 1969 2464 2038 suspicient
2504 1969 2648 2022 illam
2687 1984 2877 2025 omnes
2907 1970 3134 2027 virtutes
3190 1974 3501 2041 caelorum,
3535 1988 3659 2043 pro-

2068 2073 2188 2133 pter
2225 2062 2576 2127 munditiam,
2607 2078 2712 2131 qua
2755 2078 2875 2117 eam
2909 2066 3221 2134 ptrnitentia
3249 2066 3569 2133 decoravit,
3606 2078 3660 2124 et

2070 2176 2235 2215 unmu
2287 2174 2410 2214 cum
2458 2159 2576 2227 ipso
2631 2174 2828 2227 corpus
2876 2159 3020 2212 illam
3071 2159 3265 2215 effecit.
3327 2161 3395 2215 Et
3424 2162 3654 2219 dicent:

2068 2254 2201 2320 Qua:
2245 2264 2322 2308 est
2382 2254 2513 2320 ista,
2565 2269 2682 2324 qua:
2732 2254 2969 2308 ascendit
3019 2254 3262 2310 dealbatu
3319 2258 3460 2312 inter
3515 2258 3659 2327 filias

2066 2347 2183 2417 ejus
2217 2346 2295 2400 "l

2137 2436 2280 2491 XXI.
2322 2436 2584 2492 Omnibus
2647 2451 2777 2508 ergo
2838 2438 3045 2495 viribus
3108 2440 3546 2506 contendamus,
3602 2450 3662 2495 nt

2067 2528 2325 2599 paulatim
2357 2529 2558 2584 veteris
2581 2529 2817 2584 hominis
2855 2529 3096 2585 actiones
3128 2546 3426 2598 exuamus;
3461 2548 3658 2586 cavea-

2069 2636 2190 2674 mus
2225 2635 2255 2673 a
2296 2619 2457 2675 rebus
2502 2619 2754 2674 erunibus
2791 2620 3140 2689 perditionis,
3192 2621 3365 2676 donec
3415 2624 3663 2678 Charitas

2067 2712 2183 2781 ejus
2211 2712 2277 2766 ad
2321 2726 2419 2766 nos
2464 2712 2673 2777 veniat,
2710 2720 2764 2766 ct
2817 2728 2871 2769 a.
2914 2714 3069 2768 nobis
3112 2714 3323 2767 auferat
3363 2715 3660 2784 imaginem

2070 2803 2269 2860 terreni
2318 2813 2371 2859 et
2414 2811 2657 2859 sanctam
2717 2804 2835 2875 ejus
2870 2806 3158 2876 imaginem
3209 2807 3337 2876 ﬁgat
3386 2807 3439 2861 in
3491 2810 3661 2862 corde

2070 2907 2281 2963 nostro,
2318 2904 2376 2951 ut
2408 2898 2525 2966 puri
2549 2907 2604 2952 et
2645 2898 2837 2966 integri
2880 2899 2949 2954 ab
2980 2898 3124 2952 omni
3169 2900 3377 2953 macula
3412 2915 3478 2955 co
3508 2900 3661 2969 digni

2070 2988 2389 3045 eﬂiciamur.
2422 2990 2507 3056 Et,
2544 2990 2679 3044 sicut
2711 2992 3032 3059 portavimus
3064 2993 3374 3063 .imaginem
3430 2995 3659 3058 terreni,

2073 3092 2131 3136 ut
2149 3083 2322 3154 inquit
2344 3084 2655 3155 Apostolus,
2674 3093 2939 3154 portemus
2963 3093 3011 3139 et
3036 3085 3317 3154 imaginem
3338 3086 3562 3141 calestis
3584 3087 3655 3141 ⁸⁸.

2071 3174 2334 3243 Quoniam
2392 3178 2561 3246 probe
2625 3177 2773 3232 novit
2827 3176 3149 3247 Apostolus.
3214 3179 3486 3234 neminem
3536 3193 3663 3235 esse

2070 3269 2192 3325 sine
2243 3279 2503 3339 peccato,
2540 3284 2607 3324 ex
2656 3284 2764 3339 quo
2814 3269 2955 3323 facta
3010 3278 3094 3324 est
3144 3271 3541 3339 transgressio;
3597 3279 3659 3326 et

2070 3360 2449 3432 paenitentiam
2484 3376 2625 3427 esse,
2645 3376 2765 3432 quae
2793 3361 3064 3417 hominem
3096 3362 3163 3417 ad
3193 3362 3460 3432 integram
3506 3362 3663 3418 ducit

2070 3455 2420 3524 puritatem:
2482 3454 2684 3509 idcirco
2754 3470 2853 3509 nos
2914 3462 3130 3520 monet,
3193 3465 3253 3510 ut
3310 3455 3663 3511 destruamus

2070 3547 2336 3601 actionem
2370 3544 2489 3616 ejus
2532 3548 2622 3617 qui
2658 3562 2761 3601 non
2797 3547 3066 3614 obedivit,
3110 3557 3165 3604 et
3217 3551 3483 3606 actionem
3533 3566 3659 3605 ant-

2070 3640 2371 3709 plectamur
2404 3641 2613 3696 Domini
2653 3642 2821 3697 nostri
2857 3640 2983 3699 Jesu
3016 3642 3238 3709 Christi,
3267 3645 3657 3713 obtemperan-

2071 3736 2150 3781 tes
2194 3727 2463 3783 mandatis
2493 3726 2667 3797 illius,
2711 3730 2802 3799 qui
2836 3730 3206 3787 misericordia
3256 3734 3519 3789 adductus
3557 3736 3661 3789 ho-

2070 3819 2233 3875 minis
2277 3821 2593 3877 scrvitutem
2640 3822 2800 3890 tulit,
2843 3832 2902 3879 ut
2931 3840 3055 3880 eum
3105 3824 3157 3879 in
3198 3825 3536 3881 reconditum
3569 3842 3663 3881 re-

2069 3913 2298 3969 duceret
2352 3917 2706 3985 paradisum,
2755 3926 2810 3973 et
2851 3927 3073 3974 sanctas
3117 3919 3192 3972 illi
3249 3934 3376 3975 suas
3421 3920 3658 3976 virtutes

2069 4019 2258 4059 omnes
2307 4004 2622 4076 largiretur,
2666 4008 3113 4079 permitteretque
3170 4012 3316 4066 vesci
3376 4011 3443 4067 de
3506 4012 3657 4082 ligno

2068 4096 2216 4162 vitae,
2257 4110 2377 4166 quae
2402 4104 2489 4152 est
2530 4111 2844 4153 sermonum
2873 4098 2989 4167 eius
3012 4102 3249 4169 cognitio
3280 4112 3443 4173 atque
3472 4104 3663 4159 obser-

2070 4187 2246 4255 vatio;
2282 4203 2404 4258 qua:
2435 4190 2487 4244 in
2521 4190 2706 4246 animo
2754 4191 2993 4247 ﬁdelium
3026 4209 3213 4263 pacein
3259 4195 3482 4262 inserit,
3534 4210 3659 4251 eos-

2070 4295 2176 4349 que
2214 4291 2395 4336 servat
2425 4283 2679 4348 assiduc,
2725 4293 2780 4340 et
2814 4295 2965 4342 arcet
2998 4301 3160 4343 aures
3189 4301 3373 4342 eorum
3409 4288 3478 4344 ab
3505 4289 3660 4345 omni

384 4378 571 4434 tuleris
620 4380 688 4432 ad
717 4377 888 4432 altare
923 4393 1093 4431 meum
1128 4392 1194 4431 ea:
1228 4376 1551 4431 animalibus
1584 4376 1795 4431 mundis
1829 4375 1968 4447 quod
2003 4401 2046 4456 ι)
2074 4387 2326 4428 sermone
2359 4373 2613 4430 draconis
2650 4375 2905 4447 improbi,
2938 4377 2989 4433 in
3031 4379 3344 4434 memoriam
3381 4379 3490 4435 illis
3519 4382 3663 4435 redi-

382 4472 649 4529 maculam
676 4472 901 4536 habeat,
940 4488 1001 4525 ne
1028 4472 1277 4526 moriaris
1301 4471 1364 4526 “.
1399 4471 1580 4526 Aaron
1625 4481 1859 4525 mentem
1889 4470 1967 4525 si-

382 4566 627 4637 gniﬁcat.
673 4564 739 4619 Et
785 4564 1041 4635 quoniam
1090 4564 1341 4619 inimicus
1376 4579 1500 4618 cum
1546 4562 1968 4634 speciejustitite

384 4656 577 4712 miscet
607 4654 870 4711 malitiam
907 4668 1086 4720 suam,
1120 4653 1244 4710 ideo
1272 4654 1474 4725 jussit,
1515 4663 1575 4709 ut
1621 4654 1963 4725 exploraret,

384 4758 675 4819 antequam
696 4748 941 4812 oll'erret,
989 4761 1057 4802 ne
1088 4757 1411 4803 moreretur.

456 4840 574 4897 XX.
625 4840 863 4911 Diligens
911 4825 1041 4896 haec.
1088 4840 1391 4910 exploratio
1432 4840 1645 4895 illorum
1695 4849 1818 4908 est,
1875 4843 1966 4912 qui

384 4950 511 4991 vere
540 4934 770 5005 diligunt
798 4932 1086 4989 Dominum
1122 4932 1307 4988 Jesum
1335 4972 1351 4999 ,
1383 4942 1438 4987 et
1464 4942 1689 5003 sperant
1728 4932 1781 4987 in
1820 4949 1966 4989 eum.

384 5025 591 5081 florum
638 5026 842 5090 anima,
871 5024 1011 5078 facta
1044 5035 1129 5079 est
1153 5039 1350 5094 sponsa
1388 5025 1679 5079 virtutibus
1714 5026 1969 5081 omnibus

384 5128 671 5182 cxonrata,
699 5134 821 5189 quae
860 5119 1024 5175 habet
1052 5118 1332 5187 speculum
1371 5133 1550 5173 suum.
1594 5120 1753 5183 Nam.
1783 5130 1840 5174 ut
1888 5122 1970 5176 iu-

383 5214 500 5283 quit
544 5211 864 5281 Apostolus,
907 5210 1023 5267 Nos
1073 5226 1252 5265 omnes
1298 5212 1524 5266 revelata
1562 5213 1699 5282 [acie
1740 5214 1966 5284 gloriam

386 5304 482 5359 Dei
523 5304 682 5356 veluti
728 5304 939 5373 speculo
963 5302 1278 5373 referentes,
1322 5305 1377 5357 in
1412 5304 1645 5358 eamdem
1686 5305 1971 5375 imaginem

384 5393 831 5462 transformamur
858 5400 923 5448 de
946 5394 1189 5447 claritate
1224 5394 1279 5448 in
1307 5393 1623 5459 claritatem,
1659 5404 1907 5464 tanquam
1930 5411 1963 5447 α

454 5556 504 5589 ³³
533 5553 695 5612 Prov.
725 5570 877 5623 xxxx,
902 5556 996 5624 '27,
1024 5556 1117 5623 21,
1148 5555 1234 5611 ii.

390 5625 478 5685 17.
556 5626 594 5658 ¹’
633 5627 774 5683 Psal.
812 5644 955 5690 xLIv,
988 5628 1076 5684 f5.
1159 5628 1207 5661 “
1254 5626 1383 5682 ibid.
1424 5626 1522 5690 11,
1556 5625 1645 5680 12.

387 5712 481 5769 xv,
506 5697 594 5769 14,
628 5700 727 5771 l5;
774 5716 866 5770 xx,
906 5698 992 5755 l'l.
1071 5698 1119 5733 ”
1146 5697 1304 5757 Joan.
1339 5713 1432 5771 xx,
1464 5697 1527 5752 l7

1313 5555 1357 5637 ξ’
1384 5554 1558 5610 Levtt.
1588 5570 1724 5619 χχιι,
1751 5555 1839 5641 18,
1866 5554 1959 5610 20.
2037 5555 2083 5588 “
2122 5555 2164 5611 11
2196 5556 2326 5615 Cor.
2360 5575 2450 5624 tu,
2482 5558 2570 5617 18.

1314 5627 1363 5660 ..Ι
1424 5626 1480 5660 ll
1556 5625 1623 5660 ιο
1726 5628 1767 5658 ιν
1801 5630 1931 5660 lum
1999 5642 2056 5660 ιη
2107 5631 2140 5660 l:
2237 5630 2283 5660 ao
2319 5630 2332 5660 I
2375 5633 2480 5660 νη..
2532 5648 2570 5660 ..η

1632 5666 1645 5678 .
1726 5630 1767 5658 ”
1801 5630 1957 5681 Cum.
1999 5642 2081 5693 tu,
2107 5631 2161 5684 ti.
2237 5630 2283 5660 "
2319 5630 2333 5683 Ι
2375 5633 2499 5687 Cor.
2531 5647 2619 5700 xv,
2654 5632 2742 5688 49.

1629 5697 1677 5730 ¹δ
1712 5696 1871 5754 Joan.
1909 5714 2052 5766 xvu,
2087 5698 2181 5767 25,
2223 5701 2313 5756 2’s.

2075 4481 2208 4537 gens
2234 4468 2485 4523 acerbam
2512 4469 2826 4526 servitutem
2851 4471 3087 4543 inquam
3112 4487 3208 4542 per
3230 4473 3656 4530 inobedicntiam

2076 4559 2390 4625 incidimus,
2428 4560 2831 4632 cobortansque
2865 4578 2986 4627 nos,
3030 4573 3089 4618 ut
3119 4564 3169 4619 ci
3199 4579 3415 4634 semper
3451 4566 3660 4635 gratias

2075 4666 2320 4721 agamus,
2370 4650 2462 4721 qui
2508 4653 2747 4722 pretioso
2790 4657 3051 4726 sanguine
3100 4670 3199 4710 suo
3244 4670 3343 4710 nos
3390 4657 3656 4725 redemit,

2077 4744 2259 4799 delens
2287 4745 2339 4798 in
2372 4759 2538 4800 cruce
2575 4746 2998 4817 chirographum
3037 4759 3235 4802 nostra:
3272 4747 3553 4803 servitutis
3586 4749 3657 4816 “,

2072 4851 2280 4906 nosque
2309 4836 2413 4893 sibi
2446 4836 2642 4893 fratres
2667 4847 2724 4893 et
2753 4839 2957 4894 amicos
2984 4840 3263 4894 ascribens
3293 4842 3371 4893 "z
3413 4841 3505 4910 qui
3532 4856 3654 4895 cum

2072 4931 2335 4999 Spiritqu
2376 4946 2535 4987 suum
2589 4932 2642 4987 in
2690 4933 2957 4989 charilate
2985 4949 3149 5005 super
3194 4935 3488 5007 discipulos
3528 4951 3656 4993 suos

2070 5022 2474 5100 eﬂ‘udisset,‘et
2517 5026 2732 5081 animos
2766 5042 2953 5081 eorum
3005 5038 3345 5095 recreasset,
3378 5029 3656 5097 Ascendo,

2073 5117 2271 5187 inquit,
2297 5119 2366 5171 ad
2399 5117 2613 5173 Patrem
2640 5136 2814 5173 meum
2851 5130 2899 5174 et
2936 5118 3151 5174 Patrem
3189 5132 3415 5175 vestrum
3439 5163 3453 5185 ,
3486 5121 3655 5176 Deum

2073 5228 2244 5265 meum
2283 5222 2330 5265 et
2376 5210 2544 5267 Deum
2577 5225 2803 5267 vestrum
2832 5213 2899 5267 “.
2942 5211 3107 5277 Volo,
3143 5211 3324 5277 Pater,
3353 5223 3409 5265 ut
3438 5212 3527 5265 ubi
3561 5231 3655 5283 ego

2074 5320 2215 5369 sum,
2255 5314 2300 5357 et
2329 5303 2429 5374 ipsi
2459 5304 2566 5359 illic
2586 5308 2688 5359 sint
2719 5322 2944 5362 mecum.
2984 5304 3248 5373 Quoniam
3270 5306 3503 5360 dilexisti
3532 5323 3622 5363 eos
3642 5346 3660 5374 ,

2071 5395 2210 5450 sicut
2240 5407 2295 5449 tu
2326 5396 2560 5451 dilexisti
2595 5414 2674 5451 me
2696 5396 2765 5452 ’⁵.
3024 5392 3035 5401 ’

2649 5560 2691 5594 ⁸⁸
2719 5557 2736 5613 1
2760 5558 2881 5615 Cor.
2921 5575 3039 5623 xm,
3074 5558 3157 5613 12.
3246 5558 3287 5588 "
3316 5557 3457 5613 Gen.
3502 5572 3659 5622 xxx,

2838 5632 2877 5663 "
2923 5631 3190 5688 Coloss."
3248 5630 3334 5683 Η.
3413 5625 3631 5685 "ert
