  <div class='ocr_page' id='page_1' title='image "/cluster/home/n/w/nwhite01/storage/ocr_20150623/40/hvd.32044019207786/624.png"; bbox 0 0 3862 6338; ppageno 0'>
   <div class='ocr_carea' id='block_1_1' title="bbox 153 217 3471 295">
    <p class='ocr_par' dir='ltr' id='par_1_1' title="bbox 153 217 3471 295">
     <span class='ocr_line' id='line_1_1' title="bbox 153 217 3471 295; baseline -0.002 -9"><span class='ocrx_word' id='word_1_1' title='bbox 153 231 324 294; x_wconf 68' lang='grc' dir='ltr'>ιιεθ</span> <span class='ocrx_word' id='word_1_2' title='bbox 1281 228 1338 286; x_wconf 83' lang='lat' dir='ltr'><strong>S.</strong></span> <span class='ocrx_word' id='word_1_3' title='bbox 1377 227 1583 285; x_wconf 60' lang='lat' dir='ltr'><strong>ISAL&#39;E</strong></span> <span class='ocrx_word' id='word_1_4' title='bbox 1623 227 1918 280; x_wconf 72' lang='lat' dir='ltr'><strong>ABBATIS</strong></span> <span class='ocrx_word' id='word_1_5' title='bbox 1955 226 2376 283; x_wconf 72' lang='lat' dir='ltr'><strong>OIlATIONES.</strong></span> <span class='ocrx_word' id='word_1_6' title='bbox 3327 217 3471 295; x_wconf 53' lang='lat'><strong>£190</strong></span> 
     </span>
    </p>
   </div>
   <div class='ocr_carea' id='block_1_2' title="bbox 255 347 3473 427">
    <p class='ocr_par' dir='ltr' id='par_1_2' title="bbox 255 347 3473 427">
     <span class='ocr_line' id='line_1_2' title="bbox 255 347 3473 427; baseline -0 -16"><span class='ocrx_word' id='word_1_7' title='bbox 255 353 441 411; x_wconf 76' lang='lat' dir='ltr'><strong>XXII.</strong></span> <span class='ocrx_word' id='word_1_8' title='bbox 481 351 745 409; x_wconf 71' lang='lat' dir='ltr'><strong>Caeterum</strong></span> <span class='ocrx_word' id='word_1_9' title='bbox 778 362 837 407; x_wconf 91' lang='lat' dir='ltr'><strong>ut</strong></span> <span class='ocrx_word' id='word_1_10' title='bbox 862 350 1168 407; x_wconf 85' lang='lat' dir='ltr'><strong>ostenderet</strong></span> <span class='ocrx_word' id='word_1_11' title='bbox 1199 364 1257 406; x_wconf 86' lang='lat' dir='ltr'><strong>se</strong></span> <span class='ocrx_word' id='word_1_12' title='bbox 1303 365 1406 404; x_wconf 91' lang='lat' dir='ltr'><strong>non</strong></span> <span class='ocrx_word' id='word_1_13' title='bbox 1439 350 1505 404; x_wconf 94' lang='lat' dir='ltr'><strong>de</strong></span> <span class='ocrx_word' id='word_1_14' title='bbox 1538 348 1789 403; x_wconf 86' lang='lat' dir='ltr'><strong>omnibus</strong></span> <span class='ocrx_word' id='word_1_15' title='bbox 1823 359 1864 411; x_wconf 81' lang='grc' dir='ltr'><strong>Α</strong></span> <span class='ocrx_word' id='word_1_16' title='bbox 1895 348 2103 403; x_wconf 82' lang='lat' dir='ltr'><strong>habitet</strong></span> <span class='ocrx_word' id='word_1_17' title='bbox 2175 347 2405 419; x_wconf 87' lang='lat' dir='ltr'><strong>Spiritus</strong></span> <span class='ocrx_word' id='word_1_18' title='bbox 2463 359 2705 406; x_wconf 78' lang='lat' dir='ltr'><strong>sanctus.</strong></span> <span class='ocrx_word' id='word_1_19' title='bbox 2765 351 2827 406; x_wconf 89' lang='lat' dir='ltr'><strong>Si</strong></span> <span class='ocrx_word' id='word_1_20' title='bbox 2879 369 2959 408; x_wconf 91' lang='lat' dir='ltr'><strong>me</strong></span> <span class='ocrx_word' id='word_1_21' title='bbox 3004 352 3258 425; x_wconf 72' lang='lat' dir='ltr'><strong>diligitis,</strong></span> <span class='ocrx_word' id='word_1_22' title='bbox 3302 356 3473 427; x_wconf 86' lang='lat' dir='ltr'><strong>inquit</strong></span> 
     </span>
    </p>
   </div>
   <div class='ocr_carea' id='block_1_3' title="bbox 159 436 3476 518">
    <p class='ocr_par' dir='ltr' id='par_1_3' title="bbox 159 436 3476 518">
     <span class='ocr_line' id='line_1_3' title="bbox 159 436 3476 518; baseline -0.002 -10"><span class='ocrx_word' id='word_1_23' title='bbox 159 451 402 515; x_wconf 84' lang='lat' dir='ltr'><strong>dicere,</strong></span> <span class='ocrx_word' id='word_1_24' title='bbox 430 449 527 502; x_wconf 88' lang='lat' dir='ltr'><strong>sed</strong></span> <span class='ocrx_word' id='word_1_25' title='bbox 560 447 626 501; x_wconf 91' lang='lat' dir='ltr'><strong>de</strong></span> <span class='ocrx_word' id='word_1_26' title='bbox 655 445 762 500; x_wconf 82' lang='lat' dir='ltr'><strong>illis</strong></span> <span class='ocrx_word' id='word_1_27' title='bbox 796 445 888 515; x_wconf 86' lang='lat' dir='ltr'><strong>qui</strong></span> <span class='ocrx_word' id='word_1_28' title='bbox 925 444 1174 515; x_wconf 88' lang='lat' dir='ltr'><strong>proprias</strong></span> <span class='ocrx_word' id='word_1_29' title='bbox 1218 453 1507 513; x_wconf 74' lang='lat' dir='ltr'><strong>amputant</strong></span> <span class='ocrx_word' id='word_1_30' title='bbox 1536 441 1783 496; x_wconf 86' lang='lat' dir='ltr'><strong>volunta-</strong></span> <span class='ocrx_word' id='word_1_31' title='bbox 1895 436 2193 505; x_wconf 79' lang='lat' dir='ltr'><strong>Dominus,</strong></span> <span class='ocrx_word' id='word_1_32' title='bbox 2272 439 2528 495; x_wconf 68' lang='lat' dir='ltr'><strong>mandatu</strong></span> <span class='ocrx_word' id='word_1_33' title='bbox 2577 458 2693 495; x_wconf 86' lang='lat' dir='ltr'><strong>mea</strong></span> <span class='ocrx_word' id='word_1_34' title='bbox 2747 453 2963 498; x_wconf 67' lang='lat' dir='ltr'><strong>seruate.</strong></span> <span class='ocrx_word' id='word_1_35' title='bbox 3013 443 3082 498; x_wconf 85' lang='lat' dir='ltr'><strong>Et</strong></span> <span class='ocrx_word' id='word_1_36' title='bbox 3133 461 3225 516; x_wconf 87' lang='lat' dir='ltr'><strong>ego</strong></span> <span class='ocrx_word' id='word_1_37' title='bbox 3286 449 3476 518; x_wconf 88' lang='lat' dir='ltr'><strong>rogabo</strong></span> 
     </span>
    </p>
   </div>
   <div class='ocr_carea' id='block_1_4' title="bbox 155 525 3474 610">
    <p class='ocr_par' dir='ltr' id='par_1_4' title="bbox 155 525 3474 610">
     <span class='ocr_line' id='line_1_4' title="bbox 155 525 3474 610; baseline -0.004 -12"><span class='ocrx_word' id='word_1_38' title='bbox 155 553 288 609; x_wconf 84' lang='lat' dir='ltr'><strong>tes,</strong></span> <span class='ocrx_word' id='word_1_39' title='bbox 340 551 396 598; x_wconf 90' lang='lat' dir='ltr'><strong>et</strong></span> <span class='ocrx_word' id='word_1_40' title='bbox 449 549 650 596; x_wconf 68' lang='lat' dir='ltr'><strong>sanctae</strong></span> <span class='ocrx_word' id='word_1_41' title='bbox 695 539 864 610; x_wconf 85' lang='lat' dir='ltr'><strong>ipsius</strong></span> <span class='ocrx_word' id='word_1_42' title='bbox 921 536 1187 593; x_wconf 88' lang='lat' dir='ltr'><strong>voluntati</strong></span> <span class='ocrx_word' id='word_1_43' title='bbox 1240 545 1453 606; x_wconf 88' lang='lat' dir='ltr'><strong>parent,</strong></span> <span class='ocrx_word' id='word_1_44' title='bbox 1508 544 1562 590; x_wconf 91' lang='lat' dir='ltr'><strong>et</strong></span> <span class='ocrx_word' id='word_1_45' title='bbox 1603 535 1786 589; x_wconf 86' lang='lat' dir='ltr'><strong>omnia</strong></span> <span class='ocrx_word' id='word_1_46' title='bbox 1898 525 2110 580; x_wconf 73' lang='lat' dir='ltr'><strong>Patrem</strong></span> <span class='ocrx_word' id='word_1_47' title='bbox 2139 568 2153 592; x_wconf 82' lang='lat'><strong>.</strong></span> <span class='ocrx_word' id='word_1_48' title='bbox 2189 539 2235 581; x_wconf 86' lang='lat' dir='ltr'><strong>et</strong></span> <span class='ocrx_word' id='word_1_49' title='bbox 2281 529 2450 583; x_wconf 86' lang='lat' dir='ltr'><strong>mittet</strong></span> <span class='ocrx_word' id='word_1_50' title='bbox 2482 531 2623 586; x_wconf 83' lang='lat' dir='ltr'><strong>vobis</strong></span> <span class='ocrx_word' id='word_1_51' title='bbox 2669 531 2996 602; x_wconf 89' lang='lat' dir='ltr'><strong>paracletum</strong></span> <span class='ocrx_word' id='word_1_52' title='bbox 3047 533 3305 604; x_wconf 78' lang='lat' dir='ltr'><strong>Spiritum</strong></span> <span class='ocrx_word' id='word_1_53' title='bbox 3345 539 3474 592; x_wconf 63' lang='lat' dir='ltr'><strong>veri.</strong></span> 
     </span>
    </p>
   </div>
   <div class='ocr_carea' id='block_1_5' title="bbox 158 618 1793 702">
    <p class='ocr_par' dir='ltr' id='par_1_5' title="bbox 158 619 1788 702">
     <span class='ocr_line' id='line_1_5' title="bbox 158 619 1788 702; baseline -0.004 -14"><span class='ocrx_word' id='word_1_54' title='bbox 158 635 379 689; x_wconf 86' lang='lat' dir='ltr'><strong>mundi</strong></span> <span class='ocrx_word' id='word_1_55' title='bbox 418 630 581 702; x_wconf 85' lang='lat' dir='ltr'><strong>hujus</strong></span> <span class='ocrx_word' id='word_1_56' title='bbox 616 630 943 685; x_wconf 83' lang='lat' dir='ltr'><strong>commercia</strong></span> <span class='ocrx_word' id='word_1_57' title='bbox 988 644 1017 683; x_wconf 89' lang='lat' dir='ltr'><strong>a</strong></span> <span class='ocrx_word' id='word_1_58' title='bbox 1053 644 1112 686; x_wconf 92' lang='lat' dir='ltr'><strong>se</strong></span> <span class='ocrx_word' id='word_1_59' title='bbox 1158 627 1404 697; x_wconf 81' lang='lat' dir='ltr'><strong>rejiciunt</strong></span> <span class='ocrx_word' id='word_1_60' title='bbox 1449 619 1668 697; x_wconf 57' lang='lat' dir='ltr'><strong>:‘Elegi,</strong></span> <span class='ocrx_word' id='word_1_61' title='bbox 1703 627 1788 681; x_wconf 87' lang='lat' dir='ltr'><strong>in-</strong></span> 
     </span>
    </p>
   </div>
   <div class='ocr_carea' id='block_1_6' title="bbox 1905 618 3476 702">
    <p class='ocr_par' dir='ltr' id='par_1_6' title="bbox 1905 618 3476 701">
     <span class='ocr_line' id='line_1_6' title="bbox 1905 618 3476 701; baseline 0.011 -33"><span class='ocrx_word' id='word_1_62' title='bbox 1905 620 2018 670; x_wconf 82' lang='lat' dir='ltr'><strong>latis</strong></span> <span class='ocrx_word' id='word_1_63' title='bbox 2046 618 2112 672; x_wconf 80' lang='grc'><strong>³³.</strong></span> <span class='ocrx_word' id='word_1_64' title='bbox 2165 618 2228 673; x_wconf 83' lang='grc' dir='ltr'>Ει</span> <span class='ocrx_word' id='word_1_65' title='bbox 2267 621 2557 690; x_wconf 77' lang='lat' dir='ltr'><strong>Apostolus</strong></span> <span class='ocrx_word' id='word_1_66' title='bbox 2591 647 2602 679; x_wconf 90' lang='lat'><strong>:</strong></span> <span class='ocrx_word' id='word_1_67' title='bbox 2647 623 2871 694; x_wconf 86' lang='lat' dir='ltr'><strong>Nonne,</strong></span> <span class='ocrx_word' id='word_1_68' title='bbox 2917 627 3111 696; x_wconf 88' lang='lat' dir='ltr'><strong>inquit,</strong></span> <span class='ocrx_word' id='word_1_69' title='bbox 3143 631 3476 701; x_wconf 71' lang='lat' dir='ltr'><strong>cognoscitis,</strong></span> 
     </span>
    </p>
   </div>
   <div class='ocr_carea' id='block_1_7' title="bbox 155 706 1793 794">
    <p class='ocr_par' dir='ltr' id='par_1_7' title="bbox 155 719 1766 794">
     <span class='ocr_line' id='line_1_7' title="bbox 155 719 1766 794; baseline -0.004 -16"><span class='ocrx_word' id='word_1_70' title='bbox 155 725 321 794; x_wconf 85' lang='lat' dir='ltr'><strong>quit,</strong></span> <span class='ocrx_word' id='word_1_71' title='bbox 352 739 441 777; x_wconf 85' lang='lat' dir='ltr'><strong>eos</strong></span> <span class='ocrx_word' id='word_1_72' title='bbox 467 724 533 776; x_wconf 83' lang='lat' dir='ltr'><strong>de</strong></span> <span class='ocrx_word' id='word_1_73' title='bbox 556 721 772 785; x_wconf 84' lang='lat' dir='ltr'><strong>mundo,</strong></span> <span class='ocrx_word' id='word_1_74' title='bbox 808 728 1081 788; x_wconf 87' lang='lat' dir='ltr'><strong>prapterea</strong></span> <span class='ocrx_word' id='word_1_75' title='bbox 1107 719 1217 773; x_wconf 85' lang='lat' dir='ltr'><strong>odit</strong></span> <span class='ocrx_word' id='word_1_76' title='bbox 1244 735 1330 772; x_wconf 90' lang='lat' dir='ltr'><strong>eos</strong></span> <span class='ocrx_word' id='word_1_77' title='bbox 1363 719 1610 786; x_wconf 84' lang='lat' dir='ltr'><strong>mundus,</strong></span> <span class='ocrx_word' id='word_1_78' title='bbox 1637 733 1766 788; x_wconf 81' lang='lat' dir='ltr'><strong>quo-</strong></span> 
     </span>
    </p>
   </div>
   <div class='ocr_carea' id='block_1_8' title="bbox 1905 706 3474 794">
    <p class='ocr_par' dir='ltr' id='par_1_8' title="bbox 1905 706 3474 786">
     <span class='ocr_line' id='line_1_8' title="bbox 1905 706 3474 786; baseline 0.01 -27"><span class='ocrx_word' id='word_1_79' title='bbox 1905 707 2034 778; x_wconf 73' lang='lat' dir='ltr'><strong>quod</strong></span> <span class='ocrx_word' id='word_1_80' title='bbox 2063 706 2303 763; x_wconf 74' lang='lat' dir='ltr'><strong>Christus</strong></span> <span class='ocrx_word' id='word_1_81' title='bbox 2333 711 2488 766; x_wconf 90' lang='lat' dir='ltr'><strong>Jesus</strong></span> <span class='ocrx_word' id='word_1_82' title='bbox 2537 712 2744 767; x_wconf 81' lang='lat' dir='ltr'><strong>habitat</strong></span> <span class='ocrx_word' id='word_1_83' title='bbox 2775 714 2830 769; x_wconf 90' lang='lat' dir='ltr'><strong>in</strong></span> <span class='ocrx_word' id='word_1_84' title='bbox 2869 715 3052 770; x_wconf 83' lang='lat' dir='ltr'><strong>vobis?</strong></span> <span class='ocrx_word' id='word_1_85' title='bbox 3084 716 3188 771; x_wconf 87' lang='lat' dir='ltr'><strong>nisi</strong></span> <span class='ocrx_word' id='word_1_86' title='bbox 3227 716 3362 786; x_wconf 80' lang='lat' dir='ltr'><strong>forte</strong></span> <span class='ocrx_word' id='word_1_87' title='bbox 3400 736 3474 775; x_wconf 86' lang='lat' dir='ltr'><strong>re-</strong></span> 
     </span>
    </p>
   </div>
   <div class='ocr_carea' id='block_1_9' title="bbox 159 799 3477 883">
    <p class='ocr_par' dir='ltr' id='par_1_9' title="bbox 159 799 3477 883">
     <span class='ocr_line' id='line_1_9' title="bbox 159 799 3477 883; baseline 0.002 -13"><span class='ocrx_word' id='word_1_88' title='bbox 159 818 328 870; x_wconf 68' lang='lat' dir='ltr'><strong>nitens</strong></span> <span class='ocrx_word' id='word_1_89' title='bbox 356 817 423 870; x_wconf 89' lang='lat' dir='ltr'><strong>ab</strong></span> <span class='ocrx_word' id='word_1_90' title='bbox 453 831 512 870; x_wconf 91' lang='lat' dir='ltr'><strong>eo</strong></span> <span class='ocrx_word' id='word_1_91' title='bbox 546 830 647 868; x_wconf 87' lang='lat' dir='ltr'><strong>non</strong></span> <span class='ocrx_word' id='word_1_92' title='bbox 670 822 792 868; x_wconf 86' lang='lat' dir='ltr'><strong>sunt</strong></span> <span class='ocrx_word' id='word_1_93' title='bbox 823 813 890 866; x_wconf 80' lang='lat'><strong>”.</strong></span> <span class='ocrx_word' id='word_1_94' title='bbox 924 812 1027 880; x_wconf 85' lang='lat' dir='ltr'><strong>Qui</strong></span> <span class='ocrx_word' id='word_1_95' title='bbox 1060 828 1124 867; x_wconf 88' lang='lat' dir='ltr'><strong>ea</strong></span> <span class='ocrx_word' id='word_1_96' title='bbox 1158 826 1278 883; x_wconf 68' lang='lat' dir='ltr'><strong>qua:</strong></span> <span class='ocrx_word' id='word_1_97' title='bbox 1307 813 1492 866; x_wconf 90' lang='lat' dir='ltr'><strong>mundi</strong></span> <span class='ocrx_word' id='word_1_98' title='bbox 1520 820 1666 874; x_wconf 93' lang='lat' dir='ltr'><strong>sunt,</strong></span> <span class='ocrx_word' id='word_1_99' title='bbox 1696 823 1782 864; x_wconf 88' lang='lat' dir='ltr'><strong>re-</strong></span> <span class='ocrx_word' id='word_1_100' title='bbox 1895 799 2044 868; x_wconf 68' lang='lat' dir='ltr'><strong>l’mbi</strong></span> <span class='ocrx_word' id='word_1_101' title='bbox 2084 803 2207 854; x_wconf 71' lang='grc' dir='ltr'><strong>εδίίε</strong></span> <span class='ocrx_word' id='word_1_102' title='bbox 2245 799 2308 858; x_wconf 68' lang='grc'><strong>³⁸·</strong></span> <span class='ocrx_word' id='word_1_103' title='bbox 2348 802 2539 870; x_wconf 61' lang='lat' dir='ltr'><strong>Vides»</strong></span> <span class='ocrx_word' id='word_1_104' title='bbox 2596 806 2865 874; x_wconf 78' lang='grc' dir='ltr'>(ιιιοιηοάο</span> <span class='ocrx_word' id='word_1_105' title='bbox 2889 847 2904 872; x_wconf 75' lang='grc' dir='ltr'><strong>ι</strong></span> <span class='ocrx_word' id='word_1_106' title='bbox 2953 806 3057 862; x_wconf 71' lang='grc' dir='ltr'><strong>Ιιῖεί</strong></span> <span class='ocrx_word' id='word_1_107' title='bbox 3102 808 3225 878; x_wconf 71' lang='lat' dir='ltr'><strong>quis</strong></span> <span class='ocrx_word' id='word_1_108' title='bbox 3267 809 3477 864; x_wconf 73' lang='grc' dir='ltr'><strong>θοιηῖιιῖ</strong></span> 
     </span>
    </p>
   </div>
   <div class='ocr_carea' id='block_1_10' title="bbox 158 891 3476 978">
    <p class='ocr_par' dir='ltr' id='par_1_10' title="bbox 158 891 3476 978">
     <span class='ocr_line' id='line_1_10' title="bbox 158 891 3476 978; baseline -0.002 -16"><span class='ocrx_word' id='word_1_109' title='bbox 158 905 512 978; x_wconf 88' lang='lat' dir='ltr'><strong>liquerunt,</strong></span> <span class='ocrx_word' id='word_1_110' title='bbox 548 904 696 974; x_wconf 91' lang='lat' dir='ltr'><strong>digni</strong></span> <span class='ocrx_word' id='word_1_111' title='bbox 755 903 883 960; x_wconf 89' lang='lat' dir='ltr'><strong>facti</strong></span> <span class='ocrx_word' id='word_1_112' title='bbox 913 911 1081 972; x_wconf 90' lang='lat' dir='ltr'><strong>sunt,</strong></span> <span class='ocrx_word' id='word_1_113' title='bbox 1123 902 1574 974; x_wconf 86' lang='lat' dir='ltr'><strong>quemadmodum</strong></span> <span class='ocrx_word' id='word_1_114' title='bbox 1607 903 1786 968; x_wconf 80' lang='lat' dir='ltr'><strong>vides,</strong></span> <span class='ocrx_word' id='word_1_115' title='bbox 1898 891 2170 947; x_wconf 70' lang='grc' dir='ltr'><strong>θοῑῖοηθῐη</strong></span> <span class='ocrx_word' id='word_1_116' title='bbox 2205 893 2470 960; x_wconf 70' lang='grc' dir='ltr'><strong>ίιιιίιθῑυΐ.</strong></span> <span class='ocrx_word' id='word_1_117' title='bbox 2508 897 2770 966; x_wconf 70' lang='grc' dir='ltr'><strong>τερτοὺυε</strong></span> <span class='ocrx_word' id='word_1_118' title='bbox 2799 898 2942 952; x_wconf 71' lang='lat' dir='ltr'><strong>Silet</strong></span> <span class='ocrx_word' id='word_1_119' title='bbox 2977 912 3176 969; x_wconf 85' lang='lat' dir='ltr'><strong>sponsa</strong></span> <span class='ocrx_word' id='word_1_120' title='bbox 3209 900 3328 972; x_wconf 76' lang='lat' dir='ltr'><strong>ejus</strong></span> <span class='ocrx_word' id='word_1_121' title='bbox 3358 915 3476 958; x_wconf 83' lang='lat' dir='ltr'><strong>esse</strong></span> 
     </span>
    </p>
   </div>
   <div class='ocr_carea' id='block_1_11' title="bbox 163 983 3475 1067">
    <p class='ocr_par' dir='ltr' id='par_1_11' title="bbox 163 983 3475 1067">
     <span class='ocr_line' id='line_1_11' title="bbox 163 983 3475 1067; baseline -0.003 -12"><span class='ocrx_word' id='word_1_122' title='bbox 163 1010 240 1055; x_wconf 86' lang='lat' dir='ltr'><strong>ut</strong></span> <span class='ocrx_word' id='word_1_123' title='bbox 275 999 500 1056; x_wconf 85' lang='lat' dir='ltr'><strong>Domini</strong></span> <span class='ocrx_word' id='word_1_124' title='bbox 533 996 660 1053; x_wconf 85' lang='lat' dir='ltr'><strong>Jesu</strong></span> <span class='ocrx_word' id='word_1_125' title='bbox 690 1011 904 1067; x_wconf 78' lang='lat' dir='ltr'><strong>sponsae</strong></span> <span class='ocrx_word' id='word_1_126' title='bbox 931 995 1040 1050; x_wconf 91' lang='lat' dir='ltr'><strong>sint</strong></span> <span class='ocrx_word' id='word_1_127' title='bbox 1063 1036 1078 1062; x_wconf 91' lang='lat'><strong>,</strong></span> <span class='ocrx_word' id='word_1_128' title='bbox 1103 1005 1157 1051; x_wconf 92' lang='lat' dir='ltr'><strong>et</strong></span> <span class='ocrx_word' id='word_1_129' title='bbox 1188 996 1241 1051; x_wconf 88' lang='lat' dir='ltr'><strong>in</strong></span> <span class='ocrx_word' id='word_1_130' title='bbox 1269 995 1385 1066; x_wconf 83' lang='lat' dir='ltr'><strong>ejus</strong></span> <span class='ocrx_word' id='word_1_131' title='bbox 1413 995 1644 1050; x_wconf 77' lang='lat' dir='ltr'><strong>veritate</strong></span> <span class='ocrx_word' id='word_1_132' title='bbox 1674 1009 1790 1066; x_wconf 86' lang='lat' dir='ltr'><strong>per-</strong></span> <span class='ocrx_word' id='word_1_133' title='bbox 1899 986 2166 1054; x_wconf 82' lang='lat' dir='ltr'><strong>nequeat?</strong></span> <span class='ocrx_word' id='word_1_134' title='bbox 2218 983 2285 1041; x_wconf 86' lang='lat' dir='ltr'><strong>Et</strong></span> <span class='ocrx_word' id='word_1_135' title='bbox 2337 988 2573 1059; x_wconf 78' lang='lat' dir='ltr'><strong>virgines</strong></span> <span class='ocrx_word' id='word_1_136' title='bbox 2607 1004 2798 1045; x_wconf 88' lang='lat' dir='ltr'><strong>omnes</strong></span> <span class='ocrx_word' id='word_1_137' title='bbox 2827 1001 3158 1058; x_wconf 89' lang='lat' dir='ltr'><strong>paraverunt</strong></span> <span class='ocrx_word' id='word_1_138' title='bbox 3206 991 3475 1062; x_wconf 76' lang='lat' dir='ltr'><strong>lampades</strong></span> 
     </span>
    </p>
   </div>
   <div class='ocr_carea' id='block_1_12' title="bbox 161 1076 3476 1158">
    <p class='ocr_par' dir='ltr' id='par_1_12' title="bbox 161 1076 3476 1158">
     <span class='ocr_line' id='line_1_12' title="bbox 161 1076 3476 1158; baseline -0.002 -13"><span class='ocrx_word' id='word_1_139' title='bbox 161 1100 480 1148; x_wconf 85' lang='lat' dir='ltr'><strong>maneant.</strong></span> <span class='ocrx_word' id='word_1_140' title='bbox 525 1087 750 1158; x_wconf 86' lang='lat' dir='ltr'><strong>Propter</strong></span> <span class='ocrx_word' id='word_1_141' title='bbox 790 1087 925 1152; x_wconf 78' lang='lat' dir='ltr'><strong>hoc,</strong></span> <span class='ocrx_word' id='word_1_142' title='bbox 969 1086 1142 1156; x_wconf 90' lang='lat' dir='ltr'><strong>inquit</strong></span> <span class='ocrx_word' id='word_1_143' title='bbox 1173 1085 1461 1155; x_wconf 82' lang='lat' dir='ltr'><strong>Apostolus</strong></span> <span class='ocrx_word' id='word_1_144' title='bbox 1488 1124 1502 1151; x_wconf 65' lang='grc' dir='ltr'><strong>ε</strong></span> <span class='ocrx_word' id='word_1_145' title='bbox 1536 1085 1788 1149; x_wconf 81' lang='lat' dir='ltr'><strong>relinquet</strong></span> <span class='ocrx_word' id='word_1_146' title='bbox 1897 1088 2047 1139; x_wconf 86' lang='lat' dir='ltr'><strong>suas,</strong></span> <span class='ocrx_word' id='word_1_147' title='bbox 2098 1076 2193 1131; x_wconf 91' lang='lat' dir='ltr'><strong>sed</strong></span> <span class='ocrx_word' id='word_1_148' title='bbox 2221 1090 2341 1146; x_wconf 71' lang='lat' dir='ltr'><strong>qua:</strong></span> <span class='ocrx_word' id='word_1_149' title='bbox 2392 1092 2498 1131; x_wconf 91' lang='lat' dir='ltr'><strong>non</strong></span> <span class='ocrx_word' id='word_1_150' title='bbox 2540 1077 2808 1134; x_wconf 86' lang='lat' dir='ltr'><strong>habebant</strong></span> <span class='ocrx_word' id='word_1_151' title='bbox 2855 1094 3020 1150; x_wconf 85' lang='lat' dir='ltr'><strong>opera</strong></span> <span class='ocrx_word' id='word_1_152' title='bbox 3072 1079 3232 1146; x_wconf 89' lang='lat' dir='ltr'><strong>bona,</strong></span> <span class='ocrx_word' id='word_1_153' title='bbox 3271 1082 3476 1152; x_wconf 68' lang='lat' dir='ltr'><strong>rejecta&#39;</strong></span> 
     </span>
    </p>
   </div>
   <div class='ocr_carea' id='block_1_13' title="bbox 160 1165 3472 1253">
    <p class='ocr_par' dir='ltr' id='par_1_13' title="bbox 160 1165 3472 1253">
     <span class='ocr_line' id='line_1_13' title="bbox 160 1165 3472 1253; baseline 0.001 -17"><span class='ocrx_word' id='word_1_154' title='bbox 160 1183 346 1238; x_wconf 67' lang='lat' dir='ltr'><strong>homo</strong></span> <span class='ocrx_word' id='word_1_155' title='bbox 388 1192 595 1253; x_wconf 77' lang='lat' dir='ltr'><strong>patrem</strong></span> <span class='ocrx_word' id='word_1_156' title='bbox 641 1190 690 1236; x_wconf 90' lang='lat' dir='ltr'><strong>et</strong></span> <span class='ocrx_word' id='word_1_157' title='bbox 744 1188 989 1243; x_wconf 83' lang='lat' dir='ltr'><strong>matrem,</strong></span> <span class='ocrx_word' id='word_1_158' title='bbox 1030 1188 1080 1233; x_wconf 82' lang='lat' dir='ltr'><strong>et</strong></span> <span class='ocrx_word' id='word_1_159' title='bbox 1123 1178 1408 1233; x_wconf 79' lang='lat' dir='ltr'><strong>adhwrebit</strong></span> <span class='ocrx_word' id='word_1_160' title='bbox 1447 1178 1602 1232; x_wconf 82' lang='lat' dir='ltr'><strong>uxori</strong></span> <span class='ocrx_word' id='word_1_161' title='bbox 1642 1193 1787 1239; x_wconf 71' lang='lat' dir='ltr'><strong>sure.</strong></span> <span class='ocrx_word' id='word_1_162' title='bbox 1898 1176 2027 1222; x_wconf 70' lang='lat' dir='ltr'><strong>sum</strong></span> <span class='ocrx_word' id='word_1_163' title='bbox 2056 1167 2122 1222; x_wconf 71' lang='grc' dir='ltr'><strong>’³ο</strong></span> <span class='ocrx_word' id='word_1_164' title='bbox 2173 1165 2384 1239; x_wconf 69' lang='grc' dir='ltr'>δειεεικι</span> <span class='ocrx_word' id='word_1_165' title='bbox 2425 1170 2589 1225; x_wconf 67' lang='lat' dir='ltr'><strong>missa</strong></span> <span class='ocrx_word' id='word_1_166' title='bbox 2645 1170 2698 1226; x_wconf 73' lang='lat' dir='ltr'><strong>in</strong></span> <span class='ocrx_word' id='word_1_167' title='bbox 2737 1185 2886 1226; x_wconf 58' lang='lat' dir='ltr'><strong>mare</strong></span> <span class='ocrx_word' id='word_1_168' title='bbox 2920 1172 3267 1243; x_wconf 63' lang='grc' dir='ltr'><strong>οοηὲτθῧθνῖι</strong></span> <span class='ocrx_word' id='word_1_169' title='bbox 3304 1183 3358 1227; x_wconf 72' lang='grc' dir='ltr'>ει</span> <span class='ocrx_word' id='word_1_170' title='bbox 3387 1173 3472 1226; x_wconf 79' lang='grc' dir='ltr'>ίίι·</span> 
     </span>
    </p>
   </div>
   <div class='ocr_carea' id='block_1_14' title="bbox 165 1257 1793 1332">
    <p class='ocr_par' dir='ltr' id='par_1_14' title="bbox 165 1269 1789 1332">
     <span class='ocr_line' id='line_1_14' title="bbox 165 1269 1789 1332; baseline -0.004 0"><span class='ocrx_word' id='word_1_171' title='bbox 165 1287 222 1332; x_wconf 70' lang='grc' dir='ltr'>ει</span> <span class='ocrx_word' id='word_1_172' title='bbox 275 1288 435 1332; x_wconf 84' lang='lat' dir='ltr'><strong>erunt</strong></span> <span class='ocrx_word' id='word_1_173' title='bbox 469 1278 573 1328; x_wconf 84' lang='lat' dir='ltr'><strong>duo</strong></span> <span class='ocrx_word' id='word_1_174' title='bbox 614 1275 670 1329; x_wconf 86' lang='lat' dir='ltr'><strong>in</strong></span> <span class='ocrx_word' id='word_1_175' title='bbox 717 1289 874 1328; x_wconf 87' lang='lat' dir='ltr'><strong>carne</strong></span> <span class='ocrx_word' id='word_1_176' title='bbox 915 1289 1040 1326; x_wconf 90' lang='lat' dir='ltr'><strong>una.</strong></span> <span class='ocrx_word' id='word_1_177' title='bbox 1086 1269 1486 1326; x_wconf 83' lang='lat' dir='ltr'><strong>Sttcrantentum</strong></span> <span class='ocrx_word' id='word_1_178' title='bbox 1520 1270 1617 1325; x_wconf 83' lang='lat' dir='ltr'><strong>hoc</strong></span> <span class='ocrx_word' id='word_1_179' title='bbox 1674 1288 1789 1326; x_wconf 80' lang='lat' dir='ltr'><strong>uta-</strong></span> 
     </span>
    </p>
   </div>
   <div class='ocr_carea' id='block_1_15' title="bbox 1905 1257 3476 1332">
    <p class='ocr_par' dir='ltr' id='par_1_15' title="bbox 1905 1257 3476 1332">
     <span class='ocr_line' id='line_1_15' title="bbox 1905 1257 3476 1332; baseline 0.005 -22"><span class='ocrx_word' id='word_1_180' title='bbox 1905 1257 2022 1312; x_wconf 83' lang='lat' dir='ltr'><strong>tulit</strong></span> <span class='ocrx_word' id='word_1_181' title='bbox 2055 1259 2223 1313; x_wconf 89' lang='lat' dir='ltr'><strong>bonos</strong></span> <span class='ocrx_word' id='word_1_182' title='bbox 2263 1261 2438 1330; x_wconf 84' lang='lat' dir='ltr'><strong>pisces</strong></span> <span class='ocrx_word' id='word_1_183' title='bbox 2486 1262 2538 1315; x_wconf 92' lang='lat' dir='ltr'><strong>in</strong></span> <span class='ocrx_word' id='word_1_184' title='bbox 2587 1276 2810 1332; x_wconf 83' lang='lat' dir='ltr'><strong>regnum</strong></span> <span class='ocrx_word' id='word_1_185' title='bbox 2841 1261 3100 1319; x_wconf 72' lang='lat' dir='ltr'><strong>oculorum</strong></span> <span class='ocrx_word' id='word_1_186' title='bbox 3137 1263 3204 1318; x_wconf 79' lang='grc'><strong>³⁸.</strong></span> <span class='ocrx_word' id='word_1_187' title='bbox 3256 1263 3476 1320; x_wconf 86' lang='lat' dir='ltr'><strong>Zizania</strong></span> 
     </span>
    </p>
   </div>
   <div class='ocr_carea' id='block_1_16' title="bbox 168 1351 3474 1442">
    <p class='ocr_par' dir='ltr' id='par_1_16' title="bbox 168 1351 3474 1442">
     <span class='ocr_line' id='line_1_16' title="bbox 168 1351 3474 1442; baseline 0 -31"><span class='ocrx_word' id='word_1_188' title='bbox 168 1385 352 1442; x_wconf 63' lang='lat' dir='ltr'><strong>gnum</strong></span> <span class='ocrx_word' id='word_1_189' title='bbox 383 1378 481 1424; x_wconf 67' lang='grc' dir='ltr'><strong>ρει,</strong></span> <span class='ocrx_word' id='word_1_190' title='bbox 534 1367 647 1438; x_wconf 74' lang='lat' dir='ltr'><strong>Ego</strong></span> <span class='ocrx_word' id='word_1_191' title='bbox 685 1376 862 1421; x_wconf 76' lang='grc' dir='ltr'><strong>ηηεεηι</strong></span> <span class='ocrx_word' id='word_1_192' title='bbox 911 1366 1028 1419; x_wconf 63' lang='lat' dir='ltr'><strong>dico</strong></span> <span class='ocrx_word' id='word_1_193' title='bbox 1063 1365 1116 1418; x_wconf 70' lang='lat' dir='ltr'><strong>in</strong></span> <span class='ocrx_word' id='word_1_194' title='bbox 1162 1361 1373 1419; x_wconf 66' lang='grc' dir='ltr'><strong>ειινξεεο</strong></span> <span class='ocrx_word' id='word_1_195' title='bbox 1404 1373 1449 1417; x_wconf 79' lang='grc' dir='ltr'>ει</span> <span class='ocrx_word' id='word_1_196' title='bbox 1491 1363 1546 1416; x_wconf 68' lang='lat' dir='ltr'><strong>in</strong></span> <span class='ocrx_word' id='word_1_197' title='bbox 1597 1362 1781 1417; x_wconf 68' lang='grc' dir='ltr'><strong>Εεειε-</strong></span> <span class='ocrx_word' id='word_1_198' title='bbox 1897 1351 2056 1405; x_wconf 88' lang='lat' dir='ltr'><strong>simul</strong></span> <span class='ocrx_word' id='word_1_199' title='bbox 2080 1367 2201 1406; x_wconf 90' lang='lat' dir='ltr'><strong>cum</strong></span> <span class='ocrx_word' id='word_1_200' title='bbox 2233 1353 2415 1408; x_wconf 88' lang='lat' dir='ltr'><strong>tritico</strong></span> <span class='ocrx_word' id='word_1_201' title='bbox 2438 1363 2762 1420; x_wconf 88' lang='lat' dir='ltr'><strong>creverunt,</strong></span> <span class='ocrx_word' id='word_1_202' title='bbox 2795 1355 2890 1411; x_wconf 88' lang='lat' dir='ltr'><strong>sed</strong></span> <span class='ocrx_word' id='word_1_203' title='bbox 2934 1369 3058 1410; x_wconf 92' lang='lat' dir='ltr'><strong>cum</strong></span> <span class='ocrx_word' id='word_1_204' title='bbox 3095 1356 3287 1412; x_wconf 84' lang='lat' dir='ltr'><strong>messis</strong></span> <span class='ocrx_word' id='word_1_205' title='bbox 3310 1357 3474 1412; x_wconf 83' lang='lat' dir='ltr'><strong>adve-</strong></span> 
     </span>
    </p>
   </div>
   <div class='ocr_carea' id='block_1_17' title="bbox 175 1444 1793 1528">
    <p class='ocr_par' dir='ltr' id='par_1_17' title="bbox 175 1455 1785 1528">
     <span class='ocr_line' id='line_1_17' title="bbox 175 1455 1785 1528; baseline -0.004 -12"><span class='ocrx_word' id='word_1_206' title='bbox 175 1463 276 1516; x_wconf 87' lang='lat' dir='ltr'><strong>sia</strong></span> <span class='ocrx_word' id='word_1_207' title='bbox 313 1462 382 1518; x_wconf 79' lang='lat'><strong>&quot;.</strong></span> <span class='ocrx_word' id='word_1_208' title='bbox 419 1460 566 1515; x_wconf 89' lang='lat' dir='ltr'><strong>ldetu</strong></span> <span class='ocrx_word' id='word_1_209' title='bbox 605 1459 896 1528; x_wconf 85' lang='lat' dir='ltr'><strong>Apostolus</strong></span> <span class='ocrx_word' id='word_1_210' title='bbox 924 1469 1100 1528; x_wconf 85' lang='lat' dir='ltr'><strong>gentes</strong></span> <span class='ocrx_word' id='word_1_211' title='bbox 1139 1455 1276 1510; x_wconf 87' lang='lat' dir='ltr'><strong>dixit</strong></span> <span class='ocrx_word' id='word_1_212' title='bbox 1318 1471 1436 1510; x_wconf 89' lang='lat' dir='ltr'><strong>esse</strong></span> <span class='ocrx_word' id='word_1_213' title='bbox 1491 1455 1785 1510; x_wconf 71' lang='lat' dir='ltr'><strong>cohrrredes</strong></span> 
     </span>
    </p>
   </div>
   <div class='ocr_carea' id='block_1_18' title="bbox 1905 1444 3478 1528">
    <p class='ocr_par' dir='ltr' id='par_1_18' title="bbox 1905 1444 3478 1521">
     <span class='ocr_line' id='line_1_18' title="bbox 1905 1444 3478 1521; baseline 0.004 -21"><span class='ocrx_word' id='word_1_214' title='bbox 1905 1447 2068 1500; x_wconf 75' lang='lat' dir='ltr'><strong>nisset</strong></span> <span class='ocrx_word' id='word_1_215' title='bbox 2096 1444 2260 1514; x_wconf 81' lang='lat' dir='ltr'><strong>ligata</strong></span> <span class='ocrx_word' id='word_1_216' title='bbox 2302 1458 2430 1502; x_wconf 89' lang='lat' dir='ltr'><strong>sunt</strong></span> <span class='ocrx_word' id='word_1_217' title='bbox 2456 1457 2510 1502; x_wconf 89' lang='lat' dir='ltr'><strong>et</strong></span> <span class='ocrx_word' id='word_1_218' title='bbox 2539 1449 2592 1502; x_wconf 90' lang='lat' dir='ltr'><strong>in</strong></span> <span class='ocrx_word' id='word_1_219' title='bbox 2633 1450 2809 1521; x_wconf 85' lang='lat' dir='ltr'><strong>ignem</strong></span> <span class='ocrx_word' id='word_1_220' title='bbox 2844 1449 3086 1521; x_wconf 86' lang='lat' dir='ltr'><strong>projecta</strong></span> <span class='ocrx_word' id='word_1_221' title='bbox 3122 1451 3188 1506; x_wconf 87' lang='grc'><strong>³⁷.</strong></span> <span class='ocrx_word' id='word_1_222' title='bbox 3220 1449 3478 1507; x_wconf 82' lang='lat' dir='ltr'><strong>Palmites</strong></span> 
     </span>
    </p>
   </div>
   <div class='ocr_carea' id='block_1_19' title="bbox 170 1536 3476 1620">
    <p class='ocr_par' dir='ltr' id='par_1_19' title="bbox 170 1536 3476 1620">
     <span class='ocr_line' id='line_1_19' title="bbox 170 1536 3476 1620; baseline -0.003 -13"><span class='ocrx_word' id='word_1_223' title='bbox 170 1563 236 1607; x_wconf 78' lang='lat' dir='ltr'><strong>et</strong></span> <span class='ocrx_word' id='word_1_224' title='bbox 296 1552 704 1620; x_wconf 87' lang='lat' dir='ltr'><strong>concorporales</strong></span> <span class='ocrx_word' id='word_1_225' title='bbox 763 1560 812 1604; x_wconf 88' lang='lat' dir='ltr'><strong>et</strong></span> <span class='ocrx_word' id='word_1_226' title='bbox 853 1549 1250 1618; x_wconf 86' lang='lat' dir='ltr'><strong>comparticipes</strong></span> <span class='ocrx_word' id='word_1_227' title='bbox 1306 1545 1670 1616; x_wconf 79' lang='lat' dir='ltr'><strong>promissionis</strong></span> <span class='ocrx_word' id='word_1_228' title='bbox 1731 1547 1786 1600; x_wconf 87' lang='lat' dir='ltr'><strong>in</strong></span> <span class='ocrx_word' id='word_1_229' title='bbox 1896 1540 1984 1606; x_wconf 88' lang='lat' dir='ltr'><strong>qui</strong></span> <span class='ocrx_word' id='word_1_230' title='bbox 2015 1536 2247 1594; x_wconf 89' lang='lat' dir='ltr'><strong>fructum</strong></span> <span class='ocrx_word' id='word_1_231' title='bbox 2280 1555 2384 1594; x_wconf 90' lang='lat' dir='ltr'><strong>nun</strong></span> <span class='ocrx_word' id='word_1_232' title='bbox 2423 1540 2680 1604; x_wconf 90' lang='lat' dir='ltr'><strong>tulerttnt,</strong></span> <span class='ocrx_word' id='word_1_233' title='bbox 2708 1542 2758 1596; x_wconf 92' lang='lat' dir='ltr'><strong>in</strong></span> <span class='ocrx_word' id='word_1_234' title='bbox 2789 1541 2965 1612; x_wconf 81' lang='lat' dir='ltr'><strong>ignem</strong></span> <span class='ocrx_word' id='word_1_235' title='bbox 3003 1541 3222 1611; x_wconf 76' lang='lat' dir='ltr'><strong>proiecti</strong></span> <span class='ocrx_word' id='word_1_236' title='bbox 3250 1553 3376 1598; x_wconf 89' lang='lat' dir='ltr'><strong>sunt</strong></span> <span class='ocrx_word' id='word_1_237' title='bbox 3407 1543 3476 1599; x_wconf 84' lang='grc'><strong>³⁸.</strong></span> 
     </span>
    </p>
   </div>
   <div class='ocr_carea' id='block_1_20' title="bbox 176 1629 3476 1713">
    <p class='ocr_par' dir='ltr' id='par_1_20' title="bbox 176 1629 3476 1713">
     <span class='ocr_line' id='line_1_20' title="bbox 176 1629 3476 1713; baseline -0.004 -12"><span class='ocrx_word' id='word_1_238' title='bbox 176 1642 412 1701; x_wconf 77' lang='lat' dir='ltr'><strong>Christo</strong></span> <span class='ocrx_word' id='word_1_239' title='bbox 460 1642 590 1698; x_wconf 79' lang='lat' dir='ltr'><strong>Jesu</strong></span> <span class='ocrx_word' id='word_1_240' title='bbox 644 1659 740 1713; x_wconf 85' lang='lat' dir='ltr'><strong>per</strong></span> <span class='ocrx_word' id='word_1_241' title='bbox 793 1640 1138 1710; x_wconf 81' lang='lat' dir='ltr'><strong>Evangelium</strong></span> <span class='ocrx_word' id='word_1_242' title='bbox 1183 1639 1250 1693; x_wconf 79' lang='grc'><strong>³⁷.</strong></span> <span class='ocrx_word' id='word_1_243' title='bbox 1305 1639 1408 1706; x_wconf 87' lang='lat' dir='ltr'><strong>Qui</strong></span> <span class='ocrx_word' id='word_1_244' title='bbox 1449 1638 1593 1710; x_wconf 81' lang='lat' dir='ltr'><strong>digni</strong></span> <span class='ocrx_word' id='word_1_245' title='bbox 1656 1637 1784 1694; x_wconf 83' lang='lat' dir='ltr'><strong>facti</strong></span> <span class='ocrx_word' id='word_1_246' title='bbox 1896 1629 2036 1686; x_wconf 84' lang='lat' dir='ltr'><strong>Oves</strong></span> <span class='ocrx_word' id='word_1_247' title='bbox 2079 1630 2236 1684; x_wconf 90' lang='lat' dir='ltr'><strong>simul</strong></span> <span class='ocrx_word' id='word_1_248' title='bbox 2275 1647 2395 1686; x_wconf 92' lang='lat' dir='ltr'><strong>cum</strong></span> <span class='ocrx_word' id='word_1_249' title='bbox 2432 1632 2600 1688; x_wconf 74' lang='lat' dir='ltr'><strong>haedis</strong></span> <span class='ocrx_word' id='word_1_250' title='bbox 2635 1635 3020 1704; x_wconf 90' lang='lat' dir='ltr'><strong>pascebantur;</strong></span> <span class='ocrx_word' id='word_1_251' title='bbox 3062 1635 3155 1690; x_wconf 91' lang='lat' dir='ltr'><strong>sed</strong></span> <span class='ocrx_word' id='word_1_252' title='bbox 3191 1649 3319 1690; x_wconf 90' lang='lat' dir='ltr'><strong>oves</strong></span> <span class='ocrx_word' id='word_1_253' title='bbox 3358 1644 3476 1689; x_wconf 83' lang='lat' dir='ltr'><strong>tan-</strong></span> 
     </span>
    </p>
   </div>
   <div class='ocr_carea' id='block_1_21' title="bbox 173 1714 1793 1803">
    <p class='ocr_par' dir='ltr' id='par_1_21' title="bbox 173 1729 1788 1803">
     <span class='ocr_line' id='line_1_21' title="bbox 173 1729 1788 1803; baseline -0.006 -11"><span class='ocrx_word' id='word_1_254' title='bbox 173 1746 346 1800; x_wconf 77' lang='lat' dir='ltr'><strong>sunt,</strong></span> <span class='ocrx_word' id='word_1_255' title='bbox 380 1746 437 1790; x_wconf 91' lang='lat' dir='ltr'><strong>ut</strong></span> <span class='ocrx_word' id='word_1_256' title='bbox 475 1736 584 1790; x_wconf 89' lang='lat' dir='ltr'><strong>sint</strong></span> <span class='ocrx_word' id='word_1_257' title='bbox 613 1749 780 1788; x_wconf 91' lang='lat' dir='ltr'><strong>unum</strong></span> <span class='ocrx_word' id='word_1_258' title='bbox 829 1746 1024 1803; x_wconf 86' lang='lat' dir='ltr'><strong>corpus</strong></span> <span class='ocrx_word' id='word_1_259' title='bbox 1055 1747 1176 1786; x_wconf 90' lang='lat' dir='ltr'><strong>cum</strong></span> <span class='ocrx_word' id='word_1_260' title='bbox 1216 1730 1355 1801; x_wconf 89' lang='lat' dir='ltr'><strong>ipso.</strong></span> <span class='ocrx_word' id='word_1_261' title='bbox 1389 1729 1627 1799; x_wconf 85' lang='lat' dir='ltr'><strong>Spiritus</strong></span> <span class='ocrx_word' id='word_1_262' title='bbox 1660 1745 1788 1784; x_wconf 87' lang='lat' dir='ltr'><strong>san-</strong></span> 
     </span>
    </p>
   </div>
   <div class='ocr_carea' id='block_1_22' title="bbox 1905 1714 3478 1803">
    <p class='ocr_par' dir='ltr' id='par_1_22' title="bbox 1905 1714 3478 1792">
     <span class='ocr_line' id='line_1_22' title="bbox 1905 1714 3478 1792; baseline 0.002 -17"><span class='ocrx_word' id='word_1_263' title='bbox 1905 1730 2010 1776; x_wconf 86' lang='lat' dir='ltr'><strong>lum</strong></span> <span class='ocrx_word' id='word_1_264' title='bbox 2067 1739 2096 1776; x_wconf 86' lang='lat' dir='ltr'><strong>a</strong></span> <span class='ocrx_word' id='word_1_265' title='bbox 2143 1714 2350 1778; x_wconf 78' lang='lat' dir='ltr'><strong>dextris</strong></span> <span class='ocrx_word' id='word_1_266' title='bbox 2401 1724 2793 1792; x_wconf 85' lang='lat' dir='ltr'><strong>constiterunt;</strong></span> <span class='ocrx_word' id='word_1_267' title='bbox 2860 1725 2996 1780; x_wconf 64' lang='lat' dir='ltr'><strong>haedi</strong></span> <span class='ocrx_word' id='word_1_268' title='bbox 3030 1736 3209 1780; x_wconf 88' lang='lat' dir='ltr'><strong>autem</strong></span> <span class='ocrx_word' id='word_1_269' title='bbox 3267 1740 3298 1778; x_wconf 91' lang='lat' dir='ltr'><strong>a</strong></span> <span class='ocrx_word' id='word_1_270' title='bbox 3346 1726 3478 1780; x_wconf 85' lang='lat' dir='ltr'><strong>sini-</strong></span> 
     </span>
    </p>
   </div>
   <div class='ocr_carea' id='block_1_23' title="bbox 183 1813 3480 1896">
    <p class='ocr_par' dir='ltr' id='par_1_23' title="bbox 183 1813 3480 1896">
     <span class='ocr_line' id='line_1_23' title="bbox 183 1813 3480 1896; baseline -0.004 -12"><span class='ocrx_word' id='word_1_271' title='bbox 183 1844 317 1889; x_wconf 84' lang='lat' dir='ltr'><strong>ctus</strong></span> <span class='ocrx_word' id='word_1_272' title='bbox 348 1831 562 1885; x_wconf 80' lang='lat' dir='ltr'><strong>habitat</strong></span> <span class='ocrx_word' id='word_1_273' title='bbox 605 1829 656 1882; x_wconf 91' lang='lat' dir='ltr'><strong>in</strong></span> <span class='ocrx_word' id='word_1_274' title='bbox 691 1828 803 1893; x_wconf 89' lang='lat' dir='ltr'><strong>eis,</strong></span> <span class='ocrx_word' id='word_1_275' title='bbox 847 1837 902 1881; x_wconf 90' lang='lat' dir='ltr'><strong>et</strong></span> <span class='ocrx_word' id='word_1_276' title='bbox 935 1828 1046 1896; x_wconf 90' lang='lat' dir='ltr'><strong>ipse</strong></span> <span class='ocrx_word' id='word_1_277' title='bbox 1081 1824 1321 1894; x_wconf 82' lang='lat' dir='ltr'><strong>suggerit</strong></span> <span class='ocrx_word' id='word_1_278' title='bbox 1359 1823 1464 1878; x_wconf 90' lang='lat' dir='ltr'><strong>illis</strong></span> <span class='ocrx_word' id='word_1_279' title='bbox 1497 1823 1710 1888; x_wconf 88' lang='lat' dir='ltr'><strong>omnia,</strong></span> <span class='ocrx_word' id='word_1_280' title='bbox 1742 1831 1798 1877; x_wconf 88' lang='lat' dir='ltr'><strong>et</strong></span> <span class='ocrx_word' id='word_1_281' title='bbox 1901 1814 2031 1869; x_wconf 86' lang='lat' dir='ltr'><strong>stris</strong></span> <span class='ocrx_word' id='word_1_282' title='bbox 2067 1813 2204 1871; x_wconf 77' lang='lat' dir='ltr'><strong>&quot;.Is</strong></span> <span class='ocrx_word' id='word_1_283' title='bbox 2234 1815 2325 1885; x_wconf 87' lang='lat' dir='ltr'><strong>qui</strong></span> <span class='ocrx_word' id='word_1_284' title='bbox 2355 1816 2589 1871; x_wconf 89' lang='lat' dir='ltr'><strong>seminat</strong></span> <span class='ocrx_word' id='word_1_285' title='bbox 2615 1817 2906 1873; x_wconf 79' lang='lat' dir='ltr'><strong>seminavit</strong></span> <span class='ocrx_word' id='word_1_286' title='bbox 2947 1831 3131 1872; x_wconf 91' lang='lat' dir='ltr'><strong>semen</strong></span> <span class='ocrx_word' id='word_1_287' title='bbox 3160 1832 3346 1881; x_wconf 87' lang='lat' dir='ltr'><strong>suum;</strong></span> <span class='ocrx_word' id='word_1_288' title='bbox 3385 1819 3480 1872; x_wconf 86' lang='lat' dir='ltr'><strong>sed</strong></span> 
     </span>
    </p>
   </div>
   <div class='ocr_carea' id='block_1_24' title="bbox 183 1916 1799 1996">
    <p class='ocr_par' dir='ltr' id='par_1_24' title="bbox 183 1916 1799 1996">
     <span class='ocr_line' id='line_1_24' title="bbox 183 1916 1799 1996; baseline -0.007 -15"><span class='ocrx_word' id='word_1_289' title='bbox 183 1939 298 1996; x_wconf 82' lang='lat' dir='ltr'><strong>pro</strong></span> <span class='ocrx_word' id='word_1_290' title='bbox 330 1923 439 1981; x_wconf 89' lang='lat' dir='ltr'><strong>illis</strong></span> <span class='ocrx_word' id='word_1_291' title='bbox 471 1922 587 1992; x_wconf 88' lang='lat' dir='ltr'><strong>ipse</strong></span> <span class='ocrx_word' id='word_1_292' title='bbox 613 1921 877 1978; x_wconf 90' lang='lat' dir='ltr'><strong>sollicitus</strong></span> <span class='ocrx_word' id='word_1_293' title='bbox 912 1928 1018 1976; x_wconf 88' lang='lat' dir='ltr'><strong>est.</strong></span> <span class='ocrx_word' id='word_1_294' title='bbox 1053 1917 1236 1988; x_wconf 83' lang='lat' dir='ltr'><strong>Neque</strong></span> <span class='ocrx_word' id='word_1_295' title='bbox 1259 1916 1394 1972; x_wconf 89' lang='lat' dir='ltr'><strong>enim</strong></span> <span class='ocrx_word' id='word_1_296' title='bbox 1427 1916 1684 1986; x_wconf 47' lang='lat' dir='ltr'><strong>vos-estis,</strong></span> <span class='ocrx_word' id='word_1_297' title='bbox 1718 1916 1799 1970; x_wconf 84' lang='lat' dir='ltr'><strong>in-</strong></span> 
     </span>
    </p>
   </div>
   <div class='ocr_carea' id='block_1_25' title="bbox 187 2006 1796 2090">
    <p class='ocr_par' dir='ltr' id='par_1_25' title="bbox 187 2006 1796 2090">
     <span class='ocr_line' id='line_1_25' title="bbox 187 2006 1796 2090; baseline -0.007 -16"><span class='ocrx_word' id='word_1_298' title='bbox 187 2018 340 2090; x_wconf 83' lang='lat' dir='ltr'><strong>quit,</strong></span> <span class='ocrx_word' id='word_1_299' title='bbox 371 2017 465 2087; x_wconf 88' lang='lat' dir='ltr'><strong>qui</strong></span> <span class='ocrx_word' id='word_1_300' title='bbox 507 2012 819 2086; x_wconf 83' lang='lat' dir='ltr'><strong>loquimini,</strong></span> <span class='ocrx_word' id='word_1_301' title='bbox 859 2011 951 2067; x_wconf 80' lang='lat' dir='ltr'><strong>sed</strong></span> <span class='ocrx_word' id='word_1_302' title='bbox 1000 2009 1234 2080; x_wconf 85' lang='lat' dir='ltr'><strong>Spiritus</strong></span> <span class='ocrx_word' id='word_1_303' title='bbox 1263 2006 1448 2064; x_wconf 86' lang='lat' dir='ltr'><strong>Patris</strong></span> <span class='ocrx_word' id='word_1_304' title='bbox 1483 2009 1668 2074; x_wconf 84' lang='lat' dir='ltr'><strong>vestri,</strong></span> <span class='ocrx_word' id='word_1_305' title='bbox 1705 2009 1796 2077; x_wconf 86' lang='lat' dir='ltr'><strong>qui</strong></span> 
     </span>
    </p>
   </div>
   <div class='ocr_carea' id='block_1_26' title="bbox 185 2099 1796 2182">
    <p class='ocr_par' dir='ltr' id='par_1_26' title="bbox 185 2099 1796 2182">
     <span class='ocr_line' id='line_1_26' title="bbox 185 2099 1796 2182; baseline -0.007 -17"><span class='ocrx_word' id='word_1_306' title='bbox 185 2109 439 2182; x_wconf 73' lang='lat' dir='ltr'><strong>loquitur</strong></span> <span class='ocrx_word' id='word_1_307' title='bbox 467 2109 524 2163; x_wconf 89' lang='lat' dir='ltr'><strong>in</strong></span> <span class='ocrx_word' id='word_1_308' title='bbox 552 2107 693 2163; x_wconf 83' lang='lat' dir='ltr'><strong>vobis</strong></span> <span class='ocrx_word' id='word_1_309' title='bbox 717 2106 785 2163; x_wconf 78' lang='lat'><strong>&#39;°.</strong></span> <span class='ocrx_word' id='word_1_310' title='bbox 821 2104 888 2160; x_wconf 86' lang='lat' dir='ltr'><strong>Et</strong></span> <span class='ocrx_word' id='word_1_311' title='bbox 916 2103 1206 2171; x_wconf 87' lang='lat' dir='ltr'><strong>Apostolus</strong></span> <span class='ocrx_word' id='word_1_312' title='bbox 1231 2119 1245 2156; x_wconf 91' lang='lat'>:</span> <span class='ocrx_word' id='word_1_313' title='bbox 1277 2099 1560 2168; x_wconf 83' lang='lat' dir='ltr'><strong>Quoniam,</strong></span> <span class='ocrx_word' id='word_1_314' title='bbox 1591 2101 1796 2170; x_wconf 86' lang='lat' dir='ltr'><strong>inquit,</strong></span> 
     </span>
    </p>
   </div>
   <div class='ocr_carea' id='block_1_27' title="bbox 189 2192 1796 2266">
    <p class='ocr_par' dir='ltr' id='par_1_27' title="bbox 189 2192 1796 2266">
     <span class='ocr_line' id='line_1_27' title="bbox 189 2192 1796 2266; baseline -0.008 -8"><span class='ocrx_word' id='word_1_315' title='bbox 189 2204 348 2258; x_wconf 82' lang='lat' dir='ltr'><strong>nobis</strong></span> <span class='ocrx_word' id='word_1_316' title='bbox 385 2199 630 2256; x_wconf 75' lang='lat' dir='ltr'><strong>ret&#39;elarit</strong></span> <span class='ocrx_word' id='word_1_317' title='bbox 679 2197 820 2252; x_wconf 86' lang='lat' dir='ltr'><strong>Deus</strong></span> <span class='ocrx_word' id='word_1_318' title='bbox 863 2213 954 2266; x_wconf 89' lang='lat' dir='ltr'><strong>per</strong></span> <span class='ocrx_word' id='word_1_319' title='bbox 1006 2195 1268 2265; x_wconf 84' lang='lat' dir='ltr'><strong>Spiritum</strong></span> <span class='ocrx_word' id='word_1_320' title='bbox 1316 2208 1507 2248; x_wconf 85' lang='lat' dir='ltr'><strong>suum:</strong></span> <span class='ocrx_word' id='word_1_321' title='bbox 1562 2192 1796 2262; x_wconf 80' lang='lat' dir='ltr'><strong>Spiritus</strong></span> 
     </span>
    </p>
   </div>
   <div class='ocr_carea' id='block_1_28' title="bbox 189 2285 1794 2358">
    <p class='ocr_par' dir='ltr' id='par_1_28' title="bbox 189 2285 1794 2358">
     <span class='ocr_line' id='line_1_28' title="bbox 189 2285 1794 2358; baseline -0.009 -6"><span class='ocrx_word' id='word_1_322' title='bbox 189 2297 337 2352; x_wconf 78' lang='lat' dir='ltr'><strong>enim</strong></span> <span class='ocrx_word' id='word_1_323' title='bbox 361 2294 540 2350; x_wconf 87' lang='lat' dir='ltr'><strong>omnia</strong></span> <span class='ocrx_word' id='word_1_324' title='bbox 563 2299 852 2355; x_wconf 82' lang='lat' dir='ltr'><strong>scrutatur,</strong></span> <span class='ocrx_word' id='word_1_325' title='bbox 872 2291 1030 2343; x_wconf 90' lang='lat' dir='ltr'><strong>etiam</strong></span> <span class='ocrx_word' id='word_1_326' title='bbox 1057 2285 1321 2358; x_wconf 76' lang='lat' dir='ltr'><strong>profunda</strong></span> <span class='ocrx_word' id='word_1_327' title='bbox 1348 2286 1463 2341; x_wconf 87' lang='lat' dir='ltr'><strong>Dei.</strong></span> <span class='ocrx_word' id='word_1_328' title='bbox 1494 2285 1608 2340; x_wconf 86' lang='lat' dir='ltr'><strong>Nos</strong></span> <span class='ocrx_word' id='word_1_329' title='bbox 1632 2286 1794 2350; x_wconf 89' lang='lat' dir='ltr'><strong>enim,</strong></span> 
     </span>
    </p>
   </div>
   <div class='ocr_carea' id='block_1_29' title="bbox 191 2377 1797 2459">
    <p class='ocr_par' dir='ltr' id='par_1_29' title="bbox 191 2377 1797 2459">
     <span class='ocr_line' id='line_1_29' title="bbox 191 2377 1797 2459; baseline -0.009 -15"><span class='ocrx_word' id='word_1_330' title='bbox 191 2387 402 2459; x_wconf 86' lang='lat' dir='ltr'><strong>inquit,</strong></span> <span class='ocrx_word' id='word_1_331' title='bbox 438 2393 663 2438; x_wconf 83' lang='lat' dir='ltr'><strong>mentem</strong></span> <span class='ocrx_word' id='word_1_332' title='bbox 701 2381 898 2436; x_wconf 83' lang='lat' dir='ltr'><strong>Christi</strong></span> <span class='ocrx_word' id='word_1_333' title='bbox 924 2381 1173 2435; x_wconf 84' lang='lat' dir='ltr'><strong>habemus</strong></span> <span class='ocrx_word' id='word_1_334' title='bbox 1202 2380 1270 2432; x_wconf 80' lang='lat'><strong>”.</strong></span> <span class='ocrx_word' id='word_1_335' title='bbox 1310 2379 1591 2446; x_wconf 87' lang='lat' dir='ltr'><strong>Quomodo</strong></span> <span class='ocrx_word' id='word_1_336' title='bbox 1630 2377 1797 2448; x_wconf 83' lang='lat' dir='ltr'><strong>igitur</strong></span> 
     </span>
    </p>
   </div>
   <div class='ocr_carea' id='block_1_30' title="bbox 186 2467 1796 2545">
    <p class='ocr_par' dir='ltr' id='par_1_30' title="bbox 186 2467 1796 2545">
     <span class='ocr_line' id='line_1_30' title="bbox 186 2467 1796 2545; baseline -0.009 -8"><span class='ocrx_word' id='word_1_337' title='bbox 186 2477 411 2537; x_wconf 80' lang='lat' dir='ltr'><strong>Christi</strong></span> <span class='ocrx_word' id='word_1_338' title='bbox 447 2486 632 2530; x_wconf 87' lang='lat' dir='ltr'><strong>mente</strong></span> <span class='ocrx_word' id='word_1_339' title='bbox 667 2481 948 2545; x_wconf 87' lang='lat' dir='ltr'><strong>peccatum</strong></span> <span class='ocrx_word' id='word_1_340' title='bbox 982 2470 1198 2540; x_wconf 86' lang='lat' dir='ltr'><strong>aliquod</strong></span> <span class='ocrx_word' id='word_1_341' title='bbox 1227 2467 1566 2540; x_wconf 79' lang='lat' dir='ltr'><strong>cogitemus?</strong></span> <span class='ocrx_word' id='word_1_342' title='bbox 1595 2467 1796 2540; x_wconf 82' lang='lat' dir='ltr'><strong>Myste-</strong></span> 
     </span>
    </p>
   </div>
   <div class='ocr_carea' id='block_1_31' title="bbox 191 2560 1368 2632">
    <p class='ocr_par' dir='ltr' id='par_1_31' title="bbox 191 2560 1368 2632">
     <span class='ocr_line' id='line_1_31' title="bbox 191 2560 1368 2632; baseline -0.008 -6"><span class='ocrx_word' id='word_1_343' title='bbox 191 2571 342 2626; x_wconf 83' lang='lat' dir='ltr'><strong>rium</strong></span> <span class='ocrx_word' id='word_1_344' title='bbox 374 2569 502 2631; x_wconf 87' lang='lat' dir='ltr'><strong>hoc,</strong></span> <span class='ocrx_word' id='word_1_345' title='bbox 542 2568 737 2632; x_wconf 89' lang='lat' dir='ltr'><strong>frater,</strong></span> <span class='ocrx_word' id='word_1_346' title='bbox 766 2560 949 2621; x_wconf 90' lang='lat' dir='ltr'><strong>animo</strong></span> <span class='ocrx_word' id='word_1_347' title='bbox 979 2562 1368 2631; x_wconf 89' lang='lat' dir='ltr'><strong>contemplare.</strong></span> 
     </span>
    </p>
   </div>
   <div class='ocr_carea' id='block_1_32' title="bbox 271 2652 1792 2729">
    <p class='ocr_par' dir='ltr' id='par_1_32' title="bbox 271 2652 1792 2729">
     <span class='ocr_line' id='line_1_32' title="bbox 271 2652 1792 2729; baseline -0.008 -11"><span class='ocrx_word' id='word_1_348' title='bbox 271 2659 464 2718; x_wconf 74' lang='lat' dir='ltr'><strong>XXIII.</strong></span> <span class='ocrx_word' id='word_1_349' title='bbox 515 2659 707 2717; x_wconf 88' lang='lat' dir='ltr'><strong>Omnia</strong></span> <span class='ocrx_word' id='word_1_350' title='bbox 754 2672 956 2729; x_wconf 90' lang='lat' dir='ltr'><strong>genera</strong></span> <span class='ocrx_word' id='word_1_351' title='bbox 1013 2654 1331 2710; x_wconf 88' lang='lat' dir='ltr'><strong>animalium</strong></span> <span class='ocrx_word' id='word_1_352' title='bbox 1389 2667 1510 2724; x_wconf 62' lang='lat' dir='ltr'><strong>qua</strong></span> <span class='ocrx_word' id='word_1_353' title='bbox 1565 2660 1691 2708; x_wconf 89' lang='lat' dir='ltr'><strong>sunt</strong></span> <span class='ocrx_word' id='word_1_354' title='bbox 1741 2652 1792 2707; x_wconf 92' lang='lat' dir='ltr'><strong>in</strong></span> 
     </span>
    </p>
   </div>
   <div class='ocr_carea' id='block_1_33' title="bbox 198 2747 1794 2822">
    <p class='ocr_par' dir='ltr' id='par_1_33' title="bbox 198 2747 1794 2822">
     <span class='ocr_line' id='line_1_33' title="bbox 198 2747 1794 2822; baseline -0.011 -8"><span class='ocrx_word' id='word_1_355' title='bbox 198 2769 376 2822; x_wconf 87' lang='lat' dir='ltr'><strong>terra,</strong></span> <span class='ocrx_word' id='word_1_356' title='bbox 416 2769 537 2811; x_wconf 89' lang='lat' dir='ltr'><strong>cum</strong></span> <span class='ocrx_word' id='word_1_357' title='bbox 592 2751 797 2818; x_wconf 89' lang='lat' dir='ltr'><strong>simili,</strong></span> <span class='ocrx_word' id='word_1_358' title='bbox 835 2766 938 2806; x_wconf 91' lang='lat' dir='ltr'><strong>non</strong></span> <span class='ocrx_word' id='word_1_359' title='bbox 977 2764 1099 2805; x_wconf 93' lang='lat' dir='ltr'><strong>cum</strong></span> <span class='ocrx_word' id='word_1_360' title='bbox 1151 2747 1367 2802; x_wconf 90' lang='lat' dir='ltr'><strong>diverso</strong></span> <span class='ocrx_word' id='word_1_361' title='bbox 1411 2759 1610 2816; x_wconf 85' lang='lat' dir='ltr'><strong>genere</strong></span> <span class='ocrx_word' id='word_1_362' title='bbox 1658 2759 1794 2800; x_wconf 88' lang='lat' dir='ltr'><strong>cou-</strong></span> 
     </span>
    </p>
   </div>
   <div class='ocr_carea' id='block_1_34' title="bbox 190 2836 1794 2922">
    <p class='ocr_par' dir='ltr' id='par_1_34' title="bbox 190 2836 1794 2922">
     <span class='ocr_line' id='line_1_34' title="bbox 190 2836 1794 2922; baseline -0.01 -14"><span class='ocrx_word' id='word_1_363' title='bbox 190 2851 408 2922; x_wconf 85' lang='lat' dir='ltr'><strong>juncta,</strong></span> <span class='ocrx_word' id='word_1_364' title='bbox 442 2854 724 2918; x_wconf 84' lang='lat' dir='ltr'><strong>generant,</strong></span> <span class='ocrx_word' id='word_1_365' title='bbox 756 2846 867 2901; x_wconf 85' lang='lat' dir='ltr'><strong>sive</strong></span> <span class='ocrx_word' id='word_1_366' title='bbox 893 2843 1139 2912; x_wconf 88' lang='lat' dir='ltr'><strong>jumenta</strong></span> <span class='ocrx_word' id='word_1_367' title='bbox 1171 2841 1302 2908; x_wconf 91' lang='lat' dir='ltr'><strong>sint,</strong></span> <span class='ocrx_word' id='word_1_368' title='bbox 1332 2838 1445 2896; x_wconf 89' lang='lat' dir='ltr'><strong>sive</strong></span> <span class='ocrx_word' id='word_1_369' title='bbox 1479 2837 1630 2906; x_wconf 77' lang='lat' dir='ltr'><strong>ferte,</strong></span> <span class='ocrx_word' id='word_1_370' title='bbox 1680 2836 1794 2892; x_wconf 85' lang='lat' dir='ltr'><strong>sive</strong></span> 
     </span>
    </p>
   </div>
   <div class='ocr_carea' id='block_1_35' title="bbox 197 2928 1794 3014">
    <p class='ocr_par' dir='ltr' id='par_1_35' title="bbox 197 2928 1794 3014">
     <span class='ocr_line' id='line_1_35' title="bbox 197 2928 1794 3014; baseline -0.01 -15"><span class='ocrx_word' id='word_1_371' title='bbox 197 2952 518 3014; x_wconf 84' lang='lat' dir='ltr'><strong>serpentes,</strong></span> <span class='ocrx_word' id='word_1_372' title='bbox 559 2939 672 2996; x_wconf 88' lang='lat' dir='ltr'><strong>sive</strong></span> <span class='ocrx_word' id='word_1_373' title='bbox 717 2936 983 2993; x_wconf 89' lang='lat' dir='ltr'><strong>volucres.</strong></span> <span class='ocrx_word' id='word_1_374' title='bbox 1030 2933 1324 3004; x_wconf 86' lang='lat' dir='ltr'><strong>Pr0pterea</strong></span> <span class='ocrx_word' id='word_1_375' title='bbox 1382 2930 1524 2988; x_wconf 86' lang='lat' dir='ltr'><strong>Deus</strong></span> <span class='ocrx_word' id='word_1_376' title='bbox 1571 2928 1794 2986; x_wconf 86' lang='lat' dir='ltr'><strong>adduxit</strong></span> 
     </span>
    </p>
   </div>
   <div class='ocr_carea' id='block_1_36' title="bbox 197 3020 1790 3098">
    <p class='ocr_par' dir='ltr' id='par_1_36' title="bbox 197 3020 1790 3098">
     <span class='ocr_line' id='line_1_36' title="bbox 197 3020 1790 3098; baseline -0.01 -8"><span class='ocrx_word' id='word_1_377' title='bbox 197 3035 389 3090; x_wconf 89' lang='lat' dir='ltr'><strong>omnia</strong></span> <span class='ocrx_word' id='word_1_378' title='bbox 419 3033 485 3088; x_wconf 81' lang='lat' dir='ltr'><strong>ad</strong></span> <span class='ocrx_word' id='word_1_379' title='bbox 523 3031 693 3086; x_wconf 84' lang='lat' dir='ltr'><strong>Adam</strong></span> <span class='ocrx_word' id='word_1_380' title='bbox 715 3071 731 3098; x_wconf 96' lang='lat'><strong>,</strong></span> <span class='ocrx_word' id='word_1_381' title='bbox 759 3038 819 3084; x_wconf 91' lang='lat' dir='ltr'><strong>ut</strong></span> <span class='ocrx_word' id='word_1_382' title='bbox 858 3030 1069 3083; x_wconf 86' lang='lat' dir='ltr'><strong>videret</strong></span> <span class='ocrx_word' id='word_1_383' title='bbox 1104 3040 1173 3080; x_wconf 87' lang='lat' dir='ltr'><strong>an</strong></span> <span class='ocrx_word' id='word_1_384' title='bbox 1210 3023 1481 3080; x_wconf 90' lang='lat' dir='ltr'><strong>inveniret</strong></span> <span class='ocrx_word' id='word_1_385' title='bbox 1514 3023 1655 3091; x_wconf 91' lang='lat' dir='ltr'><strong>quod</strong></span> <span class='ocrx_word' id='word_1_386' title='bbox 1689 3020 1790 3076; x_wconf 78' lang='lat' dir='ltr'><strong>sibi</strong></span> 
     </span>
    </p>
   </div>
   <div class='ocr_carea' id='block_1_37' title="bbox 197 3114 1789 3187">
    <p class='ocr_par' dir='ltr' id='par_1_37' title="bbox 197 3114 1789 3187">
     <span class='ocr_line' id='line_1_37' title="bbox 197 3114 1789 3187; baseline -0.013 0"><span class='ocrx_word' id='word_1_387' title='bbox 197 3138 356 3187; x_wconf 83' lang='lat' dir='ltr'><strong>esset</strong></span> <span class='ocrx_word' id='word_1_388' title='bbox 405 3126 581 3184; x_wconf 88' lang='lat' dir='ltr'><strong>simile</strong></span> <span class='ocrx_word' id='word_1_389' title='bbox 618 3125 684 3180; x_wconf 82' lang='grc'><strong>³⁸.</strong></span> <span class='ocrx_word' id='word_1_390' title='bbox 723 3125 788 3179; x_wconf 84' lang='lat' dir='ltr'><strong>Et</strong></span> <span class='ocrx_word' id='word_1_391' title='bbox 845 3121 1052 3178; x_wconf 90' lang='lat' dir='ltr'><strong>nullum</strong></span> <span class='ocrx_word' id='word_1_392' title='bbox 1115 3134 1182 3174; x_wconf 87' lang='lat' dir='ltr'><strong>ex</strong></span> <span class='ocrx_word' id='word_1_393' title='bbox 1230 3117 1483 3173; x_wconf 88' lang='lat' dir='ltr'><strong>omnibus</strong></span> <span class='ocrx_word' id='word_1_394' title='bbox 1541 3114 1789 3180; x_wconf 88' lang='lat' dir='ltr'><strong>invenit,</strong></span> 
     </span>
    </p>
   </div>
   <div class='ocr_carea' id='block_1_38' title="bbox 199 3207 1796 3293">
    <p class='ocr_par' dir='ltr' id='par_1_38' title="bbox 199 3207 1796 3293">
     <span class='ocr_line' id='line_1_38' title="bbox 199 3207 1796 3293; baseline -0.011 -16"><span class='ocrx_word' id='word_1_395' title='bbox 199 3220 466 3293; x_wconf 88' lang='lat' dir='ltr'><strong>quoniam</strong></span> <span class='ocrx_word' id='word_1_396' title='bbox 511 3235 578 3274; x_wconf 86' lang='lat' dir='ltr'><strong>ex</strong></span> <span class='ocrx_word' id='word_1_397' title='bbox 622 3219 742 3290; x_wconf 83' lang='lat' dir='ltr'><strong>ejus</strong></span> <span class='ocrx_word' id='word_1_398' title='bbox 790 3227 986 3272; x_wconf 88' lang='lat' dir='ltr'><strong>natura</strong></span> <span class='ocrx_word' id='word_1_399' title='bbox 1054 3227 1161 3268; x_wconf 91' lang='lat' dir='ltr'><strong>non</strong></span> <span class='ocrx_word' id='word_1_400' title='bbox 1207 3219 1343 3266; x_wconf 89' lang='lat' dir='ltr'><strong>erat.</strong></span> <span class='ocrx_word' id='word_1_401' title='bbox 1390 3209 1545 3265; x_wconf 84' lang='lat' dir='ltr'><strong>Tunc</strong></span> <span class='ocrx_word' id='word_1_402' title='bbox 1589 3207 1796 3276; x_wconf 88' lang='lat' dir='ltr'><strong>accepit</strong></span> 
     </span>
    </p>
   </div>
   <div class='ocr_carea' id='block_1_39' title="bbox 200 3302 1796 3381">
    <p class='ocr_par' dir='ltr' id='par_1_39' title="bbox 200 3302 1796 3381">
     <span class='ocr_line' id='line_1_39' title="bbox 200 3302 1796 3381; baseline -0.009 -12"><span class='ocrx_word' id='word_1_403' title='bbox 200 3315 354 3372; x_wconf 88' lang='lat' dir='ltr'><strong>Deus</strong></span> <span class='ocrx_word' id='word_1_404' title='bbox 381 3329 543 3369; x_wconf 87' lang='lat' dir='ltr'><strong>unam</strong></span> <span class='ocrx_word' id='word_1_405' title='bbox 586 3327 617 3368; x_wconf 90' lang='lat' dir='ltr'><strong>e</strong></span> <span class='ocrx_word' id='word_1_406' title='bbox 646 3311 817 3367; x_wconf 89' lang='lat' dir='ltr'><strong>costis</strong></span> <span class='ocrx_word' id='word_1_407' title='bbox 842 3309 979 3381; x_wconf 81' lang='lat' dir='ltr'><strong>ejus,</strong></span> <span class='ocrx_word' id='word_1_408' title='bbox 1003 3318 1058 3364; x_wconf 94' lang='lat' dir='ltr'><strong>et</strong></span> <span class='ocrx_word' id='word_1_409' title='bbox 1084 3306 1212 3362; x_wconf 92' lang='lat' dir='ltr'><strong>fecit</strong></span> <span class='ocrx_word' id='word_1_410' title='bbox 1239 3304 1338 3376; x_wconf 89' lang='lat' dir='ltr'><strong>ipsi</strong></span> <span class='ocrx_word' id='word_1_411' title='bbox 1359 3302 1624 3366; x_wconf 88' lang='lat' dir='ltr'><strong>uxorem‘,</strong></span> <span class='ocrx_word' id='word_1_412' title='bbox 1657 3313 1796 3371; x_wconf 88' lang='lat' dir='ltr'><strong>quo-</strong></span> 
     </span>
    </p>
   </div>
   <div class='ocr_carea' id='block_1_40' title="bbox 199 3395 1796 3476">
    <p class='ocr_par' dir='ltr' id='par_1_40' title="bbox 199 3395 1796 3476">
     <span class='ocr_line' id='line_1_40' title="bbox 199 3395 1796 3476; baseline -0.009 -13"><span class='ocrx_word' id='word_1_413' title='bbox 199 3407 356 3463; x_wconf 76' lang='lat' dir='ltr'><strong>niam</strong></span> <span class='ocrx_word' id='word_1_414' title='bbox 410 3413 719 3476; x_wconf 87' lang='lat' dir='ltr'><strong>sumpserat</strong></span> <span class='ocrx_word' id='word_1_415' title='bbox 773 3417 893 3457; x_wconf 92' lang='lat' dir='ltr'><strong>eam</strong></span> <span class='ocrx_word' id='word_1_416' title='bbox 937 3415 968 3456; x_wconf 90' lang='lat' dir='ltr'><strong>e</strong></span> <span class='ocrx_word' id='word_1_417' title='bbox 1023 3399 1141 3454; x_wconf 90' lang='lat' dir='ltr'><strong>viro</strong></span> <span class='ocrx_word' id='word_1_418' title='bbox 1183 3413 1301 3454; x_wconf 90' lang='lat' dir='ltr'><strong>suo.</strong></span> <span class='ocrx_word' id='word_1_419' title='bbox 1343 3395 1652 3466; x_wconf 81' lang='lat' dir='ltr'><strong>Mysterium</strong></span> <span class='ocrx_word' id='word_1_420' title='bbox 1695 3395 1796 3448; x_wconf 80' lang='lat' dir='ltr'><strong>hoc</strong></span> 
     </span>
    </p>
   </div>
   <div class='ocr_carea' id='block_1_41' title="bbox 201 3486 1793 3571">
    <p class='ocr_par' dir='ltr' id='par_1_41' title="bbox 201 3486 1793 3571">
     <span class='ocr_line' id='line_1_41' title="bbox 201 3486 1793 3571; baseline -0.009 -16"><span class='ocrx_word' id='word_1_421' title='bbox 201 3515 461 3571; x_wconf 77' lang='lat' dir='ltr'><strong>mrgnum</strong></span> <span class='ocrx_word' id='word_1_422' title='bbox 489 3507 563 3553; x_wconf 88' lang='lat' dir='ltr'><strong>est</strong></span> <span class='ocrx_word' id='word_1_423' title='bbox 597 3498 649 3552; x_wconf 91' lang='lat' dir='ltr'><strong>in</strong></span> <span class='ocrx_word' id='word_1_424' title='bbox 702 3495 809 3551; x_wconf 89' lang='lat' dir='ltr'><strong>illis</strong></span> <span class='ocrx_word' id='word_1_425' title='bbox 838 3493 929 3566; x_wconf 90' lang='lat' dir='ltr'><strong>qui</strong></span> <span class='ocrx_word' id='word_1_426' title='bbox 979 3493 1114 3548; x_wconf 89' lang='lat' dir='ltr'><strong>tiunt</strong></span> <span class='ocrx_word' id='word_1_427' title='bbox 1144 3505 1357 3562; x_wconf 61' lang='lat' dir='ltr'><strong>sponsae</strong></span> <span class='ocrx_word' id='word_1_428' title='bbox 1389 3487 1588 3543; x_wconf 88' lang='lat' dir='ltr'><strong>Christi</strong></span> <span class='ocrx_word' id='word_1_429' title='bbox 1616 3529 1632 3556; x_wconf 97' lang='lat'><strong>,</strong></span> <span class='ocrx_word' id='word_1_430' title='bbox 1668 3486 1793 3557; x_wconf 88' lang='lat' dir='ltr'><strong>quia</strong></span> 
     </span>
    </p>
   </div>
   <div class='ocr_carea' id='block_1_42' title="bbox 203 3584 1796 3660">
    <p class='ocr_par' dir='ltr' id='par_1_42' title="bbox 203 3584 1796 3660">
     <span class='ocr_line' id='line_1_42' title="bbox 203 3584 1796 3660; baseline -0.01 -10"><span class='ocrx_word' id='word_1_431' title='bbox 203 3601 338 3651; x_wconf 82' lang='lat' dir='ltr'><strong>sunt</strong></span> <span class='ocrx_word' id='word_1_432' title='bbox 360 3608 429 3648; x_wconf 84' lang='lat' dir='ltr'><strong>ex</strong></span> <span class='ocrx_word' id='word_1_433' title='bbox 466 3590 582 3660; x_wconf 85' lang='lat' dir='ltr'><strong>ejus</strong></span> <span class='ocrx_word' id='word_1_434' title='bbox 616 3587 919 3645; x_wconf 87' lang='lat' dir='ltr'><strong>substantia</strong></span> <span class='ocrx_word' id='word_1_435' title='bbox 961 3600 1056 3657; x_wconf 88' lang='lat' dir='ltr'><strong>per</strong></span> <span class='ocrx_word' id='word_1_436' title='bbox 1101 3584 1565 3656; x_wconf 85' lang='lat' dir='ltr'><strong>regenerationem</strong></span> <span class='ocrx_word' id='word_1_437' title='bbox 1588 3620 1604 3646; x_wconf 93' lang='lat'><strong>,</strong></span> <span class='ocrx_word' id='word_1_438' title='bbox 1644 3587 1699 3635; x_wconf 89' lang='lat' dir='ltr'><strong>et</strong></span> <span class='ocrx_word' id='word_1_439' title='bbox 1729 3594 1796 3635; x_wconf 84' lang='lat' dir='ltr'><strong>ex</strong></span> 
     </span>
    </p>
   </div>
   <div class='ocr_carea' id='block_1_43' title="bbox 203 3673 1793 3752">
    <p class='ocr_par' dir='ltr' id='par_1_43' title="bbox 203 3673 1793 3752">
     <span class='ocr_line' id='line_1_43' title="bbox 203 3673 1793 3752; baseline -0.011 -6"><span class='ocrx_word' id='word_1_440' title='bbox 203 3699 400 3746; x_wconf 76' lang='lat' dir='ltr'><strong>sancto</strong></span> <span class='ocrx_word' id='word_1_441' title='bbox 423 3687 564 3742; x_wconf 73' lang='lat' dir='ltr'><strong>ilius</strong></span> <span class='ocrx_word' id='word_1_442' title='bbox 595 3693 721 3741; x_wconf 92' lang='lat' dir='ltr'><strong>sunt</strong></span> <span class='ocrx_word' id='word_1_443' title='bbox 751 3696 999 3752; x_wconf 89' lang='lat' dir='ltr'><strong>corpore.</strong></span> <span class='ocrx_word' id='word_1_444' title='bbox 1039 3677 1174 3734; x_wconf 85' lang='lat' dir='ltr'><strong>Nam</strong></span> <span class='ocrx_word' id='word_1_445' title='bbox 1204 3719 1219 3743; x_wconf 93' lang='lat'><strong>,</strong></span> <span class='ocrx_word' id='word_1_446' title='bbox 1255 3689 1312 3732; x_wconf 90' lang='lat' dir='ltr'><strong>ut</strong></span> <span class='ocrx_word' id='word_1_447' title='bbox 1350 3675 1645 3748; x_wconf 83' lang='lat' dir='ltr'><strong>Apostolus</strong></span> <span class='ocrx_word' id='word_1_448' title='bbox 1667 3673 1740 3729; x_wconf 90' lang='lat' dir='ltr'><strong>ait</strong></span> <span class='ocrx_word' id='word_1_449' title='bbox 1778 3690 1793 3728; x_wconf 87' lang='lat'><strong>:</strong></span> 
     </span>
    </p>
   </div>
   <div class='ocr_carea' id='block_1_44' title="bbox 206 3767 1798 3848">
    <p class='ocr_par' dir='ltr' id='par_1_44' title="bbox 206 3767 1798 3848">
     <span class='ocr_line' id='line_1_44' title="bbox 206 3767 1798 3848; baseline -0.012 -10"><span class='ocrx_word' id='word_1_450' title='bbox 206 3780 392 3838; x_wconf 73' lang='lat' dir='ltr'><strong>Unum</strong></span> <span class='ocrx_word' id='word_1_451' title='bbox 431 3794 620 3848; x_wconf 89' lang='lat' dir='ltr'><strong>corpus</strong></span> <span class='ocrx_word' id='word_1_452' title='bbox 649 3791 830 3832; x_wconf 88' lang='lat' dir='ltr'><strong>suntus</strong></span> <span class='ocrx_word' id='word_1_453' title='bbox 880 3789 1054 3828; x_wconf 89' lang='lat' dir='ltr'><strong>omnes</strong></span> <span class='ocrx_word' id='word_1_454' title='bbox 1089 3772 1144 3825; x_wconf 89' lang='lat' dir='ltr'><strong>in</strong></span> <span class='ocrx_word' id='word_1_455' title='bbox 1179 3769 1425 3834; x_wconf 82' lang='lat' dir='ltr'><strong>Christo;</strong></span> <span class='ocrx_word' id='word_1_456' title='bbox 1463 3767 1658 3838; x_wconf 86' lang='lat' dir='ltr'><strong>singuli</strong></span> <span class='ocrx_word' id='word_1_457' title='bbox 1700 3783 1798 3820; x_wconf 86' lang='lat' dir='ltr'><strong>au-</strong></span> 
     </span>
    </p>
   </div>
   <div class='ocr_carea' id='block_1_45' title="bbox 205 3857 1796 3928">
    <p class='ocr_par' dir='ltr' id='par_1_45' title="bbox 205 3857 1796 3928">
     <span class='ocr_line' id='line_1_45' title="bbox 205 3857 1796 3928; baseline -0.012 0"><span class='ocrx_word' id='word_1_458' title='bbox 205 3883 313 3928; x_wconf 86' lang='lat' dir='ltr'><strong>tem</strong></span> <span class='ocrx_word' id='word_1_459' title='bbox 340 3869 474 3925; x_wconf 89' lang='lat' dir='ltr'><strong>alter</strong></span> <span class='ocrx_word' id='word_1_460' title='bbox 493 3868 710 3923; x_wconf 86' lang='lat' dir='ltr'><strong>alterius</strong></span> <span class='ocrx_word' id='word_1_461' title='bbox 753 3864 986 3920; x_wconf 89' lang='lat' dir='ltr'><strong>membra</strong></span> <span class='ocrx_word' id='word_1_462' title='bbox 1017 3862 1096 3927; x_wconf 86' lang='grc'><strong>³¹;</strong></span> <span class='ocrx_word' id='word_1_463' title='bbox 1137 3869 1193 3915; x_wconf 92' lang='lat' dir='ltr'><strong>et</strong></span> <span class='ocrx_word' id='word_1_464' title='bbox 1219 3876 1428 3914; x_wconf 89' lang='lat' dir='ltr'><strong>rursum</strong></span> <span class='ocrx_word' id='word_1_465' title='bbox 1468 3875 1483 3913; x_wconf 89' lang='lat'><strong>:</strong></span> <span class='ocrx_word' id='word_1_466' title='bbox 1511 3857 1796 3924; x_wconf 83' lang='lat' dir='ltr'><strong>Quoniam,</strong></span> 
     </span>
    </p>
   </div>
   <div class='ocr_carea' id='block_1_46' title="bbox 209 3950 1797 4036">
    <p class='ocr_par' dir='ltr' id='par_1_46' title="bbox 209 3950 1797 4036">
     <span class='ocr_line' id='line_1_46' title="bbox 209 3950 1797 4036; baseline -0.012 -14"><span class='ocrx_word' id='word_1_467' title='bbox 209 3964 427 4036; x_wconf 89' lang='lat' dir='ltr'><strong>inquit,</strong></span> <span class='ocrx_word' id='word_1_468' title='bbox 475 3960 709 4016; x_wconf 86' lang='lat' dir='ltr'><strong>membra</strong></span> <span class='ocrx_word' id='word_1_469' title='bbox 754 3973 938 4013; x_wconf 87' lang='lat' dir='ltr'><strong>sumus</strong></span> <span class='ocrx_word' id='word_1_470' title='bbox 981 3955 1218 4022; x_wconf 87' lang='lat' dir='ltr'><strong>corporis</strong></span> <span class='ocrx_word' id='word_1_471' title='bbox 1263 3953 1416 4019; x_wconf 86' lang='lat' dir='ltr'><strong>eius,</strong></span> <span class='ocrx_word' id='word_1_472' title='bbox 1443 3966 1509 4005; x_wconf 75' lang='lat' dir='ltr'><strong>ex</strong></span> <span class='ocrx_word' id='word_1_473' title='bbox 1553 3950 1797 4004; x_wconf 87' lang='lat' dir='ltr'><strong>carnibus</strong></span> 
     </span>
    </p>
   </div>
   <div class='ocr_carea' id='block_1_47' title="bbox 205 4041 1800 4130">
    <p class='ocr_par' dir='ltr' id='par_1_47' title="bbox 205 4041 1800 4130">
     <span class='ocr_line' id='line_1_47' title="bbox 205 4041 1800 4130; baseline -0.012 -16"><span class='ocrx_word' id='word_1_474' title='bbox 205 4059 326 4130; x_wconf 85' lang='lat' dir='ltr'><strong>ejus</strong></span> <span class='ocrx_word' id='word_1_475' title='bbox 373 4065 424 4112; x_wconf 89' lang='lat' dir='ltr'><strong>et</strong></span> <span class='ocrx_word' id='word_1_476' title='bbox 462 4071 528 4109; x_wconf 79' lang='lat' dir='ltr'><strong>ex</strong></span> <span class='ocrx_word' id='word_1_477' title='bbox 554 4053 757 4108; x_wconf 88' lang='lat' dir='ltr'><strong>ossibus</strong></span> <span class='ocrx_word' id='word_1_478' title='bbox 780 4050 895 4121; x_wconf 86' lang='lat' dir='ltr'><strong>ejus</strong></span> <span class='ocrx_word' id='word_1_479' title='bbox 922 4047 991 4105; x_wconf 82' lang='grc'><strong>³².</strong></span> <span class='ocrx_word' id='word_1_480' title='bbox 1038 4048 1202 4103; x_wconf 79' lang='lat' dir='ltr'><strong>Vides</strong></span> <span class='ocrx_word' id='word_1_481' title='bbox 1246 4045 1516 4116; x_wconf 85' lang='lat' dir='ltr'><strong>quomodo</strong></span> <span class='ocrx_word' id='word_1_482' title='bbox 1545 4041 1676 4098; x_wconf 87' lang='lat' dir='ltr'><strong>velit</strong></span> <span class='ocrx_word' id='word_1_483' title='bbox 1705 4041 1800 4096; x_wconf 57' lang='lat' dir='ltr'><strong>lto.</strong></span> 
     </span>
    </p>
   </div>
   <div class='ocr_carea' id='block_1_48' title="bbox 207 4132 1798 4208">
    <p class='ocr_par' dir='ltr' id='par_1_48' title="bbox 207 4132 1798 4208">
     <span class='ocr_line' id='line_1_48' title="bbox 207 4132 1798 4208; baseline -0.01 -4"><span class='ocrx_word' id='word_1_484' title='bbox 207 4149 419 4204; x_wconf 89' lang='lat' dir='ltr'><strong>minem</strong></span> <span class='ocrx_word' id='word_1_485' title='bbox 469 4159 592 4200; x_wconf 89' lang='lat' dir='ltr'><strong>esse</strong></span> <span class='ocrx_word' id='word_1_486' title='bbox 635 4145 687 4199; x_wconf 90' lang='lat' dir='ltr'><strong>in</strong></span> <span class='ocrx_word' id='word_1_487' title='bbox 742 4141 1028 4206; x_wconf 88' lang='lat' dir='ltr'><strong>omnibus,</strong></span> <span class='ocrx_word' id='word_1_488' title='bbox 1090 4135 1545 4208; x_wconf 84' lang='lat' dir='ltr'><strong>quemadmodum</strong></span> <span class='ocrx_word' id='word_1_489' title='bbox 1580 4132 1689 4186; x_wconf 88' lang='lat' dir='ltr'><strong>Eva</strong></span> <span class='ocrx_word' id='word_1_490' title='bbox 1732 4148 1798 4188; x_wconf 83' lang='lat' dir='ltr'><strong>ex</strong></span> 
     </span>
    </p>
   </div>
   <div class='ocr_carea' id='block_1_49' title="bbox 205 4226 1801 4304">
    <p class='ocr_par' dir='ltr' id='par_1_49' title="bbox 205 4226 1801 4304">
     <span class='ocr_line' id='line_1_49' title="bbox 205 4226 1801 4304; baseline -0.011 -9"><span class='ocrx_word' id='word_1_491' title='bbox 205 4239 408 4304; x_wconf 80' lang='lat' dir='ltr'><strong>Adam,</strong></span> <span class='ocrx_word' id='word_1_492' title='bbox 439 4246 494 4292; x_wconf 89' lang='lat' dir='ltr'><strong>et</strong></span> <span class='ocrx_word' id='word_1_493' title='bbox 518 4236 660 4290; x_wconf 81' lang='lat' dir='ltr'><strong>sicut</strong></span> <span class='ocrx_word' id='word_1_494' title='bbox 685 4243 769 4289; x_wconf 90' lang='lat' dir='ltr'><strong>est</strong></span> <span class='ocrx_word' id='word_1_495' title='bbox 797 4233 911 4304; x_wconf 92' lang='lat' dir='ltr'><strong>ipse</strong></span> <span class='ocrx_word' id='word_1_496' title='bbox 935 4233 988 4287; x_wconf 91' lang='lat' dir='ltr'><strong>in</strong></span> <span class='ocrx_word' id='word_1_497' title='bbox 1017 4231 1300 4295; x_wconf 90' lang='lat' dir='ltr'><strong>omnibus;</strong></span> <span class='ocrx_word' id='word_1_498' title='bbox 1343 4243 1466 4282; x_wconf 91' lang='lat' dir='ltr'><strong>nam</strong></span> <span class='ocrx_word' id='word_1_499' title='bbox 1501 4226 1590 4296; x_wconf 91' lang='lat' dir='ltr'><strong>qui</strong></span> <span class='ocrx_word' id='word_1_500' title='bbox 1620 4227 1801 4280; x_wconf 78' lang='lat' dir='ltr'><strong>bruto-</strong></span> 
     </span>
    </p>
   </div>
   <div class='ocr_carea' id='block_1_50' title="bbox 207 4318 1798 4393">
    <p class='ocr_par' dir='ltr' id='par_1_50' title="bbox 207 4318 1798 4393">
     <span class='ocr_line' id='line_1_50' title="bbox 207 4318 1798 4393; baseline -0.009 -7"><span class='ocrx_word' id='word_1_501' title='bbox 207 4347 334 4386; x_wconf 89' lang='lat' dir='ltr'><strong>rum</strong></span> <span class='ocrx_word' id='word_1_502' title='bbox 362 4331 536 4384; x_wconf 86' lang='lat' dir='ltr'><strong>instar</strong></span> <span class='ocrx_word' id='word_1_503' title='bbox 559 4335 686 4383; x_wconf 90' lang='lat' dir='ltr'><strong>sunt</strong></span> <span class='ocrx_word' id='word_1_504' title='bbox 724 4325 954 4380; x_wconf 89' lang='lat' dir='ltr'><strong>rationis</strong></span> <span class='ocrx_word' id='word_1_505' title='bbox 993 4330 1277 4393; x_wconf 77' lang='lat' dir='ltr'><strong>expertes,</strong></span> <span class='ocrx_word' id='word_1_506' title='bbox 1303 4331 1400 4374; x_wconf 87' lang='lat' dir='ltr'><strong>aut</strong></span> <span class='ocrx_word' id='word_1_507' title='bbox 1432 4320 1532 4374; x_wconf 89' lang='lat' dir='ltr'><strong>sibi</strong></span> <span class='ocrx_word' id='word_1_508' title='bbox 1559 4318 1798 4373; x_wconf 82' lang='lat' dir='ltr'><strong>vicissim</strong></span> 
     </span>
    </p>
   </div>
   <div class='ocr_carea' id='block_1_51' title="bbox 1901 1907 3480 1978">
    <p class='ocr_par' dir='ltr' id='par_1_51' title="bbox 1901 1907 3480 1978">
     <span class='ocr_line' id='line_1_51' title="bbox 1901 1907 3480 1978; baseline 0.001 -15"><span class='ocrx_word' id='word_1_509' title='bbox 1901 1907 2032 1963; x_wconf 89' lang='lat' dir='ltr'><strong>illud</strong></span> <span class='ocrx_word' id='word_1_510' title='bbox 2059 1907 2229 1964; x_wconf 91' lang='lat' dir='ltr'><strong>solum</strong></span> <span class='ocrx_word' id='word_1_511' title='bbox 2257 1909 2400 1978; x_wconf 87' lang='lat' dir='ltr'><strong>quod</strong></span> <span class='ocrx_word' id='word_1_512' title='bbox 2432 1908 2629 1963; x_wconf 89' lang='lat' dir='ltr'><strong>cecidit</strong></span> <span class='ocrx_word' id='word_1_513' title='bbox 2661 1909 2716 1962; x_wconf 82' lang='lat' dir='ltr'><strong>in</strong></span> <span class='ocrx_word' id='word_1_514' title='bbox 2751 1919 2950 1964; x_wconf 86' lang='lat' dir='ltr'><strong>terram</strong></span> <span class='ocrx_word' id='word_1_515' title='bbox 2989 1910 3210 1976; x_wconf 88' lang='lat' dir='ltr'><strong>bonam,</strong></span> <span class='ocrx_word' id='word_1_516' title='bbox 3244 1909 3480 1965; x_wconf 87' lang='lat' dir='ltr'><strong>fructum</strong></span> 
     </span>
    </p>
   </div>
   <div class='ocr_carea' id='block_1_52' title="bbox 1908 2000 3480 2072">
    <p class='ocr_par' dir='ltr' id='par_1_52' title="bbox 1908 2000 3480 2072">
     <span class='ocr_line' id='line_1_52' title="bbox 1908 2000 3480 2072; baseline 0.001 -18"><span class='ocrx_word' id='word_1_517' title='bbox 1908 2000 2031 2055; x_wconf 87' lang='lat' dir='ltr'><strong>tulit</strong></span> <span class='ocrx_word' id='word_1_518' title='bbox 2054 2000 2121 2054; x_wconf 73' lang='grc' dir='ltr'><strong>⁸ο.</strong></span> <span class='ocrx_word' id='word_1_519' title='bbox 2151 2001 2309 2056; x_wconf 84' lang='lat' dir='ltr'><strong>Dedit</strong></span> <span class='ocrx_word' id='word_1_520' title='bbox 2347 2010 2627 2072; x_wconf 86' lang='lat' dir='ltr'><strong>argentum</strong></span> <span class='ocrx_word' id='word_1_521' title='bbox 2653 2016 2809 2056; x_wconf 89' lang='lat' dir='ltr'><strong>suum</strong></span> <span class='ocrx_word' id='word_1_522' title='bbox 2855 2002 2972 2056; x_wconf 87' lang='lat' dir='ltr'><strong>sine</strong></span> <span class='ocrx_word' id='word_1_523' title='bbox 2997 2002 3358 2066; x_wconf 79' lang='lat' dir='ltr'><strong>simulatiOne,</strong></span> <span class='ocrx_word' id='word_1_524' title='bbox 3387 2002 3480 2056; x_wconf 77' lang='lat' dir='ltr'><strong>sed</strong></span> 
     </span>
    </p>
   </div>
   <div class='ocr_carea' id='block_1_53' title="bbox 1899 2092 3476 2165">
    <p class='ocr_par' dir='ltr' id='par_1_53' title="bbox 1899 2092 3476 2165">
     <span class='ocr_line' id='line_1_53' title="bbox 1899 2092 3476 2165; baseline -0.001 -16"><span class='ocrx_word' id='word_1_525' title='bbox 1899 2108 1964 2149; x_wconf 88' lang='lat' dir='ltr'><strong>eo</strong></span> <span class='ocrx_word' id='word_1_526' title='bbox 2003 2101 2184 2149; x_wconf 87' lang='lat' dir='ltr'><strong>tamen</strong></span> <span class='ocrx_word' id='word_1_527' title='bbox 2231 2092 2446 2165; x_wconf 88' lang='lat' dir='ltr'><strong>gavisus</strong></span> <span class='ocrx_word' id='word_1_528' title='bbox 2477 2101 2561 2148; x_wconf 89' lang='lat' dir='ltr'><strong>est</strong></span> <span class='ocrx_word' id='word_1_529' title='bbox 2609 2092 2889 2164; x_wconf 86' lang='lat' dir='ltr'><strong>duplicato</strong></span> <span class='ocrx_word' id='word_1_530' title='bbox 2915 2092 2986 2148; x_wconf 78' lang='lat'><strong>“.</strong></span> <span class='ocrx_word' id='word_1_531' title='bbox 3027 2093 3212 2149; x_wconf 78' lang='lat' dir='ltr'><strong>Vocati</strong></span> <span class='ocrx_word' id='word_1_532' title='bbox 3259 2092 3476 2147; x_wconf 88' lang='lat' dir='ltr'><strong>fuerant</strong></span> 
     </span>
    </p>
   </div>
   <div class='ocr_carea' id='block_1_54' title="bbox 1900 2185 3477 2257">
    <p class='ocr_par' dir='ltr' id='par_1_54' title="bbox 1900 2185 3477 2257">
     <span class='ocr_line' id='line_1_54' title="bbox 1900 2185 3477 2257; baseline 0 -17"><span class='ocrx_word' id='word_1_533' title='bbox 1900 2201 2092 2241; x_wconf 83' lang='lat' dir='ltr'><strong>omnes</strong></span> <span class='ocrx_word' id='word_1_534' title='bbox 2116 2187 2180 2241; x_wconf 91' lang='lat' dir='ltr'><strong>ad</strong></span> <span class='ocrx_word' id='word_1_535' title='bbox 2208 2186 2440 2257; x_wconf 91' lang='lat' dir='ltr'><strong>nuptias,</strong></span> <span class='ocrx_word' id='word_1_536' title='bbox 2456 2187 2548 2240; x_wconf 88' lang='lat' dir='ltr'><strong>sed</strong></span> <span class='ocrx_word' id='word_1_537' title='bbox 2565 2185 2652 2256; x_wconf 91' lang='lat' dir='ltr'><strong>qui</strong></span> <span class='ocrx_word' id='word_1_538' title='bbox 2677 2200 2782 2240; x_wconf 90' lang='lat' dir='ltr'><strong>non</strong></span> <span class='ocrx_word' id='word_1_539' title='bbox 2805 2186 3254 2242; x_wconf 88' lang='lat' dir='ltr'><strong>habebatvestem</strong></span> <span class='ocrx_word' id='word_1_540' title='bbox 3270 2186 3477 2255; x_wconf 56' lang='lat' dir='ltr'><strong>nuptis-</strong></span> 
     </span>
    </p>
   </div>
   <div class='ocr_carea' id='block_1_55' title="bbox 1905 2277 3470 2359">
    <p class='ocr_par' dir='ltr' id='par_1_55' title="bbox 1905 2277 3470 2359">
     <span class='ocr_line' id='line_1_55' title="bbox 1905 2277 3470 2359; baseline -0.001 -26"><span class='ocrx_word' id='word_1_541' title='bbox 1905 2294 2023 2333; x_wconf 87' lang='lat' dir='ltr'><strong>rum</strong></span> <span class='ocrx_word' id='word_1_542' title='bbox 2050 2317 2065 2343; x_wconf 93' lang='lat'><strong>,</strong></span> <span class='ocrx_word' id='word_1_543' title='bbox 2099 2277 2283 2350; x_wconf 88' lang='lat' dir='ltr'><strong>jussus</strong></span> <span class='ocrx_word' id='word_1_544' title='bbox 2319 2287 2402 2334; x_wconf 91' lang='lat' dir='ltr'><strong>est</strong></span> <span class='ocrx_word' id='word_1_545' title='bbox 2447 2278 2636 2359; x_wconf 89' lang='lat' dir='ltr'><strong>projici</strong></span> <span class='ocrx_word' id='word_1_546' title='bbox 2679 2278 2731 2333; x_wconf 91' lang='lat' dir='ltr'><strong>in</strong></span> <span class='ocrx_word' id='word_1_547' title='bbox 2774 2279 3026 2334; x_wconf 86' lang='lat' dir='ltr'><strong>tenebras</strong></span> <span class='ocrx_word' id='word_1_548' title='bbox 3059 2278 3359 2334; x_wconf 80' lang='lat' dir='ltr'><strong>exteriores</strong></span> <span class='ocrx_word' id='word_1_549' title='bbox 3399 2277 3470 2332; x_wconf 67' lang='grc' dir='ltr'><strong>δ’.</strong></span> 
     </span>
    </p>
   </div>
   <div class='ocr_carea' id='block_1_56' title="bbox 1913 2371 3477 2442">
    <p class='ocr_par' dir='ltr' id='par_1_56' title="bbox 1913 2371 3477 2442">
     <span class='ocr_line' id='line_1_56' title="bbox 1913 2371 3477 2442; baseline -0.003 -14"><span class='ocrx_word' id='word_1_550' title='bbox 1913 2371 2114 2428; x_wconf 69' lang='lat' dir='ltr'><strong>Omnes</strong></span> <span class='ocrx_word' id='word_1_551' title='bbox 2159 2387 2218 2428; x_wconf 89' lang='lat' dir='ltr'><strong>se</strong></span> <span class='ocrx_word' id='word_1_552' title='bbox 2260 2372 2483 2429; x_wconf 86' lang='lat' dir='ltr'><strong>credere</strong></span> <span class='ocrx_word' id='word_1_553' title='bbox 2535 2371 2882 2442; x_wconf 87' lang='lat' dir='ltr'><strong>profitentur,</strong></span> <span class='ocrx_word' id='word_1_554' title='bbox 2928 2371 3022 2427; x_wconf 85' lang='lat' dir='ltr'><strong>sed</strong></span> <span class='ocrx_word' id='word_1_555' title='bbox 3064 2371 3153 2440; x_wconf 91' lang='lat' dir='ltr'><strong>qui</strong></span> <span class='ocrx_word' id='word_1_556' title='bbox 3187 2371 3324 2425; x_wconf 84' lang='lat' dir='ltr'><strong>bona</strong></span> <span class='ocrx_word' id='word_1_557' title='bbox 3371 2385 3477 2424; x_wconf 92' lang='lat' dir='ltr'><strong>non</strong></span> 
     </span>
    </p>
   </div>
   <div class='ocr_carea' id='block_1_57' title="bbox 1901 2461 3482 2537">
    <p class='ocr_par' dir='ltr' id='par_1_57' title="bbox 1901 2461 3482 2537">
     <span class='ocr_line' id='line_1_57' title="bbox 1901 2461 3482 2537; baseline -0.002 -16"><span class='ocrx_word' id='word_1_558' title='bbox 1901 2465 2104 2521; x_wconf 87' lang='lat' dir='ltr'><strong>habent</strong></span> <span class='ocrx_word' id='word_1_559' title='bbox 2147 2481 2334 2536; x_wconf 88' lang='lat' dir='ltr'><strong>opera,</strong></span> <span class='ocrx_word' id='word_1_560' title='bbox 2391 2465 2688 2537; x_wconf 84' lang='lat' dir='ltr'><strong>ejiciuntur</strong></span> <span class='ocrx_word' id='word_1_561' title='bbox 2750 2463 2940 2520; x_wconf 76' lang='lat' dir='ltr'><strong>foras:</strong></span> <span class='ocrx_word' id='word_1_562' title='bbox 3004 2461 3268 2529; x_wconf 85' lang='lat' dir='ltr'><strong>Quoniam</strong></span> <span class='ocrx_word' id='word_1_563' title='bbox 3327 2462 3482 2518; x_wconf 80' lang='lat' dir='ltr'><strong>multi</strong></span> 
     </span>
    </p>
   </div>
   <div class='ocr_carea' id='block_1_58' title="bbox 1897 2556 2844 2628">
    <p class='ocr_par' dir='ltr' id='par_1_58' title="bbox 1897 2556 2844 2628">
     <span class='ocr_line' id='line_1_58' title="bbox 1897 2556 2844 2628; baseline -0.003 -13"><span class='ocrx_word' id='word_1_564' title='bbox 1897 2568 2018 2615; x_wconf 88' lang='lat' dir='ltr'><strong>sunt</strong></span> <span class='ocrx_word' id='word_1_565' title='bbox 2049 2561 2236 2626; x_wconf 84' lang='lat' dir='ltr'><strong>vocati,</strong></span> <span class='ocrx_word' id='word_1_566' title='bbox 2268 2560 2424 2628; x_wconf 86' lang='lat' dir='ltr'><strong>pauci</strong></span> <span class='ocrx_word' id='word_1_567' title='bbox 2454 2574 2572 2613; x_wconf 78' lang='lat' dir='ltr'><strong><em>vero</em></strong></span> <span class='ocrx_word' id='word_1_568' title='bbox 2597 2557 2750 2612; x_wconf 85' lang='lat' dir='ltr'><strong>electi</strong></span> <span class='ocrx_word' id='word_1_569' title='bbox 2775 2556 2844 2612; x_wconf 72' lang='lat'><strong>”.</strong></span> 
     </span>
    </p>
   </div>
   <div class='ocr_carea' id='block_1_59' title="bbox 1964 2642 3480 2724">
    <p class='ocr_par' dir='ltr' id='par_1_59' title="bbox 1964 2642 3480 2724">
     <span class='ocr_line' id='line_1_59' title="bbox 1964 2642 3480 2724; baseline -0.004 -17"><span class='ocrx_word' id='word_1_570' title='bbox 1964 2651 2152 2709; x_wconf 75' lang='lat' dir='ltr'><strong>XXIV.</strong></span> <span class='ocrx_word' id='word_1_571' title='bbox 2181 2642 2535 2724; x_wconf 78' lang='lat' dir='ltr'><strong>Exploremus</strong></span> <span class='ocrx_word' id='word_1_572' title='bbox 2557 2651 2935 2720; x_wconf 88' lang='lat' dir='ltr'><strong>nosmetipsos,</strong></span> <span class='ocrx_word' id='word_1_573' title='bbox 3001 2648 3221 2714; x_wconf 84' lang='lat' dir='ltr'><strong>fratres,</strong></span> <span class='ocrx_word' id='word_1_574' title='bbox 3244 2656 3298 2704; x_wconf 90' lang='lat' dir='ltr'><strong>et</strong></span> <span class='ocrx_word' id='word_1_575' title='bbox 3318 2661 3480 2718; x_wconf 90' lang='lat' dir='ltr'><strong>opera</strong></span> 
     </span>
    </p>
   </div>
   <div class='ocr_carea' id='block_1_60' title="bbox 1896 2740 3482 2815">
    <p class='ocr_par' dir='ltr' id='par_1_60' title="bbox 1896 2740 3482 2815">
     <span class='ocr_line' id='line_1_60' title="bbox 1896 2740 3482 2815; baseline -0.002 -16"><span class='ocrx_word' id='word_1_576' title='bbox 1896 2754 2079 2800; x_wconf 89' lang='lat' dir='ltr'><strong>nostra</strong></span> <span class='ocrx_word' id='word_1_577' title='bbox 2126 2744 2554 2815; x_wconf 89' lang='lat' dir='ltr'><strong>perpendamus,</strong></span> <span class='ocrx_word' id='word_1_578' title='bbox 2618 2755 2906 2812; x_wconf 87' lang='lat' dir='ltr'><strong>antequam</strong></span> <span class='ocrx_word' id='word_1_579' title='bbox 2957 2741 3032 2797; x_wconf 90' lang='lat' dir='ltr'><strong>illi</strong></span> <span class='ocrx_word' id='word_1_580' title='bbox 3077 2742 3149 2797; x_wconf 91' lang='lat' dir='ltr'><strong>sit</strong></span> <span class='ocrx_word' id='word_1_581' title='bbox 3188 2740 3404 2796; x_wconf 87' lang='lat' dir='ltr'><strong>obviam</strong></span> <span class='ocrx_word' id='word_1_582' title='bbox 3450 2757 3482 2796; x_wconf 88' lang='lat' dir='ltr'><strong>a</strong></span> 
     </span>
    </p>
   </div>
   <div class='ocr_carea' id='block_1_61' title="bbox 1895 2832 3483 2907">
    <p class='ocr_par' dir='ltr' id='par_1_61' title="bbox 1895 2832 3483 2907">
     <span class='ocr_line' id='line_1_61' title="bbox 1895 2832 3483 2907; baseline -0.003 -17"><span class='ocrx_word' id='word_1_583' title='bbox 1895 2836 2050 2891; x_wconf 88' lang='lat' dir='ltr'><strong>nobis</strong></span> <span class='ocrx_word' id='word_1_584' title='bbox 2078 2836 2448 2907; x_wconf 78' lang='lat' dir='ltr'><strong>prodeundum</strong></span> <span class='ocrx_word' id='word_1_585' title='bbox 2476 2853 2492 2902; x_wconf 89' lang='lat'><strong>;</strong></span> <span class='ocrx_word' id='word_1_586' title='bbox 2528 2849 2595 2889; x_wconf 93' lang='lat' dir='ltr'><strong>ne</strong></span> <span class='ocrx_word' id='word_1_587' title='bbox 2628 2834 2796 2889; x_wconf 91' lang='lat' dir='ltr'><strong>simus</strong></span> <span class='ocrx_word' id='word_1_588' title='bbox 2821 2849 2886 2889; x_wconf 88' lang='lat' dir='ltr'><strong>ex</strong></span> <span class='ocrx_word' id='word_1_589' title='bbox 2915 2848 3099 2888; x_wconf 86' lang='lat' dir='ltr'><strong>eorum</strong></span> <span class='ocrx_word' id='word_1_590' title='bbox 3125 2846 3370 2900; x_wconf 89' lang='lat' dir='ltr'><strong>numero,</strong></span> <span class='ocrx_word' id='word_1_591' title='bbox 3391 2832 3483 2902; x_wconf 90' lang='lat' dir='ltr'><strong>qui</strong></span> 
     </span>
    </p>
   </div>
   <div class='ocr_carea' id='block_1_62' title="bbox 1894 2920 3484 2992">
    <p class='ocr_par' dir='ltr' id='par_1_62' title="bbox 1894 2920 3484 2992">
     <span class='ocr_line' id='line_1_62' title="bbox 1894 2920 3484 2992; baseline -0.001 -14"><span class='ocrx_word' id='word_1_592' title='bbox 1894 2923 2076 2979; x_wconf 89' lang='lat' dir='ltr'><strong>carnis</strong></span> <span class='ocrx_word' id='word_1_593' title='bbox 2127 2921 2338 2978; x_wconf 89' lang='lat' dir='ltr'><strong>faciunt</strong></span> <span class='ocrx_word' id='word_1_594' title='bbox 2368 2923 2718 2978; x_wconf 88' lang='lat' dir='ltr'><strong>voluntatem.</strong></span> <span class='ocrx_word' id='word_1_595' title='bbox 2753 2920 2988 2992; x_wconf 89' lang='lat' dir='ltr'><strong>Operam</strong></span> <span class='ocrx_word' id='word_1_596' title='bbox 3030 2922 3245 2987; x_wconf 90' lang='lat' dir='ltr'><strong>demus,</strong></span> <span class='ocrx_word' id='word_1_597' title='bbox 3283 2931 3343 2976; x_wconf 95' lang='lat' dir='ltr'><strong>ut</strong></span> <span class='ocrx_word' id='word_1_598' title='bbox 3389 2936 3484 2976; x_wconf 79' lang='lat' dir='ltr'><strong>eas</strong></span> 
     </span>
    </p>
   </div>
   <div class='ocr_carea' id='block_1_63' title="bbox 1897 3012 3482 3084">
    <p class='ocr_par' dir='ltr' id='par_1_63' title="bbox 1897 3012 3482 3084">
     <span class='ocr_line' id='line_1_63' title="bbox 1897 3012 3482 3084; baseline -0.001 -14"><span class='ocrx_word' id='word_1_599' title='bbox 1897 3015 2114 3070; x_wconf 84' lang='lat' dir='ltr'><strong>divitias</strong></span> <span class='ocrx_word' id='word_1_600' title='bbox 2149 3012 2505 3084; x_wconf 80' lang='lat' dir='ltr'><strong>aSsequamur</strong></span> <span class='ocrx_word' id='word_1_601' title='bbox 2527 3055 2543 3080; x_wconf 94' lang='lat'><strong>,</strong></span> <span class='ocrx_word' id='word_1_602' title='bbox 2589 3027 2728 3083; x_wconf 90' lang='lat' dir='ltr'><strong>quas</strong></span> <span class='ocrx_word' id='word_1_603' title='bbox 2762 3014 2814 3068; x_wconf 90' lang='lat' dir='ltr'><strong>in</strong></span> <span class='ocrx_word' id='word_1_604' title='bbox 2847 3013 2933 3068; x_wconf 90' lang='lat' dir='ltr'><strong>illa</strong></span> <span class='ocrx_word' id='word_1_605' title='bbox 2979 3014 3322 3070; x_wconf 82' lang='lat' dir='ltr'><strong>necessitatis</strong></span> <span class='ocrx_word' id='word_1_606' title='bbox 3350 3014 3482 3069; x_wconf 89' lang='lat' dir='ltr'><strong>hora</strong></span> 
     </span>
    </p>
   </div>
   <div class='ocr_carea' id='block_1_64' title="bbox 1897 3105 3484 3175">
    <p class='ocr_par' dir='ltr' id='par_1_64' title="bbox 1897 3105 3484 3175">
     <span class='ocr_line' id='line_1_64' title="bbox 1897 3105 3484 3175; baseline -0.003 -13"><span class='ocrx_word' id='word_1_607' title='bbox 1897 3121 2083 3162; x_wconf 89' lang='lat' dir='ltr'><strong>sumus</strong></span> <span class='ocrx_word' id='word_1_608' title='bbox 2106 3105 2401 3162; x_wconf 89' lang='lat' dir='ltr'><strong>inventuri.</strong></span> <span class='ocrx_word' id='word_1_609' title='bbox 2430 3105 2537 3159; x_wconf 84' lang='lat' dir='ltr'><strong>Eas</strong></span> <span class='ocrx_word' id='word_1_610' title='bbox 2564 3121 2684 3175; x_wconf 71' lang='lat' dir='ltr'><strong>qua:</strong></span> <span class='ocrx_word' id='word_1_611' title='bbox 2716 3106 2873 3161; x_wconf 89' lang='lat' dir='ltr'><strong>nobis</strong></span> <span class='ocrx_word' id='word_1_612' title='bbox 2903 3107 2990 3161; x_wconf 88' lang='lat' dir='ltr'><strong>ltic</strong></span> <span class='ocrx_word' id='word_1_613' title='bbox 3021 3105 3332 3161; x_wconf 90' lang='lat' dir='ltr'><strong>necessario</strong></span> <span class='ocrx_word' id='word_1_614' title='bbox 3357 3114 3484 3162; x_wconf 90' lang='lat' dir='ltr'><strong>sunt</strong></span> 
     </span>
    </p>
   </div>
   <div class='ocr_carea' id='block_1_65' title="bbox 1900 3195 3482 3268">
    <p class='ocr_par' dir='ltr' id='par_1_65' title="bbox 1900 3195 3482 3268">
     <span class='ocr_line' id='line_1_65' title="bbox 1900 3195 3482 3268; baseline 0.001 -16"><span class='ocrx_word' id='word_1_615' title='bbox 1900 3196 2283 3268; x_wconf 88' lang='lat' dir='ltr'><strong>relinquendae,</strong></span> <span class='ocrx_word' id='word_1_616' title='bbox 2316 3204 2748 3252; x_wconf 89' lang='lat' dir='ltr'><strong>contemnamus.</strong></span> <span class='ocrx_word' id='word_1_617' title='bbox 2777 3195 3202 3252; x_wconf 88' lang='lat' dir='ltr'><strong>Consideremus</strong></span> <span class='ocrx_word' id='word_1_618' title='bbox 3239 3196 3357 3253; x_wconf 90' lang='lat' dir='ltr'><strong>illos</strong></span> <span class='ocrx_word' id='word_1_619' title='bbox 3388 3199 3482 3266; x_wconf 91' lang='lat' dir='ltr'><strong>qui</strong></span> 
     </span>
    </p>
   </div>
   <div class='ocr_carea' id='block_1_66' title="bbox 1896 3287 3471 3347">
    <p class='ocr_par' dir='ltr' id='par_1_66' title="bbox 1896 3287 3471 3347">
     <span class='ocr_line' id='line_1_66' title="bbox 1896 3287 3471 3347; baseline -0.003 -1"><span class='ocrx_word' id='word_1_620' title='bbox 1896 3304 2109 3347; x_wconf 88' lang='lat' dir='ltr'><strong>summo</strong></span> <span class='ocrx_word' id='word_1_621' title='bbox 2158 3289 2339 3344; x_wconf 89' lang='lat' dir='ltr'><strong>studio</strong></span> <span class='ocrx_word' id='word_1_622' title='bbox 2381 3287 2598 3344; x_wconf 89' lang='lat' dir='ltr'><strong>caducis</strong></span> <span class='ocrx_word' id='word_1_623' title='bbox 2629 3287 2748 3343; x_wconf 91' lang='lat' dir='ltr'><strong>istis</strong></span> <span class='ocrx_word' id='word_1_624' title='bbox 2791 3287 2996 3343; x_wconf 87' lang='lat' dir='ltr'><strong>divitiis</strong></span> <span class='ocrx_word' id='word_1_625' title='bbox 3027 3287 3369 3343; x_wconf 90' lang='lat' dir='ltr'><strong>cumulandis</strong></span> <span class='ocrx_word' id='word_1_626' title='bbox 3401 3290 3471 3342; x_wconf 87' lang='lat' dir='ltr'><strong>in-</strong></span> 
     </span>
    </p>
   </div>
   <div class='ocr_carea' id='block_1_67' title="bbox 1898 3377 3481 3450">
    <p class='ocr_par' dir='ltr' id='par_1_67' title="bbox 1898 3377 3481 3450">
     <span class='ocr_line' id='line_1_67' title="bbox 1898 3377 3481 3450; baseline -0.003 -14"><span class='ocrx_word' id='word_1_627' title='bbox 1898 3381 2224 3446; x_wconf 89' lang='lat' dir='ltr'><strong>cubuerunt,</strong></span> <span class='ocrx_word' id='word_1_628' title='bbox 2260 3379 2549 3450; x_wconf 87' lang='lat' dir='ltr'><strong>quomodo,</strong></span> <span class='ocrx_word' id='word_1_629' title='bbox 2589 3377 2693 3433; x_wconf 88' lang='lat' dir='ltr'><strong>illis</strong></span> <span class='ocrx_word' id='word_1_630' title='bbox 2725 3378 2952 3443; x_wconf 89' lang='lat' dir='ltr'><strong>relictis,</strong></span> <span class='ocrx_word' id='word_1_631' title='bbox 2983 3378 3034 3433; x_wconf 93' lang='lat' dir='ltr'><strong>in</strong></span> <span class='ocrx_word' id='word_1_632' title='bbox 3068 3377 3370 3449; x_wconf 87' lang='lat' dir='ltr'><strong>gehennam</strong></span> <span class='ocrx_word' id='word_1_633' title='bbox 3401 3379 3481 3432; x_wconf 79' lang='lat' dir='ltr'><strong>in-</strong></span> 
     </span>
    </p>
   </div>
   <div class='ocr_carea' id='block_1_68' title="bbox 1897 3469 3484 3544">
    <p class='ocr_par' dir='ltr' id='par_1_68' title="bbox 1897 3469 3484 3544">
     <span class='ocr_line' id='line_1_68' title="bbox 1897 3469 3484 3544; baseline -0.003 -15"><span class='ocrx_word' id='word_1_634' title='bbox 1897 3473 2152 3540; x_wconf 84' lang='lat' dir='ltr'><strong>ciderint,</strong></span> <span class='ocrx_word' id='word_1_635' title='bbox 2181 3473 2305 3544; x_wconf 88' lang='lat' dir='ltr'><strong>quia</strong></span> <span class='ocrx_word' id='word_1_636' title='bbox 2337 3471 2545 3526; x_wconf 91' lang='lat' dir='ltr'><strong>Domini</strong></span> <span class='ocrx_word' id='word_1_637' title='bbox 2580 3469 2703 3526; x_wconf 85' lang='lat' dir='ltr'><strong>.Iesu</strong></span> <span class='ocrx_word' id='word_1_638' title='bbox 2735 3471 2964 3543; x_wconf 88' lang='lat' dir='ltr'><strong>vestigia</strong></span> <span class='ocrx_word' id='word_1_639' title='bbox 3015 3470 3168 3540; x_wconf 90' lang='lat' dir='ltr'><strong>sequi</strong></span> <span class='ocrx_word' id='word_1_640' title='bbox 3221 3469 3484 3539; x_wconf 79' lang='lat' dir='ltr'><strong>neglexe-</strong></span> 
     </span>
    </p>
   </div>
   <div class='ocr_carea' id='block_1_69' title="bbox 1898 3561 3484 3635">
    <p class='ocr_par' dir='ltr' id='par_1_69' title="bbox 1898 3561 3484 3635">
     <span class='ocr_line' id='line_1_69' title="bbox 1898 3561 3484 3635; baseline -0.003 -13"><span class='ocrx_word' id='word_1_641' title='bbox 1898 3574 2044 3630; x_wconf 88' lang='lat' dir='ltr'><strong>runt,</strong></span> <span class='ocrx_word' id='word_1_642' title='bbox 2095 3575 2156 3620; x_wconf 93' lang='lat' dir='ltr'><strong>ut</strong></span> <span class='ocrx_word' id='word_1_643' title='bbox 2182 3564 2356 3635; x_wconf 66' lang='lat' dir='ltr'><strong>digna:</strong></span> <span class='ocrx_word' id='word_1_644' title='bbox 2382 3564 2576 3620; x_wconf 88' lang='lat' dir='ltr'><strong>flerent</strong></span> <span class='ocrx_word' id='word_1_645' title='bbox 2607 3565 2752 3620; x_wconf 90' lang='lat' dir='ltr'><strong>illius</strong></span> <span class='ocrx_word' id='word_1_646' title='bbox 2772 3561 3302 3634; x_wconf 66' lang='lat' dir='ltr'><strong>sponsaz.l.acrymis</strong></span> <span class='ocrx_word' id='word_1_647' title='bbox 3320 3562 3484 3631; x_wconf 80' lang='lat' dir='ltr'><strong>igitur</strong></span> 
     </span>
    </p>
   </div>
   <div class='ocr_carea' id='block_1_70' title="bbox 1899 3651 3484 3725">
    <p class='ocr_par' dir='ltr' id='par_1_70' title="bbox 1899 3651 3484 3725">
     <span class='ocr_line' id='line_1_70' title="bbox 1899 3651 3484 3725; baseline -0.005 -11"><span class='ocrx_word' id='word_1_648' title='bbox 1899 3673 2081 3714; x_wconf 90' lang='lat' dir='ltr'><strong>coram</strong></span> <span class='ocrx_word' id='word_1_649' title='bbox 2117 3657 2246 3721; x_wconf 88' lang='lat' dir='ltr'><strong>Deo,</strong></span> <span class='ocrx_word' id='word_1_650' title='bbox 2268 3664 2322 3711; x_wconf 92' lang='lat' dir='ltr'><strong>et</strong></span> <span class='ocrx_word' id='word_1_651' title='bbox 2348 3654 2562 3712; x_wconf 90' lang='lat' dir='ltr'><strong>occulto</strong></span> <span class='ocrx_word' id='word_1_652' title='bbox 2589 3656 2771 3712; x_wconf 91' lang='lat' dir='ltr'><strong>cordis</strong></span> <span class='ocrx_word' id='word_1_653' title='bbox 2802 3653 2985 3710; x_wconf 90' lang='lat' dir='ltr'><strong>dolore</strong></span> <span class='ocrx_word' id='word_1_654' title='bbox 3011 3669 3074 3709; x_wconf 90' lang='lat' dir='ltr'><strong>ac</strong></span> <span class='ocrx_word' id='word_1_655' title='bbox 3107 3653 3308 3725; x_wconf 86' lang='lat' dir='ltr'><strong>gemitu</strong></span> <span class='ocrx_word' id='word_1_656' title='bbox 3335 3651 3484 3707; x_wconf 87' lang='lat' dir='ltr'><strong>labo-</strong></span> 
     </span>
    </p>
   </div>
   <div class='ocr_carea' id='block_1_71' title="bbox 1906 3745 3484 3819">
    <p class='ocr_par' dir='ltr' id='par_1_71' title="bbox 1906 3745 3484 3819">
     <span class='ocr_line' id='line_1_71' title="bbox 1906 3745 3484 3819; baseline -0.003 -14"><span class='ocrx_word' id='word_1_657' title='bbox 1906 3765 2110 3818; x_wconf 89' lang='lat' dir='ltr'><strong>remus,</strong></span> <span class='ocrx_word' id='word_1_658' title='bbox 2141 3765 2207 3806; x_wconf 89' lang='lat' dir='ltr'><strong>ne</strong></span> <span class='ocrx_word' id='word_1_659' title='bbox 2236 3751 2288 3804; x_wconf 91' lang='lat' dir='ltr'><strong>in</strong></span> <span class='ocrx_word' id='word_1_660' title='bbox 2335 3748 2582 3806; x_wconf 71' lang='lat' dir='ltr'><strong>dedecus.</strong></span> <span class='ocrx_word' id='word_1_661' title='bbox 2610 3749 2850 3819; x_wconf 89' lang='lat' dir='ltr'><strong>ipsorum</strong></span> <span class='ocrx_word' id='word_1_662' title='bbox 2891 3747 3213 3802; x_wconf 89' lang='lat' dir='ltr'><strong>incidamus.</strong></span> <span class='ocrx_word' id='word_1_663' title='bbox 3268 3745 3484 3802; x_wconf 86' lang='lat' dir='ltr'><strong>Etenim</strong></span> 
     </span>
    </p>
   </div>
   <div class='ocr_carea' id='block_1_72' title="bbox 1900 3836 3476 3912">
    <p class='ocr_par' dir='ltr' id='par_1_72' title="bbox 1900 3836 3476 3912">
     <span class='ocr_line' id='line_1_72' title="bbox 1900 3836 3476 3912; baseline -0.004 -14"><span class='ocrx_word' id='word_1_664' title='bbox 1900 3843 1944 3898; x_wconf 89' lang='lat' dir='ltr'><strong>si</strong></span> <span class='ocrx_word' id='word_1_665' title='bbox 1980 3850 2274 3912; x_wconf 88' lang='lat' dir='ltr'><strong>tempestas</strong></span> <span class='ocrx_word' id='word_1_666' title='bbox 2319 3841 2372 3896; x_wconf 89' lang='lat' dir='ltr'><strong>in</strong></span> <span class='ocrx_word' id='word_1_667' title='bbox 2402 3841 2536 3895; x_wconf 89' lang='lat' dir='ltr'><strong>mari</strong></span> <span class='ocrx_word' id='word_1_668' title='bbox 2565 3841 2795 3905; x_wconf 88' lang='lat' dir='ltr'><strong>oriatur,</strong></span> <span class='ocrx_word' id='word_1_669' title='bbox 2822 3847 2878 3894; x_wconf 92' lang='lat' dir='ltr'><strong>et</strong></span> <span class='ocrx_word' id='word_1_670' title='bbox 2908 3837 3074 3892; x_wconf 90' lang='lat' dir='ltr'><strong>multa</strong></span> <span class='ocrx_word' id='word_1_671' title='bbox 3107 3836 3318 3908; x_wconf 87' lang='lat' dir='ltr'><strong>navigia</strong></span> <span class='ocrx_word' id='word_1_672' title='bbox 3359 3837 3476 3892; x_wconf 87' lang='lat' dir='ltr'><strong>sub-</strong></span> 
     </span>
    </p>
   </div>
   <div class='ocr_carea' id='block_1_73' title="bbox 1901 3931 3487 4006">
    <p class='ocr_par' dir='ltr' id='par_1_73' title="bbox 1901 3931 3487 4006">
     <span class='ocr_line' id='line_1_73' title="bbox 1901 3931 3487 4006; baseline -0.004 -13"><span class='ocrx_word' id='word_1_673' title='bbox 1901 3945 2256 4006; x_wconf 87' lang='lat' dir='ltr'><strong>mergantur,</strong></span> <span class='ocrx_word' id='word_1_674' title='bbox 2301 3950 2411 3991; x_wconf 92' lang='lat' dir='ltr'><strong>non</strong></span> <span class='ocrx_word' id='word_1_675' title='bbox 2451 3935 2727 3990; x_wconf 87' lang='lat' dir='ltr'><strong>dicimus:</strong></span> <span class='ocrx_word' id='word_1_676' title='bbox 2771 3931 3037 4001; x_wconf 88' lang='lat' dir='ltr'><strong>Quoniam</strong></span> <span class='ocrx_word' id='word_1_677' title='bbox 3069 3931 3144 3987; x_wconf 91' lang='lat' dir='ltr'><strong>illi</strong></span> <span class='ocrx_word' id='word_1_678' title='bbox 3190 3931 3487 4002; x_wconf 87' lang='lat' dir='ltr'><strong>perierunt,</strong></span> 
     </span>
    </p>
   </div>
   <div class='ocr_carea' id='block_1_74' title="bbox 1903 4023 3475 4103">
    <p class='ocr_par' dir='ltr' id='par_1_74' title="bbox 1903 4023 3475 4103">
     <span class='ocr_line' id='line_1_74' title="bbox 1903 4023 3475 4103; baseline -0.005 -18"><span class='ocrx_word' id='word_1_679' title='bbox 1903 4043 2187 4103; x_wconf 88' lang='lat' dir='ltr'><strong>pereamus</strong></span> <span class='ocrx_word' id='word_1_680' title='bbox 2212 4039 2268 4085; x_wconf 86' lang='lat' dir='ltr'><strong>et</strong></span> <span class='ocrx_word' id='word_1_681' title='bbox 2296 4043 2418 4084; x_wconf 90' lang='lat' dir='ltr'><strong>nos.</strong></span> <span class='ocrx_word' id='word_1_682' title='bbox 2467 4026 2607 4094; x_wconf 88' lang='lat' dir='ltr'><strong>Quin</strong></span> <span class='ocrx_word' id='word_1_683' title='bbox 2641 4027 2806 4083; x_wconf 88' lang='lat' dir='ltr'><strong>etiam</strong></span> <span class='ocrx_word' id='word_1_684' title='bbox 2853 4023 2986 4079; x_wconf 89' lang='lat' dir='ltr'><strong>totis</strong></span> <span class='ocrx_word' id='word_1_685' title='bbox 3026 4024 3235 4080; x_wconf 86' lang='lat' dir='ltr'><strong>viribus</strong></span> <span class='ocrx_word' id='word_1_686' title='bbox 3263 4034 3475 4079; x_wconf 84' lang='lat' dir='ltr'><strong>conten-</strong></span> 
     </span>
    </p>
   </div>
   <div class='ocr_carea' id='block_1_75' title="bbox 1903 4116 3487 4190">
    <p class='ocr_par' dir='ltr' id='par_1_75' title="bbox 1903 4116 3487 4190">
     <span class='ocr_line' id='line_1_75' title="bbox 1903 4116 3487 4190; baseline -0.006 -10"><span class='ocrx_word' id='word_1_687' title='bbox 1903 4125 2103 4190; x_wconf 88' lang='lat' dir='ltr'><strong>dimus,</strong></span> <span class='ocrx_word' id='word_1_688' title='bbox 2129 4131 2183 4179; x_wconf 91' lang='lat' dir='ltr'><strong>et</strong></span> <span class='ocrx_word' id='word_1_689' title='bbox 2217 4121 2324 4176; x_wconf 89' lang='lat' dir='ltr'><strong>Deo</strong></span> <span class='ocrx_word' id='word_1_690' title='bbox 2342 4130 2465 4176; x_wconf 86' lang='lat' dir='ltr'><strong>vota</strong></span> <span class='ocrx_word' id='word_1_691' title='bbox 2500 4120 2749 4183; x_wconf 81' lang='lat' dir='ltr'><strong>facimus,</strong></span> <span class='ocrx_word' id='word_1_692' title='bbox 2769 4127 2828 4173; x_wconf 89' lang='lat' dir='ltr'><strong>ut</strong></span> <span class='ocrx_word' id='word_1_693' title='bbox 2854 4116 3150 4173; x_wconf 88' lang='lat' dir='ltr'><strong>incolumes</strong></span> <span class='ocrx_word' id='word_1_694' title='bbox 3173 4117 3487 4171; x_wconf 85' lang='lat' dir='ltr'><strong>evadamus.</strong></span> 
     </span>
    </p>
   </div>
   <div class='ocr_carea' id='block_1_76' title="bbox 1906 4195 3588 4282">
    <p class='ocr_par' dir='ltr' id='par_1_76' title="bbox 1906 4195 3588 4282">
     <span class='ocr_line' id='line_1_76' title="bbox 1906 4195 3588 4282; baseline -0.007 -12"><span class='ocrx_word' id='word_1_695' title='bbox 1906 4215 2044 4271; x_wconf 81' lang='lat' dir='ltr'><strong>Vere</strong></span> <span class='ocrx_word' id='word_1_696' title='bbox 2078 4229 2294 4282; x_wconf 76' lang='lat' dir='ltr'><strong>magna,</strong></span> <span class='ocrx_word' id='word_1_697' title='bbox 2329 4213 2551 4277; x_wconf 81' lang='lat' dir='ltr'><strong>fratres,</strong></span> <span class='ocrx_word' id='word_1_698' title='bbox 2580 4212 2632 4266; x_wconf 93' lang='lat' dir='ltr'><strong>in</strong></span> <span class='ocrx_word' id='word_1_699' title='bbox 2662 4211 2764 4266; x_wconf 86' lang='lat' dir='ltr'><strong>hoc</strong></span> <span class='ocrx_word' id='word_1_700' title='bbox 2797 4210 2920 4264; x_wconf 65' lang='lat' dir='ltr'><strong>vitae</strong></span> <span class='ocrx_word' id='word_1_701' title='bbox 2951 4208 3139 4279; x_wconf 83' lang='lat' dir='ltr'><strong>pelago</strong></span> <span class='ocrx_word' id='word_1_702' title='bbox 3191 4216 3489 4277; x_wconf 83' lang='lat' dir='ltr'><strong>tempestas</strong></span> <span class='ocrx_word' id='word_1_703' title='bbox 3577 4195 3588 4207; x_wconf 81' lang='grc'><em>’</em></span> 
     </span>
    </p>
   </div>
   <div class='ocr_carea' id='block_1_77' title="bbox 1903 4297 3487 4364">
    <p class='ocr_par' dir='ltr' id='par_1_77' title="bbox 1903 4297 3487 4364">
     <span class='ocr_line' id='line_1_77' title="bbox 1903 4297 3487 4364; baseline -0.008 0"><span class='ocrx_word' id='word_1_704' title='bbox 1903 4311 2096 4364; x_wconf 86' lang='lat' dir='ltr'><strong>oborta</strong></span> <span class='ocrx_word' id='word_1_705' title='bbox 2125 4316 2228 4362; x_wconf 90' lang='lat' dir='ltr'><strong>est.</strong></span> <span class='ocrx_word' id='word_1_706' title='bbox 2257 4305 2621 4361; x_wconf 84' lang='lat' dir='ltr'><strong>Coltortemur</strong></span> <span class='ocrx_word' id='word_1_707' title='bbox 2668 4317 2768 4357; x_wconf 91' lang='lat' dir='ltr'><strong>nos</strong></span> <span class='ocrx_word' id='word_1_708' title='bbox 2798 4303 2864 4356; x_wconf 88' lang='lat' dir='ltr'><strong>ad</strong></span> <span class='ocrx_word' id='word_1_709' title='bbox 2911 4300 3170 4361; x_wconf 86' lang='lat' dir='ltr'><strong>laborem,</strong></span> <span class='ocrx_word' id='word_1_710' title='bbox 3203 4307 3258 4353; x_wconf 89' lang='lat' dir='ltr'><strong>et</strong></span> <span class='ocrx_word' id='word_1_711' title='bbox 3283 4297 3487 4352; x_wconf 80' lang='lat' dir='ltr'><strong>clarue-</strong></span> 
     </span>
    </p>
   </div>
   <div class='ocr_carea' id='block_1_78' title="bbox 209 4387 3490 4496">
    <p class='ocr_par' dir='ltr' id='par_1_78' title="bbox 209 4387 3490 4496">
     <span class='ocr_line' id='line_1_78' title="bbox 209 4387 3490 4496; baseline -0.011 -17"><span class='ocrx_word' id='word_1_712' title='bbox 209 4423 419 4496; x_wconf 87' lang='lat' dir='ltr'><strong>aliquid</strong></span> <span class='ocrx_word' id='word_1_713' title='bbox 466 4421 822 4491; x_wconf 84' lang='lat' dir='ltr'><strong>surripientes</strong></span> <span class='ocrx_word' id='word_1_714' title='bbox 871 4387 1106 4471; x_wconf 80' lang='lat' dir='ltr'><strong>ferarum</strong></span> <span class='ocrx_word' id='word_1_715' title='bbox 1162 4412 1448 4468; x_wconf 88' lang='lat' dir='ltr'><strong>avaritiam</strong></span> <span class='ocrx_word' id='word_1_716' title='bbox 1493 4411 1795 4475; x_wconf 88' lang='lat' dir='ltr'><strong>imitantur,</strong></span> <span class='ocrx_word' id='word_1_717' title='bbox 1830 4436 1874 4491; x_wconf 75' lang='grc' dir='ltr'>ι)</span> <span class='ocrx_word' id='word_1_718' title='bbox 1904 4416 2025 4454; x_wconf 84' lang='lat' dir='ltr'><strong>mus</strong></span> <span class='ocrx_word' id='word_1_719' title='bbox 2053 4400 2120 4454; x_wconf 78' lang='lat' dir='ltr'><strong>ad</strong></span> <span class='ocrx_word' id='word_1_720' title='bbox 2159 4397 2466 4463; x_wconf 81' lang='lat' dir='ltr'><strong>Dominum,</strong></span> <span class='ocrx_word' id='word_1_721' title='bbox 2503 4409 2570 4450; x_wconf 89' lang='lat' dir='ltr'><strong>ne</strong></span> <span class='ocrx_word' id='word_1_722' title='bbox 2618 4393 2868 4448; x_wconf 79' lang='lat' dir='ltr'><strong>ﬂuctibus</strong></span> <span class='ocrx_word' id='word_1_723' title='bbox 2893 4391 3212 4447; x_wconf 82' lang='lat' dir='ltr'><strong>obruamur.</strong></span> <span class='ocrx_word' id='word_1_724' title='bbox 3246 4388 3356 4444; x_wconf 78' lang='lat' dir='ltr'><strong>Nisi</strong></span> <span class='ocrx_word' id='word_1_725' title='bbox 3389 4387 3490 4496; x_wconf 49' lang='lat' dir='ltr'><strong>de.-</strong></span> 
     </span>
    </p>
   </div>
   <div class='ocr_carea' id='block_1_79' title="bbox 210 4507 1797 4575">
    <p class='ocr_par' dir='ltr' id='par_1_79' title="bbox 210 4507 1797 4575">
     <span class='ocr_line' id='line_1_79' title="bbox 210 4507 1797 4575; baseline -0.014 -1"><span class='ocrx_word' id='word_1_726' title='bbox 210 4529 313 4575; x_wconf 85' lang='lat' dir='ltr'><strong>aut</strong></span> <span class='ocrx_word' id='word_1_727' title='bbox 335 4516 614 4572; x_wconf 88' lang='lat' dir='ltr'><strong>volucrum</strong></span> <span class='ocrx_word' id='word_1_728' title='bbox 649 4507 1091 4569; x_wconf 89' lang='lat' dir='ltr'><strong>inconstantiam,</strong></span> <span class='ocrx_word' id='word_1_729' title='bbox 1138 4512 1232 4558; x_wconf 88' lang='lat' dir='ltr'><strong>aut</strong></span> <span class='ocrx_word' id='word_1_730' title='bbox 1268 4517 1531 4558; x_wconf 90' lang='lat' dir='ltr'><strong>venenum</strong></span> <span class='ocrx_word' id='word_1_731' title='bbox 1573 4514 1797 4570; x_wconf 90' lang='lat' dir='ltr'><strong>serpen-</strong></span> 
     </span>
    </p>
   </div>
   <div class='ocr_carea' id='block_1_80' title="bbox 212 4598 1804 4677">
    <p class='ocr_par' dir='ltr' id='par_1_80' title="bbox 212 4598 1804 4677">
     <span class='ocr_line' id='line_1_80' title="bbox 212 4598 1804 4677; baseline -0.015 -8"><span class='ocrx_word' id='word_1_732' title='bbox 212 4615 371 4677; x_wconf 91' lang='lat' dir='ltr'><strong>tium,</strong></span> <span class='ocrx_word' id='word_1_733' title='bbox 398 4611 590 4667; x_wconf 90' lang='lat' dir='ltr'><strong>Itorum</strong></span> <span class='ocrx_word' id='word_1_734' title='bbox 612 4606 807 4660; x_wconf 67' lang='lat' dir='ltr'><strong>anima:</strong></span> <span class='ocrx_word' id='word_1_735' title='bbox 829 4617 1039 4674; x_wconf 73' lang='lat' dir='ltr'><strong>sponsa:</strong></span> <span class='ocrx_word' id='word_1_736' title='bbox 1060 4598 1263 4654; x_wconf 87' lang='lat' dir='ltr'><strong>Christi</strong></span> <span class='ocrx_word' id='word_1_737' title='bbox 1287 4610 1407 4652; x_wconf 90' lang='lat' dir='ltr'><strong>esse</strong></span> <span class='ocrx_word' id='word_1_738' title='bbox 1433 4610 1536 4648; x_wconf 91' lang='lat' dir='ltr'><strong>non</strong></span> <span class='ocrx_word' id='word_1_739' title='bbox 1557 4599 1804 4662; x_wconf 83' lang='lat' dir='ltr'><strong>possunt,</strong></span> 
     </span>
    </p>
   </div>
   <div class='ocr_carea' id='block_1_81' title="bbox 212 4684 1804 4776">
    <p class='ocr_par' dir='ltr' id='par_1_81' title="bbox 212 4684 1804 4776">
     <span class='ocr_line' id='line_1_81' title="bbox 212 4684 1804 4776; baseline -0.016 -15"><span class='ocrx_word' id='word_1_740' title='bbox 212 4705 474 4776; x_wconf 89' lang='lat' dir='ltr'><strong>quoniam</strong></span> <span class='ocrx_word' id='word_1_741' title='bbox 509 4700 582 4756; x_wconf 90' lang='lat' dir='ltr'><strong>illi</strong></span> <span class='ocrx_word' id='word_1_742' title='bbox 609 4706 735 4756; x_wconf 88' lang='lat' dir='ltr'><strong>sunt</strong></span> <span class='ocrx_word' id='word_1_743' title='bbox 774 4697 985 4750; x_wconf 84' lang='lat' dir='ltr'><strong>actione</strong></span> <span class='ocrx_word' id='word_1_744' title='bbox 1023 4689 1342 4746; x_wconf 89' lang='lat' dir='ltr'><strong>dissimiles.</strong></span> <span class='ocrx_word' id='word_1_745' title='bbox 1382 4685 1567 4750; x_wconf 83' lang='lat' dir='ltr'><strong>Vides,</strong></span> <span class='ocrx_word' id='word_1_746' title='bbox 1615 4684 1804 4748; x_wconf 78' lang='lat' dir='ltr'><strong>frater,</strong></span> 
     </span>
    </p>
   </div>
   <div class='ocr_carea' id='block_1_82' title="bbox 213 4777 1802 4871">
    <p class='ocr_par' dir='ltr' id='par_1_82' title="bbox 213 4777 1802 4871">
     <span class='ocr_line' id='line_1_82' title="bbox 213 4777 1802 4871; baseline -0.015 -17"><span class='ocrx_word' id='word_1_747' title='bbox 213 4796 492 4871; x_wconf 87' lang='lat' dir='ltr'><strong>quomodo</strong></span> <span class='ocrx_word' id='word_1_748' title='bbox 516 4793 644 4848; x_wconf 90' lang='lat' dir='ltr'><strong>velit</strong></span> <span class='ocrx_word' id='word_1_749' title='bbox 671 4790 942 4845; x_wconf 87' lang='lat' dir='ltr'><strong>hominem</strong></span> <span class='ocrx_word' id='word_1_750' title='bbox 961 4785 1064 4842; x_wconf 83' lang='lat' dir='ltr'><strong>sibi</strong></span> <span class='ocrx_word' id='word_1_751' title='bbox 1099 4798 1220 4841; x_wconf 83' lang='lat' dir='ltr'><strong>esse</strong></span> <span class='ocrx_word' id='word_1_752' title='bbox 1249 4781 1505 4848; x_wconf 89' lang='lat' dir='ltr'><strong>similem,</strong></span> <span class='ocrx_word' id='word_1_753' title='bbox 1543 4785 1601 4833; x_wconf 87' lang='lat' dir='ltr'><strong>ut</strong></span> <span class='ocrx_word' id='word_1_754' title='bbox 1621 4777 1802 4834; x_wconf 89' lang='lat' dir='ltr'><strong>anima</strong></span> 
     </span>
    </p>
   </div>
   <div class='ocr_carea' id='block_1_83' title="bbox 214 4868 1803 4964">
    <p class='ocr_par' dir='ltr' id='par_1_83' title="bbox 214 4868 1803 4964">
     <span class='ocr_line' id='line_1_83' title="bbox 214 4868 1803 4964; baseline -0.014 -16"><span class='ocrx_word' id='word_1_755' title='bbox 214 4868 336 4964; x_wconf 71' lang='lat' dir='ltr'><strong>ejus</strong></span> <span class='ocrx_word' id='word_1_756' title='bbox 363 4889 434 4946; x_wconf 89' lang='lat' dir='ltr'><strong>sit</strong></span> <span class='ocrx_word' id='word_1_757' title='bbox 467 4901 666 4959; x_wconf 86' lang='lat' dir='ltr'><strong>sponsa</strong></span> <span class='ocrx_word' id='word_1_758' title='bbox 701 4882 892 4954; x_wconf 89' lang='lat' dir='ltr'><strong>ipsius.</strong></span> <span class='ocrx_word' id='word_1_759' title='bbox 936 4878 1014 4935; x_wconf 84' lang='lat' dir='ltr'><strong>Ex</strong></span> <span class='ocrx_word' id='word_1_760' title='bbox 1049 4877 1284 4948; x_wconf 87' lang='lat' dir='ltr'><strong>propriis</strong></span> <span class='ocrx_word' id='word_1_761' title='bbox 1306 4874 1468 4946; x_wconf 88' lang='lat' dir='ltr'><strong>igitur</strong></span> <span class='ocrx_word' id='word_1_762' title='bbox 1498 4868 1803 4927; x_wconf 87' lang='lat' dir='ltr'><strong>actionibus</strong></span> 
     </span>
    </p>
   </div>
   <div class='ocr_carea' id='block_1_84' title="bbox 215 4963 1798 5058">
    <p class='ocr_par' dir='ltr' id='par_1_84' title="bbox 215 4963 1798 5058">
     <span class='ocr_line' id='line_1_84' title="bbox 215 4963 1798 5058; baseline -0.015 -16"><span class='ocrx_word' id='word_1_763' title='bbox 215 4963 463 5058; x_wconf 76' lang='lat' dir='ltr'><strong>agnoscit</strong></span> <span class='ocrx_word' id='word_1_764' title='bbox 502 4981 682 5036; x_wconf 88' lang='lat' dir='ltr'><strong>anima</strong></span> <span class='ocrx_word' id='word_1_765' title='bbox 719 4973 1058 5046; x_wconf 83' lang='lat' dir='ltr'><strong>cognitiones</strong></span> <span class='ocrx_word' id='word_1_766' title='bbox 1087 4967 1197 5041; x_wconf 73' lang='lat'><strong>(20)</strong></span> <span class='ocrx_word' id='word_1_767' title='bbox 1231 4981 1391 5033; x_wconf 89' lang='lat' dir='ltr'><strong>suas;</strong></span> <span class='ocrx_word' id='word_1_768' title='bbox 1419 4979 1545 5018; x_wconf 87' lang='lat' dir='ltr'><strong>nam</strong></span> <span class='ocrx_word' id='word_1_769' title='bbox 1575 4963 1620 5017; x_wconf 90' lang='lat' dir='ltr'><strong>si</strong></span> <span class='ocrx_word' id='word_1_770' title='bbox 1652 4969 1798 5018; x_wconf 89' lang='lat' dir='ltr'><strong>recte</strong></span> 
     </span>
    </p>
   </div>
   <div class='ocr_carea' id='block_1_85' title="bbox 215 5055 1800 5150">
    <p class='ocr_par' dir='ltr' id='par_1_85' title="bbox 215 5055 1800 5150">
     <span class='ocr_line' id='line_1_85' title="bbox 215 5055 1800 5150; baseline -0.017 -15"><span class='ocrx_word' id='word_1_771' title='bbox 215 5055 349 5150; x_wconf 77' lang='lat' dir='ltr'><strong>agit,</strong></span> <span class='ocrx_word' id='word_1_772' title='bbox 377 5075 612 5146; x_wconf 88' lang='lat' dir='ltr'><strong>Spiritus</strong></span> <span class='ocrx_word' id='word_1_773' title='bbox 658 5078 880 5126; x_wconf 89' lang='lat' dir='ltr'><strong>sanctus</strong></span> <span class='ocrx_word' id='word_1_774' title='bbox 914 5064 1124 5120; x_wconf 84' lang='lat' dir='ltr'><strong>habitat</strong></span> <span class='ocrx_word' id='word_1_775' title='bbox 1149 5063 1203 5116; x_wconf 90' lang='lat' dir='ltr'><strong>in</strong></span> <span class='ocrx_word' id='word_1_776' title='bbox 1236 5075 1320 5114; x_wconf 89' lang='lat' dir='ltr'><strong>ea.</strong></span> <span class='ocrx_word' id='word_1_777' title='bbox 1360 5057 1614 5113; x_wconf 87' lang='lat' dir='ltr'><strong>Actiones</strong></span> <span class='ocrx_word' id='word_1_778' title='bbox 1647 5055 1800 5109; x_wconf 77' lang='lat' dir='ltr'><strong>bona:</strong></span> 
     </span>
    </p>
   </div>
   <div class='ocr_carea' id='block_1_86' title="bbox 222 5147 1798 5228">
    <p class='ocr_par' dir='ltr' id='par_1_86' title="bbox 222 5147 1798 5228">
     <span class='ocr_line' id='line_1_86' title="bbox 222 5147 1798 5228; baseline -0.016 -2"><span class='ocrx_word' id='word_1_779' title='bbox 222 5147 456 5226; x_wconf 76' lang='lat' dir='ltr'><strong>reddunt</strong></span> <span class='ocrx_word' id='word_1_780' title='bbox 533 5165 770 5219; x_wconf 90' lang='lat' dir='ltr'><strong>animam</strong></span> <span class='ocrx_word' id='word_1_781' title='bbox 853 5175 883 5212; x_wconf 91' lang='lat' dir='ltr'><strong>a</strong></span> <span class='ocrx_word' id='word_1_782' title='bbox 951 5151 1456 5228; x_wconf 87' lang='lat' dir='ltr'><strong>perturbationibus</strong></span> <span class='ocrx_word' id='word_1_783' title='bbox 1549 5147 1798 5201; x_wconf 87' lang='lat' dir='ltr'><strong>liberam.</strong></span> 
     </span>
    </p>
   </div>
   <div class='ocr_carea' id='block_1_87' title="bbox 217 5239 1802 5324">
    <p class='ocr_par' dir='ltr' id='par_1_87' title="bbox 217 5239 1802 5324">
     <span class='ocr_line' id='line_1_87' title="bbox 217 5239 1802 5324; baseline -0.016 -10"><span class='ocrx_word' id='word_1_784' title='bbox 217 5256 391 5314; x_wconf 86' lang='lat' dir='ltr'><strong>Porro</strong></span> <span class='ocrx_word' id='word_1_785' title='bbox 432 5253 550 5311; x_wconf 89' lang='lat' dir='ltr'><strong>fieri</strong></span> <span class='ocrx_word' id='word_1_786' title='bbox 581 5269 685 5308; x_wconf 91' lang='lat' dir='ltr'><strong>non</strong></span> <span class='ocrx_word' id='word_1_787' title='bbox 721 5259 900 5324; x_wconf 90' lang='lat' dir='ltr'><strong>potest</strong></span> <span class='ocrx_word' id='word_1_788' title='bbox 945 5257 1004 5302; x_wconf 92' lang='lat' dir='ltr'><strong>ut</strong></span> <span class='ocrx_word' id='word_1_789' title='bbox 1041 5245 1093 5299; x_wconf 90' lang='lat' dir='ltr'><strong>in</strong></span> <span class='ocrx_word' id='word_1_790' title='bbox 1137 5257 1199 5298; x_wconf 89' lang='lat' dir='ltr'><strong>ea</strong></span> <span class='ocrx_word' id='word_1_791' title='bbox 1234 5257 1355 5312; x_wconf 61' lang='lat' dir='ltr'><strong>quae</strong></span> <span class='ocrx_word' id='word_1_792' title='bbox 1385 5239 1506 5294; x_wconf 89' lang='lat' dir='ltr'><strong>talis</strong></span> <span class='ocrx_word' id='word_1_793' title='bbox 1537 5245 1658 5303; x_wconf 89' lang='lat' dir='ltr'><strong>est,</strong></span> <span class='ocrx_word' id='word_1_794' title='bbox 1698 5251 1802 5290; x_wconf 91' lang='lat' dir='ltr'><strong>non</strong></span> 
     </span>
    </p>
   </div>
   <div class='ocr_carea' id='block_1_88' title="bbox 1909 4478 3492 4565">
    <p class='ocr_par' dir='ltr' id='par_1_88' title="bbox 1909 4478 3492 4565">
     <span class='ocr_line' id='line_1_88' title="bbox 1909 4478 3492 4565; baseline -0.009 -16"><span class='ocrx_word' id='word_1_795' title='bbox 1909 4507 2173 4565; x_wconf 88' lang='lat' dir='ltr'><strong>ponamus</strong></span> <span class='ocrx_word' id='word_1_796' title='bbox 2221 4505 2388 4544; x_wconf 80' lang='lat' dir='ltr'><strong>onera</strong></span> <span class='ocrx_word' id='word_1_797' title='bbox 2440 4497 2820 4558; x_wconf 90' lang='lat' dir='ltr'><strong>peccatorum,</strong></span> <span class='ocrx_word' id='word_1_798' title='bbox 2871 4495 3245 4552; x_wconf 83' lang='lat' dir='ltr'><strong>exuamusque</strong></span> <span class='ocrx_word' id='word_1_799' title='bbox 3282 4494 3382 4536; x_wconf 64' lang='grc' dir='ltr'><strong>ηοξ</strong></span> <span class='ocrx_word' id='word_1_800' title='bbox 3420 4478 3492 4535; x_wconf 84' lang='lat' dir='ltr'><strong>ab</strong></span> 
     </span>
    </p>
   </div>
   <div class='ocr_carea' id='block_1_89' title="bbox 1905 4577 3488 4646">
    <p class='ocr_par' dir='ltr' id='par_1_89' title="bbox 1905 4577 3488 4646">
     <span class='ocr_line' id='line_1_89' title="bbox 1905 4577 3488 4646; baseline -0.009 -4"><span class='ocrx_word' id='word_1_801' title='bbox 1905 4585 2052 4642; x_wconf 90' lang='lat' dir='ltr'><strong>omni</strong></span> <span class='ocrx_word' id='word_1_802' title='bbox 2077 4582 2468 4646; x_wconf 87' lang='lat' dir='ltr'><strong>sollicitudine,</strong></span> <span class='ocrx_word' id='word_1_803' title='bbox 2495 4595 2559 4634; x_wconf 89' lang='lat' dir='ltr'><strong>ex</strong></span> <span class='ocrx_word' id='word_1_804' title='bbox 2581 4581 2685 4637; x_wconf 86' lang='lat' dir='ltr'><strong>hac</strong></span> <span class='ocrx_word' id='word_1_805' title='bbox 2709 4577 3012 4634; x_wconf 89' lang='lat' dir='ltr'><strong>turbulenta</strong></span> <span class='ocrx_word' id='word_1_806' title='bbox 3042 4581 3360 4643; x_wconf 86' lang='lat' dir='ltr'><strong>tempestate</strong></span> <span class='ocrx_word' id='word_1_807' title='bbox 3382 4588 3488 4629; x_wconf 92' lang='lat' dir='ltr'><strong>non</strong></span> 
     </span>
    </p>
   </div>
   <div class='ocr_carea' id='block_1_90' title="bbox 1903 4667 3492 4754">
    <p class='ocr_par' dir='ltr' id='par_1_90' title="bbox 1903 4667 3492 4754">
     <span class='ocr_line' id='line_1_90' title="bbox 1903 4667 3492 4754; baseline -0.009 -19"><span class='ocrx_word' id='word_1_808' title='bbox 1903 4693 2191 4754; x_wconf 89' lang='lat' dir='ltr'><strong>possumus</strong></span> <span class='ocrx_word' id='word_1_809' title='bbox 2223 4675 2478 4731; x_wconf 86' lang='lat' dir='ltr'><strong>evadere.</strong></span> <span class='ocrx_word' id='word_1_810' title='bbox 2509 4673 2720 4745; x_wconf 79' lang='lat' dir='ltr'><strong>Moyses</strong></span> <span class='ocrx_word' id='word_1_811' title='bbox 2756 4688 2861 4729; x_wconf 91' lang='lat' dir='ltr'><strong>non</strong></span> <span class='ocrx_word' id='word_1_812' title='bbox 2891 4670 3042 4740; x_wconf 90' lang='lat' dir='ltr'><strong>prius</strong></span> <span class='ocrx_word' id='word_1_813' title='bbox 3085 4668 3288 4725; x_wconf 89' lang='lat' dir='ltr'><strong>cecinit</strong></span> <span class='ocrx_word' id='word_1_814' title='bbox 3313 4667 3492 4724; x_wconf 86' lang='lat' dir='ltr'><strong>canti-</strong></span> 
     </span>
    </p>
   </div>
   <div class='ocr_carea' id='block_1_91' title="bbox 1901 4760 3487 4843">
    <p class='ocr_par' dir='ltr' id='par_1_91' title="bbox 1901 4760 3487 4843">
     <span class='ocr_line' id='line_1_91' title="bbox 1901 4760 3487 4843; baseline -0.011 -13"><span class='ocrx_word' id='word_1_815' title='bbox 1901 4790 2022 4830; x_wconf 90' lang='lat' dir='ltr'><strong>cum</strong></span> <span class='ocrx_word' id='word_1_816' title='bbox 2068 4771 2325 4838; x_wconf 90' lang='lat' dir='ltr'><strong>Domino,</strong></span> <span class='ocrx_word' id='word_1_817' title='bbox 2375 4784 2539 4840; x_wconf 87' lang='lat' dir='ltr'><strong>quam</strong></span> <span class='ocrx_word' id='word_1_818' title='bbox 2570 4782 2719 4821; x_wconf 88' lang='lat' dir='ltr'><strong>mare</strong></span> <span class='ocrx_word' id='word_1_819' title='bbox 2755 4764 3099 4843; x_wconf 76' lang='lat' dir='ltr'><strong>traiecisset,</strong></span> <span class='ocrx_word' id='word_1_820' title='bbox 3154 4760 3487 4828; x_wconf 85' lang='lat' dir='ltr'><strong>vidissetque</strong></span> 
     </span>
    </p>
   </div>
   <div class='ocr_carea' id='block_1_92' title="bbox 1901 4852 3492 4933">
    <p class='ocr_par' dir='ltr' id='par_1_92' title="bbox 1901 4852 3492 4933">
     <span class='ocr_line' id='line_1_92' title="bbox 1901 4852 3492 4933; baseline -0.01 -11"><span class='ocrx_word' id='word_1_821' title='bbox 1901 4874 2129 4923; x_wconf 90' lang='lat' dir='ltr'><strong>mortem</strong></span> <span class='ocrx_word' id='word_1_822' title='bbox 2162 4879 2350 4920; x_wconf 88' lang='lat' dir='ltr'><strong>eorum</strong></span> <span class='ocrx_word' id='word_1_823' title='bbox 2377 4863 2469 4933; x_wconf 91' lang='lat' dir='ltr'><strong>qui</strong></span> <span class='ocrx_word' id='word_1_824' title='bbox 2517 4861 2772 4916; x_wconf 87' lang='lat' dir='ltr'><strong>volebant</strong></span> <span class='ocrx_word' id='word_1_825' title='bbox 2821 4857 2912 4912; x_wconf 89' lang='lat' dir='ltr'><strong>Dei</strong></span> <span class='ocrx_word' id='word_1_826' title='bbox 2946 4853 3199 4926; x_wconf 87' lang='lat' dir='ltr'><strong>populum</strong></span> <span class='ocrx_word' id='word_1_827' title='bbox 3228 4853 3282 4907; x_wconf 88' lang='lat' dir='ltr'><strong>in</strong></span> <span class='ocrx_word' id='word_1_828' title='bbox 3317 4852 3492 4908; x_wconf 85' lang='lat' dir='ltr'><strong>servi-</strong></span> 
     </span>
    </p>
   </div>
   <div class='ocr_carea' id='block_1_93' title="bbox 1907 4941 3490 5014">
    <p class='ocr_par' dir='ltr' id='par_1_93' title="bbox 1907 4941 3490 5014">
     <span class='ocr_line' id='line_1_93' title="bbox 1907 4941 3490 5014; baseline -0.011 0"><span class='ocrx_word' id='word_1_829' title='bbox 1907 4967 2019 5014; x_wconf 90' lang='lat' dir='ltr'><strong>tute</strong></span> <span class='ocrx_word' id='word_1_830' title='bbox 2043 4957 2316 5013; x_wconf 85' lang='lat' dir='ltr'><strong>detinerel</strong></span> <span class='ocrx_word' id='word_1_831' title='bbox 2358 4953 2510 5010; x_wconf 90' lang='lat' dir='ltr'><strong>Tunc</strong></span> <span class='ocrx_word' id='word_1_832' title='bbox 2537 4953 2751 5008; x_wconf 90' lang='lat' dir='ltr'><strong>demum</strong></span> <span class='ocrx_word' id='word_1_833' title='bbox 2778 4948 2912 5004; x_wconf 82' lang='lat' dir='ltr'><strong>dixit</strong></span> <span class='ocrx_word' id='word_1_834' title='bbox 2943 4961 2958 4999; x_wconf 91' lang='lat'><strong>:</strong></span> <span class='ocrx_word' id='word_1_835' title='bbox 2990 4944 3272 5001; x_wconf 85' lang='lat' dir='ltr'><strong>Cantemus</strong></span> <span class='ocrx_word' id='word_1_836' title='bbox 3297 4941 3456 4997; x_wconf 86' lang='lat' dir='ltr'><strong>Domi</strong></span> <span class='ocrx_word' id='word_1_837' title='bbox 3468 4969 3490 4984; x_wconf 83' lang='lat'><strong>-</strong></span> 
     </span>
    </p>
   </div>
   <div class='ocr_carea' id='block_1_94' title="bbox 1908 5043 3492 5120">
    <p class='ocr_par' dir='ltr' id='par_1_94' title="bbox 1908 5043 3492 5120">
     <span class='ocr_line' id='line_1_94' title="bbox 1908 5043 3492 5120; baseline -0.01 -15"><span class='ocrx_word' id='word_1_838' title='bbox 1908 5067 1974 5105; x_wconf 88' lang='lat' dir='ltr'><strong>no</strong></span> <span class='ocrx_word' id='word_1_839' title='bbox 1998 5064 2017 5104; x_wconf 89' lang='lat'><strong><em>:</em></strong></span> <span class='ocrx_word' id='word_1_840' title='bbox 2045 5049 2270 5120; x_wconf 88' lang='lat' dir='ltr'><strong>gloriose</strong></span> <span class='ocrx_word' id='word_1_841' title='bbox 2289 5047 2427 5103; x_wconf 90' lang='lat' dir='ltr'><strong>enim</strong></span> <span class='ocrx_word' id='word_1_842' title='bbox 2450 5043 2819 5115; x_wconf 81' lang='lat' dir='ltr'><strong>magniﬁcatus</strong></span> <span class='ocrx_word' id='word_1_843' title='bbox 2849 5049 2962 5104; x_wconf 89' lang='lat' dir='ltr'><strong>est;</strong></span> <span class='ocrx_word' id='word_1_844' title='bbox 2987 5053 3177 5109; x_wconf 86' lang='lat' dir='ltr'><strong>equum</strong></span> <span class='ocrx_word' id='word_1_845' title='bbox 3209 5043 3260 5091; x_wconf 86' lang='lat' dir='ltr'><strong>et</strong></span> <span class='ocrx_word' id='word_1_846' title='bbox 3301 5049 3492 5090; x_wconf 84' lang='lat' dir='ltr'><strong>ascen-</strong></span> 
     </span>
    </p>
   </div>
   <div class='ocr_carea' id='block_1_95' title="bbox 1908 5133 2678 5210">
    <p class='ocr_par' dir='ltr' id='par_1_95' title="bbox 1908 5133 2678 5210">
     <span class='ocr_line' id='line_1_95' title="bbox 1908 5133 2678 5210; baseline -0.01 -14"><span class='ocrx_word' id='word_1_847' title='bbox 1908 5157 2077 5197; x_wconf 89' lang='lat' dir='ltr'><strong>sorem</strong></span> <span class='ocrx_word' id='word_1_848' title='bbox 2109 5139 2328 5210; x_wconf 84' lang='lat' dir='ltr'><strong>projecit</strong></span> <span class='ocrx_word' id='word_1_849' title='bbox 2365 5138 2419 5192; x_wconf 88' lang='lat' dir='ltr'><strong>in</strong></span> <span class='ocrx_word' id='word_1_850' title='bbox 2443 5151 2588 5190; x_wconf 86' lang='lat' dir='ltr'><strong>mare</strong></span> <span class='ocrx_word' id='word_1_851' title='bbox 2609 5133 2678 5188; x_wconf 73' lang='lat'><strong>“.</strong></span> 
     </span>
    </p>
   </div>
   <div class='ocr_carea' id='block_1_96' title="bbox 1983 5220 3492 5300">
    <p class='ocr_par' dir='ltr' id='par_1_96' title="bbox 1983 5220 3492 5300">
     <span class='ocr_line' id='line_1_96' title="bbox 1983 5220 3492 5300; baseline -0.01 -10"><span class='ocrx_word' id='word_1_852' title='bbox 1983 5232 2150 5290; x_wconf 75' lang='lat' dir='ltr'><strong>XXV.</strong></span> <span class='ocrx_word' id='word_1_853' title='bbox 2182 5232 2241 5289; x_wconf 90' lang='lat' dir='ltr'><strong>Si</strong></span> <span class='ocrx_word' id='word_1_854' title='bbox 2269 5247 2423 5288; x_wconf 88' lang='lat' dir='ltr'><strong>mens</strong></span> <span class='ocrx_word' id='word_1_855' title='bbox 2453 5230 2618 5300; x_wconf 85' lang='lat' dir='ltr'><strong>igitur</strong></span> <span class='ocrx_word' id='word_1_856' title='bbox 2649 5227 2845 5283; x_wconf 70' lang='lat' dir='ltr'><strong>animae</strong></span> <span class='ocrx_word' id='word_1_857' title='bbox 2873 5238 3070 5282; x_wconf 87' lang='lat' dir='ltr'><strong>sensus</strong></span> <span class='ocrx_word' id='word_1_858' title='bbox 3103 5236 3136 5278; x_wconf 83' lang='lat' dir='ltr'><strong>a</strong></span> <span class='ocrx_word' id='word_1_859' title='bbox 3169 5220 3354 5279; x_wconf 87' lang='lat' dir='ltr'><strong>carnis</strong></span> <span class='ocrx_word' id='word_1_860' title='bbox 3397 5233 3492 5275; x_wconf 77' lang='lat' dir='ltr'><strong>vo-</strong></span> 
     </span>
    </p>
   </div>
   <div class='ocr_carea' id='block_1_97' title="bbox 291 5376 3487 5472">
    <p class='ocr_par' dir='ltr' id='par_1_97' title="bbox 291 5376 3487 5472">
     <span class='ocr_line' id='line_1_97' title="bbox 291 5376 3487 5472; baseline -0.011 -7"><span class='ocrx_word' id='word_1_861' title='bbox 291 5412 338 5444; x_wconf 79' lang='lat'>”</span> <span class='ocrx_word' id='word_1_862' title='bbox 364 5407 525 5466; x_wconf 84' lang='lat' dir='ltr'><strong>Joan.</strong></span> <span class='ocrx_word' id='word_1_863' title='bbox 555 5422 644 5472; x_wconf 88' lang='lat' dir='ltr'><strong>xv,</strong></span> <span class='ocrx_word' id='word_1_864' title='bbox 684 5406 770 5462; x_wconf 83' lang='lat' dir='ltr'><strong>l9.</strong></span> <span class='ocrx_word' id='word_1_865' title='bbox 845 5404 894 5438; x_wconf 79' lang='lat'><strong>&quot;</strong></span> <span class='ocrx_word' id='word_1_866' title='bbox 917 5401 1115 5472; x_wconf 84' lang='lat' dir='ltr'><strong>Ephes.</strong></span> <span class='ocrx_word' id='word_1_867' title='bbox 1141 5397 1326 5472; x_wconf 74' lang='lat' dir='ltr'><strong>_v,_3-I_,</strong></span> <span class='ocrx_word' id='word_1_868' title='bbox 1359 5394 1450 5450; x_wconf 74' lang='lat'><strong>&#39;52.</strong></span> <span class='ocrx_word' id='word_1_869' title='bbox 1524 5395 1575 5472; x_wconf 58' lang='grc' dir='ltr'><strong>’ζ</strong></span> <span class='ocrx_word' id='word_1_870' title='bbox 1588 5390 1976 5472; x_wconf 57' lang='lat' dir='ltr'><strong>Ephe§._ttt,6.</strong></span> <span class='ocrx_word' id='word_1_871' title='bbox 2043 5389 2089 5422; x_wconf 79' lang='lat'><strong>&quot;</strong></span> <span class='ocrx_word' id='word_1_872' title='bbox 2116 5388 2386 5472; x_wconf 39' lang='lat' dir='ltr'><strong>Mam-nx,</strong></span> <span class='ocrx_word' id='word_1_873' title='bbox 2588 5386 2676 5472; x_wconf 56' lang='lat' dir='ltr'><strong>&quot;nl</strong></span> <span class='ocrx_word' id='word_1_874' title='bbox 2711 5384 2851 5472; x_wconf 75' lang='lat' dir='ltr'><strong>Cor.</strong></span> <span class='ocrx_word' id='word_1_875' title='bbox 2875 5399 2962 5472; x_wconf 48' lang='grc' dir='ltr'>ιι...</span> <span class='ocrx_word' id='word_1_876' title='bbox 2981 5380 3070 5448; x_wconf 85' lang='lat' dir='ltr'><strong>IO,</strong></span> <span class='ocrx_word' id='word_1_877' title='bbox 3094 5378 3321 5472; x_wconf 46' lang='lat' dir='ltr'><strong>Abh“:</strong></span> <span class='ocrx_word' id='word_1_878' title='bbox 3347 5376 3487 5472; x_wconf 59' lang='lat' dir='ltr'><strong>an.</strong></span> 
     </span>
    </p>
   </div>
   <div class='ocr_carea' id='block_1_98' title="bbox 222 5483 1597 5618">
    <p class='ocr_par' dir='ltr' id='par_1_98' title="bbox 222 5483 1597 5618">
     <span class='ocr_line' id='line_1_98' title="bbox 222 5483 1597 5552; baseline -0.017 -10"><span class='ocrx_word' id='word_1_879' title='bbox 222 5501 285 5552; x_wconf 87' lang='lat' dir='ltr'><strong>tt,</strong></span> <span class='ocrx_word' id='word_1_880' title='bbox 320 5483 507 5539; x_wconf 64' lang='lat'><strong>19-21.</strong></span> <span class='ocrx_word' id='word_1_881' title='bbox 606 5483 651 5512; x_wconf 85' lang='grc'><strong>³⁸</strong></span> <span class='ocrx_word' id='word_1_882' title='bbox 684 5483 840 5532; x_wconf 68' lang='grc' dir='ltr'>ιιοιιι.</span> <span class='ocrx_word' id='word_1_883' title='bbox 870 5491 967 5531; x_wconf 89' lang='lat' dir='ltr'><strong>xu.</strong></span> <span class='ocrx_word' id='word_1_884' title='bbox 1008 5483 1062 5527; x_wconf 88' lang='grc'><strong>5.</strong></span> <span class='ocrx_word' id='word_1_885' title='bbox 1138 5483 1182 5500; x_wconf 82' lang='grc'><strong><em>⁸³</em></strong></span> <span class='ocrx_word' id='word_1_886' title='bbox 1217 5483 1412 5536; x_wconf 73' lang='lat' dir='ltr'><strong>npnes.</strong></span> <span class='ocrx_word' id='word_1_887' title='bbox 1444 5483 1497 5530; x_wconf 90' lang='lat' dir='ltr'><strong>v,</strong></span> <span class='ocrx_word' id='word_1_888' title='bbox 1547 5483 1597 5518; x_wconf 80' lang='lat' dir='ltr'><strong>ot</strong></span> 
     </span>
     <span class='ocr_line' id='line_1_99' title="bbox 229 5535 1597 5618; baseline -0.016 -8"><span class='ocrx_word' id='word_1_889' title='bbox 229 5559 279 5618; x_wconf 88' lang='lat' dir='ltr'><strong>I,</strong></span> <span class='ocrx_word' id='word_1_890' title='bbox 310 5553 400 5608; x_wconf 73' lang='lat' dir='ltr'><strong>l2.</strong></span> <span class='ocrx_word' id='word_1_891' title='bbox 493 5551 542 5584; x_wconf 82' lang='grc'>⁸⁸</span> <span class='ocrx_word' id='word_1_892' title='bbox 571 5547 764 5605; x_wconf 73' lang='lat' dir='ltr'><strong>Matth.</strong></span> <span class='ocrx_word' id='word_1_893' title='bbox 789 5561 886 5618; x_wconf 83' lang='lat' dir='ltr'><strong>xttt</strong></span> <span class='ocrx_word' id='word_1_894' title='bbox 909 5585 926 5610; x_wconf 94' lang='lat'><strong>,</strong></span> <span class='ocrx_word' id='word_1_895' title='bbox 963 5543 1057 5618; x_wconf 54' lang='lat' dir='ltr'><strong>b7.</strong></span> <span class='ocrx_word' id='word_1_896' title='bbox 1101 5540 1207 5618; x_wconf 76' lang='lat'><strong>__&quot;</strong></span> <span class='ocrx_word' id='word_1_897' title='bbox 1237 5539 1382 5618; x_wconf 69' lang='lat' dir='ltr'><strong>ibid.</strong></span> <span class='ocrx_word' id='word_1_898' title='bbox 1408 5537 1480 5591; x_wconf 72' lang='lat'><strong>25</strong></span> 
     </span>
    </p>
   </div>
   <div class='ocr_carea' id='block_1_99' title="bbox 223 5604 1704 5686">
    <p class='ocr_par' dir='ltr' id='par_1_99' title="bbox 223 5604 1704 5686">
     <span class='ocr_line' id='line_1_100' title="bbox 223 5604 1704 5686; baseline -0.014 -6"><span class='ocrx_word' id='word_1_899' title='bbox 223 5604 493 5680; x_wconf 64' lang='grc' dir='ltr'>δι’ἱιῖιὶιιι.</span> <span class='ocrx_word' id='word_1_900' title='bbox 534 5604 662 5686; x_wconf 76' lang='lat' dir='ltr'><strong>xxv,</strong></span> <span class='ocrx_word' id='word_1_901' title='bbox 689 5618 782 5685; x_wconf 75' lang='lat' dir='ltr'><strong>at,</strong></span> <span class='ocrx_word' id='word_1_902' title='bbox 821 5604 924 5672; x_wconf 78' lang='lat'><strong>23.‘</strong></span> <span class='ocrx_word' id='word_1_903' title='bbox 1015 5614 1060 5646; x_wconf 71' lang='grc' dir='ltr'><strong>ιι</strong></span> <span class='ocrx_word' id='word_1_904' title='bbox 1100 5609 1292 5667; x_wconf 78' lang='lat' dir='ltr'><strong>Matth.</strong></span> <span class='ocrx_word' id='word_1_905' title='bbox 1347 5623 1483 5674; x_wconf 82' lang='lat' dir='ltr'><strong>xxtt,</strong></span> <span class='ocrx_word' id='word_1_906' title='bbox 1515 5604 1704 5662; x_wconf 77' lang='lat' dir='ltr'><strong>tt-ts.</strong></span> 
     </span>
    </p>
   </div>
   <div class='ocr_carea' id='block_1_100' title="bbox 299 5735 1406 5823">
    <p class='ocr_par' dir='ltr' id='par_1_100' title="bbox 299 5735 1406 5823">
     <span class='ocr_line' id='line_1_101' title="bbox 299 5735 1406 5823; baseline -0.017 -16"><span class='ocrx_word' id='word_1_907' title='bbox 299 5747 416 5823; x_wconf 75' lang='grc' dir='ltr'><strong>(ἳο)</strong></span> <span class='ocrx_word' id='word_1_908' title='bbox 451 5743 811 5820; x_wconf 78' lang='lat' dir='ltr'><strong>Cognitiones.</strong></span> <span class='ocrx_word' id='word_1_909' title='bbox 841 5739 1002 5797; x_wconf 79' lang='lat' dir='ltr'><strong>Forte</strong></span> <span class='ocrx_word' id='word_1_910' title='bbox 1031 5735 1406 5811; x_wconf 85' lang='lat' dir='ltr'><strong>cogitationes.</strong></span> 
     </span>
    </p>
   </div>
   <div class='ocr_carea' id='block_1_101' title="bbox 606 5460 2339 5586">
    <p class='ocr_par' dir='ltr' id='par_1_101' title="bbox 606 5460 2339 5586">
     <span class='ocr_line' id='line_1_102' title="bbox 606 5460 2339 5549; baseline -0.01 -17"><span class='ocrx_word' id='word_1_911' title='bbox 606 5460 651 5512; x_wconf 62' lang='grc' dir='ltr'><strong>³ἶ</strong></span> <span class='ocrx_word' id='word_1_912' title='bbox 684 5460 840 5532; x_wconf 71' lang='lat' dir='ltr'><strong>llum.</strong></span> <span class='ocrx_word' id='word_1_913' title='bbox 870 5460 974 5531; x_wconf 75' lang='grc' dir='ltr'><strong>ιιι.⁸</strong></span> <span class='ocrx_word' id='word_1_914' title='bbox 1008 5472 1062 5527; x_wconf 86' lang='grc'><strong>5.</strong></span> <span class='ocrx_word' id='word_1_915' title='bbox 1138 5460 1412 5549; x_wconf 50' lang='lat' dir='ltr'><strong>“Ephesi.</strong></span> <span class='ocrx_word' id='word_1_916' title='bbox 1444 5480 1497 5530; x_wconf 91' lang='lat' dir='ltr'><strong>v,</strong></span> <span class='ocrx_word' id='word_1_917' title='bbox 1545 5460 1655 5518; x_wconf 53' lang='lat' dir='ltr'><strong>30f</strong></span> <span class='ocrx_word' id='word_1_918' title='bbox 1712 5462 1758 5494; x_wconf 87' lang='grc'>³³</span> <span class='ocrx_word' id='word_1_919' title='bbox 1796 5460 1953 5515; x_wconf 82' lang='lat' dir='ltr'><strong>Joan.</strong></span> <span class='ocrx_word' id='word_1_920' title='bbox 1988 5476 2101 5527; x_wconf 80' lang='lat' dir='ltr'><strong>xiv,</strong></span> <span class='ocrx_word' id='word_1_921' title='bbox 2157 5460 2339 5515; x_wconf 82' lang='lat' dir='ltr'><strong>I5—l7.</strong></span> 
     </span>
     <span class='ocr_line' id='line_1_103' title="bbox 606 5529 2320 5586; baseline 0 0"><span class='ocrx_word' id='word_1_922' title='bbox 606 5547 738 5586; x_wconf 67' lang='lat' dir='ltr'><strong>Inllh</strong></span> <span class='ocrx_word' id='word_1_923' title='bbox 789 5561 919 5586; x_wconf 65' lang='lat' dir='ltr'><strong>nn,</strong></span> <span class='ocrx_word' id='word_1_924' title='bbox 963 5543 1052 5586; x_wconf 70' lang='lat' dir='ltr'><strong>A7-</strong></span> <span class='ocrx_word' id='word_1_925' title='bbox 1163 5540 1207 5572; x_wconf 83' lang='grc'><strong>³⁷</strong></span> <span class='ocrx_word' id='word_1_926' title='bbox 1252 5537 1480 5586; x_wconf 73' lang='grc' dir='ltr'>ιιιιιι.25</span> <span class='ocrx_word' id='word_1_927' title='bbox 1510 5535 1597 5586; x_wconf 79' lang='grc'><strong>50.</strong></span> <span class='ocrx_word' id='word_1_928' title='bbox 1700 5532 1743 5566; x_wconf 79' lang='grc'><strong>³⁸</strong></span> <span class='ocrx_word' id='word_1_929' title='bbox 1787 5531 1941 5586; x_wconf 82' lang='lat' dir='ltr'><strong>Joan.</strong></span> <span class='ocrx_word' id='word_1_930' title='bbox 1983 5546 2087 5586; x_wconf 75' lang='lat' dir='ltr'><strong>XV.</strong></span> <span class='ocrx_word' id='word_1_931' title='bbox 2145 5530 2199 5586; x_wconf 82' lang='grc'><strong>6.</strong></span> <span class='ocrx_word' id='word_1_932' title='bbox 2277 5529 2320 5563; x_wconf 77' lang='grc'><strong>³⁹</strong></span> 
     </span>
    </p>
   </div>
   <div class='ocr_carea' id='block_1_102' title="bbox 1855 5549 2199 5594">
    <p class='ocr_par' dir='ltr' id='par_1_102' title="bbox 1855 5549 2199 5594">
     <span class='ocr_line' id='line_1_104' title="bbox 1855 5549 2199 5594; baseline 0.003 -9"><span class='ocrx_word' id='word_1_933' title='bbox 1855 5549 1941 5586; x_wconf 83' lang='lat' dir='ltr'><strong>an.</strong></span> <span class='ocrx_word' id='word_1_934' title='bbox 1983 5549 2087 5594; x_wconf 89' lang='lat' dir='ltr'><strong>xv,</strong></span> <span class='ocrx_word' id='word_1_935' title='bbox 2145 5549 2199 5586; x_wconf 83' lang='grc' dir='ltr'><strong>υ.</strong></span> 
     </span>
    </p>
   </div>
   <div class='ocr_carea' id='block_1_103' title="bbox 1780 5601 2129 5658">
    <p class='ocr_par' dir='ltr' id='par_1_103' title="bbox 1780 5601 2129 5658">
     <span class='ocr_line' id='line_1_105' title="bbox 1780 5601 2129 5658; baseline -0.006 1"><span class='ocrx_word' id='word_1_936' title='bbox 1780 5604 1826 5636; x_wconf 71' lang='grc'>⁸³</span> <span class='ocrx_word' id='word_1_937' title='bbox 1863 5602 1996 5658; x_wconf 67' lang='lat' dir='ltr'><strong>illiti.</strong></span> <span class='ocrx_word' id='word_1_938' title='bbox 2043 5601 2129 5657; x_wconf 72' lang='grc' dir='ltr'><strong>Η.</strong></span> 
     </span>
    </p>
   </div>
   <div class='ocr_carea' id='block_1_104' title="bbox 2439 5447 3488 5522">
    <p class='ocr_par' dir='ltr' id='par_1_104' title="bbox 2439 5447 3488 5522">
     <span class='ocr_line' id='line_1_106' title="bbox 2439 5447 3488 5522; baseline -0.002 -10"><span class='ocrx_word' id='word_1_939' title='bbox 2439 5459 2485 5490; x_wconf 63' lang='grc'><strong>⁸³</strong></span> <span class='ocrx_word' id='word_1_940' title='bbox 2525 5456 2568 5512; x_wconf 90' lang='lat' dir='ltr'><strong>Il</strong></span> <span class='ocrx_word' id='word_1_941' title='bbox 2621 5455 2748 5512; x_wconf 88' lang='lat' dir='ltr'><strong>Cor.</strong></span> <span class='ocrx_word' id='word_1_942' title='bbox 2781 5471 2901 5522; x_wconf 87' lang='lat' dir='ltr'><strong>xttt,</strong></span> <span class='ocrx_word' id='word_1_943' title='bbox 2931 5453 2982 5508; x_wconf 88' lang='lat'><strong>5.</strong></span> <span class='ocrx_word' id='word_1_944' title='bbox 3052 5447 3062 5522; x_wconf 83' lang='grc' dir='ltr'><em>ς</em></span> <span class='ocrx_word' id='word_1_945' title='bbox 3093 5451 3140 5484; x_wconf 87' lang='grc'><strong>³⁸</strong></span> <span class='ocrx_word' id='word_1_946' title='bbox 3172 5447 3488 5522; x_wconf 44' lang='lat' dir='ltr'><strong>“attingi.</strong></span> 
     </span>
    </p>
   </div>
   <div class='ocr_carea' id='block_1_105' title="bbox 2277 5515 3486 5595">
    <p class='ocr_par' dir='ltr' id='par_1_105' title="bbox 2277 5515 3486 5595">
     <span class='ocr_line' id='line_1_107' title="bbox 2277 5515 3486 5595; baseline -0.011 -10"><span class='ocrx_word' id='word_1_947' title='bbox 2277 5529 2320 5563; x_wconf 81' lang='lat'><strong>”</strong></span> <span class='ocrx_word' id='word_1_948' title='bbox 2352 5529 2544 5584; x_wconf 81' lang='lat' dir='ltr'><strong>Matth.</strong></span> <span class='ocrx_word' id='word_1_949' title='bbox 2577 5543 2701 5595; x_wconf 86' lang='lat' dir='ltr'><strong>xxv,</strong></span> <span class='ocrx_word' id='word_1_950' title='bbox 2741 5527 2834 5586; x_wconf 81' lang='lat'><strong>&#39;55.</strong></span> <span class='ocrx_word' id='word_1_951' title='bbox 2888 5515 2898 5522; x_wconf 73' lang='grc'><strong>’</strong></span> <span class='ocrx_word' id='word_1_952' title='bbox 2930 5523 2977 5557; x_wconf 67' lang='grc'><strong>⁸⁸</strong></span> <span class='ocrx_word' id='word_1_953' title='bbox 3014 5521 3205 5582; x_wconf 76' lang='lat' dir='ltr'><strong>Matth.</strong></span> <span class='ocrx_word' id='word_1_954' title='bbox 3231 5534 3350 5587; x_wconf 86' lang='lat' dir='ltr'><strong>xttt,</strong></span> <span class='ocrx_word' id='word_1_955' title='bbox 3376 5515 3486 5573; x_wconf 65' lang='grc' dir='ltr'><strong>δέ.</strong></span> 
     </span>
    </p>
   </div>
   <div class='ocr_carea' id='block_1_106' title="bbox 2228 5599 2676 5667">
    <p class='ocr_par' dir='ltr' id='par_1_106' title="bbox 2228 5599 2676 5667">
     <span class='ocr_line' id='line_1_108' title="bbox 2228 5599 2676 5667; baseline 0.002 -11"><span class='ocrx_word' id='word_1_956' title='bbox 2228 5599 2276 5635; x_wconf 65' lang='grc'><strong>⁵³</strong></span> <span class='ocrx_word' id='word_1_957' title='bbox 2307 5599 2478 5658; x_wconf 84' lang='lat' dir='ltr'><strong>Exo-l.</strong></span> <span class='ocrx_word' id='word_1_958' title='bbox 2507 5615 2596 5667; x_wconf 82' lang='lat' dir='ltr'><strong>xv,</strong></span> <span class='ocrx_word' id='word_1_959' title='bbox 2621 5600 2676 5657; x_wconf 78' lang='grc'><strong>1.</strong></span> 
     </span>
    </p>
   </div>
  </div>
