3862 6332
429 211 567 271 1191

438 324 651 378 luntate
673 315 993 382 sanaverit,
1023 324 1080 370 et
1109 310 1580 382 contemplationis
1604 311 1852 365 columna
1891 308 2009 362 ani-
2034 313 2080 372 Α

431 429 574 468 mam
605 413 671 468 ab
695 410 782 466 illa
817 392 1187 479 separaverit;
1219 413 1344 460 tunc
1371 402 1512 457 Deus
1537 401 1869 472 perspiciens
1898 400 2000 454 im-

433 504 754 574 probitatem
778 497 1240 571 perturbationum
1270 509 1391 564 qua:
1415 494 1468 548 in
1490 493 1724 548 animam
1749 493 2005 561 impetum

432 597 698 652 facientes
742 606 936 647 sensus
977 589 1145 660 ipsius
1188 588 1239 642 in
1275 587 1512 657 peccatis
1541 595 1806 641 conantur
1837 585 2010 639 couti-

431 703 583 752 uere,
620 685 787 742 menti
839 683 1055 739 assidue
1101 680 1419 750 supplicanti
1453 678 1557 733 fert
1611 677 1899 741 auxilium,
1953 683 2010 731 et

443 779 694 834 inimicos
719 777 837 847 ejus
862 790 1052 832 omnes
1080 774 1255 844 perdit
1277 789 1339 827 ac
1364 772 1523 826 delet.
1549 770 2007 836 Quemadmodum

431 873 566 928 dixit
605 881 658 928 et
685 871 852 942 Moysi
888 882 904 922 :
949 868 1088 934 Quid
1127 867 1323 921 clamas
1359 865 1427 918 ad
1470 865 1592 918 me?
1615 863 1840 932 praecipe
1880 861 2010 930 ﬁliis

432 962 626 1030 Israel,
653 972 708 1017 ut
726 961 954 1031 prompti
980 961 1254 1030 paratique
1281 959 1405 1012 sint.
1433 955 1508 1010 Tu
1535 967 1707 1008 autem
1730 955 1874 1023 uirga
1896 968 2011 1024 qua!

429 1067 504 1112 est
535 1058 590 1110 in
619 1072 781 1109 manu
807 1065 921 1121 tua,
951 1064 1160 1122 percute
1187 1067 1354 1114 mare,
1402 1060 1448 1103 et
1490 1056 1684 1102 arescet
1705 1046 1774 1100 “.
1810 1046 2011 1101 Fidelis

429 1159 513 1202 est
547 1150 686 1203 Deus
722 1147 811 1216 qui
843 1147 995 1201 nobis
1035 1147 1203 1200 etiam
1246 1141 1560 1214 opituletur,
1591 1151 1652 1195 ut
1679 1139 1874 1212 Moysi,
1902 1140 2012 1195 eri-

431 1239 650 1308 piatque
703 1253 805 1292 nos
851 1252 882 1292 e
928 1236 1174 1291 manibus
1204 1233 1544 1288 inimicorum
1579 1238 1908 1295 nostrorum,
1951 1237 2010 1283 ut

430 1329 507 1385 illi
559 1329 827 1400 possimus
872 1341 1068 1382 canere
1109 1326 1378 1381 canticum
1416 1338 1638 1384 novum.
1674 1330 1729 1377 et
1772 1321 1958 1377 dicere
1991 1338 2004 1374 :

433 1417 716 1473 Cantemus
758 1417 981 1472 Domino
1006 1434 1024 1470 :
1066 1416 1290 1486 gloriose
1334 1413 1469 1467 enim
1516 1412 1881 1483 magniﬁcatus
1915 1421 2011 1466 est.

429 1507 695 1560 (Steterunt
752 1507 1020 1575 quomodo
1067 1505 1362 1572 poterimus
1418 1503 1530 1556 haec
1580 1501 1933 1569 pronuntiare
1965 1501 2010 1555 si

436 1600 679 1653 hostibus
700 1602 895 1653 nostris
925 1611 1231 1666 pareamus,
1259 1605 1313 1650 et
1342 1593 1617 1648 voluntate
1645 1593 1697 1646 in
1723 1590 2012 1662 Egyptum

1556 193 1831 250 PATRES
1869 190 2166 250 AEGYPTII
2208 189 2479 248 SECULI
2516 189 2606 248 iV.

3567 200 3740 259 H93

2109 316 2194 362 est
2220 305 2378 362 liber.
2433 305 2655 376 Adligat
2705 305 2871 377 igitur
2897 321 3042 374 sese,
3070 309 3241 366 donec
3271 325 3299 366 a
3334 309 3448 366 Deo
3477 313 3737 370 miseri-

2108 399 2348 456 cordiam
2381 399 2654 470 impetret.
2680 401 2780 469 Qui
2807 411 3096 458 accusatur
3127 417 3157 456 a
3188 405 3355 459 corde
3400 421 3528 470 suo,
3575 425 3738 462 non-

2108 496 2233 549 dum
2269 491 2700 549 misericordiam
2736 495 3064 565 impetravit.
3112 495 3169 550 Si
3201 497 3284 551 vis
3310 497 3467 565 sequi
3519 499 3737 554 Domi~

2111 602 2236 641 num
2265 595 2508 641 nostrum
2529 585 2710 642 Jesum
2729 586 3028 654 Christum,
3057 603 3212 644 serva
3231 604 3545 644 sermonem
3568 593 3732 661 ejus.

2110 678 2167 732 Si
2200 688 2431 734 veterem
2457 679 2726 733 hominem
2752 680 2834 735 vis
2865 696 2985 735 cum
3021 681 3136 751 ipso
3162 683 3528 751 suSpcndere,
3555 685 3735 742 abiis

2110 770 2201 839 qui
2249 784 2278 823 a
2335 784 2497 824 cruce
2555 780 2606 824 te
2661 779 2942 836 revocant,
2983 772 3147 830 debes
3191 774 3538 837 abhorrere“;
3569 785 3633 828 et.
3674 787 3733 832 te

2112 862 2284 938 ipsum
2310 862 2670 943 assuefacere,
2693 872 2750 918 ιιι
2780 880 2935 935 aequo
2962 865 3142 920 animo
3177 866 3346 934 feras,
3370 869 3419 922 si
3451 878 3729 924 contem-

2113 954 2299 1021 uaris;
2333 963 2388 1010 et
2415 955 2506 1025 qui
2547 966 2597 1010 te
2642 955 2886 1011 alliciunt
2913 957 3130 1028 injuria,
3165 959 3382 1030 diligas,
3424 971 3485 1016 et
3520 970 3580 1017 te
3611 961 3729 1018 illis

2111 1046 2366 1102 humilem
2420 1046 2682 1116 praebeas,
2721 1058 2775 1103 et
2815 1049 2921 1104 tuis
2947 1050 3338 1120 cupiditatibus
3365 1051 3721 1115 domineris.

2112 1149 2273 1210 atque
2303 1139 2414 1196 oris
2449 1140 2721 1196 silentium
2759 1143 3054 1208 custodias,
3082 1146 3357 1200 neminem
3398 1147 3634 1216 judices
3666 1149 3722 1202 in

2112 1229 2271 1286 corde
2301 1239 2413 1287 tuo.
2447 1231 2546 1297 Qui
2591 1233 2826 1300 quietem
2857 1243 2912 1287 et
2939 1234 3211 1289 silentium
3254 1237 3405 1300 colit,
3450 1236 3724 1290 timorem

2113 1321 2305 1376 habeat
2335 1321 2437 1376 sibi
2469 1325 2805 1380 occurrentis
2855 1325 2968 1380 Dei.
3019 1325 3113 1381 Dei
3145 1328 3308 1382 timor
3345 1343 3456 1383 non
3512 1337 3608 1384 est
3658 1329 3718 1382 in

2114 1414 2227 1480 illo,
2269 1415 2359 1485 qui
2414 1427 2641 1485 peccato
2678 1418 3037 1490 obtemperat,
3078 1431 3132 1475 et
3163 1431 3287 1491 eget
3322 1422 3717 1480 misericordia

2114 1503 2231 1560 Dei.

2187 1595 2250 1651 II.
2289 1595 2400 1653 lloc
2421 1613 2583 1669 grave
2612 1609 2694 1655 est
2723 1601 2863 1671 quod
2894 1602 3220 1671 probitatem
3254 1603 3306 1658 in
3351 1619 3473 1667 ore,
3505 1605 3716 1676 iniqui-

432 1700 803 1755 revertamur,
854 1688 1298 1757 concupiscendos
1335 1703 1396 1741 ea
1427 1701 1546 1753 quae
1587 1686 1713 1738 olim
1769 1683 2017 1739 comede-
2049 1670 2090 1724 Β
2122 1699 2282 1745 tatem
2323 1700 2378 1746 et
2422 1692 2676 1747 malitiam
2712 1670 2764 1748 in
2792 1670 2956 1750 corde
2997 1696 3260 1765 gerimus.
3309 1697 3426 1752 Nisi
3483 1670 3714 1767 quis'ad

436 1779 650 1846 bamus,
679 1789 731 1834 et
765 1780 1060 1850 clamantes
1094 1779 1158 1832 ad
1189 1779 1366 1831 Aaron
1393 1795 1406 1829 :
1439 1776 1550 1830 Fac
1573 1775 1716 1828 nobis
1745 1777 1888 1839 deos,
1926 1774 2017 1844 qui

430 1876 729 1944 prcecedant
768 1885 813 1929 et
853 1874 1102 1927 reducant
1133 1888 1223 1925 nos
1264 1873 1316 1924 in
1344 1869 1632 1938 1Egyptum
1653 1868 1736 1920 δας
1779 1868 2016 1936 displicet

430 1971 568 2021 enim
613 1967 758 2020 nobis
800 1966 896 2018 iste
936 1965 1079 2018 cibus
1108 1963 1402 2033 spirituulis
1426 1962 1490 2016 ‘7.
1523 1960 1720 2015 Potens
1757 1969 1840 2014 est
1880 1961 2017 2013 [lens

434 2060 644 2114 mittere
663 2058 879 2128 Moysen
903 2058 968 2111 ad
996 2071 1113 2121 nos,
1140 2054 1230 2125 qui
1259 2062 1504 2108 conterat
1526 2053 1751 2107 vitulum
1771 2049 2017 2106 conﬂati-

431 2151 558 2214 Iem,
585 2165 679 2217 per
707 2165 866 2218 quem
887 2150 953 2201 ad
983 2149 1117 2202 iram
1145 2162 1261 2202 eum
1299 2160 1675 2216 provocamus.
1710 2142 1907 2198 Potens
1937 2153 2018 2197 est

437 2245 580 2299 Deus
605 2245 696 2314 qui
728 2245 882 2298 nobis
913 2244 1138 2313 largitus
1165 2249 1248 2295 est
1291 2238 1626 2308 poenitentia:
1653 2237 1873 2298 donum,
1918 2249 2016 2288 nos

438 2339 633 2393 iterum
668 2338 734 2391 ad
765 2352 824 2391 se
856 2345 1200 2397 convertere,
1226 2344 1281 2387 et
1315 2330 1532 2401 Moysen
1575 2328 1922 2390 confirmare,
1960 2337 2019 2382 ut

431 2447 530 2503 pro
565 2431 724 2486 nobis
752 2438 1000 2500 precetur
1021 2437 1076 2481 et
1097 2427 1246 2480 dicat
1279 2443 1291 2478 :
1336 2423 1395 2478 Si
1424 2424 1632 2493 quidem
1660 2421 1881 2475 dimittis
1911 2420 2015 2473 illis

431 2532 734 2592 peccatum,
757 2522 995 2586 dimitte;
1019 2521 1101 2573 sin
1122 2520 1317 2582 minus,
1344 2517 1460 2571 dele
1483 2532 1561 2569 me
1588 2517 1651 2569 de
1675 2515 1809 2568 libro
1839 2515 2017 2567 viven-

431 2618 562 2670 tium
584 2616 653 2668 ⁸⁸.
685 2612 1072 2670 Corrohorabit
1106 2621 1160 2666 et
1204 2609 1367 2666 Josue
1393 2612 1444 2664 in
1482 2617 1742 2678 tempore,
1771 2621 1878 2676 quo
1915 2607 2012 2660 de-

433 2707 646 2761 leantur
703 2712 906 2774 septem
941 2711 1162 2770 gentes,
1206 2713 1264 2754 ut
1299 2703 1349 2754 in
1391 2709 1589 2754 terram
1638 2696 2014 2767 promissionis

429 2812 531 2852 nos
567 2795 874 2850 iutroducal
899 2812 912 2860 ;
941 2804 994 2848 et
1023 2794 1185 2847 Israel
1215 2792 1447 2861 accipiat
1501 2791 1872 2845 hzereditatem
1909 2790 2010 2842 ha-

430 2888 611 2941 bitans
657 2889 707 2939 in
743 2885 827 2938 illa
861 2883 1297 2939 commodissime
1339 2884 1390 2936 in
1422 2881 1616 2936 saecula
1657 2881 2004 2944 saeculorum,

429 2981 624 3034 Amen.
658 2978 828 3046 Ipsius
855 2975 1061 3029 Domini
1095 2976 1264 3028 nostri
1297 2972 1422 3028 Jesu
1450 2972 1648 3028 Christi
1677 2982 1764 3028 est
1798 2972 2009 3026 lortitn-
2041 3015 2083 3074 Ο

430 3072 522 3135 do,
554 3069 724 3139 ipsius
759 3077 841 3124 est
864 3067 1146 3132 auxilium,
1184 3066 1352 3136 ipsius
1382 3075 1462 3120 est
1499 3066 1796 3134 protectio,
1843 3064 2012 3134 ipsius

427 3173 514 3218 est
538 3163 829 3232 sapientia,
862 3161 1032 3230 ipsius
1068 3168 1153 3216 est
1181 3160 1447 3214 custodia.
1489 3159 1604 3232 Ipse
1637 3159 1692 3212 in
1745 3158 1899 3213 nobis
1929 3167 2014 3212 est

432 3256 498 3309 ad
533 3255 757 3325 gloriam
783 3265 838 3309 et
861 3255 1128 3309 honorem
1167 3252 1258 3307 Dei
1277 3250 1471 3314 Patris,
1499 3260 1553 3305 et
1577 3251 1748 3305 sancti
1777 3249 2012 3318 Spiritus

430 3357 555 3403 ante
586 3345 780 3401 szecula
813 3345 1156 3400 sxeculorum.
1197 3345 1393 3398 Amen.
1444 3343 1500 3398 Si
1551 3343 1666 3396 haec
1715 3339 1968 3410 intelligis
1994 3381 2008 3404 ,

431 3441 617 3504 l'rater,
647 3453 864 3507 Operam
891 3438 957 3492 da
1000 3447 1056 3491 ut
1090 3451 1153 3491 ea
1196 3437 1476 3505 pertieias;
1513 3431 1853 3489 etDominus
1884 3447 2009 3502 pro-

431 3542 573 3600 teget
613 3532 739 3584 tein
772 3531 900 3584 hora
927 3527 1259 3583 teutationis.
1283 3527 1478 3582 Amen.

982 3637 1238 3697 ORATIO
1275 3638 1463 3694 XXVI.

428 3736 577 3793 Beati
603 3734 762 3790 Isaia:
785 3735 986 3790 abbatis
1017 3736 1180 3798 dicta,
1203 3749 1319 3804 qua:
1352 3731 1539 3804 Petrus
1565 3731 1726 3786 abbas
1768 3733 1974 3804 discipu
1993 3762 2006 3772 -

527 3809 608 3862 lus
631 3808 745 3877 ejus
774 3823 838 3861 ex
862 3806 952 3860 illo
974 3805 1193 3875 accepit,
1218 3803 1270 3858 et
1304 3803 1484 3870 liberis
1509 3803 1913 3857 commendarit.

502 3903 542 3955 I.
577 3901 795 3956 Dicebat
822 3899 984 3954 Pater
1016 3915 1168 3955 meus
1201 3917 1214 3953 :
1250 3899 1429 3954 Fortis
1461 3907 1576 3953 esto
1613 3898 1664 3952 in
1725 3897 1810 3953 his
1838 3897 2008 3953 corri-

431 3994 619 4064 gendis
681 4009 801 4062 qua:
850 3993 1091 4062 indigent
1142 3992 1494 4047 correctione.
1562 3989 1745 4045 Animi
1798 3991 2007 4059 paritas

430 4100 616 4160 gratas
651 4088 760 4143 Deo
794 4087 971 4142 tundit
1015 4100 1224 4155 preces.
1260 4085 1356 4139 Dei
1386 4086 1544 4139 timor
1576 4094 1629 4137 et
1659 4084 1902 4154 angustia
1929 4083 2007 4138 ta-

426 4184 532 4238 cite
580 4181 789 4236 veniam
833 4181 1122 4250 impetrant
1178 4188 1545 4248 peccatorum.
1586 4175 1854 4240 Hominis,
1913 4178 2002 4245 qui

427 4275 647 4330 ultionis
698 4283 780 4330 est
829 4273 1081 4344 cupidus,
1131 4271 1397 4328 sacriﬁcia
1437 4282 1558 4326 sunt
1618 4285 1774 4324 vana.
1832 4269 2002 4340 Hujus

429 4369 688 4438 temporis
705 4366 813 4422 noli
845 4366 1126 4422 consilium
1160 4375 1252 4420 aut
1270 4363 1533 4420 rationem
1563 4379 1870 4432 requirere,
1900 4379 2000 4420 nec
2035 4364 2078 4418 D

429 4461 722 4530 requirenti
755 4460 850 4515 tibi
880 4459 1112 4515 conﬁde.
1148 4459 1214 4514 Et
1246 4473 1340 4514 eos
1379 4459 1596 4512 attende
1635 4463 1726 4528 qui
1774 4461 1914 4512 intra
1954 4468 2004 4513 te

427 4554 752 4623 loquuntur;
787 4561 844 4607 et
875 4551 1039 4607 Deum
1069 4566 1187 4616 ora,
1211 4560 1268 4604 ut
1298 4559 1348 4604 te
1383 4552 1576 4606 doceat
1605 4564 1766 4619 quem
1797 4566 1860 4604 ex
1895 4551 2002 4606 illis

425 4647 626 4702 debeas
670 4647 876 4701 audire.
915 4643 1060 4699 Cave
1104 4658 1172 4698 ne
1222 4643 1365 4698 aliud
1406 4643 1458 4696 in
1504 4643 1710 4714 lingua,
1767 4643 1909 4698 aliud
1947 4645 2000 4698 in

423 4739 588 4796 corde
614 4747 919 4809 promptunt
957 4736 1178 4792 habeas.
1211 4736 1310 4803 Qui
1351 4734 1572 4804 supplex
1604 4751 1664 4791 se
1713 4735 2006 4804 prosternit

423 4841 550 4888 ante
583 4832 771 4893 Deum,
824 4839 880 4885 et
918 4829 1008 4898 qui
1037 4844 1160 4882 cum
1212 4826 1518 4882 humilitate
1546 4828 1798 4881 mandata
1832 4828 2003 4896 audit,

423 4925 751 4980 eharitatem
779 4922 1111 4991 assequitur.
1137 4919 1385 4975 Charitas
1417 4929 1594 4974 autem
1633 4919 1762 4973 vitia
1795 4928 1849 4973 et
1883 4934 2005 4988 per-

425 5015 761 5070 turbationes
787 5013 1028 5082 expellit.
1061 5011 1162 5078 Qui
1195 5025 1255 5065 se
1285 5009 1456 5080 quieti
1491 5018 1546 5063 et
1569 5009 1790 5064 silentio
1819 5010 2002 5076 tradit,

423 5109 639 5163 assidue
688 5107 999 5162 consideret
1029 5115 1208 5159 utrum
1255 5119 1352 5159 eos
1385 5103 1636 5168 ell‘ugerit
1663 5103 2006 5158 adversarios

391 5193 515 5267 ’qui
540 5214 637 5254 nos
667 5199 718 5254 in
749 5212 878 5253 aere
906 5206 1238 5268 oppugnant,
1275 5204 1330 5251 et
1366 5198 1434 5251 ab
1481 5197 1562 5250 eis
1615 5195 1874 5251 liberatus
1907 5195 2000 5250 sit.

423 5291 671 5357 Quandiu
700 5290 842 5346 enim
875 5304 1062 5344 eorum
1099 5289 1343 5344 servituti
1399 5288 1674 5358 subjectus
1721 5297 1840 5354 est,
1891 5301 2000 5341 non

498 5446 543 5477 ⁸⁵
565 5445 732 5500 Exod.
773 5463 886 5507 xw,
918 5447 1005 5509 15.
1039 5447 1120 5500 lli.
1222 5446 1268 5477 “
1301 5444 1469 5501 Exod.
1505 5461 1676 5510 xxx",
1711 5447 1764 5500 1.
1842 5444 1885 5476 ⁸⁷
1923 5442 2081 5497 Num.

425 5517 521 5570 "I
559 5517 684 5572 Cor.
716 5535 801 5585 xv,
832 5520 916 5576 50.
997 5520 1039 5550 "
1077 5521 1095 5572 1
1127 5516 1250 5574 Cor.
1290 5534 1373 5583 Ill,
1422 5518 1476 5574 5.

2119 1792 2344 1838 mortem
2365 1799 2534 1852 usque
2549 1786 2907 1852 contenderit,
2924 1796 3186 1856 utcorpus
3203 1803 3359 1844 suum
3385 1791 3497 1846 tale
3521 1794 3711 1846 reddat

2119 1872 2278 1944 quale
2307 1874 2402 1927 luit
2434 1875 2615 1930 dilecti
2645 1874 2792 1940 Jesu,
2822 1892 2926 1931 non
2956 1865 3193 1934 occurrit
3226 1880 3300 1934 illi
3331 1897 3458 1934 cum
3493 1882 3709 1946 laetitia,

2119 1982 2219 2022 nec
2248 1969 2314 2020 ab
2341 1967 2534 2021 acerba
2585 1967 2850 2023 servitute
2897 1969 3177 2026 liberatur.
3225 1971 3500 2028 Dicebat:
3541 1973 3708 2030 Mise-

2118 2075 2258 2123 rere,
2311 2063 2590 2128 miserere,
2640 2061 2891 2130 quoniam
2934 2062 3135 2118 decidit
3193 2066 3373 2120 anima
3433 2082 3560 2122 mea
3598 2086 3615 2122 :
3653 2069 3705 2122 in

2116 2150 2260 2219 quali
2297 2151 2530 2220 puritate
2559 2161 2738 2206 creata
2768 2149 2900 2204 fuit?
2937 2150 2992 2205 in
3030 2166 3134 2220 qua
3182 2155 3448 2210 servitute
3483 2157 3707 2212 detine-

2080 2271 2088 2280 θ
2119 2241 2241 2293 tur?
2265 2243 2350 2294 cui
2383 2243 2605 2297 vanitati
2637 2243 2893 2297 obstricta
2918 2242 3041 2297 est?
3072 2245 3272 2301 IIortor
3300 2255 3355 2301 te
3393 2248 3535 2318 (2t),
3573 2251 3704 2304 dum

2117 2346 2177 2386 es
2207 2332 2257 2386 in
2281 2346 2523 2402 corpore,
2567 2349 2634 2388 ne
2663 2350 2758 2390 cor
2789 2346 2938 2391 tuum
2970 2339 3188 2393 liberes.
3223 2339 3703 2406 Quemadmodum

2115 2424 2256 2476 enim
2295 2424 2452 2478 homo
2495 2427 2607 2494 agri
2657 2428 2735 2482 sui
2770 2428 2974 2485 fructus
3009 2431 3240 2486 incertos
3290 2441 3467 2500 putat,
3524 2433 3703 2489 donec

2115 2530 2210 2570 eos
2241 2518 2290 2570 iu
2326 2516 2520 2572 horrea
2553 2534 2648 2573 sua
2677 2522 2984 2577 condiderit
3012 2540 3025 2575 :
3061 2523 3133 2578 ita
3167 2539 3303 2591 quos
3343 2539 3376 2580 e
3401 2525 3570 2580 corde
3606 2538 3701 2581 tuo

2117 2607 2323 2662 fructus
2345 2609 2418 2662 sis
2454 2621 2827 2679 percepturus,
2854 2613 3092 2668 incertus
3121 2627 3202 2679 es,
3255 2615 3425 2670 donec
3456 2617 3510 2670 in
3554 2619 3702 2673 nari-

2117 2698 2216 2752 bus
2255 2698 2500 2769 spiritum
2535 2700 2700 2755 habes
2721 2700 2786 2757 “.
2825 2701 3290 2768 Quemadmodum
3330 2705 3494 2760 homo
3519 2721 3547 2758 a
3585 2723 3698 2777 quo

2118 2789 2252 2846 vitio
2283 2791 2353 2846 sit
2380 2794 2794 2862 oppugnandus,
2819 2794 2885 2846 ad
2911 2803 3213 2849 extremum
3249 2813 3418 2867 usque
3438 2799 3694 2866 spiritum

2116 2884 2255 2938 scire
2273 2899 2376 2938 non
2402 2893 2576 2954 potest
2608 2901 2621 2936 :
2666 2884 2736 2938 ita
2769 2885 2998 2940 liberare
3025 2900 3122 2942 cor
3146 2903 3302 2942 suum
3327 2894 3534 2960 nequit,
3559 2893 3692 2946 dum

2117 2974 2306 3043 Spirat,
2343 2973 2434 3029 sed
2468 2973 2683 3029 assidue
2715 2974 2807 3028 Dei
2864 2973 3124 3029 auxilium
3176 2985 3231 3030 et
3263 2978 3692 3034 tttisericordiam

2117 3065 2274 3121 debet
2303 3065 2612 3135 implorare.
2664 3064 2895 3133 Quazsivi
2927 3081 2990 3121 ex
3020 3083 3084 3121 eo
3111 3069 3240 3137 quid
3290 3071 3360 3124 sit
3391 3070 3691 3137 lmmilitas,

2114 3167 2168 3213 et
2201 3160 2468 3227 quomodo
2504 3163 2893 3230 comparetur?
2927 3161 3224 3232 Respondit
3253 3180 3265 3216 :
3302 3161 3581 3218 Ilumilitas
3607 3176 3693 3220 est

2114 3248 2442 3314 oltedientia,
2475 3260 2528 3304 et
2577 3253 2809 3322 propriae
2836 3253 3128 3307 voluntatis
3157 3253 3463 3323 abnegatio.
3501 3254 3692 3310 [lumi-

2114 3339 2235 3396 Iitas
2279 3351 2363 3395 est
2409 3341 2651 3413 allligere
2708 3359 2788 3408 se,
2844 3346 3024 3400 cordis
3065 3346 3350 3414 puritatem
3410 3346 3689 3416 amplecti,

2114 3436 2342 3505 proximi
2413 3438 2766 3492 contumelias
2817 3449 2872 3493 et
2925 3437 3150 3506 injurias
3208 3439 3436 3494 libenter
3512 3441 3683 3495 ferre.

2112 3529 2327 3593 Beatus,
2381 3528 2575 3600 inquit,
2617 3531 2708 3600 qui
2742 3546 2937 3584 novum
2971 3533 3142 3587 induit
3189 3533 3480 3597 hominem,
3527 3545 3687 3589 ante-

2112 3640 2272 3693 quam
2309 3623 2524 3678 Christo
2558 3634 2846 3677 occurrat:
2878 3622 3016 3678 Caro
3069 3627 3205 3678 enim
3248 3635 3296 3680 et
3336 3629 3584 3696 sanguis,
3626 3640 3688 3685 ut

2111 3716 2187 3769 ait
2220 3714 2532 3784 Apostolus,
2580 3732 2794 3786 regnum
2824 3715 2916 3769 Dei
2951 3717 3219 3786 possidere
3251 3735 3349 3772 non
3383 3720 3678 3785 possunt“.

2117 3807 2260 3862 Idem
2293 3824 2304 3860 :
2349 3807 2484 3861 Dum
2517 3807 2706 3874 zelum,
2746 3809 2939 3878 inquit,
2992 3820 3037 3863 et
3072 3812 3449 3866 contentionem
3483 3815 3680 3870 habetis

2110 3895 2247 3947 inter
2278 3911 2385 3958 ros,
2410 3911 2578 3949 nonne
2604 3897 2844 3951 carnales
2871 3899 3013 3962 estis,
3041 3911 3085 3953 et
3107 3902 3388 3955 secundum
3421 3903 3675 3957 hominem

2107 3987 2385 4042 ambulatis
2411 3989 2492 4042 5‘?
2519 3987 2662 4052 ideo,
2701 3990 2892 4060 inquit,
2922 3993 2998 4048 sic
3033 3992 3316 4064 amigimur
3342 3996 3407 4048 ab
3439 3997 3675 4054 inimicis

2111 4081 2346 4146 nostris,
2387 4082 2513 4150 quia
2560 4090 2776 4136 nostras
2817 4083 3161 4139 infirmitates
3205 4085 3528 4156 ignoramus,
3576 4106 3672 4144 nec

2106 4173 2448 4228 considerate
2504 4173 2709 4230 luctqu
2765 4177 3163 4246 amplectimur.
3223 4180 3476 4250 Aperiret
3531 4185 3669 4237 enim

2109 4266 2261 4321 nobis
2293 4276 2514 4337 peccata
2547 4277 2730 4322 nostra
2754 4309 2768 4334 ,
2822 4285 2939 4338 qua:
2983 4270 3198 4340 quidem
3236 4273 3390 4328 nohis
3431 4275 3474 4328 si
3522 4276 3670 4344 plane

2107 4370 2287 4416 essent
2307 4360 2540 4430 cognita,
2571 4359 2868 4417 deteriores
2893 4377 2987 4417 nos
3016 4365 3388 4421 meretricibus
3403 4367 3668 4422 existima-

2114 4467 2318 4507 renms.
2372 4451 2480 4506 Illre
2537 4451 2680 4505 enim
2732 4451 2909 4521 palam
2946 4464 3208 4523 peccant,
3258 4457 3382 4526 quia
3437 4459 3665 4525 ignorant

2105 4543 2296 4599 Deum.
2328 4543 2437 4599 Nos
2465 4555 2643 4599 autem
2685 4546 2775 4615 qui
2823 4546 2912 4600 Dei
2946 4548 3302 4617 cognitionem
3341 4551 3662 4618 proﬁtemur,

2107 4645 2334 4708 peccato
2370 4646 2546 4690 tamen
2597 4635 2939 4692 inservimus.
2973 4638 3074 4705 Qui
3113 4641 3340 4695 sustinet
3385 4644 3661 4711 reprehen-

2109 4729 2340 4798 sionem,
2391 4739 2444 4784 et
2485 4729 2730 4800 proximo
2773 4728 2992 4798 subjicit
3029 4731 3353 4786 voluntatem
3411 4749 3554 4787 suam
3598 4752 3661 4790 ne

2113 4820 2256 4877 Deus
2291 4823 2564 4878 inimicum
2600 4822 2651 4876 in
2682 4823 2914 4878 medium
2949 4824 3164 4891 prodire
3193 4825 3352 4887 sinat,
3384 4841 3443 4880 se
3472 4842 3659 4882 merce-

2113 4916 2321 4970 narium
2353 4914 2612 4971 ostendit.
2647 4913 2702 4968 Si
2735 4915 2876 4969 enim
2931 4915 3158 4986 ingenue
3187 4915 3253 4970 ad
3305 4916 3515 4971 Domini
3546 4917 3658 4972 Iesu

2102 5007 2267 5076 pedes
2323 5021 2445 5062 sese
2479 5005 2791 5074 subiiceret,
2843 5006 3084 5061 studeret
3137 5006 3366 5077 proprise
3415 5008 3657 5062 voluntati

2102 5100 2433 5164 renuntiare,
2472 5113 2538 5153 ne
2570 5100 2636 5154 ab
2656 5099 2872 5154 amabili
2903 5098 3132 5153 Domino
3157 5114 3253 5153 suo
3278 5099 3658 5170 sejungeretur.

2100 5193 2202 5261 Qui
2265 5193 2539 5264 propriam
2594 5193 2838 5264 sequitur
2870 5193 3221 5256 voluntatem,
3273 5206 3339 5248 ne
3369 5208 3492 5247 cum
3521 5193 3655 5246 bonis

2097 5284 2314 5356 quidem
2339 5300 2526 5355 pacem
2553 5285 2734 5351 habet,
2763 5294 3104 5356 contemptus
3135 5286 3281 5342 enim
3302 5294 3357 5340 et
3380 5286 3457 5339 ira
3476 5296 3525 5339 et
3551 5299 3645 5339 con

2249 5443 2278 5472 Η

2240 5443 2301 5498 .5.
2380 5443 2423 5475 ⁸⁸
2449 5442 2618 5498 Exod.
2658 5459 2828 5508 xxxtt,
2864 5442 2954 5507 5|,
2982 5441 3071 5497 52.
3170 5441 3214 5474 ”
3249 5439 3354 5496 Job
3405 5457 3565 5508 nm,
3598 5437 3647 5497 ὃ.

2107 5443 2301 5508 nus.
2380 5443 2423 5475 ⁸⁸
2449 5442 2618 5498 Exod.
2658 5459 2828 5508 xxxtt,
2864 5442 2954 5507 5|,
2982 5441 3071 5497 52.

495 5679 608 5749 (2t)
670 5677 864 5737 llortor
895 5693 943 5736 te
968 5710 1030 5722 —-
1065 5681 1367 5748 implorare.
1411 5677 1595 5735 Crteca
1654 5674 1810 5747 hujus
1875 5674 1974 5732 loci
2014 5672 2178 5729 habes
2209 5671 2346 5728 iulia
2375 5686 2487 5740 cap.
2519 5669 2604 5738 I9,
2647 5684 2709 5726 ex
2753 5669 2821 5724 iis
2851 5682 2967 5736 qum
3004 5665 3167 5724 edidit
3200 5663 3478 5722 Pessinus.
