3862 6344
63 401 69 416 ⁹
129 323 296 381 1193

1262 313 1322 370 S.
1364 310 1564 369 lSAle
1603 309 1894 368 ABBATIS
1930 308 2345 369 ORATIONES.

3279 308 3416 382 ttat

130 442 338 496 tentio
381 439 436 493 in
477 436 590 506 ejus
630 435 796 491 corde
821 435 1022 505 vigent.
1055 431 1156 500 Qui
1205 447 1263 487 se
1309 448 1500 487 curare
1559 441 1734 502 negat,
1770 437 1813 493 Α
1844 442 1943 486 lem
1969 441 2016 485 et
2036 431 2336 499 inﬁdelibus
2356 427 2486 482 nihil
2507 427 2982 491 estmnndum,sed
3001 428 3285 498 inquinata:
3301 437 3419 483 sunt

125 532 280 601 quid
320 539 420 586 aut
450 529 706 598 loquatur
728 535 822 580 aut
858 525 1063 590 audiat,
1093 538 1238 579 caeco
1267 522 1460 579 similis
1504 533 1606 588 est,
1654 525 1746 592 qui

130 637 260 678 tam
296 624 471 687 intus,
503 635 669 690 quam
701 618 838 673 foris
868 618 1046 672 lumen
1079 632 1183 671 non
1209 617 1374 672 videt.
1400 615 1499 684 Qui
1533 617 1750 672 assidue

129 717 374 786 cogitat
402 721 627 785 peccata
658 726 779 773 sua,
811 710 1052 778 linguam
1089 723 1195 764 non
1243 709 1444 776 habet,
1484 722 1590 778 qua
1641 708 1748 763 ullo

131 811 210 864 de
239 808 483 863 homine
512 805 678 860 verba
709 802 894 859 faciat.

218 900 329 954 III.
364 899 498 967 Quae
544 897 728 952 mundi
776 905 936 959 sunt,
991 902 1047 950 et
1097 895 1264 963 ipsam
1297 894 1459 948 etiam
1507 894 1751 962 corporis

134 995 409 1064 quietem
452 991 590 1047 odio
626 1001 988 1060 persequere,
1037 986 1293 1057 quoniam
1334 993 1565 1040 avocant
1604 993 1655 1038 te
1683 984 1751 1038 ab

135 1085 410 1140 amicitia
451 1083 568 1139 Dei.
609 1081 766 1136 Sicut
793 1079 883 1149 qui
913 1078 1077 1132 habet
1123 1075 1424 1139 inimicum,
1479 1088 1600 1128 cum
1659 1073 1750 1128 illo

137 1185 398 1251 pugnat,
443 1174 518 1230 ita
547 1188 646 1229 nos
699 1187 820 1228 cum
852 1183 1083 1240 corpore
1127 1177 1314 1224 nostro
1344 1167 1603 1221 debemus
1649 1181 1750 1235 pu-

136 1285 358 1342 gnare,
389 1281 568 1337 neque
589 1265 666 1321 illi
691 1264 862 1320 oti-um
890 1272 982 1316 aut
1019 1261 1255 1330 quietem
1299 1261 1616 1314 concedere.
1648 1257 1749 1323 Qui

143 1364 342 1417 Deum
395 1368 564 1424 amat,
606 1355 966 1427 cogitationes
1020 1367 1148 1408 suas
1200 1350 1361 1406 debet
1402 1351 1749 1419 expendere,

143 1465 354 1506 utrum
382 1465 452 1504 ex
489 1461 718 1518 corpore
746 1445 890 1511 sint,
934 1458 1124 1500 necne.
1163 1441 1414 1510 Quandiu
1445 1441 1591 1496 enim
1637 1453 1751 1497 con

146 1543 321 1612 poris
372 1539 519 1596 curis
559 1537 851 1601 detinetur,
884 1551 988 1590 non
1017 1543 1101 1591 est
1137 1523 1268 1604 pura
1302 1532 1394 1587 Dei
1426 1547 1639 1601 sponsa.
1667 1531 1753 1586 ln-

152 1642 488 1703 terrogatus
541 1646 571 1686 a
626 1643 712 1684 me
768 1628 897 1698 quid
955 1628 1056 1683 sibi
1130 1627 1289 1682 vellet
1346 1641 1409 1680 ea
1470 1626 1748 1695 precatio,

151 1724 551 1792 Sanctiﬁcatur
579 1737 764 1776 nomen
797 1729 942 1774 tuum
968 1720 1045 1773 ":
1085 1718 1388 1773 Perfectum
1417 1725 1520 1778 est,
1557 1717 1749 1785 inquit,

1849 538 2029 577 eorum
2075 531 2123 576 et
2164 538 2306 575 mens
2331 529 2378 575 et
2400 519 2793 574 conscientia“.
2826 518 2883 573 Si
2905 519 3048 573 enim
3071 532 3171 587 ego
3200 527 3422 574 sanctus

1851 628 2004 676 sum,
2044 612 2135 680 qui
2186 620 2311 666 sunt
2343 610 2440 675 isti
2486 609 2575 679 qui
2626 618 2920 680 operantur
2953 609 3007 662 in
3039 608 3161 664 me?
3195 607 3325 663 Cum
3352 622 3422 664 ex

1853 705 1942 758 illo
1980 703 2333 773 quaesissem,
2389 701 2514 770 quid
2551 708 2696 755 esset
2742 699 2902 754 timor
2940 697 3056 764 Dei,
3097 698 3420 767 restiondit:

1850 797 2038 851 Timor
2075 794 2165 848 Dei
2215 777 2332 848 non.
2355 801 2438 848 est
2473 792 2527 847 in
2556 791 2648 846 illo
2680 791 2774 861 qui
2821 798 2975 860 paret
3013 789 3250 844 inimicis
3283 788 3420 855 ejus.

1852 889 2085 943 Rursum
2120 885 2370 955 quaesivi,
2398 899 2557 954 quem
2597 883 2820 939 ducere‘t
2855 897 2979 938 esse
3037 897 3252 937 servum
3305 881 3420 934 Dei.

1851 977 1946 1033 llle
1979 978 2072 1034 Dei
2114 991 2330 1042 servus,
2380 976 2577 1047 inquit,
2619 991 2726 1031 non
2765 984 2851 1031 est
2877 973 3292 1038 existimandus,
3329 974 3425 1042 qui

1852 1070 2086 1141 propriis
2126 1071 2464 1138 obtemperat
2498 1067 2906 1138 cupiditatibus.
2960 1065 3058 1121 Cui
3103 1066 3249 1120 enim
3297 1064 3422 1132 quis

1853 1165 2114 1233 imperat,
2153 1163 2199 1218 is
2226 1162 2342 1232 ejus
2371 1170 2450 1217 est
2488 1160 2762 1216 dominus.
2805 1157 2902 1212 Hei
2934 1159 3088 1222 mibi,
3129 1157 3215 1212 hei
3254 1154 3420 1219 mihi,

1834 1248 2092 1333 :dicebat,
2118 1255 2208 1324 qui
2245 1269 2351 1309 non
2383 1253 2561 1308 studui
2608 1267 2694 1307 me
2723 1266 2914 1321 purum
2951 1257 3004 1305 et
3028 1259 3274 1305 sanctum
3299 1246 3423 1304 red-

1853 1350 1998 1414 dere,
2031 1359 2089 1402 ut
2119 1345 2546 1402 misericordiam
2579 1343 2840 1414 consequi
2890 1341 3144 1412 possem!
3185 1338 3298 1394 Heu
3340 1351 3427 1393 me

1855 1441 2134 1506 miserum,
2166 1439 2258 1509 qui
2299 1446 2358 1493 ut
2389 1451 2670 1508 regnarem
2707 1450 2828 1490 cum
2857 1434 3101 1498 Christo,
3133 1447 3282 1487 meos
3315 1431 3427 1485 ini-

1855 1533 2025 1588 mices
2052 1546 2309 1600 superare
2334 1546 2438 1584 non
2467 1529 2752 1583 contendi!
2788 1525 2902 1581 Heu
2931 1541 3016 1580 me
3042 1523 3426 1594 miserum,qui

1854 1639 1920 1679 ex
1953 1623 2172 1679 nomine
2197 1631 2290 1676 tuo
2313 1620 2574 1690 appellor,
2617 1619 2864 1683 Domine,
2897 1626 2950 1672 et
2977 1616 3154 1672 servio
3193 1615 3430 1670 inimicis

1859 1718 2001 1772 tuis!
2043 1716 2140 1771 Hei
2175 1715 2328 1779 mihi,
2367 1714 2454 1768 hei
2492 1713 2644 1779 mihi,
2691 1713 2813 1781 quia
2855 1724 3046 1766 vescor
3075 1710 3140 1765 iis
3169 1723 3287 1778 qua:
3314 1707 3430 1761 Rex

151 1817 432 1885 quoniam
482 1814 576 1870 Dei
628 1829 824 1868 nomen
875 1813 928 1868 in
963 1811 1118 1866 nobis
1149 1809 1481 1866 sanctiﬁcari
1515 1823 1619 1863 non
1655 1825 1749 1877 po.
1785 1794 1826 1847 Β
1859 1825 2010 1866 meus
2055 1810 2377 1873 detestatur,
2413 1816 2467 1862 et
2510 1806 2633 1860 ideo
2665 1819 2768 1859 non
2801 1805 3046 1860 medetur
3081 1801 3250 1857 mihi!
3296 1798 3430 1854 Cum

151 1918 300 1970 test,
336 1909 466 1960 dum
504 1903 888 1974 cupiditatibus
919 1903 1378 1970 obtemperamus.
1437 1899 1664 1956 Dicebat
1687 1916 1752 1955 ex

154 2010 417 2053 veterum
449 1997 670 2052 Patrum
694 1996 996 2052 sententia:
1035 1994 1328 2050 Recessum
1365 2007 1486 2049 esse
1513 1994 1755 2063 corporis

154 2091 382 2160 fugam,
414 2099 471 2144 et
517 2090 708 2144 mortis
755 2073 1184 2143 meditationem.
1229 2082 1331 2141 Ubi
1360 2100 1468 2140 non
1499 2092 1584 2140 est
1628 2100 1754 2154 pax,

160 2183 375 2251 inquit,
407 2181 480 2236 ibi
509 2196 610 2237 nec
637 2179 796 2236 Deus.
831 2179 931 2246 Qui
963 2179 1141 2235 cernit
1176 2185 1394 2250 peccata
1422 2193 1540 2238 sua,
1570 2190 1755 2245 pacem

160 2275 440 2330 intuetur.
483 2272 715 2329 Peccata
750 2286 854 2325 non
911 2269 1060 2340 fugat
1114 2268 1287 2336 locus,
1326 2267 1419 2324 sed
1458 2266 1755 2322 humilitas.

171 2364 355 2421 David
385 2381 507 2419 cum
550 2365 603 2418 in
629 2363 877 2418 adulterii
907 2371 959 2418 et
987 2361 1263 2417 homicidii
1311 2359 1518 2416 crimen
1545 2359 1761 2416 incidis-

165 2469 283 2524 set,
312 2473 481 2514 unum
535 2457 664 2512 illud
707 2456 814 2510 Deo
849 2464 1058 2525 gratum
1090 2455 1416 2510 sacriﬁcium
1442 2454 1666 2519 invenit,
1707 2461 1761 2507 et

171 2553 305 2606 ideo
348 2547 525 2605 dixit:
559 2548 890 2616 Sacriﬁcium
917 2546 1022 2601 Deo
1066 2547 1282 2615 spiritus
1336 2545 1759 2610 contribulatus;

169 2659 274 2696 cor
297 2641 584 2696 contritum
609 2651 656 2695 et
681 2639 1040 2702 humilialum,
1075 2637 1233 2704 Deus,
1285 2653 1387 2692 non
1417 2638 1670 2706 despicies
1692 2639 1758 2692 ⁸⁸.

171 2736 543 2803 Contemptus
588 2741 644 2788 et
693 2729 995 2801 indignatio
1024 2738 1260 2785 mentem
1288 2733 1631 2798 perturbant,
1663 2744 1763 2785 nec

174 2827 511 2897 permittunt
532 2824 608 2879 illi
640 2825 732 2879 Dei
760 2822 944 2878 lumen
974 2822 1239 2891 aspicere.
1270 2819 1394 2877 llaec
1427 2820 1527 2874 tria
1563 2821 1616 2873 in
1657 2819 1765 2889 pri-

183 2918 291 2972 mis
314 2917 452 2972 vitia
483 2917 610 2972 totis
649 2917 856 2972 viribus
886 2915 1030 2986 fuge,
1059 2914 1368 2980 avaritiam,
1411 2913 1762 2968 ambitionem

180 3022 242 3065 et
299 3010 612 3080 ignaviam;
653 3022 774 3079 quae
808 3008 853 3063 si
917 3008 1155 3063 animam
1194 3013 1479 3075 occupent,
1510 3013 1768 3060 evertunt

184 3100 359 3165 illam,
387 3115 490 3156 nec
522 3101 706 3156 sinunt
736 3098 1024 3170 proficere.
1058 3097 1115 3153 Si
1149 3108 1201 3152 te
1231 3098 1283 3150 in
1306 3097 1499 3151 cellula
1529 3105 1619 3151 tua
1644 3111 1770 3150 con-

184 3196 461 3249 sidentem
487 3193 756 3263 cupiditas
785 3190 1064 3263 judicandi
1116 3186 1338 3244 fratrem
1383 3188 1664 3251 invaserit,
1699 3202 1768 3244 ex

182 3286 430 3356 peccatis
455 3285 560 3340 tuis
589 3285 716 3340 illud
741 3283 946 3354 judica,
980 3291 1073 3336 tua
1101 3296 1260 3352 quam
1300 3279 1442 3335 illius
1466 3287 1580 3335 tum
1613 3279 1763 3350 plura

187 3389 304 3433 tum
340 3379 547 3448 majora
567 3393 689 3434 esse
719 3377 1094 3439 considerans,
1120 3384 1174 3430 et
1197 3389 1314 3443 quae
1339 3375 1476 3428 bona
1505 3373 1558 3427 in
1579 3383 1629 3428 te
1651 3387 1772 3428 esse

187 3482 358 3538 opera
381 3466 688 3535 arbitraris,
729 3481 792 3520 ea
822 3466 1036 3534 placere
1065 3463 1176 3519 Deo
1204 3478 1270 3518 ne
1298 3471 1476 3533 putes.
1501 3461 1771 3517 Firmiora

189 3562 338 3617 enim
368 3560 615 3630 corporis
644 3559 886 3615 membra
917 3573 1016 3629 pro
1042 3556 1434 3614 inﬁrmioribus
1466 3565 1587 3610 sunt
1620 3553 1773 3609 solli-

190 3656 328 3722 cita,
361 3655 551 3724 eisque
582 3654 756 3709 donec
775 3652 1186 3718 convalescant,
1221 3660 1442 3722 propter
1479 3650 1776 3705 necessitu-

194 3748 380 3802 dinem
415 3761 521 3816 qua
561 3761 686 3801 cum
733 3745 838 3800 illis
887 3745 1176 3816 conjuncta
1202 3755 1348 3808 sunt,
1385 3744 1650 3798 serviunt.
1674 3741 1774 3808 Qui

195 3840 337 3895 duro
362 3849 488 3896 sunt
524 3840 707 3906 corde,
749 3853 1023 3907 nunquam
1056 3850 1310 3906 peccasse
1346 3849 1404 3891 se
1439 3832 1774 3889 existimant.

196 3932 444 3987 Humiles
468 3945 596 3986 vero
624 3929 852 4001 proximi
874 3928 1086 3998 culpant
1112 3928 1165 3982 in
1194 3942 1253 3984 se
1277 3924 1632 3982 transferunt.
1668 3924 1776 3979 Su-

198 4025 406 4102 perbus
431 4024 488 4078 in
522 4024 707 4078 animo
730 4038 829 4077 suo
851 4023 1156 4092 sapientem
1183 4034 1242 4075 se
1265 4019 1498 4088 judicat,
1528 4028 1584 4073 et
1609 4017 1782 4073 nemi-

197 4132 327 4171 nem
365 4131 602 4184 unquatn
629 4112 936 4170 offendisse.
970 4113 1019 4168 ls
1044 4121 1224 4168 autem
1266 4112 1318 4166 in
1354 4125 1461 4182 quo
1488 4123 1570 4165 est
1619 4111 1784 4166 timor

200 4209 324 4273 Dei,
376 4207 642 4263 sollicitus
689 4215 793 4273 est,
832 4221 900 4261 ne
933 4221 1037 4276 qua
1078 4205 1181 4260 sibi
1219 4205 1392 4260 virtus
1418 4205 1579 4260 desit.
1623 4203 1678 4258 Si
1730 4204 1780 4256 in

199 4299 401 4354 cellula
444 4309 536 4353 tua
586 4297 922 4364 consederis,
960 4306 1016 4352 et
1056 4311 1245 4368 preces
1305 4305 1424 4352 tuas
1476 4296 1528 4350 in
1568 4295 1785 4350 silentio

199 4389 432 4453 fu‘deris,
462 4399 521 4446 et
551 4403 646 4444 cor
677 4396 826 4444 tuum
877 4387 945 4442 ad
983 4385 1185 4456 aliquid
1217 4385 1365 4455 quod
1399 4383 1497 4439 Dei
1549 4397 1657 4436 non
1692 4382 1783 4449 sit,

1855 1919 1977 1959 eum
1999 1912 2255 1972 aegrotum
2283 1909 2338 1955 et
2369 1899 2560 1953 morbo
2587 1896 2742 1952 vahle
2770 1896 3102 1952 laborantem
3122 1895 3430 1952 invisercm,

1855 2005 1911 2050 et
1951 1993 2288 2049 incommoda
2339 1991 2457 2058 cjus
2493 1987 2804 2043 valetudine
2859 1985 3096 2040 dolerem
3128 2000 3143 2038 :
3175 1984 3296 2049 Vix,
3347 1982 3433 2036 in-

1857 2087 1997 2155 quit,
2030 2085 2104 2139 ita
2132 2081 2320 2137 morbo
2355 2088 2580 2133 vexatus
2601 2117 2615 2141 ,
2647 2091 2866 2148 possum
2897 2074 3038 2129 illius
3083 2074 3262 2128 acerbi
3293 2082 3435 2127 tem-

1858 2183 2008 2254 poris
2035 2179 2311 2236 recordari
2335 2195 2347 2242 ;
2377 2185 2582 2230 tantum
2610 2174 2783 2236 abest,
2813 2169 3006 2240 utejus
3035 2183 3242 2224 memor
3256 2181 3432 2223 essem

1860 2275 2092 2339 futurus,
2122 2272 2166 2327 si
2199 2286 2326 2325 caro
2354 2269 2576 2323 valeret.
2602 2264 2733 2320 Cum
2763 2263 2908 2317 enim
2933 2261 3093 2325 valet,
3116 2259 3337 2332 pronior
3353 2266 3439 2314 est

1861 2369 1926 2424 ad
1950 2364 2283 2421 exercendas
2306 2361 2617 2416 inimicitias
2639 2373 2763 2412 cum
2793 2357 2923 2411 Deo.
2955 2354 3131 2408 Arbor
3157 2367 3276 2422 quae
3309 2351 3439 2405 irri-

1865 2470 2024 2534 gatur
2050 2473 2157 2512 non
2199 2454 2419 2518 arescit,
2449 2452 2541 2508 sed
2576 2449 2808 2504 fructum
2862 2445 3036 2501 affert.
3086 2443 3439 2499 Calamitates

1865 2533 2021 2607 nobis
2051 2558 2178 2605 sunt
2208 2548 2523 2618 adiumento
2546 2543 2612 2598 ad
2653 2539 2991 2596 observanda
3041 2537 3290 2592 mandata
3321 2533 3438 2592 Dei.

1869 2644 1966 2699 llei
1996 2643 2149 2706 mihi,
2185 2641 2267 2696 hei
2297 2638 2450 2704 mihi,
2482 2637 2572 2706 qui
2603 2635 2775 2689 habeo
2801 2642 2927 2686 ante
2947 2645 3032 2685 me
3060 2625 3437 2684 accusatores!
3529 2668 3546 2680 .

1867 2735 2150 2804 Quomodo
2197 2743 2385 2803 potero
2424 2741 2714 2785 occurrere
2752 2723 2979 2780 Domino
3011 2736 3130 2778 meo
3159 2731 3213 2776 et
3241 2720 3446 2776 sanctis

1867 2827 2005 2896 ejus,
2039 2840 2160 2882 cum
2189 2821 2396 2878 inimici
2428 2820 2530 2875 mei
2573 2818 2704 2873 mihi
2737 2831 2804 2872 ne
2833 2830 2996 2869 unum
3031 2813 3249 2884 quidem
3274 2825 3446 2866 mem-

1869 2921 2027 2974 brum
2081 2919 2349 2987 integrum
2414 2908 2784 2981 reliquerint?
2841 2905 3075 2975 Quaasivi
3128 2904 3254 2974 quid
3303 2910 3450 2958 esset

1872 3009 2074 3066 homini
2105 3007 2352 3064 solitario
2388 3003 2781 3060 necessarium.
2824 2997 2894 3054 Et
2924 2997 3296 3067 respondens:
3321 2993 3451 3048 Tria

1874 3112 2020 3167 sunt,
2058 3101 2254 3169 inquit,
2307 3097 2383 3150 illi
2412 3093 2750 3156 necessaria,
2781 3098 3074 3160 perpetuus
3101 3085 3284 3150 timor,
3311 3085 3452 3140 assi-

1873 3192 1975 3244 dua
2023 3189 2286 3258 precatio,
2332 3193 2388 3240 et
2415 3184 2674 3240 continua
2711 3180 2893 3236 cordis
2939 3171 3212 3232 custodia.
3246 3175 3454 3231 Cavere
3516 3174 3527 3184 '

1873 3282 2032 3338 debet
2064 3281 2237 3352 homo
2266 3274 2548 3332 solitudini
2581 3283 2636 3328 et
2665 3271 2837 3342 quieti
2873 3270 3114 3332 deditus,
3172 3281 3240 3321 ne
3287 3265 3453 3318 verba

1876 3372 2063 3428 audiat
2092 3369 2321 3426 inutilia.
2369 3366 2498 3421 lisse
2531 3365 2676 3420 enim
2730 3363 2967 3432 perdunt
3015 3361 3230 3415 labores
3260 3357 3449 3427 ipsius.

1874 3463 2072 3526 Abbas,
2109 3461 2302 3530 inquit,
2330 3459 2557 3528 Serapio
2583 3462 2806 3523 rogatus
2831 3467 2860 3505 a
2887 3451 3120 3522 quodam
3144 3462 3292 3511 sene,
3322 3461 3456 3516 qua-

1878 3556 1944 3610 lis
1983 3554 2084 3609 sibi
2124 3553 2239 3623 ipse
2264 3551 2563 3612 videretur,
2615 3545 2894 3618 respondit
2928 3541 3099 3597 mihi:
3136 3537 3344 3594 Similis
3369 3536 3456 3591 vi-

1877 3645 2008 3697 deor
2034 3639 2238 3696 homini
2280 3652 2444 3708 super
2481 3645 2632 3690 turre
2656 3629 2962 3694 exsistenti,
2994 3627 3088 3696 qui
3121 3624 3459 3696 nutujsigni-

1880 3735 2005 3789 licet
2043 3729 2449 3794 accedentibus,
2487 3741 2554 3782 ne
2593 3723 2659 3780 dd
2683 3739 2741 3780 se
2774 3723 3017 3778 veniant.
3060 3717 3128 3774 Et
3154 3732 3323 3772 senex
3366 3716 3458 3785 qui

1880 3824 2056 3880 si'nile
2088 3823 2262 3894 ipsum
2295 3821 2762 3888 interrogaverat,
2805 3814 2943 3870 dixit
2984 3811 3033 3868 ei
3061 3825 3076 3863 :
3111 3808 3243 3877 Mihi
3277 3816 3457 3861 autem

1884 3915 2070 3970 videor
2113 3911 2347 3979 hemini,
2385 3910 2478 3980 qui
2525 3904 2988 3978 propugnaculum
3043 3898 3355 3964 aedificavit,
3412 3910 3464 3950 et

1885 4006 2074 4062 ferreis
2110 4004 2360 4060 vectibus
2409 4001 2538 4057 illud
2585 3997 2840 4060 munivit,
2892 4005 2952 4051 ut
3001 3995 3048 4050 si
3087 3992 3213 4064 quis
3243 3991 3462 4063 pulset,

1887 4112 1990 4152 non
2031 4095 2237 4160 audiat,
2274 4107 2454 4163 neque
2490 4089 2772 4160 intelligat,
2800 4087 2922 4160 quis
2950 4086 3041 4140 ille
3079 4086 3173 4149 sit,
3204 4091 3296 4136 aut
3321 4081 3466 4135 unde

1887 4192 2090 4257 veniat,
2129 4197 2224 4245 aut
2268 4187 2398 4260 quid
2445 4186 2598 4253 velit,
2656 4197 2832 4254 neque
2881 4187 3145 4250 appareat
3204 4177 3252 4231 ei
3308 4174 3462 4244 prius

1886 4299 2050 4353 quam
2083 4282 2347 4339 discedat.
2390 4279 2448 4334 Si
2477 4278 2600 4348 quis
2631 4275 2917 4330 Dominum
2949 4271 3144 4340 quaerit
3172 4283 3236 4322 ex
3261 4265 3462 4329 animo,

1889 4376 2228 4444 attenditque
2270 4371 2398 4435 sibi,
2442 4383 2544 4424 nec
2586 4365 2775 4422 mundi
2813 4363 3044 4418 vinculis
3093 4360 3366 4430 illigatur,
3407 4365 3464 4411 et
3519 4401 3526 4408 .

204 4483 504 4548 inclinarit,
531 4484 692 4554 idque
713 4493 889 4538 tecum
925 4481 1040 4551 ipse
1079 4495 1184 4534 non
1213 4493 1337 4534 esse
1361 4484 1667 4547 peccatum,
1693 4475 1785 4529 sed
1818 4490 1868 4550 υ
1891 4483 1986 4523 cor
2014 4479 2170 4522 suum
2204 4461 2465 4525 custodit,
2518 4467 2578 4513 ut
2618 4459 2736 4513 sine
2784 4453 3083 4510 offensione
3124 4449 3294 4522 possit
3340 4458 3465 4501 ante

203 4584 594 4654 cogitationem
615 4575 903 4648 reputaris,
931 4572 1216 4629 considera
1243 4584 1435 4640 preces
1453 4569 1617 4624 etiam
1643 4575 1784 4631 tuas,

204 4686 344 4741 quas
377 4671 430 4724 in
483 4667 701 4724 silentio
750 4664 953 4728 fundis,
1004 4677 1109 4717 non
1143 4676 1268 4717 esse
1298 4675 1475 4715 veras.
1524 4657 1680 4726 Quod
1737 4657 1784 4711 si

207 4764 391 4818 cordis
431 4763 506 4817 tui
546 4759 876 4817 sacriﬁcium
913 4757 1021 4811 Deo
1070 4754 1252 4810 credis
1308 4767 1430 4809 esse
1480 4762 1784 4820 acceptum,

207 4855 475 4910 mnclude
526 4852 824 4922 simplicem
873 4849 1001 4903 item
1047 4845 1227 4902 cordis
1251 4844 1632 4915 cogitationem
1665 4856 1786 4895 cum

210 4945 416 5001 malitia
447 4941 788 5010 conjunctam
821 4937 914 4993 tibi
947 4935 1162 4992 crimini
1189 4936 1322 4989 ve‘rti
1357 4934 1497 5004 apud
1526 4933 1718 4988 Deum.

283 5033 371 5089 IV.
400 5032 500 5099 Qui
533 5030 656 5085 belli
691 5038 933 5097 tempore
964 5025 1224 5080 auxilium
1275 5039 1381 5078 non
1428 5021 1658 5087 invenit,
1690 5034 1788 5089 pa-

213 5142 330 5181 cem
350 5138 572 5192 sperare
593 5138 698 5177 non
731 5129 926 5190 potest.
953 5119 999 5173 ls
1021 5118 1222 5171 frustra
1246 5115 1424 5180 docet,
1449 5113 1606 5184 cujus
1629 5125 1791 5181 opera

213 5227 344 5271 sunt
383 5216 644 5270 doctrina:
682 5211 979 5268 contraria.
1017 5210 1090 5262 De
1118 5207 1501 5263 communione
1529 5204 1744 5258 dicebat
1774 5218 1787 5252 :

1891 4557 1987 4612 Dei
2015 4553 2254 4612 tribunal
2277 4551 2612 4617 consistere;
2643 4548 2690 4604 is
2718 4548 2786 4603 ab
2809 4561 2875 4603 eo
2901 4543 3371 4612 exauditur.atque
3393 4537 3466 4594 di-

1890 4649 2090 4722 ligitur.

2423 4730 2680 4792 ORATIO
2724 4729 2934 4786 XXVII.

2104 4831 2170 4886 In
2217 4831 2414 4884 dictum
2447 4826 2582 4882 illud
2611 4841 2630 4880 :
2659 4843 2678 4877 ι
2722 4823 2945 4879 Attende
2987 4820 3078 4875 tibi
3098 4819 3142 4851 ⁸⁸
3173 4857 3186 4872 .
3219 4836 3237 4869 ι

1959 4926 2000 4980 ι.
2024 4925 2255 4980 Attende
2287 4923 2382 4978 tibi
2421 4920 2732 4989 diligenter,
2775 4925 2834 4971 et
2869 4928 3064 4984 magna
3109 4927 3232 4966 cum
3270 4909 3466 4964 fiducia

1890 5018 2178 5075 considera
2212 5015 2498 5070 Dominum
2523 5019 2766 5066 nostrum
2805 5006 2986 5064 Jesum
3024 5004 3318 5069 Christum,
3341 5017 3466 5058 cum

1892 5109 2034 5166 Deus
2063 5115 2210 5162 esset
2251 5114 2304 5160 et
2332 5101 2657 5159 ineffabilem
2689 5099 2916 5155 haberet
2957 5095 3187 5166 gloriam
3219 5102 3276 5149 et
3303 5093 3469 5162 maje-

1889 5208 2108 5262 statem,
2159 5195 2433 5254 hominem
2493 5207 2592 5263 pro
2651 5190 2808 5270 nobis
2861 5202 2981 5244 esse
3020 5188 3243 5255 factum,
3301 5201 3470 5257 seque
3542 5219 3555 5234 ι

214 5311 312 5367 Hei
349 5309 503 5377 mihi,
556 5307 645 5361 hei
693 5304 862 5360 mihi!
913 5303 971 5358 Si
1027 5299 1370 5357 communico
1402 5312 1524 5352 cum
1560 5294 1795 5352 inimicis
1891 5292 2047 5347 nobis
2074 5288 2380 5357 exemplum
2423 5284 2784 5356 proposuisse,
2819 5290 2878 5337 ut
2911 5295 3205 5349 sequamur
3243 5279 3470 5351 vestigia

217 5403 336 5467 Dei,
378 5417 500 5472 quae
538 5401 668 5455 mibi
719 5412 840 5452 cum
875 5395 988 5451 Deo
1045 5401 1220 5464 potest
1265 5406 1387 5447 esse
1443 5386 1796 5446 communio?
1894 5379 2111 5454 ejus‘“.
2136 5379 2390 5436 Formam
2425 5378 2569 5433 enim
2609 5374 2753 5431 servi
2804 5374 3094 5444 accipiens,
3125 5374 3470 5430 vehementer

216 5464 412 5550 Nonne
438 5492 492 5546 in
519 5489 780 5560 judicium
812 5496 866 5542 et
897 5481 1399 5542 condemnationem
1433 5497 1464 5536 a
1509 5494 1597 5536 me
1625 5477 1800 5535 susci-
1895 5485 2058 5545 atque
2105 5470 2404 5528 incredibili
2443 5471 2602 5525 modo
2653 5467 2956 5542 humiliavit
2995 5465 3344 5532 semetipsum
3401 5464 3473 5530 ⁸⁸,

218 5587 404 5660 pitur?
435 5583 630 5642 Omnia
655 5581 800 5639 enim
820 5582 1014 5636 munda
1057 5575 1304 5630 mundis:
1337 5571 1803 5646 coinquinatimu-

1897 5576 1953 5622 et
1981 5578 2181 5635 pauper
2212 5561 2438 5619 effectus
2484 5570 2588 5629 est,
2627 5560 3034 5630 multorumque
3068 5557 3392 5627 ignominias
3418 5561 3470 5608 et

294 5750 342 5780 "
381 5747 571 5801 Matth.
601 5761 678 5809 Vl,
705 5743 761 5798 9.
838 5739 1122 5807 l"Psal.t.,
1154 5738 1238 5795 l9.
1316 5735 1362 5768 “
1381 5732 1488 5788 Tit.
1522 5735 1561 5800 t,
1600 5729 1686 5784 l5.
1747 5725 1796 5758 "
1839 5722 1860 5778 Ι
1895 5722 2008 5778 Pct.
2039 5736 2101 5786 ιι,
2138 5719 2223 5773 Η.
2300 5717 2371 5751 ³⁸⁸
2405 5717 2538 5773 Tob.
2567 5731 2640 5782 ιν,
2681 5714 2765 5768 l3.
2842 5716 2889 5749 "
2918 5713 3152 5780 Philipp.
3188 5725 3248 5774 ll,
3270 5708 3322 5762 7.

425 5843 698 5902 ΡΑτιιοι.
745 5837 858 5896 Gn.
891 5836 1008 5893 XL.

3087 5801 3158 5860 38

2926 5909 2998 6011 κ
