3862 6330
418 290 559 347 H95

1499 291 1769 348 PATRES
1806 284 2108 347 EGYPTII
2150 288 2416 348 SJECULI
2455 287 2547 345 IV.

3508 288 3651 345 “'10

417 408 775 467 contumelias
816 408 1072 479 pertulit:
1108 418 1162 464 et
1208 409 1654 479 quemadmodum
1712 411 1975 480 scriptum
2007 415 2046 471 Α
2076 406 2293 471 Christi,
2342 408 2456 463 sive
2506 407 2557 461 in
2580 406 2708 472 vita,
2747 406 2862 463 sive
2897 407 2953 463 in
2994 416 3185 477 morte,
3215 409 3333 465 sive
3367 408 3423 465 in
3457 412 3657 480 quavis

418 510 503 555 est
534 520 546 554 :
582 499 851 569 Tanquam
883 500 989 552 ovis
1023 498 1092 551 ad
1118 499 1427 553 occisionem
1457 500 1644 554 ductus
1669 509 1766 566 est,
1791 512 1837 554 et
1863 511 1977 554 tan-

415 607 572 661 quam
595 606 760 660 agnus
782 606 958 644 coram
1000 592 1243 645 tondente
1265 607 1318 646 se
1348 591 1628 658 obmutuit,
1659 601 1707 645 et
1730 608 1832 646 non
1859 609 1980 660 ape-

420 682 521 733 ruit
545 696 601 733 os
630 695 805 733 suum.
836 678 905 733 In
935 678 1225 735 humilitate
1262 682 1375 750 ejus
1412 682 1678 751 judicium
1714 683 1979 736 sublatum

417 777 493 823 est
545 768 613 832 ",
659 779 716 823 et
745 780 972 824 mortem
1024 770 1390 839 turpissimam
1443 785 1540 840 pro
1588 771 1744 825 nobis
1792 771 1975 825 subiit.

418 857 778 924 Quamobrem
824 868 880 914 et
918 874 1017 915 nos
1066 870 1287 931 propter
1320 862 1625 915 mandatum
1656 860 1771 929 ejus
1805 871 1857 917 et
1883 877 1981 932 pro

417 950 651 1019 peccatis
682 949 901 1018 nostris,
954 950 1179 1020 patienti
1228 960 1385 1019 atque
1428 964 1581 1019 atquo
1621 951 1800 1003 animo
1839 952 1980 1007 ferre

418 1042 695 1108 debemus,
741 1042 787 1096 si
816 1044 937 1111 quis
968 1056 1066 1098 nos
1097 1042 1181 1097 vel
1213 1041 1335 1112 jure
1360 1042 1445 1096 vel
1485 1042 1676 1111 injuria
1706 1042 1848 1098 lmdit
1889 1052 1983 1099 aut

419 1133 580 1189 allicit
608 1136 955 1190 contumelia.
980 1136 1050 1205 .Si
1083 1136 1201 1205 quis
1243 1136 1312 1191 ad
1343 1145 1571 1191 mortem
1602 1151 1769 1206 usque
1800 1151 1981 1207 perse-

417 1225 621 1295 quitur,
652 1233 903 1297 tanquam
929 1240 1057 1282 oves
1108 1241 1206 1282 nos
1229 1242 1502 1296 geramus,
1532 1242 1637 1281 non
1668 1227 1981 1283 resistentes

416 1329 516 1371 nec
540 1317 991 1381 contradicentes,
1017 1317 1113 1371 sed
1147 1317 1324 1386 potius
1347 1332 1467 1373 cum
1491 1318 1704 1374 silentio
1724 1327 1779 1373 et
1806 1318 1985 1373 humi-

416 1403 566 1459 litate
593 1419 692 1475 pro
736 1405 969 1461 inimicis
998 1415 1235 1462 orantes.

486 1496 555 1549 ll.
612 1496 841 1551 Attende
878 1496 976 1552 tibi
1021 1497 1324 1568 diligenter,
1370 1505 1425 1552 et
1472 1510 1726 1568 magnum
1772 1496 1980 1551 lucrum

415 1586 687 1653 existima,
719 1588 1054 1657 salutemque
1083 1589 1275 1642 animae
1322 1596 1424 1643 tute
1464 1588 1516 1642 in
1551 1602 1615 1642 eo
1647 1588 1805 1643 sitam
1835 1588 1981 1642 arbi-

416 1687 583 1741 trare,
607 1676 652 1730 si
682 1677 1035 1731 contumelias
1051 1685 1102 1730 et
1126 1676 1449 1747 ignominias
1477 1686 1531 1731 et
1557 1676 1982 1747 oppugnationes

2079 496 2386 552 afﬂictione.
2413 495 2479 549 Et
2501 510 2712 567 semper
2741 511 2963 567 magnas
2998 498 3205 567 aliquas
3236 500 3507 557 terribiles
3532 512 3651 555 tet:-

2082 585 2311 640 tationes
2364 595 2418 640 et
2475 584 2789 640 alllictiones
2834 596 2889 641 et
2940 587 3277 643 calamitates
3323 599 3379 643 et
3418 600 3654 647 mortem

2078 683 2351 745 exspecta,
2383 690 2450 730 ne
2472 684 2524 730 te
2560 676 2881 745 imparatum
2920 676 3215 732 offendant.

2149 767 2280 824 Vill.
2313 767 2547 823 Attende
2586 769 2682 823 tibi
2726 769 3030 840 diligenter,
3067 781 3126 825 ut
3163 781 3419 841 tanquam
3449 773 3657 843 ubique

2079 871 2316 927 praesens
2352 858 2421 912 sit
2458 857 2623 925 Deus,
2659 858 2790 913 nihil
2839 860 3019 915 facere
3076 862 3303 933 cogites,
3337 865 3482 931 quod
3527 864 3653 931 ejus

2081 951 2149 1005 sit
2176 949 2436 1005 voluntati
2455 952 2805 1006 contrarium.
2834 951 3096 1008 Omnibus
3131 954 3183 1008 in
3210 956 3371 1010 rebus
3394 959 3656 1025 quamvis

2082 1039 2340 1107 minimis,
2394 1054 2487 1095 seu
2525 1040 2651 1109 quid
2692 1042 2838 1112 loqui
2883 1043 2986 1109 vis,
3035 1057 3129 1098 seu
3177 1059 3359 1114 agere,
3397 1061 3495 1100 seu
3525 1061 3655 1102 eum

2089 1128 2267 1198 aliquo
2321 1131 2518 1199 negotii
2553 1132 2826 1201 quidpiam
2862 1134 3201 1199 contrahere,
3232 1145 3326 1189 aut
3358 1137 3538 1190 cibum
3567 1152 3658 1191 ca-

2080 1233 2226 1288 pere,
2250 1227 2341 1275 aut
2364 1220 2569 1288 bibere,
2605 1232 2696 1278 aut
2718 1225 2957 1281 cubitum
2990 1226 3091 1295 ire,
3120 1236 3212 1283 aut
3236 1230 3533 1299 quidquam
3567 1245 3656 1304 ago

2081 1309 2249 1377 gredi,
2276 1310 2426 1379 prius
2484 1314 2791 1381 considera,
2832 1326 3010 1374 utrum
3061 1318 3116 1373 id
3164 1334 3285 1374 cum
3320 1319 3412 1375 Dei
3462 1322 3659 1375 volun-

2084 1409 2194 1455 tate
2241 1403 2549 1470 conveniat,
2594 1415 2648 1460 et
2693 1406 2809 1476 ejus
2862 1425 3080 1466 causam
3139 1411 3432 1477 confitere,
3490 1422 3655 1481 atque

2082 1492 2159 1547 ita
2207 1508 2317 1549 rem
2355 1495 2670 1566 aggredere,
2704 1509 2763 1554 ut
2815 1516 3007 1572 magna
3053 1502 3150 1559 tibi
3181 1502 3381 1560 fiducia
3405 1504 3483 1560 sit
3513 1504 3656 1575 apud

2083 1585 2272 1640 Deum.

2161 1676 2251 1731 IX.
2282 1677 2512 1734 Attende
2549 1680 2646 1735 tibi
2688 1682 2993 1751 diligenter,
3023 1692 3087 1738 ut
3120 1685 3166 1740 si
3199 1685 3322 1756 quis
3375 1693 3430 1741 te
3472 1685 3654 1755 aliqua

416 1777 634 1837 propter
666 1768 948 1823 Dominum
994 1770 1261 1839 patienter
1305 1771 1475 1825 feras.
1519 1768 1649 1823 Illud
1688 1769 1891 1839 cogita,
1928 1778 1978 1824 te
2011 1758 2053 1813 Β
2083 1768 2141 1821 in
2203 1783 2261 1822 re
2317 1769 2622 1837 oll'enderit,
2645 1781 2699 1826 et
2749 1782 2801 1829 te
2834 1774 2986 1830 dolor
3038 1776 3346 1832 exstimulat
3381 1787 3483 1833 aut
3516 1778 3657 1835 indi-

416 1860 585 1914 multo
638 1861 886 1929 graviora
935 1862 1129 1916 mereri
1185 1863 1445 1932 supplicia
1490 1871 1713 1933 propter
1762 1872 1981 1933 peccata

418 1963 527 2006 tua.
563 1950 629 2006 Et
672 1950 914 2007 beneﬁcii
968 1952 1087 2008 loco
1152 1967 1372 2007 numera
1422 1953 1563 2022 quod
1590 1954 1779 2023 dignus
1805 1952 1981 2008 factus

416 2044 513 2109 sis,
548 2042 637 2113 qui
670 2049 887 2112 propter
939 2041 1123 2097 Deum‘
1154 2042 1428 2113 plectaris,
1462 2052 1519 2097 ut
1568 2043 1747 2112 aliquo
1788 2043 1979 2099 saltem

416 2133 574 2188 modo
606 2147 673 2187 ex
708 2132 891 2187 multis
936 2132 1311 2188 afﬂictionibus
1340 2142 1394 2187 et
1422 2132 1633 2203 probris
1665 2131 1874 2188 Domini
1904 2135 1979 2214 tui

418 2225 712 2281 fmdissima
739 2225 965 2280 ludibria
1007 2234 1061 2280 et
1093 2226 1360 2280 cruciatus
1390 2225 1766 2282 acerbissimos
1803 2227 1982 2282 imite-

419 2316 513 2370 ris.
553 2316 622 2369 Et
665 2316 877 2384 quoties
921 2313 1268 2384 allligentium
1316 2324 1367 2369 te
1406 2323 1568 2384 atque
1599 2316 1978 2370 insectantium

417 2404 743 2468 recordaris,
782 2403 889 2457 noli
937 2404 1211 2472 conqueri,
1239 2402 1330 2458 sed
1364 2404 1539 2474 potius
1564 2419 1631 2460 ex
1670 2405 1851 2460 animo
1882 2420 1981 2475 pro

415 2497 518 2551 illis
544 2510 661 2561 ora,
686 2504 743 2549 ut
781 2496 870 2565 qui
908 2496 1000 2550 tibi
1057 2494 1414 2549 maximorum
1457 2495 1717 2550 bonorum
1748 2495 1856 2550 sint
1890 2510 1983 2549 au-

413 2598 607 2642 ctores.

481 2676 567 2734 lll.
605 2679 835 2735 Attende
873 2677 968 2733 tibi
1016 2677 1321 2747 diligenter,
1376 2688 1434 2733 ut
1478 2686 1727 2748 tanquam
1774 2686 1977 2745 pestem

412 2783 467 2826 et
519 2780 742 2826 mortem
805 2777 962 2838 atque
1017 2770 1287 2825 interitum
1338 2769 1564 2832 animae,
1611 2777 1977 2836 aeternumque

414 2862 732 2932 supplicium
797 2859 969 2930 fugias
1022 2860 1231 2929 imperii
1279 2868 1333 2914 et
1373 2860 1552 2928 gloria:
1600 2869 1653 2915 et
1680 2860 1897 2915 honoris
1924 2869 1976 2915 et

413 2953 585 3007 laudis
616 2951 980 3019 cupiditatem.
1008 2951 1072 3004 Et
1098 2966 1228 3005 cave
1250 2966 1315 3004 ne
1344 2960 1392 3003 te
1424 2950 1626 3018 aliquid
1661 2964 1778 3005 esse
1801 2962 1972 3019 putes,

415 3055 509 3096 aut
541 3044 749 3105 virtute
792 3040 968 3109 aliqua
1006 3020 1333 3106 ‘prmditum,
1366 3049 1456 3093 aut
1487 3052 1538 3095 te
1566 3039 1683 3095 aliis
1726 3042 1807 3096 vel
1833 3057 1973 3111 pra:-

343 3179 351 3186 .
414 3132 757 3195 stantiorem,
787 3130 868 3185 vel
895 3129 1057 3184 etiam
1087 3113 1289 3201 parem.
1318 3130 1381 3185 Et
1401 3145 1560 3186 omne
1597 3133 1841 3201 quamvis
1867 3134 1979 3189 exi-

416 3239 576 3295 guum
643 3224 823 3278 carnis
880 3224 1205 3278 desiderium
1275 3232 1329 3277 et
1385 3223 1716 3293 voluptatem
1769 3224 1981 3293 penitus

415 3312 686 3370 abscinde.
722 3313 906 3385 Neque
935 3316 1249 3386 cujusquam
1293 3315 1528 3371 hominis
1559 3323 1730 3379 utere,
1757 3315 1857 3370 nisi
1885 3330 1980 3369 ne-

413 3408 638 3463 cessitas
668 3416 873 3477 urgeat,
902 3405 1287 3474 familiaritate,
1338 3420 1510 3475 neque
1539 3420 1733 3474 corpus
1758 3406 1978 3463 alterius

417 3499 643 3566 attinge,
696 3508 786 3551 aut
838 3497 1110 3567 quidpiam
1152 3497 1277 3552 licet
1310 3499 1729 3567 pauxillumrsit,
1759 3501 1980 3556 comede

422 3600 620 3660 prater
677 3598 910 3659 tempus,
951 3602 1019 3644 ne
1064 3589 1316 3658 paulatim
1359 3606 1425 3645 ex
1466 3592 1703 3647 minimis
1736 3593 1802 3648 ad
1828 3594 1978 3649 dete-

420 3683 563 3738 riora
594 3682 897 3753 prolabare.

480 3774 571 3830 ιν.
598 3774 839 3829 Attende.
867 3772 960 3829 tibi
1013 3773 1315 3845 diligenter,
1353 3784 1410 3831 ut
1440 3786 1492 3831 te
1541 3790 1670 3833 vere
1712 3787 1872 3847 atque
1909 3769 1975 3835 ex

414 3865 595 3918 animo
644 3861 1079 3918 Christianorum
1141 3863 1380 3919 omnium
1440 3864 1885 3936 abjectissimum,
1926 3878 1981 3923 et

414 3966 751 4023 peccatorem
801 3956 1093 4010 maximum
1154 3957 1450 4024 arbitrere,
1503 3970 1557 4015 et
1595 3960 1807 4017 animus
1858 3970 1983 4018 tuus

414 4049 626 4114 semper
655 4046 869 4100 humilis
892 4042 981 4110 sit,
1014 4056 1068 4101 et
1100 4047 1152 4102 in
1185 4064 1416 4105 maerore
1445 4052 1765 4123 tristitiaque
1801 4067 1981 4109 verse-

417 4144 522 4185 tur.
555 4132 778 4203 Semper
804 4143 863 4188 ut
896 4134 1180 4205 imperitus
1227 4138 1580 4210 indignnsque
1628 4151 1765 4207 tace,
1805 4159 1980 4214 neque

413 4238 644 4292 unquam
675 4223 894 4280 omnino
915 4266 929 4290 ,
962 4227 1063 4281 nisi
1097 4242 1316 4284 necesse
1349 4234 1438 4295 sit,
1462 4231 1699 4301 loquere.

485 4312 549 4366 Υ.
594 4314 827 4370 Attende
876 4316 971 4370 tibi
998 4316 1313 4386 diligenter;
1360 4320 1499 4388 ignis
1537 4321 1623 4375 ille
1669 4330 1974 4392 perpetuus,

2084 1861 2290 1930 gnatio,
2324 1877 2392 1916 ne
2439 1862 2566 1931 quid
2600 1872 2793 1933 praater
2824 1865 2987 1922 decus
3029 1866 3288 1938 loquaris,
3318 1869 3415 1924 sed
3449 1880 3655 1937 taceas,

2082 1952 2252 2009 donec
2284 1956 2527 2024 quiescat
2567 1970 2662 2011 cor
2692 1968 2860 2023 tuum,
2909 1974 2973 2017 ac
3007 1969 3118 2016 tum
3148 1962 3361 2018 demum
3393 1963 3659 2039 .benigue

2085 2044 2307 2100 fratrem
2365 2049 2616 2113 admone,
2658 2058 2713 2104 et
2777 2052 3081 2109 cohortare.
3152 2053 3307 2122 Quod
3351 2057 3399 2109 si
3425 2070 3658 2111 necesse

2082 2135 2246 2191 fuerit
2297 2136 2519 2195 fratrem
2553 2142 2973 2212 reprehendere,
3020 2154 3074 2200 et
3108 2156 3160 2203 te
3204 2147 3283 2202 ira
3316 2158 3656 2203 commotum

2082 2228 2303 2295 videris,
2331 2239 2386 2284 et
2424 2246 2529 2286 non
2566 2234 2637 2288 tui
2669 2231 2844 2304 juris;
2900 2251 3028 2293 cave
3062 2253 3133 2294 ne
3164 2239 3288 2309 quid
3316 2240 3544 2319 omnino
3576 2241 3656 2296 lo-

2080 2323 2284 2390 quaris,
2340 2336 2407 2376 ne
2464 2333 2674 2379 crescat
2717 2327 3068 2395 perturbatio,
3109 2331 3201 2385 sed
3245 2346 3371 2386 cum
3412 2343 3470 2387 et
3512 2344 3564 2388 te
3601 2344 3657 2389 et

2082 2413 2227 2467 illum
2255 2414 2467 2483 quietos
2530 2416 2955 2488 tranquillosque
3014 2421 3479 2491 animadverteris,
3538 2434 3655 2479 tum

2080 2504 2161 2558 sic
2186 2519 2307 2558 eum
2346 2504 2641 2576 alloquere,
2674 2515 2731 2561 ut
2780 2522 2887 2562 non
2926 2525 3173 2579 arguere,
3205 2514 3297 2567 sed
3336 2514 3488 2569 omni
3525 2530 3655 2569 cum

2080 2596 2383 2651 humilitate
2412 2611 2755 2653 commonere
2779 2601 3080 2668 proximum
3105 2603 3342 2660 videare.

2150 2686 2216 2740 X.
2253 2687 2483 2744 Attende
2540 2688 2635 2743 tibi
2682 2690 2983 2761 diligenter,
3009 2702 3067 2748 ut
3099 2695 3321 2767 singulis
3366 2696 3519 2752 horis
3547 2698 3657 2752 ali-

2078 2793 2242 2848 quam
2300 2780 2393 2835 tibi
2451 2780 2531 2837 vel
2584 2797 2649 2837 ex
2694 2793 2892 2852 morte,
2948 2785 3033 2840 vel
3084 2800 3150 2842 ex
3185 2788 3513 2853 calamitate,
3556 2802 3655 2845 aut

2078 2884 2273 2938 magno
2308 2870 2489 2941 aliquo
2515 2873 2754 2943 periculo
2781 2877 3128 2934 tentationem
3176 2880 3384 2935 instare
3414 2897 3524 2937 non
3549 2883 3655 2936 du-

2078 2961 2235 3015 bites.
2280 2959 2348 3017 Et
2402 2977 2533 3047 quae
2572 2964 2904 3034 advenerint,
2937 2968 3057 3023 forti
3086 2984 3150 3025 ac
3187 2978 3409 3026 strenuo
3466 2973 3655 3029 animo

2004 3087 2048 3145 ε
2079 3052 2258 3122 perfer
2306 3055 2508 3121 omnia,
2567 3058 2914 3115 considerans
2971 3075 3095 3116 esse
3150 3063 3537 3131 necessarium,
3588 3077 3653 3122 ut

2081 3160 2178 3215 per
2214 3145 2409 3203 multas
2450 3146 2765 3207 all'lictiones
2806 3158 2860 3206 et
2891 3167 3164 3209 aerumnas
3197 3155 3564 3226 ingredimur
3591 3159 3653 3214 in

2082 3252 2304 3305 regnum
2332 3238 2591 3295 caelorum
2630 3243 2699 3297 ".

2152 3325 2238 3382 XI.
2293 3328 2523 3387 Attende
2572 3333 2665 3388 tibi
2717 3334 3026 3406 diligenter,
3070 3348 3131 3395 ut
3168 3341 3310 3397 nulla
3347 3342 3403 3398 in
3430 3345 3656 3400 actione

2081 3428 2174 3472 aut
2200 3431 2452 3476 sermone
2507 3431 2600 3477 aut
2648 3424 2993 3495 cogitatione,
3037 3430 3296 3487 voluntati
3339 3444 3431 3489 aut
3474 3436 3653 3504 quieti

2088 3521 2192 3566 tua:
2219 3513 2448 3579 servias,
2476 3516 2569 3569 sed
2594 3514 2854 3571 voluntati
2878 3516 2994 3585 Dei,
3020 3521 3230 3578 etiamsi
3270 3539 3493 3594 magnus
3520 3542 3654 3596 pro.

2090 3603 2299 3671 positus
2352 3604 2503 3661 labor
2552 3607 2815 3666 videatur.
2873 3611 2963 3666 Sic
3002 3612 3143 3667 enim
3184 3614 3420 3670 tenditur
3458 3618 3526 3671 ad
3557 3634 3655 3673 re-

2080 3709 2244 3763 gnum
2272 3696 2552 3753 ctelorum.
2578 3698 2705 3753 Eam
2742 3701 2908 3770 igitur
2940 3704 3085 3758 omni
3139 3705 3383 3761 humanae
3409 3710 3653 3778 pruden-

2080 3784 2166 3836 tiae
2204 3791 2488 3854 antepone,
2514 3798 2567 3842 et
2591 3787 2811 3858 reliquis
2829 3792 3080 3848 omnibus
3098 3795 3369 3852 hominum
3401 3800 3651 3857 consiliis

2079 3874 2347 3931 utiliorem
2406 3877 2676 3944 existima,
2728 3878 2824 3935 Dei
2884 3896 3115 3951 namque
3183 3886 3495 3942 mandatum
3557 3900 3649 3945 est

2077 3978 2275 4020 aeterna
2303 3966 2430 4021 vita.
2459 3966 2525 4023 Et
2552 3969 2641 4038 qui
2668 3970 2836 4039 ipsum
2876 3974 3172 4041 exquirunt,
3201 3991 3304 4029 non
3340 3979 3649 4033 minuentur

2076 4055 2132 4109 in
2172 4058 2314 4109 omni
2337 4058 2467 4112 bono
2489 4058 2556 4112 “.

2152 4146 2265 4203 Xll.
2303 4149 2534 4205 Attende
2578 4151 2671 4205 tibi
2717 4152 3022 4224 diligenter,
3056 4166 3113 4211 ut
3154 4158 3204 4212 in
3229 4171 3519 4230 conspectu
3548 4164 3647 4221 Dei

2077 4250 2289 4306 semper
2324 4239 2604 4307 exsistens,
2639 4243 2770 4297 nihil
2814 4245 2881 4299 ab
2932 4247 3039 4302 ullo
3064 4247 3170 4303 alio
3213 4264 3421 4320 speres,
3445 4255 3540 4310 sed
3570 4257 3646 4310 ab

2078 4343 2183 4382 uno
2217 4328 2309 4383 illo
2358 4331 2535 4385 omnia
2587 4348 2707 4388 cum
2746 4334 2869 4393 fide.
2905 4336 2961 4392 Si
3001 4355 3104 4408 qua
3143 4355 3200 4396 re
3232 4344 3324 4397 tibi
3360 4359 3498 4415 opus
3533 4360 3644 4415 est,

412 4406 738 4475 sempiterna
790 4407 1072 4477 supplicia,
1131 4418 1186 4463 et
1235 4411 1327 4480 qui
1356 4410 1465 4465 illic
1505 4412 1741 4467 damnati
1772 4428 1968 4469 excru-
2003 4430 2047 4488 ι)
2078 4418 2240 4474 Deum
2269 4437 2512 4491 precare,
2543 4434 2601 4479 ut
2623 4438 2741 4480 eam
2765 4428 2883 4495 tibi,
2916 4430 2962 4484 si
2993 4406 3140 4499 velit,
3161 4406 3437 4491 concedat.
3468 4406 3643 4505 Quid;

413 4497 648 4563 tiantur,
711 4497 808 4553 tibi
883 4514 1094 4567 semper
1154 4509 1278 4555 ante
1354 4501 1539 4557 oculos
1592 4504 1968 4569 obversentur,

413 4597 570 4657 teque
596 4604 664 4643 ex
702 4602 887 4643 eorum
940 4605 1165 4646 numero
1188 4607 1349 4646 unum
1386 4593 1563 4662 potius
1603 4608 1767 4663 quam
1793 4595 1974 4650 viven-

412 4676 541 4730 tium
572 4677 846 4733 existima.

482 4763 569 4819 Vl.
601 4766 828 4820 Attende
858 4763 954 4820 tibi
972 4765 1253 4837 diligenter
1285 4775 1338 4821 et
1362 4766 1665 4836 considera,
1689 4768 1970 4827 Dominum

410 4864 650 4912 nostrum
704 4854 885 4911 Jesum
928 4854 1202 4911 Christum
1238 4870 1334 4924 pro
1376 4857 1526 4913 nobis
1552 4869 1822 4913 mortuum
1855 4876 1975 4917 esse

407 4955 463 5002 et
499 4944 822 5011 surrexisse,
855 4959 1059 5014 nosque
1108 4947 1364 5015 sanguine
1398 4962 1494 5003 suo
1540 4949 1854 5018 redemisse,
1916 4967 1973 5010 ut

407 5039 510 5109 ipsi
565 5037 656 5093 tibi
704 5053 808 5092 non
858 5038 1087 5108 amplius
1122 5038 1294 5102 vivas,
1337 5040 1429 5094 sed
1487 5041 1713 5098 Domino
1737 5046 1827 5114 qui
1876 5062 1972 5116 pro

408 5130 564 5184 nobis
596 5137 840 5183 mortuus
885 5137 970 5183 est
1017 5135 1070 5183 et
1107 5129 1339 5183 surrexit
1363 5129 1430 5184 ³⁸.
1477 5132 1665 5202 Cogita
1696 5136 1875 5204 igitur,
1920 5149 1971 5195 te

407 5234 620 5290 semper
657 5228 784 5276 ante
830 5218 1015 5275 oculos
1052 5220 1168 5290 ejus
1209 5222 1435 5289 versari,
1471 5233 1525 5279 et
1567 5240 1662 5280 cor
1690 5235 1838 5282 tuum
1875 5231 1970 5286 ob-

408 5324 582 5365 serva.

478 5399 589 5455 Ἧι.
631 5400 865 5455 Attende
912 5399 1010 5455 tibi
1057 5400 1358 5472 diligenter,
1383 5413 1442 5460 ut
1484 5416 1729 5478 prompto
1756 5423 1970 5481 semper

406 5504 587 5547 animo
626 5504 818 5559 pareas
865 5493 1124 5551 voluntati
1167 5494 1262 5551 Dei
1289 5502 1343 5551 et
1386 5496 1598 5554 Domini
1641 5502 1811 5557 nostri
1842 5502 1970 5559 Jesu

2078 4513 2203 4580 quid
2254 4513 2437 4578 babes,
2471 4514 2522 4569 id
2574 4530 2676 4574 non
2718 4518 2857 4586 aliis,
2888 4522 2978 4575 sed
3020 4522 3128 4578 Deo
3157 4535 3431 4597 acceptum
3475 4531 3643 4600 refer,

2076 4613 2129 4656 et
2162 4601 2231 4655 illi
2267 4604 2467 4672 gratias
2510 4619 2624 4675 age.
2654 4604 2709 4661 Si
2746 4624 2849 4677 qua
2877 4611 2969 4666 tibi
3014 4614 3226 4681 desunt,
3258 4632 3321 4672 ea
3350 4619 3419 4675 ab
3458 4621 3644 4679 homi-

2078 4693 2233 4747 nibus
2263 4708 2330 4747 ne
2364 4706 2665 4765 exspectes,
2714 4715 2888 4771 neque
2922 4704 2987 4758 de
3024 4706 3129 4760 ullo
3159 4724 3514 4780 conquerere,
3544 4718 3641 4772 sed

2078 4782 2239 4838 alacri
2273 4784 2453 4841 animo
2481 4794 2533 4841 et
2580 4790 2866 4857 tranquillo
2898 4808 3091 4849 cuncta
3120 4800 3413 4868 sustineas,
3459 4813 3639 4861 tecum

2078 4870 2194 4940 ipse
2221 4872 2292 4925 ita
2320 4874 2560 4943 cogitans
2591 4891 2604 4927 :
2633 4876 2742 4948 Ego
2774 4880 2987 4947 quidem
3022 4895 3239 4955 propter
3267 4901 3488 4958 peccata
3520 4911 3641 4951 mea

2072 4962 2252 5018 multis
2284 4978 2402 5019 sum
2467 4968 2662 5038 dignus
2712 4968 3093 5033 alliictionibus
3128 4998 3141 5033 :
3184 4991 3420 5040 attamen
3459 4987 3639 5058 Deus,

2068 5053 2113 5108 si
2140 5053 2285 5121 velit,
2312 5065 2485 5125 potest
2518 5063 2621 5116 mei
2651 5064 2916 5132 misereri,
2940 5077 2994 5124 et
3035 5084 3153 5139 quae
3167 5082 3288 5128 sunt
3316 5078 3434 5132 usui
3460 5053 3642 5138 neces;

2069 5146 2209 5200 saria
2238 5186 2254 5212 ,
2313 5149 2442 5204 mihi
2488 5154 2919 5213 subministrare.
2980 5160 3092 5217 lloc
3134 5165 3314 5221 animo
3355 5169 3401 5223 si
3448 5170 3639 5245 fueris,

2069 5236 2213 5328 Deus
2224 5238 2371 5328 nihil
2398 5241 2489 5296 tibi
2536 5246 2677 5314 quod
2708 5252 2976 5318 expediat,
3005 5255 3193 5312 deesse
3232 5262 3491 5328 patietur.

2146 5325 2284 5383 Xlll.
2339 5331 2573 5390 Attende
2626 5337 2723 5392 tibi
2777 5340 3079 5413 diligenter,
3131 5357 3188 5402 ut
3233 5325 3368 5404 nihil
3417 5358 3640 5413 omnino

2075 5420 2359 5512 suscipias,
2386 5424 2486 5479 nisi
2518 5428 2661 5497 quod
2690 5431 2785 5486 tibi
2823 5438 3158 5503 persuaseris
3182 5439 3580 5512 justepartum.
3604 5466 3637 5506 a

2077 5505 2184 5565 Deo
2209 5515 2555 5583 suppeditari.
2587 5519 2717 5588 Quae
2748 5536 2873 5583 sunt
2919 5505 3203 5601 ejusmodi,
3240 5549 3304 5591 ea
3341 5505 3464 5594 cum
3506 5505 3640 5611 pace

472 5649 517 5683 η
542 5650 645 5703 lsa.
691 5664 805 5718 Lm,
846 5654 898 5720 7,
931 5654 984 5710 8.
1059 5654 1104 5688 ³⁸
1136 5652 1176 5709 ΙΙ
1202 5653 1327 5712 Cor.
1353 5669 1404 5723 ν,
1432 5656 1518 5712 l5.
1592 5657 1638 5690 ”
1667 5658 1785 5714 Act.
1814 5659 2034 5727 xrvﬁf.
2101 5664 2146 5696 ⁸⁸
2176 5664 2316 5723 Psal.
2343 5685 2531 5740 sum,
2566 5673 2653 5730 il.
