  <div class='ocr_page' id='page_1' title='image "/cluster/home/n/w/nwhite01/storage/ocr_20150623/40/hvd.32044019207786/628.png"; bbox 0 0 3862 6372; ppageno 0'>
   <div class='ocr_carea' id='block_1_1' title="bbox 165 339 314 394">
    <p class='ocr_par' dir='ltr' id='par_1_1' title="bbox 165 339 314 394">
     <span class='ocr_line' id='line_1_1' title="bbox 165 339 314 394; baseline 0 -1"><span class='ocrx_word' id='word_1_1' title='bbox 165 339 314 394; x_wconf 72' lang='grc' dir='ltr'><strong>11Θῖ</strong></span> 
     </span>
    </p>
   </div>
   <div class='ocr_carea' id='block_1_2' title="bbox 1291 329 2365 394">
    <p class='ocr_par' dir='ltr' id='par_1_2' title="bbox 1291 329 2365 394">
     <span class='ocr_line' id='line_1_2' title="bbox 1291 329 2365 394; baseline 0.002 -2"><span class='ocrx_word' id='word_1_2' title='bbox 1291 337 1347 392; x_wconf 87' lang='lat' dir='ltr'><strong>S.</strong></span> <span class='ocrx_word' id='word_1_3' title='bbox 1382 334 1590 392; x_wconf 60' lang='lat' dir='ltr'><strong>ISAIIE</strong></span> <span class='ocrx_word' id='word_1_4' title='bbox 1625 329 1916 392; x_wconf 81' lang='lat' dir='ltr'><strong>ABBA’I‘IS</strong></span> <span class='ocrx_word' id='word_1_5' title='bbox 1947 333 2365 394; x_wconf 81' lang='lat' dir='ltr'><strong>ORATIONES.</strong></span> 
     </span>
    </p>
   </div>
   <div class='ocr_carea' id='block_1_3' title="bbox 3322 343 3459 401">
    <p class='ocr_par' dir='ltr' id='par_1_3' title="bbox 3322 343 3459 401">
     <span class='ocr_line' id='line_1_3' title="bbox 3322 343 3459 401; baseline 0.015 -2"><span class='ocrx_word' id='word_1_6' title='bbox 3322 343 3459 401; x_wconf 75' lang='lat' dir='ltr'><strong>H98</strong></span> 
     </span>
    </p>
   </div>
   <div class='ocr_carea' id='block_1_4' title="bbox 165 449 3458 523">
    <p class='ocr_par' dir='ltr' id='par_1_4' title="bbox 165 449 3458 523">
     <span class='ocr_line' id='line_1_4' title="bbox 165 449 3458 523; baseline 0.003 -15"><span class='ocrx_word' id='word_1_7' title='bbox 165 453 456 522; x_wconf 80' lang='lat' dir='ltr'><strong>suscipito</strong></span> <span class='ocrx_word' id='word_1_8' title='bbox 495 470 508 507; x_wconf 91' lang='lat'><strong>:</strong></span> <span class='ocrx_word' id='word_1_9' title='bbox 547 467 667 523; x_wconf 68' lang='lat' dir='ltr'><strong>qum</strong></span> <span class='ocrx_word' id='word_1_10' title='bbox 711 466 841 507; x_wconf 85' lang='lat' dir='ltr'><strong>vero</strong></span> <span class='ocrx_word' id='word_1_11' title='bbox 877 465 942 506; x_wconf 89' lang='lat' dir='ltr'><strong>ex</strong></span> <span class='ocrx_word' id='word_1_12' title='bbox 993 449 1299 520; x_wconf 84' lang='lat' dir='ltr'><strong>iniquitate,</strong></span> <span class='ocrx_word' id='word_1_13' title='bbox 1358 461 1452 506; x_wconf 91' lang='lat' dir='ltr'><strong>aut</strong></span> <span class='ocrx_word' id='word_1_14' title='bbox 1501 450 1652 507; x_wconf 80' lang='lat' dir='ltr'><strong>bello</strong></span> <span class='ocrx_word' id='word_1_15' title='bbox 1687 460 1777 506; x_wconf 90' lang='lat' dir='ltr'><strong>aut</strong></span> <span class='ocrx_word' id='word_1_16' title='bbox 1806 457 1850 515; x_wconf 77' lang='grc' dir='ltr'>Α</span> <span class='ocrx_word' id='word_1_17' title='bbox 1882 451 2182 507; x_wconf 84' lang='lat' dir='ltr'><strong>doctrinam</strong></span> <span class='ocrx_word' id='word_1_18' title='bbox 2231 452 2332 508; x_wconf 94' lang='lat' dir='ltr'><strong>sibi</strong></span> <span class='ocrx_word' id='word_1_19' title='bbox 2389 453 2502 522; x_wconf 90' lang='lat' dir='ltr'><strong>ipse</strong></span> <span class='ocrx_word' id='word_1_20' title='bbox 2556 453 2782 523; x_wconf 88' lang='lat' dir='ltr'><strong>plaudit,</strong></span> <span class='ocrx_word' id='word_1_21' title='bbox 2814 469 2938 511; x_wconf 92' lang='lat' dir='ltr'><strong>cum</strong></span> <span class='ocrx_word' id='word_1_22' title='bbox 2975 459 3258 516; x_wconf 86' lang='lat' dir='ltr'><strong>contendit</strong></span> <span class='ocrx_word' id='word_1_23' title='bbox 3297 471 3352 518; x_wconf 88' lang='lat' dir='ltr'><strong>et</strong></span> <span class='ocrx_word' id='word_1_24' title='bbox 3379 462 3458 518; x_wconf 66' lang='lat' dir='ltr'><strong>alo</strong></span> 
     </span>
    </p>
   </div>
   <div class='ocr_carea' id='block_1_5' title="bbox 167 543 1774 615">
    <p class='ocr_par' dir='ltr' id='par_1_5' title="bbox 167 543 1774 615">
     <span class='ocr_line' id='line_1_5' title="bbox 167 543 1774 615; baseline 0 -17"><span class='ocrx_word' id='word_1_25' title='bbox 167 544 377 599; x_wconf 79' lang='lat' dir='ltr'><strong>fraude</strong></span> <span class='ocrx_word' id='word_1_26' title='bbox 411 555 505 599; x_wconf 90' lang='lat' dir='ltr'><strong>aut</strong></span> <span class='ocrx_word' id='word_1_27' title='bbox 530 544 875 600; x_wconf 75' lang='lat' dir='ltr'><strong>simulatione</strong></span> <span class='ocrx_word' id='word_1_28' title='bbox 906 543 1148 614; x_wconf 89' lang='lat' dir='ltr'><strong>profecta</strong></span> <span class='ocrx_word' id='word_1_29' title='bbox 1197 543 1565 615; x_wconf 77' lang='lat' dir='ltr'><strong>perspexeris,</strong></span> <span class='ocrx_word' id='word_1_30' title='bbox 1590 558 1654 599; x_wconf 88' lang='lat' dir='ltr'><strong>ea</strong></span> <span class='ocrx_word' id='word_1_31' title='bbox 1688 557 1774 598; x_wconf 78' lang='lat' dir='ltr'><strong>re-</strong></span> 
     </span>
    </p>
   </div>
   <div class='ocr_carea' id='block_1_6' title="bbox 161 637 1776 708">
    <p class='ocr_par' dir='ltr' id='par_1_6' title="bbox 161 637 1776 708">
     <span class='ocr_line' id='line_1_6' title="bbox 161 637 1776 708; baseline 0.003 -21"><span class='ocrx_word' id='word_1_32' title='bbox 161 637 334 704; x_wconf 88' lang='lat' dir='ltr'><strong>jicito</strong></span> <span class='ocrx_word' id='word_1_33' title='bbox 363 647 417 692; x_wconf 93' lang='lat' dir='ltr'><strong>et</strong></span> <span class='ocrx_word' id='word_1_34' title='bbox 455 637 760 708; x_wconf 89' lang='lat' dir='ltr'><strong>repudiato.</strong></span> <span class='ocrx_word' id='word_1_35' title='bbox 802 637 997 692; x_wconf 77' lang='lat' dir='ltr'><strong>Melior</strong></span> <span class='ocrx_word' id='word_1_36' title='bbox 1031 639 1222 708; x_wconf 66' lang='lat' dir='ltr'><strong>exigua</strong></span> <span class='ocrx_word' id='word_1_37' title='bbox 1244 655 1368 708; x_wconf 87' lang='lat' dir='ltr'><strong>pars</strong></span> <span class='ocrx_word' id='word_1_38' title='bbox 1431 654 1549 691; x_wconf 81' lang='lat' dir='ltr'><strong>cum</strong></span> <span class='ocrx_word' id='word_1_39' title='bbox 1588 638 1776 692; x_wconf 80' lang='lat' dir='ltr'><strong>timore</strong></span> 
     </span>
    </p>
   </div>
   <div class='ocr_carea' id='block_1_7' title="bbox 167 727 1598 800">
    <p class='ocr_par' dir='ltr' id='par_1_7' title="bbox 167 727 1598 800">
     <span class='ocr_line' id='line_1_7' title="bbox 167 727 1598 800; baseline 0.001 -18"><span class='ocrx_word' id='word_1_40' title='bbox 167 727 297 791; x_wconf 80' lang='lat' dir='ltr'><strong>Dei,</strong></span> <span class='ocrx_word' id='word_1_41' title='bbox 351 745 510 797; x_wconf 88' lang='lat' dir='ltr'><strong>quam</strong></span> <span class='ocrx_word' id='word_1_42' title='bbox 551 730 784 799; x_wconf 74' lang='lat' dir='ltr'><strong>ingentes</strong></span> <span class='ocrx_word' id='word_1_43' title='bbox 823 730 1060 784; x_wconf 82' lang='lat' dir='ltr'><strong>thesauri</strong></span> <span class='ocrx_word' id='word_1_44' title='bbox 1095 746 1213 785; x_wconf 89' lang='lat' dir='ltr'><strong>cum</strong></span> <span class='ocrx_word' id='word_1_45' title='bbox 1238 730 1510 800; x_wconf 76' lang='lat' dir='ltr'><strong>iniquitate</strong></span> <span class='ocrx_word' id='word_1_46' title='bbox 1530 731 1598 784; x_wconf 83' lang='lat'><strong>“.</strong></span> 
     </span>
    </p>
   </div>
   <div class='ocr_carea' id='block_1_8' title="bbox 241 817 1780 892">
    <p class='ocr_par' dir='ltr' id='par_1_8' title="bbox 241 817 1780 892">
     <span class='ocr_line' id='line_1_8' title="bbox 241 817 1780 892; baseline 0.001 -18"><span class='ocrx_word' id='word_1_47' title='bbox 241 817 400 874; x_wconf 73' lang='lat' dir='ltr'><strong>XIV.</strong></span> <span class='ocrx_word' id='word_1_48' title='bbox 441 821 677 875; x_wconf 86' lang='lat' dir='ltr'><strong>Attende</strong></span> <span class='ocrx_word' id='word_1_49' title='bbox 724 820 819 875; x_wconf 87' lang='lat' dir='ltr'><strong>tibi</strong></span> <span class='ocrx_word' id='word_1_50' title='bbox 872 819 1180 892; x_wconf 81' lang='lat' dir='ltr'><strong>diligenter,</strong></span> <span class='ocrx_word' id='word_1_51' title='bbox 1210 830 1269 875; x_wconf 92' lang='lat' dir='ltr'><strong>ut</strong></span> <span class='ocrx_word' id='word_1_52' title='bbox 1303 822 1448 876; x_wconf 92' lang='lat' dir='ltr'><strong>omni</strong></span> <span class='ocrx_word' id='word_1_53' title='bbox 1491 823 1670 877; x_wconf 88' lang='lat' dir='ltr'><strong>studio</strong></span> <span class='ocrx_word' id='word_1_54' title='bbox 1707 824 1780 878; x_wconf 86' lang='lat' dir='ltr'><strong>si-</strong></span> 
     </span>
    </p>
   </div>
   <div class='ocr_carea' id='block_1_9' title="bbox 166 911 1778 982">
    <p class='ocr_par' dir='ltr' id='par_1_9' title="bbox 166 911 1778 982">
     <span class='ocr_line' id='line_1_9' title="bbox 166 911 1778 982; baseline 0.002 -18"><span class='ocrx_word' id='word_1_55' title='bbox 166 911 414 966; x_wconf 84' lang='lat' dir='ltr'><strong>lentium</strong></span> <span class='ocrx_word' id='word_1_56' title='bbox 458 912 630 977; x_wconf 88' lang='lat' dir='ltr'><strong>colas,</strong></span> <span class='ocrx_word' id='word_1_57' title='bbox 667 927 774 981; x_wconf 89' lang='lat' dir='ltr'><strong>quo</strong></span> <span class='ocrx_word' id='word_1_58' title='bbox 823 912 1052 976; x_wconf 80' lang='lat' dir='ltr'><strong>facilius,</strong></span> <span class='ocrx_word' id='word_1_59' title='bbox 1093 912 1203 968; x_wconf 92' lang='lat' dir='ltr'><strong>Deo</strong></span> <span class='ocrx_word' id='word_1_60' title='bbox 1234 912 1547 982; x_wconf 86' lang='lat' dir='ltr'><strong>adjuvante,</strong></span> <span class='ocrx_word' id='word_1_61' title='bbox 1573 914 1638 967; x_wconf 91' lang='lat' dir='ltr'><strong>ad</strong></span> <span class='ocrx_word' id='word_1_62' title='bbox 1678 915 1778 968; x_wconf 87' lang='lat' dir='ltr'><strong>vir-</strong></span> 
     </span>
    </p>
   </div>
   <div class='ocr_carea' id='block_1_10' title="bbox 171 1003 1780 1076">
    <p class='ocr_par' dir='ltr' id='par_1_10' title="bbox 171 1003 1780 1076">
     <span class='ocr_line' id='line_1_10' title="bbox 171 1003 1780 1076; baseline 0.004 -21"><span class='ocrx_word' id='word_1_63' title='bbox 171 1013 360 1056; x_wconf 87' lang='lat' dir='ltr'><strong>tutem</strong></span> <span class='ocrx_word' id='word_1_64' title='bbox 421 1003 720 1059; x_wconf 78' lang='lat' dir='ltr'><strong>contendas</strong></span> <span class='ocrx_word' id='word_1_65' title='bbox 750 1011 914 1073; x_wconf 92' lang='lat' dir='ltr'><strong>atque</strong></span> <span class='ocrx_word' id='word_1_66' title='bbox 959 1003 1233 1073; x_wconf 79' lang='lat' dir='ltr'><strong>proﬁcias.</strong></span> <span class='ocrx_word' id='word_1_67' title='bbox 1283 1003 1438 1071; x_wconf 85' lang='lat' dir='ltr'><strong>Quod</strong></span> <span class='ocrx_word' id='word_1_68' title='bbox 1478 1004 1524 1060; x_wconf 90' lang='lat' dir='ltr'><strong>si</strong></span> <span class='ocrx_word' id='word_1_69' title='bbox 1571 1015 1780 1076; x_wconf 88' lang='lat' dir='ltr'><strong>tempus</strong></span> 
     </span>
    </p>
   </div>
   <div class='ocr_carea' id='block_1_11' title="bbox 171 1094 1782 1166">
    <p class='ocr_par' dir='ltr' id='par_1_11' title="bbox 171 1094 1782 1166">
     <span class='ocr_line' id='line_1_11' title="bbox 171 1094 1782 1166; baseline 0.004 -17"><span class='ocrx_word' id='word_1_70' title='bbox 171 1095 470 1160; x_wconf 84' lang='lat' dir='ltr'><strong>inciderit,</strong></span> <span class='ocrx_word' id='word_1_71' title='bbox 503 1103 565 1150; x_wconf 92' lang='lat' dir='ltr'><strong>ut</strong></span> <span class='ocrx_word' id='word_1_72' title='bbox 609 1095 916 1150; x_wconf 87' lang='lat' dir='ltr'><strong>necessario</strong></span> <span class='ocrx_word' id='word_1_73' title='bbox 945 1094 1268 1164; x_wconf 91' lang='lat' dir='ltr'><strong>loquendum</strong></span> <span class='ocrx_word' id='word_1_74' title='bbox 1313 1097 1408 1160; x_wconf 95' lang='lat' dir='ltr'><strong>sit,</strong></span> <span class='ocrx_word' id='word_1_75' title='bbox 1442 1106 1534 1152; x_wconf 91' lang='lat' dir='ltr'><strong>ant</strong></span> <span class='ocrx_word' id='word_1_76' title='bbox 1564 1109 1782 1166; x_wconf 69' lang='lat' dir='ltr'><strong>pmstet</strong></span> 
     </span>
    </p>
   </div>
   <div class='ocr_carea' id='block_1_12' title="bbox 171 1188 1779 1259">
    <p class='ocr_par' dir='ltr' id='par_1_12' title="bbox 171 1188 1779 1259">
     <span class='ocr_line' id='line_1_12' title="bbox 171 1188 1779 1259; baseline 0.001 -17"><span class='ocrx_word' id='word_1_77' title='bbox 171 1189 336 1258; x_wconf 85' lang='lat' dir='ltr'><strong>loqui</strong></span> <span class='ocrx_word' id='word_1_78' title='bbox 368 1203 536 1259; x_wconf 89' lang='lat' dir='ltr'><strong>quam</strong></span> <span class='ocrx_word' id='word_1_79' title='bbox 589 1197 789 1254; x_wconf 81' lang='lat' dir='ltr'><strong>tacere,</strong></span> <span class='ocrx_word' id='word_1_80' title='bbox 823 1197 950 1243; x_wconf 92' lang='lat' dir='ltr'><strong>tunc</strong></span> <span class='ocrx_word' id='word_1_81' title='bbox 973 1201 1035 1243; x_wconf 90' lang='lat' dir='ltr'><strong>os</strong></span> <span class='ocrx_word' id='word_1_82' title='bbox 1084 1195 1231 1242; x_wconf 92' lang='lat' dir='ltr'><strong>tuum</strong></span> <span class='ocrx_word' id='word_1_83' title='bbox 1269 1188 1522 1258; x_wconf 86' lang='lat' dir='ltr'><strong>aperiens</strong></span> <span class='ocrx_word' id='word_1_84' title='bbox 1560 1204 1680 1244; x_wconf 91' lang='lat' dir='ltr'><strong>cum</strong></span> <span class='ocrx_word' id='word_1_85' title='bbox 1711 1191 1779 1244; x_wconf 87' lang='lat' dir='ltr'><strong>ti-</strong></span> 
     </span>
    </p>
   </div>
   <div class='ocr_carea' id='block_1_13' title="bbox 175 1280 1781 1350">
    <p class='ocr_par' dir='ltr' id='par_1_13' title="bbox 175 1280 1781 1350">
     <span class='ocr_line' id='line_1_13' title="bbox 175 1280 1781 1350; baseline 0.001 -15"><span class='ocrx_word' id='word_1_86' title='bbox 175 1296 346 1338; x_wconf 86' lang='lat' dir='ltr'><strong>more</strong></span> <span class='ocrx_word' id='word_1_87' title='bbox 369 1281 462 1336; x_wconf 90' lang='lat' dir='ltr'><strong>Dei</strong></span> <span class='ocrx_word' id='word_1_88' title='bbox 485 1291 650 1350; x_wconf 91' lang='lat' dir='ltr'><strong>atque</strong></span> <span class='ocrx_word' id='word_1_89' title='bbox 673 1289 932 1348; x_wconf 89' lang='lat' dir='ltr'><strong>tremore,</strong></span> <span class='ocrx_word' id='word_1_90' title='bbox 953 1288 1027 1344; x_wconf 92' lang='lat' dir='ltr'><strong>et,</strong></span> <span class='ocrx_word' id='word_1_91' title='bbox 1057 1280 1232 1349; x_wconf 84' lang='lat' dir='ltr'><strong>capite</strong></span> <span class='ocrx_word' id='word_1_92' title='bbox 1256 1280 1514 1346; x_wconf 88' lang='lat' dir='ltr'><strong>demisso,</strong></span> <span class='ocrx_word' id='word_1_93' title='bbox 1538 1283 1781 1337; x_wconf 82' lang='lat' dir='ltr'><strong>modeste</strong></span> 
     </span>
    </p>
   </div>
   <div class='ocr_carea' id='block_1_14' title="bbox 175 1371 1784 1444">
    <p class='ocr_par' dir='ltr' id='par_1_14' title="bbox 175 1371 1784 1444">
     <span class='ocr_line' id='line_1_14' title="bbox 175 1371 1784 1444; baseline 0.001 -17"><span class='ocrx_word' id='word_1_94' title='bbox 175 1383 235 1428; x_wconf 92' lang='lat' dir='ltr'><strong>et</strong></span> <span class='ocrx_word' id='word_1_95' title='bbox 270 1373 552 1428; x_wconf 90' lang='lat' dir='ltr'><strong>submissa</strong></span> <span class='ocrx_word' id='word_1_96' title='bbox 585 1387 718 1428; x_wconf 83' lang='lat' dir='ltr'><strong>voce</strong></span> <span class='ocrx_word' id='word_1_97' title='bbox 741 1371 902 1428; x_wconf 87' lang='lat' dir='ltr'><strong>verba</strong></span> <span class='ocrx_word' id='word_1_98' title='bbox 935 1371 1120 1428; x_wconf 88' lang='lat' dir='ltr'><strong>facito.</strong></span> <span class='ocrx_word' id='word_1_99' title='bbox 1169 1371 1229 1426; x_wconf 86' lang='lat' dir='ltr'><strong>Si</strong></span> <span class='ocrx_word' id='word_1_100' title='bbox 1262 1386 1384 1427; x_wconf 91' lang='lat' dir='ltr'><strong>cum</strong></span> <span class='ocrx_word' id='word_1_101' title='bbox 1437 1372 1622 1444; x_wconf 92' lang='lat' dir='ltr'><strong>aliquo</strong></span> <span class='ocrx_word' id='word_1_102' title='bbox 1649 1388 1784 1428; x_wconf 87' lang='lat' dir='ltr'><strong>con-</strong></span> 
     </span>
    </p>
   </div>
   <div class='ocr_carea' id='block_1_15' title="bbox 177 1463 1786 1536">
    <p class='ocr_par' dir='ltr' id='par_1_15' title="bbox 177 1463 1786 1536">
     <span class='ocr_line' id='line_1_15' title="bbox 177 1463 1786 1536; baseline 0.001 -17"><span class='ocrx_word' id='word_1_103' title='bbox 177 1481 414 1536; x_wconf 86' lang='lat' dir='ltr'><strong>gressus</strong></span> <span class='ocrx_word' id='word_1_104' title='bbox 479 1464 674 1530; x_wconf 86' lang='lat' dir='ltr'><strong>fueris,</strong></span> <span class='ocrx_word' id='word_1_105' title='bbox 709 1464 994 1519; x_wconf 91' lang='lat' dir='ltr'><strong>cbaritatis</strong></span> <span class='ocrx_word' id='word_1_106' title='bbox 1033 1465 1208 1534; x_wconf 84' lang='lat' dir='ltr'><strong>gratia</strong></span> <span class='ocrx_word' id='word_1_107' title='bbox 1243 1478 1412 1534; x_wconf 90' lang='lat' dir='ltr'><strong>pauca</strong></span> <span class='ocrx_word' id='word_1_108' title='bbox 1460 1463 1702 1534; x_wconf 85' lang='lat' dir='ltr'><strong>loquere,</strong></span> <span class='ocrx_word' id='word_1_109' title='bbox 1729 1473 1786 1520; x_wconf 91' lang='lat' dir='ltr'><strong>et</strong></span> 
     </span>
    </p>
   </div>
   <div class='ocr_carea' id='block_1_16' title="bbox 177 1553 1783 1626">
    <p class='ocr_par' dir='ltr' id='par_1_16' title="bbox 177 1553 1783 1626">
     <span class='ocr_line' id='line_1_16' title="bbox 177 1553 1783 1626; baseline 0.002 -18"><span class='ocrx_word' id='word_1_110' title='bbox 177 1554 452 1609; x_wconf 83' lang='lat' dir='ltr'><strong>celeriter</strong></span> <span class='ocrx_word' id='word_1_111' title='bbox 505 1564 642 1610; x_wconf 92' lang='lat' dir='ltr'><strong>tace.</strong></span> <span class='ocrx_word' id='word_1_112' title='bbox 687 1553 744 1609; x_wconf 88' lang='lat' dir='ltr'><strong>Si</strong></span> <span class='ocrx_word' id='word_1_113' title='bbox 773 1553 941 1609; x_wconf 90' lang='lat' dir='ltr'><strong>fueris</strong></span> <span class='ocrx_word' id='word_1_114' title='bbox 997 1555 1391 1626; x_wconf 76' lang='lat' dir='ltr'><strong>interrogatus,</strong></span> <span class='ocrx_word' id='word_1_115' title='bbox 1443 1563 1653 1611; x_wconf 84' lang='lat' dir='ltr'><strong>tantum</strong></span> <span class='ocrx_word' id='word_1_116' title='bbox 1695 1571 1783 1612; x_wconf 88' lang='lat' dir='ltr'><strong>re-</strong></span> 
     </span>
    </p>
   </div>
   <div class='ocr_carea' id='block_1_17' title="bbox 181 1647 1787 1720">
    <p class='ocr_par' dir='ltr' id='par_1_17' title="bbox 181 1647 1787 1720">
     <span class='ocr_line' id='line_1_17' title="bbox 181 1647 1787 1720; baseline -0.002 -15"><span class='ocrx_word' id='word_1_117' title='bbox 181 1649 430 1720; x_wconf 85' lang='lat' dir='ltr'><strong>sponde,</strong></span> <span class='ocrx_word' id='word_1_118' title='bbox 470 1657 732 1718; x_wconf 83' lang='lat' dir='ltr'><strong>quantuin</strong></span> <span class='ocrx_word' id='word_1_119' title='bbox 790 1647 1112 1704; x_wconf 62' lang='lat' dir='ltr'><strong>obedientia}</strong></span> <span class='ocrx_word' id='word_1_120' title='bbox 1158 1649 1454 1706; x_wconf 86' lang='lat' dir='ltr'><strong>necessitas</strong></span> <span class='ocrx_word' id='word_1_121' title='bbox 1503 1656 1678 1719; x_wconf 80' lang='lat' dir='ltr'><strong>coget,</strong></span> <span class='ocrx_word' id='word_1_122' title='bbox 1733 1657 1787 1703; x_wconf 91' lang='lat' dir='ltr'><strong>et</strong></span> 
     </span>
    </p>
   </div>
   <div class='ocr_carea' id='block_1_18' title="bbox 182 1738 586 1808">
    <p class='ocr_par' dir='ltr' id='par_1_18' title="bbox 182 1738 586 1808">
     <span class='ocr_line' id='line_1_18' title="bbox 182 1738 586 1808; baseline -0.002 -16"><span class='ocrx_word' id='word_1_123' title='bbox 182 1754 304 1792; x_wconf 89' lang='lat' dir='ltr'><strong>non</strong></span> <span class='ocrx_word' id='word_1_124' title='bbox 334 1738 586 1808; x_wconf 82' lang='lat' dir='ltr'><strong>amplius.</strong></span> 
     </span>
    </p>
   </div>
   <div class='ocr_carea' id='block_1_19' title="bbox 1888 543 3458 618">
    <p class='ocr_par' dir='ltr' id='par_1_19' title="bbox 1888 543 3458 618">
     <span class='ocr_line' id='line_1_19' title="bbox 1888 543 3458 618; baseline 0.009 -23"><span class='ocrx_word' id='word_1_125' title='bbox 1888 551 2143 606; x_wconf 88' lang='lat' dir='ltr'><strong>tercatur,</strong></span> <span class='ocrx_word' id='word_1_126' title='bbox 2172 557 2294 597; x_wconf 90' lang='lat' dir='ltr'><strong>cum</strong></span> <span class='ocrx_word' id='word_1_127' title='bbox 2344 543 2619 614; x_wconf 85' lang='lat' dir='ltr'><strong>propriam</strong></span> <span class='ocrx_word' id='word_1_128' title='bbox 2659 545 2904 602; x_wconf 84' lang='lat' dir='ltr'><strong>defendit</strong></span> <span class='ocrx_word' id='word_1_129' title='bbox 2941 549 3296 618; x_wconf 75' lang='lat' dir='ltr'><strong>voluntatem,</strong></span> <span class='ocrx_word' id='word_1_130' title='bbox 3334 568 3458 608; x_wconf 90' lang='lat' dir='ltr'><strong>cum</strong></span> 
     </span>
    </p>
   </div>
   <div class='ocr_carea' id='block_1_20' title="bbox 1886 633 3460 707">
    <p class='ocr_par' dir='ltr' id='par_1_20' title="bbox 1886 633 3460 707">
     <span class='ocr_line' id='line_1_20' title="bbox 1886 633 3460 707; baseline 0.01 -21"><span class='ocrx_word' id='word_1_131' title='bbox 1886 648 1944 686; x_wconf 86' lang='lat' dir='ltr'><strong>se</strong></span> <span class='ocrx_word' id='word_1_132' title='bbox 1969 633 2169 688; x_wconf 92' lang='lat' dir='ltr'><strong>bonum</strong></span> <span class='ocrx_word' id='word_1_133' title='bbox 2187 644 2243 688; x_wconf 92' lang='lat' dir='ltr'><strong>et</strong></span> <span class='ocrx_word' id='word_1_134' title='bbox 2266 637 2566 706; x_wconf 92' lang='lat' dir='ltr'><strong>sapientem</strong></span> <span class='ocrx_word' id='word_1_135' title='bbox 2589 638 2884 707; x_wconf 75' lang='lat' dir='ltr'><strong>existimat,</strong></span> <span class='ocrx_word' id='word_1_136' title='bbox 2911 657 3033 696; x_wconf 91' lang='lat' dir='ltr'><strong>cum</strong></span> <span class='ocrx_word' id='word_1_137' title='bbox 3057 641 3279 698; x_wconf 87' lang='lat' dir='ltr'><strong>fratrem</strong></span> <span class='ocrx_word' id='word_1_138' title='bbox 3303 659 3460 701; x_wconf 82' lang='lat' dir='ltr'><strong>suum</strong></span> 
     </span>
    </p>
   </div>
   <div class='ocr_carea' id='block_1_21' title="bbox 1887 724 3080 803">
    <p class='ocr_par' dir='ltr' id='par_1_21' title="bbox 1887 724 3080 803">
     <span class='ocr_line' id='line_1_21' title="bbox 1887 724 3080 803; baseline 0.013 -26"><span class='ocrx_word' id='word_1_139' title='bbox 1887 724 2189 793; x_wconf 89' lang='lat' dir='ltr'><strong>improbum</strong></span> <span class='ocrx_word' id='word_1_140' title='bbox 2219 741 2283 781; x_wconf 92' lang='lat' dir='ltr'><strong>ac</strong></span> <span class='ocrx_word' id='word_1_141' title='bbox 2313 728 2533 783; x_wconf 90' lang='lat' dir='ltr'><strong>stultum</strong></span> <span class='ocrx_word' id='word_1_142' title='bbox 2567 738 2719 800; x_wconf 86' lang='lat' dir='ltr'><strong>putat</strong></span> <span class='ocrx_word' id='word_1_143' title='bbox 2743 747 2806 792; x_wconf 82' lang='lat' dir='ltr'><strong>ac</strong></span> <span class='ocrx_word' id='word_1_144' title='bbox 2834 733 3080 803; x_wconf 87' lang='lat' dir='ltr'><strong>despicit.</strong></span> 
     </span>
    </p>
   </div>
   <div class='ocr_carea' id='block_1_22' title="bbox 1958 812 3463 894">
    <p class='ocr_par' dir='ltr' id='par_1_22' title="bbox 1958 812 3463 894">
     <span class='ocr_line' id='line_1_22' title="bbox 1958 812 3463 894; baseline 0.009 -27"><span class='ocrx_word' id='word_1_145' title='bbox 1958 814 2018 868; x_wconf 96' lang='grc' dir='ltr'><strong>ΙΙ.</strong></span> <span class='ocrx_word' id='word_1_146' title='bbox 2035 812 2126 870; x_wconf 91' lang='lat' dir='ltr'><strong>Isti</strong></span> <span class='ocrx_word' id='word_1_147' title='bbox 2146 817 2362 872; x_wconf 78' lang='lat' dir='ltr'><strong>malitiae</strong></span> <span class='ocrx_word' id='word_1_148' title='bbox 2375 819 2523 885; x_wconf 40' lang='lat' dir='ltr'><strong>.rami</strong></span> <span class='ocrx_word' id='word_1_149' title='bbox 2540 830 2795 876; x_wconf 84' lang='lat' dir='ltr'><strong>crescunt</strong></span> <span class='ocrx_word' id='word_1_150' title='bbox 2810 831 2865 878; x_wconf 93' lang='lat' dir='ltr'><strong>et</strong></span> <span class='ocrx_word' id='word_1_151' title='bbox 2879 832 3248 894; x_wconf 90' lang='lat' dir='ltr'><strong>pr0pagantur</strong></span> <span class='ocrx_word' id='word_1_152' title='bbox 3268 825 3322 880; x_wconf 92' lang='lat' dir='ltr'><strong>in</strong></span> <span class='ocrx_word' id='word_1_153' title='bbox 3340 825 3463 880; x_wconf 80' lang='lat' dir='ltr'><strong>sni-</strong></span> 
     </span>
    </p>
   </div>
   <div class='ocr_carea' id='block_1_23' title="bbox 1889 907 3462 985">
    <p class='ocr_par' dir='ltr' id='par_1_23' title="bbox 1889 907 3462 985">
     <span class='ocr_line' id='line_1_23' title="bbox 1889 907 3462 985; baseline 0.01 -29"><span class='ocrx_word' id='word_1_154' title='bbox 1889 920 1972 958; x_wconf 88' lang='lat' dir='ltr'><strong>ma</strong></span> <span class='ocrx_word' id='word_1_155' title='bbox 2003 907 2198 964; x_wconf 89' lang='lat' dir='ltr'><strong>misera</strong></span> <span class='ocrx_word' id='word_1_156' title='bbox 2239 909 2836 980; x_wconf 89' lang='lat' dir='ltr'><strong>atqueinfelice,donec</strong></span> <span class='ocrx_word' id='word_1_157' title='bbox 2863 929 2982 970; x_wconf 88' lang='lat' dir='ltr'><strong>eam</strong></span> <span class='ocrx_word' id='word_1_158' title='bbox 3015 925 3311 985; x_wconf 89' lang='lat' dir='ltr'><strong>separenta</strong></span> <span class='ocrx_word' id='word_1_159' title='bbox 3330 917 3462 972; x_wconf 85' lang='lat' dir='ltr'><strong>Deo.</strong></span> 
     </span>
    </p>
   </div>
   <div class='ocr_carea' id='block_1_24' title="bbox 1891 996 3464 1076">
    <p class='ocr_par' dir='ltr' id='par_1_24' title="bbox 1891 996 3464 1076">
     <span class='ocr_line' id='line_1_24' title="bbox 1891 996 3464 1076; baseline 0.01 -26"><span class='ocrx_word' id='word_1_160' title='bbox 1891 996 2010 1053; x_wconf 71' lang='lat' dir='ltr'><strong>llrec</strong></span> <span class='ocrx_word' id='word_1_161' title='bbox 2025 1010 2148 1054; x_wconf 89' lang='lat' dir='ltr'><strong>sunt</strong></span> <span class='ocrx_word' id='word_1_162' title='bbox 2163 1016 2328 1057; x_wconf 90' lang='lat' dir='ltr'><strong>onera</strong></span> <span class='ocrx_word' id='word_1_163' title='bbox 2349 1003 2435 1057; x_wconf 92' lang='lat' dir='ltr'><strong>illa</strong></span> <span class='ocrx_word' id='word_1_164' title='bbox 2450 1004 2790 1074; x_wconf 86' lang='lat' dir='ltr'><strong>gravissima,</strong></span> <span class='ocrx_word' id='word_1_165' title='bbox 2805 1008 3000 1076; x_wconf 86' lang='lat' dir='ltr'><strong>quibus</strong></span> <span class='ocrx_word' id='word_1_166' title='bbox 3013 1008 3181 1064; x_wconf 82' lang='lat' dir='ltr'><strong>Adam</strong></span> <span class='ocrx_word' id='word_1_167' title='bbox 3197 1011 3464 1066; x_wconf 85' lang='lat' dir='ltr'><strong>cervicem</strong></span> 
     </span>
    </p>
   </div>
   <div class='ocr_carea' id='block_1_25' title="bbox 1887 1090 3469 1172">
    <p class='ocr_par' dir='ltr' id='par_1_25' title="bbox 1887 1090 3469 1172">
     <span class='ocr_line' id='line_1_25' title="bbox 1887 1090 3469 1172; baseline 0.01 -30"><span class='ocrx_word' id='word_1_168' title='bbox 1887 1090 2142 1156; x_wconf 89' lang='lat' dir='ltr'><strong>subdidit,</strong></span> <span class='ocrx_word' id='word_1_169' title='bbox 2159 1107 2278 1148; x_wconf 91' lang='lat' dir='ltr'><strong>cum</strong></span> <span class='ocrx_word' id='word_1_170' title='bbox 2291 1109 2354 1150; x_wconf 90' lang='lat' dir='ltr'><strong>ex</strong></span> <span class='ocrx_word' id='word_1_171' title='bbox 2373 1095 2518 1162; x_wconf 85' lang='lat' dir='ltr'><strong>ligno</strong></span> <span class='ocrx_word' id='word_1_172' title='bbox 2531 1097 2694 1153; x_wconf 91' lang='lat' dir='ltr'><strong>vetito</strong></span> <span class='ocrx_word' id='word_1_173' title='bbox 2713 1099 2966 1155; x_wconf 76' lang='lat' dir='ltr'><strong>comedit.</strong></span> <span class='ocrx_word' id='word_1_174' title='bbox 2985 1099 3106 1156; x_wconf 64' lang='lat' dir='ltr'><strong>llaec</strong></span> <span class='ocrx_word' id='word_1_175' title='bbox 3118 1109 3262 1168; x_wconf 91' lang='lat' dir='ltr'><strong>sunt,</strong></span> <span class='ocrx_word' id='word_1_176' title='bbox 3279 1118 3469 1172; x_wconf 77' lang='lat' dir='ltr'><strong>quam-</strong></span> 
     </span>
    </p>
   </div>
   <div class='ocr_carea' id='block_1_26' title="bbox 1887 1181 3468 1262">
    <p class='ocr_par' dir='ltr' id='par_1_26' title="bbox 1887 1181 3468 1262">
     <span class='ocr_line' id='line_1_26' title="bbox 1887 1181 3468 1262; baseline 0.009 -27"><span class='ocrx_word' id='word_1_177' title='bbox 1887 1181 2072 1237; x_wconf 88' lang='lat' dir='ltr'><strong>obrem</strong></span> <span class='ocrx_word' id='word_1_178' title='bbox 2090 1184 2291 1239; x_wconf 92' lang='lat' dir='ltr'><strong>dictum</strong></span> <span class='ocrx_word' id='word_1_179' title='bbox 2324 1197 2437 1242; x_wconf 87' lang='lat' dir='ltr'><strong>est:</strong></span> <span class='ocrx_word' id='word_1_180' title='bbox 2460 1187 2760 1260; x_wconf 85' lang='lat' dir='ltr'><strong>Languores</strong></span> <span class='ocrx_word' id='word_1_181' title='bbox 2791 1201 2997 1246; x_wconf 84' lang='lat' dir='ltr'><strong>nostros</strong></span> <span class='ocrx_word' id='word_1_182' title='bbox 3010 1194 3118 1262; x_wconf 83' lang='lat' dir='ltr'><strong>ipse</strong></span> <span class='ocrx_word' id='word_1_183' title='bbox 3139 1190 3280 1261; x_wconf 80' lang='lat' dir='ltr'><strong>tulit,</strong></span> <span class='ocrx_word' id='word_1_184' title='bbox 3302 1205 3349 1249; x_wconf 88' lang='lat' dir='ltr'><strong>et</strong></span> <span class='ocrx_word' id='word_1_185' title='bbox 3368 1195 3468 1248; x_wconf 84' lang='lat' dir='ltr'><strong>do-</strong></span> 
     </span>
    </p>
   </div>
   <div class='ocr_carea' id='block_1_27' title="bbox 1889 1273 3470 1354">
    <p class='ocr_par' dir='ltr' id='par_1_27' title="bbox 1889 1273 3470 1354">
     <span class='ocr_line' id='line_1_27' title="bbox 1889 1273 3470 1354; baseline 0.012 -30"><span class='ocrx_word' id='word_1_186' title='bbox 1889 1273 2026 1327; x_wconf 86' lang='lat' dir='ltr'><strong>lares</strong></span> <span class='ocrx_word' id='word_1_187' title='bbox 2041 1284 2246 1331; x_wconf 80' lang='lat' dir='ltr'><strong>nostras</strong></span> <span class='ocrx_word' id='word_1_188' title='bbox 2258 1277 2368 1344; x_wconf 88' lang='lat' dir='ltr'><strong>ipse</strong></span> <span class='ocrx_word' id='word_1_189' title='bbox 2377 1281 2602 1346; x_wconf 78' lang='lat' dir='ltr'><strong>portavit</strong></span> <span class='ocrx_word' id='word_1_190' title='bbox 2619 1281 2685 1334; x_wconf 78' lang='lat'><strong>&quot;.</strong></span> <span class='ocrx_word' id='word_1_191' title='bbox 2701 1280 2826 1338; x_wconf 86' lang='lat' dir='ltr'><strong>Haec</strong></span> <span class='ocrx_word' id='word_1_192' title='bbox 2837 1293 3093 1354; x_wconf 67' lang='lat' dir='ltr'><strong>suntquae</strong></span> <span class='ocrx_word' id='word_1_193' title='bbox 3107 1285 3362 1342; x_wconf 90' lang='lat' dir='ltr'><strong>Dominus</strong></span> <span class='ocrx_word' id='word_1_194' title='bbox 3377 1301 3470 1342; x_wconf 86' lang='lat' dir='ltr'><strong>no-</strong></span> 
     </span>
    </p>
   </div>
   <div class='ocr_carea' id='block_1_28' title="bbox 1890 1360 3471 1434">
    <p class='ocr_par' dir='ltr' id='par_1_28' title="bbox 1890 1360 3471 1434">
     <span class='ocr_line' id='line_1_28' title="bbox 1890 1360 3471 1434; baseline 0.011 -20"><span class='ocrx_word' id='word_1_195' title='bbox 1890 1370 2002 1416; x_wconf 91' lang='lat' dir='ltr'><strong>ster</strong></span> <span class='ocrx_word' id='word_1_196' title='bbox 2019 1360 2178 1418; x_wconf 85' lang='lat' dir='ltr'><strong>Jesus</strong></span> <span class='ocrx_word' id='word_1_197' title='bbox 2191 1363 2440 1421; x_wconf 90' lang='lat' dir='ltr'><strong>Christus</strong></span> <span class='ocrx_word' id='word_1_198' title='bbox 2457 1367 2727 1425; x_wconf 81' lang='lat' dir='ltr'><strong>interfecit</strong></span> <span class='ocrx_word' id='word_1_199' title='bbox 2744 1372 2795 1425; x_wconf 93' lang='lat' dir='ltr'><strong>in</strong></span> <span class='ocrx_word' id='word_1_200' title='bbox 2814 1373 3068 1429; x_wconf 88' lang='lat' dir='ltr'><strong>cruce.Hi</strong></span> <span class='ocrx_word' id='word_1_201' title='bbox 3085 1384 3206 1430; x_wconf 91' lang='lat' dir='ltr'><strong>sunt</strong></span> <span class='ocrx_word' id='word_1_202' title='bbox 3226 1386 3376 1434; x_wconf 86' lang='lat' dir='ltr'><strong>utres</strong></span> <span class='ocrx_word' id='word_1_203' title='bbox 3393 1375 3471 1432; x_wconf 91' lang='lat' dir='ltr'><strong>illi</strong></span> 
     </span>
    </p>
   </div>
   <div class='ocr_carea' id='block_1_29' title="bbox 1889 1456 3468 1527">
    <p class='ocr_par' dir='ltr' id='par_1_29' title="bbox 1889 1456 3468 1527">
     <span class='ocr_line' id='line_1_29' title="bbox 1889 1456 3468 1527; baseline 0.013 -23"><span class='ocrx_word' id='word_1_204' title='bbox 1889 1461 2122 1519; x_wconf 85' lang='lat' dir='ltr'><strong>veteres,</strong></span> <span class='ocrx_word' id='word_1_205' title='bbox 2175 1456 2227 1512; x_wconf 92' lang='lat' dir='ltr'><strong>in</strong></span> <span class='ocrx_word' id='word_1_206' title='bbox 2263 1471 2398 1527; x_wconf 89' lang='lat' dir='ltr'><strong>quos</strong></span> <span class='ocrx_word' id='word_1_207' title='bbox 2427 1475 2531 1514; x_wconf 93' lang='lat' dir='ltr'><strong>non</strong></span> <span class='ocrx_word' id='word_1_208' title='bbox 2581 1461 2880 1518; x_wconf 85' lang='lat' dir='ltr'><strong>infunditur</strong></span> <span class='ocrx_word' id='word_1_209' title='bbox 2912 1464 3097 1520; x_wconf 92' lang='lat' dir='ltr'><strong>vinum</strong></span> <span class='ocrx_word' id='word_1_210' title='bbox 3151 1483 3350 1524; x_wconf 91' lang='lat' dir='ltr'><strong>novum</strong></span> <span class='ocrx_word' id='word_1_211' title='bbox 3397 1470 3468 1523; x_wconf 82' lang='lat'><strong>“.</strong></span> 
     </span>
    </p>
   </div>
   <div class='ocr_carea' id='block_1_30' title="bbox 1891 1543 3471 1633">
    <p class='ocr_par' dir='ltr' id='par_1_30' title="bbox 1891 1543 3471 1633">
     <span class='ocr_line' id='line_1_30' title="bbox 1891 1543 3471 1633; baseline 0.01 -35"><span class='ocrx_word' id='word_1_212' title='bbox 1891 1543 2018 1600; x_wconf 66' lang='lat' dir='ltr'><strong>Haac</strong></span> <span class='ocrx_word' id='word_1_213' title='bbox 2057 1556 2182 1602; x_wconf 89' lang='lat' dir='ltr'><strong>sunt</strong></span> <span class='ocrx_word' id='word_1_214' title='bbox 2211 1548 2296 1603; x_wconf 88' lang='lat' dir='ltr'><strong>illa</strong></span> <span class='ocrx_word' id='word_1_215' title='bbox 2345 1552 2554 1607; x_wconf 87' lang='lat' dir='ltr'><strong>vincula</strong></span> <span class='ocrx_word' id='word_1_216' title='bbox 2579 1554 2776 1625; x_wconf 89' lang='lat' dir='ltr'><strong>quibus</strong></span> <span class='ocrx_word' id='word_1_217' title='bbox 2823 1557 3064 1614; x_wconf 77' lang='lat' dir='ltr'><strong>Lazarus</strong></span> <span class='ocrx_word' id='word_1_218' title='bbox 3103 1567 3222 1614; x_wconf 89' lang='lat' dir='ltr'><strong>erat</strong></span> <span class='ocrx_word' id='word_1_219' title='bbox 3259 1559 3471 1633; x_wconf 86' lang='lat' dir='ltr'><strong>obliga-</strong></span> 
     </span>
    </p>
   </div>
   <div class='ocr_carea' id='block_1_31' title="bbox 1895 1639 3475 1718">
    <p class='ocr_par' dir='ltr' id='par_1_31' title="bbox 1895 1639 3475 1718">
     <span class='ocr_line' id='line_1_31' title="bbox 1895 1639 3475 1718; baseline 0.01 -28"><span class='ocrx_word' id='word_1_220' title='bbox 1895 1645 1979 1691; x_wconf 88' lang='lat' dir='ltr'><strong>tus</strong></span> <span class='ocrx_word' id='word_1_221' title='bbox 2001 1639 2068 1691; x_wconf 80' lang='grc'><strong>⁸³.</strong></span> <span class='ocrx_word' id='word_1_222' title='bbox 2103 1639 2190 1694; x_wconf 91' lang='lat' dir='ltr'><strong>Isti</strong></span> <span class='ocrx_word' id='word_1_223' title='bbox 2217 1653 2342 1697; x_wconf 91' lang='lat' dir='ltr'><strong>sunt</strong></span> <span class='ocrx_word' id='word_1_224' title='bbox 2371 1643 2446 1698; x_wconf 92' lang='lat' dir='ltr'><strong>illi</strong></span> <span class='ocrx_word' id='word_1_225' title='bbox 2476 1645 2768 1712; x_wconf 67' lang='lat' dir='ltr'><strong>daemones,</strong></span> <span class='ocrx_word' id='word_1_226' title='bbox 2795 1662 2929 1718; x_wconf 90' lang='lat' dir='ltr'><strong>quos</strong></span> <span class='ocrx_word' id='word_1_227' title='bbox 2957 1648 3207 1706; x_wconf 89' lang='lat' dir='ltr'><strong>Christus</strong></span> <span class='ocrx_word' id='word_1_228' title='bbox 3246 1651 3475 1709; x_wconf 88' lang='lat' dir='ltr'><strong>immisit</strong></span> 
     </span>
    </p>
   </div>
   <div class='ocr_carea' id='block_1_32' title="bbox 1895 1727 3473 1812">
    <p class='ocr_par' dir='ltr' id='par_1_32' title="bbox 1895 1727 3473 1812">
     <span class='ocr_line' id='line_1_32' title="bbox 1895 1727 3473 1812; baseline 0.012 -31"><span class='ocrx_word' id='word_1_229' title='bbox 1895 1727 1948 1782; x_wconf 94' lang='lat' dir='ltr'><strong>iu</strong></span> <span class='ocrx_word' id='word_1_230' title='bbox 1976 1744 2193 1801; x_wconf 90' lang='lat' dir='ltr'><strong>gregem</strong></span> <span class='ocrx_word' id='word_1_231' title='bbox 2247 1747 2535 1802; x_wconf 88' lang='lat' dir='ltr'><strong>porcorum</strong></span> <span class='ocrx_word' id='word_1_232' title='bbox 2568 1737 2633 1793; x_wconf 81' lang='lat'><strong>“.</strong></span> <span class='ocrx_word' id='word_1_233' title='bbox 2682 1738 2828 1794; x_wconf 86' lang='lat' dir='ltr'><strong>Talis</strong></span> <span class='ocrx_word' id='word_1_234' title='bbox 2856 1748 2940 1795; x_wconf 91' lang='lat' dir='ltr'><strong>est</strong></span> <span class='ocrx_word' id='word_1_235' title='bbox 2987 1739 3076 1796; x_wconf 91' lang='lat' dir='ltr'><strong>ille</strong></span> <span class='ocrx_word' id='word_1_236' title='bbox 3112 1750 3264 1798; x_wconf 89' lang='lat' dir='ltr'><strong>vetus</strong></span> <span class='ocrx_word' id='word_1_237' title='bbox 3291 1743 3473 1812; x_wconf 90' lang='lat' dir='ltr'><strong>homo,</strong></span> 
     </span>
    </p>
   </div>
   <div class='ocr_carea' id='block_1_33' title="bbox 261 1820 1799 1903">
    <p class='ocr_par' dir='ltr' id='par_1_33' title="bbox 261 1829 1785 1903">
     <span class='ocr_line' id='line_1_33' title="bbox 261 1829 1785 1903; baseline 0.001 -19"><span class='ocrx_word' id='word_1_238' title='bbox 261 1829 390 1884; x_wconf 79' lang='lat' dir='ltr'><strong>XV.</strong></span> <span class='ocrx_word' id='word_1_239' title='bbox 427 1831 660 1886; x_wconf 81' lang='lat' dir='ltr'><strong>Attende</strong></span> <span class='ocrx_word' id='word_1_240' title='bbox 698 1830 790 1886; x_wconf 83' lang='lat' dir='ltr'><strong>tibi</strong></span> <span class='ocrx_word' id='word_1_241' title='bbox 838 1831 1140 1903; x_wconf 89' lang='lat' dir='ltr'><strong>diligenter,</strong></span> <span class='ocrx_word' id='word_1_242' title='bbox 1178 1846 1237 1885; x_wconf 89' lang='lat' dir='ltr'><strong>ut</strong></span> <span class='ocrx_word' id='word_1_243' title='bbox 1276 1831 1728 1900; x_wconf 86' lang='lat' dir='ltr'><strong>quemadmodum</strong></span> <span class='ocrx_word' id='word_1_244' title='bbox 1757 1848 1785 1886; x_wconf 91' lang='lat' dir='ltr'><strong>a</strong></span> 
     </span>
    </p>
   </div>
   <div class='ocr_carea' id='block_1_34' title="bbox 1903 1820 3477 1903">
    <p class='ocr_par' dir='ltr' id='par_1_34' title="bbox 1903 1820 3477 1901">
     <span class='ocr_line' id='line_1_34' title="bbox 1903 1820 3477 1901; baseline 0.011 -32"><span class='ocrx_word' id='word_1_245' title='bbox 1903 1833 2054 1886; x_wconf 84' lang='lat' dir='ltr'><strong>quem</strong></span> <span class='ocrx_word' id='word_1_246' title='bbox 2108 1820 2399 1890; x_wconf 84' lang='lat' dir='ltr'><strong>Apostolus</strong></span> <span class='ocrx_word' id='word_1_247' title='bbox 2445 1825 2710 1894; x_wconf 72' lang='lat' dir='ltr'><strong>przecipit,</strong></span> <span class='ocrx_word' id='word_1_248' title='bbox 2757 1835 2817 1881; x_wconf 92' lang='lat' dir='ltr'><strong>ut</strong></span> <span class='ocrx_word' id='word_1_249' title='bbox 2863 1841 3165 1896; x_wconf 87' lang='lat' dir='ltr'><strong>exuamus;</strong></span> <span class='ocrx_word' id='word_1_250' title='bbox 3191 1838 3477 1901; x_wconf 83' lang='lat' dir='ltr'><strong>propterea</strong></span> 
     </span>
    </p>
   </div>
   <div class='ocr_carea' id='block_1_35' title="bbox 185 1921 1784 1992">
    <p class='ocr_par' dir='ltr' id='par_1_35' title="bbox 185 1921 1784 1992">
     <span class='ocr_line' id='line_1_35' title="bbox 185 1921 1784 1992; baseline 0 -16"><span class='ocrx_word' id='word_1_251' title='bbox 185 1921 426 1978; x_wconf 86' lang='lat' dir='ltr'><strong>libidine</strong></span> <span class='ocrx_word' id='word_1_252' title='bbox 465 1933 756 1992; x_wconf 88' lang='lat' dir='ltr'><strong>temperas,</strong></span> <span class='ocrx_word' id='word_1_253' title='bbox 803 1923 884 1979; x_wconf 89' lang='lat' dir='ltr'><strong>sic</strong></span> <span class='ocrx_word' id='word_1_254' title='bbox 913 1925 1076 1980; x_wconf 92' lang='lat' dir='ltr'><strong>etiam</strong></span> <span class='ocrx_word' id='word_1_255' title='bbox 1126 1923 1428 1988; x_wconf 90' lang='lat' dir='ltr'><strong>oculorum,</strong></span> <span class='ocrx_word' id='word_1_256' title='bbox 1457 1933 1510 1978; x_wconf 91' lang='lat' dir='ltr'><strong>et</strong></span> <span class='ocrx_word' id='word_1_257' title='bbox 1548 1924 1784 1989; x_wconf 90' lang='lat' dir='ltr'><strong>aurium,</strong></span> 
     </span>
    </p>
   </div>
   <div class='ocr_carea' id='block_1_36' title="bbox 185 2010 1786 2081">
    <p class='ocr_par' dir='ltr' id='par_1_36' title="bbox 185 2010 1786 2081">
     <span class='ocr_line' id='line_1_36' title="bbox 185 2010 1786 2081; baseline -0.001 -15"><span class='ocrx_word' id='word_1_258' title='bbox 185 2019 249 2066; x_wconf 84' lang='lat' dir='ltr'><strong>et</strong></span> <span class='ocrx_word' id='word_1_259' title='bbox 313 2022 498 2066; x_wconf 81' lang='lat' dir='ltr'><strong>tactus</strong></span> <span class='ocrx_word' id='word_1_260' title='bbox 543 2011 802 2067; x_wconf 85' lang='lat' dir='ltr'><strong>cohibeas</strong></span> <span class='ocrx_word' id='word_1_261' title='bbox 869 2011 1247 2081; x_wconf 86' lang='lat' dir='ltr'><strong>cupiditatem.</strong></span> <span class='ocrx_word' id='word_1_262' title='bbox 1295 2010 1494 2078; x_wconf 78' lang='lat' dir='ltr'><strong>Oculos</strong></span> <span class='ocrx_word' id='word_1_263' title='bbox 1527 2027 1786 2066; x_wconf 88' lang='lat' dir='ltr'><strong>manuum</strong></span> 
     </span>
    </p>
   </div>
   <div class='ocr_carea' id='block_1_37' title="bbox 190 2102 1788 2172">
    <p class='ocr_par' dir='ltr' id='par_1_37' title="bbox 190 2102 1788 2172">
     <span class='ocr_line' id='line_1_37' title="bbox 190 2102 1788 2172; baseline 0.002 -16"><span class='ocrx_word' id='word_1_264' title='bbox 190 2113 420 2158; x_wconf 75' lang='lat' dir='ltr'><strong>tuarum</strong></span> <span class='ocrx_word' id='word_1_265' title='bbox 450 2103 705 2172; x_wconf 88' lang='lat' dir='ltr'><strong>operibus</strong></span> <span class='ocrx_word' id='word_1_266' title='bbox 733 2102 905 2158; x_wconf 92' lang='lat' dir='ltr'><strong>solum</strong></span> <span class='ocrx_word' id='word_1_267' title='bbox 944 2102 1184 2169; x_wconf 90' lang='lat' dir='ltr'><strong>intende,</strong></span> <span class='ocrx_word' id='word_1_268' title='bbox 1219 2111 1275 2157; x_wconf 92' lang='lat' dir='ltr'><strong>et</strong></span> <span class='ocrx_word' id='word_1_269' title='bbox 1305 2118 1410 2159; x_wconf 92' lang='lat' dir='ltr'><strong>non</strong></span> <span class='ocrx_word' id='word_1_270' title='bbox 1455 2103 1618 2159; x_wconf 90' lang='lat' dir='ltr'><strong>rebus</strong></span> <span class='ocrx_word' id='word_1_271' title='bbox 1646 2103 1788 2170; x_wconf 89' lang='lat' dir='ltr'><strong>aliis,</strong></span> 
     </span>
    </p>
   </div>
   <div class='ocr_carea' id='block_1_38' title="bbox 187 2193 1788 2265">
    <p class='ocr_par' dir='ltr' id='par_1_38' title="bbox 187 2193 1788 2265">
     <span class='ocr_line' id='line_1_38' title="bbox 187 2193 1788 2265; baseline 0.001 -17"><span class='ocrx_word' id='word_1_272' title='bbox 187 2194 303 2250; x_wconf 84' lang='lat' dir='ltr'><strong>nisi</strong></span> <span class='ocrx_word' id='word_1_273' title='bbox 355 2194 656 2264; x_wconf 85' lang='lat' dir='ltr'><strong>probabilis</strong></span> <span class='ocrx_word' id='word_1_274' title='bbox 711 2193 1003 2249; x_wconf 87' lang='lat' dir='ltr'><strong>necessitas</strong></span> <span class='ocrx_word' id='word_1_275' title='bbox 1066 2195 1120 2250; x_wconf 91' lang='lat' dir='ltr'><strong>id</strong></span> <span class='ocrx_word' id='word_1_276' title='bbox 1170 2195 1480 2265; x_wconf 88' lang='lat' dir='ltr'><strong>postulabit.</strong></span> <span class='ocrx_word' id='word_1_277' title='bbox 1536 2195 1788 2250; x_wconf 85' lang='lat' dir='ltr'><strong>Feminas</strong></span> 
     </span>
    </p>
   </div>
   <div class='ocr_carea' id='block_1_39' title="bbox 188 2285 1789 2358">
    <p class='ocr_par' dir='ltr' id='par_1_39' title="bbox 188 2285 1789 2358">
     <span class='ocr_line' id='line_1_39' title="bbox 188 2285 1789 2358; baseline 0.003 -19"><span class='ocrx_word' id='word_1_278' title='bbox 188 2301 335 2343; x_wconf 72' lang='lat' dir='ltr'><strong>vero</strong></span> <span class='ocrx_word' id='word_1_279' title='bbox 361 2297 456 2342; x_wconf 92' lang='lat' dir='ltr'><strong>aut</strong></span> <span class='ocrx_word' id='word_1_280' title='bbox 489 2287 634 2342; x_wconf 90' lang='lat' dir='ltr'><strong>viros</strong></span> <span class='ocrx_word' id='word_1_281' title='bbox 661 2285 950 2352; x_wconf 89' lang='lat' dir='ltr'><strong>formosos,</strong></span> <span class='ocrx_word' id='word_1_282' title='bbox 989 2287 1091 2342; x_wconf 91' lang='lat' dir='ltr'><strong>nisi</strong></span> <span class='ocrx_word' id='word_1_283' title='bbox 1124 2302 1313 2358; x_wconf 86' lang='lat' dir='ltr'><strong>magna</strong></span> <span class='ocrx_word' id='word_1_284' title='bbox 1343 2295 1566 2357; x_wconf 90' lang='lat' dir='ltr'><strong>urgente</strong></span> <span class='ocrx_word' id='word_1_285' title='bbox 1596 2303 1789 2344; x_wconf 85' lang='lat' dir='ltr'><strong>neces-</strong></span> 
     </span>
    </p>
   </div>
   <div class='ocr_carea' id='block_1_40' title="bbox 191 2376 1792 2447">
    <p class='ocr_par' dir='ltr' id='par_1_40' title="bbox 191 2376 1792 2447">
     <span class='ocr_line' id='line_1_40' title="bbox 191 2376 1792 2447; baseline 0 -13"><span class='ocrx_word' id='word_1_286' title='bbox 191 2379 387 2445; x_wconf 88' lang='lat' dir='ltr'><strong>sitate,</strong></span> <span class='ocrx_word' id='word_1_287' title='bbox 444 2378 702 2447; x_wconf 89' lang='lat' dir='ltr'><strong>respicias</strong></span> <span class='ocrx_word' id='word_1_288' title='bbox 754 2393 907 2433; x_wconf 89' lang='lat' dir='ltr'><strong>cave.</strong></span> <span class='ocrx_word' id='word_1_289' title='bbox 952 2376 1083 2445; x_wconf 85' lang='lat' dir='ltr'><strong>Quae</strong></span> <span class='ocrx_word' id='word_1_290' title='bbox 1131 2377 1197 2433; x_wconf 90' lang='lat' dir='ltr'><strong>de</strong></span> <span class='ocrx_word' id='word_1_291' title='bbox 1241 2378 1362 2434; x_wconf 88' lang='lat' dir='ltr'><strong>aliis</strong></span> <span class='ocrx_word' id='word_1_292' title='bbox 1410 2379 1680 2446; x_wconf 86' lang='lat' dir='ltr'><strong>dicuntur,</strong></span> <span class='ocrx_word' id='word_1_293' title='bbox 1722 2393 1792 2434; x_wconf 92' lang='lat' dir='ltr'><strong>ne</strong></span> 
     </span>
    </p>
   </div>
   <div class='ocr_carea' id='block_1_41' title="bbox 192 2468 1789 2540">
    <p class='ocr_par' dir='ltr' id='par_1_41' title="bbox 192 2468 1789 2540">
     <span class='ocr_line' id='line_1_41' title="bbox 192 2468 1789 2540; baseline 0.001 -15"><span class='ocrx_word' id='word_1_294' title='bbox 192 2485 366 2526; x_wconf 91' lang='lat' dir='ltr'><strong>cures</strong></span> <span class='ocrx_word' id='word_1_295' title='bbox 408 2470 618 2525; x_wconf 91' lang='lat' dir='ltr'><strong>audire.</strong></span> <span class='ocrx_word' id='word_1_296' title='bbox 645 2469 720 2526; x_wconf 90' lang='lat' dir='ltr'><strong>Os</strong></span> <span class='ocrx_word' id='word_1_297' title='bbox 742 2479 910 2533; x_wconf 91' lang='lat' dir='ltr'><strong>tuum,</strong></span> <span class='ocrx_word' id='word_1_298' title='bbox 939 2468 1042 2524; x_wconf 88' lang='lat' dir='ltr'><strong>nisi</strong></span> <span class='ocrx_word' id='word_1_299' title='bbox 1067 2483 1302 2530; x_wconf 28' lang='lat' dir='ltr'><strong>necesse.</strong></span> <span class='ocrx_word' id='word_1_300' title='bbox 1323 2471 1415 2535; x_wconf 87' lang='lat' dir='ltr'><strong>sit,</strong></span> <span class='ocrx_word' id='word_1_301' title='bbox 1445 2471 1580 2526; x_wconf 89' lang='lat' dir='ltr'><strong>nihil</strong></span> <span class='ocrx_word' id='word_1_302' title='bbox 1605 2471 1789 2540; x_wconf 87' lang='lat' dir='ltr'><strong>loqua-</strong></span> 
     </span>
    </p>
   </div>
   <div class='ocr_carea' id='block_1_42' title="bbox 194 2561 1790 2630">
    <p class='ocr_par' dir='ltr' id='par_1_42' title="bbox 194 2561 1790 2630">
     <span class='ocr_line' id='line_1_42' title="bbox 194 2561 1790 2630; baseline 0.001 -14"><span class='ocrx_word' id='word_1_303' title='bbox 194 2571 291 2617; x_wconf 86' lang='lat' dir='ltr'><strong>tur</strong></span> <span class='ocrx_word' id='word_1_304' title='bbox 315 2563 562 2617; x_wconf 85' lang='lat' dir='ltr'><strong>omnino.</strong></span> <span class='ocrx_word' id='word_1_305' title='bbox 597 2561 654 2616; x_wconf 86' lang='lat' dir='ltr'><strong>Si</strong></span> <span class='ocrx_word' id='word_1_306' title='bbox 690 2563 805 2617; x_wconf 80' lang='lat' dir='ltr'><strong>haec</strong></span> <span class='ocrx_word' id='word_1_307' title='bbox 825 2562 975 2616; x_wconf 89' lang='lat' dir='ltr'><strong>utilia</strong></span> <span class='ocrx_word' id='word_1_308' title='bbox 1007 2576 1129 2616; x_wconf 92' lang='lat' dir='ltr'><strong>esse</strong></span> <span class='ocrx_word' id='word_1_309' title='bbox 1159 2562 1567 2630; x_wconf 84' lang='lat' dir='ltr'><strong>animadvertis,</strong></span> <span class='ocrx_word' id='word_1_310' title='bbox 1598 2563 1790 2629; x_wconf 88' lang='lat' dir='ltr'><strong>frater,</strong></span> 
     </span>
    </p>
   </div>
   <div class='ocr_carea' id='block_1_43' title="bbox 196 2651 1791 2723">
    <p class='ocr_par' dir='ltr' id='par_1_43' title="bbox 196 2651 1791 2723">
     <span class='ocr_line' id='line_1_43' title="bbox 196 2651 1791 2723; baseline 0.001 -16"><span class='ocrx_word' id='word_1_311' title='bbox 196 2668 428 2723; x_wconf 88' lang='lat' dir='ltr'><strong>operam</strong></span> <span class='ocrx_word' id='word_1_312' title='bbox 469 2653 558 2719; x_wconf 89' lang='lat' dir='ltr'><strong>da,</strong></span> <span class='ocrx_word' id='word_1_313' title='bbox 590 2661 650 2706; x_wconf 91' lang='lat' dir='ltr'><strong>ut</strong></span> <span class='ocrx_word' id='word_1_314' title='bbox 678 2667 740 2706; x_wconf 91' lang='lat' dir='ltr'><strong>ea</strong></span> <span class='ocrx_word' id='word_1_315' title='bbox 774 2666 831 2707; x_wconf 90' lang='lat' dir='ltr'><strong>re</strong></span> <span class='ocrx_word' id='word_1_316' title='bbox 877 2652 992 2723; x_wconf 88' lang='lat' dir='ltr'><strong>ipsa</strong></span> <span class='ocrx_word' id='word_1_317' title='bbox 1027 2651 1296 2722; x_wconf 80' lang='lat' dir='ltr'><strong>perficias,</strong></span> <span class='ocrx_word' id='word_1_318' title='bbox 1328 2662 1387 2707; x_wconf 93' lang='lat' dir='ltr'><strong>ut</strong></span> <span class='ocrx_word' id='word_1_319' title='bbox 1425 2654 1478 2708; x_wconf 93' lang='lat' dir='ltr'><strong>in</strong></span> <span class='ocrx_word' id='word_1_320' title='bbox 1509 2655 1641 2710; x_wconf 90' lang='lat' dir='ltr'><strong>hora</strong></span> <span class='ocrx_word' id='word_1_321' title='bbox 1671 2663 1791 2710; x_wconf 87' lang='lat' dir='ltr'><strong>ten-</strong></span> 
     </span>
    </p>
   </div>
   <div class='ocr_carea' id='block_1_44' title="bbox 201 2745 1519 2814">
    <p class='ocr_par' dir='ltr' id='par_1_44' title="bbox 201 2745 1519 2814">
     <span class='ocr_line' id='line_1_44' title="bbox 201 2745 1519 2814; baseline -0.001 -16"><span class='ocrx_word' id='word_1_322' title='bbox 201 2745 438 2802; x_wconf 85' lang='lat' dir='ltr'><strong>tationis</strong></span> <span class='ocrx_word' id='word_1_323' title='bbox 465 2752 516 2800; x_wconf 91' lang='lat' dir='ltr'><strong>te</strong></span> <span class='ocrx_word' id='word_1_324' title='bbox 540 2745 682 2800; x_wconf 83' lang='lat' dir='ltr'><strong>Deus</strong></span> <span class='ocrx_word' id='word_1_325' title='bbox 705 2753 951 2814; x_wconf 81' lang='lat' dir='ltr'><strong>protegat</strong></span> <span class='ocrx_word' id='word_1_326' title='bbox 979 2759 1042 2798; x_wconf 91' lang='lat' dir='ltr'><strong>ac</strong></span> <span class='ocrx_word' id='word_1_327' title='bbox 1067 2753 1300 2798; x_wconf 88' lang='lat' dir='ltr'><strong>tueatur.</strong></span> <span class='ocrx_word' id='word_1_328' title='bbox 1326 2746 1519 2800; x_wconf 83' lang='lat' dir='ltr'><strong>Amen.</strong></span> 
     </span>
    </p>
   </div>
   <div class='ocr_carea' id='block_1_45' title="bbox 739 2833 1259 2891">
    <p class='ocr_par' dir='ltr' id='par_1_45' title="bbox 739 2833 1259 2891">
     <span class='ocr_line' id='line_1_45' title="bbox 739 2833 1259 2891; baseline -0.006 0"><span class='ocrx_word' id='word_1_329' title='bbox 739 2833 998 2891; x_wconf 78' lang='lat' dir='ltr'><strong>ORATIO</strong></span> <span class='ocrx_word' id='word_1_330' title='bbox 1026 2833 1259 2889; x_wconf 76' lang='lat' dir='ltr'><strong>XXVIII.</strong></span> 
     </span>
    </p>
   </div>
   <div class='ocr_carea' id='block_1_46' title="bbox 709 2925 1316 2982">
    <p class='ocr_par' dir='ltr' id='par_1_46' title="bbox 709 2925 1316 2982">
     <span class='ocr_line' id='line_1_46' title="bbox 709 2925 1316 2982; baseline 0.002 -2"><span class='ocrx_word' id='word_1_331' title='bbox 709 2925 787 2982; x_wconf 89' lang='lat' dir='ltr'><strong>De</strong></span> <span class='ocrx_word' id='word_1_332' title='bbox 858 2928 1078 2982; x_wconf 79' lang='lat' dir='ltr'><strong>malitia:</strong></span> <span class='ocrx_word' id='word_1_333' title='bbox 1135 2928 1316 2981; x_wconf 89' lang='lat' dir='ltr'><strong>ramis.</strong></span> 
     </span>
    </p>
   </div>
   <div class='ocr_carea' id='block_1_47' title="bbox 280 3016 1795 3090">
    <p class='ocr_par' dir='ltr' id='par_1_47' title="bbox 280 3016 1795 3090">
     <span class='ocr_line' id='line_1_47' title="bbox 280 3016 1795 3090; baseline 0 -16"><span class='ocrx_word' id='word_1_334' title='bbox 280 3016 321 3075; x_wconf 95' lang='lat' dir='ltr'><strong>l.</strong></span> <span class='ocrx_word' id='word_1_335' title='bbox 347 3019 425 3073; x_wconf 88' lang='lat' dir='ltr'><strong>De</strong></span> <span class='ocrx_word' id='word_1_336' title='bbox 461 3019 676 3073; x_wconf 70' lang='lat' dir='ltr'><strong>malitiae</strong></span> <span class='ocrx_word' id='word_1_337' title='bbox 702 3019 866 3072; x_wconf 86' lang='lat' dir='ltr'><strong>ramis</strong></span> <span class='ocrx_word' id='word_1_338' title='bbox 897 3019 1183 3074; x_wconf 89' lang='lat' dir='ltr'><strong>dicendum</strong></span> <span class='ocrx_word' id='word_1_339' title='bbox 1211 3029 1318 3084; x_wconf 91' lang='lat' dir='ltr'><strong>est,</strong></span> <span class='ocrx_word' id='word_1_340' title='bbox 1350 3029 1409 3075; x_wconf 91' lang='lat' dir='ltr'><strong>ut</strong></span> <span class='ocrx_word' id='word_1_341' title='bbox 1443 3020 1628 3086; x_wconf 90' lang='lat' dir='ltr'><strong>homo,</strong></span> <span class='ocrx_word' id='word_1_342' title='bbox 1666 3022 1795 3090; x_wconf 89' lang='lat' dir='ltr'><strong>quid</strong></span> 
     </span>
    </p>
   </div>
   <div class='ocr_carea' id='block_1_48' title="bbox 205 3109 1798 3180">
    <p class='ocr_par' dir='ltr' id='par_1_48' title="bbox 205 3109 1798 3180">
     <span class='ocr_line' id='line_1_48' title="bbox 205 3109 1798 3180; baseline -0.002 -13"><span class='ocrx_word' id='word_1_343' title='bbox 205 3110 284 3167; x_wconf 81' lang='lat' dir='ltr'><strong>sit</strong></span> <span class='ocrx_word' id='word_1_344' title='bbox 333 3110 545 3177; x_wconf 89' lang='lat' dir='ltr'><strong>vitium,</strong></span> <span class='ocrx_word' id='word_1_345' title='bbox 585 3119 640 3164; x_wconf 93' lang='lat' dir='ltr'><strong>et</strong></span> <span class='ocrx_word' id='word_1_346' title='bbox 679 3109 807 3178; x_wconf 89' lang='lat' dir='ltr'><strong>quid</strong></span> <span class='ocrx_word' id='word_1_347' title='bbox 844 3124 903 3163; x_wconf 91' lang='lat' dir='ltr'><strong>se</strong></span> <span class='ocrx_word' id='word_1_348' title='bbox 934 3123 963 3162; x_wconf 91' lang='lat' dir='ltr'><strong>a</strong></span> <span class='ocrx_word' id='word_1_349' title='bbox 998 3109 1105 3163; x_wconf 91' lang='lat' dir='ltr'><strong>Deo</strong></span> <span class='ocrx_word' id='word_1_350' title='bbox 1142 3119 1378 3179; x_wconf 86' lang='lat' dir='ltr'><strong>separet,</strong></span> <span class='ocrx_word' id='word_1_351' title='bbox 1430 3111 1709 3180; x_wconf 81' lang='lat' dir='ltr'><strong>intelligat,</strong></span> <span class='ocrx_word' id='word_1_352' title='bbox 1742 3120 1798 3164; x_wconf 91' lang='lat' dir='ltr'><strong>et</strong></span> 
     </span>
    </p>
   </div>
   <div class='ocr_carea' id='block_1_49' title="bbox 206 3199 1795 3272">
    <p class='ocr_par' dir='ltr' id='par_1_49' title="bbox 206 3199 1795 3272">
     <span class='ocr_line' id='line_1_49' title="bbox 206 3199 1795 3272; baseline -0.001 -18"><span class='ocrx_word' id='word_1_353' title='bbox 206 3203 330 3272; x_wconf 83' lang='lat' dir='ltr'><strong>ejus</strong></span> <span class='ocrx_word' id='word_1_354' title='bbox 371 3200 633 3257; x_wconf 81' lang='lat' dir='ltr'><strong>auxilium</strong></span> <span class='ocrx_word' id='word_1_355' title='bbox 676 3199 926 3269; x_wconf 89' lang='lat' dir='ltr'><strong>imploret</strong></span> <span class='ocrx_word' id='word_1_356' title='bbox 971 3200 1234 3256; x_wconf 88' lang='lat' dir='ltr'><strong>adversus</strong></span> <span class='ocrx_word' id='word_1_357' title='bbox 1287 3200 1493 3270; x_wconf 89' lang='lat' dir='ltr'><strong>singula</strong></span> <span class='ocrx_word' id='word_1_358' title='bbox 1538 3202 1689 3266; x_wconf 88' lang='lat' dir='ltr'><strong>vitia,</strong></span> <span class='ocrx_word' id='word_1_359' title='bbox 1719 3211 1795 3267; x_wconf 89' lang='lat' dir='ltr'><strong>et,</strong></span> 
     </span>
    </p>
   </div>
   <div class='ocr_carea' id='block_1_50' title="bbox 209 3290 1796 3362">
    <p class='ocr_par' dir='ltr' id='par_1_50' title="bbox 209 3290 1796 3362">
     <span class='ocr_line' id='line_1_50' title="bbox 209 3290 1796 3362; baseline -0.001 -13"><span class='ocrx_word' id='word_1_360' title='bbox 209 3295 397 3349; x_wconf 87' lang='lat' dir='ltr'><strong>divina</strong></span> <span class='ocrx_word' id='word_1_361' title='bbox 431 3290 718 3360; x_wconf 79' lang='lat' dir='ltr'><strong>adiuvante</strong></span> <span class='ocrx_word' id='word_1_362' title='bbox 749 3292 1059 3358; x_wconf 88' lang='lat' dir='ltr'><strong>clementia,</strong></span> <span class='ocrx_word' id='word_1_363' title='bbox 1091 3307 1154 3346; x_wconf 90' lang='lat' dir='ltr'><strong>ea</strong></span> <span class='ocrx_word' id='word_1_364' title='bbox 1196 3291 1441 3362; x_wconf 82' lang='lat' dir='ltr'><strong>proﬂiget</strong></span> <span class='ocrx_word' id='word_1_365' title='bbox 1466 3301 1520 3348; x_wconf 93' lang='lat' dir='ltr'><strong>et</strong></span> <span class='ocrx_word' id='word_1_366' title='bbox 1543 3293 1796 3362; x_wconf 78' lang='lat' dir='ltr'><strong>expellat.</strong></span> 
     </span>
    </p>
   </div>
   <div class='ocr_carea' id='block_1_51' title="bbox 217 3383 1799 3456">
    <p class='ocr_par' dir='ltr' id='par_1_51' title="bbox 217 3383 1799 3456">
     <span class='ocr_line' id='line_1_51' title="bbox 217 3383 1799 3456; baseline 0.001 -17"><span class='ocrx_word' id='word_1_367' title='bbox 217 3384 366 3439; x_wconf 78' lang='lat' dir='ltr'><strong>Vitia</strong></span> <span class='ocrx_word' id='word_1_368' title='bbox 418 3393 556 3439; x_wconf 91' lang='lat' dir='ltr'><strong>sunt-</strong></span> <span class='ocrx_word' id='word_1_369' title='bbox 590 3384 786 3439; x_wconf 73' lang='lat' dir='ltr'><strong>anima:</strong></span> <span class='ocrx_word' id='word_1_370' title='bbox 817 3383 1058 3449; x_wconf 84' lang='lat' dir='ltr'><strong>vulnera,</strong></span> <span class='ocrx_word' id='word_1_371' title='bbox 1105 3400 1224 3454; x_wconf 80' lang='lat' dir='ltr'><strong>qua:</strong></span> <span class='ocrx_word' id='word_1_372' title='bbox 1269 3385 1556 3456; x_wconf 71' lang='lat' dir='ltr'><strong>seiungunt</strong></span> <span class='ocrx_word' id='word_1_373' title='bbox 1597 3385 1740 3440; x_wconf 84' lang='lat' dir='ltr'><strong>illam</strong></span> <span class='ocrx_word' id='word_1_374' title='bbox 1770 3404 1799 3441; x_wconf 91' lang='lat' dir='ltr'><strong>a</strong></span> 
     </span>
    </p>
   </div>
   <div class='ocr_carea' id='block_1_52' title="bbox 214 3475 1794 3548">
    <p class='ocr_par' dir='ltr' id='par_1_52' title="bbox 214 3475 1794 3548">
     <span class='ocr_line' id='line_1_52' title="bbox 214 3475 1794 3548; baseline 0 -16"><span class='ocrx_word' id='word_1_375' title='bbox 214 3477 351 3532; x_wconf 92' lang='lat' dir='ltr'><strong>Deo.</strong></span> <span class='ocrx_word' id='word_1_376' title='bbox 387 3476 584 3532; x_wconf 81' lang='lat' dir='ltr'><strong>Beatus</strong></span> <span class='ocrx_word' id='word_1_377' title='bbox 620 3475 726 3540; x_wconf 91' lang='lat' dir='ltr'><strong>ille,</strong></span> <span class='ocrx_word' id='word_1_378' title='bbox 761 3475 851 3542; x_wconf 88' lang='lat' dir='ltr'><strong>qui</strong></span> <span class='ocrx_word' id='word_1_379' title='bbox 897 3491 927 3528; x_wconf 89' lang='lat' dir='ltr'><strong>a</strong></span> <span class='ocrx_word' id='word_1_380' title='bbox 971 3476 1115 3532; x_wconf 79' lang='lat' dir='ltr'><strong>vitiis</strong></span> <span class='ocrx_word' id='word_1_381' title='bbox 1158 3477 1364 3548; x_wconf 91' lang='lat' dir='ltr'><strong>integer</strong></span> <span class='ocrx_word' id='word_1_382' title='bbox 1411 3487 1464 3533; x_wconf 94' lang='lat' dir='ltr'><strong>et</strong></span> <span class='ocrx_word' id='word_1_383' title='bbox 1504 3493 1670 3548; x_wconf 90' lang='lat' dir='ltr'><strong>purus</strong></span> <span class='ocrx_word' id='word_1_384' title='bbox 1692 3488 1794 3543; x_wconf 88' lang='lat' dir='ltr'><strong>est,</strong></span> 
     </span>
    </p>
   </div>
   <div class='ocr_carea' id='block_1_53' title="bbox 214 3565 1804 3638">
    <p class='ocr_par' dir='ltr' id='par_1_53' title="bbox 214 3565 1804 3638">
     <span class='ocr_line' id='line_1_53' title="bbox 214 3565 1804 3638; baseline 0 -17"><span class='ocrx_word' id='word_1_385' title='bbox 214 3569 345 3636; x_wconf 88' lang='lat' dir='ltr'><strong>quia</strong></span> <span class='ocrx_word' id='word_1_386' title='bbox 378 3577 636 3636; x_wconf 86' lang='lat' dir='ltr'><strong>tanquam</strong></span> <span class='ocrx_word' id='word_1_387' title='bbox 667 3565 786 3622; x_wconf 88' lang='lat' dir='ltr'><strong>ovis</strong></span> <span class='ocrx_word' id='word_1_388' title='bbox 828 3566 1037 3620; x_wconf 86' lang='lat' dir='ltr'><strong>ratione</strong></span> <span class='ocrx_word' id='word_1_389' title='bbox 1077 3566 1299 3635; x_wconf 83' lang='lat' dir='ltr'><strong>praedita</strong></span> <span class='ocrx_word' id='word_1_390' title='bbox 1329 3578 1541 3638; x_wconf 86' lang='lat' dir='ltr'><strong>gratum</strong></span> <span class='ocrx_word' id='word_1_391' title='bbox 1573 3567 1683 3624; x_wconf 92' lang='lat' dir='ltr'><strong>Deo</strong></span> <span class='ocrx_word' id='word_1_392' title='bbox 1716 3585 1804 3622; x_wconf 87' lang='lat' dir='ltr'><strong>sa-</strong></span> 
     </span>
    </p>
   </div>
   <div class='ocr_carea' id='block_1_54' title="bbox 231 3657 1804 3726">
    <p class='ocr_par' dir='ltr' id='par_1_54' title="bbox 231 3657 1804 3726">
     <span class='ocr_line' id='line_1_54' title="bbox 231 3657 1804 3726; baseline 0.001 -12"><span class='ocrx_word' id='word_1_393' title='bbox 231 3659 503 3714; x_wconf 86' lang='lat' dir='ltr'><strong>crilicium</strong></span> <span class='ocrx_word' id='word_1_394' title='bbox 551 3657 832 3722; x_wconf 75' lang='lat' dir='ltr'><strong>oﬂeretur,</strong></span> <span class='ocrx_word' id='word_1_395' title='bbox 867 3669 920 3714; x_wconf 91' lang='lat' dir='ltr'><strong>et</strong></span> <span class='ocrx_word' id='word_1_396' title='bbox 950 3659 1241 3726; x_wconf 86' lang='lat' dir='ltr'><strong>jucundam</strong></span> <span class='ocrx_word' id='word_1_397' title='bbox 1272 3659 1416 3714; x_wconf 89' lang='lat' dir='ltr'><strong>illam</strong></span> <span class='ocrx_word' id='word_1_398' title='bbox 1465 3661 1674 3715; x_wconf 91' lang='lat' dir='ltr'><strong>Domini</strong></span> <span class='ocrx_word' id='word_1_399' title='bbox 1713 3676 1804 3716; x_wconf 85' lang='lat' dir='ltr'><strong>vo-</strong></span> 
     </span>
    </p>
   </div>
   <div class='ocr_carea' id='block_1_55' title="bbox 217 3747 1806 3822">
    <p class='ocr_par' dir='ltr' id='par_1_55' title="bbox 217 3747 1806 3822">
     <span class='ocr_line' id='line_1_55' title="bbox 217 3747 1806 3822; baseline 0 -16"><span class='ocrx_word' id='word_1_400' title='bbox 217 3765 342 3806; x_wconf 89' lang='lat' dir='ltr'><strong>cem</strong></span> <span class='ocrx_word' id='word_1_401' title='bbox 366 3750 622 3806; x_wconf 76' lang='lat' dir='ltr'><strong>exaudiet</strong></span> <span class='ocrx_word' id='word_1_402' title='bbox 652 3767 667 3803; x_wconf 89' lang='lat'><strong>:</strong></span> <span class='ocrx_word' id='word_1_403' title='bbox 694 3747 862 3820; x_wconf 86' lang='lat' dir='ltr'><strong>Euge,</strong></span> <span class='ocrx_word' id='word_1_404' title='bbox 889 3767 1030 3805; x_wconf 83' lang='lat' dir='ltr'><strong>serve</strong></span> <span class='ocrx_word' id='word_1_405' title='bbox 1056 3751 1186 3806; x_wconf 89' lang='lat' dir='ltr'><strong>bone</strong></span> <span class='ocrx_word' id='word_1_406' title='bbox 1213 3763 1259 3806; x_wconf 86' lang='lat' dir='ltr'><strong>et</strong></span> <span class='ocrx_word' id='word_1_407' title='bbox 1284 3751 1477 3820; x_wconf 75' lang='lat' dir='ltr'><strong>ﬁdelis,</strong></span> <span class='ocrx_word' id='word_1_408' title='bbox 1499 3754 1628 3822; x_wconf 75' lang='lat' dir='ltr'><strong>quia</strong></span> <span class='ocrx_word' id='word_1_409' title='bbox 1650 3769 1806 3819; x_wconf 80' lang='lat' dir='ltr'><strong>super</strong></span> 
     </span>
    </p>
   </div>
   <div class='ocr_carea' id='block_1_56' title="bbox 215 3841 1805 3911">
    <p class='ocr_par' dir='ltr' id='par_1_56' title="bbox 215 3841 1805 3911">
     <span class='ocr_line' id='line_1_56' title="bbox 215 3841 1805 3911; baseline 0.004 -17"><span class='ocrx_word' id='word_1_410' title='bbox 215 3857 392 3911; x_wconf 75' lang='lat' dir='ltr'><strong>pauca</strong></span> <span class='ocrx_word' id='word_1_411' title='bbox 424 3841 572 3909; x_wconf 73' lang='lat' dir='ltr'><strong>fuisti</strong></span> <span class='ocrx_word' id='word_1_412' title='bbox 604 3841 797 3910; x_wconf 78' lang='lat' dir='ltr'><strong>ﬁdelis,</strong></span> <span class='ocrx_word' id='word_1_413' title='bbox 829 3857 986 3910; x_wconf 87' lang='lat' dir='ltr'><strong>super</strong></span> <span class='ocrx_word' id='word_1_414' title='bbox 1007 3842 1172 3896; x_wconf 86' lang='lat' dir='ltr'><strong>multa</strong></span> <span class='ocrx_word' id='word_1_415' title='bbox 1201 3852 1250 3896; x_wconf 89' lang='lat' dir='ltr'><strong>te</strong></span> <span class='ocrx_word' id='word_1_416' title='bbox 1285 3846 1643 3910; x_wconf 63' lang='lat' dir='ltr'><strong>constituam;</strong></span> <span class='ocrx_word' id='word_1_417' title='bbox 1664 3847 1805 3901; x_wconf 80' lang='lat' dir='ltr'><strong>intra</strong></span> 
     </span>
    </p>
   </div>
   <div class='ocr_carea' id='block_1_57' title="bbox 221 3931 1804 4002">
    <p class='ocr_par' dir='ltr' id='par_1_57' title="bbox 221 3931 1804 4002">
     <span class='ocr_line' id='line_1_57' title="bbox 221 3931 1804 4002; baseline 0.004 -16"><span class='ocrx_word' id='word_1_418' title='bbox 221 3935 280 3986; x_wconf 88' lang='lat' dir='ltr'><strong>in</strong></span> <span class='ocrx_word' id='word_1_419' title='bbox 319 3932 574 4002; x_wconf 83' lang='lat' dir='ltr'><strong>gaudium</strong></span> <span class='ocrx_word' id='word_1_420' title='bbox 611 3932 821 3986; x_wconf 89' lang='lat' dir='ltr'><strong>Domini</strong></span> <span class='ocrx_word' id='word_1_421' title='bbox 871 3934 946 3986; x_wconf 86' lang='lat' dir='ltr'><strong>tui</strong></span> <span class='ocrx_word' id='word_1_422' title='bbox 973 3933 1040 3986; x_wconf 79' lang='grc'><strong>⁸⁸.</strong></span> <span class='ocrx_word' id='word_1_423' title='bbox 1073 3931 1174 3998; x_wconf 88' lang='lat' dir='ltr'><strong>Qui</strong></span> <span class='ocrx_word' id='word_1_424' title='bbox 1203 3941 1382 3988; x_wconf 90' lang='lat' dir='ltr'><strong>autem</strong></span> <span class='ocrx_word' id='word_1_425' title='bbox 1419 3935 1804 3992; x_wconf 88' lang='lat' dir='ltr'><strong>voluntcarnis</strong></span> 
     </span>
    </p>
   </div>
   <div class='ocr_carea' id='block_1_58' title="bbox 219 4025 1806 4097">
    <p class='ocr_par' dir='ltr' id='par_1_58' title="bbox 219 4025 1806 4097">
     <span class='ocr_line' id='line_1_58' title="bbox 219 4025 1806 4097; baseline 0.003 -18"><span class='ocrx_word' id='word_1_426' title='bbox 219 4041 337 4080; x_wconf 87' lang='lat' dir='ltr'><strong>suae</strong></span> <span class='ocrx_word' id='word_1_427' title='bbox 352 4025 933 4095; x_wconf 86' lang='lat' dir='ltr'><strong>voluntatesexplere,</strong></span> <span class='ocrx_word' id='word_1_428' title='bbox 961 4038 1134 4093; x_wconf 90' lang='lat' dir='ltr'><strong>neque</strong></span> <span class='ocrx_word' id='word_1_429' title='bbox 1158 4039 1217 4080; x_wconf 90' lang='lat' dir='ltr'><strong>se</strong></span> <span class='ocrx_word' id='word_1_430' title='bbox 1247 4026 1450 4082; x_wconf 88' lang='lat' dir='ltr'><strong>sanctis</strong></span> <span class='ocrx_word' id='word_1_431' title='bbox 1477 4027 1806 4097; x_wconf 64' lang='lat' dir='ltr'><strong>poenitentia:</strong></span> 
     </span>
    </p>
   </div>
   <div class='ocr_carea' id='block_1_59' title="bbox 222 4117 1804 4194">
    <p class='ocr_par' dir='ltr' id='par_1_59' title="bbox 222 4117 1804 4194">
     <span class='ocr_line' id='line_1_59' title="bbox 222 4117 1804 4194; baseline 0.003 -24"><span class='ocrx_word' id='word_1_432' title='bbox 222 4117 636 4172; x_wconf 82' lang='lat' dir='ltr'><strong>medicamentis</strong></span> <span class='ocrx_word' id='word_1_433' title='bbox 663 4131 880 4194; x_wconf 81' lang='lat' dir='ltr'><strong>curare,</strong></span> <span class='ocrx_word' id='word_1_434' title='bbox 925 4126 986 4170; x_wconf 91' lang='lat' dir='ltr'><strong>ut</strong></span> <span class='ocrx_word' id='word_1_435' title='bbox 1014 4117 1197 4171; x_wconf 85' lang='lat' dir='ltr'><strong>mundi</strong></span> <span class='ocrx_word' id='word_1_436' title='bbox 1245 4119 1531 4190; x_wconf 87' lang='lat' dir='ltr'><strong>sanctique</strong></span> <span class='ocrx_word' id='word_1_437' title='bbox 1562 4119 1719 4184; x_wconf 80' lang='lat' dir='ltr'><strong>ﬁant,</strong></span> <span class='ocrx_word' id='word_1_438' title='bbox 1752 4121 1804 4176; x_wconf 93' lang='lat' dir='ltr'><strong>in</strong></span> 
     </span>
    </p>
   </div>
   <div class='ocr_carea' id='block_1_60' title="bbox 222 4209 1802 4280">
    <p class='ocr_par' dir='ltr' id='par_1_60' title="bbox 222 4209 1802 4280">
     <span class='ocr_line' id='line_1_60' title="bbox 222 4209 1802 4280; baseline 0.002 -17"><span class='ocrx_word' id='word_1_439' title='bbox 222 4210 361 4264; x_wconf 90' lang='lat' dir='ltr'><strong>hora</strong></span> <span class='ocrx_word' id='word_1_440' title='bbox 415 4209 758 4264; x_wconf 86' lang='lat' dir='ltr'><strong>necessitatis</strong></span> <span class='ocrx_word' id='word_1_441' title='bbox 813 4209 1073 4263; x_wconf 89' lang='lat' dir='ltr'><strong>virtutum</strong></span> <span class='ocrx_word' id='word_1_442' title='bbox 1120 4209 1259 4266; x_wconf 87' lang='lat' dir='ltr'><strong>stola</strong></span> <span class='ocrx_word' id='word_1_443' title='bbox 1294 4211 1632 4280; x_wconf 85' lang='lat' dir='ltr'><strong>reperientur</strong></span> <span class='ocrx_word' id='word_1_444' title='bbox 1655 4213 1802 4280; x_wconf 93' lang='lat' dir='ltr'><strong>nudi,</strong></span> 
     </span>
    </p>
   </div>
   <div class='ocr_carea' id='block_1_61' title="bbox 222 4301 1807 4372">
    <p class='ocr_par' dir='ltr' id='par_1_61' title="bbox 222 4301 1807 4372">
     <span class='ocr_line' id='line_1_61' title="bbox 222 4301 1807 4372; baseline 0.003 -16"><span class='ocrx_word' id='word_1_445' title='bbox 222 4314 280 4357; x_wconf 88' lang='lat' dir='ltr'><strong>et</strong></span> <span class='ocrx_word' id='word_1_446' title='bbox 305 4301 659 4372; x_wconf 86' lang='lat' dir='ltr'><strong>projicientur</strong></span> <span class='ocrx_word' id='word_1_447' title='bbox 685 4303 737 4355; x_wconf 93' lang='lat' dir='ltr'><strong>in</strong></span> <span class='ocrx_word' id='word_1_448' title='bbox 783 4303 1034 4356; x_wconf 85' lang='lat' dir='ltr'><strong>tenebras</strong></span> <span class='ocrx_word' id='word_1_449' title='bbox 1071 4302 1391 4368; x_wconf 79' lang='lat' dir='ltr'><strong>exteriores,</strong></span> <span class='ocrx_word' id='word_1_450' title='bbox 1427 4303 1514 4358; x_wconf 92' lang='lat' dir='ltr'><strong>ubi</strong></span> <span class='ocrx_word' id='word_1_451' title='bbox 1563 4304 1807 4360; x_wconf 89' lang='lat' dir='ltr'><strong>diabolus</strong></span> 
     </span>
    </p>
   </div>
   <div class='ocr_carea' id='block_1_62' title="bbox 223 4392 1806 4462">
    <p class='ocr_par' dir='ltr' id='par_1_62' title="bbox 223 4392 1806 4462">
     <span class='ocr_line' id='line_1_62' title="bbox 223 4392 1806 4462; baseline 0.001 -12"><span class='ocrx_word' id='word_1_452' title='bbox 223 4405 312 4451; x_wconf 83' lang='lat' dir='ltr'><strong>est</strong></span> <span class='ocrx_word' id='word_1_453' title='bbox 367 4393 508 4448; x_wconf 87' lang='lat' dir='ltr'><strong>stola</strong></span> <span class='ocrx_word' id='word_1_454' title='bbox 563 4393 820 4449; x_wconf 91' lang='lat' dir='ltr'><strong>vitiorum</strong></span> <span class='ocrx_word' id='word_1_455' title='bbox 861 4392 1102 4458; x_wconf 89' lang='lat' dir='ltr'><strong>indutus,</strong></span> <span class='ocrx_word' id='word_1_456' title='bbox 1156 4408 1277 4462; x_wconf 64' lang='lat' dir='ltr'><strong>quae</strong></span> <span class='ocrx_word' id='word_1_457' title='bbox 1313 4402 1440 4448; x_wconf 89' lang='lat' dir='ltr'><strong>sunt</strong></span> <span class='ocrx_word' id='word_1_458' title='bbox 1496 4393 1806 4460; x_wconf 90' lang='lat' dir='ltr'><strong>fornicatio,</strong></span> 
     </span>
    </p>
   </div>
   <div class='ocr_carea' id='block_1_63' title="bbox 1891 1907 3473 1990">
    <p class='ocr_par' dir='ltr' id='par_1_63' title="bbox 1891 1907 3473 1990">
     <span class='ocr_line' id='line_1_63' title="bbox 1891 1907 3473 1990; baseline -0.001 -14"><span class='ocrx_word' id='word_1_459' title='bbox 1891 1909 2028 1964; x_wconf 71' lang='grc' dir='ltr'><strong>ἀίκῖῑ</strong></span> <span class='ocrx_word' id='word_1_460' title='bbox 2053 1927 2066 1963; x_wconf 74' lang='grc' dir='ltr'><strong>ε</strong></span> <span class='ocrx_word' id='word_1_461' title='bbox 2087 1907 2226 1964; x_wconf 61' lang='grc' dir='ltr'><strong>(ἴανο</strong></span> <span class='ocrx_word' id='word_1_462' title='bbox 2248 1923 2294 1964; x_wconf 79' lang='grc' dir='ltr'><strong>ει</strong></span> <span class='ocrx_word' id='word_1_463' title='bbox 2329 1914 2544 1983; x_wconf 70' lang='lat' dir='ltr'><strong>sanguis</strong></span> <span class='ocrx_word' id='word_1_464' title='bbox 2570 1931 2785 1986; x_wconf 85' lang='lat' dir='ltr'><strong>regnum</strong></span> <span class='ocrx_word' id='word_1_465' title='bbox 2816 1917 2912 1972; x_wconf 88' lang='lat' dir='ltr'><strong>Dei</strong></span> <span class='ocrx_word' id='word_1_466' title='bbox 2930 1935 3033 1973; x_wconf 87' lang='lat' dir='ltr'><strong>non</strong></span> <span class='ocrx_word' id='word_1_467' title='bbox 3054 1921 3473 1990; x_wconf 82' lang='lat' dir='ltr'><strong>possidebunt&quot;;</strong></span> 
     </span>
    </p>
   </div>
   <div class='ocr_carea' id='block_1_64' title="bbox 1890 2002 3476 2078">
    <p class='ocr_par' dir='ltr' id='par_1_64' title="bbox 1890 2002 3476 2078">
     <span class='ocr_line' id='line_1_64' title="bbox 1890 2002 3476 2078; baseline 0.009 -23"><span class='ocrx_word' id='word_1_468' title='bbox 1890 2009 1946 2055; x_wconf 86' lang='lat' dir='ltr'><strong>et</strong></span> <span class='ocrx_word' id='word_1_469' title='bbox 1975 2016 2186 2056; x_wconf 88' lang='lat' dir='ltr'><strong>rursum</strong></span> <span class='ocrx_word' id='word_1_470' title='bbox 2223 2020 2237 2056; x_wconf 88' lang='lat'><strong>:</strong></span> <span class='ocrx_word' id='word_1_471' title='bbox 2275 2002 2336 2058; x_wconf 88' lang='lat' dir='ltr'><strong>Si</strong></span> <span class='ocrx_word' id='word_1_472' title='bbox 2378 2007 2661 2060; x_wconf 88' lang='lat' dir='ltr'><strong>secundum</strong></span> <span class='ocrx_word' id='word_1_473' title='bbox 2706 2024 2918 2063; x_wconf 89' lang='lat' dir='ltr'><strong>carnem</strong></span> <span class='ocrx_word' id='word_1_474' title='bbox 2973 2012 3232 2078; x_wconf 75' lang='lat' dir='ltr'><strong>uixeritis,</strong></span> <span class='ocrx_word' id='word_1_475' title='bbox 3283 2015 3476 2069; x_wconf 82' lang='lat' dir='ltr'><strong>morie-</strong></span> 
     </span>
    </p>
   </div>
   <div class='ocr_carea' id='block_1_65' title="bbox 1891 2092 3475 2176">
    <p class='ocr_par' dir='ltr' id='par_1_65' title="bbox 1891 2092 3475 2176">
     <span class='ocr_line' id='line_1_65' title="bbox 1891 2092 3475 2176; baseline 0.012 -32"><span class='ocrx_word' id='word_1_476' title='bbox 1891 2093 2021 2146; x_wconf 87' lang='lat' dir='ltr'><strong>mini</strong></span> <span class='ocrx_word' id='word_1_477' title='bbox 2049 2092 2113 2148; x_wconf 83' lang='grc'><strong>⁶⁸.</strong></span> <span class='ocrx_word' id='word_1_478' title='bbox 2147 2094 2268 2150; x_wconf 70' lang='lat' dir='ltr'><strong>Ista:</strong></span> <span class='ocrx_word' id='word_1_479' title='bbox 2321 2106 2445 2152; x_wconf 91' lang='lat' dir='ltr'><strong>sunt</strong></span> <span class='ocrx_word' id='word_1_480' title='bbox 2502 2097 2605 2154; x_wconf 82' lang='lat' dir='ltr'><strong>illae</strong></span> <span class='ocrx_word' id='word_1_481' title='bbox 2644 2101 2813 2170; x_wconf 75' lang='lat' dir='ltr'><strong>spina:</strong></span> <span class='ocrx_word' id='word_1_482' title='bbox 2842 2109 2896 2174; x_wconf 77' lang='lat' dir='ltr'><strong>et</strong></span> <span class='ocrx_word' id='word_1_483' title='bbox 2921 2103 3126 2170; x_wconf 89' lang='lat' dir='ltr'><strong>tribuli,</strong></span> <span class='ocrx_word' id='word_1_484' title='bbox 3168 2121 3306 2176; x_wconf 90' lang='lat' dir='ltr'><strong>quos</strong></span> <span class='ocrx_word' id='word_1_485' title='bbox 3329 2115 3475 2163; x_wconf 88' lang='lat' dir='ltr'><strong>terra</strong></span> 
     </span>
    </p>
   </div>
   <div class='ocr_carea' id='block_1_66' title="bbox 1892 2185 3477 2266">
    <p class='ocr_par' dir='ltr' id='par_1_66' title="bbox 1892 2185 3477 2266">
     <span class='ocr_line' id='line_1_66' title="bbox 1892 2185 3477 2266; baseline 0.013 -30"><span class='ocrx_word' id='word_1_486' title='bbox 1892 2185 2112 2254; x_wconf 89' lang='lat' dir='ltr'><strong>protulit</strong></span> <span class='ocrx_word' id='word_1_487' title='bbox 2135 2186 2329 2254; x_wconf 84' lang='lat' dir='ltr'><strong>Adam,</strong></span> <span class='ocrx_word' id='word_1_488' title='bbox 2349 2198 2698 2261; x_wconf 85' lang='lat' dir='ltr'><strong>posteaquam</strong></span> <span class='ocrx_word' id='word_1_489' title='bbox 2721 2190 2925 2261; x_wconf 75' lang='lat' dir='ltr'><strong>eiectus</strong></span> <span class='ocrx_word' id='word_1_490' title='bbox 2952 2202 3086 2250; x_wconf 91' lang='lat' dir='ltr'><strong>este</strong></span> <span class='ocrx_word' id='word_1_491' title='bbox 3108 2198 3379 2266; x_wconf 84' lang='lat' dir='ltr'><strong>paradiso.</strong></span> <span class='ocrx_word' id='word_1_492' title='bbox 3401 2199 3477 2256; x_wconf 78' lang='lat' dir='ltr'><strong>At</strong></span> 
     </span>
    </p>
   </div>
   <div class='ocr_carea' id='block_1_67' title="bbox 1893 2275 3478 2361">
    <p class='ocr_par' dir='ltr' id='par_1_67' title="bbox 1893 2275 3478 2361">
     <span class='ocr_line' id='line_1_67' title="bbox 1893 2275 3478 2361; baseline 0.01 -31"><span class='ocrx_word' id='word_1_493' title='bbox 1893 2275 2093 2331; x_wconf 79' lang='lat' dir='ltr'><strong>Christi</strong></span> <span class='ocrx_word' id='word_1_494' title='bbox 2126 2278 2316 2349; x_wconf 87' lang='lat' dir='ltr'><strong>jugum</strong></span> <span class='ocrx_word' id='word_1_495' title='bbox 2373 2297 2529 2336; x_wconf 86' lang='lat' dir='ltr'><strong>suave</strong></span> <span class='ocrx_word' id='word_1_496' title='bbox 2576 2294 2675 2349; x_wconf 87' lang='lat' dir='ltr'><strong>est,</strong></span> <span class='ocrx_word' id='word_1_497' title='bbox 2725 2294 2771 2338; x_wconf 89' lang='lat' dir='ltr'><strong>et</strong></span> <span class='ocrx_word' id='word_1_498' title='bbox 2805 2300 2938 2340; x_wconf 87' lang='lat' dir='ltr'><strong>onus</strong></span> <span class='ocrx_word' id='word_1_499' title='bbox 2983 2286 3091 2342; x_wconf 86' lang='lat' dir='ltr'><strong>leve</strong></span> <span class='ocrx_word' id='word_1_500' title='bbox 3135 2288 3214 2355; x_wconf 82' lang='lat'><strong>“;</strong></span> <span class='ocrx_word' id='word_1_501' title='bbox 3283 2305 3478 2361; x_wconf 86' lang='lat' dir='ltr'><strong>nempe</strong></span> 
     </span>
    </p>
   </div>
   <div class='ocr_carea' id='block_1_68' title="bbox 1893 2371 3474 2452">
    <p class='ocr_par' dir='ltr' id='par_1_68' title="bbox 1893 2371 3474 2452">
     <span class='ocr_line' id='line_1_68' title="bbox 1893 2371 3474 2452; baseline 0.011 -32"><span class='ocrx_word' id='word_1_502' title='bbox 1893 2371 2272 2436; x_wconf 89' lang='lat' dir='ltr'><strong>mansuetudo,</strong></span> <span class='ocrx_word' id='word_1_503' title='bbox 2333 2373 2587 2440; x_wconf 88' lang='lat' dir='ltr'><strong>castitas,</strong></span> <span class='ocrx_word' id='word_1_504' title='bbox 2637 2375 2851 2443; x_wconf 89' lang='lat' dir='ltr'><strong>lenitas,</strong></span> <span class='ocrx_word' id='word_1_505' title='bbox 2920 2373 3155 2448; x_wconf 74' lang='lat' dir='ltr'><strong>bonitas,</strong></span> <span class='ocrx_word' id='word_1_506' title='bbox 3218 2381 3474 2452; x_wconf 85' lang='lat' dir='ltr'><strong>gaudium</strong></span> 
     </span>
    </p>
   </div>
   <div class='ocr_carea' id='block_1_69' title="bbox 1893 2457 3477 2544">
    <p class='ocr_par' dir='ltr' id='par_1_69' title="bbox 1893 2457 3477 2544">
     <span class='ocr_line' id='line_1_69' title="bbox 1893 2457 3477 2544; baseline 0.011 -35"><span class='ocrx_word' id='word_1_507' title='bbox 1893 2457 2138 2526; x_wconf 90' lang='lat' dir='ltr'><strong>spiritus,</strong></span> <span class='ocrx_word' id='word_1_508' title='bbox 2162 2460 2490 2516; x_wconf 87' lang='lat' dir='ltr'><strong>abstinentia</strong></span> <span class='ocrx_word' id='word_1_509' title='bbox 2514 2464 2581 2518; x_wconf 90' lang='lat' dir='ltr'><strong>ab</strong></span> <span class='ocrx_word' id='word_1_510' title='bbox 2605 2466 2859 2522; x_wconf 90' lang='lat' dir='ltr'><strong>omnibus</strong></span> <span class='ocrx_word' id='word_1_511' title='bbox 2889 2467 3058 2534; x_wconf 91' lang='lat' dir='ltr'><strong>vitiis,</strong></span> <span class='ocrx_word' id='word_1_512' title='bbox 3084 2470 3324 2526; x_wconf 88' lang='lat' dir='ltr'><strong>charitas</strong></span> <span class='ocrx_word' id='word_1_513' title='bbox 3349 2485 3477 2544; x_wconf 87' lang='lat' dir='ltr'><strong>erga</strong></span> 
     </span>
    </p>
   </div>
   <div class='ocr_carea' id='block_1_70' title="bbox 1893 2555 3475 2625">
    <p class='ocr_par' dir='ltr' id='par_1_70' title="bbox 1893 2555 3475 2625">
     <span class='ocr_line' id='line_1_70' title="bbox 1893 2555 3475 2625; baseline 0.009 -23"><span class='ocrx_word' id='word_1_514' title='bbox 1893 2563 2103 2615; x_wconf 91' lang='lat' dir='ltr'><strong>omnes,</strong></span> <span class='ocrx_word' id='word_1_515' title='bbox 2141 2563 2333 2608; x_wconf 86' lang='lat' dir='ltr'><strong>sancta</strong></span> <span class='ocrx_word' id='word_1_516' title='bbox 2375 2555 2654 2621; x_wconf 87' lang='lat' dir='ltr'><strong>discretio,</strong></span> <span class='ocrx_word' id='word_1_517' title='bbox 2689 2557 2821 2614; x_wconf 82' lang='lat' dir='ltr'><strong>fides</strong></span> <span class='ocrx_word' id='word_1_518' title='bbox 2860 2561 3177 2625; x_wconf 84' lang='lat' dir='ltr'><strong>immobilis,</strong></span> <span class='ocrx_word' id='word_1_519' title='bbox 3225 2561 3475 2617; x_wconf 81' lang='lat' dir='ltr'><strong>atl‘ectio-</strong></span> 
     </span>
    </p>
   </div>
   <div class='ocr_carea' id='block_1_71' title="bbox 1896 2642 3480 2723">
    <p class='ocr_par' dir='ltr' id='par_1_71' title="bbox 1896 2642 3480 2723">
     <span class='ocr_line' id='line_1_71' title="bbox 1896 2642 3480 2723; baseline 0.01 -30"><span class='ocrx_word' id='word_1_520' title='bbox 1896 2656 2027 2695; x_wconf 93' lang='lat' dir='ltr'><strong>num</strong></span> <span class='ocrx_word' id='word_1_521' title='bbox 2055 2642 2323 2708; x_wconf 86' lang='lat' dir='ltr'><strong>toleratio,</strong></span> <span class='ocrx_word' id='word_1_522' title='bbox 2357 2661 2385 2699; x_wconf 90' lang='lat' dir='ltr'><strong>a</strong></span> <span class='ocrx_word' id='word_1_523' title='bbox 2419 2647 2618 2703; x_wconf 87' lang='lat' dir='ltr'><strong>mundo</strong></span> <span class='ocrx_word' id='word_1_524' title='bbox 2658 2647 2944 2718; x_wconf 74' lang='lat' dir='ltr'><strong>seiunctio,</strong></span> <span class='ocrx_word' id='word_1_525' title='bbox 2992 2653 3265 2723; x_wconf 89' lang='lat' dir='ltr'><strong>cupiditas</strong></span> <span class='ocrx_word' id='word_1_526' title='bbox 3295 2669 3324 2708; x_wconf 88' lang='lat' dir='ltr'><strong>a</strong></span> <span class='ocrx_word' id='word_1_527' title='bbox 3356 2667 3480 2709; x_wconf 81' lang='lat' dir='ltr'><strong>cor-</strong></span> 
     </span>
    </p>
   </div>
   <div class='ocr_carea' id='block_1_72' title="bbox 1896 2733 3476 2802">
    <p class='ocr_par' dir='ltr' id='par_1_72' title="bbox 1896 2733 3476 2802">
     <span class='ocr_line' id='line_1_72' title="bbox 1896 2733 3476 2802; baseline 0.009 -16"><span class='ocrx_word' id='word_1_528' title='bbox 1896 2745 2024 2799; x_wconf 92' lang='lat' dir='ltr'><strong>pore</strong></span> <span class='ocrx_word' id='word_1_529' title='bbox 2055 2733 2389 2801; x_wconf 87' lang='lat' dir='ltr'><strong>discedendi,</strong></span> <span class='ocrx_word' id='word_1_530' title='bbox 2433 2747 2485 2792; x_wconf 89' lang='lat' dir='ltr'><strong>et</strong></span> <span class='ocrx_word' id='word_1_531' title='bbox 2516 2742 2837 2796; x_wconf 91' lang='lat' dir='ltr'><strong>occurrendi</strong></span> <span class='ocrx_word' id='word_1_532' title='bbox 2885 2743 3114 2800; x_wconf 92' lang='lat' dir='ltr'><strong>Domino</strong></span> <span class='ocrx_word' id='word_1_533' title='bbox 3157 2743 3284 2801; x_wconf 80' lang='lat' dir='ltr'><strong>Jesu</strong></span> <span class='ocrx_word' id='word_1_534' title='bbox 3315 2745 3476 2802; x_wconf 85' lang='lat' dir='ltr'><strong>Chri-</strong></span> 
     </span>
    </p>
   </div>
   <div class='ocr_carea' id='block_1_73' title="bbox 1897 2825 3479 2908">
    <p class='ocr_par' dir='ltr' id='par_1_73' title="bbox 1897 2825 3479 2908">
     <span class='ocr_line' id='line_1_73' title="bbox 1897 2825 3479 2908; baseline 0.01 -31"><span class='ocrx_word' id='word_1_535' title='bbox 1897 2833 2003 2878; x_wconf 86' lang='lat' dir='ltr'><strong>sto.</strong></span> <span class='ocrx_word' id='word_1_536' title='bbox 2042 2825 2168 2882; x_wconf 72' lang='lat' dir='ltr'><strong>lltec</strong></span> <span class='ocrx_word' id='word_1_537' title='bbox 2189 2838 2316 2882; x_wconf 91' lang='lat' dir='ltr'><strong>sunt</strong></span> <span class='ocrx_word' id='word_1_538' title='bbox 2344 2843 2512 2902; x_wconf 83' lang='lat' dir='ltr'><strong>onera</strong></span> <span class='ocrx_word' id='word_1_539' title='bbox 2559 2831 2648 2886; x_wconf 89' lang='lat' dir='ltr'><strong>illa</strong></span> <span class='ocrx_word' id='word_1_540' title='bbox 2699 2832 2858 2899; x_wconf 88' lang='lat' dir='ltr'><strong>levia,</strong></span> <span class='ocrx_word' id='word_1_541' title='bbox 2893 2850 3013 2904; x_wconf 75' lang='lat' dir='ltr'><strong>qua:</strong></span> <span class='ocrx_word' id='word_1_542' title='bbox 3045 2851 3144 2892; x_wconf 92' lang='lat' dir='ltr'><strong>nos</strong></span> <span class='ocrx_word' id='word_1_543' title='bbox 3169 2838 3334 2908; x_wconf 88' lang='lat' dir='ltr'><strong>jussit</strong></span> <span class='ocrx_word' id='word_1_544' title='bbox 3370 2837 3479 2893; x_wconf 84' lang='lat' dir='ltr'><strong>Do-</strong></span> 
     </span>
    </p>
   </div>
   <div class='ocr_carea' id='block_1_74' title="bbox 1900 2914 3481 2994">
    <p class='ocr_par' dir='ltr' id='par_1_74' title="bbox 1900 2914 3481 2994">
     <span class='ocr_line' id='line_1_74' title="bbox 1900 2914 3481 2994; baseline 0.011 -28"><span class='ocrx_word' id='word_1_545' title='bbox 1900 2914 2076 2970; x_wconf 89' lang='lat' dir='ltr'><strong>minus</strong></span> <span class='ocrx_word' id='word_1_546' title='bbox 2103 2925 2335 2984; x_wconf 85' lang='lat' dir='ltr'><strong>gestare.</strong></span> <span class='ocrx_word' id='word_1_547' title='bbox 2367 2918 2490 2975; x_wconf 64' lang='lat' dir='ltr'><strong>Ilaec</strong></span> <span class='ocrx_word' id='word_1_548' title='bbox 2515 2930 2600 2975; x_wconf 89' lang='lat' dir='ltr'><strong>est</strong></span> <span class='ocrx_word' id='word_1_549' title='bbox 2635 2922 2723 2976; x_wconf 89' lang='lat' dir='ltr'><strong>illa</strong></span> <span class='ocrx_word' id='word_1_550' title='bbox 2755 2925 2866 2989; x_wconf 87' lang='lat' dir='ltr'><strong>via,</strong></span> <span class='ocrx_word' id='word_1_551' title='bbox 2901 2925 2969 2980; x_wconf 90' lang='lat' dir='ltr'><strong>ad</strong></span> <span class='ocrx_word' id='word_1_552' title='bbox 2998 2941 3160 2994; x_wconf 91' lang='lat' dir='ltr'><strong>quam</strong></span> <span class='ocrx_word' id='word_1_553' title='bbox 3198 2929 3372 2984; x_wconf 90' lang='lat' dir='ltr'><strong>sancti</strong></span> <span class='ocrx_word' id='word_1_554' title='bbox 3420 2940 3481 2983; x_wconf 92' lang='lat' dir='ltr'><strong>ut</strong></span> 
     </span>
    </p>
   </div>
   <div class='ocr_carea' id='block_1_75' title="bbox 1902 3008 3481 3084">
    <p class='ocr_par' dir='ltr' id='par_1_75' title="bbox 1902 3008 3481 3084">
     <span class='ocr_line' id='line_1_75' title="bbox 1902 3008 3481 3084; baseline 0.012 -27"><span class='ocrx_word' id='word_1_555' title='bbox 1902 3008 2266 3073; x_wconf 88' lang='lat' dir='ltr'><strong>pervenirent,</strong></span> <span class='ocrx_word' id='word_1_556' title='bbox 2302 3017 2408 3062; x_wconf 91' lang='lat' dir='ltr'><strong>tam</strong></span> <span class='ocrx_word' id='word_1_557' title='bbox 2445 3011 2643 3068; x_wconf 90' lang='lat' dir='ltr'><strong>multos</strong></span> <span class='ocrx_word' id='word_1_558' title='bbox 2697 3012 2911 3070; x_wconf 89' lang='lat' dir='ltr'><strong>labores</strong></span> <span class='ocrx_word' id='word_1_559' title='bbox 2948 3017 3304 3084; x_wconf 85' lang='lat' dir='ltr'><strong>pertulerunt.</strong></span> <span class='ocrx_word' id='word_1_560' title='bbox 3351 3019 3481 3076; x_wconf 64' lang='lat' dir='ltr'><strong>Haec</strong></span> 
     </span>
    </p>
   </div>
   <div class='ocr_carea' id='block_1_76' title="bbox 1902 3104 3485 3188">
    <p class='ocr_par' dir='ltr' id='par_1_76' title="bbox 1902 3104 3485 3188">
     <span class='ocr_line' id='line_1_76' title="bbox 1902 3104 3485 3188; baseline 0.012 -38"><span class='ocrx_word' id='word_1_561' title='bbox 1902 3107 2029 3152; x_wconf 90' lang='lat' dir='ltr'><strong>sunt</strong></span> <span class='ocrx_word' id='word_1_562' title='bbox 2055 3113 2173 3166; x_wconf 71' lang='lat' dir='ltr'><strong>quae</strong></span> <span class='ocrx_word' id='word_1_563' title='bbox 2205 3113 2362 3154; x_wconf 90' lang='lat' dir='ltr'><strong>nemo</strong></span> <span class='ocrx_word' id='word_1_564' title='bbox 2395 3104 2654 3172; x_wconf 88' lang='lat' dir='ltr'><strong>consequi</strong></span> <span class='ocrx_word' id='word_1_565' title='bbox 2680 3114 2882 3174; x_wconf 89' lang='lat' dir='ltr'><strong>potest,</strong></span> <span class='ocrx_word' id='word_1_566' title='bbox 2912 3107 3015 3163; x_wconf 91' lang='lat' dir='ltr'><strong>nisi</strong></span> <span class='ocrx_word' id='word_1_567' title='bbox 3042 3117 3281 3165; x_wconf 84' lang='lat' dir='ltr'><strong>veterem</strong></span> <span class='ocrx_word' id='word_1_568' title='bbox 3306 3111 3485 3188; x_wconf 68' lang='lat' dir='ltr'><strong>homi-</strong></span> 
     </span>
    </p>
   </div>
   <div class='ocr_carea' id='block_1_77' title="bbox 1825 3168 3482 3268">
    <p class='ocr_par' dir='ltr' id='par_1_77' title="bbox 1825 3168 3482 3268">
     <span class='ocr_line' id='line_1_77' title="bbox 1825 3168 3482 3268; baseline 0.013 -29"><span class='ocrx_word' id='word_1_569' title='bbox 1825 3168 1866 3225; x_wconf 66' lang='grc' dir='ltr'><strong>(ἶ</strong></span> <span class='ocrx_word' id='word_1_570' title='bbox 1905 3202 2024 3242; x_wconf 92' lang='lat' dir='ltr'><strong>nem</strong></span> <span class='ocrx_word' id='word_1_571' title='bbox 2058 3191 2289 3255; x_wconf 86' lang='lat' dir='ltr'><strong>exuerit,</strong></span> <span class='ocrx_word' id='word_1_572' title='bbox 2324 3201 2378 3245; x_wconf 90' lang='lat' dir='ltr'><strong>et</strong></span> <span class='ocrx_word' id='word_1_573' title='bbox 2413 3192 2672 3250; x_wconf 90' lang='lat' dir='ltr'><strong>liberatus</strong></span> <span class='ocrx_word' id='word_1_574' title='bbox 2702 3193 2885 3264; x_wconf 80' lang='lat' dir='ltr'><strong>fuerit,</strong></span> <span class='ocrx_word' id='word_1_575' title='bbox 2921 3207 2975 3253; x_wconf 93' lang='lat' dir='ltr'><strong>et</strong></span> <span class='ocrx_word' id='word_1_576' title='bbox 3011 3201 3316 3268; x_wconf 88' lang='lat' dir='ltr'><strong>possederit</strong></span> <span class='ocrx_word' id='word_1_577' title='bbox 3347 3170 3482 3260; x_wconf 70' lang='lat' dir='ltr'><strong>cha-</strong></span> 
     </span>
    </p>
   </div>
   <div class='ocr_carea' id='block_1_78' title="bbox 1906 3279 3483 3352">
    <p class='ocr_par' dir='ltr' id='par_1_78' title="bbox 1906 3279 3483 3352">
     <span class='ocr_line' id='line_1_78' title="bbox 1906 3279 3483 3352; baseline 0.013 -21"><span class='ocrx_word' id='word_1_578' title='bbox 1906 3279 2160 3346; x_wconf 88' lang='lat' dir='ltr'><strong>ritatem;</strong></span> <span class='ocrx_word' id='word_1_579' title='bbox 2198 3295 2317 3349; x_wconf 87' lang='lat' dir='ltr'><strong>quae</strong></span> <span class='ocrx_word' id='word_1_580' title='bbox 2342 3283 2558 3350; x_wconf 89' lang='lat' dir='ltr'><strong>quidem</strong></span> <span class='ocrx_word' id='word_1_581' title='bbox 2609 3287 2848 3342; x_wconf 90' lang='lat' dir='ltr'><strong>charitas</strong></span> <span class='ocrx_word' id='word_1_582' title='bbox 2884 3288 3159 3347; x_wconf 89' lang='lat' dir='ltr'><strong>hominem</strong></span> <span class='ocrx_word' id='word_1_583' title='bbox 3193 3293 3388 3350; x_wconf 72' lang='lat' dir='ltr'><strong>liberat</strong></span> <span class='ocrx_word' id='word_1_584' title='bbox 3413 3299 3483 3352; x_wconf 92' lang='lat' dir='ltr'><strong>ab</strong></span> 
     </span>
    </p>
   </div>
   <div class='ocr_carea' id='block_1_79' title="bbox 1903 3373 2908 3436">
    <p class='ocr_par' dir='ltr' id='par_1_79' title="bbox 1903 3373 2908 3436">
     <span class='ocr_line' id='line_1_79' title="bbox 1903 3373 2908 3436; baseline 0.008 -12"><span class='ocrx_word' id='word_1_585' title='bbox 1903 3373 2154 3427; x_wconf 88' lang='lat' dir='ltr'><strong>omnibus</strong></span> <span class='ocrx_word' id='word_1_586' title='bbox 2182 3373 2329 3428; x_wconf 92' lang='lat' dir='ltr'><strong>curis</strong></span> <span class='ocrx_word' id='word_1_587' title='bbox 2351 3382 2404 3428; x_wconf 92' lang='lat' dir='ltr'><strong>et</strong></span> <span class='ocrx_word' id='word_1_588' title='bbox 2432 3375 2908 3436; x_wconf 87' lang='lat' dir='ltr'><strong>sollicitudinibus.</strong></span> 
     </span>
    </p>
   </div>
   <div class='ocr_carea' id='block_1_80' title="bbox 1978 3463 3486 3538">
    <p class='ocr_par' dir='ltr' id='par_1_80' title="bbox 1978 3463 3486 3538">
     <span class='ocr_line' id='line_1_80' title="bbox 1978 3463 3486 3538; baseline 0.013 -20"><span class='ocrx_word' id='word_1_589' title='bbox 1978 3463 2059 3518; x_wconf 91' lang='lat' dir='ltr'><strong>lll.</strong></span> <span class='ocrx_word' id='word_1_590' title='bbox 2092 3463 2278 3536; x_wconf 83' lang='lat' dir='ltr'><strong>Neque</strong></span> <span class='ocrx_word' id='word_1_591' title='bbox 2302 3480 2430 3522; x_wconf 89' lang='lat' dir='ltr'><strong>vero</strong></span> <span class='ocrx_word' id='word_1_592' title='bbox 2466 3467 2595 3524; x_wconf 84' lang='lat' dir='ltr'><strong>ﬁeri</strong></span> <span class='ocrx_word' id='word_1_593' title='bbox 2636 3479 2831 3538; x_wconf 84' lang='lat' dir='ltr'><strong>potest,</strong></span> <span class='ocrx_word' id='word_1_594' title='bbox 2871 3481 2930 3527; x_wconf 93' lang='lat' dir='ltr'><strong>ut</strong></span> <span class='ocrx_word' id='word_1_595' title='bbox 2962 3474 3206 3533; x_wconf 91' lang='lat' dir='ltr'><strong>charitas</strong></span> <span class='ocrx_word' id='word_1_596' title='bbox 3244 3478 3296 3534; x_wconf 91' lang='lat' dir='ltr'><strong>in</strong></span> <span class='ocrx_word' id='word_1_597' title='bbox 3329 3481 3486 3538; x_wconf 84' lang='lat' dir='ltr'><strong>nobis</strong></span> 
     </span>
    </p>
   </div>
   <div class='ocr_carea' id='block_1_81' title="bbox 1910 3553 3488 3639">
    <p class='ocr_par' dir='ltr' id='par_1_81' title="bbox 1910 3553 3488 3639">
     <span class='ocr_line' id='line_1_81' title="bbox 1910 3553 3488 3639; baseline 0.012 -33"><span class='ocrx_word' id='word_1_598' title='bbox 1910 3553 2135 3619; x_wconf 85' lang='lat' dir='ltr'><strong>habitet,</strong></span> <span class='ocrx_word' id='word_1_599' title='bbox 2163 3556 2401 3626; x_wconf 89' lang='lat' dir='ltr'><strong>quandiu</strong></span> <span class='ocrx_word' id='word_1_600' title='bbox 2429 3556 2632 3628; x_wconf 88' lang='lat' dir='ltr'><strong>aliquid</strong></span> <span class='ocrx_word' id='word_1_601' title='bbox 2677 3561 2860 3616; x_wconf 88' lang='lat' dir='ltr'><strong>tnundi</strong></span> <span class='ocrx_word' id='word_1_602' title='bbox 2893 3562 3188 3634; x_wconf 88' lang='lat' dir='ltr'><strong>diligimus.</strong></span> <span class='ocrx_word' id='word_1_603' title='bbox 3229 3566 3355 3622; x_wconf 88' lang='lat' dir='ltr'><strong>Non</strong></span> <span class='ocrx_word' id='word_1_604' title='bbox 3387 3587 3488 3639; x_wconf 58' lang='lat' dir='ltr'><strong>po-</strong></span> 
     </span>
    </p>
   </div>
   <div class='ocr_carea' id='block_1_82' title="bbox 1909 3645 3490 3722">
    <p class='ocr_par' dir='ltr' id='par_1_82' title="bbox 1909 3645 3490 3722">
     <span class='ocr_line' id='line_1_82' title="bbox 1909 3645 3490 3722; baseline 0.013 -27"><span class='ocrx_word' id='word_1_605' title='bbox 1909 3645 2081 3708; x_wconf 83' lang='lat' dir='ltr'><strong>testis,</strong></span> <span class='ocrx_word' id='word_1_606' title='bbox 2127 3645 2324 3715; x_wconf 90' lang='lat' dir='ltr'><strong>inquit,</strong></span> <span class='ocrx_word' id='word_1_607' title='bbox 2381 3647 2706 3717; x_wconf 65' lang='lat' dir='ltr'><strong>menseeJlei</strong></span> <span class='ocrx_word' id='word_1_608' title='bbox 2733 3651 3012 3722; x_wconf 80' lang='lat' dir='ltr'><strong>participes</strong></span> <span class='ocrx_word' id='word_1_609' title='bbox 3050 3671 3182 3722; x_wconf 86' lang='lat' dir='ltr'><strong>esse,</strong></span> <span class='ocrx_word' id='word_1_610' title='bbox 3219 3667 3267 3711; x_wconf 91' lang='lat' dir='ltr'><strong>et</strong></span> <span class='ocrx_word' id='word_1_611' title='bbox 3296 3675 3490 3716; x_wconf 78' lang='lat' dir='ltr'><strong>mensa:</strong></span> 
     </span>
    </p>
   </div>
   <div class='ocr_carea' id='block_1_83' title="bbox 1907 3738 3490 3821">
    <p class='ocr_par' dir='ltr' id='par_1_83' title="bbox 1907 3738 3490 3821">
     <span class='ocr_line' id='line_1_83' title="bbox 1907 3738 3490 3821; baseline 0.011 -33"><span class='ocrx_word' id='word_1_612' title='bbox 1907 3738 2292 3791; x_wconf 67' lang='lat' dir='ltr'><strong>daemoniorum</strong></span> <span class='ocrx_word' id='word_1_613' title='bbox 2319 3739 2364 3770; x_wconf 85' lang='lat'><strong>&quot;°</strong></span> <span class='ocrx_word' id='word_1_614' title='bbox 2391 3757 2406 3806; x_wconf 90' lang='lat'><strong>;</strong></span> <span class='ocrx_word' id='word_1_615' title='bbox 2431 3749 2485 3794; x_wconf 91' lang='lat' dir='ltr'><strong>ct</strong></span> <span class='ocrx_word' id='word_1_616' title='bbox 2507 3738 2672 3796; x_wconf 89' lang='lat' dir='ltr'><strong>Isaias</strong></span> <span class='ocrx_word' id='word_1_617' title='bbox 2704 3758 2719 3796; x_wconf 86' lang='lat'><strong>:</strong></span> <span class='ocrx_word' id='word_1_618' title='bbox 2751 3743 2882 3809; x_wconf 79' lang='lat' dir='ltr'><strong>Quis</strong></span> <span class='ocrx_word' id='word_1_619' title='bbox 2913 3748 3268 3815; x_wconf 88' lang='lat' dir='ltr'><strong>annuntiabit,</strong></span> <span class='ocrx_word' id='word_1_620' title='bbox 3292 3751 3490 3821; x_wconf 87' lang='lat' dir='ltr'><strong>inquit,</strong></span> 
     </span>
    </p>
   </div>
   <div class='ocr_carea' id='block_1_84' title="bbox 1911 3827 3493 3911">
    <p class='ocr_par' dir='ltr' id='par_1_84' title="bbox 1911 3827 3493 3911">
     <span class='ocr_line' id='line_1_84' title="bbox 1911 3827 3493 3911; baseline 0.011 -31"><span class='ocrx_word' id='word_1_621' title='bbox 1911 3827 2053 3883; x_wconf 78' lang='lat' dir='ltr'><strong>vobis</strong></span> <span class='ocrx_word' id='word_1_622' title='bbox 2100 3833 2273 3884; x_wconf 89' lang='lat' dir='ltr'><strong>locum</strong></span> <span class='ocrx_word' id='word_1_623' title='bbox 2327 3835 2626 3889; x_wconf 73' lang='lat' dir='ltr'><strong>a&#39;ternum?</strong></span> <span class='ocrx_word' id='word_1_624' title='bbox 2657 3833 2764 3899; x_wconf 84' lang='lat' dir='ltr'><strong>Qui</strong></span> <span class='ocrx_word' id='word_1_625' title='bbox 2814 3837 3046 3892; x_wconf 82' lang='lat' dir='ltr'><strong>ambulat</strong></span> <span class='ocrx_word' id='word_1_626' title='bbox 3087 3840 3145 3892; x_wconf 85' lang='lat' dir='ltr'><strong>in</strong></span> <span class='ocrx_word' id='word_1_627' title='bbox 3179 3842 3416 3911; x_wconf 86' lang='lat' dir='ltr'><strong>justitia,</strong></span> <span class='ocrx_word' id='word_1_628' title='bbox 3444 3857 3493 3900; x_wconf 88' lang='lat' dir='ltr'><strong>et</strong></span> 
     </span>
    </p>
   </div>
   <div class='ocr_carea' id='block_1_85' title="bbox 1909 3919 3494 4007">
    <p class='ocr_par' dir='ltr' id='par_1_85' title="bbox 1909 3919 3494 4007">
     <span class='ocr_line' id='line_1_85' title="bbox 1909 3919 3494 4007; baseline 0.013 -36"><span class='ocrx_word' id='word_1_629' title='bbox 1909 3919 2143 3988; x_wconf 84' lang='lat' dir='ltr'><strong>loquitur</strong></span> <span class='ocrx_word' id='word_1_630' title='bbox 2169 3923 2306 3975; x_wconf 80' lang='lat' dir='ltr'><strong>viam</strong></span> <span class='ocrx_word' id='word_1_631' title='bbox 2357 3934 2589 3989; x_wconf 87' lang='lat' dir='ltr'><strong>rectam;</strong></span> <span class='ocrx_word' id='word_1_632' title='bbox 2628 3927 2720 3997; x_wconf 88' lang='lat' dir='ltr'><strong>qui</strong></span> <span class='ocrx_word' id='word_1_633' title='bbox 2751 3928 2861 3982; x_wconf 86' lang='lat' dir='ltr'><strong>odit</strong></span> <span class='ocrx_word' id='word_1_634' title='bbox 2896 3928 3229 4000; x_wconf 85' lang='lat' dir='ltr'><strong>iniquitatem</strong></span> <span class='ocrx_word' id='word_1_635' title='bbox 3271 3945 3318 3988; x_wconf 91' lang='lat' dir='ltr'><strong>et</strong></span> <span class='ocrx_word' id='word_1_636' title='bbox 3351 3937 3494 4007; x_wconf 86' lang='lat' dir='ltr'><strong>inju-</strong></span> 
     </span>
    </p>
   </div>
   <div class='ocr_carea' id='block_1_86' title="bbox 1908 4013 3495 4098">
    <p class='ocr_par' dir='ltr' id='par_1_86' title="bbox 1908 4013 3495 4098">
     <span class='ocr_line' id='line_1_86' title="bbox 1908 4013 3495 4098; baseline 0.014 -34"><span class='ocrx_word' id='word_1_637' title='bbox 1908 4013 2128 4079; x_wconf 88' lang='lat' dir='ltr'><strong>stitiam,</strong></span> <span class='ocrx_word' id='word_1_638' title='bbox 2155 4022 2202 4068; x_wconf 90' lang='lat' dir='ltr'><strong>et</strong></span> <span class='ocrx_word' id='word_1_639' title='bbox 2220 4016 2410 4069; x_wconf 73' lang='lat' dir='ltr'><strong>excutit</strong></span> <span class='ocrx_word' id='word_1_640' title='bbox 2438 4033 2626 4072; x_wconf 89' lang='lat' dir='ltr'><strong>manus</strong></span> <span class='ocrx_word' id='word_1_641' title='bbox 2645 4035 2770 4074; x_wconf 87' lang='lat' dir='ltr'><strong>suas</strong></span> <span class='ocrx_word' id='word_1_642' title='bbox 2805 4037 2837 4074; x_wconf 92' lang='lat' dir='ltr'><strong>a</strong></span> <span class='ocrx_word' id='word_1_643' title='bbox 2860 4023 3193 4091; x_wconf 84' lang='lat' dir='ltr'><strong>muneribus;</strong></span> <span class='ocrx_word' id='word_1_644' title='bbox 3224 4029 3314 4098; x_wconf 87' lang='lat' dir='ltr'><strong>qui</strong></span> <span class='ocrx_word' id='word_1_645' title='bbox 3340 4025 3495 4086; x_wconf 80' lang='lat' dir='ltr'><strong>aures</strong></span> 
     </span>
    </p>
   </div>
   <div class='ocr_carea' id='block_1_87' title="bbox 1910 4106 3493 4189">
    <p class='ocr_par' dir='ltr' id='par_1_87' title="bbox 1910 4106 3493 4189">
     <span class='ocr_line' id='line_1_87' title="bbox 1910 4106 3493 4189; baseline 0.009 -30"><span class='ocrx_word' id='word_1_646' title='bbox 1910 4106 2140 4171; x_wconf 85' lang='lat' dir='ltr'><strong>obturat,</strong></span> <span class='ocrx_word' id='word_1_647' title='bbox 2167 4124 2230 4162; x_wconf 88' lang='lat' dir='ltr'><strong>ne</strong></span> <span class='ocrx_word' id='word_1_648' title='bbox 2272 4109 2456 4163; x_wconf 85' lang='lat' dir='ltr'><strong>audiat</strong></span> <span class='ocrx_word' id='word_1_649' title='bbox 2487 4110 2756 4180; x_wconf 83' lang='lat' dir='ltr'><strong>judicium</strong></span> <span class='ocrx_word' id='word_1_650' title='bbox 2813 4117 3130 4186; x_wconf 81' lang='lat' dir='ltr'><strong>sanguinis;</strong></span> <span class='ocrx_word' id='word_1_651' title='bbox 3173 4123 3265 4189; x_wconf 88' lang='lat' dir='ltr'><strong>qui</strong></span> <span class='ocrx_word' id='word_1_652' title='bbox 3291 4124 3493 4175; x_wconf 69' lang='lat' dir='ltr'><strong>clauim</strong></span> 
     </span>
    </p>
   </div>
   <div class='ocr_carea' id='block_1_88' title="bbox 1911 4198 3494 4268">
    <p class='ocr_par' dir='ltr' id='par_1_88' title="bbox 1911 4198 3494 4268">
     <span class='ocr_line' id='line_1_88' title="bbox 1911 4198 3494 4268; baseline 0.009 -18"><span class='ocrx_word' id='word_1_653' title='bbox 1911 4198 2112 4264; x_wconf 87' lang='lat' dir='ltr'><strong>oculos,</strong></span> <span class='ocrx_word' id='word_1_654' title='bbox 2157 4209 2214 4252; x_wconf 88' lang='lat' dir='ltr'><strong>ut</strong></span> <span class='ocrx_word' id='word_1_655' title='bbox 2263 4216 2367 4254; x_wconf 87' lang='lat' dir='ltr'><strong>non</strong></span> <span class='ocrx_word' id='word_1_656' title='bbox 2413 4201 2588 4256; x_wconf 81' lang='lat' dir='ltr'><strong>videat</strong></span> <span class='ocrx_word' id='word_1_657' title='bbox 2627 4204 3111 4268; x_wconf 60' lang='lat' dir='ltr'><strong>iniquitatemdric</strong></span> <span class='ocrx_word' id='word_1_658' title='bbox 3155 4209 3413 4264; x_wconf 83' lang='lat' dir='ltr'><strong>habitabit</strong></span> <span class='ocrx_word' id='word_1_659' title='bbox 3438 4215 3494 4265; x_wconf 91' lang='lat' dir='ltr'><strong>in</strong></span> 
     </span>
    </p>
   </div>
   <div class='ocr_carea' id='block_1_89' title="bbox 1911 4290 3496 4367">
    <p class='ocr_par' dir='ltr' id='par_1_89' title="bbox 1911 4290 3496 4367">
     <span class='ocr_line' id='line_1_89' title="bbox 1911 4290 3496 4367; baseline 0.009 -25"><span class='ocrx_word' id='word_1_660' title='bbox 1911 4290 2113 4343; x_wconf 76' lang='lat' dir='ltr'><strong>excelsa</strong></span> <span class='ocrx_word' id='word_1_661' title='bbox 2168 4291 2417 4358; x_wconf 85' lang='lat' dir='ltr'><strong>spelunca</strong></span> <span class='ocrx_word' id='word_1_662' title='bbox 2477 4303 2639 4360; x_wconf 66' lang='lat' dir='ltr'><strong>petrae</strong></span> <span class='ocrx_word' id='word_1_663' title='bbox 2677 4295 2868 4363; x_wconf 82' lang='lat' dir='ltr'><strong>fortis;</strong></span> <span class='ocrx_word' id='word_1_664' title='bbox 2917 4299 3069 4365; x_wconf 86' lang='lat' dir='ltr'><strong>panis</strong></span> <span class='ocrx_word' id='word_1_665' title='bbox 3106 4301 3154 4352; x_wconf 88' lang='lat' dir='ltr'><strong>ei</strong></span> <span class='ocrx_word' id='word_1_666' title='bbox 3182 4300 3414 4367; x_wconf 82' lang='lat' dir='ltr'><strong>dabitur,</strong></span> <span class='ocrx_word' id='word_1_667' title='bbox 3447 4315 3496 4357; x_wconf 88' lang='lat' dir='ltr'><strong>et</strong></span> 
     </span>
    </p>
   </div>
   <div class='ocr_carea' id='block_1_90' title="bbox 1912 4381 3498 4462">
    <p class='ocr_par' dir='ltr' id='par_1_90' title="bbox 1912 4381 3498 4462">
     <span class='ocr_line' id='line_1_90' title="bbox 1912 4381 3498 4462; baseline 0.013 -31"><span class='ocrx_word' id='word_1_668' title='bbox 1912 4396 2048 4447; x_wconf 88' lang='lat' dir='ltr'><strong>aqua</strong></span> <span class='ocrx_word' id='word_1_669' title='bbox 2074 4381 2189 4450; x_wconf 86' lang='lat' dir='ltr'><strong>ejus</strong></span> <span class='ocrx_word' id='word_1_670' title='bbox 2214 4382 2386 4450; x_wconf 75' lang='lat' dir='ltr'><strong>ﬁdelis</strong></span> <span class='ocrx_word' id='word_1_671' title='bbox 2408 4383 2477 4436; x_wconf 87' lang='grc'><strong>⁷¹.</strong></span> <span class='ocrx_word' id='word_1_672' title='bbox 2523 4383 2656 4439; x_wconf 82' lang='lat' dir='ltr'><strong>Vide</strong></span> <span class='ocrx_word' id='word_1_673' title='bbox 2690 4386 2888 4453; x_wconf 82' lang='lat' dir='ltr'><strong>quibus</strong></span> <span class='ocrx_word' id='word_1_674' title='bbox 2925 4389 3224 4446; x_wconf 87' lang='lat' dir='ltr'><strong>honoribus</strong></span> <span class='ocrx_word' id='word_1_675' title='bbox 3264 4401 3319 4447; x_wconf 87' lang='lat' dir='ltr'><strong>et</strong></span> <span class='ocrx_word' id='word_1_676' title='bbox 3358 4408 3498 4462; x_wconf 70' lang='lat' dir='ltr'><strong>pm-</strong></span> 
     </span>
    </p>
   </div>
   <div class='ocr_carea' id='block_1_91' title="bbox 223 4475 1799 4568">
    <p class='ocr_par' dir='ltr' id='par_1_91' title="bbox 223 4485 1799 4557">
     <span class='ocr_line' id='line_1_91' title="bbox 223 4485 1799 4557; baseline 0.001 -15"><span class='ocrx_word' id='word_1_677' title='bbox 223 4487 520 4557; x_wconf 89' lang='lat' dir='ltr'><strong>cupiditas,</strong></span> <span class='ocrx_word' id='word_1_678' title='bbox 550 4486 802 4550; x_wconf 87' lang='lat' dir='ltr'><strong>avaritia,</strong></span> <span class='ocrx_word' id='word_1_679' title='bbox 852 4485 1137 4550; x_wconf 90' lang='lat' dir='ltr'><strong>detractio,</strong></span> <span class='ocrx_word' id='word_1_680' title='bbox 1170 4485 1271 4551; x_wconf 88' lang='lat' dir='ltr'><strong>ira,</strong></span> <span class='ocrx_word' id='word_1_681' title='bbox 1301 4486 1599 4552; x_wconf 72' lang='lat' dir='ltr'><strong>aemulatio,</strong></span> <span class='ocrx_word' id='word_1_682' title='bbox 1629 4487 1799 4544; x_wconf 82' lang='lat' dir='ltr'><strong>inanis</strong></span> 
     </span>
    </p>
   </div>
   <div class='ocr_carea' id='block_1_92' title="bbox 1903 4475 3501 4568">
    <p class='ocr_par' dir='ltr' id='par_1_92' title="bbox 1920 4475 3501 4558">
     <span class='ocr_line' id='line_1_92' title="bbox 1920 4475 3501 4558; baseline 0.01 -32"><span class='ocrx_word' id='word_1_683' title='bbox 1920 4475 2044 4529; x_wconf 88' lang='lat' dir='ltr'><strong>miis</strong></span> <span class='ocrx_word' id='word_1_684' title='bbox 2095 4489 2190 4530; x_wconf 88' lang='lat' dir='ltr'><strong>cos</strong></span> <span class='ocrx_word' id='word_1_685' title='bbox 2242 4475 2503 4532; x_wconf 91' lang='lat' dir='ltr'><strong>Dominus</strong></span> <span class='ocrx_word' id='word_1_686' title='bbox 2530 4477 2601 4532; x_wconf 91' lang='lat' dir='ltr'><strong>sit</strong></span> <span class='ocrx_word' id='word_1_687' title='bbox 2634 4477 2954 4546; x_wconf 83' lang='lat' dir='ltr'><strong>all‘ecturus,</strong></span> <span class='ocrx_word' id='word_1_688' title='bbox 3005 4484 3095 4552; x_wconf 89' lang='lat' dir='ltr'><strong>qni</strong></span> <span class='ocrx_word' id='word_1_689' title='bbox 3148 4491 3368 4541; x_wconf 89' lang='lat' dir='ltr'><strong>strenue</strong></span> <span class='ocrx_word' id='word_1_690' title='bbox 3403 4505 3501 4558; x_wconf 83' lang='lat' dir='ltr'><strong>pu-</strong></span> 
     </span>
    </p>
   </div>
   <div class='ocr_carea' id='block_1_93' title="bbox 223 4576 1804 4651">
    <p class='ocr_par' dir='ltr' id='par_1_93' title="bbox 223 4576 1804 4651">
     <span class='ocr_line' id='line_1_93' title="bbox 223 4576 1804 4651; baseline 0.001 -17"><span class='ocrx_word' id='word_1_691' title='bbox 223 4580 401 4651; x_wconf 87' lang='lat' dir='ltr'><strong>gloria</strong></span> <span class='ocrx_word' id='word_1_692' title='bbox 431 4588 486 4634; x_wconf 92' lang='lat' dir='ltr'><strong>et</strong></span> <span class='ocrx_word' id='word_1_693' title='bbox 525 4577 798 4648; x_wconf 76' lang='lat' dir='ltr'><strong>superbia.</strong></span> <span class='ocrx_word' id='word_1_694' title='bbox 850 4576 915 4632; x_wconf 80' lang='lat' dir='ltr'><strong>Ili</strong></span> <span class='ocrx_word' id='word_1_695' title='bbox 971 4589 1099 4633; x_wconf 89' lang='lat' dir='ltr'><strong>sunt</strong></span> <span class='ocrx_word' id='word_1_696' title='bbox 1135 4576 1355 4632; x_wconf 73' lang='lat' dir='ltr'><strong>malitia:</strong></span> <span class='ocrx_word' id='word_1_697' title='bbox 1401 4579 1563 4645; x_wconf 85' lang='lat' dir='ltr'><strong>rami,</strong></span> <span class='ocrx_word' id='word_1_698' title='bbox 1599 4587 1654 4634; x_wconf 91' lang='lat' dir='ltr'><strong>et</strong></span> <span class='ocrx_word' id='word_1_699' title='bbox 1684 4580 1804 4636; x_wconf 90' lang='lat' dir='ltr'><strong>aliis</strong></span> 
     </span>
    </p>
   </div>
   <div class='ocr_carea' id='block_1_94' title="bbox 226 4669 1799 4743">
    <p class='ocr_par' dir='ltr' id='par_1_94' title="bbox 226 4669 1799 4743">
     <span class='ocr_line' id='line_1_94' title="bbox 226 4669 1799 4743; baseline 0.001 -16"><span class='ocrx_word' id='word_1_700' title='bbox 226 4671 436 4727; x_wconf 87' lang='lat' dir='ltr'><strong>similes</strong></span> <span class='ocrx_word' id='word_1_701' title='bbox 475 4671 653 4735; x_wconf 91' lang='lat' dir='ltr'><strong>multi,</strong></span> <span class='ocrx_word' id='word_1_702' title='bbox 688 4680 746 4724; x_wconf 92' lang='lat' dir='ltr'><strong>ut</strong></span> <span class='ocrx_word' id='word_1_703' title='bbox 779 4669 1038 4738; x_wconf 87' lang='lat' dir='ltr'><strong>ebrietas,</strong></span> <span class='ocrx_word' id='word_1_704' title='bbox 1071 4670 1312 4743; x_wconf 88' lang='lat' dir='ltr'><strong>corporis</strong></span> <span class='ocrx_word' id='word_1_705' title='bbox 1356 4683 1603 4738; x_wconf 87' lang='lat' dir='ltr'><strong>ornatus,</strong></span> <span class='ocrx_word' id='word_1_706' title='bbox 1635 4674 1799 4728; x_wconf 89' lang='lat' dir='ltr'><strong>animi</strong></span> 
     </span>
    </p>
   </div>
   <div class='ocr_carea' id='block_1_95' title="bbox 223 4761 1806 4831">
    <p class='ocr_par' dir='ltr' id='par_1_95' title="bbox 223 4761 1806 4831">
     <span class='ocr_line' id='line_1_95' title="bbox 223 4761 1806 4831; baseline 0.004 -17"><span class='ocrx_word' id='word_1_707' title='bbox 223 4762 532 4826; x_wconf 87' lang='lat' dir='ltr'><strong>distractio,</strong></span> <span class='ocrx_word' id='word_1_708' title='bbox 591 4761 807 4825; x_wconf 90' lang='lat' dir='ltr'><strong>inertia,</strong></span> <span class='ocrx_word' id='word_1_709' title='bbox 865 4761 1204 4828; x_wconf 90' lang='lat' dir='ltr'><strong>scurrilitas,</strong></span> <span class='ocrx_word' id='word_1_710' title='bbox 1253 4775 1533 4818; x_wconf 87' lang='lat' dir='ltr'><strong>sermones</strong></span> <span class='ocrx_word' id='word_1_711' title='bbox 1572 4763 1806 4831; x_wconf 90' lang='lat' dir='ltr'><strong>ridiculi,</strong></span> 
     </span>
    </p>
   </div>
   <div class='ocr_carea' id='block_1_96' title="bbox 227 4853 1812 4926">
    <p class='ocr_par' dir='ltr' id='par_1_96' title="bbox 227 4853 1812 4926">
     <span class='ocr_line' id='line_1_96' title="bbox 227 4853 1812 4926; baseline 0.001 -17"><span class='ocrx_word' id='word_1_712' title='bbox 227 4853 588 4926; x_wconf 85' lang='lat' dir='ltr'><strong>impudentia,</strong></span> <span class='ocrx_word' id='word_1_713' title='bbox 620 4853 989 4920; x_wconf 86' lang='lat' dir='ltr'><strong>cachinnatio,</strong></span> <span class='ocrx_word' id='word_1_714' title='bbox 1014 4853 1361 4909; x_wconf 65' lang='lat' dir='ltr'><strong>conscientia</strong></span> <span class='ocrx_word' id='word_1_715' title='bbox 1400 4855 1700 4924; x_wconf 88' lang='lat' dir='ltr'><strong>despectio,</strong></span> <span class='ocrx_word' id='word_1_716' title='bbox 1731 4857 1812 4912; x_wconf 87' lang='lat' dir='ltr'><strong>di-</strong></span> 
     </span>
    </p>
   </div>
   <div class='ocr_carea' id='block_1_97' title="bbox 179 4945 1809 5023">
    <p class='ocr_par' dir='ltr' id='par_1_97' title="bbox 179 4945 1809 5023">
     <span class='ocr_line' id='line_1_97' title="bbox 179 4945 1809 5023; baseline 0.005 -27"><span class='ocrx_word' id='word_1_717' title='bbox 179 4993 188 4996; x_wconf 95' lang='lat'>_</span> <span class='ocrx_word' id='word_1_718' title='bbox 225 4947 337 5001; x_wconf 84' lang='lat' dir='ltr'><strong>vini</strong></span> <span class='ocrx_word' id='word_1_719' title='bbox 373 4945 563 5017; x_wconf 78' lang='lat' dir='ltr'><strong>iudicii</strong></span> <span class='ocrx_word' id='word_1_720' title='bbox 609 4946 955 5023; x_wconf 65' lang='lat' dir='ltr'><strong>negligentia,</strong></span> <span class='ocrx_word' id='word_1_721' title='bbox 994 4946 1215 5012; x_wconf 86' lang='lat' dir='ltr'><strong>invidia,</strong></span> <span class='ocrx_word' id='word_1_722' title='bbox 1267 4947 1632 5015; x_wconf 89' lang='lat' dir='ltr'><strong>mendacium,</strong></span> <span class='ocrx_word' id='word_1_723' title='bbox 1673 4950 1809 5004; x_wconf 84' lang='lat' dir='ltr'><strong>adu-</strong></span> 
     </span>
    </p>
   </div>
   <div class='ocr_carea' id='block_1_98' title="bbox 229 5039 1812 5112">
    <p class='ocr_par' dir='ltr' id='par_1_98' title="bbox 229 5039 1812 5112">
     <span class='ocr_line' id='line_1_98' title="bbox 229 5039 1812 5112; baseline 0.001 -16"><span class='ocrx_word' id='word_1_724' title='bbox 229 5042 386 5107; x_wconf 87' lang='lat' dir='ltr'><strong>latio,</strong></span> <span class='ocrx_word' id='word_1_725' title='bbox 423 5040 622 5095; x_wconf 90' lang='lat' dir='ltr'><strong>falsum</strong></span> <span class='ocrx_word' id='word_1_726' title='bbox 653 5040 1043 5106; x_wconf 90' lang='lat' dir='ltr'><strong>testimonium,</strong></span> <span class='ocrx_word' id='word_1_727' title='bbox 1074 5039 1210 5096; x_wconf 89' lang='lat' dir='ltr'><strong>falsa</strong></span> <span class='ocrx_word' id='word_1_728' title='bbox 1253 5041 1493 5097; x_wconf 63' lang='lat' dir='ltr'><strong>scientiae</strong></span> <span class='ocrx_word' id='word_1_729' title='bbox 1525 5042 1812 5112; x_wconf 87' lang='lat' dir='ltr'><strong>professio,</strong></span> 
     </span>
    </p>
   </div>
   <div class='ocr_carea' id='block_1_99' title="bbox 133 5109 1815 5200">
    <p class='ocr_par' dir='ltr' id='par_1_99' title="bbox 133 5109 1815 5200">
     <span class='ocr_line' id='line_1_99' title="bbox 133 5109 1815 5200; baseline -0.001 -13"><span class='ocrx_word' id='word_1_730' title='bbox 133 5109 136 5112; x_wconf 10' lang='lat' dir='ltr'><strong>i</strong></span> <span class='ocrx_word' id='word_1_731' title='bbox 232 5131 467 5188; x_wconf 88' lang='lat' dir='ltr'><strong>docendi</strong></span> <span class='ocrx_word' id='word_1_732' title='bbox 519 5130 831 5200; x_wconf 82' lang='lat' dir='ltr'><strong>arrogantia</strong></span> <span class='ocrx_word' id='word_1_733' title='bbox 862 5171 879 5198; x_wconf 96' lang='lat'><strong>,</strong></span> <span class='ocrx_word' id='word_1_734' title='bbox 943 5129 1080 5184; x_wconf 90' lang='lat' dir='ltr'><strong>lucri</strong></span> <span class='ocrx_word' id='word_1_735' title='bbox 1138 5129 1436 5200; x_wconf 87' lang='lat' dir='ltr'><strong>cupiditas,</strong></span> <span class='ocrx_word' id='word_1_736' title='bbox 1483 5109 1815 5198; x_wconf 81' lang='lat' dir='ltr'><strong>desperatio,</strong></span> 
     </span>
    </p>
   </div>
   <div class='ocr_carea' id='block_1_100' title="bbox 226 5219 1817 5295">
    <p class='ocr_par' dir='ltr' id='par_1_100' title="bbox 226 5219 1817 5295">
     <span class='ocr_line' id='line_1_100' title="bbox 226 5219 1817 5295; baseline -0.004 -14"><span class='ocrx_word' id='word_1_737' title='bbox 226 5228 415 5282; x_wconf 88' lang='lat' dir='ltr'><strong>odium</strong></span> <span class='ocrx_word' id='word_1_738' title='bbox 444 5225 702 5295; x_wconf 85' lang='lat' dir='ltr'><strong>proximi,</strong></span> <span class='ocrx_word' id='word_1_739' title='bbox 738 5238 862 5279; x_wconf 92' lang='lat' dir='ltr'><strong>cum</strong></span> <span class='ocrx_word' id='word_1_740' title='bbox 921 5236 984 5278; x_wconf 88' lang='lat' dir='ltr'><strong>se</strong></span> <span class='ocrx_word' id='word_1_741' title='bbox 1019 5221 1192 5290; x_wconf 90' lang='lat' dir='ltr'><strong>ipsum</strong></span> <span class='ocrx_word' id='word_1_742' title='bbox 1229 5221 1352 5290; x_wconf 88' lang='lat' dir='ltr'><strong>quis</strong></span> <span class='ocrx_word' id='word_1_743' title='bbox 1394 5234 1500 5276; x_wconf 90' lang='lat' dir='ltr'><strong>non</strong></span> <span class='ocrx_word' id='word_1_744' title='bbox 1528 5219 1817 5288; x_wconf 87' lang='lat' dir='ltr'><strong>reprehen-</strong></span> 
     </span>
    </p>
   </div>
   <div class='ocr_carea' id='block_1_101' title="bbox 228 5309 1816 5383">
    <p class='ocr_par' dir='ltr' id='par_1_101' title="bbox 228 5309 1816 5383">
     <span class='ocr_line' id='line_1_101' title="bbox 228 5309 1816 5383; baseline -0.007 -9"><span class='ocrx_word' id='word_1_745' title='bbox 228 5321 330 5382; x_wconf 90' lang='lat' dir='ltr'><strong>dit,</strong></span> <span class='ocrx_word' id='word_1_746' title='bbox 369 5332 492 5372; x_wconf 91' lang='lat' dir='ltr'><strong>cum</strong></span> <span class='ocrx_word' id='word_1_747' title='bbox 549 5317 828 5371; x_wconf 91' lang='lat' dir='ltr'><strong>hominum</strong></span> <span class='ocrx_word' id='word_1_748' title='bbox 879 5313 1106 5382; x_wconf 89' lang='lat' dir='ltr'><strong>gloriam</strong></span> <span class='ocrx_word' id='word_1_749' title='bbox 1165 5311 1360 5383; x_wconf 89' lang='lat' dir='ltr'><strong>diligit,</strong></span> <span class='ocrx_word' id='word_1_750' title='bbox 1397 5325 1520 5366; x_wconf 92' lang='lat' dir='ltr'><strong>cum</strong></span> <span class='ocrx_word' id='word_1_751' title='bbox 1551 5309 1816 5364; x_wconf 88' lang='lat' dir='ltr'><strong>delicatas</strong></span> 
     </span>
    </p>
   </div>
   <div class='ocr_carea' id='block_1_102' title="bbox 227 5401 1814 5481">
    <p class='ocr_par' dir='ltr' id='par_1_102' title="bbox 227 5401 1814 5481">
     <span class='ocr_line' id='line_1_102' title="bbox 227 5401 1814 5481; baseline -0.006 -17"><span class='ocrx_word' id='word_1_752' title='bbox 227 5412 416 5481; x_wconf 83' lang='lat' dir='ltr'><strong>epulas</strong></span> <span class='ocrx_word' id='word_1_753' title='bbox 438 5408 656 5478; x_wconf 69' lang='lat' dir='ltr'><strong>quatrit,</strong></span> <span class='ocrx_word' id='word_1_754' title='bbox 688 5423 810 5464; x_wconf 90' lang='lat' dir='ltr'><strong>cum</strong></span> <span class='ocrx_word' id='word_1_755' title='bbox 834 5406 1079 5476; x_wconf 92' lang='lat' dir='ltr'><strong>corporis</strong></span> <span class='ocrx_word' id='word_1_756' title='bbox 1100 5403 1424 5475; x_wconf 89' lang='lat' dir='ltr'><strong>cupiditates</strong></span> <span class='ocrx_word' id='word_1_757' title='bbox 1447 5401 1814 5472; x_wconf 89' lang='lat' dir='ltr'><strong>amplectitur,</strong></span> 
     </span>
    </p>
   </div>
   <div class='ocr_carea' id='block_1_103' title="bbox 231 5494 1816 5564">
    <p class='ocr_par' dir='ltr' id='par_1_103' title="bbox 231 5494 1816 5564">
     <span class='ocr_line' id='line_1_103' title="bbox 231 5494 1816 5564; baseline -0.008 -7"><span class='ocrx_word' id='word_1_758' title='bbox 231 5517 359 5558; x_wconf 87' lang='lat' dir='ltr'><strong>cum</strong></span> <span class='ocrx_word' id='word_1_759' title='bbox 429 5499 829 5556; x_wconf 89' lang='lat' dir='ltr'><strong>inconsiderate</strong></span> <span class='ocrx_word' id='word_1_760' title='bbox 882 5494 1328 5560; x_wconf 84' lang='lat' dir='ltr'><strong>scandalizatur,</strong></span> <span class='ocrx_word' id='word_1_761' title='bbox 1393 5507 1516 5548; x_wconf 90' lang='lat' dir='ltr'><strong>cum</strong></span> <span class='ocrx_word' id='word_1_762' title='bbox 1597 5500 1816 5564; x_wconf 91' lang='lat' dir='ltr'><strong>propter</strong></span> 
     </span>
    </p>
   </div>
   <div class='ocr_carea' id='block_1_104' title="bbox 1916 4565 3502 4646">
    <p class='ocr_par' dir='ltr' id='par_1_104' title="bbox 1916 4565 3502 4646">
     <span class='ocr_line' id='line_1_104' title="bbox 1916 4565 3502 4646; baseline 0.009 -28"><span class='ocrx_word' id='word_1_763' title='bbox 1916 4575 2084 4634; x_wconf 81' lang='lat' dir='ltr'><strong>gnant</strong></span> <span class='ocrx_word' id='word_1_764' title='bbox 2114 4565 2166 4619; x_wconf 91' lang='lat' dir='ltr'><strong>in</strong></span> <span class='ocrx_word' id='word_1_765' title='bbox 2200 4566 2302 4622; x_wconf 92' lang='lat' dir='ltr'><strong>hoc</strong></span> <span class='ocrx_word' id='word_1_766' title='bbox 2344 4567 2538 4638; x_wconf 90' lang='lat' dir='ltr'><strong>exiguo</strong></span> <span class='ocrx_word' id='word_1_767' title='bbox 2568 4568 2694 4623; x_wconf 70' lang='lat' dir='ltr'><strong>vitae</strong></span> <span class='ocrx_word' id='word_1_768' title='bbox 2737 4573 3026 4641; x_wconf 92' lang='lat' dir='ltr'><strong>curriculo,</strong></span> <span class='ocrx_word' id='word_1_769' title='bbox 3063 4583 3117 4630; x_wconf 90' lang='lat' dir='ltr'><strong>et</strong></span> <span class='ocrx_word' id='word_1_770' title='bbox 3153 4591 3251 4645; x_wconf 91' lang='lat' dir='ltr'><strong>per</strong></span> <span class='ocrx_word' id='word_1_771' title='bbox 3289 4579 3502 4646; x_wconf 60' lang='lat' dir='ltr'><strong>patieno</strong></span> 
     </span>
    </p>
   </div>
   <div class='ocr_carea' id='block_1_105' title="bbox 1915 4657 3495 4727">
    <p class='ocr_par' dir='ltr' id='par_1_105' title="bbox 1915 4657 3495 4727">
     <span class='ocr_line' id='line_1_105' title="bbox 1915 4657 3495 4727; baseline 0.009 -17"><span class='ocrx_word' id='word_1_772' title='bbox 1915 4661 2046 4710; x_wconf 92' lang='lat' dir='ltr'><strong>tiam</strong></span> <span class='ocrx_word' id='word_1_773' title='bbox 2075 4666 2239 4727; x_wconf 89' lang='lat' dir='ltr'><strong>atque</strong></span> <span class='ocrx_word' id='word_1_774' title='bbox 2269 4657 2612 4716; x_wconf 86' lang='lat' dir='ltr'><strong>atllictionem</strong></span> <span class='ocrx_word' id='word_1_775' title='bbox 2656 4664 2843 4717; x_wconf 90' lang='lat' dir='ltr'><strong>mundi</strong></span> <span class='ocrx_word' id='word_1_776' title='bbox 2872 4669 3146 4722; x_wconf 90' lang='lat' dir='ltr'><strong>sarcinam</strong></span> <span class='ocrx_word' id='word_1_777' title='bbox 3193 4670 3495 4725; x_wconf 89' lang='lat' dir='ltr'><strong>excutiunt.</strong></span> 
     </span>
    </p>
   </div>
   <div class='ocr_carea' id='block_1_106' title="bbox 1908 4748 3490 4834">
    <p class='ocr_par' dir='ltr' id='par_1_106' title="bbox 1908 4748 3490 4834">
     <span class='ocr_line' id='line_1_106' title="bbox 1908 4748 3490 4834; baseline 0.009 -32"><span class='ocrx_word' id='word_1_778' title='bbox 1908 4748 2098 4805; x_wconf 89' lang='lat' dir='ltr'><strong>Cernis</strong></span> <span class='ocrx_word' id='word_1_779' title='bbox 2123 4753 2396 4821; x_wconf 89' lang='lat' dir='ltr'><strong>quomodo</strong></span> <span class='ocrx_word' id='word_1_780' title='bbox 2437 4753 2580 4811; x_wconf 91' lang='lat' dir='ltr'><strong>Deus</strong></span> <span class='ocrx_word' id='word_1_781' title='bbox 2628 4756 2848 4825; x_wconf 78' lang='lat' dir='ltr'><strong>adjuvet</strong></span> <span class='ocrx_word' id='word_1_782' title='bbox 2900 4758 3117 4814; x_wconf 88' lang='lat' dir='ltr'><strong>labores</strong></span> <span class='ocrx_word' id='word_1_783' title='bbox 3148 4773 3340 4816; x_wconf 88' lang='lat' dir='ltr'><strong>eorum</strong></span> <span class='ocrx_word' id='word_1_784' title='bbox 3394 4765 3490 4834; x_wconf 92' lang='lat' dir='ltr'><strong>qui</strong></span> 
     </span>
    </p>
   </div>
   <div class='ocr_carea' id='block_1_107' title="bbox 1912 4839 3494 4920">
    <p class='ocr_par' dir='ltr' id='par_1_107' title="bbox 1912 4839 3494 4920">
     <span class='ocr_line' id='line_1_107' title="bbox 1912 4839 3494 4920; baseline 0.009 -28"><span class='ocrx_word' id='word_1_785' title='bbox 1912 4839 2159 4908; x_wconf 88' lang='lat' dir='ltr'><strong>proprias</strong></span> <span class='ocrx_word' id='word_1_786' title='bbox 2186 4852 2473 4912; x_wconf 84' lang='lat' dir='ltr'><strong>amputant</strong></span> <span class='ocrx_word' id='word_1_787' title='bbox 2500 4844 2828 4914; x_wconf 85' lang='lat' dir='ltr'><strong>voluntates,</strong></span> <span class='ocrx_word' id='word_1_788' title='bbox 2853 4858 2908 4902; x_wconf 91' lang='lat' dir='ltr'><strong>et</strong></span> <span class='ocrx_word' id='word_1_789' title='bbox 2930 4863 3121 4904; x_wconf 86' lang='lat' dir='ltr'><strong>omnes</strong></span> <span class='ocrx_word' id='word_1_790' title='bbox 3144 4851 3211 4904; x_wconf 90' lang='lat' dir='ltr'><strong>ab</strong></span> <span class='ocrx_word' id='word_1_791' title='bbox 3243 4849 3347 4905; x_wconf 90' lang='lat' dir='ltr'><strong>illis</strong></span> <span class='ocrx_word' id='word_1_792' title='bbox 3378 4866 3494 4920; x_wconf 84' lang='lat' dir='ltr'><strong>per-</strong></span> 
     </span>
    </p>
   </div>
   <div class='ocr_carea' id='block_1_108' title="bbox 1913 4934 3496 5010">
    <p class='ocr_par' dir='ltr' id='par_1_108' title="bbox 1913 4934 3496 5010">
     <span class='ocr_line' id='line_1_108' title="bbox 1913 4934 3496 5010; baseline 0.009 -24"><span class='ocrx_word' id='word_1_793' title='bbox 1913 4934 2253 4990; x_wconf 84' lang='lat' dir='ltr'><strong>turbationes</strong></span> <span class='ocrx_word' id='word_1_794' title='bbox 2286 4937 2522 5006; x_wconf 83' lang='lat' dir='ltr'><strong>expellat</strong></span> <span class='ocrx_word' id='word_1_795' title='bbox 2547 4939 2636 5006; x_wconf 91' lang='lat' dir='ltr'><strong>qui</strong></span> <span class='ocrx_word' id='word_1_796' title='bbox 2688 4941 3071 5010; x_wconf 89' lang='lat' dir='ltr'><strong>cupiditatibus</strong></span> <span class='ocrx_word' id='word_1_797' title='bbox 3107 4945 3222 4998; x_wconf 87' lang='lat' dir='ltr'><strong>suis</strong></span> <span class='ocrx_word' id='word_1_798' title='bbox 3257 4943 3496 5000; x_wconf 88' lang='lat' dir='ltr'><strong>divinam</strong></span> 
     </span>
    </p>
   </div>
   <div class='ocr_carea' id='block_1_109' title="bbox 1918 5025 3502 5099">
    <p class='ocr_par' dir='ltr' id='par_1_109' title="bbox 1918 5025 3502 5099">
     <span class='ocr_line' id='line_1_109' title="bbox 1918 5025 3502 5099; baseline 0.011 -22"><span class='ocrx_word' id='word_1_799' title='bbox 1918 5025 2250 5081; x_wconf 77' lang='lat' dir='ltr'><strong>voluntatem</strong></span> <span class='ocrx_word' id='word_1_800' title='bbox 2296 5031 2672 5099; x_wconf 82' lang='lat' dir='ltr'><strong>anteponunt?</strong></span> <span class='ocrx_word' id='word_1_801' title='bbox 2725 5031 2827 5096; x_wconf 86' lang='lat' dir='ltr'><strong>Qui</strong></span> <span class='ocrx_word' id='word_1_802' title='bbox 2891 5043 3070 5089; x_wconf 89' lang='lat' dir='ltr'><strong>autem</strong></span> <span class='ocrx_word' id='word_1_803' title='bbox 3132 5035 3502 5096; x_wconf 87' lang='lat' dir='ltr'><strong>voluntatibus</strong></span> 
     </span>
    </p>
   </div>
   <div class='ocr_carea' id='block_1_110' title="bbox 1916 5116 3499 5195">
    <p class='ocr_par' dir='ltr' id='par_1_110' title="bbox 1916 5116 3499 5195">
     <span class='ocr_line' id='line_1_110' title="bbox 1916 5116 3499 5195; baseline 0.008 -24"><span class='ocrx_word' id='word_1_804' title='bbox 1916 5116 2196 5188; x_wconf 88' lang='lat' dir='ltr'><strong>indulgent</strong></span> <span class='ocrx_word' id='word_1_805' title='bbox 2260 5121 2394 5186; x_wconf 89' lang='lat' dir='ltr'><strong>suis,</strong></span> <span class='ocrx_word' id='word_1_806' title='bbox 2438 5123 2685 5191; x_wconf 89' lang='lat' dir='ltr'><strong>quamvis</strong></span> <span class='ocrx_word' id='word_1_807' title='bbox 2737 5124 2932 5193; x_wconf 90' lang='lat' dir='ltr'><strong>spiritu</strong></span> <span class='ocrx_word' id='word_1_808' title='bbox 2987 5125 3271 5195; x_wconf 89' lang='lat' dir='ltr'><strong>incipiant,</strong></span> <span class='ocrx_word' id='word_1_809' title='bbox 3314 5135 3499 5184; x_wconf 84' lang='lat' dir='ltr'><strong>tamen</strong></span> 
     </span>
    </p>
   </div>
   <div class='ocr_carea' id='block_1_111' title="bbox 1915 5210 3498 5288">
    <p class='ocr_par' dir='ltr' id='par_1_111' title="bbox 1915 5210 3498 5288">
     <span class='ocr_line' id='line_1_111' title="bbox 1915 5210 3498 5288; baseline 0.008 -26"><span class='ocrx_word' id='word_1_810' title='bbox 1915 5210 2042 5278; x_wconf 89' lang='lat' dir='ltr'><strong>quia</strong></span> <span class='ocrx_word' id='word_1_811' title='bbox 2067 5211 2255 5266; x_wconf 90' lang='lat' dir='ltr'><strong>volunt</strong></span> <span class='ocrx_word' id='word_1_812' title='bbox 2275 5212 2631 5282; x_wconf 90' lang='lat' dir='ltr'><strong>easimplere,</strong></span> <span class='ocrx_word' id='word_1_813' title='bbox 2657 5215 2906 5271; x_wconf 88' lang='lat' dir='ltr'><strong>hostibus</strong></span> <span class='ocrx_word' id='word_1_814' title='bbox 2932 5216 3187 5274; x_wconf 87' lang='lat' dir='ltr'><strong>resistere</strong></span> <span class='ocrx_word' id='word_1_815' title='bbox 3201 5230 3498 5288; x_wconf 86' lang='lat' dir='ltr'><strong>nequeunt,</strong></span> 
     </span>
    </p>
   </div>
   <div class='ocr_carea' id='block_1_112' title="bbox 1914 5302 3498 5375">
    <p class='ocr_par' dir='ltr' id='par_1_112' title="bbox 1914 5302 3498 5375">
     <span class='ocr_line' id='line_1_112' title="bbox 1914 5302 3498 5375; baseline 0.008 -19"><span class='ocrx_word' id='word_1_816' title='bbox 1914 5311 1970 5356; x_wconf 90' lang='lat' dir='ltr'><strong>et</strong></span> <span class='ocrx_word' id='word_1_817' title='bbox 2004 5302 2058 5357; x_wconf 92' lang='lat' dir='ltr'><strong>in</strong></span> <span class='ocrx_word' id='word_1_818' title='bbox 2086 5317 2254 5358; x_wconf 92' lang='lat' dir='ltr'><strong>carne</strong></span> <span class='ocrx_word' id='word_1_819' title='bbox 2283 5305 2562 5373; x_wconf 91' lang='lat' dir='ltr'><strong>desinunt,</strong></span> <span class='ocrx_word' id='word_1_820' title='bbox 2598 5321 2661 5362; x_wconf 87' lang='lat' dir='ltr'><strong>ac</strong></span> <span class='ocrx_word' id='word_1_821' title='bbox 2690 5309 2925 5375; x_wconf 84' lang='lat' dir='ltr'><strong>perdunt</strong></span> <span class='ocrx_word' id='word_1_822' title='bbox 2969 5309 3186 5365; x_wconf 83' lang='lat' dir='ltr'><strong>labores</strong></span> <span class='ocrx_word' id='word_1_823' title='bbox 3216 5327 3363 5368; x_wconf 90' lang='lat' dir='ltr'><strong>suos.</strong></span> <span class='ocrx_word' id='word_1_824' title='bbox 3389 5312 3498 5368; x_wconf 88' lang='lat' dir='ltr'><strong>Ita-</strong></span> 
     </span>
    </p>
   </div>
   <div class='ocr_carea' id='block_1_113' title="bbox 1913 5397 3498 5473">
    <p class='ocr_par' dir='ltr' id='par_1_113' title="bbox 1913 5397 3498 5473">
     <span class='ocr_line' id='line_1_113' title="bbox 1913 5397 3498 5473; baseline 0.008 -23"><span class='ocrx_word' id='word_1_825' title='bbox 1913 5413 2019 5468; x_wconf 90' lang='lat' dir='ltr'><strong>que</strong></span> <span class='ocrx_word' id='word_1_826' title='bbox 2051 5397 2355 5454; x_wconf 88' lang='lat' dir='ltr'><strong>detestatur</strong></span> <span class='ocrx_word' id='word_1_827' title='bbox 2379 5415 2476 5456; x_wconf 89' lang='lat' dir='ltr'><strong>eos</strong></span> <span class='ocrx_word' id='word_1_828' title='bbox 2501 5399 2765 5457; x_wconf 80' lang='lat' dir='ltr'><strong>Jeremias</strong></span> <span class='ocrx_word' id='word_1_829' title='bbox 2796 5405 3060 5472; x_wconf 87' lang='lat' dir='ltr'><strong>propheta</strong></span> <span class='ocrx_word' id='word_1_830' title='bbox 3095 5418 3112 5457; x_wconf 89' lang='lat'><strong>:</strong></span> <span class='ocrx_word' id='word_1_831' title='bbox 3156 5404 3498 5473; x_wconf 79' lang='lat' dir='ltr'><strong>Maledictus,</strong></span> 
     </span>
    </p>
   </div>
   <div class='ocr_carea' id='block_1_114' title="bbox 1913 5490 3499 5566">
    <p class='ocr_par' dir='ltr' id='par_1_114' title="bbox 1913 5490 3499 5566">
     <span class='ocr_line' id='line_1_114' title="bbox 1913 5490 3499 5566; baseline 0.006 -22"><span class='ocrx_word' id='word_1_832' title='bbox 1913 5490 2113 5560; x_wconf 89' lang='lat' dir='ltr'><strong>inquit,</strong></span> <span class='ocrx_word' id='word_1_833' title='bbox 2147 5492 2232 5562; x_wconf 89' lang='lat' dir='ltr'><strong>qui</strong></span> <span class='ocrx_word' id='word_1_834' title='bbox 2257 5492 2385 5561; x_wconf 79' lang='lat' dir='ltr'><strong>facit</strong></span> <span class='ocrx_word' id='word_1_835' title='bbox 2438 5509 2594 5563; x_wconf 86' lang='lat' dir='ltr'><strong>opera</strong></span> <span class='ocrx_word' id='word_1_836' title='bbox 2622 5492 2838 5549; x_wconf 86' lang='lat' dir='ltr'><strong>Domini</strong></span> <span class='ocrx_word' id='word_1_837' title='bbox 2883 5495 3203 5566; x_wconf 83' lang='lat' dir='ltr'><strong>negligenter</strong></span> <span class='ocrx_word' id='word_1_838' title='bbox 3227 5497 3296 5552; x_wconf 82' lang='lat'><strong>&quot;.</strong></span> <span class='ocrx_word' id='word_1_839' title='bbox 3338 5497 3499 5554; x_wconf 83' lang='lat' dir='ltr'><strong>Vides</strong></span> 
     </span>
    </p>
   </div>
   <div class='ocr_carea' id='block_1_115' title="bbox 305 5647 1799 5719">
    <p class='ocr_par' dir='ltr' id='par_1_115' title="bbox 305 5649 1799 5719">
     <span class='ocr_line' id='line_1_115' title="bbox 305 5649 1799 5719; baseline -0.007 -7"><span class='ocrx_word' id='word_1_840' title='bbox 305 5659 349 5692; x_wconf 76' lang='lat'><strong>“</strong></span> <span class='ocrx_word' id='word_1_841' title='bbox 382 5657 541 5712; x_wconf 88' lang='lat' dir='ltr'><strong>Prov.</strong></span> <span class='ocrx_word' id='word_1_842' title='bbox 567 5672 657 5719; x_wconf 85' lang='lat' dir='ltr'><strong>xv,</strong></span> <span class='ocrx_word' id='word_1_843' title='bbox 689 5655 775 5710; x_wconf 83' lang='grc'><strong>16.</strong></span> <span class='ocrx_word' id='word_1_844' title='bbox 800 5657 844 5688; x_wconf 74' lang='grc'><strong>⁸⁸</strong></span> <span class='ocrx_word' id='word_1_845' title='bbox 879 5655 1068 5710; x_wconf 80' lang='lat' dir='ltr'><strong>Matth.</strong></span> <span class='ocrx_word' id='word_1_846' title='bbox 1099 5668 1224 5711; x_wconf 83' lang='lat' dir='ltr'><strong>xxv.</strong></span> <span class='ocrx_word' id='word_1_847' title='bbox 1253 5652 1344 5718; x_wconf 67' lang='grc' dir='ltr'><strong>Ἡ,</strong></span> <span class='ocrx_word' id='word_1_848' title='bbox 1365 5650 1456 5705; x_wconf 72' lang='grc'><strong>25.</strong></span> <span class='ocrx_word' id='word_1_849' title='bbox 1536 5650 1581 5682; x_wconf 82' lang='grc'><em>⁸³</em></span> <span class='ocrx_word' id='word_1_850' title='bbox 1605 5649 1704 5706; x_wconf 88' lang='lat' dir='ltr'><strong>Isa.</strong></span> <span class='ocrx_word' id='word_1_851' title='bbox 1731 5664 1799 5702; x_wconf 80' lang='lat' dir='ltr'><strong>ut</strong></span> 
     </span>
    </p>
   </div>
   <div class='ocr_carea' id='block_1_116' title="bbox 1903 5647 3497 5719">
    <p class='ocr_par' dir='ltr' id='par_1_116' title="bbox 1903 5647 3497 5715">
     <span class='ocr_line' id='line_1_116' title="bbox 1903 5647 3497 5715; baseline 0.003 -13"><span class='ocrx_word' id='word_1_852' title='bbox 1903 5679 1929 5702; x_wconf 79' lang='grc' dir='ltr'><strong>ι.</strong></span> <span class='ocrx_word' id='word_1_853' title='bbox 2006 5647 2467 5715; x_wconf 80' lang='lat' dir='ltr'><strong>“Matth.tx,l7.</strong></span> <span class='ocrx_word' id='word_1_854' title='bbox 2546 5651 2591 5682; x_wconf 84' lang='lat'>“</span> <span class='ocrx_word' id='word_1_855' title='bbox 2612 5649 2768 5706; x_wconf 84' lang='lat' dir='ltr'><strong>Joan.</strong></span> <span class='ocrx_word' id='word_1_856' title='bbox 2816 5652 3002 5714; x_wconf 58' lang='lat' dir='ltr'><strong>xu“.</strong></span> <span class='ocrx_word' id='word_1_857' title='bbox 3080 5653 3125 5684; x_wconf 81' lang='grc'><strong>⁸⁸</strong></span> <span class='ocrx_word' id='word_1_858' title='bbox 3152 5651 3337 5707; x_wconf 78' lang='lat' dir='ltr'><strong>Matth.</strong></span> <span class='ocrx_word' id='word_1_859' title='bbox 3374 5667 3497 5714; x_wconf 72' lang='grc' dir='ltr'><strong>πη.</strong></span> 
     </span>
    </p>
   </div>
   <div class='ocr_carea' id='block_1_117' title="bbox 245 5730 431 5787">
    <p class='ocr_par' dir='ltr' id='par_1_117' title="bbox 245 5730 431 5787">
     <span class='ocr_line' id='line_1_117' title="bbox 245 5730 431 5787; baseline -0.027 0"><span class='ocrx_word' id='word_1_860' title='bbox 245 5730 431 5787; x_wconf 71' lang='lat'><strong>50-32.</strong></span> 
     </span>
    </p>
   </div>
   <div class='ocr_carea' id='block_1_118' title="bbox 229 5795 767 5863">
    <p class='ocr_par' dir='ltr' id='par_1_118' title="bbox 229 5795 767 5863">
     <span class='ocr_line' id='line_1_118' title="bbox 229 5795 767 5863; baseline -0.011 -8"><span class='ocrx_word' id='word_1_861' title='bbox 229 5803 282 5836; x_wconf 82' lang='lat'>&quot;</span> <span class='ocrx_word' id='word_1_862' title='bbox 313 5799 424 5856; x_wconf 79' lang='lat' dir='ltr'><strong>Jer.</strong></span> <span class='ocrx_word' id='word_1_863' title='bbox 461 5813 644 5863; x_wconf 76' lang='lat' dir='ltr'><strong>vattt,</strong></span> <span class='ocrx_word' id='word_1_864' title='bbox 680 5795 767 5849; x_wconf 86' lang='grc'><strong>10.</strong></span> 
     </span>
    </p>
   </div>
   <div class='ocr_carea' id='block_1_119' title="bbox 509 5719 2769 5794">
    <p class='ocr_par' dir='ltr' id='par_1_119' title="bbox 509 5719 2769 5794">
     <span class='ocr_line' id='line_1_119' title="bbox 509 5719 2769 5794; baseline -0.002 -13"><span class='ocrx_word' id='word_1_865' title='bbox 509 5727 748 5781; x_wconf 73' lang='lat' dir='ltr'><strong>&quot;lCor.</strong></span> <span class='ocrx_word' id='word_1_866' title='bbox 793 5743 886 5794; x_wconf 89' lang='lat' dir='ltr'><strong>xv,</strong></span> <span class='ocrx_word' id='word_1_867' title='bbox 924 5728 1011 5782; x_wconf 82' lang='lat'><strong>50.</strong></span> <span class='ocrx_word' id='word_1_868' title='bbox 1087 5725 1132 5756; x_wconf 82' lang='lat'><strong>&quot;</strong></span> <span class='ocrx_word' id='word_1_869' title='bbox 1167 5724 1322 5780; x_wconf 80' lang='lat' dir='ltr'><strong>Rom.</strong></span> <span class='ocrx_word' id='word_1_870' title='bbox 1369 5721 1596 5790; x_wconf 76' lang='lat' dir='ltr'><strong>vtu,l3.</strong></span> <span class='ocrx_word' id='word_1_871' title='bbox 1675 5721 1718 5754; x_wconf 81' lang='lat'><strong>“</strong></span> <span class='ocrx_word' id='word_1_872' title='bbox 1753 5719 1942 5775; x_wconf 77' lang='lat' dir='ltr'><strong>Matth.</strong></span> <span class='ocrx_word' id='word_1_873' title='bbox 1977 5735 2050 5786; x_wconf 82' lang='lat' dir='ltr'><strong>xl,</strong></span> <span class='ocrx_word' id='word_1_874' title='bbox 2091 5720 2178 5776; x_wconf 76' lang='lat'><strong>30.</strong></span> <span class='ocrx_word' id='word_1_875' title='bbox 2255 5721 2300 5752; x_wconf 80' lang='grc'><strong>⁷⁸</strong></span> <span class='ocrx_word' id='word_1_876' title='bbox 2346 5724 2364 5777; x_wconf 92' lang='lat' dir='ltr'><strong>l</strong></span> <span class='ocrx_word' id='word_1_877' title='bbox 2408 5723 2532 5776; x_wconf 83' lang='lat' dir='ltr'><strong>Cor.</strong></span> <span class='ocrx_word' id='word_1_878' title='bbox 2568 5738 2623 5786; x_wconf 89' lang='lat' dir='ltr'><strong>x,</strong></span> <span class='ocrx_word' id='word_1_879' title='bbox 2679 5721 2769 5776; x_wconf 77' lang='lat' dir='ltr'><strong>2t.</strong></span> 
     </span>
    </p>
   </div>
   <div class='ocr_carea' id='block_1_120' title="bbox 2849 5720 3500 5789">
    <p class='ocr_par' dir='ltr' id='par_1_120' title="bbox 2849 5720 3500 5789">
     <span class='ocr_line' id='line_1_120' title="bbox 2849 5720 3500 5789; baseline 0.005 -11"><span class='ocrx_word' id='word_1_880' title='bbox 2849 5725 2892 5756; x_wconf 82' lang='lat'><strong>&quot;</strong></span> <span class='ocrx_word' id='word_1_881' title='bbox 2931 5724 3032 5780; x_wconf 88' lang='lat' dir='ltr'><strong>Isa.</strong></span> <span class='ocrx_word' id='word_1_882' title='bbox 3077 5736 3272 5789; x_wconf 80' lang='lat' dir='ltr'><strong>xxxln,</strong></span> <span class='ocrx_word' id='word_1_883' title='bbox 3319 5720 3500 5781; x_wconf 65' lang='lat' dir='ltr'><strong>M48.</strong></span> 
     </span>
    </p>
   </div>
  </div>
