3862 6330
376 330 514 390 1199
1253 316 1255 318 ’
1467 323 1741 381 PATRES
1780 318 1944 378 EGY

2050 317 2087 374 ll
2133 317 2404 376 SECULI
2443 315 2533 372 IV.
3501 319 3658 378 i208

375 452 647 528 quomodo
676 453 814 506 Deus
841 463 933 505 eos
957 463 1048 518 qm
1093 463 1146 502 in
1198 447 1512 503 servitutem
1550 447 1720 516 ipsius
1754 459 1814 501 se
1848 445 1944 502 de-
1976 453 2022 508 Α
2052 455 2170 496 nem
2197 438 2531 511 negligimus.
2569 437 2660 493 ιω
2689 437 2867 504 nobis,
2901 438 2991 510 qui
3020 439 3156 510 pigri
3175 439 3424 511 tardique
3451 457 3655 499 sumus

375 551 583 615 dicant,
613 554 668 602 et
704 557 881 600 tamen
915 542 1146 613 propria:
1187 540 1444 596 voluntati
1473 541 1806 610 deserviunt,
1848 556 1952 596 non
2054 533 2119 586 ad
2160 532 2321 598 bona,
2357 532 2587 602 prompti
2643 541 2822 586 autem
2889 541 2944 587 et
2992 533 3198 589 alacres
3253 535 3319 591 ad
3351 537 3515 593 mala.
3549 539 3652 593 Va:

375 638 611 706 adjuvet,
642 636 734 692 sed
769 635 984 690 deserat
1007 642 1064 686 et
1098 622 1274 687 tradat
1297 631 1351 685 in
1371 645 1561 685 manus
1591 631 1950 686 inimicorum:

376 744 444 784 ex
494 743 602 799 quo
644 727 703 782 lit
746 735 804 781 ut
839 726 959 782 loco
985 725 1208 781 honoris
1235 738 1394 795 quem
1429 725 1497 780 ab
1523 725 1831 780 hominibus
1859 737 1954 777 au-

374 829 676 890 cupantur,
719 820 770 874 in
808 818 1040 875 dedecus
1067 825 1122 872 et
1153 815 1505 888 ignominiam
1541 815 1802 877 incidant,
1827 814 1952 884 quia

374 911 618 969 hostibus
651 926 758 966 non
811 910 1155 973 restiterunt,
1208 910 1380 964 donec
1427 907 1567 963 Deus
1599 906 1705 962 illis
1752 907 1820 963 ad
1862 923 1953 963 eos

375 1003 718 1074 superandos
773 1003 1034 1057 auxilium
1095 1001 1283 1057 ferret.
1334 1000 1526 1066 Porro,
1574 999 1716 1054 sicut
1765 1013 1954 1054 omnes

376 1094 676 1166 Scripturae
727 1102 1020 1160 testantur,
1069 1095 1231 1150 homo
1278 1108 1384 1148 non
1419 1092 1706 1148 exauditur
1749 1107 1778 1146 a
1815 1090 1950 1161 Deo,

375 1185 479 1240 nisi
513 1200 635 1240 eum
670 1193 790 1239 oret
839 1198 904 1239 ac
954 1183 1295 1254 deprecetur.
1324 1182 1686 1250 Quamobrem
1734 1181 1800 1236 ad
1840 1181 1956 1250 ejus

374 1278 721 1334 clementiam
757 1292 880 1334 cum
905 1276 1053 1332 omni
1087 1275 1265 1332 studio
1292 1284 1349 1330 et
1391 1273 1648 1344 lacrymis
1685 1274 1954 1345 supplices

373 1371 716 1432 accedamus,
743 1366 1207 1437 subjiciamusque
1241 1381 1340 1421 nos
1356 1365 1613 1421 omnibus
1644 1365 1953 1420 hominibus

371 1469 594 1530 propter
627 1460 932 1527 Dominum,
965 1468 1020 1515 et
1095 1457 1352 1514 fratribus
1384 1457 1583 1513 nostris
1623 1465 1680 1512 ut
1722 1457 1954 1526 pruden-

373 1553 604 1608 tioribus
648 1565 748 1606 nos
777 1552 1181 1618 submittamus,
1215 1553 1412 1606 nemini
1453 1549 1651 1604 malum
1694 1565 1787 1618 pro
1814 1548 1952 1602 malo

373 1642 645 1698 reddentes
680 1643 749 1709 ⁷⁸,
810 1657 988 1712 neque
1043 1639 1184 1698 male
1228 1645 1293 1698 de
1346 1643 1528 1714 aliquo
1563 1645 1868 1714 cogitantes
1900 1643 1952 1697 itt

371 1732 536 1788 corde
569 1742 778 1799 nostro,
811 1736 905 1789 sed
933 1749 1029 1789 cor
1051 1751 1214 1789 unum
1243 1735 1413 1791 simus
1449 1751 1637 1791 omnes
1659 1747 1820 1806 atque
1847 1750 1952 1790 una

373 1825 575 1879 anima.

441 1915 532 1970 iV.
565 1916 718 1983 Quod
769 1921 946 1970 autem
994 1916 1061 1971 ad
1105 1931 1166 1971 ea
1221 1917 1452 1987 pertinet
1493 1932 1611 1986 quze
1656 1929 1780 1973 sunt
1833 1933 1952 1974 cor-

370 2009 488 2079 pori
513 2006 844 2073 necessaria,
873 2022 1146 2078 nunquam
1167 2008 1412 2063 dicamus
1443 2024 1457 2063 :
1489 2009 1605 2065 Hoc
1640 2025 1816 2064 meum
1845 2020 1946 2065 est.

369 2101 480 2158 Cor
510 2109 757 2155 nostrum
799 2100 1015 2155 assidue
1072 2100 1463 2168 custodiamus,
1493 2103 1950 2171 observemusque

369 2205 477 2261 quo
525 2205 646 2247 sese
707 2197 906 2255 Vertat,
937 2203 1004 2244 ne
1045 2188 1383 2245 immundum
1424 2199 1516 2244 aut
1549 2191 1816 2259 impurum
1852 2190 1950 2244 ali-

370 2277 498 2347 quid
541 2279 763 2348 cogitet.
815 2277 1021 2348 Corpus
1053 2292 1084 2332 a
1124 2277 1420 2348 repletione
1468 2293 1837 2346 coerceamus,
1883 2295 1950 2336 ne

371 2385 401 2423 a
435 2367 594 2425 nobis
616 2368 862 2438 proprias
892 2368 1074 2438 exigat
1103 2370 1444 2439 cupiditates,
1479 2371 1571 2425 sed
1606 2371 1799 2426 animae
1822 2373 1950 2426 sub-

362 2460 568 2530 jectum
633 2463 726 2525 sit,
788 2470 843 2517 et
890 2461 1068 2516 anima
1105 2463 1293 2529 menti,
1335 2473 1393 2516 ut
1442 2463 1535 2517 liat
1563 2479 1756 2532 Sponsa
1790 2479 1947 2534 pura,

366 2560 424 2606 et
459 2553 659 2609 munda
680 2553 750 2609 ab
771 2553 918 2609 omni
953 2553 1183 2619 macula,
1213 2565 1474 2623 vocetque
1490 2571 1744 2623 sponsmn
1769 2571 1946 2621 sumn,

378 2642 589 2709 Veniat,
620 2645 906 2715 ’inquicns,
957 2645 1182 2721 dilectus
1231 2661 1374 2700 meus
1415 2647 1469 2699 in
1514 2647 1726 2700 hortum
1770 2664 1946 2711 suum,

367 2744 417 2789 et
457 2734 693 2790 comedat
718 2736 951 2805 [ructant
976 2754 1254 2808 pomorum
1287 2755 1501 2792 suorum
1525 2739 1590 2797 ⁷⁸.
1632 2738 1688 2793 In
1715 2742 1814 2795 hoc
1836 2751 1951 2796 stu-

367 2827 513 2880 dium
543 2835 600 2882 et
629 2843 816 2883 curam
857 2828 1256 2892 incumbamus,
1289 2831 1504 2894 fratres,
1541 2839 1597 2884 ut
1626 2832 1726 2886 hac
1756 2833 1950 2887 liducia

365 2917 597 2984 praediti,
646 2919 930 2973 audiamus
981 2934 1104 2972 eum
1152 2921 1418 2975 dicentem
1457 2940 1471 2975 :
1510 2920 1611 2974 Ubi
1657 2938 1748 2990 ego
1810 2939 1948 2990 sum,

363 3006 481 3060 volo
507 3016 563 3060 ut
594 3016 643 3059 et
661 3007 759 3076 ipsi
785 3007 914 3069 sint,
939 3008 1186 3076 quoniam
1215 3009 1376 3062 dilexi
1409 3025 1494 3062 eos
1513 3014 1948 3078 quemadmodum

365 3095 596 3151 dilexisti
650 3112 749 3160 me,
807 3093 992 3151 Pater.
1048 3097 1114 3150 Et
1176 3099 1313 3151 tuin
1358 3116 1458 3165 me,
1486 3111 1535 3152 et
1575 3117 1666 3169 ego
1696 3102 1747 3153 in
1775 3103 1848 3154 eis
1879 3101 1946 3154 ⁷³.

2056 624 2233 689 nobis,
2256 624 2348 694 qui
2383 638 2580 694 corpus
2618 632 2862 678 nostrum
2886 639 3056 694 capax
3085 637 3300 681 :eterna:
3322 627 3459 684 locis
3485 639 3646 685 tene-

2056 715 2168 771 bris
2198 716 2506 771 addiximus
2529 716 2897 786 sempiternis.
2953 717 3047 772 γε
3080 718 3257 782 nobis,
3309 720 3438 789 quia
3471 720 3644 776 Filius

2054 806 2289 862 hominis
2317 808 2405 876 qui
2433 816 2516 862 est
2545 805 2784 876 ejusdem
2816 809 3064 864 essentia:
3095 810 3344 865 cumDeo
3373 821 3428 866 et
3453 811 3640 880 Patre,

2053 914 2152 969 pro
2180 900 2336 954 nobis
2365 899 2538 955 factus
2567 900 2730 956 homo
2760 916 2868 956 non
2923 900 3087 956 habet
3137 903 3277 973 apud
3303 919 3400 957 nos
3424 904 3515 960 uhi
3549 920 3643 960 ca-

2054 1001 2150 1062 put
2183 992 2428 1060 reclinet,
2479 1008 2600 1047 cum
2651 993 2857 1064 vulpes,
2910 993 3012 1048 hoc
3041 1002 3124 1048 est
3155 995 3318 1050 astuti
3343 1005 3508 1066 atque
3533 997 3640 1052 im-

2055 1082 2207 1152 probi
2237 1083 2480 1152 spiritus,
2513 1097 2641 1138 suas
2668 1083 2849 1139 foveas
2879 1083 2933 1138 in
2954 1085 3108 1140 nobis
3129 1086 3518 1142 struxerint".
3552 1086 3645 1144 Vae

2056 1176 2229 1240 nobis,
2255 1175 2382 1246 quia
2408 1176 2539 1231 recti
2569 1177 2733 1231 corde
2759 1177 2969 1233 animas
3000 1193 3164 1248 puras
3192 1187 3248 1234 et
3282 1194 3514 1251 corpora
3543 1198 3639 1238 sua

2004 1314 2018 1321 -
2053 1276 2239 1322 sancta
2271 1277 2326 1322 et
2361 1267 2479 1324 sine
2506 1266 2714 1323 macula
2741 1267 2934 1323 sistent
2969 1281 3092 1324 ante
3111 1270 3386 1338 judicent;
3421 1289 3524 1328 nos
3541 1289 3636 1329 au-

2057 1369 2162 1414 tem
2196 1359 2435 1430 impurus
2460 1359 2672 1415 animas
2701 1369 2756 1416 et
2787 1361 3061 1416 immunda
3086 1376 3317 1432 corpora
3348 1363 3636 1432 habentes,

2054 1452 2240 1508 δειριηὶ
2273 1452 2523 1525 supplicii
2555 1453 2878 1508 sententiam
2904 1453 3207 1511 audiemus.

2125 1543 2187 1601 ll.
2228 1545 2322 1602 Va
2363 1546 2540 1610 nobis,
2597 1545 2712 1616 qui,
2755 1559 2878 1600 cum
2927 1547 3165 1600 omnium
3221 1545 3555 1604 dedecorum
3583 1557 3637 1604 et

2053 1635 2376 1707 ﬂagitiorum
2427 1637 2597 1692 simus
2653 1635 2916 1703 studiosi,
2965 1636 3224 1692 honorem
3296 1647 3353 1693 et
3410 1639 3639 1710 gloriam

2055 1737 2368 1784 sanctorum
2431 1727 2759 1800 ﬂagitamus.
2801 1729 2893 1783 Va:
2948 1729 3123 1793 nobis,
3171 1730 3284 1798 qui,
3316 1747 3442 1786 cum
3487 1733 3641 1787 dam-

1981 1813 2024 1867 Β
2054 1822 2164 1876 nati
2204 1821 2375 1877 simus
2400 1830 2454 1876 et
2502 1821 2686 1877 multis
2725 1821 2963 1892 peccatis
2989 1823 3233 1888 obnoxii,
3286 1832 3549 1894 tanquam
3578 1823 3640 1879 li-

2054 1915 2356 1983 herialque
2407 1914 2650 1969 insontes
2701 1913 2754 1968 in
2813 1914 2991 1968 medio
3020 1926 3330 1969 sanctorum
3385 1924 3441 1969 et
3482 1916 3639 1971 inno-

2054 2005 2292 2060 centium
2332 2019 2633 2060 versamur.
2665 2001 2759 2058 Vae
2792 2004 2967 2068 nobis,
2998 2004 3110 2074 qui,
3139 2019 3260 2059 cum
3291 2005 3470 2060 simus
3489 2020 3641 2060 erro-

2053 2097 2204 2153 ribus
2226 2096 2394 2168 pleni,
2429 2111 2522 2151 eos
2551 2095 2640 2164 qui
2679 2095 2835 2150 nobis
2887 2095 3056 2150 multo
3103 2095 3354 2150 meliores
3377 2107 3642 2165 praestau-

2053 2188 2332 2257 tioresque
2356 2196 2506 2254 sunt,
2538 2202 2823 2242 monemus
2848 2197 2902 2243 et
2929 2187 3278 2242 instituimus.
3327 2187 3422 2243 Vae
3454 2190 3639 2257 nobis,

2053 2279 2142 2346 qui
2166 2279 2370 2332 trabem
2417 2278 2680 2334 habentes
2744 2279 2796 2334 in
2846 2279 3024 2342 oculo,
3049 2293 3209 2348 quam
3246 2279 3502 2336 minimas
3525 2282 3638 2335 fra-

2056 2381 2193 2424 trum
2226 2371 2462 2426 festucas
2483 2380 2640 2424 aeute
2679 2371 2955 2426 cernimus
2985 2378 3037 2426 et
3088 2372 3350 2428 iracunde
3379 2373 3636 2428 volumus

2041 2470 2327 2527 excutere,
2379 2471 2634 2531 tanquam
2687 2461 2818 2516 nihil
2865 2462 2918 2516 in
2981 2462 3135 2518 nobis
3180 2463 3252 2517 sit
3303 2463 3447 2533 quod
3475 2474 3639 2536 egeat

2053 2551 2470 2622 reprehensione
2499 2553 2564 2605 ⁷⁷.
2598 2551 2688 2606 Va:
2744 2551 2917 2619 nobis,
2974 2553 3101 2622 quia
3158 2554 3342 2622 gravia
3368 2550 3639 2609 fratribus

2051 2655 2220 2696 onera
2268 2651 2430 2711 atque
2483 2640 2841 2696 intolerabilia
2875 2641 3222 2710 imponimus,
3281 2658 3404 2698 cum
3431 2659 3496 2699 ea
3529 2659 3638 2699 nos

2053 2741 2311 2802 tanquam
2372 2747 2600 2802 corpore
2650 2732 3026 2789 imbecilliores
3076 2748 3146 2788 ne
3196 2733 3360 2803 digito
3407 2737 3636 2806 quidem

2016 2815 2020 2819 ’
2052 2823 2279 2878 velimus
2308 2824 2579 2894 attingere
2605 2822 2676 2879 ⁸⁸.
2709 2821 2800 2878 Vua
2845 2823 3020 2888 nobis,
3070 2825 3185 2894 qui,
3215 2839 3337 2879 cum
3368 2826 3554 2880 divina
3578 2835 3641 2882 et

2055 2915 2352 2970 monastica
2380 2916 2682 2970 ministeria
2713 2929 3046 2982 recusemus,
3080 2918 3216 2972 alios
3249 2932 3370 2987 quae
3402 2918 3514 2972 sint
3534 2933 3636 2973 ex-

2052 3002 2290 3058 colendae
2349 3004 2564 3059 virtutis
2607 3003 2801 3070 cilicia,
2849 3005 3043 3059 docere
3095 3020 3203 3059 non
3233 3007 3632 3062 erubescimus.

2061 3095 2150 3151 νω
2207 3096 2397 3164 nobis,
2447 3097 2538 3167 qui
2580 3112 2684 3152 non
2739 3097 2912 3152 solum
2979 3105 3221 3153 veterum
3283 3110 3639 3169 peccatorum

365 3187 630 3242 Ostendat
692 3188 846 3242 nobis
880 3197 1065 3242 sancta
1095 3199 1150 3242 et
1183 3188 1426 3258 ejusdem
1456 3192 1706 3245 essentne
1745 3206 1809 3245 ae
1835 3193 1950 3246 sine
1978 3192 2020 3249 C
2056 3186 2449 3251 ObliViseimur.
2507 3187 2602 3242 sed
2661 3187 2899 3242 l'eeeﬂlia
2964 3187 3230 3257 depellere
3277 3198 3332 3243 el
3377 3190 3638 3260 lacrymis

365 3278 630 3348 principio
682 3279 923 3334 Trinitas
958 3280 1385 3334 misericordiam
1443 3297 1618 3346 suam,
1649 3292 1705 3335 ut
1737 3284 1945 3338 veniam

361 3375 418 3421 et
445 3367 819 3423 remissionem
871 3367 1206 3424 inveniamus
1241 3385 1362 3424 cum
1393 3371 1595 3425 sanctis
1623 3371 1738 3442 ejus
1765 3372 1816 3426 in
1861 3373 1948 3429 die

357 3459 570 3530 judicii.
603 3458 870 3526 Quoniam
896 3459 996 3529 ipsi
1019 3469 1101 3515 est
1130 3460 1300 3530 gloria
1330 3471 1385 3516 et
1419 3462 1725 3532 imperium,
1765 3464 1820 3517 in
1849 3479 1946 3520 sec-

364 3552 482 3606 cula
504 3552 844 3608 saeculorum.
870 3553 1064 3606 Amen.

899 3639 1157 3698 ORATIO
1219 3641 1414 3697 XXIX.

788 3734 1044 3802 Eiusdem
1099 3737 1519 3793 lamentationes.

433 3825 474 3879 l.
511 3825 602 3881 Vae
632 3825 808 3893 nobis,
855 3827 948 3896 qui
1003 3827 1057 3881 in
1091 3828 1195 3883 hoc
1258 3829 1454 3899 exiguo
1490 3830 1613 3884 vita:
1650 3831 1827 3900 spatio
1855 3847 1945 3888 vo-

363 3917 554 3986 luptati
581 3917 746 3972 dediti
771 3933 982 3984 sumus,
1019 3918 1137 3989 qui,
1170 3920 1446 3990 utiniquze
1503 3931 1554 3977 et
1580 3922 1730 3978 brevi
1762 3925 1944 3979 carnis

361 4005 645 4075 cupiditati
688 4005 1122 4074 satisfaciamus,
1160 4024 1259 4065 nos
1307 4010 1706 4079 iucundissimo
1745 4014 1944 4072 divinae

360 4099 546 4165 gloriae
571 4099 882 4168 spectaculo
922 4101 1168 4173 indignos
1194 4106 1599 4163 constituimus.
1637 4108 1725 4163 Vae
1766 4110 1939 4176 nobis,

359 4193 485 4262 quia
515 4193 784 4264 corruptio
825 4195 1266 4266 incorruptionem
1319 4214 1423 4253 non
1471 4201 1750 4268 possidebit
1773 4201 1858 4267 ";
1889 4213 1945 4258 et

358 4299 478 4361 nos,
509 4284 916 4355 incorruptione
937 4295 1265 4359 contempta,
1297 4291 1658 4360 corruptionis
1691 4294 1942 4364 cupidine

358 4378 591 4432 furimus
645 4386 700 4434 et
747 4378 1066 4435 insanimus.
1109 4378 1201 4436 Va:
1239 4379 1418 4446 nobis,
1443 4381 1536 4450 qui
1584 4397 1804 4438 carnem
1839 4399 1939 4438 no-

358 4479 550 4535 stram,
575 4485 694 4540 qua:
720 4471 773 4525 in
805 4473 1140 4540 putredinem
1159 4482 1244 4528 est
1262 4472 1576 4528 resolvenda
1607 4482 1661 4528 et
1678 4476 1936 4530 vermium

356 4576 480 4618 esca
520 4560 721 4628 futura,
763 4563 817 4617 in
843 4565 1078 4634 peccatis
1107 4564 1350 4620 fovemus
1389 4575 1445 4620 et
1477 4566 1800 4632 enutrimus,
1837 4582 1936 4622 nec

358 4654 534 4723 ignem
590 4655 645 4709 in
708 4669 816 4724 quo
867 4671 1054 4711 sumus
1113 4665 1374 4726 perpetuo
1436 4656 1935 4722 excruciandi,nec

355 4758 594 4800 vermem
643 4747 734 4815 qui
773 4761 1046 4816 nunquam
1099 4747 1318 4810 dormit,
1360 4746 1789 4801 estimescimus.
1840 4747 1934 4803 Vze

356 4837 536 4902 nobis,
593 4853 824 4909 quorum
881 4853 1078 4908 corpus
1139 4838 1497 4893 immunditiis
1520 4839 1931 4909 coinquinatum

354 4929 602 4985 homines
627 4929 698 4996 pii
719 4929 904 4984 colunt
933 4939 988 4983 et
1015 4929 1397 4984 deosculantur
1417 4969 1432 4994 ,
1477 4943 1600 4985 cum
1644 4939 1828 4986 tamen
1858 4931 1934 4987 si-

356 5037 477 5076 mus
498 5023 744 5091 sepulcra
773 5022 1022 5076 dealbata
1050 5021 1119 5084 ⁷⁷,
1153 5031 1208 5077 et
1259 5021 1598 5078 mortiferum
1648 5035 1930 5093 peccatum

354 5111 712 5167 redoleamus.
739 5107 832 5165 Vae
866 5110 1043 5174 nobis,
1074 5112 1168 5180 qui
1214 5125 1310 5180 per
1351 5110 1820 5181 intemperantiam
1876 5119 1933 5165 et

354 5200 576 5256 delicias
602 5200 884 5271 epularum
907 5215 1090 5258 semen
1113 5203 1166 5256 in
1205 5203 1361 5258 nobis
1384 5202 1732 5273 adaugemus,
1767 5209 1823 5257 et
1853 5200 1930 5254 id-

353 5295 505 5350 circo
538 5296 607 5351 ad
649 5295 886 5352 nefarias
951 5311 1238 5366 corporum
1294 5296 1578 5352 mistiones
1609 5295 1924 5351 incitamur.

355 5384 450 5442 Va:
475 5387 648 5456 nobis,
672 5389 765 5459 qui
800 5388 1183 5444 mortalitatem
1215 5403 1337 5444 cum
1386 5387 1796 5443 immortalitate
1823 5399 1928 5441 non

353 5501 749 5556 comparamus,
778 5497 833 5541 et
859 5486 1096 5541 divinam
1123 5501 1186 5542 ac
1215 5485 1616 5543 formidandam
1646 5485 1928 5541 rectitudi-

2051 3279 2264 3334 dilut-re
2291 3279 2637 3350 negligimus.
2679 3279 2768 3334 Vae
2795 3279 2972 3344 nobis,
3001 3280 3113 3350 qui,
3137 3295 3260 3336 cum
3299 3280 3396 3335 Dei
3427 3283 3638 3337 auxilio

2048 3372 2285 3443 etgratia
2312 3382 2458 3428 recte
2483 3373 2692 3428 vivendi
2716 3373 3055 3428 fundamenta
3078 3373 3387 3444 jeceritnus,
3410 3390 3638 3431 nuncea

2047 3479 2168 3534 quae
2180 3465 2363 3520 carnis
2389 3475 2536 3531 sunt,
2561 3463 3004 3535 superstruimus.
3030 3461 3125 3518 Vae
3152 3463 3327 3530 nobis,
3361 3464 3450 3534 qui
3471 3465 3638 3520 malis

2053 3556 2484 3626 cogitationibus
2515 3557 2590 3610 ita
2642 3555 2992 3622 delectamur,
3025 3565 3082 3610 ut
3132 3563 3352 3625 peccata
3388 3571 3510 3625 quae
3543 3557 3639 3612 de-

2051 3649 2351 3718 speximus,
2401 3649 2663 3704 memoria
2715 3658 3042 3718 repetamus.
3074 3645 3167 3702 Vae
3216 3648 3389 3712 nobis,
3435 3648 3525 3717 qui
3573 3649 3635 3703 in

2045 3742 2253 3796 edendo
2309 3741 2654 3811 bibendoque
2701 3757 2806 3797 non
2861 3741 3218 3812 praevidemus
3238 3740 3379 3811 quod
3411 3739 3567 3796 nobis
3594 3755 3635 3796 ο

2045 3830 2265 3901 crapula
2297 3829 2495 3886 bellum
2537 3831 2771 3886 oriatur.
2819 3829 2912 3885 Vae
2946 3829 3104 3886 nobis
3126 3869 3142 3895 ,
3171 3844 3305 3899 quos
3353 3829 3628 3895 diabolus,

2045 3919 2173 3974 dum
2200 3919 2437 3974 libidinis
2470 3920 2713 3989 suggerit
2767 3919 3024 3988 cogitata,
3087 3917 3380 3987 imparatos
3411 3925 3466 3972 et
3495 3931 3632 3971 cou-

2048 4009 2350 4064 sentientes
2373 4007 2618 4066 offendit.
2649 4009 2741 4064 Vae
2771 4008 2951 4074 nobis,
2983 4006 3092 4077 qui,
3143 4004 3382 4076 neglecto
3420 4005 3632 4060 divina-

2017 4114 2163 4153 -rum
2194 4113 2412 4169 precum
2456 4108 2511 4154 et
2537 4115 2705 4156 sacra
2753 4099 3004 4155 lectionis
3057 4097 3256 4164 studio,
3286 4097 3341 4152 in
3380 4096 3538 4168 nugis
3564 4106 3630 4154 et

2044 4191 2207 4246 rebus
2238 4191 2519 4248 inutilibus
2575 4193 2691 4248 dies
2735 4200 2950 4246 nostros
2982 4189 3367 4246 consumimus.
3397 4186 3490 4243 Vae
3520 4203 3624 4244 no-

2043 4283 2147 4348 bis,
2175 4297 2403 4352 quorum
2425 4285 2561 4340 adeo
2591 4297 2730 4338 caeca
2754 4291 2882 4338 sunt
2896 4281 3080 4346 corda,
3116 4289 3194 4346 ut,
3219 4281 3342 4334 dum
3371 4278 3627 4352 lugendis

2042 4374 2280 4444 peccatis
2309 4375 2509 4430 nostris
2555 4375 2815 4430 debemus
2855 4373 3189 4438 incumbere,
3220 4371 3410 4426 inertia
3456 4381 3629 4442 atque

2043 4466 2155 4521 otio
2204 4470 2598 4536 torpescamus.
2643 4463 2733 4520 Vae
2763 4464 2941 4531 nobis,
2966 4464 3080 4533 qui,
3110 4477 3230 4517 cum
3257 4461 3399 4518 Deus
3447 4462 3621 4528 dicat,

2044 4555 2234 4610 Anima
2263 4572 2383 4626 qua:
2405 4555 2715 4625 peccaverit,
2732 4555 2850 4624 ipsa
2883 4553 3138 4608 morietur
3161 4551 3233 4618 “,
3254 4553 3371 4622 ejus
3407 4552 3627 4607 assidue

2041 4648 2316 4717 peccantis
2344 4647 2544 4702 nullam
2567 4659 2752 4701 curam
2780 4644 3039 4715 gerimus.

2110 4740 2197 4796 ΙΙΙ.
2237 4738 2328 4794 Va:
2383 4739 2558 4807 nobis,
2608 4737 2704 4808 qui
2749 4750 2948 4806 corpus
2990 4743 3232 4790 nostrum
3277 4733 3349 4788 ad
3389 4743 3616 4802 peccata

2031 4830 2271 4902 proclive
2299 4829 2542 4886 ciborum
2565 4828 2717 4899 copia
2743 4835 2798 4882 et
2831 4826 3038 4882 deliciis
3064 4826 3130 4879 ad
3176 4825 3420 4894 impuras
3451 4825 3621 4892 cupi-

2027 4925 2226 4978 ditates
2248 4932 2302 4978 et
2325 4921 2631 4977 immundas
2649 4919 3005 4991 cogitationes
3031 4916 3376 4986 impellimus,
3425 4923 3481 4970 et
3514 4915 3618 4969 im-

2029 5016 2182 5085 probi
2206 5014 2378 5070 hostis
2397 5012 2574 5082 jacula
2609 5027 2706 5083 per
2745 5010 3021 5067 oculosoin
3055 5023 3151 5064 cor
3179 5006 3536 5073 admittimus,
3565 5017 3617 5061 et

2031 5125 2318 5184 corporum
2340 5118 2494 5166 tactu
2522 5110 2646 5180 equi
2679 5108 2918 5164 furentes
2953 5105 3231 5162 evadimus
3252 5142 3268 5169 ,
3315 5116 3494 5172 neque
3526 5101 3607 5156 di-

2036 5205 2260 5276 gnitatis
2324 5211 2544 5270 nostrae,
2599 5199 3008 5270 neque-aeterni
3064 5193 3308 5266 supplicii
3346 5193 3617 5250 rationem

2038 5299 2201 5354 ullam
2223 5297 2508 5353 habemus.
2535 5293 2630 5350 Va:
2655 5294 2834 5360 nobis,
2899 5297 2992 5362 qui
3031 5288 3273 5359 corporis
3312 5285 3535 5342 morbos
3563 5293 3615 5340 et

2029 5390 2245 5448 dolores
2287 5399 2396 5444 tam
2434 5387 2588 5443 facile
2608 5385 2871 5443 sentimus
2898 5383 2986 5451 ;in
3039 5379 3233 5436 animm
3257 5387 3439 5433 autem
3466 5375 3624 5446 aegri-

2030 5483 2306 5538 tudinihus
2339 5491 2397 5538 et
2456 5479 2772 5536 vulneribus
2793 5473 3133 5548 gravissimis
3189 5484 3441 5528 caremus
3467 5466 3615 5524 omni

418 5646 470 5681 “
501 5647 657 5702 Rom.
679 5663 776 5713 ιιι,
812 5647 896 5703 l7.
972 5649 1018 5679 '"
1054 5647 1211 5702 Cant.
1240 5645 1370 5709 v.1.
1443 5647 1490 5677 '"'
1515 5644 1669 5701 Joan.
1712 5658 1843 5708 xm,
1867 5642 1938 5697 24

2050 5641 2082 5713 i.
2160 5641 2208 5713 ⁷⁸
2245 5639 2264 5694 l
2296 5635 2638 5713 Cor.xv_.450.
2716 5636 2760 5669 ⁷⁷
2787 5633 2978 5691 Matth.
3000 5646 3157 5699 χχιιι,
3182 5629 3276 5685 27.
3351 5624 3610 5692 "Matth

353 5740 470 5788 vni,
501 5718 594 5774 20.
668 5720 714 5753 '"
751 5708 940 5777 Matth.
968 5735 1062 5786 vtt,
1089 5721 1141 5784 3,
1170 5718 1223 5774 5.
1275 5708 1345 5750 ⁷⁸⁸
1381 5716 1569 5772 Matth.
1618 5729 1772 5779 χχιιι,
1805 5713 1892 5768 4.⁴
1932 5713 1944 5744 ¹

2050 5712 2212 5768 ἒιθειι.
2249 5725 2406 5777 xvm,
2424 5709 2482 5778 4,
2497 5708 2587 5762 20.
