3862 6340
182 288 335 344 [illi
1320 289 1376 344 S.
1419 289 1622 348 ISAIIE
1661 294 1832 351 ΛΒΒΔ

1938 297 1951 353 s
1989 297 2399 359 ORATIONES.
3341 293 3478 368 reas

181 421 394 461 sensu.
549 404 730 468 nobis,
756 403 880 501 quia
915 403 1166 476 princeps
1219 407 1410 501 animas
1449 427 1575 482 pars
1614 415 1789 480 carni,
1821 418 1870 476 Δ
1899 416 2333 490 incorruptisque
2356 421 2512 478 bonis
2545 438 2643 478 nos
2678 423 3050 495 spoliavimus.
3079 426 3166 481 Vae
3187 429 3364 493 nobis,
3385 435 3479 501 qui

183 511 322 565 qua:
349 495 549 550 ancilla
573 505 679 562 est,
720 495 927 556 servit.
985 505 1041 551 et
1092 512 1219 567 pars
1275 500 1512 557 deterior
1570 506 1801 575 imperat
1906 511 1959 565 in
2011 511 2291 567 hominum
2347 522 2641 583 conspectu
2686 529 2912 585 peccare
2966 517 3290 586 metuimus;
3354 495 3480 577 ante

187 588 622 658 praestantiori,
652 603 846 660 nempe
873 589 1046 646 amba:
1074 593 1370 649 concordes
1402 604 1564 666 atque
1602 601 1798 654 unani-
1904 603 2089 658 oculos
2119 612 2299 660 autem
2329 606 2540 663 occulta
2600 606 2873 662 cernentis
2908 606 3000 662 Dei
3063 607 3226 679 impia
3255 622 3479 681 agentes

212 697 322 737 nes
384 682 733 752 procreatori
788 697 888 738 suo
944 685 1189 740 serviunt
1236 684 1361 742 Deo.
1401 686 1492 741 Vae
1536 689 1713 752 nobis,
1749 693 1801 746 in
1904 703 1960 749 et
1989 704 2276 764 peccantes
2331 711 2437 752 non
2482 697 2969 754 contremiscimus.
3024 696 3113 755 Vae
3149 700 3327 765 nobis,
3385 703 3480 772 qui

190 787 349 844 quos
386 782 617 842 peccata
658 773 814 828 malis
844 784 899 828 et
919 775 1231 836 .immundis
1278 779 1699 848 cogitationibus
1718 784 1806 839 de-
1905 801 2184 843 sermones
2219 796 2435 844 nostros
2466 803 2571 844 non
2601 788 2884 845 condimus
2919 789 2985 845 de
3015 790 3126 846 sale
3149 791 3352 859 divino,
3383 793 3478 848 sed

208 864 595 930 bacchantur,
622 880 800 936 neque
825 881 924 920 nos
945 865 1088 923 inter
1109 867 1202 924 Dei
1237 869 1533 926 discessum
1557 883 1612 928 et
1640 875 1807 946 impu-
1904 879 2066 935 verba
2101 880 2306 936 inutilia
2341 891 2398 936 et
2443 882 2511 937 ab
2539 883 2686 938 omni
2748 883 3006 955 religione
3059 886 3233 941 aliena
3275 895 3479 941 temere

193 970 397 1009 torum
433 955 725 1025 spirituum
771 971 1054 1012 accessum
1091 959 1274 1012 sinunt
1331 960 1658 1047 discernere.
1713 963 1807 1019 Va:
1907 968 2199 1026 fundimus.
2232 970 2324 1026 Vas
2356 973 2532 1039 nobis,
2563 987 2791 1042 quorum
2821 975 2988 1030 animi
3009 980 3477 1047 compunctionem

195 1047 391 1112 nobis,
434 1047 528 1117 qui
563 1055 670 1100 tam
706 1047 859 1100 stulti
887 1061 1074 1104 sumus
1095 1057 1258 1119 atque
1300 1042 1684 1119 impiudentes.
1723 1063 1803 1121 ut,
1907 1068 2129 1126 propter
2158 1074 2404 1116 somnum
2439 1071 2602 1132 atque
2636 1063 2898 1118 desidiam
2945 1042 3181 1120 nostrain
3209 1067 3481 1122 dmmones

197 1156 338 1196 cum
366 1139 561 1196 laudes
581 1150 893 1196 sanctorum
920 1157 1276 1212 aucupemur,
1337 1158 1499 1216 opera
1547 1156 1725 1203 tamen
1753 1157 1806 1202 et
1908 1148 2305 1217 depradantur.
2361 1149 2455 1206 Va:
2515 1153 2690 1217 nobis,
2759 1155 2873 1224 qui,
2930 1171 3051 1212 cum
3106 1157 3481 1227 reliquerimus

201 1233 462 1288 actiones
491 1246 682 1288 eorum
716 1232 966 1288 nolumus
995 1235 1216 1290 imitari.
1262 1237 1354 1291 Va:
1395 1237 1569 1303 nobis,
1603 1240 1694 1310 qui
1721 1255 1808 1296 ne-
1910 1241 2191 1309 mundum,
2219 1243 2466 1302 homines
2495 1247 2587 1315 qui
2656 1248 2710 1303 in
2744 1249 2943 1304 mundo
2971 1249 3181 1316 vivunt,
3240 1251 3480 1318 peccatis

202 1342 324 1398 que
377 1342 664 1383 servorum
710 1336 950 1393 metum,
985 1344 1160 1400 neque
1213 1331 1670 1408 merce‘nariorum
1693 1342 1807 1389 stu-
1909 1341 1964 1388 et
1993 1333 2138 1389 vitiis
2185 1349 2522 1406 superamus.
2575 1337 2662 1393 Vae
2695 1339 2884 1405 nobis,
2934 1339 3048 1409 qui,
3111 1355 3234 1396 cum
3269 1338 3482 1410 magnis

203 1420 395 1483 dium,
435 1432 612 1487 neque
641 1431 882 1472 amorem
917 1418 1144 1474 filiorum
1179 1419 1234 1475 in
1292 1423 1640 1491 exquirendis
1673 1424 1809 1480 divi-
1917 1425 2426 1494 reprehensionibus
2461 1427 2818 1498 indigeamus,
2875 1444 2968 1485 eos
3001 1430 3096 1500 qui
3133 1431 3370 1486 minimis
3394 1445 3484 1484 ur-

208 1513 306 1566 nis
340 1510 614 1565 mandatis
658 1509 999 1566 exhibemus.
1054 1510 1148 1566 Va:
1190 1512 1364 1582 nobis,
1407 1515 1524 1585 qui,
1551 1530 1671 1570 cum
1711 1531 1810 1587 pro

214 1601 468 1658 ineunda
496 1601 777 1656 hominum
812 1601 986 1671 gratia
1030 1602 1162 1658 nihil
1185 1615 1278 1658 aut
1309 1605 1454 1675 loqui
1508 1614 1604 1662 aut
1633 1607 1811 1665 facere

212 1708 573 1760 recusemus,
605 1693 881 1782 justitiam
909 1693 1236 1766 negligimus
1265 1705 1320 1752 et
1352 1697 1687 1766 aequitatem.
1720 1700 1810 1758 Va

1910 1522 2103 1583 gentur
2130 1513 2302 1580 vitiis,
2335 1515 2682 1572 acerbissime
2712 1517 3064 1588 castigamus.

1983 1603 2049 1660 ν.
2087 1603 2179 1661 Vas
2211 1607 2386 1674 nobis,
2439 1608 2486 1663 si
2523 1607 2664 1663 Deus
2709 1623 2830 1674 nos,
2890 1617 3180 1680 antequam
3232 1611 3487 1666 emende-

1912 1711 2054 1761 mur,
2089 1697 2142 1753 in
2167 1697 2428 1770 judicium
2470 1701 2775 1756 adduxerit.
2815 1699 2908 1755 Vae
2939 1701 3114 1768 nobis,
3142 1703 3254 1770 qui.
3283 1705 3488 1758 ventris

213 1787 409 1846 nobis,
443 1800 582 1854 quos
611 1771 881 1840 aeternum
927 1787 1161 1844 dedecus
1205 1787 1339 1842 nihil
1393 1799 1591 1858 movet,
1645 1799 1700 1846 et
1726 1805 1811 1847 re-
1841 1771 1884 1828 Β
1915 1789 2085 1845 nostri
2104 1794 2290 1846 sordes
2314 1805 2420 1846 non
2457 1792 2886 1856 considerantes,
2913 1805 2944 1845 a
2973 1791 3198 1847 libidine
3219 1801 3273 1847 et
3303 1807 3492 1862 super-

213 1889 448 1949 spectus
475 1879 757 1934 hominum
787 1879 955 1934 etiam
992 1880 1058 1934 ad
1091 1881 1426 1950 peccandum
1457 1883 1701 1954 impellit.
1720 1882 1813 1940 Va:

219 1973 412 2037 nobis,
434 1971 552 2041 qni,
579 1985 701 2026 cum
732 1986 763 2028 e
791 1971 1123 2042 pauperibus
1148 1980 1204 2028 et
1229 1972 1476 2030 obscuris
1494 1975 1598 2031 orti
1627 1991 1814 2046 paren-

226 2065 382 2120 tibus
413 2064 610 2127 simus,
643 2062 1009 2133 nosmetipsos
1036 2062 1377 2132 ignoramus;
1408 2074 1458 2120 et
1485 2066 1815 2136 paupertatis

219 2154 617 2224 etignominia:
672 2151 913 2207 studium
969 2152 1220 2224 professi,
1271 2156 1405 2212 inter
1457 2157 1734 2226 opulentos
1761 2168 1818 2214 et

221 2248 409 2302 claros
435 2247 583 2304 viros
612 2248 891 2304 numerari
944 2247 1348 2304 contendimus.
1396 2249 1489 2305 Vae
1517 2249 1696 2316 nobis,
1723 2249 1814 2319 qui

222 2355 375 2395 nunc
411 2349 732 2411 paupertate
772 2341 947 2398 coacti
1023 2342 1437 2411 temperantiam
1511 2343 1564 2398 in
1619 2344 1818 2400 mundo

223 2431 666 2501 complectimur,
699 2448 842 2488 nunc
881 2441 1061 2488 autem
1084 2432 1149 2487 ad
1183 2432 1571 2490 abstinentiam
1616 2435 1815 2504 vocati,

225 2525 578 2580 saturitatem
609 2528 814 2582 ventris
873 2536 929 2582 et
973 2526 1154 2581 carnis
1207 2529 1445 2597 requiem
1479 2543 1693 2586 summo
1713 2539 1821 2586 stu-

227 2619 321 2673 dio
359 2625 763 2673 consectamur.
808 2618 898 2674 Vae
919 2617 1100 2682 nobis,
1129 2617 1245 2688 qui,
1274 2633 1398 2673 cum
1433 2619 1606 2690 angeli
1643 2621 1708 2675 ad
1727 2635 1822 2676 eos

228 2711 323 2780 qui
360 2711 529 2765 Deum
569 2705 757 2765 timent
812 2725 932 2767 sese
989 2711 1318 2782 adiungant,
1367 2720 1423 2766 et
1453 2712 1726 2768 daamoues
1756 2713 1821 2767 ad

231 2802 360 2856 illos
414 2801 506 2870 qui
549 2800 721 2857 Deum
756 2812 1020 2872 spernunt
1087 2812 1141 2859 et
1190 2801 1444 2858 mandata
1483 2802 1602 2874 eius
1657 2802 1823 2872 negli-

229 2903 392 2966 gunt,
417 2894 706 2960 accedant,
732 2910 831 2950 nos
861 2895 1110 2952 societati
1142 2895 1446 2951 daemonum
1479 2895 1823 2951 ascribimus.

237 2987 332 3042 Vae
372 2986 554 3054 nobis,
596 2987 691 3058 qui
726 2987 985 3044 divitibus
1027 2996 1084 3044 et
1120 2988 1431 3058 potentibus
1470 2987 1686 3058 placere
1705 2997 1824 3043 stu-

1911 1879 1998 1934 hia
2030 1894 2368 1949 superamur.
2406 1879 2498 1936 Vae
2527 1883 2700 1948 nobis,
2731 1884 2846 1952 qui,
2873 1897 2996 1938 cum
3023 1881 3240 1938 assidue
3265 1897 3491 1953 corpora

1914 1980 2094 2025 nostra
2127 1971 2284 2028 fmdis
2307 1972 2726 2043 cogitationibus
2784 1973 3147 2044 lnquinemus,
3180 1987 3280 2029 nos
3309 1982 3491 2029 tamen

1913 2071 1968 2116 et
2000 2063 2185 2120 haberi
2212 2074 2430 2120 sanctos
2476 2065 2723 2121 volumus
2765 2075 2820 2120 et
2878 2065 3158 2136 appellari.
3193 2062 3285 2119 Va:
3313 2065 3490 2129 nobis,

1914 2155 2004 2223 qni
2062 2155 2390 2211 vanitatibus
2442 2155 2841 2221 incumbentes,
2900 2167 3144 2225 pugnare
3191 2169 3314 2208 cum
3344 2154 3494 2210 vitiis

1915 2245 2306 2318 obliviscimpr.
2366 2247 2460 2303 Vas
2503 2248 2680 2315 nobis,
2740 2248 2832 2319 qui
2881 2247 2969 2302 hic
3002 2247 3120 2303 sine
3163 2247 3357 2302 timore
3394 2261 3493 2302 nos

1919 2341 2158 2408 peccatis
2189 2341 2598 2412 ohstringimus,
2628 2340 2884 2410 quoniam
2918 2338 3029 2395 illic
3057 2338 3314 2408 nosignis
3333 2347 3495 2393 aster-

1920 2447 2021 2486 nus
2048 2430 2297 2502 excipiet,
2329 2442 2384 2487 et
2422 2430 2655 2488 tenebrae
2707 2432 3002 2487 exteriores
3022 2472 3037 2498 ,
3095 2439 3152 2485 et
3178 2431 3378 2486 vermis
3403 2429 3494 2500 qui

1921 2537 2029 2578 non
2062 2523 2279 2588 dormit,
2304 2531 2359 2578 et
2389 2521 2563 2578 luctus
2619 2532 2675 2577 et
2709 2522 2909 2578 stridor
2946 2521 3209 2584 dentium,
3233 2529 3290 2575 et
3314 2534 3496 2576 coram

1921 2615 2127 2687 angelis
2156 2626 2210 2672 et
2236 2617 2502 2673 creaturis
2525 2616 2778 2672 omnibus
2808 2614 3043 2671 dedecus
3085 2614 3496 2683 sempiternum.

1924 2707 2016 2764 Va
2048 2709 2225 2774 nobis,
2258 2699 2488 2780 qdbrum
2535 2709 2730 2764 animas
2761 2706 3000 2764 confusa;
3045 2716 3101 2762 et
3127 2721 3155 2759 a
3183 2703 3502 2774 paenitentia

1925 2801 2138 2866 alienae,
2195 2802 2248 2858 in
2316 2802 2717 2858 resurrectione
2755 2808 2810 2857 et
2839 2798 3114 2855 horrendo
3140 2797 3231 2851 illo
3260 2795 3503 2867 gentium

1925 2895 2168 2951 omnium
2220 2894 2444 2965 judicio,
2504 2893 2801 2964 assumptis
2847 2889 3167 2961 corporibus
3217 2887 3353 2953 suis,
3378 2900 3503 2942 cum

1928 2987 2055 3044 ﬂetu
2094 2996 2150 3042 et
2206 2985 2440 3042 stridore
2489 2986 2736 3040 dentium
2791 2983 2845 3038 in
2901 2981 3134 3053 gemitus
3159 2988 3215 3036 et
3242 2979 3420 3034 luctus
3449 2986 3506 3032 et

234 3079 453 3145 demus,
487 3093 750 3150 pauperes
791 3085 973 3135 autem
995 3088 1050 3134 et
1094 3079 1362 3150 supplices
1408 3087 1662 3148 tanquam
1723 3079 1828 3133 im-
1855 3105 1903 3168 ο
1934 3079 2207 3134 cruciatus
2247 3078 2608 3149 conjicientur
2629 3074 3010 3138 acerbissimos
3034 3087 3099 3128 ac
3125 3071 3505 3142 sempiternos.

235 3179 529 3240 portunam
563 3170 774 3224 turbam
798 3183 1134 3225 aversamur.

311 3261 406 3316 IV.
449 3261 540 3317 γε,
573 3261 751 3322 nobis.
775 3262 866 3331 qui
893 3276 999 3316 non
1059 3276 1128 3317 ex
1179 3261 1381 3317 virtute
1422 3261 1705 3327 homines,
1736 3259 1829 3315 sed

237 3371 304 3411 ex
346 3353 602 3424 Opinione
625 3354 928 3424 pendimus.
959 3351 1052 3409 Vae
1081 3354 1256 3420 nobis,
1287 3354 1378 3424 qui
1409 3367 1530 3423 quae
1571 3353 1716 3425 justa
1738 3353 1831 3408 bo-

239 3461 426 3516 naque
451 3446 582 3514 sint,
611 3445 917 3514 deﬁnimus,
945 3453 1001 3500 et
1043 3444 1354 3515 iudicamus
1384 3455 1439 3501 et
1473 3446 1763 3508 docemus;
1799 3461 1827 3498 a

235 3541 402 3613 justis
431 3549 612 3596 autem
640 3549 696 3594 et
732 3539 886 3596 bonis
945 3539 1196 3609 operibus
1256 3538 1513 3594 absumus
1533 3553 1692 3610 quam
1718 3538 1829 3592 lon-

241 3635 490 3704 gissime.
523 3632 617 3688 Vae
655 3631 837 3697 nobis,
864 3631 956 3702 qui
994 3640 1194 3688 terram
1218 3629 1439 3701 alappis
1461 3641 1516 3686 et
1533 3628 1747 3685 tribulis
1779 3639 1834 3684 et

241 3727 419 3797 spinis
447 3726 770 3796 cazterisque
792 3724 1006 3796 frugum
1040 3724 1288 3794 pestibus
1311 3723 1602 3794 diligenter
1635 3735 1834 3792 purga-

205 3835 399 3898 l,mns,
426 3819 666 3873 animam
693 3825 873 3872 autem
903 3823 1148 3871 nostram
1180 3830 1208 3869 a
1248 3814 1432 3885 pravis
1457 3821 1510 3868 et
1543 3811 1834 3867 immundis

245 3909 697 3982 cogitationibus,
723 3923 845 3977 quae
867 3915 1085 3964 sanctos
1114 3907 1377 3961 virtutum
1425 3903 1637 3959 fructus
1664 3916 1831 3957 excu-

253 4007 397 4058 tinnt
423 4018 488 4059 ac
523 4002 782 4072 perdunt,
812 4002 903 4056 Dei
927 4000 1120 4056 timore
1153 4013 1384 4069 purgare
1416 3995 1834 4054 contemnimus.

258 4095 349 4151 Vas
367 4096 548 4160 nobis,
574 4093 669 4165 qui
695 4103 843 4148 tanta
869 4091 1231 4148 sollicitudine
1262 4089 1447 4145 tandiu
1499 4097 1836 4157 torquemur,

251 4199 314 4243 ut
341 4188 604 4244 caducum
628 4185 829 4256 aliquid
853 4184 1215 4254 percipiamus
1243 4197 1274 4238 e
1324 4192 1490 4246 terra,
1518 4181 1570 4235 in
1595 4194 1702 4250 qua
1747 4194 1810 4234 su
1823 4176 1845 4218 α’

253 4293 380 4336 mus
413 4278 654 4348 hospites
683 4290 750 4331 ac
800 4274 1106 4346 peregrini;
1152 4273 1412 4342 temporis
1461 4283 1643 4326 autem
1695 4269 1840 4325 illius

253 4383 364 4440 quo
392 4369 548 4424 nobis
580 4367 706 4422 hinc
727 4365 782 4420 in
827 4376 1142 4436 perpetuum
1187 4365 1294 4420 erit
1344 4363 1653 4420 necessario
1681 4362 1843 4416 demi-

1934 3172 2026 3228 ναξ
2053 3170 2230 3235 nobis,
2261 3171 2352 3240 qui
2384 3170 2438 3225 in
2486 3171 2590 3225 isto
2642 3167 3097 3240 peregrinationis
3133 3164 3322 3221 exsilio
3361 3163 3510 3219 dete-

1931 3263 2154 3319 standas
2184 3263 2582 3320 oblectationes
2629 3267 3026 3322 consectamur,
3062 3267 3115 3311 et
3141 3253 3377 3326 paradisi
3409 3254 3508 3308 de-

1931 3355 2178 3410 liciarum
2207 3354 2384 3418 obliti,
2425 3352 2825 3409 contemnimus
2858 3363 3086 3420 regnum
3103 3345 3387 3402 cmlorum.
3413 3341 3509 3398 Va:

1933 3442 2108 3507 nobis,
2154 3442 2244 3510 qui
2295 3449 2514 3511 propter
2547 3438 2922 3495 crudelitatem
2975 3435 3155 3491 stultis
3211 3432 3511 3502 virginibus

1929 3533 2137 3590 similes
2167 3548 2378 3600 sumus,
2409 3543 2463 3588 et
2499 3531 2676 3586 oleum
2713 3543 2822 3600 quo
2852 3537 3052 3584 nostra:
3081 3526 3357 3594 lampades
3393 3523 3512 3578 illu-

1933 3635 2196 3691 strentur,
2251 3621 2515 3678 beneficia
2567 3621 2620 3676 in
2666 3618 2972 3690 proximum
3029 3612 3376 3671 conferentes
3406 3623 3510 3664 non

1933 3717 2181 3770 emimus.
2245 3711 2333 3769 Vae
2365 3711 2540 3777 nobis,
2583 3710 2675 3780 qui
2705 3708 2893 3765 diebus
2923 3701 2990 3762 ac
3031 3704 3277 3760 noctibus
3296 3699 3514 3757 Christo

1935 3821 2122 3880 preces
2152 3805 2532 3877 persolvimus,
2570 3802 2812 3858 dicentes
2862 3815 2876 3852 :
2915 3795 3158 3857 Domine,
3190 3792 3411 3847 Domine
3430 3789 3511 3853 ";

1935 3907 1990 3955 et
2025 3913 2088 3954 ea
2145 3913 2264 3967 quae
2305 3895 2462 3952 nobis
2513 3893 2776 3964 pracipit,
2833 3905 2938 3945 non
2994 3889 3369 3944 observamus.
3424 3880 3518 3937 Vae

1936 3992 2092 4057 mihi,
2119 3990 2210 4060 qui
2237 3987 2652 4044 lamentationes
2697 3985 2833 4039 istas
2870 3978 3178 4040 conscribo,
3217 3988 3390 4045 neque
3435 3972 3518 4027 ul-

1939 4087 2050 4142 lum
2080 4099 2222 4140 vera:
2247 4082 2581 4154 paenitentiae
2619 4079 2836 4151 signum
2879 4073 3127 4132 ostendo.
3169 4069 3256 4124 Vae
3283 4067 3390 4123 illis
3427 4066 3520 4136 qui

1941 4179 2062 4235 aliis
2116 4179 2382 4243 laborant,
2439 4184 2495 4233 et
2527 4174 2628 4232 sibi
2679 4173 2810 4243 ipsis
2855 4184 2958 4224 non
3007 4170 3256 4236 prosunt.
3295 4160 3388 4214 Vat.
3423 4173 3519 4212 no-

1942 4271 2042 4334 bis,
2061 4269 2150 4338 qui
2178 4284 2298 4324 cum
2323 4265 2572 4322 assiduos
2594 4259 2937 4319 conscientiae
2967 4271 3064 4311 nos
3113 4249 3518 4322 reprehenden-

1943 4363 2016 4416 tis
2045 4360 2291 4416 stimulos
2331 4357 2650 4420 sentiamus,
2694 4367 2800 4407 non
2857 4346 3252 4411 erubescimus,
3299 4355 3400 4396 nec
3429 4353 3523 4394 ra-

254 4428 546 4534 grandum,
607 4458 810 4514 nullam
866 4459 1090 4514 omnino
1137 4471 1327 4513 curam
1355 4456 1636 4526 suscipere
1657 4447 2142 4527 digna-Dtionem
2211 4448 2486 4504 actionum
2545 4451 2854 4500 nostrarum
2919 4437 3173 4534 omnium.
3237 4428 3520 4534 reddituri,

259 4569 404 4610 mur.
440 4549 532 4606 Va
562 4550 742 4614 nobis,
767 4552 884 4620 qui,
910 4564 1033 4605 cum
1061 4549 1128 4606 de
1168 4549 1318 4605 omni
1347 4549 1583 4615 actione,
1606 4547 1672 4603 de
1691 4547 1842 4602 omni

260 4647 429 4703 verbo
460 4645 659 4709 otioso,
695 4643 762 4700 de
783 4641 1040 4699 omnibus
1087 4642 1322 4712 denique
1375 4641 1638 4712 improbis
1668 4649 1724 4696 et
1753 4640 1847 4693 im.

262 4738 414 4808 puris
438 4733 863 4806 cogitationibus
914 4733 1180 4790 rationem
1208 4733 1474 4789 reddituri
1500 4733 1674 4788 simus
1701 4731 1845 4802 apud

259 4831 500 4902 jndicem
535 4827 967 4892 severissimum,
989 4835 1170 4883 tamen
1200 4837 1460 4896 tanquam
1489 4823 1646 4881 liberi
1681 4823 1850 4880 simus
1915 4887 1926 4892 _

264 4922 458 4987 futuri,
505 4920 672 4976 nullis
721 4921 1008 4978 reddendis
1063 4919 1371 4975 rationibus
1400 4917 1640 4981 obnoxii,
1679 4925 1849 4972 totum

267 5016 397 5070 vita:
433 5023 637 5069 nostra:
673 5022 888 5084 tempus
913 5013 1030 5068 sine
1067 5011 1177 5068 ulla
1200 5011 1360 5080 hujus
1392 5012 1466 5066 rei
1494 5009 1857 5066 sollicitudine

272 5107 654 5177 transigimus.
686 5105 779 5164 Va
802 5106 979 5170 nobis,
1007 5105 1135 5175 quia
1161 5119 1268 5159 non
1309 5103 1482 5159 solum
1505 5101 1668 5174 impia
1687 5100 1855 5156 multa

271 5200 588 5268 nefariaque
631 5200 987 5268 patravimus,
1041 5211 1226 5252 verum
1266 5196 1430 5251 etiam
1455 5209 1551 5265 per
1579 5193 1860 5250 increduli-

276 5302 441 5348 tatem
475 5290 570 5346 Dei
598 5291 861 5362 promissa
895 5289 1200 5361 sprevimus
1218 5297 1381 5358 atque
1404 5285 1853 5356 contempsimus.

280 5382 372 5441 νω
411 5381 722 5450 nobis,qui,
751 5381 915 5437 stulto
936 5377 1298 5450 corruptionis
1325 5377 1505 5433 studio
1535 5377 1699 5447 capti,
1730 5391 1852 5432 cum

277 5491 377 5548 per
401 5475 746 5544 Evangelium
773 5474 898 5529 vitae
921 5486 1203 5543 possemus
1249 5470 1460 5540 assequi
1502 5469 1857 5537 incorruptio-

281 5585 428 5637 nem,
457 5583 636 5624 rerum
665 5578 1002 5623 terrenarum
1035 5579 1222 5623 amore
1245 5563 1600 5634 insanientes,
1641 5561 1857 5620 aeternis

353 5729 402 5764 “
442 5726 630 5783 Matth.
664 5740 760 5786 vn.
803 5724 892 5780 21.

1951 4545 2047 4601 Dei
2074 4543 2336 4616 judicium
2367 4538 2742 4595 formidamus.
2769 4531 2864 4586 νε
2887 4526 3201 4597 nobis,qui,
3247 4537 3385 4616 cum
3411 4529 3524 4574 tur-

1945 4613 2102 4708 pibus
2154 4633 2413 4705 operibus
2440 4630 2731 4692 feteamus,
2755 4622 3009 4680 laudibus
3030 4627 3207 4675 tamen
3245 4613 3524 4670 hominum

1949 4727 2267 4800 gaudemus.

2021 4819 2108 4875 Vl.
2150 4817 2243 4874 Va:
2265 4817 2438 4882 nobis,
2486 4815 2602 4887 qui,
2651 4812 2814 4869 rebus
2847 4808 3101 4865 inanibus
3139 4801 3408 4874 occupati,
3449 4799 3528 4854 di-

1952 4914 2060 4970 vini
2091 4912 2301 4969 timoris
2328 4909 2730 4977 obliviscimur,
2764 4905 2856 4960 Vae
2881 4904 3058 4968 nobis,
3112 4912 3344 4969 quorum
3377 4908 3530 4949 mens

1954 5007 2134 5063 studio
2164 5003 2424 5060 vanitatis
2445 5001 2763 5058 obtunditur
2799 5006 2854 5054 et
2890 4995 3194 5051 hebetatur.
3229 4990 3322 5045 Vae
3353 4987 3528 5050 nobis,

1955 5097 2223 5166 qui,cum
2277 5096 2371 5152 Dei
2433 5091 2694 5167 patientia
2747 5104 2846 5144 nos
2909 5086 3105 5141 toleret
3133 5091 3189 5138 et
3229 5087 3527 5150 exspectet.

1959 5206 2062 5246 non
2092 5199 2270 5245 tamen
2287 5186 2675 5258 resipiscimus,
2694 5197 2796 5238 nec
2822 5193 3015 5251 pravas
3045 5176 3290 5232 actiones
3318 5179 3532 5226 nostras

1962 5281 2330 5340 entendamus.
2357 5261 2453 5334 ’γω
2474 5277 2648 5341 nobis,
2691 5273 2784 5344 qui
2839 5280 3185 5344 peccatorum
3224 5273 3532 5320 nostrorum

1963 5374 2020 5429 in
2054 5372 2343 5443 praesentia
2368 5384 2473 5425 non
2514 5366 2881 5429 meminimus,
2906 5361 3161 5433 quoniam
3207 5355 3365 5428 paulo
3392 5363 3531 5425 post,

1963 5479 2086 5522 cum
2117 5463 2294 5518 anima
2345 5463 2449 5516 erit
2481 5473 2706 5529 corpore
2748 5463 2934 5519 exuta,
2974 5451 3154 5508 omnia
3187 5462 3305 5520 qua
3333 5445 3416 5502 vel
3449 5461 3531 5502 co-

1964 5558 2227 5631 gitatione
2292 5554 2374 5612 vel
2414 5552 2594 5610 verbis
2631 5551 2712 5606 vel
2762 5547 2918 5604 lactis
2963 5541 3298 5607 admisimus,
3348 5549 3538 5608 magan
