3862 6388
372 307 392 361 Ι
404 305 509 363 ξοδ

1452 306 1725 363 PATRES
1766 307 2064 363 EGYPTII
2108 309 2378 367 SAECULI
2420 309 2513 364 IV.

3472 306 3681 360 1204

367 437 491 476 cum
524 419 708 511 dolore
736 421 893 476 nobis
928 423 977 475 in
1045 438 1305 480 memoria
1357 426 1661 496 conscripta
1692 428 1935 498 perlege-
1966 457 2009 511 Α
2039 445 2135 497 per
2172 431 2347 507 ignem
2381 444 2542 498 super
2604 429 2764 483 maris
2797 428 2969 483 undas
2992 424 3299 483 ebullientis
3326 433 3408 481 est
3438 433 3673 479 trans-

348 527 511 589 ~mus.
548 509 642 566 Vae
668 512 950 581 nobis,qui
985 530 1105 568 cum
1138 515 1422 584 Apostolus
1447 517 1619 572 dicat:
1648 518 1751 583 Qui
1784 536 1935 572 man-

369 603 528 655 ducat
561 618 748 671 panem
777 614 824 657 et
853 602 980 657 bibit
1029 606 1240 661 calicem
1280 608 1492 661 Domini
1535 608 1764 677 indigne,
1792 606 1940 676 judi-

370 694 507 747 cium
535 693 635 747 sibi
668 694 948 749 manducet
1000 707 1046 750 et
1075 696 1222 761 bibit,
1279 715 1379 752 non
1419 698 1719 767 dijudicans
1753 715 1938 768 corpus

374 782 583 837 Domini
616 783 685 850 ⁸³,
705 787 907 842 nostris
939 788 1294 845 immunditiis
1328 791 1684 860 coinquinati,
1741 792 1806 845 ad
1836 803 1942 846 tre-

376 876 567 929 menda
597 887 650 932 et
687 878 1022 939 formidanda
1070 882 1158 938 Dei
1207 885 1485 954 mysteria,
1544 885 1754 938 veniam
1790 884 1943 939 nobis

376 967 476 1037 ipsi
506 983 695 1025 eorum
752 987 871 1040 qua:
931 976 1210 1031 nocturnis
1270 975 1745 1045 imaginationibus
1798 976 1943 1044 cogi-

375 1057 539 1111 tando
565 1057 787 1116 iecimus
819 1062 1139 1131 tribuentes,
1166 1066 1492 1121 accedimus.
1527 1064 1627 1131 Qui
1664 1065 1805 1120 enim
1844 1080 1945 1119 nec

378 1165 574 1222 puram
608 1153 770 1209 habet
821 1155 1227 1225 cogitationem,
1285 1172 1383 1213 nec
1407 1169 1586 1214 castos
1613 1160 1819 1225 oculos,
1849 1173 1946 1212 nec

373 1256 572 1312 corpus
604 1243 995 1315 incorruptum,
1026 1263 1124 1303 nec
1162 1249 1397 1304 animam
1427 1250 1704 1316 mundam,
1738 1261 1792 1305 et
1813 1251 1947 1304 assi-

377 1338 467 1389 det
498 1334 628 1399 Deo,
669 1336 714 1391 is
757 1351 816 1391 se
860 1337 1045 1393 multis
1091 1322 1213 1395 eum
1264 1342 1442 1396 carnis
1494 1341 1783 1408 doloribus,
1835 1352 1945 1397 tum

377 1422 543 1479 animi
604 1427 1013 1497 tegritudinibus
1070 1430 1362 1487 obnoxium
1425 1432 1619 1496 reddit,
1643 1441 1698 1487 et
1738 1447 1859 1487 mox
1893 1433 1945 1486 in

378 1525 612 1572 aeternos
643 1518 917 1574 cruciatus
963 1532 1018 1575 et
1059 1522 1380 1577 immensum
1424 1524 1659 1579 dedecus
1685 1524 1945 1578 incurret.

377 1607 463 1664 Me
502 1610 762 1668 miserum
798 1612 890 1681 qui
922 1613 1038 1668 haec
1070 1615 1266 1669 acerbe
1290 1614 1595 1685 lacrymans
1627 1615 1826 1681 scriba,
1852 1629 1950 1669 nec

378 1710 559 1756 tamen
608 1716 666 1756 re
728 1703 839 1772 ipsa
885 1705 1256 1772 paenitentiam
1313 1706 1626 1775 amplector.
1678 1706 1770 1760 Hei
1796 1706 1946 1765 mihi,

2040 522 2275 575 eundum
2307 562 2322 585 ,
2382 533 2436 573 ut
2472 522 2827 590 unusquisque
2886 531 3119 573 nostrum
3180 520 3235 571 in
3271 533 3369 570 suo
3404 533 3567 585 carpo
3582 532 3671 568 re

2042 615 2288 681 accipiat,
2314 623 2464 683 prout
2495 606 2650 682 gessit
2688 614 2796 668 sive
2822 615 2954 667 bona
2992 612 3097 666 sive
3123 610 3267 665 mala
3292 610 3363 666 ⁸⁵.
3398 607 3489 663 Vae
3514 624 3665 661 no-

2043 704 2144 766 bis,
2177 706 2268 774 qui
2304 705 2650 760 tenebrosum
2685 704 2815 759 illud
2850 714 2903 759 et
2932 703 3173 758 materiae
3209 717 3408 770 expers
3438 702 3661 755 incen-

2045 796 2211 864 dium,
2240 808 2607 866 azternumque
2629 807 2792 867 atque
2840 812 3083 850 amarum
3115 794 3298 849 ﬂetum
3324 803 3381 848 et
3426 794 3654 848 strido-

2025 906 2156 967 .rem
2200 891 2437 945 dentium
2468 908 2571 944 non
2600 890 3023 946 consideramus.
3054 887 3248 942 Ablato
3280 886 3423 940 enim
3465 885 3653 938 llam-

2046 995 2144 1034 nne
2182 981 2467 1059 splendore
2516 980 2655 1035 Deus
2715 980 2767 1033 in
2820 979 2913 1033 illo
2954 979 3077 1049 igne
3124 976 3383 1043 relinquit
3432 973 3651 1028 urendi

2048 1073 2154 1125 vim
2178 1078 2233 1124 et
2260 1070 2671 1135 obscuritatem,
2696 1084 2802 1139 quo
2830 1069 2999 1138 magis
3033 1065 3183 1136 impii
3226 1074 3279 1120 et
3307 1075 3645 1135 peceatores

2046 1166 2439 1222 excrucientur.

2122 1255 2251 1313 VIII.
2296 1255 2393 1310 Hei
2425 1255 2583 1322 tnihi,
2615 1258 2811 1311 misera
2856 1240 3038 1309 anima
3086 1267 3225 1317 mea,
3254 1250 3518 1319 quoniam
3548 1263 3649 1302 as-

2048 1351 2234 1406 siduus
2280 1348 2433 1404 dolor
2485 1359 2540 1404 et
2589 1349 2861 1405 cruciatus
2902 1363 2997 1403 cor
3027 1344 3440 1413 meum‘allligit,
3496 1344 3641 1412 quia

2052 1441 2252 1494 malitia
2296 1440 2637 1509 prudentiam
2696 1438 3018 1503 itnmutavit,
3080 1436 3351 1505 corruptio
3382 1435 3515 1488 vicit
3548 1435 3643 1487 in-

2051 1533 2480 1601 corruptionem,
2532 1529 2868 1586 mendacium
2933 1533 3067 1584 texit
3101 1528 3425 1590 veritatem,
3479 1538 3641 1578 mors

2051 1625 2158 1679 vita
2189 1623 2436 1693 superior
2460 1622 2583 1688 fuit;
2609 1632 2847 1685 terrena,
2888 1621 3087 1675 caduca
3107 1660 3122 1683 ,
3170 1618 3360 1674 brevia
3392 1615 3639 1672 ccelesti-

2054 1717 2172 1782 bus,
2202 1715 2476 1785 perpetuis
2509 1724 2565 1767 et
2596 1713 2939 1782 sempiternis
2969 1721 3094 1767 sunt
3130 1720 3501 1775 commutata;
3537 1709 3640 1762 ah-

378 1794 470 1860 qui
497 1808 624 1847 vcra
665 1795 806 1858 dico,
864 1796 960 1850 sed
990 1796 1128 1852 bona
1189 1813 1293 1852 non
1349 1796 1509 1853 facio.
1557 1798 1649 1852 Ilei
1687 1799 1950 1866 mihi,qni

2064 1810 2190 1872 lecta
2222 1816 2277 1862 et
2302 1807 2424 1877 odio
2455 1807 2636 1876 digna,
2668 1821 2794 1860 vera
2817 1805 3016 1860 Christi
3062 1805 3345 1875 charitate
3372 1811 3428 1856 et
3457 1802 3640 1871 gravi-

380 1883 521 1937 bona
541 1885 726 1950 doceo,
769 1886 862 1940 sed
912 1886 1051 1942 mala
1100 1886 1401 1943 committo.
1444 1885 1537 1942 Va:
1580 1887 1685 1941 illis
1732 1886 1822 1956 qui
1858 1903 1953 1941 vo-

381 1973 606 2043 luptatis
637 1977 904 2032 suavitate
943 1978 1150 2033 deliniti
1209 1988 1453 2048 peccant,
1486 1979 1744 2047 quoniam
1772 1980 1837 2033 ad
1859 1995 1953 2034 ex-

383 2075 616 2121 tremum
648 2068 831 2125 dolore
891 2069 1195 2126 adicientur
1239 2081 1296 2126 et
1338 2071 1631 2142 ignominia
1670 2072 1953 2141 sempiter-

381 2173 473 2213 na.
520 2154 609 2217 Va:
640 2158 744 2219 illis
777 2161 865 2229 qui
892 2159 1096 2229 lugent,
1126 2161 1219 2215 sed
1274 2175 1500 2229 peccare
1549 2175 1655 2215 non
1682 2161 1950 2228 desinunt,

381 2249 635 2319 quoniam
665 2250 779 2304 utili
814 2266 871 2305 se
900 2252 1042 2306 luctu
1079 2252 1331 2333 spoliant.

453 2341 567 2405 VII.
615 2342 703 2399 Vae
755 2344 1067 2400 hominibus
1136 2345 1226 2416 qui
1276 2345 1582 2420 proximum
1632 2344 1952 2399 contumelia

382 2433 622 2495 adiciunt
657 2443 712 2491 et
733 2435 1047 2504 ignominia,
1074 2437 1327 2507 quoniam
1356 2451 1384 2489 a
1416 2435 1699 2491 eltaritatis
1725 2435 1956 2489 beatitu-

382 2527 509 2587 dine
541 2536 667 2583 sunt
692 2528 876 2583 alieni.
932 2529 1024 2583 Vae
1080 2529 1293 2595 invidis,
1336 2529 1590 2599 quoniam
1643 2528 1829 2598 procul
1869 2529 1959 2582 ab-

382 2630 510 2677 sunt
542 2634 576 2674 a
613 2620 710 2677 Dei
777 2620 1132 2691 benignitate.
1188 2618 1281 2675 Va:
1318 2622 1423 2675 illis
1472 2622 1559 2689 qui
1619 2622 1834 2675 student
1870 2620 1958 2673 ho-

384 2711 622 2768 minibus
672 2711 908 2783 placere,
963 2712 1086 2782 quia
1139 2712 1248 2767 Deo
1289 2711 1499 2784 placere
1556 2726 1661 2766 non
1713 2720 1953 2782 possunt.

382 2801 478 2859 Va:
510 2804 615 2863 illis
638 2805 727 2874 qui
757 2819 1016 2874 personas
1051 2804 1328 2859 hominum
1367 2804 1682 2874 respiciunt,
1704 2804 1956 2873 quoniam

383 2912 412 2949 a
455 2894 545 2950 Dei
573 2896 798 2952 veritate
844 2896 1182 2953 deciderunt.
1226 2893 1316 2949 Vae
1363 2898 1630 2965 superbis,
1675 2896 1800 2965 quia
1835 2904 1959 2949 sunt

381 3006 447 3043 ex
482 2997 632 3056 parte
682 2987 881 3041 diaboli
934 2988 1247 3045 desertoris.
1315 2985 1404 3040 Vae
1462 2987 1567 3042 illis
1625 2988 1714 3055 qui
1791 2986 1956 3041 Deum

384 3092 489 3133 non
520 3078 729 3143 timent,
766 3078 888 3147 quia
943 3076 1187 3147 pluribus
1238 3078 1477 3148 peccatis
1515 3078 1955 3149 itnplicabuntur,

377 3181 438 3228 et
469 3177 520 3225 in
562 3171 664 3226 hac
690 3177 851 3241 atque
879 3170 928 3224 in
960 3169 1062 3223 alia
1100 3170 1206 3224 vita
1259 3171 1607 3240 vapulabunt.
1653 3171 1743 3226 Va:
1783 3172 1956 3235 nobis,

382 3265 473 3334 qui
502 3261 761 3333 pulicum,
823 3260 1154 3327 etlendium,
1214 3272 1270 3319 et
1324 3263 1711 3333 pediculorum,
1757 3273 1811 3320 et
1845 3279 1961 3317 mu-

324 3346 327 3351 ’
382 3370 624 3421 scarum,
654 3366 710 3411 et
731 3353 985 3419 culicum,
1016 3364 1069 3410 et
1097 3370 1255 3425 apum
1307 3371 1520 3412 morsus
1559 3367 1719 3427 atque
1745 3356 1962 3411 aculeos

383 3446 528 3503 ferre
561 3462 666 3505 non
701 3462 1023 3518 possumus;
1052 3449 1122 3504 ab
1152 3449 1351 3520 ingenti
1402 3458 1579 3503 autem
1608 3451 1840 3504 dracone
1870 3449 1962 3517 qui

384 3540 569 3597 fauces
603 3540 903 3603 horrendas
935 3543 1132 3612 aperit,
1164 3552 1222 3595 ut
1271 3556 1370 3596 nos
1417 3541 1637 3596 devoret
1691 3549 1746 3596 et
1776 3540 1964 3596 absor-

384 3635 539 3700 beat,
567 3633 925 3703 omnibusque
957 3632 1233 3703 pestiferis
1256 3634 1444 3688 mortis
1472 3631 1672 3688 aculeis
1698 3632 1958 3698 vulneret,

384 3741 488 3782 nec
515 3728 796 3782 studemus
850 3724 1133 3796 aufugere,
1181 3739 1279 3780 nec
1320 3724 1484 3780 ullum
1542 3726 1805 3781 adversus
1838 3739 1961 3779 eum

386 3818 739 3887 imploramus
765 3818 1047 3874 auxilium.
1084 3816 1179 3873 Va:
1206 3816 1382 3881 nobis,
1423 3798 1559 3887 quos
1596 3817 1841 3873 diabolus
1870 3832 1963 3885 vo:

386 3911 703 3979 luptatibus,
734 3919 790 3965 et
819 3909 1115 3973 doloribus,
1154 3919 1205 3963 et
1236 3909 1649 3964 necessitatibus
1670 3950 1685 3977 ,
1711 3918 1765 3964 et
1791 3909 1965 3964 omni-

388 4005 491 4058 bus
513 4018 631 4071 quze
663 4002 953 4057 inmundo.
1005 4012 1151 4065 sunt,
1212 4000 1492 4056 fraudibus
1536 4001 1764 4070 decipit;
1801 4010 1853 4055 et
1881 4010 1963 4054 ta-

390 4108 513 4149 men
546 4108 696 4149 nosa
727 4102 806 4147 tot
829 4093 987 4148 malis
1045 4094 1298 4147 nolumus
1353 4092 1594 4146 liberari.
1653 4090 1743 4146 Vae
1788 4092 1963 4157 nobis,

389 4188 505 4257 qui,
531 4201 653 4242 cum
686 4185 839 4241 multi
868 4194 947 4240 tot
987 4183 1102 4254 jam
1152 4199 1323 4239 annos
1355 4186 1422 4240 ab
1465 4184 1707 4240 Ecclesia
1754 4184 1967 4240 defece-

392 4281 518 4343 rint,
571 4289 627 4335 et
683 4276 1040 4333 orthodoxam
1102 4277 1263 4333 ﬁdem
1319 4285 1581 4332 conentur
1619 4276 1963 4342 labefactare,

390 4386 568 4430 tamen
602 4387 701 4429 nec
731 4371 1001 4443 Iacrymas
1052 4370 1367 4437 fundimusp
1400 4386 1575 4441 neque
1610 4370 1773 4425 ullum
1799 4369 1967 4425 animi

2056 1907 2163 1953 tate
2184 1897 2421 1952 dulciora
2453 1906 2580 1951 sunt
2633 1897 2813 1951 habita
2869 1912 2931 1949 ac
2974 1894 3293 1965 jucundiora
3324 1896 3338 1947 !
3366 1893 3537 1947 Error
3567 1908 3639 1947 ex

2054 1991 2241 2044 animo
2289 2003 2409 2044 meo
2448 1987 2653 2057 depulit
2684 1988 2994 2042 veritatem.
3036 1985 3286 2041 Dedecus
3313 1992 3368 2039 et
3393 1984 3639 2054 ignomi-

2055 2082 2198 2136 niam
2240 2094 2337 2148 pro
2386 2078 2531 2134 veris
2569 2078 2815 2132 laudibus
2859 2086 2910 2131 et
2938 2076 3105 2148 gloria
3151 2091 3268 2129 sum
3326 2072 3643 2143 amplexus.

2054 2171 2485 2227 Amaritudinem
2513 2185 2613 2239 pro
2649 2167 2930 2224 dulcedine
2960 2166 3259 2237 degustavi,
3317 2168 3473 2220 terrae
3509 2163 3647 2218 fuli-

2058 2266 2236 2333 ginem
2279 2278 2375 2333 pro
2404 2262 2666 2317 caelorum
2693 2275 2856 2331 regno
2890 2260 3071 2314 dilexi.
3102 2258 3356 2313 Inimicus
3392 2257 3460 2311 ab
3484 2256 3647 2311 omni

2058 2371 2181 2411 vera
2246 2352 2645 2424 pulchritudine
2698 2352 2995 2406 abhorrens
3040 2349 3189 2407 cordi
3236 2364 3354 2402 meo
3384 2346 3648 2402 tenebras

2056 2447 2268 2511 offundit,
2302 2454 2357 2500 et
2394 2441 2719 2513 cognitionis
2750 2442 2926 2495 lumen
2972 2439 3166 2494 delevit
3204 2453 3234 2492 e
3278 2446 3459 2493 mente
3488 2451 3646 2490 mea.

2061 2539 2172 2593 Heu
2206 2553 2292 2592 me
2323 2536 2578 2591 miserum
2630 2544 2685 2589 et
2718 2532 3014 2597 infelicem,
3061 2546 3219 2600 quem
3252 2531 3494 2585 diabolus
3524 2532 3647 2585 suis

2060 2632 2380 2702 implicitum
2407 2630 2612 2684 retibus
2632 2627 2776 2697 cepit
2812 2641 2875 2680 ac
2916 2624 3299 2697 supplantavit,
3327 2632 3382 2676 et
3430 2633 3647 2677 etanta

2060 2722 2392 2777 sublimitate
2418 2718 2634 2787 dejecit.
2664 2718 2724 2771 In
2756 2731 2919 2772 cursu
2961 2715 3269 2769 confractus
3312 2714 3503 2767 cecidi.
3542 2711 3649 2763 Va-

2062 2816 2112 2868 ni
2151 2812 2370 2867 fuerunt
2395 2810 2620 2865 sudores
2651 2808 2779 2861 mei.
2818 2806 2950 2874 Quis
2983 2807 3156 2861 vicem
3205 2820 3376 2860 meam
3413 2820 3519 2857 nou
3555 2804 3647 2855 lu-

2061 2902 2375 2974 geat?Quis
2412 2916 2497 2956 me
2532 2900 2781 2955 inanibus
2826 2907 3203 2968 consumptum
3231 2896 3505 2951 laboribus
3529 2911 3646 2951 non

2062 2994 2587 3061 lamentetur‘lQuis
2632 3008 2718 3049 me
2770 2993 2823 3046 itt
2875 3002 3031 3061 portu
3073 2990 3413 3062 naufragium
3439 2988 3649 3044 facien-

2066 3098 2169 3142 tem
2234 3102 2339 3141 non
2394 3084 2765 3141 misericordia
2843 3084 3247 3153 prosequatur?
3310 3081 3647 3136 Miseremini

2064 3180 2183 3242 mei,
2206 3176 2524 3231 miseremini
2553 3176 2670 3239 mei,
2702 3173 2885 3229 saltem
2924 3191 3031 3238 vos,
3050 3174 3206 3227 amici
3235 3173 3335 3226 mei
3358 3173 3403 3205 ⁸⁸
3430 3190 3443 3224 :
3471 3180 3521 3224 et
3544 3172 3647 3225 be-

2066 3272 2307 3341 nignum,
2336 3270 2535 3339 quique
2560 3284 2589 3321 a
2627 3267 2793 3322 nullis
2833 3267 3065 3321 vincitur
3122 3265 3295 3331 malis,
3332 3244 3648 3319 hominum

2066 3376 2244 3416 meum
2300 3359 2483 3415 Jesunt
2529 3359 2806 3415 Christum
2842 3359 3115 3428 supplices
3165 3358 3554 3427 deprecantini,
3596 3358 3645 3411 si

2066 3454 2204 3508 forte
2240 3451 2609 3507 misericordia
2643 3451 2906 3505 adductus
2927 3450 3301 3504 densissimam
3334 3448 3528 3502 diaboli
3572 3449 3647 3502 ab

2064 3545 2209 3598 omni
2251 3542 2650 3612 pulchritudine
2686 3539 3029 3595 abhorrentis
3079 3539 3360 3610 caliginem
3400 3541 3648 3593 excutiat

2063 3651 2094 3689 e
2143 3644 2319 3690 mente
2358 3648 2499 3700 mea,
2541 3642 2599 3686 ut
2637 3648 2743 3702 quo
2788 3633 2840 3686 in
2883 3631 2994 3687 luto
3038 3646 3244 3695 verser,
3288 3646 3385 3687 nec
3418 3646 3649 3701 surgere

2067 3740 2274 3791 curem,
2304 3727 2520 3779 tandem
2556 3725 2840 3794 aspiciam,
2873 3738 2941 3779 ne
2983 3722 3120 3780 forte
3150 3733 3481 3780 contractum
3518 3725 3649 3779 vita:

2067 3834 2198 3873 meae
2226 3827 2436 3886 tempus
2464 3833 2678 3873 omnem
2706 3816 2834 3870 mihi
2868 3831 3015 3886 spem
3049 3817 3269 3871 adimat.
3292 3816 3401 3872 Non
3430 3826 3514 3871 est
3544 3818 3647 3871 do.

2067 3910 2147 3965 lor
2174 3926 2336 3980 supra
2374 3910 2610 3964 dolorem
2641 3924 2840 3964 meum.
2870 3909 2986 3965 Non
3010 3920 3093 3965 est
3131 3909 3284 3979 plaga
3322 3908 3509 3963 similis
3527 3908 3645 3978 pla-

2066 4019 2144 4072 gae
2169 4016 2318 4057 mete.
2336 4000 2451 4056 Non
2470 4011 2555 4056 est
2579 4002 2851 4057 cruciatus
2879 4016 2978 4070 par
3004 4002 3267 4057 cruciatui
3293 4001 3467 4055 cordis
3498 4001 3601 4054 mei
3625 4019 3641 4055 :

2069 4094 2331 4158 Quoniam
2388 4094 2691 4157 iniquitates
2737 4110 2864 4148 mete
2916 4109 3263 4162 supergressa
3308 4102 3427 4145 sunt
3486 4105 3645 4160 caput

2070 4200 2241 4238 meum
2270 4184 2338 4239 “.
2374 4182 2608 4237 Vulnera
2647 4198 2764 4238 mea
2796 4198 2899 4236 non
2932 4192 3057 4236 sunt
3086 4181 3246 4252 gladii
3281 4182 3643 4243 Vulnera,nce

2070 4273 2267 4329 mortui
2299 4273 2401 4327 mei
2417 4273 2756 4328 suntmortui
2778 4273 2831 4327 in
2858 4273 2994 4329 bello
3007 4274 3075 4327 '7:
3100 4274 3191 4328 sed
3205 4272 3411 4343 sagitta:
3436 4273 3640 4327 inimici

2070 4374 2243 4442 acutze
2271 4365 2450 4421 inﬁxae
2481 4374 2609 4421 sunt
2636 4365 2763 4420 mihi
2795 4365 2863 4429 ⁸⁸,
2900 4376 2953 4420 et
2980 4380 3157 4420 meum
3188 4366 3493 4420 interiorem
3524 4366 3623 4419 ho-

368 4467 625 4523 .doloretn
652 4468 1008 4531 ostendimus,
1041 4480 1141 4521 nec
1174 4479 1352 4520 mores
1393 4479 1457 4520 ac
1508 4462 1672 4518 vitam
1709 4461 1966 4518 emenda—
1998 4484 2043 4539 ι)
2074 4460 2273 4513 minem
2302 4468 2667 4513 excaecarunt.
2717 4458 2784 4512 Et
2818 4458 3015 4526 inﬁxus
3039 4474 3153 4511 sum
3188 4460 3241 4511 in
3266 4458 3394 4509 limo
3422 4457 3634 4524 profun-

387 4574 533 4626 Inus,
565 4568 624 4613 ut
653 4568 879 4629 peccata
929 4557 1168 4628 peccatis
1214 4566 1269 4612 et
1328 4556 1757 4613 incredulitatem
1807 4554 1964 4610 malis

388 4653 642 4724 operibus
680 4651 1040 4717 cumulantes,
1105 4649 1454 4705 acerbissima
1507 4649 1663 4703 nobis
1701 4647 1960 4718 supplicia

389 4745 441 4798 in
475 4745 719 4814 gehenna
753 4756 1009 4813 paremus
1066 4754 1130 4795 ac
1170 4740 1520 4808 sempiterna.
1555 4738 1647 4792 Vae
1685 4738 1839 4793 nobis
1870 4737 1960 4806 qui

387 4844 509 4907 post
532 4833 869 4903 conscriptas
917 4831 1348 4895 lamentationes,
1401 4840 1454 4883 et
1498 4828 1604 4883 line
1635 4828 1816 4883 mundi
1848 4830 1961 4899 jam

388 4930 734 4992 adventante,
771 4941 872 4982 nec
924 4922 1316 4993 resipiscimus,
1361 4935 1534 4990 neque
1569 4934 1757 4975 eorum
1787 4934 1905 4989 qua:
1932 4935 1961 4973 a

390 5020 621 5075 nobisin
679 5018 1040 5075 adolescentia
1089 5014 1378 5070 commissa
1422 5022 1550 5068 sunt
1584 5012 1961 5082 paenitentiam

392 5114 628 5185 agimus,
666 5113 761 5168 sed
792 5112 1002 5167 miserae
1027 5106 1291 5165 senectuti
1325 5105 1524 5173 majora
1551 5116 1605 5160 et
1634 5106 1882 5178 graviora
1910 5105 1963 5158 in

393 5207 510 5260 dies
544 5204 873 5275 imponimus
905 5217 1071 5258 onera
1096 5211 1468 5272 peccatorum.
1505 5201 1595 5254 Va:
1615 5198 1963 5266 nobis,quos,

392 5314 516 5353 cuin
540 5296 705 5353 variis
736 5309 1022 5366 corporum
1054 5295 1258 5349 morbis
1303 5293 1705 5352 erubescamus,
1739 5306 1842 5346 non
1871 5305 1967 5359 pu-

393 5392 484 5445 det
516 5390 743 5445 miseras
775 5389 986 5444 animas
1014 5395 1228 5442 nostras
1274 5397 1327 5441 et
1357 5400 1643 5453 corporum
1673 5384 1891 5455 flagitiis
1916 5392 1973 5437 et

395 5482 635 5553 peccatis
686 5480 1000 5537 ﬁdissimis
1053 5490 1337 5549 aegrotare.
1398 5479 1486 5534 Vas
1543 5478 1719 5544 nobis,
1773 5476 1969 5546 quibus

494 5639 541 5671 ⁸³
582 5639 599 5694 l
656 5638 780 5695 Cor.
824 5654 899 5702 XI,
941 5637 1132 5692 27-29.

397 5711 443 5750 ⁸⁸
482 5711 623 5773 Psal.
672 5724 875 5776 sxxvn,
917 5710 969 5765 5.
1046 5709 1088 5741 ⁸⁹
1120 5708 1256 5765 l’sal.
1292 5724 1475 5763 vaut.
1506 5709 1555 5761 5.

1244 5638 1289 5668 ⁸⁵
1324 5636 1364 5691 ιι
1403 5636 1527 5691 Cor.
1574 5654 1625 5702 ν,
1677 5635 1757 5689 l0.

1892 5633 1937 5664 ⁸⁵
1998 5630 2097 5687 Job
2142 5647 2254 5693 xu",
2306 5632 2394 5687 ⁸21.

1633 5710 1676 5741 ⁹⁰
1718 5706 1815 5761 Job
1858 5703 2049 5775 "1,25.

2075 4554 2153 4618 di,
2184 4564 2229 4606 et
2267 4569 2369 4607 non
2420 4560 2495 4605 est
2544 4551 2841 4606 substantia
2868 4552 2937 4603 ⁸⁸.
2997 4550 3179 4605 Timor
3204 4565 3352 4619 quem
3375 4549 3633 4613 timebam,

2065 4645 2232 4701 euenit
2258 4644 2384 4698 milii
2416 4644 2497 4699 ’σε
2530 4652 2577 4696 et
2636 4643 2822 4696 umbra
2866 4644 3053 4697 mortis
3102 4642 3302 4711 operuit
3337 4656 3416 4692 me
3436 4640 3502 4692 ".
3540 4639 3634 4696 Hei

2070 4737 2230 4791 mibi!
2266 4734 2578 4799 Considera,
2618 4737 2795 4789 anima
2838 4750 2980 4798 mea,
3013 4744 3065 4788 et
3102 4734 3221 4787 vide
3251 4748 3370 4802 quae
3401 4745 3630 4802 praesen-

2069 4832 2147 4886 tia
2175 4838 2323 4893 sunt,
2358 4842 2519 4897 quam
2556 4827 2763 4897 fugacia
2822 4828 2955 4893 sint,
3002 4836 3056 4883 et
3085 4837 3283 4898 quanta
3316 4842 3435 4881 cum
3485 4840 3631 4880 acer-

2072 4925 2241 4980 bitate
2268 4928 2333 4979 et
2375 4921 2561 4979 dolore
2610 4921 2719 4977 cito
2768 4928 3165 4991 pertranseant,
3211 4930 3262 4973 et
3292 4928 3493 4987 quanto
3533 4918 3633 4972 sint

2016 5039 2031 5049 -
2068 5030 2187 5085 quae
2205 5013 2317 5082 jam
2345 5014 2638 5068 adventant
2671 5022 2834 5080 atque
2861 5012 3076 5075 adsunt,
3117 5012 3413 5065 acerbiora.
3434 5010 3627 5078 Cagita,

2073 5110 2276 5173 anima,
2306 5122 2337 5162 e
2391 5107 2612 5177 quantis
2650 5105 2805 5162 bonis
2835 5106 3055 5161 excidas
3104 5113 3160 5159 et
3208 5113 3406 5174 quanta
3436 5118 3548 5172 spe,
3582 5114 3632 5155 et

2073 5200 2293 5269 quantis
2328 5212 2452 5251 mox
2484 5196 2818 5252 cruciatibus
2842 5203 2895 5250 et
2943 5193 3221 5263 suppliciis
3249 5194 3299 5247 in
3331 5203 3629 5261 perpetuum

2076 5292 2345 5347 aﬂicieris.
2400 5291 2541 5344 Ante
2582 5304 2742 5359 quam
2776 5288 2938 5357 igitur
2977 5301 3141 5355 super
3186 5294 3347 5354 caput
3371 5294 3518 5337 tuum
3555 5283 3634 5338 lux

2078 5384 2480 5452 exstinguatur,
2514 5381 2739 5451 supplex
2787 5380 2853 5434 ad
2908 5377 3000 5434 Dei
3052 5376 3394 5432 clementiam
3428 5377 3633 5439 accede,

2076 5475 2261 5532 aeterni
2293 5474 2513 5529 luminis
2542 5472 2850 5543 largitorem
2881 5472 3107 5526 obsecra
3164 5479 3218 5523 et
3266 5469 3553 5533 obtestare,
3586 5479 3637 5522 ut

2484 5632 2527 5663 ⁸⁸
2582 5629 2719 5684 Psal.
2776 5643 2980 5694 xxxvii,
3041 5625 3093 5679 5.
3196 5624 3239 5655 ⁸⁷
3278 5622 3378 5685 Isa.
3440 5637 3552 5690 xxi,
3589 5622 3634 5675 2.

2126 5705 2167 5734 ν’
2191 5703 2333 5767 Ρδιιι.
2371 5719 2523 5765 λωιι,
2546 5702 2634 5755 620.
