3862 6270
3403 314 3550 325 ---~-.

647 304 771 316 ._._..
3403 314 3550 325 ---θ-η

1022 343 1918 355 “—.————_—.—
1950 346 1966 355 ο

1488 486 1672 528 CIRCA
1720 486 1945 529 ANNUM
1990 488 2219 531 DOMINI
2266 493 2347 534 CD

329 813 1371 996 PHILONIS
1438 809 2446 997 CARPASII
2511 816 3519 1001 EPISCOPI

1047 1293 1050 1298 ι
1494 1137 2348 1270 ENARRATIO

796 1390 959 1516 IN
1038 1388 1864 1520 CANTICUM
1954 1389 2263 1520 CAN
2278 1392 3003 1525 TICORUM

268 1629 575 1691 Crescunt
612 1636 853 1691 textum
889 1629 1093 1691 adhuc
1124 1631 1452 1705 ineditum,
1495 1631 1975 1713 quamplurimis
1995 1636 2064 1696 in
2082 1634 2238 1695 locis
2258 1634 2692 1714 depravatum,
2732 1636 3080 1699 emendavit
3103 1647 3159 1699 et
3179 1658 3342 1701 nova
3361 1641 3552 1703 inter-

457 1736 817 1816 pretatione
851 1734 1098 1816 adjecta
1130 1737 1375 1816 primus
1413 1739 1483 1799 in
1522 1736 1717 1800 lucem
1750 1738 2021 1818 protulit
2051 1741 2120 1801 V.
2167 1740 2239 1802 C.
2279 1738 2556 1802 Michael
2593 1740 2869 1820 Angelus
2903 1743 3362 1817 GIACOMELLUS,

1073 1840 1579 1922 archiepiscopus
1620 1842 2169 1919 Chalcedonensis,
2194 1845 2403 1905 Romae
2420 1863 2586 1905 anno
2616 1843 2789 1905 1772.

1177 1989 1294 2063 (Ex
1324 1991 1651 2047 Bibliotheca
1671 1990 1995 2059 Cauno“,
2026 2002 2157 2048 tom.
2187 1991 2282 2058 IX,
2309 1992 2363 2048 in
2394 1991 2679 2063 Append.)

1588 2308 2286 2405 PRJEFATIO.

359 2484 439 2540 De
486 2483 731 2550 Philone,
771 2481 997 2555 ejusque
1044 2482 1435 2537 commentario
1489 2475 1545 2530 in
1600 2480 1879 2538 Canticum
1907 2490 1953 2545 Δ
1985 2486 2244 2557 vertitur;
2277 2495 2367 2542 aut
2397 2487 2709 2559 signiﬁcare
2737 2491 3092 2549 mutationem
3117 2510 3146 2547 a
3173 2495 3402 2563 pristino
3425 2507 3565 2553 statu

280 2579 641 2645 canticorum,
708 2586 763 2634 et.
828 2576 895 2631 de
953 2574 1160 2631 duabus
1221 2576 1463 2646 ejusdem
1502 2576 1876 2633 commentarii

290 2668 512 2723 Latinis
537 2666 896 2734 versiouibus,
922 2665 1093 2721 altera
1128 2666 1376 2737 antiqua,
1405 2666 1711 2722 recentiore
1751 2665 1877 2721 Ste-

282 2761 453 2835 phani
496 2759 727 2815 Salutati
786 2759 996 2823 altera;
1046 2767 1159 2812 tum
1194 2758 1326 2828 quid
1376 2759 1429 2812 in
1462 2758 1581 2829 ejus
1629 2758 1885 2814 editione

282 2852 658 2921 praestiterim,
690 2851 934 2921 quaedam
957 2851 1211 2906 existimo
1246 2866 1330 2904 me
1359 2851 1572 2919 prtel‘ari
1597 2860 1873 2920 oportere,

282 2958 353 3000 ne
380 2944 511 3014 quid
535 2943 824 2999 lectoribus
857 2941 1020 3009 hujus
1057 2941 1301 2997 Philonis
1329 2943 1690 3012 cognoscendi
1726 2943 1877 3011 cupi-

284 3037 374 3092 dis
407 3038 527 3107 ipse
556 3037 743 3090 videar
763 3035 1018 3089 defuisse.

367 3130 411 3185 1.
451 3129 607 3184 Philo
654 3129 836 3201 igitur,
890 3124 1052 3196 hujus
1100 3129 1157 3179 in
1191 3125 1461 3180 Canticum
1526 3126 1873 3192 canticorum,

300 3235 467 3291 quem
508 3221 667 3274 modo
716 3221 767 3274 in
814 3219 988 3274 lucem
1027 3216 1261 3288 profero,
1292 3217 1692 3281 commentarii,
1728 3228 1785 3269 ut
1819 3217 1872 3271 in

293 3310 502 3366 Gmcis
522 3310 838 3379 perhibetur
858 3308 1160 3373 codicibus,
1185 3319 1399 3369 auctor,
1441 3306 1695 3362 Ecclesiae
1737 3305 1875 3363 Car-

288 3406 431 3476 pasii
455 3406 507 3459 in
528 3405 705 3476 Cypro
739 3404 840 3460 fuit
860 3405 1164 3476 episcopus.
1191 3403 1246 3457 Id
1280 3406 1443 3460 tradit
1470 3404 1727 3475 Polybius
1751 3403 1878 3459 Rhi-

288 3513 624 3553 nocurorum
658 3498 944 3567 episcopus
984 3497 1035 3550 in
1079 3497 1310 3551 secunda
1358 3508 1509 3564 parte
1541 3494 1672 3550 Vita:
1705 3497 1874 3550 sancti

284 3588 597 3657 Epiphanii,
618 3603 737 3657 cap.
755 3587 845 3653 49,
864 3589 948 3642 ltis
967 3588 1176 3642 verbis:
1196 3583 1304 3641 Ἦν
1319 3588 1374 3640 δέ
1388 3606 1471 3652 τις
1493 3587 1750 3659 κληρικὸς
1764 3586 1873 3641 ἀπὸ

290 3682 562 3754 ρητόρων,
594 3679 834 3752 τοῦνομα
847 3680 1041 3744 Φίλων,
1074 3680 1213 3752 ἀνὴρ
1229 3683 1392 3745 ὅσιος.
1416 3681 1590 3753 Χρεία
1610 3680 1669 3734 δὲ
1691 3676 1759 3752 ἦν
1780 3681 1873 3734 ἐπὶ

284 3773 387 3844 τῆς
426 3772 633 3837 πόλεως
649 3773 745 3827 τοῦ
764 3773 1088 3844 Καρπασίου
1109 3772 1333 3828 καθίσαι
1352 3774 1650 3828 ἐπίσκοπον
1666 3774 1759 3827 ἐπὶ
1777 3772 1870 3827 τοῦ

287 3867 503 3940 θρόνου,
532 3863 642 3920 Ἦν
677 3867 734 3921 δὲ
754 3861 908 3930 οὗτος
939 3865 1206 3930 διάκονος.
1244 3866 1445 3920 Τοῦτον
1473 3862 1567 3921 οὖν
1599 3866 1706 3920 ἀπὸ
1733 3867 1872 3919 ἀπο-

288 3959 581 4029 καλύψεως
630 3956 767 4013 Θεοῦ
816 3961 1116 4030 χειροτονεῖ
1154 3958 1453 4012 ἐπίσκοπον
1490 3960 1518 4012 ὁ
1557 3956 1874 4027 Ἐπιφάνιος

289 4055 385 4107 ἐπὶ
406 4054 501 4108 τοῦ
526 4053 728 4123 θρόνου
777 4052 872 4107 τοῦ
902 4052 1004 4125 τῆς
1036 4052 1242 4115 πόλεως
1285 4052 1378 4106 καὶ
1405 4052 1505 4122 τῆς
1546 4050 1875 4122 Ἐκκλησίας

285 4144 382 4198 τοῦ
411 4144 745 4217 Καρπασίου
772 4161 787 4175 ο
818 4147 950 4198 Erat
1002 4153 1177 4197 autem
1218 4145 1431 4212 quidam
1462 4158 1527 4197 ea:
1573 4141 1873 4196 oratoribus

286 4237 539 4300 clericus,
582 4236 738 4290 Philo
778 4237 1005 4299 nomine,
1061 4237 1142 4290 vir
1203 4246 1443 4291 sanctus.
1494 4234 1639 4303 Opus
1697 4245 1874 4289 autem

286 4340 402 4382 erat
432 4329 487 4381 in
518 4330 722 4382 ciuitate
749 4326 992 4391 Carpasii
1024 4329 1079 4381 in
1101 4327 1219 4381 sede
1244 4325 1505 4380 collocare
1528 4327 1827 4394 episcopum
1854 4344 1873 4392 ;

286 4434 502 4489 eratque
543 4423 587 4474 is
629 4421 906 4474 diaconus.
946 4418 1099 4471 Hunc
1120 4429 1297 4471 autem
1340 4434 1405 4472 ea:
1436 4417 1531 4471 Dei
1558 4416 1876 4472 reuelatione

286 4514 595 4580 episcopum
652 4513 860 4566 ordinat
914 4510 1250 4580 Epiphanius
1300 4512 1355 4563 in
1403 4511 1524 4564 sede
1565 4510 1793 4564 civitatis
1824 4519 1875 4564 et

288 4604 547 4660 Ecclesia:
581 4603 852 4674 Carpasii.

359 4694 539 4750 Verba
561 4696 672 4761 illa,
695 4695 956 4766 κληρικὸς
993 4694 1100 4747 ἀπὸ
1133 4692 1402 4765 ρητόρων,
1430 4692 1510 4746 sic
1551 4700 1873 4761 acceperunt

284 4790 667 4845 'I‘illemontius
707 4789 784 4860 (α)
845 4799 900 4843 ct
954 4788 1239 4843 Ceillcrius
1273 4789 1374 4858 ψ),
1419 4796 1480 4841 ιιι
1532 4785 1813 4841 Philonem
1843 4800 1872 4840 a

286 4884 430 4947 foro,
460 4882 551 4936 ubi
602 4898 798 4939 causas
826 4882 1086 4945 oraverit,
1122 4881 1189 4933 ad
1233 4880 1439 4934 clerum
1476 4894 1536 4933 se
1570 4878 1876 4934 traduxisse

283 4976 727 5031 existimaverint
774 4984 869 5030 :et
891 4973 1255 5045 praepositioni
1285 4973 1357 5026 illi
1381 4971 1490 5025 ἀπό
1521 4971 1767 5027 eamdem
1801 4969 1874 5025 ibi

286 5068 397 5120 vim
427 5081 572 5130 esse,
593 5080 714 5136 qua:
742 5075 826 5122 est
854 5066 906 5120 in
938 5064 1043 5120 illis
1068 5064 1429 5120 locutiouihus
1456 5063 1567 5117 ἀπὸ
1583 5060 1872 5128 ὑπατείας,

1980 2594 2075 2634 seu
2110 2581 2454 2650 professione
2500 2602 2514 2638 :
2564 2585 2630 2638 ad
2660 2598 2823 2654 quam
2861 2587 3217 2643 mutationem
3250 2588 3564 2659 signiﬁcan-

1980 2672 2102 2726 dam
2135 2671 2313 2727 Latini
2347 2675 2784 2744 praepositionem
2813 2691 2878 2730 ea:
2909 2675 3190 2742 adhibent,
3247 2687 3304 2732 ut
3366 2680 3417 2734 in
3474 2681 3565 2736 illo

1979 2759 2049 2814 Μ.
2083 2760 2245 2817 Tullii
2267 2762 2411 2830 joco,
2443 2780 2508 2818 ex
2545 2774 2756 2819 oratore
2785 2776 3000 2831 arator;
3024 2764 3266 2838 adeoque
3295 2768 3381 2823 illa
3404 2772 3565 2823 verba

1976 2854 2240 2910 vertenda
2278 2855 2444 2912 fuisse
2482 2873 2548 2911 ex
2597 2858 2803 2912 rhetore
2829 2856 3076 2913 clericus.
3114 2858 3266 2926 Quod
3300 2861 3432 2915 mihi
3458 2877 3565 2918 non

1985 2947 2265 3016 probatur.
2310 2946 2366 3001 Si
2407 2948 2548 3003 enim
2571 2947 2688 3018 ejus
2731 2946 2861 3002 Vitta
2900 2956 3092 3004 auctor
3129 2949 3439 3021 signiﬁcare
3474 2967 3564 3004 vo-

1988 3035 2472 3093 luissetPhilonem
2496 3041 2561 3093 de
2596 3040 2872 3094 causidico
2901 3055 3025 3096 esse
3052 3039 3307 3095 clericum
3343 3040 3564 3106 factum,

1978 3129 2287 3199 scripsisset
2315 3130 2581 3202 κληρικὸς
2615 3129 2724 3184 ἀπὸ
2777 3132 3030 3204 ῥήτορος,
3059 3141 3152 3185 aut
3200 3134 3265 3186 ὲκ
3312 3134 3564 3205 ῥήτορος.

1977 3219 2245 3275 Caeterum
2274 3220 2585 3292 praepositio
2622 3219 2733 3275 ἀπό
2760 3223 3030 3277 interdum
3054 3222 3341 3292 partitioni
3372 3227 3564 3290 servit,

1976 3313 2274 3382 pmsertim
2305 3314 2519 3381 quando
2539 3328 2663 3368 cum
2690 3314 2927 3384 genitivo
2950 3314 3175 3383 pluralis
3198 3316 3409 3371 numeri
3431 3333 3565 3372 con-

1976 3406 2237 3476 iungitur.
2274 3404 2617 3478 Thucydides
2646 3407 2807 3463 habet
2829 3407 2899 3481 (c)
2921 3424 2935 3461 :
2958 3409 3071 3463 Kal.
3102 3409 3272 3479 ὀλίγοι
3299 3410 3407 3465 ἀπὸ
3435 3412 3564 3466 πολ-

1974 3499 2087 3554 λῶν
2130 3500 2218 3553 ἐπ’
2238 3498 2389 3553 οἴκου
2415 3500 2795 3571 ἀπενόστησαν
2817 3517 2830 3531 ·
2859 3511 2918 3556 et
2944 3499 3047 3572 (ὁ),
3072 3500 3244 3570 ὀλίγοι
3286 3504 3396 3557 ἀπὸ
3426 3504 3558 3558 πολ-

1975 3593 2082 3648 λῶν
2114 3591 2429 3664 ὲσὼθησαψ
2486 3603 2542 3648 et
2564 3593 2831 3648 Arrianus
2856 3592 2924 3665 (ε)
2951 3609 2965 3646 :
3008 3594 3140 3648 Ἀπὸ
3173 3593 3559 3668 ἑξακισχιλίων

1975 3686 2033 3749 ὲς
2059 3682 2391 3755 ὁγδοήκοντα
2410 3682 2682 3737 ἀπέθανον
2701 3696 2715 3710 ο
2748 3682 2838 3737 ubi
2862 3682 3150 3739 manifesto
3179 3666 3402 3755 apparet
3424 3666 3557 3743 usus

1976 3775 2091 3844 ejus
2125 3775 2527 3847 praepositionis
2579 3776 2631 3829 in
2692 3775 3007 3844 partitione.
3064 3775 3157 3831 Sic
3211 3778 3353 3848 apud
3406 3777 3547 3834 Mat-

1979 3870 2175 3923 thteutn
2209 3869 2225 3900 ¹
2248 3885 2264 3922 :
2291 3868 2425 3921 Τίνα
2462 3866 2645 3921 θέλετε
2673 3866 2782 3921 ἀπὸ
2813 3866 2922 3921 τῶν
2948 3867 3042 3921 δύο
3083 3867 3339 3923 ἀπολύσω
3370 3869 3497 3942 ὑμῖν
3527 3887 3545 3937 ;

1977 3959 2141 4027 Quem
2181 3959 2336 4014 uultis
2375 3961 2438 4014 de
2485 3960 2687 4014 duobus
2740 3958 2882 4014 vobis
2931 3959 3239 4014 dimittam?
3285 3961 3351 4014 Et
3402 3968 3546 4030 apud

1975 4054 2212 4109 Marcum
2239 4055 2259 4085 ²
2292 4072 2307 4108 :
2342 4050 2525 4124 Ἦραν
2546 4051 2877 4123 κλασμάτων
2901 4052 3111 4107 δώδεκα
3130 4054 3387 4124 κοφίνους
3419 4055 3553 4127 πλή-

1978 4162 2125 4217 ρεις,
2152 4145 2246 4200 καὶ
2277 4144 2389 4199 ἀπὸ
2418 4143 2528 4197 τῶν
2558 4143 2760 4215 ἰχθύων
2783 4161 2797 4175 ν
2826 4143 2897 4198 Et
2927 4145 3253 4199 sustulerunt
3289 4147 3561 4217 fragmen-

1977 4249 2150 4291 torum
2178 4235 2452 4289 duodecim
2476 4235 2742 4303 cophinos,
2772 4245 2820 4288 et
2843 4234 2907 4287 de
2925 4234 3176 4302 piscibus.
3193 4233 3393 4289 Eadem
3420 4249 3561 4304 pra:-

1975 4326 2170 4397 positio
2200 4324 2310 4379 ἀπό
2334 4324 2534 4379 dicitur
2560 4324 2725 4379 etiam
2753 4324 2822 4379 de
2862 4340 3110 4387 numero.
3135 4333 3190 4378 et
3213 4339 3312 4395 per
3352 4339 3561 4394 praepo-

1978 4420 2225 4472 sitionem
2281 4432 2346 4471 επ
2378 4416 2527 4472 reddi
2581 4415 2757 4481 solet;
2810 4426 2869 4470 ut
2916 4416 3057 4487 apud
3108 4414 3309 4471 Lucam
3346 4416 3368 4447 ³
3402 4434 3416 4472 :
3450 4418 3561 4471 Kal.

1976 4509 2339 4581 ἐκλεξάμενος
2369 4509 2466 4563 ἀπ’
2489 4507 2671 4562 αὐτῶν
2716 4507 2956 4562 δώδεκαο
2991 4506 3059 4561 Et
3087 4523 3153 4561 ea:
3196 4508 3325 4576 ipsis
3362 4507 3559 4579 eligens

1975 4604 2287 4668 duodecim;
2321 4610 2376 4657 et
2415 4602 2555 4671 apud
2596 4598 2906 4655 Joannem"
2938 4620 2953 4655 :
2990 4599 3283 4668 Ἐνέγκατε
3313 4598 3421 4652 ἀπὸ
3446 4599 3557 4653 τῶν

1976 4693 2239 4765 ὀψαρίων.
2272 4686 2348 4747 ὧν
2383 4692 2647 4746 ἐπιάσατε
2674 4691 2768 4745 νῦν
2788 4709 2802 4722 ·
2840 4691 3037 4762 A/Ierte
3076 4694 3140 4745 de
3165 4690 3395 4759 piscibus
3426 4707 3558 4760 quos

1975 4787 2319 4855 prendidistis
2366 4802 2541 4851 nunc;
2576 4795 2631 4840 et
2661 4784 2713 4837 in
2744 4784 2895 4841 Actis
2937 4783 3304 4854 apostolorum
3341 4784 3397 4837 ⁸ε
3438 4782 3559 4850 Ἐξ-

1977 4878 2281 4947 ανέστησαν
2301 4876 2358 4930 δέ
2393 4894 2537 4941 τινες
2565 4874 2675 4928 τῶν
2706 4874 2814 4928 ἀπὸ
2835 4875 2934 4945 τῆς
2960 4874 3225 4945 αἱρέσεως
3252 4871 3361 4927 τῶν
3388 4873 3558 4944 Φαρι-

1979 4969 2145 5022 σαίων
2165 4985 2180 5000 ο
2206 4967 2629 5022 Exsurrexerunt
2664 4978 2841 5021 autem
2866 4967 3082 5035 quidam
3108 4969 3173 5019 de
3200 4966 3391 5019 hteresi
3416 4964 3561 5018 Pha-

1978 5060 2290 5121 risaeorum;
2326 5057 2415 5112 ubi
2447 5056 2843 5111 observandum
2866 5070 3052 5110 vocem
3074 5056 3289 5126 αἵρεσις
3317 5054 3424 5109 vim
3460 5054 3557 5107 ha-

284 5158 399 5212 ἀπὸ
435 5156 633 5227 ὕπνου,
667 5158 776 5213 ἀπὸ
798 5156 1121 5226 σάλπιγγος.
1148 5156 1202 5210 in
1225 5154 1423 5224 quibus
1461 5161 1545 5211 est
1566 5153 1874 5225 prmpositio

1979 5153 2107 5208 bere
2145 5148 2371 5222 pluralis
2398 5150 2631 5204 numeri.
2669 5148 2724 5219 In
2775 5148 2860 5202 his
2904 5147 3171 5218 exemplis
3198 5162 3316 5215 quae
3372 5143 3559 5198 attuli-

286 5252 573 5321 temporis,
628 5258 684 5305 et
717 5261 864 5308 recte
909 5265 1009 5322 per
1060 5247 1498 5318 praepositionem
1528 5258 1642 5317 post
1677 5246 1872 5301 Latine
1908 5237 1946 5246 “
1980 5256 2121 5307 mus,
2174 5248 2322 5310 patet
2370 5238 2480 5294 ἀπό
2533 5248 2707 5295 status
2756 5237 2972 5307 pristini
3027 5238 3379 5295 mutationem
3449 5247 3557 5290 non

359 5364 376 5396 ⁸
400 5364 596 5422 Matth.
636 5383 805 5435 xxvu,
835 5367 930 5423 21.

356 5482 436 5552 (a)
460 5480 671 5557 La‘Vie
697 5483 761 5536 de
795 5481 854 5538 S.
892 5479 1167 5557 Epiphane
1299 5476 1519 5557 qualiﬁe
1555 5493 1626 5557 nn
1662 5476 1865 5557 homine

281 5549 561 5622 suint,qui
588 5553 827 5606 d’avocat
874 5561 1034 5621 agant
1078 5552 1158 5604 été
1198 5549 1295 5617 [ait
1323 5549 1526 5613 dicere,
1566 5549 1646 5616 [ut
1685 5549 1865 5615 depnis

283 5625 520 5672 nrdonné
538 5625 741 5672 éréaue-
767 5632 871 5672 etc.
908 5622 1062 5672 'l‘om.
1090 5620 1156 5672 X.
1184 5636 1239 5672 [ι.
1274 5617 1402 5672 520.

283 5620 520 5680 ordonné
538 5625 741 5692 éréque.
767 5632 871 5677 etc.
908 5622 1062 5674 'l‘om.
1090 5620 1156 5681 Χ,
1184 5636 1239 5688 p.
1274 5620 1402 5673 520.

357 5693 436 5768 (b)
466 5692 661 5749 Philan
691 5695 925 5747 d'aoocat
948 5692 1028 5762 [ut
1052 5689 1149 5760 fait
1168 5693 1366 5755 ttinere,
1403 5701 1508 5749 etc.
1536 5688 1688 5744 Tom.
1735 5687 1869 5753 Vlll,

611 5787 887 5851 Ρηιιοι..
935 5786 1052 5847 Gn.
1102 5786 1235 5846 XL.

1025 5363 1237 5420 'Marc.
1274 5378 1348 5429 Vl,
1381 5362 1472 5417 45.

1578 5362 1600 5394 ³
1630 5361 1764 5417 Luc.
1796 5358 1963 5429 VI,‘I3.

2043 5367 2066 5389 ο
2094 5356 2254 5414 Joan.
2282 5371 2398 5423 ut,
2430 5356 2531 5411 lt).
2598 5355 2620 5388 ⁵
2641 5354 2763 5411 Act.
2790 5367 2881 5422 xv,
2909 5353 2963 5411 5.

1974 5488 2029 5543 p.
2069 5471 2196 5543 489.

2049 5543 2117 5611 (c)
2148 5542 2268 5597 Lib.
2299 5558 2399 5608 vn,
2426 5542 2477 5596 in
2508 5545 2632 5597 line.

2050 5613 2281 5684 (ll).Lib.
2317 5629 2402 5677 Ill,
2434 5629 2555 5684 cap.
2594 5611 2680 5679 12,
2711 5611 2763 5665 in
2789 5611 2917 5670 line.

2055 5681 2126 5756 (c)
2161 5683 2362 5754 Expcd.
2389 5681 2539 5739 Alex.
2571 5684 2662 5738 lib.
2700 5692 2752 5748 ν,
2787 5698 2905 5750 cap.
2944 5681 3031 5735 l8.
