3878 6270
256 261 314 317 Η
1357 252 1564 309 PHILO
1602 250 1999 308 CARPASIUS
2039 250 2439 310 EPISCOPUS.
3140 261 3145 265 '
3457 253 3525 305 12

255 383 534 437 denotare.
571 378 759 451 Itaque
785 392 1002 435 sensum
1047 374 1254 447 Polybii
1286 377 1426 432 bene
1461 386 1588 433 sunt
1616 391 1839 431 assecuo
1867 382 1916 436 Α
1945 385 2111 447 atque
2169 376 2240 431 ita
2283 392 2470 432 vocem
2520 390 2664 429 .nam
2696 371 2885 428 Latine
2918 369 3097 425 reddit
3144 362 3412 422 Fabrotus
3454 366 3524 423 ad

254 476 292 528 ti
325 485 434 529 tum
467 474 559 545 qui
589 489 708 529 eam
742 470 1026 543 Epipltanii
1064 470 1238 525 Vitam
1271 470 1460 525 Latine
1504 470 1687 531 vertit,
1719 474 1835 522 tum

257 566 528 621 Meursius
582 565 682 635 (a),
743 563 1048 633 Ducangius
1101 561 1198 633 ib),
1248 561 1458 616 Caveus
1514 559 1583 632 (c)
1617 568 1671 614 et
1698 557 1834 626 alii;

256 656 349 725 qui
387 655 493 711 illis
523 654 728 719 verbis,
780 653 1043 727 κληρικὸς
1078 651 1188 705 ἀπὸ
1244 650 1508 723 ρητόρων,
1543 649 1836 721 signilicari

255 747 591 810 existimant,
640 744 921 800 Philonem
967 743 1221 797 clericum
1278 741 1447 797 fuisse
1500 741 1566 794 de
1612 753 1838 794 numero

259 839 562 901 rhetorum,
614 852 800 893 eorum
844 836 1049 891 scilicet
1078 835 1171 905 qui
1212 849 1277 889 ex
1304 834 1449 889 clero
1479 833 1728 887 rhetores
1758 832 1839 886 di-

258 930 539 983 cebantur.

331 1019 407 1073 De
444 1019 525 1074 bis
564 1018 872 1073 rhetoribus
896 1031 960 1072 ex
991 1017 1137 1072 clero
1175 1016 1328 1071 testis
1355 1026 1439 1072 est
1460 1016 1697 1074 Codinus
1724 1017 1836 1073 Cu-

258 1113 501 1180 ropalata
527 1111 630 1183 (ἀ),
684 1111 827 1180 apud
867 1125 1025 1182 quem
1061 1118 1182 1180 post
1208 1118 1318 1164 tres
1346 1109 1640 1180 Evangelii,
1689 1112 1837 1181 Apo-

258 1200 383 1257 stoli
414 1211 471 1256 et
490 1201 738 1256 Psalterii
770 1203 1039 1267 doctores,
1071 1214 1320 1268 quorum
1350 1201 1558 1268 primus
1605 1212 1838 1271 quatuor

258 1292 643 1362 evangelistas,
687 1293 956 1347 secundus
1007 1290 1277 1361 Epistolas
1310 1291 1373 1344 D.
1431 1290 1605 1355 Pauli,
1645 1293 1838 1348 tertius

227 1378 504 1435 .Psalmos
535 1379 1019 1449 interpretabatur,
1051 1379 1266 1446 ponitur
1294 1396 1351 1437 n.
1388 1381 1500 1437 ‘22:
1548 1383 1609 1435 Ὀ
1652 1383 1837 1455 ῥήτωρ

257 1471 337 1533 εἰς
362 1468 425 1522 τὸ
458 1468 908 1541 ἐρμηνεύεινοτὰς
930 1468 1179 1539 Γραφάς,
1204 1468 1402 1525 Rhetor
1430 1472 1498 1524 ad
1529 1472 1837 1542 Scripturas

255 1561 703 1628 interpretanda.
771 1560 1004 1617 Goarius
1043 1563 1230 1618 eadem
1266 1561 1442 1617 ollicia
1494 1565 1711 1635 subjicit
1771 1581 1839 1620 ex

256 1651 440 1724 Regiis
481 1668 613 1709 mss.
648 1655 742 1724 (e),
784 1655 839 1707 in
870 1653 1066 1722 quibus
1092 1654 1344 1721 habetur,
1392 1657 1420 1708 ὁ
1450 1658 1637 1728 ῥήτωρ
1669 1658 1751 1721 εἰς
1779 1656 1840 1709 τὸ

258 1745 595 1816 ῥητορεύειν,
619 1747 795 1800 rhetor
816 1746 884 1798 ad
919 1748 1198 1799 orandum.
1262 1747 1325 1802 Et
1358 1747 1689 1823 splendidam
1716 1764 1835 1803 eam
1868 1732 1911 1786 Β

257 1837 427 1895 fuisse
459 1836 770 1908 dignitatem
798 1830 1082 1894 Matthae'us
1105 1840 1405 1894 monachus
1444 1840 1664 1904 indicat,
1687 1840 1838 1911 cujus

259 1931 311 1985 in
345 1929 603 1999 opusculo
638 1929 711 1984 De
742 1930 919 2000 officiis
939 1929 1124 2000 palatii
1148 1940 1200 1985 et
1232 1928 1483 1985 Ecclesite
1532 1930 1837 1985 Constanti-

257 2021 498 2089 nopoleos
544 2020 740 2091 legitur
771 2021 821 2091 (f
835 2020 875 2091 ),
910 2021 1055 2092 Ὅρα
1082 2020 1172 2074 τὸν
1210 2020 1460 2093 λαμπρὸν
1487 2022 1711 2094 ῥήτορα,
1744 2019 1842 2074 Re-

256 2113 397 2180 spice
430 2112 687 2166 illustrem
717 2112 994 2167 rhetorem.
1046 2113 1114 2165 Et
1138 2113 1276 2181 apud
1312 2110 1556 2167 Nicetam
1604 2110 1837 2166 Chonia-

259 2217 366 2259 tam
393 2203 466 2276 (g)
495 2202 723 2260 Michael
756 2204 976 2274 quidam
1008 2212 1229 2259 vocatur
1270 2203 1363 2256 τὸν
1397 2202 1685 2275 ῥητορικὸν
1715 2201 1839 2273 θρό-

258 2310 347 2349 νον
399 2280 661 2367 κοσμῶν·
719 2310 840 2364 (ιυω
894 2294 1060 2349 verba
1100 2308 1224 2348 cum
1275 2293 1460 2363 jejune
1516 2292 1839 2347 reddidisset

257 2387 618 2460 Hieronymus
640 2387 868 2442 Wolﬁus
892 2401 987 2457 per
1015 2388 1228 2441 unicam
1257 2401 1442 2441 vocem
1474 2385 1837 2450 concionator,

258 2482 326 2537 ab
367 2480 566 2536 Allatio
601 2479 679 2547 (h)
745 2480 1112 2550 reprehensus
1149 2488 1250 2533 εει.
1304 2477 1665 2544 Quamobrem
1707 2491 1839 2531 atro-

258 2582 455 2642 nymus
498 2585 529 2625 a
562 2569 763 2626 Goario
797 2557 985 2624 editus
1024 2569 1086 2640 (i)
1124 2569 1223 2631 ait,
1252 2567 1559 2638 φιλοσόφων
1607 2566 1834 2632 ὕπατος,

261 2663 506 2736 ρητόρων
555 2662 799 2733 πρῶτος·
855 2661 921 2716 ad
953 2678 1072 2731 qua:
1122 2662 1281 2715 verba
1331 2659 1563 2716 Goarius
1614 2660 1681 2733 (j)
1725 2661 1839 2715 hate

261 2754 539 2810 adnotavit
575 2771 590 2808 :
628 2754 851 2809 Summa
873 2755 1206 2823 imperatoris
1236 2754 1401 2808 virtus
1439 2764 1536 2818 est,
1568 2764 1623 2806 ut
1655 2753 1835 2807 erudi-

259 2847 423 2902 tionis
474 2849 680 2917 copiam
712 2846 848 2900 inter
895 2846 1212 2918 loquendum
1261 2847 1457 2901 diserte
1512 2847 1677 2916 possit
1709 2863 1829 2913 pro-

259 2939 478 3009 fundere
506 2956 525 2993 :
553 2948 602 2993 et
619 2941 711 3008 jus
739 2939 1021 3009 unicuique
1042 2940 1292 3002 debitum,
1320 2948 1378 2992 ut
1404 2938 1558 3009 facile
1584 2955 1836 3009 agnosce-

259 3049 334 3096 re,
365 3033 440 3086 ita
463 3040 762 3085 constanter
788 3031 1004 3085 reddere
1034 3038 1100 3083 sit
1128 3041 1369 3101 paratus.
1400 3029 1458 3085 Si
1486 3032 1611 3099 quid
1646 3032 1832 3085 harant

258 3135 450 3178 natura
494 3124 571 3178 uel
621 3125 926 3177 exercitium
979 3123 1290 3193 denegabat,
1334 3123 1399 3177 ab
1447 3122 1569 3177 aliis
1613 3139 1834 3193 quorum

256 3214 587 3278 eruditione,
631 3213 964 3285 eloquentia,
1033 3214 1204 3284 legum
1264 3215 1451 3282 peritia
1500 3230 1562 3267 ac
1608 3216 1837 3283 justitia:

257 3322 437 3360 amore
460 3309 742 3360 duceretur
784 3315 833 3360 et
864 3304 1242 3371 sublevaretur,
1275 3321 1422 3376 opem
1452 3308 1686 3359 mutuari
1734 3321 1838 3360 non

257 3397 590 3453 erubescebat
622 3398 886 3469 quondam
922 3397 979 3450 in
1003 3394 1218 3452 Oriente
1258 3398 1582 3468 imperator:
1607 3396 1715 3451 τῶν
1750 3416 1839 3468 φι-

258 3486 536 3559 λοσόφων,
576 3488 877 3543 divinarum
922 3486 1377 3558 humanarumque
1420 3504 1595 3543 rerum
1656 3489 1839 3560 cogni-

259 3581 398 3635 tione
428 3580 719 3634 instructus
768 3578 1161 3644 eruditionem;
1203 3579 1453 3653 ρητόρων
1498 3579 1714 3653 πρῶτος
1753 3580 1838 3633 di-

258 3663 421 3725 ceudi
433 3670 769 3741 facilitatem.
805 3706 821 3725 .
865 3708 880 3724 .
918 3710 932 3726 .
982 3670 1308 3740 suggerebat.
1340 3670 1601 3727 Veniebat
1632 3671 1841 3727 scilicet

262 3764 498 3819 rhetoris
536 3764 752 3819 nomine
807 3761 1043 3833 palatina
1101 3762 1265 3817 etiam
1299 3761 1534 3833 dignitas
1575 3779 1593 3820 :
1642 3764 1729 3818 cui
1768 3765 1842 3818 si-

259 3857 402 3913 milis
433 3856 523 3911 illa
554 3855 917 3912 ecclesiastica
943 3874 957 3921 ;
983 3856 1125 3925 quod
1162 3855 1401 3910 indicant
1425 3870 1488 3910 ea
1511 3856 1670 3911 verba
1698 3872 1838 3927 quae,

258 3958 314 4003 ut
331 3964 490 4018 supra
514 3947 715 4004 dictum
749 3957 852 4014 est,
878 3947 1054 4002 attulit
1082 3945 1311 4003 Goarius
1328 3946 1399 4018 (k)
1418 3963 1448 4003 e
1471 3963 1602 4004 mss.
1636 3948 1839 4021 Regiis,

256 4043 285 4094 ὁ
319 4043 506 4116 ῥήτωρ
527 4042 610 4106 εἰς
636 4040 696 4095 τὸ
724 4040 1062 4113 ῥητορεύειν.
1097 4038 1230 4093 Nam
1264 4040 1561 4111 Evangelii,
1595 4042 1679 4097 vel
1700 4043 1843 4113 Apo-

258 4133 379 4189 stoli
427 4135 552 4204 (hoc
598 4142 682 4203 est
729 4132 1092 4205 Epistolarum
1142 4131 1207 4188 Ι).
1240 4131 1436 4204 Pauli),
1476 4133 1561 4188 vel
1591 4133 1839 4192 Psalterii

257 4228 508 4282 doctores
562 4240 748 4281 sacras
803 4226 1121 4296 Scripturas
1178 4223 1412 4280 strictim
1446 4226 1835 4295 exponebant:

257 4319 444 4375 rhetor
470 4335 599 4375 vero
636 4319 690 4373 in
729 4318 921 4374 iisdem
950 4315 1173 4372 uberius
1208 4319 1643 4387 pertractandis,
1679 4327 1734 4374 et
1771 4321 1837 4374 ad

1938 465 2185 523 Nicetam
2210 467 2279 539 (ι)
2312 485 2326 524 :
2362 470 2568 540 ῥήτωρ,
2600 470 2689 539 qui
2723 466 3032 536 Scripturas
3080 462 3253 515 instar
3296 459 3525 513 oratoris

1938 559 2273 616 ecclesiastici
2333 560 2822 629 interpretabatur;
2875 572 2996 629 quae
3044 562 3170 608 sunt
3204 552 3320 640 ipsa
3359 551 3525 604 verba

1940 652 2161 709 Meursii
2211 654 2262 708 in
2304 653 2597 709 Glossario.
2633 652 2919 708 Gretserus
2948 646 3043 720 (ιη)
3080 659 3293 715 quoque
3316 643 3384 697 ad
3415 642 3524 696 Co-

1940 745 2123 799 dinum
2160 762 2173 797 :
2211 743 2451 799 Rhetoris
2505 745 2732 813 oﬁicium
2774 752 2851 796 est
2901 736 3184 811 generatim
3215 733 3525 801 Scripturas

1939 853 2119 892 sacras
2145 837 2514 905 interpretari;
2543 847 2591 889 et
2621 835 2823 888 videtur
2848 833 2958 897 ille,
3006 845 3156 900 quem
3198 843 3290 880 nos
3309 823 3524 880 concio-

1940 936 2184 982 natorem
2209 929 2563 982 nominamus.
2618 925 2724 979 Sed
2756 922 2986 978 Allatius
3027 918 3106 990 (η)
3144 913 3525 972 animadvertit

1940 1020 2200 1073 rhetorem
2231 1019 2471 1088 patuisse
2499 1016 2664 1071 latius
2688 1030 2850 1085 quam
2886 1016 3161 1068 doctorem
3208 1005 3521 1076 Evangelii;

1939 1121 1995 1165 et
2052 1111 2297 1165 rhetores
2321 1111 2412 1179 qui
2463 1119 2731 1179 praecepta
2780 1106 2901 1161 aliis
2928 1104 3228 1166 traderent,
3263 1110 3522 1169 tanquam

1938 1200 2258 1271 eloquentiae
2283 1200 2621 1272 professores
2672 1200 2737 1253 ad
2791 1200 2841 1253 id
2894 1197 3065 1252 ferme
3112 1207 3309 1248 munus
3336 1190 3520 1246 vocari

1929 1291 2305 1350 .consuevisse.
2331 1289 2447 1345 Non
2478 1306 2666 1357 unum,
2688 1291 2780 1345 sed
2804 1289 2985 1359 plures
3008 1287 3059 1341 in
3084 1285 3325 1341 Ecclesia
3352 1282 3523 1336 fuisse

1940 1385 2191 1439 rhetores
2220 1382 2303 1437 vel
2326 1383 2416 1437 illa
2439 1384 2603 1439 verba
2638 1383 2878 1437 indicant
2909 1376 3098 1446 plurali
3132 1389 3359 1430 numero
3392 1388 3524 1427 con-

1939 1486 2094 1544 cepta
2125 1474 2190 1529 de
2229 1473 2454 1529 Philone
2488 1482 2676 1529 nostro
2707 1473 2758 1527 in
2784 1469 3067 1540 Epiphanii
3107 1465 3263 1530 Vita;
3288 1476 3342 1520 et
3367 1479 3433 1519 ex
3457 1478 3524 1518 eo

1940 1564 2179 1618 maxime
2204 1573 2437 1626 constat,
2470 1564 2610 1632 quod
2644 1577 2785 1617 unus
2833 1560 3071 1629 ipsorum
3116 1555 3320 1625 primas
3369 1561 3521 1606 tene-

1940 1666 2047 1720 ret,
2104 1664 2266 1724 atque
2320 1654 2568 1726 μαῖστωρ
2621 1653 2729 1707 τῶν
2781 1652 3053 1725 ῥητόρων,
3106 1648 3280 1720 μέγας
3335 1645 3521 1717 ῥήτωρ

1942 1758 2358 1817 nuncuparetur,
2393 1749 2459 1803 de
2508 1762 2613 1818 quo
2668 1745 2934 1802 Meursius
2966 1742 3065 1814 (0),
3103 1752 3160 1797 et
3186 1741 3392 1796 Caveus
3421 1737 3521 1808 (p),

1941 1843 2032 1910 qui
2058 1834 2189 1896 'l‘use
2217 1841 2282 1894 de
2328 1840 2553 1897 Philone
2586 1848 2776 1895 nostro
2810 1838 3099 1908 disputat;
3148 1849 3213 1888 ac
3246 1833 3299 1887 in
3331 1832 3525 1900 quavis

1940 1933 2056 1986 fere
2092 1932 2283 2001 majori
2308 1932 2538 1988 ecclesia
2570 1930 2743 1987 fuisse
2791 1930 2950 1985 docet
2982 1927 3238 1998 aliquem,
3277 1924 3367 1995 qui
3393 1924 3521 1978 rhe-

1938 2025 2074 2079 toris
2126 2041 2351 2081 munere
2393 2025 2734 2096 fungeretur,
2794 2033 2955 2092 atque
3003 2037 3068 2076 ex
3130 2021 3247 2088 ejus
3280 2017 3526 2072 ecclesia:

1941 2118 2201 2172 reditibus
2233 2118 2502 2183 aleretur;
2552 2133 2583 2171 a
2619 2130 2729 2185 quo
2770 2116 2932 2170 etiam
2955 2112 3199 2182 iuniores
3231 2109 3413 2165 clerici
3452 2108 3523 2161 ad

1940 2206 2149 2264 futuras
2177 2209 2316 2264 sacri
2344 2208 2553 2264 ordinis
2593 2207 2895 2262 functiones
2926 2202 3296 2275 promovendi,
3349 2200 3526 2255 sacris

1944 2300 2143 2356 litteris
2172 2309 2227 2355 et
2256 2300 2561 2371 disciplinis
2599 2298 2984 2355 ecclesiasticis
3011 2295 3376 2352 erudirentur.

2012 2390 2117 2444 Sed
2145 2402 2203 2443 ut
2226 2390 2291 2445 ad
2322 2388 2607 2445 Philonem
2644 2390 2951 2453 redeamus,
2985 2396 3131 2440 tanta
3181 2388 3251 2440 de
3305 2399 3370 2440 eo
3420 2382 3524 2437 fuit

1941 2482 2003 2538 S.
2035 2482 2320 2552 Epiphanii
2349 2481 2556 2551 opinio,
2592 2488 2652 2536 ut
2681 2479 2908 2534 Romam
2937 2476 3277 2548 proiecturus
3311 2475 3383 2530 illi
3428 2490 3522 2529 ac-

1939 2576 2137 2631 cersito
2168 2574 2241 2646 (q)
2262 2582 2582 2644 potestatem
2617 2572 2826 2627 dederit
2858 2568 3302 2625 administranda:
3335 2566 3523 2623 Eccle-

1945 2666 2039 2721 sia:
2058 2665 2385 2721 Constantine
2414 2683 2429 2734 ;
2454 2676 2508 2721 et
2533 2665 2579 2721 si
2612 2679 2747 2734 opus
2780 2663 2995 2727 fuisset,
3027 2661 3309 2716 ordinandi
3363 2655 3525 2715 cleri-

1938 2773 2033 2815 cos
2068 2758 2398 2825 facultatem,
2436 2767 2495 2813 ut
2530 2765 2718 2812 narrat
2759 2756 2900 2811 idetn
2935 2769 3092 2825 quem
3125 2769 3284 2822 supra
3317 2768 3523 2809 memo-

1940 2851 2202 2915 ravimus,
2226 2848 2662 2905 Rhinocurorum
2692 2847 2976 2918 episcopus
3010 2846 3283 2917 Polybius.

2010 2941 2269 2997 Novimus
2320 2944 2564 3013 quidem,
2608 2939 2733 2994 Vita
2779 2940 2867 2995 illa
2911 2938 2971 2995 S.
3000 2938 3288 3007 Epiphanii
3325 2938 3523 2993 multas

1938 3036 2202 3090 contineri
2256 3036 2494 3100 fabulas,
2525 3049 2632 3105 quo
2676 3035 2897 3089 nomine
2936 3047 2999 3088 ea
3050 3032 3204 3085 valde
3249 3031 3525 3100 diSplicuit

1936 3126 2307 3197 Papebrochio
2352 3128 2424 3201 (r)
2475 3137 2532 3183 et
2587 3125 2929 3182 Tillemontio
2980 3123 3070 3196 (s),
3110 3139 3268 3194 quem
3318 3125 3523 3195 passim

1945 3220 2037 3275 alii
2080 3229 2400 3291 sequuntur.
2435 3219 2695 3288 Dupinius
2749 3216 2902 3272 nihili
2955 3232 3073 3271 eam
3099 3218 3366 3283 aestimat;
3424 3217 3522 3274 sed

1940 3311 2059 3382 ejus
2098 3312 2399 3368 rationibus
2431 3312 2628 3381 quibus
2656 3309 2806 3364 illam
2835 3308 3057 3363 omnino
3089 3307 3435 3376 rejiciendam
3463 3308 3519 3364 in

1941 3406 2193 3462 omnibus
2222 3413 2393 3475 putat,
2419 3418 2754 3461 summorum
2789 3401 3029 3456 virorum
3058 3399 3320 3472 judicium
3352 3415 3522 3472 oppo-

1944 3499 2145 3553 nimus.
2185 3495 2320 3551 Nam
2357 3497 2535 3567 primo
2569 3512 2676 3551 non
2728 3494 2950 3550 omnino
2973 3509 3091 3550 eam
3128 3494 3520 3563 aspernandam

1940 3591 2192 3646 Petavius
2221 3591 2435 3646 censuit
2479 3588 2567 3662 (t),
2603 3590 2694 3661 qui
2723 3608 2737 3644 :
2769 3587 3040 3658 Subjecta,
3073 3588 3266 3656 inquit,
3300 3603 3331 3638 a
3367 3585 3520 3639 nobis

1940 3695 2013 3739 est
2060 3683 2343 3754 Epiphauii
2375 3681 2497 3738 Vita
2525 3724 2541 3751 ,
2602 3682 2790 3737 Latine
2846 3681 2973 3736 olim
3040 3698 3073 3733 a
3120 3677 3297 3745 Suria,
3338 3679 3518 3734 Graece

1943 3785 2118 3829 autem
2140 3791 2276 3828 nunc
2306 3774 2519 3845 vulgata
2549 3775 2801 3844 primum,
2828 3790 2890 3826 ac
2923 3771 3104 3827 multis
3132 3772 3187 3824 in
3218 3772 3343 3825 locis
3371 3788 3516 3825 reco-

1940 3865 2110 3935 gnita.
2144 3863 2275 3931 Quae
2301 3881 2605 3937 quanquam
2643 3866 2698 3918 in
2744 3865 3003 3934 plerisque
3033 3862 3230 3931 fabula:
3262 3874 3333 3917 est
3360 3880 3520 3933 quam

1940 3958 2173 4012 historice
2196 3959 2430 4027 propior,
2486 3967 2544 4011 ut
2573 3958 2892 4028 jamdudum
2936 3958 2993 4010 in
3017 3956 3317 4012 Annalibus
3346 3955 3519 4011 Baro-

1942 4052 2059 4105 nius
2089 4052 2404 4117 admonuit;
2446 4052 2545 4106 erit
2596 4062 2771 4106 tamen
2795 4051 2849 4102 in
2907 4051 3165 4106 lutulenta
3197 4053 3292 4106 illa
3327 4070 3522 4113 narra-

1942 4143 2081 4196 tione
2122 4142 2345 4213 fortasse
2389 4145 2526 4213 quod
2576 4145 2756 4200 tollere
2806 4148 2994 4215 possis.
3033 4146 3099 4198 Et
3131 4145 3328 4211 alioqui
3354 4144 3522 4199 multa

1943 4235 2170 4315 continet
2189 4250 2306 4305 quae
2322 4252 2442 4289 cum
2464 4252 2584 4290 vera
2611 4247 2914 4308 receptaque
2949 4237 3014 4290 ab
3036 4236 3276 4289 omnibus
3301 4234 3524 4315 historia

1942 4309 2287 4378 consentanea
2315 4334 2460 4379 sunt.
2483 4325 2682 4380 Deinde
2702 4341 2820 4381 eam
2854 4326 3014 4381 veluti
3049 4327 3299 4381 idoneum
3325 4309 3519 4380 testem

258 4409 435 4479 populi
465 4420 685 4480 captum
714 4407 1048 4476 explicandis
1074 4405 1472 4477 dilatandisque
1494 4409 1835 4466 versabatur.
1871 4426 1917 4485 υ
1945 4414 2049 4468 sibi
2085 4416 2354 4470 advocare
2386 4432 2573 4473 eorum
2608 4434 2728 4489 quas
2756 4417 3030 4482 dicebant,
3064 4433 3173 4472 non
3202 4418 3518 4472 dubitarunt

256 4498 620 4566 Quamobrem
662 4498 894 4553 Allatius
919 4496 959 4550 l.
984 4496 1074 4552 cit.
1100 4497 1384 4552 adnotavit
1418 4497 1673 4553 rhetorem
1699 4516 1836 4555 non-

255 4590 431 4647 nullos
462 4590 810 4661 interpretari
840 4590 1260 4643 concionatorem
1278 4605 1299 4654 ;
1337 4590 1478 4659 quod
1502 4604 1688 4645 verum
1717 4603 1837 4649 est:

348 4725 404 4795 α)
438 4724 493 4780 In
532 4722 770 4795 Glossar.

238 4778 246 4821 τ
327 4778 402 4850 lbi
438 4778 494 4850 in
523 4778 763 4850 erant.

327 4799 377 4867 (b
438 4799 494 4850 In
523 4799 763 4850 Glossar.

327 4799 402 4937 (εξ
426 4865 499 4919 De
544 4867 790 4933 scriptor.
821 4868 1111 4923 ecclesiast.
1160 4866 1376 4937 incerta:
1399 4875 1545 4937 aetat.
1600 4867 1652 4921 in
1701 4882 1837 4923 nova

266 4935 531 4991 Historia:
553 4937 850 4991 eccle'siast.
881 4941 1125 5002 scriptor.
1155 4936 1286 4992 edit.
1323 4935 1592 4991 Basileen.
1629 4952 1682 5006 p.
1717 4940 1805 4992 16.

321 5006 401 5090 (ά)
437 5005 515 5088 lie
540 5006 723 5090 officiis
749 5006 1583 5090 e_ccles_._‘anstaatinopolitanw,
1613 5005 1734 5075 cap.
1780 5010 1833 5078 l,

253 5076 506 5148 quinario
532 5076 593 5143 4,
627 5092 759 5148 pag1
773 5078 828 5144 ‘5,
859 5079 990 5134 edit.
1015 5078 1186 5132 Paris.

306 5146 393 5219 ,(ε)
415 5146 549 5219 Ibid:
576 5146 783 5219 ras??-

324 5216 391 5296 (Π
422 5216 555 5296 [W-
576 5216 697 5288 ims-
721 5216 776 5273 8.

349 5286 400 5357 9)
439 5286 680 5361 l_.ib.:vtt,
713 5288 963 5361 pag._i37
994 5288 1175 5361 Regios
1201 5286 1532 5361 edit._Paris.

349 5300 400 5357 g)
439 5300 558 5342 ιλιι).
583 5304 680 5351 vn,
713 5303 833 5358 pag.
860 5300 960 5344 137
994 5300 1175 5361 uegtre
1201 5300 1329 5344 edit.
1358 5300 1532 5342 Paris.

325 5300 404 5431 ili)
443 5356 661 5431 Prtelat.
697 5358 773 5431 ad
811 5359 1071 5430 Excerpta
1116 5362 1278 5431 ivaria
1321 5358 1556 5416 (ἔνατον.
1609 5359 1837 5431 sophist.

325 5427 391 5501 (ἡ)
420 5430 573 5501 ᾼριιιί
599 5427 885 5501 Codin_u_m,
914 5427 1036 5501 pag.
1066 5430 1155 5485 4’2.

425 5497 561 5553 Ibid.
595 5515 717 5569 pag.
749 5497 841 5566 44,
874 5497 1023 5558 nimi.
1053 5503 1108 5557 9.

325 5568 396 5641 (ιν)
418 5568 559 5641 lbid.
588 5568 641 5639 β.
670 5570 720 5623 7.
920 5604 922 5607 τ

325 5638 386 5708 (ι)
417 5640 469 5694 In
499 5638 741 5697 Clussar.
770 5644 840 5697 ad
873 5641 1116 5697 Nicetam
1150 5642 1388 5711 praefixo.

324 5716 419 5784 (in)
442 5711 557 5767 Lib.
602 5728 639 5777 ι,
682 5728 800 5783 cap.
850 5714 882 5769 8
909 5709 1191 5770 Observai.
1246 5716 1300 5767 in
1329 5711 1519 5767 Cedin.
1555 5712 1606 5767 in
1640 5709 1830 5768 Codini

1947 4506 2277 4564 Possevinus
2313 4510 2366 4564 in
2403 4513 2677 4582 Apparatu
2729 4529 2905 4578 sacro,
2937 4512 3196 4577 Ottdinus,
3235 4510 3520 4575 Meursius,

1950 4596 2295 4666 Dufresnius,
2323 4600 2571 4669 Allatius,
2609 4602 2872 4674 Lequien,
2904 4604 3207 4671 Fabricius,
3239 4602 3520 4658 Garetius.

1940 4732 2077 4809 edit.
2104 4734 2234 4809 Reg.
2256 4736 2442 4809 Paris.
2478 4752 2599 4809 pag.
2627 4740 2750 4795 168.

2011 4806 2088 4881 (η)
2126 4805 2341 4881 Ρέειξίξοι.
2372 4811 2438 4863 ad
2467 4805 2729 4870 Excerpta
2758 4807 2990 4867 Crwcor.
3022 4812 3246 4881 sophist.

2037 4875 2087 4934 oi
2124 4876 2178 4929 In
2205 4875 2450 4934 Glossar.

2012 4876 2087 5016 ἕοζ
2124 4876 2178 4929 In
2205 4876 2450 4934 Glossar.

2019 4963 2064 5020 Ap
2112 4946 2251 5020 [.oco
2272 4949 2377 5020 ubi
2398 4964 2584 5020 supra.

2009 5018 2079 5095 (9)
2114 5016 2691 5095 Meraoréitke'iatfbv
2742 5023 3142 5095 προειρημένον
3180 5023 3394 5095 Φίλωνα
3430 5022 3515 5095 τῂν

1944 5086 2267 5165 ξς-τίσζοπον,
2313 5089 2600 5165 {adﬂabat}:
2635 5086 2926 5165 ἀποδίδωσι
2963 5086 3069 5165 Ἰξὴν
3100 5093 3384 5148 αὐθεντιαν
3422 5091 3519 5161 τῆς

1956 5155 2400 5238 ’βκκλῃοίαςυτῆς
2416 5155 2848 5238 Κωνοίταντᾷίας,
2872 5179 3006 5238 qua:
3025 5155 3190 5238 barba
3200 5180 3255 5218 re
3283 5155 3521 5238 incertus

1972 5173 2400 5279 sampsucum
2416 5173 2848 5228 Ἀωνσταντείας,
2886 5179 3006 5233 qua:
3025 5173 3255 5219 barbare
3283 5173 3521 5217 incertus

1943 5239 2062 5288 ejus
2156 5237 2245 5281 ita:
2288 5240 2553 5299 Interpres
2585 5234 2803 5287 reddit:
2846 5235 3039 5305 datque
3070 5236 3118 5289 ei
3156 5236 3522 5287 auctoritatem

1941 5292 2194 5351 Ecclesia:
2228 5297 2573 5354 Constantia.
2614 5300 2733 5355 Vita
2758 5302 2817 5357 S.
2850 5303 3070 5358 Eninh..
3096 5319 3222 5358 can.
3250 5306 3341 5358 49.

2393 5317 2573 5354 anule.
2618 5317 2733 5355 γιια
2758 5317 2817 5357 δ.
2850 5317 3070 5360 Ευιιπι..
3096 5319 3222 5360 can.
3250 5317 3341 5359 43.

2038 5321 2194 5351 ut:st
2228 5321 2573 5354 uunuamtw.
2619 5321 2733 5355 Vtta
2758 5321 2817 5357 δ.
2850 5321 3070 5375 ιιριρη.,
3096 5321 3199 5376 cap

2038 5367 2083 5437 ι’)
2112 5368 2233 5437 Act.
2265 5366 2371 5437 SS.
2402 5369 2469 5423 ad
2495 5373 2635 5426 diem
2672 5387 2751 5427 χιι
2782 5372 2932 5428 Maii.

1982 5436 2083 5519 ,(ε)
2107 5436 2263 5496 Tom.
2301 5436 2369 5519 _X,
2400 5441 2683 5519 pag.}8_7,
2711 5445 2841 5499 edit.
2896 5445 3072 5501 Paris.
3098 5447 3163 5501 de
3193 5444 3251 5498 s.
3298 5443 3505 5515 Epiplta

1941 5511 2055 5570 nio.
2076 5519 2130 5562 et
2156 5520 2266 5565 not.
2294 5511 2345 5574 1,
2378 5526 2501 5579 pag.
2530 5512 2655 5568 805.

1942 5578 2080 5704 reti?
2116 5579 2275 5636 Tom.
2301 5580 2348 5636 Π
2370 5578 2533 5653 Upér’
2563 5583 2622 5640 δ’
2650 5583 2958 5657 ΕΡῘΡῙηυίί,
2991 5586 3200 5658 praefat.
3235 5584 3301 5642 ad
3347 5586 3521 5641 lecto-
