3862 6270
372 276 445 351 is
1787 287 2177 343 Pii/emno.
3563 296 3631 355 η

376 413 514 484 Quin
546 412 712 467 etiam
756 411 867 481 ipse
895 410 1274 465 Tillemontius
1312 408 1412 479 (a),
1461 408 1547 462 ubi
1584 408 1694 476 agit
1731 408 1797 462 de
1854 409 1955 461 hoc

2074 406 2232 460 iusius
2260 409 2594 477 episcopatus
2617 410 2642 460 ἰ)
2672 409 2896 464 Κάλπαι
2944 425 3064 465 uros
3098 426 3195 480 est,
3243 433 3360 487 qua:
3391 429 3439 471 et
3484 419 3633 474 Κάλο

373 523 498 578 ipso
524 504 776 560 Philonis
822 504 1239 567 commentario,
1278 502 1506 556 lidemei
1545 501 1658 554 venit
1687 500 1953 565 adhiberi,

376 615 502 654 cum
528 596 815 652 Philonem
847 596 978 650 dicit
1002 594 1245 663 Carpasii
1270 594 1602 662 episcopum.

451 692 583 757 Quae
610 704 748 744 vero
768 688 942 755 ipsum
971 686 1371 741 Tillemontinm
1432 684 1687 755 fugerant
1728 682 1797 738 de
1826 682 1961 737 Car-

382 783 553 852 pasite
574 779 868 850 episcopali
896 781 1025 833 sede
1063 787 1430 843 monumenta,
1469 793 1531 832 ea
1572 778 1779 848 primus
1800 792 1854 833 v.
1887 775 1956 831 cl.

374 873 573 928 Petrus
607 871 931 926 Frauciscns
957 870 1250 941 Fogginius
1301 870 1379 942 (b)
1416 869 1673 925 indicavit
1702 873 1962 924 adversus

375 967 693 1036 Dupinium,
727 966 817 1035 qui
848 963 1123 1033 Carpasite
1155 968 1416 1017 honorem
1469 963 1617 1017 illum
1657 963 1957 1016 ademerat.

376 1058 458 1111 Ac
476 1057 545 1111 de
574 1055 803 1110 Philone
825 1055 1081 1124 episcopo
1105 1054 1365 1123 Carpasio
1390 1068 1495 1107 non
1520 1053 1785 1107 dubitavit
1815 1052 1960 1104 Alla-

375 1148 486 1200 tius
529 1146 599 1214 (ε)
632 1146 691 1201 S.
725 1145 1077 1215 Epiphaniutn
1125 1145 1267 1215 loqui
1323 1146 1373 1198 in
1426 1142 1660 1207 Epistola
1685 1144 1753 1196 ad
1787 1141 1960 1196 Joan-

378 1252 500 1289 nem
530 1236 833 1304 episcopum
869 1234 1428 1305 Hierosolymitannm,
1468 1250 1589 1303 qua:
1624 1235 1852 1290 habetur
1880 1234 1962 1288 itt-

378 1337 464 1381 ter
495 1326 949 1397 llieronytnianas
988 1326 1248 1395 epistolas
1290 1327 1358 1380 ab
1403 1327 1519 1394 ipso
1549 1325 1881 1391 Hieronymo
1907 1326 1958 1379 in

380 1417 637 1474 Latinum
669 1433 928 1472 conversa
955 1415 1033 1489 (ά)
1064 1436 1077 1472 :
1106 1416 1245 1470 Nam
1275 1418 1449 1481 multi,
1499 1418 1577 1473 ait
1607 1418 1960 1488 Epiphanius,

381 1513 608 1578 episcOpi
633 1511 1020 1565 communionis
1044 1521 1236 1564 nostra.
1265 1520 1313 1564 et
1337 1510 1667 1581 presbyteros
1703 1513 1757 1565 in
1782 1526 1962 1565 nostra

376 1602 757 1654 ordinaverunt
777 1600 1070 1667 provincia,
1105 1617 1233 1669 quos
1261 1616 1355 1654 nos
1386 1600 1821 1669 comprehendere
1859 1620 1963 1656 non

382 1703 725 1759 poteramus;
759 1702 806 1746 et
832 1696 1084 1746 miserunt
1136 1694 1207 1747 ad
1231 1710 1323 1746 nos
1350 1696 1597 1749 diaconos
1628 1705 1673 1748 et
1706 1695 1962 1765 hypodia-

378 1800 714 1855 conos,quos
746 1786 1068 1855 suscepimus
1096 1801 1215 1837 cum
1241 1786 1421 1853 gratia
1442 1801 1461 1840 .'
1485 1795 1533 1839 et
1559 1787 1668 1850 ipse
1715 1786 1962 1840 cohorta-
1993 1766 2035 1820 Β

383 1888 471 1930 tsts
493 1892 607 1929 sum
639 1877 803 1931 beata:
830 1879 1097 1931 memoria:
1120 1874 1397 1929 Philonem
1434 1878 1732 1947 episcopum
1760 1892 1807 1931 et
1837 1895 1964 1931 san-

380 1978 527 2021 ctum
559 1968 938 2037 TheOprepum,
962 1980 1016 2023 ut
1038 1971 1094 2023 in
1121 1969 1349 2024 ecclesiis
1392 1967 1552 2039 Cypri
1580 1983 1689 2040 qua!
1730 1972 1966 2041 juxtase

384 2071 556 2124 erant,
591 2059 660 2112 ad
693 2075 820 2113 mete
856 2071 1030 2114 autem
1073 2062 1318 2129 parmcia:
1361 2063 1629 2114 ecclesiam
1660 2063 1968 2115 videbantur

386 2151 665 2216 pertinere,
683 2166 742 2204 eo
778 2152 916 2222 quod
945 2152 1164 2219 grandis
1190 2164 1319 2206 esset
1356 2164 1403 2205 et
1434 2153 1538 2206 late
1556 2164 1738 2222 patens
1757 2156 1967 2223 provin—

387 2244 497 2308 cia,
533 2243 836 2297 ordinarent
866 2245 1186 2314 presbyteros
1213 2255 1261 2297 et
1282 2243 1477 2298 Christi
1509 2244 1760 2300 Ecclesia:
1796 2249 1967 2313 provi-

388 2335 587 2386 derent.
618 2333 983 2400 Quamobrem
1011 2333 1222 2388 Cavens
1262 2334 1333 2405 (e)
1368 2336 1645 2389 scribitde
1689 2334 1913 2389 Philone
1948 2353 1962 2389 :

389 2424 470 2476 Ad
508 2421 740 2493 Cyprum
799 2423 1001 2477 delatus
1039 2425 1106 2476 ab
1148 2422 1443 2491 Epiphanio
1475 2421 1750 2491 Carpat/ti,
1778 2424 1967 2476 insula:

386 2516 553 2568 maris
590 2501 967 2569 Mediterranei
1010 2514 1074 2567 ab
1099 2513 1330 2567 Asiatico
1365 2514 1544 2567 littore
1574 2530 1677 2567 non
1712 2514 1860 2583 longe
1885 2516 1967 2566 di—

388 2608 599 2671 stantis,
631 2607 710 2660 uti
743 2606 894 2677 vulgo
932 2606 1183 2672 creditur,
1231 2608 1423 2659 rectius
1464 2622 1582 2660 vero
1612 2623 1724 2659 mea
1754 2607 1966 2677 quidem

388 2699 667 2761 sententia,
720 2697 989 2766 Carpasia:
1038 2698 1183 2750 urbis
1222 2698 1277 2750 in
1327 2695 1500 2767 Cypro
1547 2714 1649 2751 non
1692 2697 1964 2766 ignobilis,

387 2791 666 2857 episcopus
730 2789 793 2842 ob
827 2790 1082 2858 insignem
1124 2789 1334 2858 pietatis
1360 2790 1558 2856 {amant
1588 2790 1866 2842 ordinatus
1893 2802 1967 2843 est

385 2897 529 2934 anno
564 2879 687 2933 401.
717 2880 855 2947 Quin
881 2882 1036 2934 etiam
1063 2877 1389 2948 Epiphanius
1420 2878 1634 2933 Romam
1671 2881 1963 2945 discedens,

388 2970 644 3027 Ecclesia:
666 2989 778 3027 sua:
801 2970 1217 3027 Constantiensis
1249 2988 1435 3025 curam
1475 2973 1522 3026 ei
1541 2972 1825 3036 commisit,
1858 2977 1964 3027 etc.

388 3064 670 3120 Fabricius
709 3065 894 3119 itidem
930 3063 1022 3134 (Ῑ),
1078 3063 1316 3133 Lequien
1363 3062 1461 3135 (9),
1504 3064 1753 3119 Garetius
1792 3061 1866 3134 (h)
1915 3071 1970 3118 et

2060 514 2210 563 πεια,
2252 499 2477 570 Κάλπη,
2525 512 2704 565 portus
2732 504 2784 555 in
2815 502 3068 574 Bithynia
3094 510 3234 575 apud
3284 508 3631 573 Stephanum.

2057 591 2146 658 qui
2177 591 2295 642 inde
2317 590 2596 653 Καλπεὺς,
2624 592 2917 658 Καλπῖνος,
2959 596 3323 664 Καλπιτανός,
3356 618 3457 655 non
3488 604 3633 656 Ka).~

2061 682 2274 744 πάσιος,
2310 683 2622 750 gentilitium
2668 695 2757 736 aut
2800 692 3141 751 possessivum
3184 692 3428 759 deﬂectit.
3483 696 3634 765 Καρο

2062 771 2233 825 redata.
2262 771 2385 824 urbs
2414 783 2486 823 est
2525 770 2688 842 Cypri
2733 774 2983 840 Diodoro,
3015 777 3299 846 Stephano,
3352 765 3632 839 Ptolerttmo

2063 875 2370 927 memorata,
2399 862 2695 933 Xenagnra:
2734 867 3033 939 Κάρπαθος
3057 872 3216 938 dicta,
3243 875 3503 930 Demetrio
3529 878 3633 931 Sus

2063 957 2277 1010 laminio
2306 956 2616 1028 Καρϐἀσια.
2664 959 2746 1011 An
2776 963 2831 1012 in
2855 961 3025 1015 altera
3068 965 3257 1018 harum
3285 969 3515 1034 urbium,
3562 990 3631 1023 an

2063 1049 2192 1101 alibi
2236 1049 2569 1117 episcopatus
2595 1048 2752 1116 fuerit
2806 1066 2907 1104 non
2954 1053 3270 1110 divinamus.
3309 1056 3456 1113 Satis
3484 1075 3634 1114 vere-

2063 1140 2256 1194 cunde.
2276 1140 2383 1208 Ego
2414 1155 2541 1194 vero
2576 1140 2944 1220 legendutnoin
2983 1143 3201 1201 Menaeis
3227 1150 3492 1218 suspicor,
3516 1152 3639 1206 ἐπι-

2066 1230 2268 1283 σκόπου
2295 1230 2587 1299 γενομένου
2611 1228 2703 1283 τοῦ
2728 1227 3072 1303 Rapa-uolat),
3095 1246 3149 1290 et
3175 1238 3241 1293 de
3262 1239 3484 1297 Philone
3513 1225 3641 1297 Car-

2066 1323 2215 1390 pasio
2258 1322 2508 1392 episcopo
2565 1323 2675 1376 illic
2712 1324 3036 1379 nnentionem
3098 1328 3246 1397 ﬁeri;
3303 1349 3367 1386 ea
3405 1337 3634 1400 ratione,

2060 1414 2207 1482 quod
2252 1430 2319 1468 ex
2357 1415 2663 1470 nominibus
2694 1415 2937 1483 Κάλπαι,
2994 1420 3265 1487 Κάλπεια,
3302 1424 3494 1500 Κάλπη
3529 1444 3637 1484 non

2066 1504 2203 1557 bene
2235 1504 2509 1559 derivetur
2539 1505 2881 1571 Καλπάσιος.

2136 1593 2198 1649 ll.
2238 1596 2389 1661 Quod
2424 1597 2491 1652 ad
2526 1596 2768 1653 Philonis
2805 1600 3048 1670 Carpasii
3083 1604 3276 1659 attinet
3316 1609 3536 1677 scripta,
3568 1612 3642 1665 in-

2068 1699 2294 1754 certum,
2325 1706 2391 1744 an
2423 1690 2509 1745 ille
2535 1692 2605 1746 sit
2631 1690 2787 1760 cujus
2814 1695 3109 1762 fragmenta
3132 1699 3373 1767 quaedam
3395 1703 3496 1755 sub
3521 1701 3642 1757 Phi-

2065 1782 2203 1837 lonis
2233 1784 2623 1851 tantummodo,
2691 1796 2785 1839 aut
2815 1786 3052 1842 Philonis
3077 1791 3310 1859 episcopi
3338 1794 3555 1846 nomine
3589 1795 3641 1850 in

2066 1872 2292 1926 diversis
2316 1871 2535 1928 Catenis
2568 1872 2786 1929 Patrum
2847 1875 3158 1932 Grmcorutn
3200 1878 3523 1936 exhibentur
3549 1883 3640 1954 (j).

2065 1964 2272 2020 Caveus
2299 1966 2414 2020 loco
2457 1982 2616 2036 quem
2669 1983 2827 2037 supra
2855 1969 3031 2033 attuli,
3093 1980 3365 2026 auctorem
3396 1977 3644 2043 ‘suspicao

2069 2067 2154 2111 tur
2186 2072 2305 2112 esse
2346 2057 2596 2111 Historia:
2632 2061 3017 2124 ecclesiasticw,
3074 2076 3233 2130 quem
3273 2063 3457 2117 laudat
3495 2068 3642 2120 Ana-

2065 2153 2263 2207 stasius
2295 2152 2497 2206 Sinaita
2546 2153 2698 2206 initio
2739 2153 3207 2210 Demonstrationis
3254 2157 3520 2213 historica:
3578 2164 3643 2214 de

2066 2261 2257 2313 magna
2290 2254 2338 2297 et
2371 2245 2610 2314 angelica
2656 2248 2844 2299 summi
2900 2248 3186 2302 sacerdotis
3239 2250 3515 2317 dignitate,
3560 2251 3644 2304 Itis

2068 2338 2275 2390 verbis:
2306 2336 2392 2389 Ἐν
2414 2339 2480 2407 τῇ
2512 2337 3004 2407 Ἐκκλεσιιιστικῇ
3032 2341 3267 2408 ἱστορίᾳ
3291 2341 3523 2405 Φίλωνος
3548 2343 3641 2397 τοῦ

2066 2430 2351 2499 φιλοσόφου
2378 2421 2536 2501 εὗρόν
2572 2448 2626 2483 τι
2654 2431 2892 2485 τοιοῦτον
2914 2448 2928 2462 ο
2964 2432 3030 2485 In
3060 2433 3440 2489 Ecclesiastica
3470 2437 3642 2491 histo-

2070 2524 2144 2575 ria
2183 2522 2428 2576 Philonis
2467 2523 2762 2592 philosophi
2815 2525 2919 2579 tale
2947 2527 3071 2597 quid
3100 2529 3286 2599 reperi.
3332 2530 3409 2582 Ac
3445 2543 3513 2584 ne
3552 2532 3639 2584 cui

2071 2617 2263 2668 mirum
2295 2617 2538 2669 videatur
2561 2616 2630 2669 ibi
2662 2616 2941 2672 Philonem
2969 2619 3224 2689 appellari
3244 2619 3640 2690 philosophum,

2067 2705 2245 2759 subdit
2272 2724 2285 2759 :
2326 2704 2439 2760 Vox
2461 2708 2564 2760 ista
2604 2724 2706 2761 non
2735 2710 3018 2763 monachos
3051 2711 3205 2765 modo
3232 2722 3280 2764 et
3308 2715 3548 2767 urctioris
3570 2717 3646 2768 vi-

2067 2807 2134 2851 ta:
2168 2798 2389 2851 cultores
2438 2798 2686 2853 denotare
2714 2801 2886 2869 coepit,
2934 2804 3023 2854 sed
3053 2812 3101 2856 et
3152 2819 3328 2857 omnes
3357 2810 3643 2874 prtesertim

2066 2890 2120 2942 in
2174 2889 2311 2942 clero
2347 2892 2673 2954 constitutos,
2735 2894 2823 2962 qui
2876 2894 2946 2947 ad
2999 2896 3405 2950 reconditiorum
3441 2898 3645 2953 littera-

2068 2993 2182 3030 rum
2209 2978 2443 3032 studium
2473 2980 2709 3035 animum
2737 2982 3074 3050 appulerunt.
3108 2984 3212 3039 Sed
3243 2985 3359 3041 haec
3391 3004 3538 3042 mera
3562 2998 3645 3045 est

2068 3065 2252 3133 Cavei,
2286 3084 2391 3123 non
2429 3079 2602 3123 tamen
2638 3070 3004 3140 improbabilis
3027 3073 3361 3142 conjectura.

393 3159 629 3214 Allatins
659 3127 1039 3213 dissertatione
1072 3127 1232 3225 quam
1261 3127 1428 3227 supra
1445 3127 1599 3221 dixi,
1629 3157 1696 3213 de
1724 3127 1966 3211 Pliiloni-
1993 3127 2037 3186 θ
2140 3127 2291 3227 Quod
2328 3170 2509 3216 autem
2538 3162 2670 3216 nihil
2694 3127 3046 3219 dubitationis
3063 3127 3274 3220 videtur
3298 3127 3497 3223 habere
3524 3184 3649 3239 pos-

389 3255 507 3316 bus,
542 3266 664 3307 cum
694 3252 761 3306 de
794 3249 1018 3305 Philone
1051 3249 1239 3304 eadem
1271 3251 1486 3305 tradant
1526 3265 1645 3318 quas
1693 3248 1967 3319 Polybius,

390 3345 529 3400 satis
568 3344 878 3408 ostendunt,
912 3357 974 3397 ea
1005 3355 1063 3397 se
1097 3356 1196 3411 pro
1217 3342 1364 3397 veris
1398 3341 1676 3406 habuisse,
1731 3356 1849 3411 qua:
1900 3344 1968 3396 de

390 3438 509 3507 ipso
539 3436 767 3492 Philone
787 3436 1011 3507 ejusque
1033 3437 1343 3505 episcopatu
1372 3435 1423 3488 in
1456 3432 1573 3487 Vita
1596 3432 1654 3488 S.
1686 3432 1969 3502 Epiphanii

396 3542 709 3586 narrantur.
738 3528 890 3584 Hunc
915 3529 1195 3585 Philonem
1223 3530 1290 3584 de
1316 3545 1423 3600 quo
1452 3528 1610 3599 nobis
1657 3537 1742 3583 est
1764 3542 1964 3592 sermo,

393 3622 659 3693 suspicari
691 3623 813 3693 quis
855 3621 1028 3691 possit
1075 3622 1323 3677 eumdem
1352 3636 1472 3676 esse
1511 3636 1634 3675 cum
1687 3635 1751 3675 eo
1807 3637 1969 3689 quem

394 3723 698 3769 memorant
744 3729 934 3785 magna
991 3711 1193 3769 Menzea
1259 3713 1568 3769 Graecorum
1616 3712 1681 3784 ad
1716 3711 1860 3767 diem
1898 3710 1970 3765 24

389 3806 657 3871 Januarii,
687 3806 777 3861 ubi
809 3806 921 3860 haec
948 3806 1252 3860 habentur:
1286 3805 1365 3876 Τῇ
1399 3804 1538 3875 αὐτῇ
1563 3802 1745 3875 ἡμέρᾳ
1778 3802 1968 3875 μνήμη

390 3898 490 3952 τοῦ
518 3897 670 3968 ἁγίου
706 3899 980 3970 μάρτυρος
1015 3895 1394 3969 Ἑρμογένους,
1430 3895 1520 3947 καὶ
1547 3894 1729 3963 Μηνᾶ,
1758 3896 1849 3948 καὶ
1874 3893 1968 3946 τοῦ

391 3989 543 4045 ὁσίου
579 3990 792 4061 Πατρὸς
840 3988 999 4060 ἡμῶν
1037 3988 1302 4053 Φίλωνος,
1340 3985 1641 4039 ἐπισκόπου
1676 3986 1969 4057 γενομένου

392 4081 493 4135 τοῦ
543 4080 895 4135 Καλπασίουο
946 4077 1149 4135 Eadem
1188 4081 1275 4133 die
1325 4081 1750 4132 commemoratio
1803 4079 1971 4131 sancti

394 4176 644 4245 martyris
717 4173 1088 4243 Hermogenis,
1138 4156 1186 4227 et
1235 4171 1426 4237 Mente,
1475 4180 1525 4224 et
1580 4171 1747 4224 sancti
1790 4167 1969 4224 Patris

396 4264 570 4318 nostri
621 4261 862 4317 Philonis
910 4262 1137 4331 episcopi
1198 4258 1453 4325 Calpasii.
1525 4259 1641 4327 Quo
1681 4260 1797 4313 loco
1851 4258 1971 4315 Bol-

396 4358 595 4412 landus
628 4356 792 4410 allato
829 4355 897 4410 ad
956 4354 1201 4408 eumdem
1242 4355 1384 4408 diem
1442 4351 1513 4406 24
1560 4350 1804 4407 Januarii
1832 4351 1968 4405 sub-

2068 3271 2146 3321 se,
2173 3256 2388 3325 scripsit
2414 3255 2566 3310 Philo
2591 3255 2835 3325 Carpasii
2882 3259 3166 3328 episcopus
3195 3259 3337 3315 hunc
3367 3260 3461 3330 qui
3490 3261 3648 3318 modo

2069 3348 2122 3402 in
2150 3347 2421 3417 pttblicum
2450 3349 2648 3417 prodit,
2684 3351 3137 3405 commentarium
3172 3351 3229 3405 in
3264 3352 3486 3406 Cantica
3516 3370 3648 3408 can-

2068 3442 2309 3497 ticorum.
2352 3440 2419 3495 Et
2450 3441 2726 3498 Philonem
2768 3443 2917 3498 illum
2959 3446 3112 3515 cujus
3150 3447 3352 3501 mentis
3394 3459 3478 3503 est
3507 3450 3651 3518 apud

2069 3531 2370 3603 Polybium,
2401 3535 2776 3591 commentarii
2806 3536 2969 3606 huius
2997 3537 3166 3594 fuisse
3203 3548 3479 3593 auctorem
3513 3542 3647 3595 satis

2069 3626 2424 3695 comprobare
2458 3626 2730 3693 videntur,
2759 3638 3029 3698 quotquot
3057 3629 3296 3700 reperire
3333 3630 3490 3685 licuit
3512 3647 3646 3686 mss.

2070 3717 2308 3784 codices,
2344 3716 2666 3774 Mutinensis
2711 3720 2767 3774 in
2807 3719 3131 3776 bibliotheca
3177 3723 3510 3778 serenissimi
3551 3724 3649 3778 du-

2070 3809 2149 3863 cis
2188 3807 2408 3864 Mutina:
2442 3812 2911 3878 membranacens,
2973 3814 3207 3883 scriptus
3240 3815 3451 3870 decimo
3479 3832 3653 3872 sescu-

2072 3899 2123 3952 la
2145 3916 2162 3966 ;
2185 3911 2239 3955 et
2268 3900 2407 3956 alius
2436 3902 2621 3957 itidem
2650 3907 3098 3960 membranaceus
3125 3909 3263 3976 apud
3295 3907 3396 3964 PP.
3428 3908 3651 3963 Theati-

2072 4006 2169 4047 nos
2195 3992 2415 4063 Neapoli
2478 3995 2530 4048 in
2563 3996 2732 4051 Domo
2789 3996 2848 4050 S.
2881 3996 3055 4062 Pauli,
3116 3998 3270 4067 cujus
3317 4002 3436 4056 duae
3480 4004 3654 4057 tertias

2073 4095 2255 4155 partes
2309 4087 2524 4156 scriptae
2584 4088 2834 4144 videntur
2866 4076 3064 4144 Siccqu
3100 4092 3407 4156 undecimo,
3446 4093 3651 4164 reliqua

2075 4176 2231 4231 tertia
2259 4177 2458 4232 saeculo
2493 4178 2703 4233 decimo
2738 4181 2935 4245 tertio;
2962 4190 3018 4235 et
3046 4182 3136 4250 qui
3172 4194 3253 4235 est
3288 4185 3339 4236 in
3368 4184 3655 4241 bibliothes

2072 4280 2135 4319 ca
2164 4263 2456 4321 Barberina
2487 4267 2842 4337 bombycinus
2896 4284 2994 4322 xm
3025 4269 3221 4324 saeculo
3253 4282 3507 4327 exaratos
3533 4290 3549 4339 ;
3600 4284 3655 4328 et

2071 4357 2177 4411 duo
2209 4365 2453 4413 recentes
2481 4359 2849 4428 tnanuscripti,
2883 4359 3022 4413 alter
3051 4358 3368 4418 chartaceus
3405 4365 3543 4435 apud
3591 4363 3656 4418 il-

396 4448 476 4501 dit
503 4446 566 4518 (ii
591 4461 607 4500 :
630 4444 782 4500 Certe
816 4446 1077 4500 illustrem
1104 4443 1451 4515 confessorem
1476 4442 1749 4495 Philonem
1756 4443 1968 4541 episco-
2003 4484 2050 4541 Β
2075 4445 2459 4503 lustrissimum
2533 4449 2897 4505 Auximanutn
2972 4453 3281 4524 episcopum
3337 4454 3651 4524 Pompeium

396 4556 522 4610 pum
554 4538 864 4610 Egyptium
910 4539 965 4590 in
1001 4535 1241 4591 exsilium
1283 4534 1504 4604 ejectum
1554 4549 1662 4588 esse
1688 4550 1721 4586 a
1749 4528 1970 4606 Georgio

359 4686 367 4692 .
399 4633 708 4705 Cappadoce
733 4630 796 4687 S.
830 4630 1158 4684 Athanasius
1188 4628 1366 4682 scribit
1396 4627 1451 4679 in
1478 4624 1735 4696 Apologia
1753 4624 1820 4678 de
1847 4622 1972 4692 iuga

400 4741 519 4791 sua,
563 4736 612 4780 et
662 4724 717 4777 in
757 4721 994 4794 Epistola
1043 4721 1111 4775 ad
1173 4719 1469 4774 solitariam
1520 4720 1686 4770 vitam
1726 4727 1968 4786 agentes.

400 4816 489 4870 ubi
540 4816 615 4868 ait
655 4810 931 4867 Philonem
980 4822 1239 4865 retrusum
1268 4825 1377 4863 esse
1400 4806 1741 4878 Babylonem,
1779 4808 1885 4860 sive
1916 4807 1968 4859 in

398 4907 742 4975 propinquam
767 4903 1025 4975 Babyloni
1043 4904 1379 4959 solitudinem
1404 4914 1451 4957 et
1478 4902 1547 4956 ad
1578 4902 1778 4955 obitum
1807 4916 1970 4969 usque

397 4998 806 5068 persecutionem
850 5012 1097 5065 passum;
1124 5006 1177 5052 et
1204 4995 1364 5066 paulo
1388 5003 1508 5067 post
1541 5013 1555 5049 :
1590 4995 1687 5047 Ast
1715 4992 1803 5046 ubi
1831 4989 1964 5046 Cal-

475 5181 550 5253 (a)
574 5180 643 5235 Et
663 5180 882 5253 qu'elque
899 5179 1072 5253 fausse
1100 5179 1322 5253 quesoit
1345 5188 1474 5234 cette
1507 5175 1620 5243 Vie,
1652 5193 1782 5231 nous
1808 5193 1968 5253 ovans

397 5248 617 5324 quelgue
638 5248 771 5319 sitiet
798 5253 862 5304 de
882 5248 1257 5324 croireuqu’elle
1277 5266 1341 5303 ne
1369 5259 1514 5324 m_ent_
1529 5263 1623 5315 pas
1641 5263 1711 5301 en
1728 5264 1784 5324 ce
1801 5250 1967 5324 point,

400 5317 506 5377 non
525 5317 643 5390 plus
670 5317 769 5391 que
803 5322 977 5391 quand
1007 5317 1104 5375 elle
1136 5322 1230 5391 dit,
1261 5337 1361 5389 que
1391 5317 1565 5391 sabin
1596 5318 1818 5372 suceéda
1849 5317 1967 5391 ᾲξ.

399 5387 712 5463 Epiphanes
741 5387 868 5446 tom.
887 5389 957 5463 ξε
989 5402 1101 5445 not.
1130 5389 1228 5463 10,4
1251 5387 1392 5463 ius.
1414 5389 1683 5463 Epiphan.
1708 5403 1827 5458 pag.
1843 5387 1966 5463 809.

473 5464 546 5532 (b)
583 5464 883 5516 Comment.
920 5461 1180 5532 Epiphan.
1212 5461 1267 5516 in
1284 5459 1511 5515 Cantica
1545 5459 1887 5527 canticorum,
1915 5458 1970 5512 in

400 5536 612 5604 praefat.
644 5533 881 5604 pag.30.
946 5599 1059 5604 ____
1139 5602 1169 5604 η
1341 5600 1373 5604 Α,
1494 5599 1506 5604 Α
1598 5598 1631 5604 __
1820 5539 1869 5604 _'

473 5605 544 5673 lc)
575 5598 808 5657 Diatt'iha
842 5603 907 5655 de
935 5599 1246 5673 Philonibus
1288 5600 1463 5656 adhuc
1493 5598 1711 5673 inedita.
1730 5632 1798 5673 —_-
1819 5599 1975 5673 Edita

402 5671 575 5743 nuper
626 5675 682 5727 in
740 5672 1063 5743 Bibliotheca
1127 5671 1346 5728 Patrum
1391 5671 1538 5728 card.
1595 5671 1785 5743 Angeii
1830 5671 1971 5734 Maii,

401 5742 531 5805 tota.
560 5744 646 5803 Vl.
684 5744 839 5801 Eutr.
882 5742 1118 5801 PATBOL.

2077 4536 2539 4609 Compagnonum,
2590 4550 2647 4592 et
2702 4554 2853 4593 meus
2888 4539 3026 4594 alter
3073 4540 3255 4594 itidem
3300 4541 3650 4602 cbartaceus;

2074 4628 2164 4703 qui
2199 4629 2302 4684 duo
2354 4631 2611 4699 postremi
2645 4630 2742 4685 etsi
2791 4640 3053 4697 recentes,
3115 4648 3223 4688 non
3275 4640 3452 4686 tamen
3481 4647 3547 4687 ex
3588 4633 3655 4686 iis

2073 4736 2208 4790 quos
2230 4720 2412 4790 priore
2447 4720 2564 4775 loco
2591 4721 2887 4785 nominavi,
2923 4722 3176 4792 descripti
3203 4737 3322 4777 esse
3352 4723 3602 4777 videntur
3635 4766 3651 4789 ,

2072 4814 2214 4881 quod
2241 4812 2516 4881 colligitur
2546 4827 2611 4866 ex
2636 4813 2972 4867 variantibus
3005 4812 3346 4879 lectionibus,
3376 4829 3494 4883 qute
3528 4815 3653 4869 ntul-

2079 4905 2148 4958 tis
2207 4905 2260 4958 in
2324 4904 2457 4958 locis
2502 4914 2815 4958 occurrunt.
2869 4903 2986 4958 Non
3049 4915 3226 4959 tamen
3282 4906 3651 4973 dissimulabo,

2072 5010 2250 5050 meum
2285 5010 2351 5051 ex
2390 4994 2686 5050 Barberina
2724 4996 2911 5050 codice
2945 4996 3113 5051 videri
3154 5011 3274 5051 esse
3305 4998 3650 5066 descriptum.

2149 5178 2228 5250 (ά)
2272 5179 2514 5250 νιοίθόίι.
2550 5176 2716 5250 Oper.
2747 5176 2803 5250 S.
2841 5177 3062 5233 Hieron.
3104 5177 3651 5250 npvissimaAVeronre

2078 5246 2392 5374 angat,
2425 5246 2649 5305 curante
2675 5247 2958 5314 Vallarsio,
2981 5259 3110 5303 tom.
3133 5246 3175 5314 Ι,
3197 5249 3301 5303 col.
3328 5247 3455 5314 242,
3486 5251 3647 5322 epist.

2151 5359 2165 5374 .
2196 5335 2250 5371 ιι.
2313 5359 2329 5374 .
3082 5340 3087 5345 ·

2149 5359 2165 5382 ,
2196 5335 2250 5371 ιι.
2273 5335 2329 5375 2.
3082 5340 3087 5345 ·

2147 5388 2216 5459 (e)
2249 5389 2637 5460 HistorJitter.
2676 5399 2806 5444 tam.
2830 5388 2872 5460 lg,
2903 5406 3023 5460 pag.
3060 5390 3166 5460 575
3194 5389 3323 5443 edit.
3350 5388 3646 5448 Basileens.

2252 5460 2404 5536 rfotu.
2432 5459 2794 5536 lX__Bibliotlt.
2826 5458 2947 5536 Gr},
2977 5458 3098 5536 pag.

2170 5528 2219 5598 g)
2244 5528 2448 5587 Orient.
2478 5529 2674 5585 Christ.
2711 5539 2844 5584 tom.
2880 5530 2942 5591 ll,
2971 5528 3092 5598 pag.
3135 5530 3287 5584 1067.

2156 5599 2231 5670 (Ii)
2260 5599 2492 5670 Operum
2520 5601 2825 5670 Cassiodori
2858 5610 2990 5655 tom.
3018 5599 3083 5665 ll,
3120 5616 3243 5667 pag.
3270 5599 3393 5659 542.

2154 5667 2220 5742 (ij
2247 5667 2381 5742 Acta
2403 5667 3008 5742 _sanctorun_t,_1annarii
3049 5682 3177 5724 tom.
3200 5670 3264 5742 ll,
3303 5688 3424 5742 pag.
3448 5669 3569 5742 494.

2154 5739 2371 5827 tjﬂ‘ide
2400 5739 2641 5807 Eabric.,
2672 5739 2923 5797 Biblioth.
2952 5738 3049 5797 Gr.
3079 5751 3209 5799 tom.
3243 5738 3341 5809 ιχ,
3368 5738 3489 5818 ᾖδε,
3516 5740 3645 5803 252.
