3878 6270
148 312 217 369 £5
1240 303 1446 360 PHILO
1484 300 1882 360 CABPASIUS
1916 298 2315 357 EPISCOPUS.
3341 300 3407 355 16

145 428 206 481 Ili
241 439 372 480 vero
391 438 585 480 omnes
607 423 754 479 clare
789 423 933 477 hunc
960 420 1172 475 titulum
1208 419 1536 488 pra-lerunt:
1567 415 1735 471 Φίλωο
1763 422 1812 476 Α
1841 413 1991 484 tiqua
2026 413 2201 469 Graeci
2237 412 2397 481 hujus
2433 408 2807 467 commentarii
2833 410 3221 480 interpretatio.
3258 409 3407 468 lllam

151 534 239 581 νος
269 515 571 569 ἐπισκόπου
603 513 698 568 τοῦ
729 513 1055 587 Καρπασίου
1087 513 1182 567 σὺν
1210 511 1329 582 Θεῷ
1354 510 1618 583 ἑρμηνεία
1641 511 1730 574 εὶς

146 608 220 664 τά
239 610 513 681 ’ᾼσματα
536 605 656 661 τῶν
684 605 972 676 ᾀσμάτων
1003 604 1139 679 πρὸς
1163 602 1457 658 Εὑστάθιον
1488 600 1729 675 πρεσϐύ-

144 717 302 773 τερον
325 699 420 754 καὶ
445 698 706 754 Εὑσέϐιον
730 697 976 753 διάκονον
998 714 1013 728 ’
1049 697 1291 751 Philonis
1325 696 1551 765 episcopi
1597 694 1732 748 Car-

146 793 307 864 pasii,
340 791 451 846 Deo
500 791 743 860 jucante,
783 790 1051 844 enarratio
1089 789 1144 843 in
1177 787 1461 843 Canticum
1492 787 1732 840 cantico-

148 897 268 937 rum
290 882 359 934 ad
388 879 725 935 Eustathium
770 881 1124 950 presbyterum
1152 888 1201 932 et
1226 876 1514 931 Eusebium
1552 878 1733 931 diaco-

148 992 298 1030 num.
335 972 591 1029 Eamdem
639 971 808 1026 fuisse
854 971 1201 1043 epigraphem
1228 970 1372 1025 credi
1435 978 1645 1039 oportet
1678 969 1729 1021 in

147 1066 255 1120 alio
275 1064 461 1121 codice
498 1063 710 1127 Graeco,
750 1076 910 1132 quem
941 1070 1089 1117 certe
1125 1062 1322 1116 vidisse
1370 1062 1606 1116 arbitror
1627 1059 1735 1114 Lu-

148 1174 269 1214 cam
293 1156 652 1212 Holstenium.
681 1154 813 1209 Nam
849 1154 903 1209 in
954 1155 1098 1209 notis
1135 1158 1201 1207 ad
1237 1151 1622 1225 Geographiom
1643 1170 1733 1206 sa-

148 1265 292 1302 crant
322 1246 499 1303 Caroli
539 1261 569 1299 a
600 1245 657 1299 S.
686 1244 857 1299 Paulo
893 1244 994 1315 (τι),
1035 1242 1232 1313 llujus,
1287 1243 1479 1312 inquit,
1508 1242 1732 1312 (Carpa-

150 1342 266 1412 siae)
294 1341 562 1410 episcopus
604 1337 756 1391 Philo
806 1336 1151 1408 Καρπάσιος,
1202 1334 1354 1404 cujus
1400 1344 1735 1389 exstutcom-

150 1433 437 1488 mentcrius
472 1429 689 1485 Graecus
720 1446 818 1483 ms.
848 1430 900 1483 in
930 1428 1151 1483 Cantica
1191 1426 1546 1493 canticorum,
1585 1440 1735 1496 quem

151 1529 306 1600 vulgo
361 1528 497 1581 male
553 1523 918 1594 Carpathium,
967 1521 1119 1592 quasi
1157 1536 1188 1573 a
1243 1517 1508 1588 Carpatho
1562 1515 1736 1570 insula

151 1620 437 1692 appellant.
500 1619 633 1674 Cum
666 1616 945 1671 ilolsteuio
968 1614 1241 1669 consentit
1290 1612 1539 1677 Allatius,
1569 1611 1735 1683 quiin

154 1712 384 1767 diatriba
438 1715 503 1764 de
551 1694 893 1771 Philonibus,
967 1703 1177 1759 Philoni
1230 1702 1492 1772 Carpasio
1551 1702 1737 1756 tribuit

154 1800 601 1858 commentarium
637 1801 689 1852 in
721 1797 998 1853 Canticum
1019 1797 1344 1850 canticorum
1378 1810 1396 1847 :
1428 1795 1733 1856 Snecincta,
1767 1778 1823 1835 Βς

154 1892 350 1964 inquit,
383 1893 472 1947 sed
494 1891 805 1946 acutissima
850 1888 1327 1958 laudatissimaque
1360 1887 1740 1940 commentaria

153 1985 359 2055 scripsit
403 1984 459 2039 in
525 1982 807 2038 Canticum
875 1981 1205 2036 canticorum
1263 1980 1333 2032 ad
1401 1976 1741 2032 Eustathium

153 2076 510 2146 presbyterum
532 2083 579 2127 et
608 2070 892 2127 Eusebium
921 2071 1223 2125 diaconum.
1252 2069 1359 2124 Nec
1393 2068 1551 2123 aliam
1579 2084 1740 2140 quam

155 2182 286 2239 quae
310 2166 366 2221 in
396 2165 712 2221 memoratis
743 2161 1023 2220 codicibus
1054 2162 1364 2229 exhibetur,
1391 2161 1738 2233 epigraphem

155 2256 415 2313 habuisse
466 2255 675 2309 videtur
723 2252 943 2309 Graecus
997 2254 1165 2308 codex
1228 2253 1457 2308 Emerici
1524 2252 1739 2321 BigOtii.

156 2347 290 2403 Cum
325 2345 470 2402 enim
495 2344 850 2401 Cassiodorus
875 2343 1159 2414 scripserit
1197 2342 1295 2414 (b),
1324 2340 1382 2396 S.
1412 2338 1741 2411 Epiphanius

155 2440 376 2495 antistes
404 2438 627 2509 Cyprius
644 2443 807 2490 talum
832 2435 1025 2489 librum
1054 2433 1237 2490 εἶναιοο
1263 2450 1497 2488 sermone
1518 2449 1621 2487 uno
1656 2448 1744 2487 vo-

104 2590 107 2593 λ
155 2531 353 2586 lumine
377 2530 681 2597 complexus
702 2539 798 2583 est.
818 2525 977 2582 Hunc
1002 2543 1118 2591 nos,
1145 2537 1200 2581 ut
1229 2525 1385 2591 alios,
1416 2527 1471 2579 in
1497 2524 1743 2580 Latinam

156 2625 394 2695 linguam
425 2638 517 2691 per
543 2621 774 2675 amicum
825 2630 1082 2683 nostrum,
1136 2621 1310 2673 uirum
1338 2618 1743 2672 disertissimum

162 2694 515 2785 Epiphaniam
546 2712 789 2779 fecimus,
819 2710 930 2766 Deo
954 2711 1195 2780 iuvante,
1224 2694 1537 2779 transferri;
1577 2710 1747 2766 Gare-

159 2810 269 2865 tius
306 2807 373 2861 ad
406 2805 550 2861 hunc
577 2804 756 2861 locum
798 2804 941 2859 hanc
972 2814 1157 2859 notam
1189 2804 1438 2874 apposuit
1475 2819 1490 2857 :
1535 2801 1628 2856 Vel
1651 2819 1747 2872 po-

158 2905 267 2954 tius
300 2898 458 2953 Philo
489 2899 762 2953 ordinatus
791 2898 1062 2966 episcopus
1086 2894 1329 2965 Carpasii
1352 2897 1408 2950 in
1433 2896 1608 2949 insula
1639 2894 1746 2966 Cy—

159 3010 255 3063 pro
286 3010 319 3046 a
345 2990 405 3046 S.
436 2990 732 3061 Epiphanio
774 2990 1090 3046 Salaminia:
1130 2990 1388 3054 antistite,
1420 3000 1474 3043 ut
1499 2990 1556 3043 in
1579 2990 1745 3059 ipsius

1830 518 1882 558 v.
1924 504 1995 559 cl.
2039 502 2230 558 Petrus
2277 501 2599 557 Franciscus
2652 498 2944 571 Fogginius
3001 515 3144 554 anno
3188 501 3326 558 1750
3358 505 3409 558 in

1832 594 2001 648 lucem
2036 593 2229 648 estulit
2261 608 2292 646 e
2318 593 2734 647 membranaceo
2765 591 3041 648 Vaticana:
3074 591 3412 650 bibliotheca:

1832 687 2035 752 codice,
2076 685 2229 755 cujus
2267 694 2479 740 aetatem
2507 685 2786 739 existimat
2812 684 3193 741 millenariam.
3229 688 3413 742 Codex

1832 780 1921 834 ille
1950 781 2255 848 interpretis
2286 779 2500 849 quidem
2537 795 2640 833 non
2682 778 2901 833 exhibet
2931 794 3157 846 nomen;
3198 780 3291 835 sed
3317 796 3414 834 au-

1833 881 2038 927 Ctorem
2092 869 2314 942 praefert
2351 870 2411 924 S.
2472 869 2853 940 Epiphanium.
2908 869 3223 925 Hancenim
3254 872 3415 925 habet

1834 963 2239 1034 inscriptionem
2278 982 2292 1020 :
2324 962 2602 1031 Expositio
2636 962 2696 1018 S.
2733 962 3018 1032 Epiphanii
3054 963 3279 1032 episcopi
3316 962 3416 1033 Cy-

1833 1056 1915 1126 pri
1939 1057 1990 1110 in
2022 1055 2242 1111 Cantica
2278 1057 2632 1110 canticorum.
2682 1055 2832 1110 Hanc
2871 1055 3166 1110 versionem
3223 1054 3416 1127 oggi-

1837 1150 1957 1202 nius
1988 1156 2139 1218 putat
2183 1147 2252 1202 ab
2292 1147 2594 1218 Epiphanio
2624 1146 2962 1202 Scholastico
2988 1163 3110 1202 esse
3145 1149 3414 1218 οοηιροδί-

1838 1248 1967 1304 tam,
1999 1248 2051 1294 et
2080 1241 2325 1293 eamdem
2358 1240 2507 1292 illam
2533 1254 2650 1294 esse
2676 1250 2864 1296 censet
2893 1241 3413 1311 interpretationem,

1837 1348 1997 1401 quam
2032 1331 2387 1387 Cassiodorus
2414 1331 2531 1387 loco
2553 1349 2710 1403 quem
2746 1334 3024 1387 attulimus
3068 1349 3225 1402 supra
3268 1350 3416 1388 como

1840 1436 2122 1481 memorat.
2167 1424 2314 1481 lllius
2356 1427 2496 1481 tituli
2547 1428 2831 1482 veritatem
2856 1429 3073 1498 agnovit
3105 1427 3415 1484 Adrianus!

1840 1533 1977 1588 papa
2006 1518 2057 1572 in
2087 1518 2289 1588 scripto
2314 1517 2390 1572 De
2409 1519 2724 1585 imaginibus
2749 1519 2814 1572 ad
2835 1518 3084 1573 Carolum
3112 1536 3289 1590 regem
3311 1522 3413 1591 (e):

1840 1609 1907 1663 In
1974 1626 2232 1679 persona,
2292 1610 2500 1679 inquit,
2555 1609 2753 1664 Christi
2807 1621 2853 1664 et
2902 1609 3153 1665 Ecclesia:
3213 1611 3417 1666 diversa

1839 1713 2137 1757 sanctorum
2163 1700 2385 1755 Patrum
2438 1701 2688 1769 opuscula
2744 1703 2795 1756 in
2822 1703 3042 1758 Cantica
3081 1704 3416 1757 canticorum

1840 1796 2121 1863 explanata
2145 1805 2267 1850 sunt
2287 1811 2307 1849 .'
2340 1807 2388 1850 et
2421 1797 2469 1850 si
2496 1797 2706 1866 quando
2724 1796 3117 1866 intelligendum
3148 1807 3244 1864 est,
3288 1799 3421 1851 scire

1841 1890 2021 1954 uelint,
2046 1887 2104 1944 S.
2135 1888 2423 1956 Epiphanii
2449 1889 2678 1957 episcopi
2730 1886 2890 1958 Cypri
2916 1887 3234 1958 proferimus
3262 1904 3422 1958 expo-

1841 1978 2104 2043 sitionem,
2144 1979 2197 2031 in
2217 1993 2320 2048 qua
2344 1979 2482 2033 inter
2525 1977 2690 2031 multa
2716 1977 2923 2032 diuersa
2950 1979 3117 2048 inquit
3140 1994 3159 2033 :
3186 1978 3423 2035 Ostende

1843 2077 1972 2131 mihi
2002 2076 2191 2131 faciem
2230 2086 2398 2142 tuam,
2420 2086 2476 2131 et
2496 2076 2734 2131 auditam
2764 2076 2849 2130 lac
2876 2076 3007 2131 mihi
3026 2090 3207 2132 vocem
3236 2083 3419 2142 tuam;

1843 2168 1947 2223 hoc
1970 2177 2052 2223 est
2079 2183 2176 2239 per
2212 2168 2385 2240 legem
2421 2178 2477 2222 et
2512 2167 2805 2237 prophetas
2859 2183 2964 2223 non
2998 2167 3127 2222 mihi
3156 2167 3419 2237 loquaris,

1844 2259 1937 2311 sed
1971 2257 2312 2327 temetipsum
2366 2266 2536 2313 totum
2574 2258 2701 2311 mihi
2737 2257 2982 2325 ostende,
3010 2268 3056 2313 et
3093 2268 3280 2313 ca'tera
3304 2273 3424 2328 qut:

1846 2360 2148 2419 sequuntur.
2183 2345 2305 2401 llaec
2335 2361 2463 2401 vero
2518 2357 2643 2400 sunt
2672 2346 2940 2415 ipsissima
2992 2348 3178 2413 verba,
3222 2360 3341 2416 qua:
3371 2347 3425 2401 in
3467 2328 3473 2334 ’

1844 2441 2078 2495 editione
2100 2438 2429 2509 Fogginiana
2457 2441 2704 2509 leguntur
2730 2452 2854 2508 pag.
2878 2437 2983 2500 59;
3025 2437 3199 2509 iisque
3237 2438 3426 2494 Graeca

1846 2531 2172 2602 respondent
2216 2531 2268 2585 in
2323 2529 2423 2584 hac
2469 2528 2705 2584 editione
2751 2539 2934 2585 nostra
2981 2544 3135 2584 num.
3168 2529 3258 2584 Ἠ.
3314 2529 3426 2587 Nec

1848 2638 1976 2678 vero
2020 2625 2188 2677 codex
2225 2621 2314 2676 ille
2352 2619 2641 2675 Vaticanus
2672 2631 2757 2676 est
2794 2622 3018 2686 unicus;
3050 2622 3142 2677 sed
3164 2632 3341 2678 exstat
3372 2625 3424 2679 in

1846 2715 2177 2769 bibliotheca
2209 2712 2374 2783 Regia
2420 2713 2715 2768 Parisiensi
2769 2715 2908 2768 inter
2946 2712 3286 2768 miscellanea
3343 2714 3429 2768 Bi-

1847 2807 1976 2879 gotii
2013 2806 2154 2861 idem
2188 2805 2418 2860 Latinus
2448 2805 2897 2873 commentarius,
2931 2820 3091 2876 quem
3119 2821 3185 2859 ex
3214 2795 3430 2859 Vatica-

1848 2913 1918 2953 no
1945 2897 2135 2953 codice
2162 2897 2378 2968 quidam
2416 2897 2762 2969 suspicantur
2794 2910 2915 2952 esse
2939 2896 3289 2968 descriptum.
3321 2896 3428 2952 Sed

1850 2989 2005 3047 falso.
2032 2989 2170 3044 Nam
2212 2990 2264 3044 in
2290 2988 2573 3060 Bigotiano
2589 2990 2775 3046 codice
2808 2991 2956 3045 deest
2983 2989 3246 3059 prxlatio,
3267 3005 3429 3061 quam

169 3084 341 3139 sancti
374 3082 497 3139 Vita
527 3083 736 3153 legitur.
788 3081 909 3136 Vidi
946 3080 1162 3151 hujusce
1218 3083 1578 3136 commentarii
1630 3093 1746 3137 tex-
1772 3118 1815 3176 ε
1857 3082 2146 3138 Vaticanus
2171 3083 2340 3139 codex
2372 3082 2636 3151 integram
2681 3081 2860 3137 habet.
2894 3080 3128 3151 Aslquum
3153 3083 3320 3153 igitur
3348 3093 3434 3138 est

161 3187 271 3231 tum
297 3173 541 3230 Graecum
584 3176 641 3230 in
678 3175 919 3228 manibus
945 3190 995 3229 υ.
1031 3174 1101 3228 cl.
1127 3172 1358 3228 Emerici
1394 3173 1590 3244 Bigotii
1626 3190 1745 3229 cum

164 3267 516 3323 translatione
553 3264 770 3330 Latina,
811 3268 966 3336 cujus
987 3265 1072 3319 hic
1108 3265 1340 3319 meminit
1373 3263 1744 3320 Cassiodorus.

160 3360 296 3415 Cum
329 3358 610 3415 ﬂolstenio
639 3368 694 3411 et
741 3355 962 3411 Caretio
1017 3357 1347 3411 concordant
1382 3356 1665 3412 Fabricius
1694 3369 1747 3412 et

160 3450 422 3522 Lequien.
455 3450 556 3505 Hic
586 3450 730 3504 enim
768 3450 820 3504 in
853 3448 1066 3504 Oriente
1111 3448 1415 3503 Christiano
1467 3448 1537 3521 (c)
1576 3448 1751 3504 :Phi-

161 3544 325 3611 (onis,
352 3541 545 3612 inquit,
600 3541 828 3611 episwpi
859 3539 1108 3606 Carpasii
1138 3551 1306 3594 exstat
1344 3543 1748 3596 commentarius

163 3636 217 3690 in
256 3635 541 3690 Canticum
596 3637 958 3697 canticorum,
1021 3631 1170 3701 cujus
1221 3630 1414 3686 Latina
1472 3634 1749 3688 translatio

163 3727 558 3797 circumfertur,
586 3742 620 3780 α
658 3724 846 3779 erco
896 3725 1075 3778 codice
1109 3725 1395 3779 admodum
1420 3727 1745 3794 discrepans.

164 3817 459 3875 Genuinum
486 3822 602 3883 eius
631 3817 897 3887 exemplar
953 3817 1020 3871 cl.
1051 3816 1294 3887 Bigotius
1335 3817 1388 3870 in
1428 3833 1531 3870 sua
1559 3818 1748 3870 biblio-

166 3914 314 3967 theca
339 3914 598 3973 servabat,
624 3910 765 3981 quod
789 3907 971 3963 θηρία
993 3908 1278 3978 Latineque
1309 3926 1341 3961 a
1382 3925 1436 3963 se
1452 3909 1751 3977 propediem

164 4005 420 4058 edendum
453 4002 746 4058 Casimirus
774 4001 953 4069 Oudin
975 4003 1030 4056 in
1070 4018 1169 4055 suo
1201 4002 1270 4053 ad
1299 3999 1628 4054 Lubbeanam
1659 3998 1754 4053 Bi—

167 4098 472 4150 bliothecam
496 4095 854 4164 supplemento
876 4110 1019 4164 spem
1053 4093 1200 4147 nobis
1231 4093 1443 4161 fecerat.
1473 4091 1754 4148 Fabricius

169 4203 296 4243 vero
330 4187 408 4259 (ά)
466 4204 481 4242 :
533 4186 854 4250 Genuinum,
913 4185 1107 4254 inquit,
1158 4181 1400 4238 Philonis
1436 4195 1757 4237 commenta-

168 4282 308 4335 rium
339 4279 525 4335 (ἔναξεο
562 4295 590 4334 e
618 4281 796 4333 codice
842 4278 1118 4350 Bigotiauo
1168 4278 1432 4330 editurum
1464 4277 1664 4345 pridem
1702 4278 1755 4329 in

170 4390 227 4429 se
248 4373 436 4442 recepit
467 4374 546 4428 vir
577 4372 914 4426 doctissimus
934 4369 1212 4425 Anselmus
1235 4367 1541 4423 Bandurius
1576 4384 1759 4421 mona-

168 4471 296 4523 chus
313 4466 708 4522 Benedictiuus.

240 4560 425 4630 Itaque
448 4574 568 4613 cum
598 4554 851 4627 praeclara
882 4552 1122 4608 doctrina
1149 4560 1466 4620 praestantes
1485 4549 1756 4616 Garetius,

168 4652 432 4721 Lequien,
484 4649 791 4710 Fabricius,
839 4644 1151 4701 Bandurius
1209 4652 1264 4699 et
1308 4645 1416 4698 duo
1442 4642 1543 4698 viri
1577 4642 1755 4712 magni

172 4746 401 4802 Allatius
427 4753 481 4799 et
511 4740 824 4797 llolsteuius
854 4740 907 4794 in
955 4738 1057 4794 hoc
1084 4735 1446 4799 consentiant,
1477 4733 1754 4788 Philonem
1797 4764 1804 4777 ι

172 4838 490 4909 Carpasium
540 4846 820 4891 auctorem
877 4830 1044 4887 fuisse
1075 4829 1247 4887 Crmci
1277 4825 1649 4883 commentarii
1701 4826 1756 4879 in
1794 4832 1799 4835 '

174 4931 453 4986 Canticum
494 4927 844 4990 canticorum,
869 4934 924 4979 et
961 4921 1133 4977 Crteci
1163 4919 1379 4975 codices
1403 4934 1631 4989 quorum
1663 4933 1759 4972 uu-

178 5024 295 5079 titia
321 5020 390 5076 ad
441 5034 541 5075 nos
574 5017 842 5089 pervenit,
880 5014 1120 5069 Philonis
1177 5011 1425 5082 Carpasii
1469 5009 1762 5082 praeferant

177 5130 411 5181 nomen;
472 5112 616 5169 haud
647 5120 796 5167 certe
855 5109 1050 5166 iecisse
1088 5118 1288 5162 temere
1340 5106 1607 5172 videatur,
1669 5102 1759 5172 qui

182 5209 327 5264 hunc
348 5221 511 5278 quem
551 5203 749 5274 publici
772 5201 910 5273 juris
941 5199 1099 5265 iacio,
1141 5197 1609 5267 commentarium,
1641 5210 1763 5249 cum

180 5302 368 5356 iisdem
392 5298 596 5355 Graecis
623 5295 896 5351 codicibus
912 5292 1184 5356 collatum,
1208 5291 1381 5346 eidem
1404 5288 1613 5343 Philoni
1634 5287 1766 5342 Car-

180 5392 316 5464 pasii
345 5391 598 5461 episcopo
633 5386 896 5441 tribuerit.

254 5482 634 5539 Verumtamen
659 5475 1050 5550 gravissimam
1078 5472 1445 5530 dilﬁcultatem
1472 5468 1631 5527 uliert
1661 5483 1761 5525 au-

257 5619 333 5694 (a)
363 5618 481 5690 Lib.
506 5634 565 5679 ιι,
593 5630 713 5685 pag.
742 5612 869 5667 297.

256 5694 330 5756 (b)
363 5691 479 5745 Lib.
514 5688 587 5741 De
607 5682 868 5756 irtstitttt.l

279 5679 330 5760 bl
363 5685 479 5745 Lib.
514 5679 1092 5760 De'irtstitutalitterat.,
1127 5693 1246 5751 cap.
1282 5679 1335 5735 5.

255 5752 325 5827 (ri
361 5760 516 5816 Tom.
545 5760 606 5827 ll,
639 5772 757 5827 pug.
791 5752 946 5807 1067.

1804 3171 1815 3219 ῗ
1849 3174 2162 3232 existimare
2209 3173 2389 3243 plures
2410 3171 2635 3227 Latinos
2664 3171 2831 3227 fuisse
2865 3173 2992 3227 olim
3045 3174 3250 3230 similes
3278 3176 3428 3230 codi-

1848 3282 1962 3331 ces,
1992 3276 2048 3322 et
2095 3265 2329 3321 fortasse
2382 3266 2561 3321 adhuc
2602 3266 2799 3321 alicubi
2865 3267 3219 3335 delitescere;
3270 3270 3431 3339 idque

1849 3362 2015 3432 probe
2048 3359 2614 3427 animadvertendum,
2646 3376 2712 3414 ne
2752 3360 2871 3429 quis
2909 3376 2972 3415 ex
3005 3376 3070 3417 eo
3108 3363 3250 3433 quod
3294 3378 3432 3418 unus

1850 3452 2223 3507 tantummodo
2267 3462 2324 3507 et
2358 3452 2653 3521 singularis
2680 3452 3023 3509 existimetur
3062 3470 3182 3511 esse
3216 3454 3433 3511 Vatica-

1851 3561 1953 3601 nus
1991 3546 2183 3610 codex,
2232 3544 2305 3599 illi
2356 3560 2576 3615 parvam
2616 3545 2775 3600 tidem
2825 3544 3127 3602 habendam
3155 3562 3275 3602 esse
3302 3563 3436 3601 con-

1853 3637 2055 3692 tendat.
2079 3636 2212 3691 Cum
2261 3636 2422 3707 igitur
2449 3635 2699 3692 Latinum
2728 3640 3177 3694 commentarium
3222 3649 3431 3693 constet

1850 3741 1972 3784 esse
1993 3728 2165 3786 Graeci
2186 3728 2485 3784 l’hiloniani
2511 3731 2845 3792 versionem;
2870 3730 3181 3786 alterutrum
3204 3731 3432 3799 pseudo-

1851 3822 2200 3892 epigraphum
2256 3836 2376 3877 esse
2413 3832 2643 3892 oportet.
2698 3821 2848 3880 Hauc
2905 3822 3270 3878 difﬁcultatem
3335 3824 3433 3879 ha-

1856 3929 1973 3968 rum
2027 3920 2208 3968 rerum
2267 3912 2690 3984 intelligentibus
2734 3916 3116 3986 expediendam
3165 3916 3431 3986 relinquo.

1866 4007 2027 4063 Certe
2056 4008 2311 4063 Garetius
2336 4008 2428 4077 qui
2473 4009 2615 4077 apud
2649 4008 2912 4079 Bigotium
2964 4019 3251 4080 utrmnque
3282 4011 3433 4077 \‘itill,

1872 4099 2321 4153 commentarium
2345 4097 2591 4155 Graecum
2625 4112 2679 4155 et
2712 4100 2985 4168 Latinum,
3030 4105 3228 4157 nodum
3273 4103 3437 4157 auda-

1856 4199 1972 4245 cter
2037 4200 2283 4262 amputat
2339 4202 2396 4249 et
2451 4193 2668 4265 oblique
2709 4195 3017 4250 Cassiodori
3067 4196 3436 4250 testimonium

1857 4284 2077 4337 videtur
2098 4281 2351 4353 rejicere,
2384 4283 2753 4356 lectoremque
2792 4287 3179 4357 propemodum
3224 4287 3278 4340 in
3317 4302 3437 4341 eam

1863 4374 2132 4429 adducere
2163 4372 2588 4441 dubitationem,
2613 4384 2794 4429 utrum
2842 4374 3174 4444 Epiphanius
3211 4374 3440 4428 antistes

1790 4474 1833 4529 Ῑ)
1861 4462 2093 4533 Cyprius
2135 4462 2588 4518 commentarium
2656 4460 3042 4533 conscripserit
3089 4460 3325 4532 aliquem
3386 4460 3442 4514 in

1867 4554 2141 4609 Canticum
2178 4555 2523 4608 canticorum.

1942 4646 2080 4715 Quid
2109 4647 2155 4702 si
2190 4648 2484 4702 contendat
2542 4645 2736 4714 aliquis
2764 4644 3025 4700 memoria
3067 4641 3274 4712 lapsum
3309 4640 3443 4696 Cas-

1864 4739 2166 4802 siodorum,
2212 4753 2310 4807 pro
2341 4737 2568 4792 Philone
2620 4735 2901 4806 Epiphanii
2931 4734 3122 4803 aequali
3159 4742 3214 4788 et
3244 4733 3443 4796 amico,

1867 4827 2222 4897 Epiphanium
2252 4825 2540 4896 posuisse?
2565 4824 2701 4893 Quid
2738 4825 2781 4880 si
2803 4824 3042 4880 codicem
3067 4839 3227 4893 quem
3256 4823 3445 4879 habuit

1865 4918 2248 4985 Cassiodorus,
2285 4928 2344 4973 ut
2379 4919 2583 4989 majore
2610 4919 2784 4989 pretio
2813 4916 3034 4986 dignum
3067 4914 3269 4971 faceret
3297 4930 3448 4970 ama-

1868 5013 2109 5079 nuensis,
2152 5011 2437 5081 Epiphanii
2469 5025 2679 5082 magnae
2712 5009 2873 5064 fama:
2903 5024 3098 5064 nomen
3133 5024 3231 5080 pro
3253 5000 3453 5093 obscu-l

1868 5101 2013 5155 riore
2040 5098 2282 5155 Philonis
2314 5100 2531 5154 nomine
2560 5099 2632 5153 illi
2664 5096 2982 5168 inscripsit?
3008 5101 3071 5153 Et
3102 5098 3446 5155 consuevisse

1871 5193 2089 5264 quidem
2140 5190 2413 5255 librarios.
2469 5201 2525 5245 ut
2562 5191 2642 5246 vel
2698 5193 2948 5262 peritiam
2983 5193 3067 5247 vel
3115 5190 3448 5261 diligentiam

1873 5283 2318 5338 commendarent
2368 5297 2546 5349 suam,
2598 5284 2689 5352 qui
2737 5285 2952 5340 codices
3011 5283 3097 5340 vel
3135 5285 3339 5339 nullum
3368 5282 3450 5336 vel

1872 5374 2118 5446 ignotum
2152 5375 2510 5431 obscurumve
2547 5375 2865 5445 praeferrent
2890 5386 3186 5441 auctorem.
3220 5376 3288 5431 iis
3317 5373 3451 5430 iusi-

1871 5482 1978 5539 gne
2008 5466 2238 5538 alicujus
2280 5467 2511 5526 celebris
2557 5470 2844 5541 scriptoris
2906 5483 3103 5525 nomen
3151 5467 3451 5541 praeﬁgere,

1938 5603 2016 5674 (d)
2046 5601 2189 5674 Luco
2213 5620 2375 5674 supra
2406 5606 2498 5660 cit.

1940 5673 2012 5748 (e)
2049 5673 2207 5732 Tom.
2234 5673 2299 5733 IV
2330 5674 2533 5732 Cortcil.
2568 5674 2853 5743 liarduini,
2878 5675 2983 5732 col.
3011 5674 3113 5732 783
