3878 6270
302 339 362 393 l7
1431 373 1434 375 λ
1700 338 2092 394 ΡΒᾹΞἘἌἸΊΟ.
3475 338 3542 394 l8

297 454 624 516 notissimum
649 461 733 508 est
762 453 1016 509 omnilms
1063 453 1154 523 qui
1186 452 1271 508 vel
1293 452 1485 508 leviter
1513 453 1616 509 hoc
1654 455 1860 510 studio-
1887 459 1936 517 Α
1965 463 2350 510 commentum.
2379 453 2731 524 Carpathium
2776 468 2902 509 vero
2929 461 2986 510 et
3011 454 3457 510 commentarium
3485 456 3540 509 in

300 563 408 601 rum
428 562 595 614 genus
629 546 930 614 attigerint.
966 545 1174 615 Lapsus
1204 559 1333 600 vero
1371 545 1648 602 memoria:
1677 546 1730 601 in
1760 562 1858 601 au-

295 639 524 694 ctoribus
594 638 938 692 nominandis
1004 636 1280 705 complura
1367 637 1545 691 aﬂerri
1638 647 1862 707 possunt

304 730 556 796 exetnpla.
585 729 858 784 Melchiori
890 729 1037 784 Cano
1061 729 1160 800 (a),
1183 728 1517 783 etGarnerio
1550 729 1646 800 (b),
1681 730 1853 799 suspi-

293 826 371 878 cio
399 822 496 878 fnit
520 823 843 892 Gregorium
868 822 1116 893 Magnum
1144 821 1216 891 (ε)
1234 837 1328 892 pro
1360 821 1660 877 Sozomeno
1681 823 1859 879 Theo-

293 917 521 970 doretum
577 915 860 985 posuisse;
889 913 954 968 de
1000 929 1106 983 quo
1157 915 1430 968 memoria:
1492 914 1636 983 lapsu
1674 915 1859 970 Fabri-

292 1010 400 1064 cius
427 1008 505 1076 (d)
537 1023 641 1062 non
681 1007 1011 1076 suspicatur,
1053 1007 1148 1061 sed
1181 1024 1283 1060 non
1331 1007 1543 1059 dubium
1579 1024 1688 1061 esse
1714 1006 1858 1060 alIir-

293 1110 411 1164 mat,
440 1099 758 1170 Gregorium
796 1099 1030 1155 voluisse
1081 1097 1478 1153 Theodoretnm
1531 1115 1628 1168 pro
1687 1101 1857 1155 δοιο-

293 1205 440 1246 meno
477 1192 678 1247 dicere.
723 1192 842 1259 Quo
877 1193 930 1246 in
958 1191 1078 1248 loco
1110 1191 1344 1247 Fabricii
1375 1193 1525 1259 plura
1559 1193 1667 1248 alia
1700 1209 1860 1264 repe-

292 1285 391 1338 rias
422 1283 684 1353 ejusmodi
722 1285 910 1354 lapsus
958 1283 1229 1354 exempla.
1277 1285 1340 1339 Et
1377 1295 1528 1340 certe
1567 1296 1673 1341 tam
1716 1301 1857 1356 saepe

291 1375 335 1428 id
365 1376 581 1440 accidit,
628 1387 682 1431 ut
716 1377 781 1432 de
834 1375 1139 1444 huiusmodi
1184 1376 1447 1444 exemplis
1493 1377 1858 1449 Hieronymus

293 1469 625 1525 Tartarottus
652 1470 720 1540 (ε)
745 1469 940 1524 librum
985 1471 1100 1524 sive
1131 1470 1568 1525 dissertationem
1591 1472 1858 1527 conlicere

290 1561 538 1626 potuerit.
573 1560 839 1615 Praeterea
897 1570 950 1614 et
989 1560 1114 1614 illud
1171 1559 1368 1628 aliquis
1402 1575 1595 1630 urgere
1645 1562 1851 1631 possit;

289 1652 418 1719 quod
441 1666 540 1704 nos
570 1650 638 1704 ad
687 1649 1094 1718 explicationem
1147 1649 1519 1704 Philonianam
1568 1667 1718 1722 num.
1748 1651 1856 1706 222

287 1741 676 1806 adnotavimus,
701 1756 808 1808 quo
832 1741 883 1794 in
913 1739 1028 1794 loco
1059 1739 1256 1794 locutio
1279 1742 1545 1810 reperitur
1565 1740 1630 1794 de
1651 1740 1852 1808 Verbo,

287 1849 438 1901 quam
486 1833 821 1903 Epiphanius
877 1833 1066 1887 haeresi
1100 1848 1307 1899 Lxxvn,
1341 1847 1490 1886 num.
1518 1833 1609 1897 29,
1639 1832 1854 1888 videtur
1884 1812 1926 1866 Β

286 1926 634 1996 improbasse.
670 1925 778 1980 Nec
824 1925 1018 1994 aliquis
1052 1924 1284 1980 fortasse
1330 1925 1584 1988 defuerit,
1611 1927 1702 1994 qui
1769 1940 1854 1980 re-

285 2017 511 2086 spiciens
543 2017 609 2070 ad
641 2017 949 2071 Cassimlori
1007 2015 1298 2072 Chronicun
1325 2025 1380 2070 et
1404 2014 1744 2083 Tripartitam
1767 2017 1852 2070 hi—

284 2112 512 2175 storiam,
539 2111 804 2178 judicium
854 2110 968 2179 ejus
1001 2111 1302 2175 desideret;
1355 2110 1439 2164 cui
1478 2120 1759 2178 propterea
1799 2110 1850 2164 in

287 2201 396 2258 aliis
427 2217 649 2271 quoque
676 2203 836 2255 rebus
887 2202 938 2254 in
969 2200 1163 2269 quibus
1194 2201 1382 2255 critica
1413 2210 1497 2254 est
1556 2215 1706 2270 opus,
1747 2215 1850 2254 non

288 2304 446 2348 tutum
476 2309 602 2347 esse
634 2294 931 2348 arbitretur
950 2294 1168 2347 omnino
1196 2293 1377 2345 lidere.

351 2387 452 2443 Sed
489 2387 852 2457 Epiphaniani
904 2376 1279 2442 commentarii
1317 2384 1715 2439 eruditissimus
1734 2383 1850 2438 edi-

287 2486 363 2532 tor
382 2479 447 2533 ad
488 2479 632 2532 hanc
662 2478 1043 2531 removendam
1085 2474 1443 2530 dilﬁcullatem
1479 2475 1638 2530 aliam
1669 2475 1851 2544 ingre-

283 2571 418 2626 ditur
447 2570 592 2624 viam
638 2586 653 2623 :
703 2567 966 2633 Primum,
1032 2569 1478 2622 connnentarium
1530 2567 1760 2636 aliquem
1796 2567 1853 2620 in

284 2656 547 2713 Canticum
581 2659 904 2711 canticorum
951 2673 979 2711 a
1033 2655 1255 2710 Philone
1301 2657 1551 2726 quapiam
1581 2659 1852 2725 composi-

285 2756 383 2802 tum
406 2747 562 2803 facile
586 2747 860 2803 concedit.
882 2747 1090 2802 Etsane
1109 2745 1306 2800 Suidas
1323 2749 1374 2801 in
1409 2746 1600 2802 ιεπὶεο
1620 2765 1638 2802 :
1656 2749 1850 2817 Φίλων,

280 2842 366 2905 ait,
386 2838 706 2912 Καρπάθιος
737 2839 975 2911 ἔγραψεν
998 2838 1296 2911 ὑπόμνημα
1319 2841 1405 2904 εὶς
1427 2838 1493 2892 τὸ
1514 2835 1715 2910 ᾋσμα
1735 2839 1854 2894 τῶν

281 2933 558 3003 ᾀσμάτων
582 2947 599 2962 ⁸
643 2929 800 2986 Philo
837 2931 1152 2998 Carpathius
1188 2931 1395 3000 scripsit
1423 2932 1851 2986 commentarium

281 3028 327 3078 in
342 3026 625 3080 Canticum
651 3023 1002 3078 canticorum.
1018 3023 1282 3077 Praeterea
1301 3022 1525 3078 Cosmas
1543 3023 1849 3093 Egyptius,

1965 561 2088 603 cum
2121 545 2317 600 librum
2347 545 2650 617 scripsisse,
2682 555 2738 600 et
2777 545 2928 615 plura
2984 562 3052 602 ex
3078 545 3360 617 Epiphanii
3391 561 3541 602 com-

1963 640 2234 694 mentario
2266 649 2515 703 excerpta
2548 637 2601 692 in
2636 652 2792 692 suum
2827 639 3296 702 commentarium,
3328 639 3379 693 in
3425 638 3541 707 epi-

1969 742 2148 788 lomen
2186 734 2422 793 redacta,
2463 731 2778 787 inseruisse.
2809 730 3008 786 Verum
3056 731 3389 801 probandum
3424 730 3537 785 fue-

1965 838 2048 880 rat
2079 827 2253 895 primo
2284 835 2496 881 exstare
2522 827 2751 896 aliquem
2775 835 2867 880 aut
2886 826 3160 881 exstitisse
3189 825 3288 879 sub
3318 826 3536 881 nomine

1964 919 2208 974 Philonis
2244 918 2296 972 in
2330 917 2548 972 Cantica
2591 918 2915 971 canticorum
2963 915 3229 978 eiusmodi
3255 930 3536 970 commen-

1962 1013 2179 1078 tarium,
2215 1011 2306 1083 qui
2335 1010 2592 1080 pleraque
2635 1011 2734 1078 ipsi
2763 1008 2969 1064 Philoni
2999 1008 3213 1076 prepria
3240 1017 3295 1061 et
3326 1007 3394 1061 ab
3422 1004 3538 1075 ejus

1960 1105 2176 1176 ingenio
2234 1103 2471 1172 profecta
2509 1102 2828 1165 contineret,
2883 1109 2937 1154 et
2985 1103 3052 1154 ab
3084 1100 3148 1154 iis
3176 1099 3386 1153 diversa
3416 1113 3537 1167 qua:

1961 1198 2012 1252 in
2043 1197 2418 1267 Epiphaniano
2440 1193 2830 1250 commentario
2858 1192 3220 1260 reperiuntur.
3246 1191 3448 1245 Deinde
3472 1203 3534 1243 ea

1959 1288 2152 1343 afferre
2209 1305 2344 1358 opus
2378 1288 2573 1350 fuerat,
2635 1301 2756 1355 qua:
2792 1284 2944 1340 Philo
2981 1299 3048 1338 ex
3086 1282 3383 1352 Epiphanio
3438 1295 3536 1334 ex-

1957 1389 2141 1448 cerpta
2168 1379 2219 1432 in
2249 1393 2404 1432 suum
2458 1373 2903 1430 commentarium
2937 1371 3022 1427 vel
3065 1372 3343 1426 decurtata
3370 1369 3451 1423 vel
3481 1369 3534 1426 in

1957 1471 2332 1539 compendium
2394 1469 2608 1524 redacta
2652 1465 3009 1520 transtulerit.
3063 1464 3169 1519 Sed
3215 1463 3301 1517 vir
3345 1462 3536 1518 doctus

1957 1573 2206 1618 neutrum
2240 1572 2498 1632 praestare
2526 1563 2717 1630 potuit.

2030 1654 2141 1709 lmo
2172 1669 2298 1709 vero
2326 1656 2369 1709 si
2392 1654 2566 1709 Graeci
2597 1651 2973 1709 commentarii
3009 1650 3162 1721 copia
3207 1648 3281 1704 illi
3316 1649 3529 1712 fuisset,

1956 1745 2208 1813 profecto
2231 1745 2658 1814 Epiphanianum
2691 1741 3142 1798 commentarium
3166 1740 3531 1810 perspexisset

1954 1837 2200 1892 Latinam
2234 1853 2356 1893 esse
2409 1836 2710 1892 Philoniani
2769 1835 2941 1889 Grmci
2999 1833 3339 1896 versionem;
3373 1842 3426 1884 et
3476 1830 3530 1882 in

1954 1929 2141 1984 Gra2co
2168 1930 2354 1983 eadem
2382 1929 2539 1997 plane
2563 1929 2677 1982 loca
2711 1927 2997 1996 reperisset
3031 1927 3260 1995 integra,
3297 1937 3416 1991 qua:
3447 1921 3534 1976 ille

1953 2029 2157 2073 catenae
2191 2018 2404 2072 Meursii
2437 2027 2492 2070 et
2524 2016 2793 2072 Vaticana!
2849 2015 3012 2068 nimis
3046 2013 3309 2075 conlisus,
3338 2011 3530 2066 existi-

1957 2109 2122 2161 mavit
2177 2107 2449 2163 Philonem
2488 2106 2626 2161 facta
2684 2105 2930 2160 breviora
2981 2106 3033 2158 in
3082 2100 3530 2158 commentarium

1953 2215 2107 2255 suum
2139 2200 2490 2270 compegisse.

2025 2291 2238 2346 Primus
2280 2292 2423 2346 enim
2475 2291 2626 2345 locus
2672 2299 2758 2346 est
2787 2288 2858 2360 (Ις)
2889 2287 2979 2358 qui
3025 2286 3220 2356 legitur
3252 2286 3303 2338 in
3338 2282 3534 2338 Latino

1954 2387 2341 2442 commentario
2401 2385 2568 2456 p.1l,
2619 2384 2714 2438 lin.
2747 2384 2834 2446 l9,
2881 2398 3040 2454 quem
3107 2381 3326 2436 totidem
3351 2377 3534 2434 verbis

1953 2478 2107 2534 aﬂert
2136 2493 2204 2533 ex
2263 2477 2487 2534 Philone
2521 2479 2749 2534 Cosmus
2782 2476 3067 2547 {Egyptius
3125 2474 3212 2545 (ί).
3275 2471 3379 2528 Sed
3425 2486 3532 2527 non

1955 2582 2102 2626 recte
2120 2585 2185 2626 ea
2211 2580 2296 2626 est
2318 2569 2712 2640 argumentatio
2730 2568 2985 2624 conclusa
3030 2585 3046 2622 :
3077 2566 3133 2620 In
3155 2563 3525 2635 Epiphaniano

1953 2663 2345 2719 commentario
2365 2677 2429 2718 ea
2466 2661 2708 2718 Philonis
2731 2660 2896 2717 verba
2916 2659 3108 2715 Latine
3147 2657 3353 2713 reddita
3378 2669 3531 2723 repe-

1955 2757 2184 2810 riuntur.
2215 2754 2364 2810 Philo
2420 2755 2585 2825 igitur
2633 2769 2696 2809 ea
2741 2768 2810 2810 ex
2861 2751 3162 2822 Epiphanio
3211 2747 3526 2816 desumpsit.

1954 2847 2059 2903 Sed
2090 2849 2265 2903 solum
2315 2846 2437 2902 inde
2480 2846 2783 2913 coniicitur,
2818 2845 3004 2900 eadem
3051 2843 3212 2899 verba
3270 2840 3430 2895 unius
3474 2847 3531 2892 et

1953 2937 2192 3006 ejusdem
2226 2952 2349 2993 esse
2376 2937 2634 2992 auctoris
2659 2950 2752 2992 seu
2784 2933 3041 2998 Philonis,
3079 2947 3172 2988 seu
3209 2928 3530 3000 Epiphanii;
3563 2971 3566 2975 .

1952 3038 2008 3083 et
2035 3029 2216 3082 verius
2252 3025 2518 3092 Philonis,
2553 3025 2708 3096 cujus
2756 3023 3201 3080 commentarium
3231 3020 3284 3075 in
3320 3017 3531 3074 caeteris

282 3114 653 3214 Ϊοροςναριιὶω
686 3114 1002 3170 Christiana:
1023 3115 1116 3168 lib.
1146 3131 1175 3167 x
1209 3114 1298 3184 (ι’).
1329 3116 1432 3168 tria
1463 3115 1574 3168 loca
1603 3115 1756 3169 aﬂ'crt
1782 3130 1846 3171 ex
1879 3153 1924 3214 ο
1957 3121 2196 3190 partibus
2230 3119 2286 3173 in
2317 3119 2686 3188 Epiphaniano
2723 3118 2968 3172 videmus
2997 3115 3186 3170 Latine
3231 3125 3531 3182 repraesen-

279 3201 488 3260 Philone
512 3203 828 3272 Carpathio.
854 3204 967 3260 lluc
991 3205 1216 3264 accedit,
1242 3205 1384 3274 quod
1411 3205 1461 3258 in
1491 3215 1679 3259 catena
1703 3205 1852 3261 Grae-

281 3312 336 3348 ca
359 3296 580 3350 Meursii
613 3295 923 3349 Graecorum
954 3293 1057 3348 PP.
1086 3295 1140 3347 in
1168 3293 1386 3348 Cantica
1421 3297 1764 3358 canticorum,
1799 3306 1852 3351 et

283 3387 329 3441 in
379 3396 571 3441 catena
624 3383 808 3439 Gra'ca
853 3382 1109 3438 Vaticana
1139 3373 1412 3453 gProcoliii
1461 3382 1636 3439 Gazaei
1700 3385 1848 3454 plura

282 3480 575 3549 fragmenta
606 3491 672 3532 ex
702 3474 925 3530 Philone
964 3473 1295 3541 aﬂ'eruntur;
1327 3484 1385 3527 ut
1436 3490 1540 3529 non
1587 3475 1720 3528 satis
1751 3473 1852 3528 mi-

285 3570 380 3624 rari
446 3582 652 3638 queam
692 3565 952 3620 Jacobum
1015 3566 1064 3619 le
1111 3565 1260 3637 Long
1309 3567 1484 3620 virum
1549 3567 1852 3623 eruditione

284 3669 649 3729 praestantem,
692 3659 783 3713 ubi
840 3658 950 3726 agit
995 3657 1061 3712 de
1090 3659 1483 3712 connnentario
1516 3658 1569 3710 in
1630 3657 1850 3712 Cantica

283 3754 624 3816 canticorum,
651 3750 933 3819 scripsisse
966 3748 1040 3820 (g)
1072 3768 1085 3803 :
1137 3747 1295 3802 Philo
1339 3750 1610 3817 Carpat/iii
1649 3752 1849 3818 episco-

285 3862 370 3913 pus
391 3847 449 3900 in
482 3843 662 3915 Cypro
692 3855 879 3896 auctor
907 3844 1292 3912 supposititius.
1327 3840 1459 3894 Nam
1481 3842 1649 3920 lilium
1690 3843 1853 3912 Dupi-

282 3942 418 3994 nium
467 3941 563 4010 qui
613 3938 754 3994 idem
801 3946 1070 3999 senserat,
1124 3951 1229 3990 non
1288 3935 1444 3990 modo
1497 3936 1854 4006 castigaverat

281 4031 511 4090 Oudinus
541 4031 621 4104 (It)
647 4029 943 4094 aﬂirmans,
981 4045 1101 4082 eum
1138 4029 1238 4082 sibi
1251 4021 1434 4082 uideri
1461 4030 1684 4081 absurde
1710 4028 1849 4096 falli,

283 4141 387 4178 cum
415 4125 582 4194 hujus
604 4135 712 4176 tum
735 4123 1028 4190 scriptoris,
1057 4132 1165 4172 tum
1206 4121 1562 4172 commentarii
1601 4122 1851 4173 memine-

283 4219 380 4271 rint
403 4228 452 4272 et
480 4217 835 4271 Cassiodorus
866 4225 912 4268 et
955 4213 1179 4276 Suidas,
1222 4213 1408 4282 quibus
1443 4212 1704 4268 elevandis
1730 4213 1852 4266 Elia

284 4309 492 4364 idoneus
530 4309 716 4379 (verba
764 4316 889 4362 sunt
928 4307 1098 4376 ipsius
1149 4305 1370 4374 Oudini)
1428 4306 1553 4358 mihi
1594 4322 1704 4360 esse
1749 4324 1852 4360 non

282 4401 491 4455 videtur.
565 4399 673 4455 Sed
702 4400 866 4454 etiam
921 4398 1132 4468 Dupinii
1174 4397 1491 4453 ratiunculis
1531 4399 1743 4454 abunde
1765 4415 1852 4454 sa-

1958 3223 2146 3267 tatum.
2179 3210 2287 3265 Sed
2310 3219 2597 3280 antequam
2628 3209 2853 3264 ulterius
2885 3207 3311 3278 progrediamur,
3351 3201 3532 3258 admo-

1952 3305 2160 3360 nendus
2183 3315 2266 3359 est
2293 3304 2457 3360 lector
2488 3304 2660 3358 locum
2693 3304 2840 3357 illum
2879 3317 2910 3355 a
2955 3303 3148 3356 Cosma
3171 3297 3425 3368 [Egyptio
3451 3295 3534 3352 al-

1952 3397 2140 3462 latum,
2175 3397 2388 3466 aliaque
2413 3396 2579 3452 multa
2606 3396 2856 3452 eumdem
2891 3395 3068 3450 locum
3094 3391 3450 3462 prtecedentia
3476 3400 3532 3444 et

1950 3491 2355 3559 subsequentia,
2385 3504 2506 3560 qua:
2535 3489 2587 3543 in
2629 3488 3000 3559 Epiphaniano
3033 3485 3423 3543 commentario
3449 3482 3528 3539 le-

1950 3592 2152 3654 guntur
2186 3598 2308 3653 pag.
2334 3582 2388 3648 7,
2419 3581 2472 3650 8,
2507 3582 2560 3645 9,
2587 3581 2678 3646 l0,
2710 3582 2772 3636 11
2802 3591 2856 3636 et
2881 3581 2972 3650 12,
3006 3595 3037 3635 a
3070 3579 3260 3636 Graeco
3289 3577 3532 3634 Philonis

1949 3690 2109 3744 quem
2136 3675 2241 3732 hac
2263 3676 2498 3731 editione
2528 3684 2712 3730 nostra
2733 3675 2894 3731 modo
2919 3675 3287 3745 producimus,
3309 3673 3532 3740 abesse;

1950 3779 2014 3818 ea
2066 3780 2198 3820 vero
2260 3767 2314 3820 in
2365 3765 2568 3822 Graecis
2619 3780 2755 3836 quos
2818 3765 3097 3830 habemus,
3131 3762 3530 3832 exemplaribus

1952 3857 2072 3912 ideo
2102 3858 2292 3913 deesse
2318 3857 2763 3920 existimaverim,
2803 3857 2946 3927 quod
2974 3858 3080 3912 duo
3110 3855 3312 3911 fuerint
3341 3853 3528 3910 Philo-

1952 3948 2102 4002 niani
2155 3949 2532 4003 commentarii
2567 3949 2832 4004 editiones
2865 3949 3123 4019 antiquae,
3161 3963 3392 4018 quarum
3421 3946 3536 4016 pri-

1952 4054 2095 4093 mam
2129 4041 2296 4096 nostri
2350 4040 2566 4095 codices
2605 4038 2775 4095 Graeci
2831 4049 3258 4111 repraesentem;
3309 4055 3412 4093 non
3447 4053 3532 4093 se-

1951 4132 2208 4200 cundam,
2245 4149 2348 4201 qua
2374 4135 2626 4189 utebatur
2671 4135 2899 4190 Cosmas
2926 4129 3233 4205 Egyptius,
3255 4133 3343 4188 ubi
3375 4132 3531 4189 Philo

1953 4222 2055 4276 alia
2103 4225 2348 4294 quaedam
2389 4227 2676 4282 addiderit.
2735 4226 3055 4296 Exemplum
3102 4226 3280 4282 simile
3335 4225 3526 4290 habes,

1953 4316 2144 4381 lector,
2194 4318 2248 4372 in
2291 4320 2535 4374 oratione
2573 4319 2950 4376 Demosthenis
2984 4321 3125 4389 Περὶ
3165 4321 3273 4376 τοῦ
3307 4321 3530 4391 στεφά-

1951 4424 2085 4472 νου,
2112 4409 2165 4463 in
2197 4425 2300 4478 qua
2353 4413 2600 4480 quaedam
2629 4427 2658 4466 a
2713 4412 2940 4468 diversis
2981 4415 3336 4485 scriptoribus
3363 4417 3532 4471 citata

285 4491 545 4548 tislecerat
616 4491 991 4547 Tlllenzontius
1047 4492 1174 4565 (i);
1235 4492 1456 4562 ejusque
1525 4496 1850 4547 sententiam

1961 4500 2158 4556 frustra
2189 4502 2501 4571 quaesieris;
2532 4506 2676 4576 quod
2724 4505 2979 4578 Ulpianus
3017 4509 3140 4564 inde
3181 4508 3382 4565 factum
3406 4525 3529 4565 mo-

285 4585 386 4653 ipse
413 4585 709 4656 Fogginius
749 4585 814 4655 (j)
848 4586 1088 4640 omnium
1126 4585 1362 4640 maxime
1383 4583 1704 4640 confutavit.
1754 4585 1852 4642 Se-

284 4681 526 4744 cundum,
553 4680 688 4735 duos
728 4687 875 4745 putat
928 4678 1096 4733 fuisse
1128 4676 1402 4743 Philones,
1451 4677 1678 4732 alterum
1722 4676 1853 4733 Car-

285 4774 512 4841 pathium
561 4775 871 4844 episcopum
927 4775 981 4829 in
1039 4774 1308 4842 Carpatho
1358 4773 1536 4829 insula
1592 4790 1712 4846 qua:
1769 4786 1852 4832 est

287 4880 380 4918 una
399 4882 462 4920 ex
492 4867 846 4938 Cycladibus;
869 4867 1185 4937 Carpasium
1212 4868 1463 4935 alterum,
1491 4868 1764 4939 Carpasiae
1798 4869 1850 4924 in

289 4957 445 5014 insula
483 4959 646 5031 Cypri
674 4962 1004 5030 episc0pum.
1035 4961 1101 5016 Et
1132 4960 1452 5032 Carpasium
1490 4962 1730 5032 quidem,
1757 4978 1854 5018 cu-

289 5047 362 5112 ius
387 5053 526 5120 apud
553 5052 835 5123 Polybium
859 5063 944 5108 est
979 5055 1204 5120 mentio,
1230 5063 1509 5109 auctorem
1543 5068 1666 5110 esse
1697 5069 1850 5109 com-

291 5142 526 5196 mentarii
555 5145 612 5196 in
637 5141 911 5198 Canticum
933 5145 1277 5210 canticorum,
1299 5145 1489 5200 statuit
1512 5159 1708 5200 vanum
1733 5159 1856 5200 esse

467 5320 957 5398 pelocisyieolog“
989 5325 1081 5398 lib.
1111 5342 1187 5390 ιι,
1211 5342 1332 5398 cap.
1363 5327 1415 5381 6.

355 5386 426 5477 ta)
446 5392 666 5477 Auctor.
695 5386 1020 5477 τιιςράὒεέι.
1059 5386 1344 5454 Dissertat.
1370 5398 1427 5452 2.

354 5461 564 5531 qujb.
607 5479 680 5526 vl,
717 5467 876 5531 epist.
918 5468 970 5521 5.

355 5525 437 5608 (tl)
461 5525 712 5608 .Bibliotli.
744 5525 1029 5608 Gratum.
1065 5537 1151 5600 Vl,
1188 5554 1308 5608 pag.
1339 5540 1463 5595 122.

357 5601 424 5683 (ε)
457 5601 640 5683 flutat
671 5601 1643 5683 tom.._XXV,_c9llec_'t.Calogeriante.

358 5665 419 5735 (Ι)
454 5671 516 5722 In
550 5671 698 5729 Noua
737 5675 938 5730 collect.
986 5665 1108 5732 'PP.
1157 5665 1422 5738 (irascor.u
1444 5665 1847 5752 Moutfauconii,

298 5741 426 5815 ιυιν.¹
455 5740 518 5815 l!_.
542 5757 660 5815 pag.
693 5746 820 5801 3'50.

363 5807 434 5879 (9)
465 5807 707 5869 Bi6li5tlt.
731 5834 895 5884 sacr.,
935 5827 1060 5873 tum.
1090 5817 1155 5874 ll.

1952 4600 2066 4654 net,
2093 4591 2234 4660 quod
2260 4594 2553 4663 scriptores
2577 4595 2652 4651 illi
2678 4596 2838 4653 aliam
2864 4597 2981 4668 ejus
3033 4600 3295 4656 orationis
3329 4601 3524 4656 editio-

1951 4696 2072 4736 nem
2135 4683 2438 4740 habuerint.
2501 4686 2610 4742 Sed
2665 4689 2734 4744 ad
2777 4690 3123 4748 collationem
3172 4692 3412 4748 locorum
3461 4707 3530 4749 ex

1951 4773 2248 4845 Epiphanio
2275 4786 2331 4832 et
2352 4778 2578 4837 Philone
2614 4796 2779 4852 quam
2826 4784 3062 4840 instituit
3091 4786 3176 4840 vir
3217 4784 3527 4841 eruditissi-

1949 4884 2089 4932 mus,
2117 4871 2415 4928 redeamus.

2023 4961 2302 5019 Secundus
2340 4966 2490 5022 locus
2522 4978 2607 5025 est
2634 4971 2725 5041 qui
2761 4972 2812 5028 in
2843 4971 3032 5027 Latino
3069 4971 3308 5028 occurrit
3345 4987 3396 5042 p.
3428 4973 3529 5036 25,

1951 5053 2046 5107 lin.
2080 5053 2169 5119 12,
2199 5057 2284 5112 cui
2316 5059 2382 5112 ad
2407 5059 2548 5117 latus
2586 5065 2804 5133 apponit
2845 5066 3092 5121 eumdem
3125 5064 3300 5121 locum
3329 5066 3524 5134 partim

1949 5159 2018 5200 ex
2063 5155 2254 5202 catena
2279 5147 2496 5208 Meursii
2533 5153 2652 5226 (νη),
2695 5157 2890 5226 partim
2924 5172 2992 5213 ex
3037 5167 3231 5214 catena
3269 5155 3528 5212 Vaticana

2035 5333 2330 5414 (lt)_Tom.l
2358 5335 2442 5392 De
2467 5340 2760 5414 scriptorib.
2791 5337 3107 5406 ecclesiast.,
3147 5355 3265 5412 pag.
3296 5340 3417 5396 891.

2033 5405 2095 5473 (ἰ)
2119 5405 2246 5464 Loc.
2275 5408 2367 5461 cit.
2402 5417 2510 5461 not.
2553 5405 2640 5466 l0.

2031 5474 2097 5550 (ﬂ
2126 5475 2339 5550 Eraterat.
2367 5479 2431 5532 ad
2462 5479 2647 5550 Epiph.
2679 5479 3070 5550 Commentar.,
3104 5495 3231 5550 pag.
3256 5479 3348 5537 25.

2032 5544 2105 5616 (It)
2136 5545 2268 5601 Vide
2293 5548 2391 5602 has
2419 5544 2743 5623 collaiioneg
2768 5549 2820 5603 in
2854 5549 3060 5617 przel'at.
3095 5544 3526 5623 ad'Epiphania-

1959 5629 2089 5691 num
2113 5626 2488 5691 commentam,
2520 5635 2640 5691 pag.
2673 5619 2743 5674 17
2771 5627 2826 5673 et
2844 5633 2998 5689 seqq.

2027 5684 2092 5828 ξι)
2119 5684 2264 5742 Loco
2291 5703 2451 5756 supra
2491 5684 2617 5744 cit:
2918 5684 2937 5688 “
2958 5684 2975 5689 ’

2052 5755 2124 5829 ut)
2154 5756 2282 5830 Pag.
2317 5759 2384 5816 18
2415 5761 2545 5818 edit.
2573 5759 2788 5816 Batava:
2817 5759 2989 5820 ἰπὶ-8ο.
