3862 6270
266 412 334 472 t9
1356 418 1563 477 PHILO
1590 416 1990 479 csnpssms
2028 394 2428 479 Eriscoms.
3436 422 3515 479 eo

259 534 379 583 cod.
416 524 571 592 MM,
609 544 731 599 pag.
760 529 885 595 210,
912 530 964 585 in
999 545 1107 600 quo
1145 530 1390 600 quaedam
1426 540 1552 587 sunt
1580 546 1699 601 qua:
1726 546 1826 585 non

1939 531 2036 585 lin.
2066 531 2155 596 10,
2182 547 2209 585 a
2240 534 2331 587 lin.
2362 531 2429 585 ad
2456 530 2544 585 illa
2571 530 2758 597 verba,
2780 529 3082 602 Εἰσήνεγκέ
3114 548 3180 603 με
3204 533 3232 586 6
3260 530 3513 603 βασιλεὺς

260 621 425 675 habet
455 619 683 676 Latinus
711 623 1135 677 commentarius
1181 622 1468 693 Epiphanii
1499 642 1512 676 :
1543 623 1687 677 unde
1721 624 1833 679 col-

260 715 350 786 ligi
380 729 540 784 posse
575 715 823 769 videatur
870 714 1148 770 Philonem
1207 715 1572 785 desumpsisse
1618 723 1832 769 senten~

261 809 391 860 tiam
421 807 488 860 ab
523 806 847 876 Epiphanio,
877 817 929 859 et
956 804 1231 861 nonnullis
1266 806 1563 860 immutatis
1598 805 1649 858 in
1675 819 1829 859 suum

258 899 522 967 scriptum
557 897 919 953 transtulisse.
952 897 1058 952 Sed
1082 898 1126 952 si
1161 898 1379 952 collatio
1404 898 1497 951 ﬁat
1522 912 1642 951 cum
1678 895 1830 951 Grie-

259 1005 323 1045 co
364 992 779 1057 commentario,
813 991 1015 1045 atillam
1059 991 1130 1046 ibi
1174 991 1547 1060 deprehendas
1599 989 1831 1043 varieta-

262 1092 409 1149 tem;
446 1092 501 1137 et
558 1098 677 1153 quae
729 1083 891 1136 verba
929 1080 1229 1136 afferuntur
1273 1097 1341 1135 ex
1384 1080 1599 1143 Latino,
1640 1079 1827 1135 eadem

255 1185 377 1239 quae
424 1181 552 1225 sunt
590 1173 643 1224 in
674 1169 885 1235 Graeco,
928 1179 1182 1225 accurate
1231 1171 1550 1241 rependunt.
1587 1167 1830 1237 Quapro-

255 1271 376 1330 pter
409 1263 741 1332 comparatio
786 1279 892 1318 non
947 1262 1190 1318 iacienda
1227 1262 1403 1317 fuerat
1445 1278 1565 1317 cum
1606 1270 1825 1316 catena.

257 1348 451 1405 Notum
487 1360 574 1406 est
600 1351 743 1409 enim
776 1361 1088 1407 catenarum
1123 1352 1346 1422 upilices
1386 1360 1668 1407 auctorum
1704 1365 1828 1404 ver-

253 1444 318 1496 ba
350 1459 455 1497 non
495 1444 807 1498 exscribere
830 1456 1113 1510 accurate,
1154 1446 1249 1499 sed
1273 1444 1638 1512 expositiones
1664 1458 1827 1513 quas-

253 1536 375 1588 dam
412 1535 640 1589 subinde
684 1534 823 1598 aliis,
856 1551 1017 1605 quam
1063 1537 1261 1606 quibus
1296 1534 1461 1588 tribui
1506 1535 1823 1597 debuerant,

253 1626 563 1681 auctoribus
590 1625 672 1681 vel
693 1626 1047 1697 interpolatas
1070 1627 1156 1681 vel
1185 1625 1495 1681 decurtatas
1515 1624 1822 1690 ascribere;

252 1717 397 1785 quod
424 1717 532 1784 jam
561 1718 768 1784 pridem
811 1719 1016 1773 monuit
1058 1718 1338 1773 Fabricius
1370 1720 1467 1787 (a)_.
1500 1719 1566 1774 Et
1595 1720 1825 1774 Allatius

251 1809 478 1865 diatriba
509 1811 581 1879 (ὁ)
604 1811 669 1863 de
702 1808 902 1889 Nicetis
941 1819 1187 1865 catenam
1220 1826 1651 1866 commemorans
1673 1810 1825 1878 cujus

248 1912 334 1958 est
382 1878 674 1971 epigraphe
706 1886 1043 1973 εΣυναγωγὴ
1098 1902 1412 1973 ἐξηγήσεων
1455 1904 1538 1965 είς
1577 1903 1639 1955 τὸ
1682 1902 1823 1956 κατὰ
1856 1878 1897 1932 Β

247 1997 463 2049 Λουκᾶν
499 1996 654 2063 ἅγιον
683 1995 1013 2063 Εὐαγγέλιον
1053 1996 1116 2047 ὲκ
1149 1995 1418 2067 διαφόρων
1450 1994 1819 2066 ἐρμηνευτῶν,

250 2087 400 2159 παρὰ
430 2089 644 2160 Νικήτα
676 2088 925 2141 διακόνου
956 2087 1056 2156 τῆς
1103 2086 1195 2139 τοῦ
1235 2086 1369 2140 Θεοῦ
1403 2088 1645 2159 μεγάλης
1702 2087 1823 2140 Ἐκ-

248 2183 496 2255 κλησίας,
527 2184 584 2235 ἐν
630 2181 851 2254 βιϐλίοις
877 2182 939 2236 δ’.
977 2182 1039 2235 Ρ.
1076 2180 1165 2248 Ἐξ
1203 2181 1377 2253 ἀρχῆς
1410 2182 1509 2252 μὲν
1540 2184 1569 2234 ὁ
1592 2181 1723 2245 Θεὸς
1755 2180 1821 2234 δι’

250 2276 446 2353 ἑαυτοῦ
495 2278 609 2341 τοῖς
659 2274 967 2347 ἀνθρώποις
1011 2274 1304 2343 διελέγετο,
1341 2276 1391 2328 in
1447 2276 1563 2343 ejus
1613 2285 1823 2329 catena:

248 2369 464 2425 laudem
498 2369 678 2424 subdit
715 2386 728 2422 :
760 2366 826 2420 In
858 2384 962 2436 qua
995 2366 1193 2436 sglloge
1228 2366 1362 2419 illud
1409 2364 1676 2435 singulare
1712 2381 1824 2419 cer-

253 2463 426 2526 nitur,
462 2460 603 2531 quod
634 2476 752 2513 cum
783 2460 838 2513 in
880 2458 1001 2513 aliis
1037 2459 1237 2512 catenis
1284 2457 1551 2511 sententia:
1604 2455 1823 2509 Patrum

249 2554 414 2609 uerbis
448 2553 736 2607 decurtata:
758 2560 810 2604 et
842 2549 1145 2619 compendio
1168 2549 1482 2617 a/ferantur,
1509 2548 1591 2601 hic
1617 2548 1819 2616 ipsissi-

250 2642 349 2695 mis
372 2639 562 2704 verbis,
589 2641 669 2693 uti
686 2638 888 2708 jaceat,
916 2647 1109 2705 textus,
1136 2637 1299 2691 nullis
1332 2638 1441 2691 suis
1464 2638 1700 2706 partibus
1722 2640 1822 2691 im-

248 2734 436 2791 minuti
474 2733 819 2802 digeruntur;
844 2740 899 2783 ut
941 2746 1043 2784 non
1084 2731 1258 2799 frusta
1300 2728 1820 2798 interpretationum,

248 2825 342 2881 sed
367 2827 585 2896 integra:
620 2827 747 2894 ipsa:
771 2823 1241 2894 interpretationes,
1267 2831 1314 2877 et
1349 2831 1551 2875 tantum
1575 2837 1682 2875 non
1698 2838 1821 2877 ora-

250 2917 416 2974 tiones
448 2918 831 2971 describantur.

318 3010 537 3065 Tertius
578 3009 729 3064 locus
774 3016 857 3063 est
911 3007 964 3062 in
1000 3006 1193 3061 Latino
1232 3006 1515 3076 Epipbanii
1547 3021 1598 3077 p.
1639 3005 1730 3069 3‘2,
1768 3006 1820 3059 in

251 3103 384 3158 iilud
414 3121 427 3156 :
454 3100 786 3155 lntroducite
812 3116 893 3154 me
928 3100 987 3153 in
1029 3101 1242 3153 domum
1294 3101 1489 3160 vinea’;
1522 3099 1619 3152 hoc
1650 3106 1725 3151 est
1754 3098 1822 3151 ad

254 3208 437 3265 corpus
460 3195 711 3260 Domini;
742 3210 804 3249 ac
833 3194 879 3247 si
909 3195 1100 3247 diceret
1123 3207 1143 3245 :
1174 3193 1425 3258 Coaptate
1459 3208 1539 3245 me
1560 3192 1609 3246 ei
1626 3208 1716 3256 per
1744 3190 1823 3241 la-
1849 3225 1894 3285 Ο

254 3304 463 3343 eacrum
490 3287 917 3357 regenerationis.
966 3285 1063 3341 His
1093 3286 1258 3355 probe
1283 3285 1603 3353 respOndeut
1633 3281 1821 3337 Graeca

254 3362 390 3451 apud
422 3379 723 3444 Philonem,
749 3393 894 3432 num.
924 3378 993 3435 40
1027 3396 1042 3430 :
1078 3378 1174 3440 Είς
1204 3376 1266 3428 τὸ
1288 3375 1383 3428 τοῦ
1429 3374 1633 3446 Κυρίου
1664 3373 1825 3444 σῶμα

254 3470 628 3541 συγκέράσατέ
664 3486 753 3541 με,
787 3469 940 3539 φησι,
984 3467 1134 3539 αὒτῷ
1186 3467 1274 3520 διὰ
1302 3465 1395 3519 τοῦ
1453 3464 1677 3537 λουτρορ
1725 3465 1826 3534 τῆς

254 3563 694 3632 παλιγγενεσίας.
730 3560 828 3615 Hic
863 3561 1013 3616 locus
1033 3573 1154 3614 cum
1191 3560 1306 3613 loco
1334 3557 1649 3611 Philoniano
1663 3570 1824 3625 quem

254 3658 410 3713 ati‘ert
430 3656 656 3713 Cosmas
681 3652 991 3726 Egyptius,
1028 3668 1056 3706 a
1084 3650 1347 3719 Fogginio
1375 3648 1675 3704 confertur.
1716 3647 1825 3701 Lo-

254 3767 350 3807 cus
375 3749 732 3805 Philonianus
776 3756 859 3802 est
893 3748 947 3800 in
983 3745 1116 3800 illud
1147 3763 1159 3797 :
1196 3742 1502 3796 Introduxit
1534 3757 1615 3795 me
1656 3757 1748 3795 rex
1771 3742 1827 3793 in

254 3842 557 3897 cubiculum
600 3854 794 3904 suum;
818 3838 884 3891 ad
917 3850 1078 3906 quem
1123 3835 1265 3889 sacri
1315 3845 1501 3888 textus
1531 3822 1705 3887 locum
1733 3846 1828 3886 ex-

255 3934 479 4015 plicatio
504 3916 801 4001 Epiphanii
827 3947 879 4002 p.
908 3922 996 3994 18,
1027 3930 1105 3983 sic
1149 3927 1315 3983 habet
1344 3943 1357 3978 :
1401 3925 1712 3979 Cubiculum
1745 3939 1829 3977 re-

256 4028 334 4097 gis
364 4035 443 4080 est»
478 4026 568 4078 ubi
613 4040 789 4077 omnes
833 4033 951 4076 sunt
1005 4020 1239 4074 thesauri
1281 4018 1582 4071 reconditi:
1608 4017 1827 4069 cmlestt‘s

254 4120 393 4173 enim
437 4117 574 4186 regis
606 4117 716 4169 sine
751 4114 1080 4168 dubitatione
1112 4111 1408 4166 cubiculum
1462 4118 1572 4174 est;
1601 4107 1827 4176 primum

254 4209 486 4281 quidem,
509 4223 697 4275 corpus
718 4208 857 4277 quod
893 4206 1172 4273 aediﬁcavit
1203 4201 1339 4262 sibi;
1366 4201 1553 4255 deinde
1581 4198 1826 4252 calorum

257 4318 493 4369 regnum,
523 4301 732 4371 quando
778 4300 907 4352 dicit
942 4296 1186 4351 Salvator
1205 4298 1261 4348 σε
1291 4313 1311 4345 ι
1331 4294 1485 4347 Beati
1529 4292 1619 4362 qui
1650 4306 1826 4359 perse-

257 4395 519 4449 cutionem
553 4394 850 4461 patiuntur,
880 4410 898 4442 ι
920 4401 1026 4445 etc.
1055 4389 1372 4459 Congruunt
1398 4401 1521 4441 cum
1566 4385 1649 4438 his
1682 4383 1831 4438 Grae-

258 4503 321 4541 ca
352 4470 491 4556 apud
525 4484 831 4547 Philonem,
868 4501 1015 4538 num.
1044 4482 1078 4536 6
1110 4500 1122 4534 :
1154 4483 1391 4552 Ταμεῖον
1429 4480 1486 4532 δὲ
1538 4477 1633 4532 τοῦ
1674 4477 1828 4547 βασι-

1937 623 2017 686 εξς
2049 622 2111 675 τὸ
2136 625 2360 693 ταμεῖον
2408 620 2595 687 αὑτοῦ,
2629 637 2750 691 quae
2787 620 2914 676 sunt
2938 623 2990 676 in
3016 623 3052 677 4
3077 639 3231 677 versu
3267 625 3459 694 capitis
3489 638 3507 677 ι

1934 712 2307 777 Canticorum,
2349 715 2491 768 hanc
2522 716 2769 782 apposuit
2800 715 2853 768 in
2878 715 3120 784 margine
3157 715 3501 779 citationem,

1939 804 2095 859 Cant.
2128 820 2187 869 ιι,
2214 805 2269 867 4,
2299 820 2457 873 quem
2490 805 2764 859 citationis
2788 820 3029 860 errorem
3054 822 3174 860 cum
3199 823 3303 861 non
3331 816 3502 860 atten-

1935 896 2120 959 disset,
2166 896 2373 963 putavit
2416 910 2477 948 ea
2523 897 2683 948 verba
2721 896 2770 948 in
2804 893 3028 963 Vulgata
3076 897 3281 950 reddita
3328 911 3449 951 esse
3481 890 3525 951 τ’

1932 985 2246 1039 Introduxit
2279 1002 2359 1039 me
2402 986 2459 1039 in
2489 985 2670 1039 cellam
2701 986 2978 1050 vinariam,
3012 1001 3131 1055 quas
3162 1001 3347 1041 revera
3375 995 3505 1040 sunt

1931 1077 2303 1145 interpretatio
2333 1076 2579 1132 versiculi
2609 1076 2643 1130 4
2676 1077 2728 1130 in
2763 1076 3005 1145 Vulgata,
3031 1092 3149 1144 cap.
3182 1093 3242 1130 ιι.

2002 1169 2241 1237 Quartus
2287 1170 2439 1231 locus
2486 1180 2568 1224 est
2616 1170 2669 1224 in
2716 1169 3085 1238 Epiphaniano
3108 1170 3504 1225 commentario

1929 1276 2051 1331 pag.
2080 1260 2149 1315 80
2175 1278 2191 1317 :
2221 1258 2330 1315 Iste
2355 1271 2430 1315 est
2459 1263 2637 1332 itaque
2672 1259 2801 1325 Rex,
2826 1263 2890 1314 de
2915 1276 3015 1330 quo
3040 1270 3089 1314 et
3130 1260 3297 1315 David
3320 1261 3455 1315 dixit
3478 1275 3503 1315 τ

1936 1370 1954 1404 t
1983 1352 2238 1407 Dominus
2264 1355 2521 1423 regnauit,
2549 1355 2788 1407 decorem
2815 1355 3047 1406 induit".
3087 1372 3105 1404 ι
3154 1352 3368 1408 Vinctus
3421 1362 3499 1409 est

1928 1456 2101 1499 autem
2126 1447 2235 1514 ipse
2262 1462 2365 1500 non
2390 1462 2593 1510 sponsa:
2618 1462 2729 1500 sute
2761 1445 3090 1514 necessitate,
3114 1448 3204 1499 sed
3233 1447 3501 1500 voluntate

1927 1538 2236 1602 clementiae,
2268 1540 2401 1593 sicut
2428 1539 2633 1591 dicebat
2672 1538 2943 1604 apostolus
2969 1553 2987 1590 :
3015 1554 3035 1587 ι
3067 1537 3199 1591 Ecce
3230 1540 3493 1592 uobiscum

1926 1647 2041 1685 sum
2079 1630 2318 1684 omnibus
2348 1630 2529 1684 diebus
2563 1643 2725 1695 usque
2755 1631 2824 1682 ad
2865 1632 3362 1683 consummationem
3401 1646 3496 1683 ιω·

1927 1723 2097 1777 culi'.
2132 1741 2151 1775 ι
2182 1720 2248 1775 1η
2281 1722 2668 1775 transcursibus
2705 1732 2881 1775 autem
2918 1717 3115 1774 dictum
3147 1731 3243 1783 est,
3278 1723 3400 1790 quia
3431 1721 3499 1774 de

1927 1817 2056 1869 caelo
2114 1824 2498 1874 transcurrens,
2544 1823 2592 1867 et
2638 1822 2872 1867 mortuos
2930 1817 3267 1874 resuscitans,
3312 1827 3497 1864 rursus

1924 1917 2285 1959 transcurrens
2316 1907 2371 1958 in
2401 1905 2556 1958 caelos
2590 1906 2720 1958 abiit
2762 1914 2810 1957 et
2856 1905 3093 1958 ascendit
3127 1920 3282 1973 super
3310 1904 3495 1955 cheru-

1924 2000 2049 2062 bim,
2089 2008 2141 2052 et~
2170 1998 2420 2053 volavit'.
2445 1996 2580 2051 Huic
2606 1996 2726 2051 loro
2752 1997 2819 2049 ad
2844 1996 2988 2051 latus
3017 1997 3201 2066 adjicit
3242 1996 3326 2049 vir
3366 2010 3494 2047 eru-

1922 2090 2246 2144 ditissimum
2294 2088 2492 2151 locum,
2530 2074 2688 2158 quem
2724 2088 2905 2142 laudat
2938 2086 3164 2142 Cnsmas
3209 2085 3492 2155 [Egyptius

1922 2197 1991 2237 ex
2022 2181 2246 2235 Philone
2283 2180 2689 2251 εΠαρατρὲχων
2734 2178 2841 2251 γὰρ
2878 2177 2939 2241 ἐξ
2974 2176 3208 2247 οὐρανοῦ
3253 2176 3346 2228 ἐπὶ
3386 2174 3495 2244 γῆς

1923 2276 2006 2337 εἰς
2022 2272 2091 2326 τὰ
2131 2272 2253 2326 καθ’
2280 2271 2433 2343 ᾅδην,
2459 2272 2554 2324 καὶ
2589 2268 2897 2341 κατώτερον
2937 2268 3064 2339 ᾅδου
3118 2266 3275 2337 βυῡδν
3303 2265 3497 2320 κατελε-

1924 2364 2053 2429 Θὼν,
2084 2364 2294 2419 ἐκεῖθεν
2325 2364 2627 2418 ἀνασπάσει
2653 2362 2745 2416 τὸν
2773 2359 3061 2415 τεθνεῶτα.
3108 2360 3268 2413 Certe
3304 2357 3493 2413 Greca

1922 2480 2029 2518 non
2071 2471 2463 2533 repraesentant
2516 2462 2720 2523 omnia,
2754 2476 2876 2530 quae
2919 2457 3115 2511 Latine
3150 2456 3495 2526 reperiuntur

1924 2556 1975 2610 in
2022 2555 2415 2609 commentario
2448 2551 2754 2622 Epiplianii.
2800 2551 2905 2606 Sed
2942 2551 3168 2605 Cosmas
3207 2548 3503 2619 Egyptius

1923 2651 2263 2703 decurtatum
2313 2646 2494 2701 attulit
2540 2644 2714 2698 locum
2763 2659 2829 2699 ex
2874 2642 3119 2704 Philone,
3165 2656 3323 2710 quem
3364 2655 3492 2695 ecce

1922 2742 2015 2795 tibi
2063 2741 2328 2810 integrum
2373 2755 2522 2792 num.
2567 2728 2914 2796 Ξθόςοῦτος
2940 2735 3046 2805 γὰρ
3094 2736 3122 2788 6
3172 2733 3491 2804 ἐπουράνιος

1925 2832 2197 2904 βασιλεὺς,
2217 2832 2343 2903 περὶ
2359 2824 2417 2885 οὗ
2443 2831 2537 2884 καὶ
2558 2829 2721 2882 Δαϐὶδ
2748 2828 2924 2897 λέγει·
2952 2846 2971 2879 t
2993 2829 3051 2880 ὐ
3080 2825 3283 2898 Κύριος
3306 2826 3492 2880 £6101-

1921 2926 2141 2980 λευσεν·
2172 2923 2517 2993 ἀγαλλιάσθω
2561 2924 2595 2994 ή
2641 2923 2710 2993 γῆ
2737 2938 2750 2951 ⁸
2779 2915 2932 2983 οὗτος
2974 2919 3178 2973 δέδεται
3216 2919 3273 2971 ἐν
3316 2934 3494 2989 παρα-

1921 3018 2168 3088 δρομαῖς.
2207 3035 2225 3066 s
2261 3014 2631 3086 Παρατρὲχων
2654 3012 2762 3083 γὰρ
2791 3012 2848 3079 ἐξ
2874 3010 3103 3082 οὐρανοῦ
3130 3011 3222 3063 ἐπὶ
3253 3010 3375 3081 γῆς,
3399 3010 3495 3062 καὶ

1921 3110 2027 3172 ἓως
2059 3106 2152 3160 τοῦ
2189 3106 2315 3178 ᾇδου
2344 3105 2638 3171 κατελθὼν,
2681 3105 2769 3158 ἵνα
2803 3103 3007 3156 ἐκεῖθεν
3052 3101 3356 3155 ἀνασπᾶσει
3401 3100 3492 3153 τὸν

1922 3200 2212 3265 τεονεῶτα,
2242 3199 2403 3263 αὐτὸς
2423 3198 2625 3252 δέδεται
2664 3198 2723 3249 ἐν
2762 3195 3158 3267 παραδρομαϊς,
3187 3195 3287 3247 οὐκ
3323 3191 3494 3259 ἀνάγ-

1923 3309 2026 3363 κης
2072 3292 2310 3362 δεσμοῖς,
2345 3290 2459 3343 ἀλλ’
2500 3288 2746 3343 ἑκουσίου
2794 3287 3200 3359 φιλανθρωπίας
3254 3285 3493 3357 χρηστό-

1923 3401 2067 3455 τητι,
2098 3383 2265 3436 εἰπὼν
2290 3384 2402 3446 τοῖς
2423 3380 2769 3443 ἀποστόλοις’
2800 3398 2820 3429 ι
2855 3379 2964 3432 Καὶ
3008 3367 3126 3431 ίδοὺ
3181 3377 3298 3447 μεθ’
3341 3377 3496 3447 ὑμῶν

1925 3479 2040 3547 εἰμι
2087 3475 2265 3538 πάσας
2318 3474 2417 3537 τὰς
2463 3472 2696 3547 ἡμέρας,
2723 3473 2827 3536 ἕως
2884 3471 2983 3539 τῆς
3034 3468 3341 3532 συντελείας
3398 3466 3501 3539 τοῦ

1926 3546 2141 3630 αἰῶνος.
2193 3563 2435 3620 tViden’
2474 3574 2533 3631 ut
2574 3546 2760 3621 Grreca
2815 3562 3023 3617 Latinis
3045 3562 3199 3631 plene
3258 3573 3496 3630 respon-

1927 3658 2132 3714 deant?
2163 3662 2288 3712 etsi
2319 3659 2446 3727 quid
2484 3659 2713 3722 variant,
2750 3658 2902 3724 culpa
2936 3666 3017 3709 est
3042 3653 3372 3723 interpretis,
3400 3653 3495 3723 qui

1928 3752 2173 3823 quaedam
2211 3750 2277 3805 de
2306 3765 2402 3805 suo
2434 3750 2637 3805 addidit
2666 3764 2787 3819 qua:
2824 3749 3021 3804 fmdum
3048 3762 3288 3802 errorem
3324 3745 3498 3801 conti-

1928 3854 2079 3908 nent,
2112 3844 2198 3898 illa
2227 3844 2438 3899 scilicet
2471 3859 2573 3897 non
2591 3857 2792 3911 sponsa
2813 3858 2921 3896 sua:
2948 3841 3249 3895 necessitate
3270 3858 3289 3895 :
3317 3847 3371 3893 et
3398 3853 3497 3908 pro

1928 3936 2048 3991 loco
2075 3934 2312 3989 Matthazi
2347 3933 2527 4002 posuit
2567 3933 2741 3987 locum
2783 3947 2850 3986 es
2897 3932 3106 4001 psalmo
3137 3946 3267 3994 xvn,
3297 3930 3382 3984 Η.
3418 3926 3495 3982 Ea

1928 4030 2071 4083 enim
2102 4036 2220 4083 erat
2246 4027 2459 4090 licentia
2501 4026 2856 4095 complurima
2891 4026 3243 4095 interpretum
3270 4022 3361 4093 qui
3395 4037 3497 4076 sa:-

1928 4120 2050 4175 culo
2088 4134 2140 4173 νι
2176 4117 2360 4173 Grzeca
2396 4117 2703 4182 vertebant,
2753 4127 2807 4171 et
2863 4115 3008 4172 nullo
3054 4116 3122 4171 ad
3171 4123 3377 4170 textum
3409 4130 3499 4170 re-

1929 4221 2115 4283 specta
2147 4212 2350 4275 habito,
2384 4210 2517 4264 nihil
2539 4210 2639 4264 sibi
2673 4224 2777 4263 non
2810 4209 2971 4263 licere
3002 4209 3422 4262 arbitrabantur.

1978 4290 2237 4371 'Quintus
2262 4302 2412 4356 locus
2441 4300 2793 4371 Epiphaniani
2827 4299 3197 4355 commentarii
3222 4307 3303 4353 est
3324 4314 3376 4368 p.
3404 4296 3496 4351 8!:

1942 4394 2069 4450 Vere
2106 4396 2339 4464 speciosa
2385 4393 2531 4463 facta
2578 4405 2648 4447 est
2700 4402 2748 4448 et
2781 4407 2895 4445 vere
2939 4392 3137 4457 suavis,
3174 4407 3275 4444 non
3320 4391 3498 4444 divina

1930 4489 2094 4543 uirtus
2138 4488 2330 4556 (neque
2359 4486 2495 4538 enim
2547 4492 2878 4550 augmentum
2903 4483 3082 4551 recipit
3110 4497 3200 4535 nec
3222 4481 3501 4534 detrimen-

258 4577 417 4645 λὲως,
448 4579 581 4632 ὅπου
616 4577 793 4631 πάντα
822 4576 1108 4629 ἀπόκειται
1138 4575 1207 4627 τὰ
1252 4572 1701 4647 Θησαυρίσματςν
1732 4569 1826 4624 τοῦ

1932 4591 2040 4633 tum
2078 4576 2352 4645 divinitas)
2372 4593 2390 4637 ;
2414 4575 2502 4628 sed
2534 4575 2802 4627 humilitas
2831 4573 2944 4643 ejus
2966 4589 3079 4627 vere
3102 4574 3332 4641 specioso
3360 4574 3501 4640 facta

259 4671 320 4725 δὲ
347 4671 671 4744 ἐπουρανίου
719 4668 983 4741 βασιλέως
1010 4670 1234 4739 ταμεῖον
1282 4666 1462 4737 δῆλον,
1492 4666 1573 4717 ὅτι
1618 4663 1826 4736 πρῶτον

1932 4679 2004 4723 est
2032 4679 2187 4739 atque
2210 4669 2383 4721 suavis
2410 4666 2796 4735 pulchritudine
2820 4666 3124 4729 divinitatis,
3148 4680 3265 4718 cum
3285 4664 3503 4718 sedisset

263 4764 361 4835 μὲν
387 4763 447 4815 τὸ
486 4763 662 4834 σῶμα,
690 4758 735 4830 ᾧ
760 4759 940 4831 ἐαυτῷ
966 4759 1319 4831 ᾠκοδόμησεν
1350 4752 1500 4810 οἷκον
1518 4773 1531 4785 ⁸
1569 4756 1758 4809 ἔπειτα
1774 4756 1826 4809 δὲ

1932 4763 1985 4813 in
2032 4775 2191 4829 regno
2237 4759 2484 4813 caelorum
2522 4758 2579 4811 in
2614 4759 2831 4812 dextera
2869 4756 3069 4812 Patris.
3105 4756 3245 4811 Nihil
3308 4756 3500 4811 horum

261 4858 356 4912 καὶ
380 4859 414 4930 ὴ
442 4858 553 4911 τῶν
584 4855 829 4926 οὐρανῶν
864 4856 1129 4927 βασιλεία.
1162 4855 1330 4906 Ὅταν
1355 4846 1451 4905 οὖν
1484 4849 1632 4919 λέγει
1661 4852 1690 4903 6
1716 4849 1830 4902 Σω-

260 4951 368 5022 τήρ
389 4967 402 4980 ·
440 4969 458 5002 ι
481 4946 1143 5021 Μακάριοιδεδιωγμὲνοι,
1171 4966 1191 4999 s
1223 4963 1279 5000 κ.
1303 4962 1354 4999 τ.
1389 4943 1437 4997 λ.
1464 4943 1615 5008 Quod
1637 4942 1680 4996 si
1699 4957 1829 4995 con-

266 5042 457 5098 tendas
477 5042 653 5097 locum
686 5036 967 5112 Epiphanii
993 5040 1083 5111 qui
1115 5039 1344 5094 habetur
1366 5053 1419 5106 p.
1454 5037 1543 5100 52,
1566 5049 1688 5091 cum
1715 5033 1835 5088 Phi-

262 5136 500 5202 loniano,
536 5150 687 5189 num.
722 5133 777 5201 6,
808 5147 966 5203 quem
1011 5131 1230 5187 adducit
1264 5129 1490 5184 Cosmas
1529 5126 1833 5199 Egyptius,

140 5270 151 5277 .
262 5242 327 5281 ea
352 5226 471 5281 loca
503 5227 643 5281 inter
667 5240 728 5280 se
767 5239 874 5279 non
915 5223 1211 5285 cohaerere,
1249 5221 1475 5276 minime
1504 5220 1830 5275 mirandum.

269 5317 460 5372 Virum
509 5318 729 5371 doctum
767 5313 979 5384 decepit
1017 5311 1152 5367 falsa
1196 5310 1578 5365 Montiauconii
1626 5310 1833 5373 citatio,

263 5408 356 5478 qui
392 5419 523 5463 tom.
564 5407 608 5465 ll
663 5406 881 5461 Collect.
914 5420 1061 5460 nocte
1096 5401 1212 5457 PP.
1253 5401 1509 5466 Gramen,
1555 5416 1678 5471 pag.
1710 5399 1834 5467 529,

1933 4850 2208 4905 desideres
2263 4851 2316 4903 in
2360 4848 2566 4905 Gmcis
2621 4849 2764 4919 apud
2813 4848 3090 4903 Philonem
3156 4863 3307 4902 num.
3346 4846 3500 4903 204:

1942 4939 2206 5012 Ὦραιώοη
2230 4940 2338 5009 γὰρ
2360 4940 2549 5005 ὅντως,
2592 4939 2685 4992 καὶ
2705 4938 2902 5009 ἡδύνθη
2934 4938 3190 5009 (Cosmas
3219 4936 3506 5008 Egyptius

1934 5032 2065 5101 legit
2119 5029 2391 5102 ἱδρύνθη),
2438 5030 2536 5099 οὐχ
2585 5030 2619 5099 ἡ
2671 5028 2774 5099 τῆς
2820 5027 3066 5098 θεότητος
3099 5027 3324 5098 δύναμις
3351 5025 3504 5097 (οὔτε

1935 5125 2042 5197 γὰρ
2093 5121 2430 5194 προσθήκην,
2468 5120 2592 5174 οὔτε
2645 5120 2871 5191 μείωσιν
2926 5117 3290 5188 ἐπιδέχεται).
3319 5116 3431 5170 ἀλλ’
3465 5118 3500 5186 ἠ

1942 5214 2078 5287 σὰρξ
2105 5214 2172 5285 ἢν
2196 5212 2452 5283 ἀνείληφε
2472 5228 2486 5243 ·
2519 5211 2613 5264 καὶ
2637 5211 2669 5262 ὁ
2689 5209 2894 5272 τέλειος
2926 5207 3163 5279 (τέλειος
3192 5208 3343 5262 deest
3363 5206 3507 5275 apud

1939 5308 2186 5363 Cosntatn
2246 5303 2488 5373 Egypt.)
2552 5300 2835 5373 ἄνθρωπος
2893 5300 2952 5353 ὃν
2996 5299 3289 5373 ἐφόρεσεν,
3356 5293 3505 5362 οὗτος

1939 5397 2215 5471 ὡραιώθη,
2253 5398 2317 5467 τῇ
2354 5411 2455 5468 της
2481 5394 2733 5464 Θεότητος
2752 5391 3043 5464 ὡραιότητι
3065 5390 3503 5462 συμμορφωθεὶς,

337 5550 359 5580 ⁸
381 5547 572 5604 Matth.
604 5563 659 5612 ν,
689 5545 776 5601 10.
849 5547 869 5577 ⁷
893 5545 1035 5602 Psal.
1075 5561 1205 5613 seu,
1247 5545 1299 5599 1.
1375 5544 1397 5576 ⁸
1419 5542 1608 5596 Matth.
1637 5556 1826 5604 xxvm.

1932 5578 1945 5594 .
2022 5539 2043 5569 ’
2067 5538 2208 5592 Psal.
2241 5552 2377 5603 xvn,
2406 5536 2493 5591 11.

339 5663 417 5729 (a)
446 5660 696 5716 Biblioth.
722 5658 815 5715 Gr.
850 5669 981 5715 tom.
1011 5657 1122 5729 ιιι,
1148 5674 1268 5727 pag.
1291 5657 1415 5729 129.

340 5723 415 5803 (ὁ)
451 5730 609 5803 Hane
626 5731 923 5803 diatribam
956 5723 1257 5803 de_1_\licetis
1288 5726 1572 5803 Fabricius
1594 5723 1842 5803 Biblioth.

269 5795 365 5860 Gr'.
397 5795 531 5857 iom.
572 5799 657 5864 Vl,
682 5799 953 5925 petiti-t9,
1011 5797 1150 5853 falso
1193 5798 1439 5867 queritur
1486 5795 1841 5853 intercidisse.

270 5873 401 5925 Eam
438 5887 561 5925 cum
599 5873 757 5925 diatri
865 5868 1025 5924 etiam
1058 5869 1124 5922 de
1164 5865 1474 5922 Pbilonibus
1510 5874 1564 5921 et
1589 5866 1710 5921 aliis
1747 5865 1841 5920 Al-

746 5865 827 5925 iba
865 5868 1025 5924 etiam
1058 5869 1124 5922 de
1164 5865 1474 5943 Pbilonibus
1510 5874 1564 5921 et
1589 5866 1710 5921 aliis
1747 5865 1841 5920 AI-

270 5873 401 5929 Eam
438 5887 561 5929 cum
599 5873 741 5947 diat‘r

1953 5654 2064 5707 latii
2114 5651 2330 5721 scriptis
2356 5651 2573 5726 ineditis
2607 5649 2666 5726 in_
2711 5645 3353 5726 publicumuproditnram
3382 5659 3511 5726 spe;

1952 5738 2136 5777 ramus
2160 5718 2321 5791 opera
2346 5730 2401 5777 et
2425 5722 2602 5777 studio
2628 5718 2783 5791 docti
2800 5718 3161 5791 viri-mihique
3188 5718 3513 5791 amicissimi.

1953 5784 2243 5918 Riplliaelis
2270 5790 2579 5858 Veroante,
2613 5788 2789 5846 Grazci
2818 5788 2870 5843 in
2911 5784 3163 5844 Vaticana
3185 5784 3519 5861 bibliotheca,

1945 5882 2003 5920 sc
2043 5882 2074 5919 υ
2098 5877 2175 5919 tas
2197 5877 2263 5919 ω.
