3862 6270
208 411 262 466 21
1604 401 2005 465 ΡΒΑΞῈΑΤΙΟ.
3381 400 3457 457 22

207 523 290 576 uel
313 519 511 592 ἠδὺνθη
534 519 793 588 (Cosmus
820 516 1110 591 Egyptius
1152 516 1431 591 ἱδρύνθηὶ,
1463 518 1521 570 ὲν
1568 520 1636 590 τῇ
1663 516 1771 570 τῶν

1878 516 2059 573 nianis
2088 519 2140 572 iu
2168 516 2390 574 lectoris
2411 513 2782 580 commodum,
2807 514 2898 585 qui
2923 514 3021 570 bas
3046 529 3169 569 cum
3194 513 3298 570 illis
3323 529 3458 570 con-

204 614 427 684 stipavth
477 611 770 676 καθεσθεὶς
828 611 1076 684 βασιλείᾳ
1129 613 1189 665 ὲν
1244 610 1389 683 δεξιᾷ
1427 610 1522 665 τοῦ
1554 610 1770 681 Πατρός

206 705 400 774 (Cosm.
442 703 735 775 Egyptius
773 703 869 757 τοῦ
899 703 1102 774 Θεοῦ).
1132 704 1327 760 Iisdem
1376 703 1765 759 verbislocnm

206 798 334 851 hunc
350 796 590 851 Philonis
614 796 783 852 refert
812 796 1044 852 Cosmas
1070 797 1374 869 Egyptius.
1397 798 1456 852 In
1482 811 1549 852 eo
1571 798 1765 861 variat,

206 890 331 956 quod
361 889 413 940 in
444 902 605 942 sacro
626 897 775 942 textu
806 887 955 959 legit,
973 889 1039 942 Τί
1067 887 1378 962 ὡραιιὶὠης,
1397 888 1492 942 καὶ
1511 888 1563 942 τί
1586 888 1767 961 ἱδρύν-

205 980 322 1048 θης;
342 979 449 1032 Cur
474 985 742 1046 speciosus
760 980 934 1048 factus
956 997 1034 1045 es,
1057 990 1108 1035 et
1124 996 1220 1035 cur
1232 980 1477 1048 ﬁrmatus
1492 999 1544 1037 es
1558 983 1585 1037 Ρ
1604 997 1767 1051 quam

206 1070 474 1125 lectionem
518 1087 628 1125 non
665 1071 793 1127 alibi
832 1072 1094 1141 reperias.
1139 1072 1499 1139 Quamobrem
1533 1073 1666 1128 nihil
1701 1089 1767 1129 ex

204 1163 473 1218 collatione
509 1163 708 1218 horum
749 1164 989 1220 locorum
1019 1180 1086 1220 ex
1119 1164 1420 1235 Epiphanio
1456 1174 1513 1221 et
1542 1165 1769 1222 Philone

204 1255 484 1325 colligitur,
514 1270 625 1326 quo
659 1258 838 1326 possis
881 1266 1126 1313 statuere
1171 1256 1454 1312 Philonem
1492 1272 1769 1312 commen-

208 1347 385 1399 tarium
422 1347 651 1416 quidem
684 1348 1054 1417 composuisse
1081 1349 1152 1403 ab
1182 1349 1559 1420 Epiphaniano
1584 1349 1768 1404 diver-

205 1452 343 1502 sum;
382 1438 527 1492 unde
572 1450 754 1495 tamen
803 1440 972 1494 multa
1018 1440 1370 1512 decerpserit,
1414 1449 1469 1497 et
1510 1443 1567 1498 in
1597 1442 1767 1513 epito-

205 1543 311 1582 men
336 1531 560 1584 redacta
602 1530 658 1583 in
691 1543 849 1586 suum
875 1531 1184 1588 inseruerit.
1505 1528 1511 1533 ’

267 1663 459 1720 Sextus
486 1665 641 1720 locus
668 1681 734 1721 ex
764 1665 1062 1736 Epiphanio
1084 1684 1207 1738 pag.
1240 1667 1331 1733 28,
1356 1668 1578 1739 ejusque
1604 1667 1767 1722 colla-

208 1758 271 1811 tio
292 1773 408 1811 cum
430 1757 666 1813 Philone
691 1758 826 1813 nihil
851 1759 958 1815 tale
994 1758 1178 1816 itidem
1208 1763 1419 1830 probat.
1456 1762 1590 1815 Nam
1620 1762 1663 1816 si
1700 1762 1766 1815 ad

204 1851 306 1919 ejus
350 1849 489 1905 latus
530 1848 778 1905 ascribas
815 1865 923 1905 non
966 1850 1130 1904 verba
1165 1850 1447 1924 desumpta
1481 1867 1543 1906 ex
1579 1862 1769 1907 catena
1802 1876 1846 1932 Β

203 1941 424 2007 Meursii,
461 1951 522 1995 ut
575 1940 707 1997 fecit
751 1940 838 1995 vir
895 1941 1321 2008 eruditissimus,
1368 1942 1462 1997 sed
1503 1943 1772 2014 integrum

202 2030 429 2089 Philonis
458 2032 643 2087 locum
676 2048 838 2103 quem
880 2032 1050 2088 habes
1071 2048 1220 2087 num.
1248 2032 1340 2098 26,
1372 2030 1555 2088 Graeca
1585 2042 1631 2085 et
1668 2030 1775 2085 La-

203 2125 302 2179 tina
336 2125 388 2180 in
435 2125 702 2181 omnibus
754 2126 1027 2196 repereris
1063 2123 1400 2178 consentire.
1437 2121 1609 2177 Verba
1644 2120 1775 2176 Pbi-

203 2216 331 2274 lonis
365 2217 744 2283 ευιιιεεύθὺς
795 2217 1204 2289 ὑπομιμνήσκει
1256 2216 1319 2269 τὸ
1371 2210 1508 2287 αἷμα
1562 2214 1658 2269 καὶ
1714 2214 1776 2268 τὸ

204 2308 330 2377 ὕδωρ
354 2310 415 2363 τὸ
446 2310 657 2376 «eam
689 2313 748 2364 ἐν
789 2310 866 2382 τῷ
891 2310 1053 2365 πάθει
1083 2312 1148 2364 ὲκ
1171 2309 1416 2381 πλευρᾶς
1440 2306 1536 2361 τοῦ
1578 2307 1773 2379 Ἱησοῦσ

207 2420 225 2452 1
252 2402 574 2476 Ἀποδεσμὸς
602 2405 704 2475 τῆς
729 2406 964 2475 στάκτης
980 2403 1256 2473 ἁδελφιόὀς
1277 2420 1378 2475 μου
1409 2402 1530 2475 ἐμοὶ
1547 2420 1560 2432 σ
1586 2422 1605 2455 1
1639 2402 1777 2473 ὅπερ

204 2493 359 2547 ἐστίν·
405 2495 501 2549 Ἐκ
550 2494 650 2548 τοῦ
702 2495 991 2562 στάξαντος
1035 2494 1245 2562 ὓδατος,
1278 2494 1371 2548 κα)⁵
1402 2494 1654 2565 αἵματος,
1682 2493 1777 2547 καὶ

208 2585 492 2657 πνεύματος
527 2586 630 2641 τοῦ
682 2588 749 2640 ἐκ
777 2587 1017 2659 πλευρᾶς
1052 2585 1239 2651 αὑτοῦ,
1277 2585 1439 2649 αὐτὸς
1470 2584 1659 2655 γέγονέ
1687 2602 1776 2656 μοι

207 2679 433 2747 νυμφίος.
467 2679 632 2749 κάγὼ
653 2678 815 2734 αὐτοῦ
843 2668 1028 2751 νύμφη
1044 2697 1057 2709 ⁸
1092 2679 1285 2750 αἵματι
1314 2679 1412 2750 μὲν
1437 2678 1515 2749 τῷ
1532 2680 1599 2732 ὲκ
1622 2678 1779 2732 πλευ-

209 2770 291 2844 ρᾶς
316 2770 475 2825 αὐτοῦ
502 2770 893 2843 ἀγοραζομένη
918 2771 1067 2842 αὑτῷ
1095 2772 1191 2827 καὶ
1223 2772 1623 2845 συναπτομένη,
1652 2772 1777 2828 ὕδα.

208 2876 250 2913 τι
277 2861 327 2915 δὲ
374 2860 453 2934 τῷ
496 2863 613 2916 ἀπὺ
676 2861 896 2935 σαρκῶν
943 2862 1115 2919 αὐτοῦ
1170 2861 1543 2933 βαπτιζομένη
1599 2860 1775 2932 αὐτῷ,

208 2951 461 3024 πνεύματι
503 2954 566 3008 δὲ
620 2954 699 3026 τῷ
743 2955 853 3008 ἀπὸ
882 2954 1135 3027 θεότητος
1176 2954 1341 3009 αὑτοῦ
1374 2955 1777 3028 συγκρινομένη

212 3043 339 3115 αὐτῷ
381 3046 476 3099 καὶ
508 3045 892 3117 τελειουμένη.
935 3046 1066 3113 Qua:
1104 3046 1283 3101 omnia
1337 3044 1532 3102 Latine
1566 3047 1776 3101 reddita

208 3151 476 3219 cognpsces
519 3140 581 3194 in
621 3138 960 3209 Epiphanio:
990 3138 1096 3194 Per
1150 3150 1353 3210 guttam
1408 3141 1587 3209 itaque
1635 3157 1778 3195 com-

210 3241 438 3283 memorat
467 3242 515 3285 et
566 3233 879 3303 sanguinem
909 3242 956 3286 et
990 3250 1203 3302 aquam,
1239 3249 1356 3304 qua:
1398 3233 1666 3303 ﬂuxerunt
1712 3235 1775 3288 de
1803 3219 1846 3280 (ἶ

209 3318 343 3374 latere
373 3321 523 3380 Jesu.
571 3342 594 3375 s
616 3321 946 3388 Fasciculus,
968 3343 987 3377 1
1042 3325 1232 3396 inquit,
1267 3343 1287 3377 t
1311 3335 1469 3395 gutta:
1499 3324 1773 3394 fratruelis

210 3428 330 3468 mus
362 3416 520 3481 mihi;
543 3436 565 3469 s
600 3433 662 3470 ac
679 3419 724 3471 si
744 3417 974 3471 diceret:
1004 3415 1088 3471 Ea:
1109 3435 1246 3488 aqua
1274 3417 1354 3471 vel
1376 3418 1633 3489 sanguine
1652 3433 1771 3487 quia

210 3504 399 3559 Itiliuvit
427 3524 493 3562 ea:
529 3509 651 3578 ejus
684 3508 867 3576 latere,
908 3510 1017 3580 ipse
1044 3511 1174 3565 mihi
1208 3510 1382 3579 factus
1411 3527 1633 3580 sponsus
1672 3522 1769 3575 est,

212 3609 249 3651 tt
270 3615 352 3668 ego
373 3603 417 3655 ei
451 3619 687 3673 sponsa;
713 3605 970 3673 sanguine
993 3604 1203 3676 quidem
1232 3618 1297 3658 ea:
1321 3603 1435 3673 ejus
1463 3602 1628 3658 latere
1646 3620 1772 3672 pro-

211 3692 400 3760 ﬂuente,
423 3712 529 3765 quo
557 3698 609 3750 ei
639 3698 908 3766 redempta
932 3709 981 3750 et
1014 3705 1286 3766 corequata
1309 3711 1460 3761 sum;
1486 3711 1623 3766 aqua
1653 3711 1772 3749 vero

213 3791 363 3842 carnis
380 3787 518 3858 ejus,
548 3804 642 3853 per
665 3804 825 3858 quam
861 3788 908 3841 ei
948 3787 1216 3857 baptizata
1242 3805 1360 3842 sum
1396 3800 1551 3858 atque
1572 3788 1771 3859 clariﬁ-

214 3889 347 3944 cata;
379 3881 580 3949 spiritu
602 3895 742 3942 vero,
770 3896 874 3950 quo
909 3880 1177 3935 divinitati
1220 3879 1334 3949 ejus
1361 3880 1609 3949 copulata
1630 3897 1769 3947 sum,

215 3976 255 4021 rt
271 3980 627 4026 consummata
650 3971 954 4041 dignoscor.

271 4078 499 4152 Denique
529 4081 708 4135 locum
745 4080 1028 4157 Epiphanii
1062 4097 1116 4151 p.
1145 4084 1239 4150 23,
1277 4085 1345 4140 ad
1380 4101 1442 4141 ea
1469 4086 1611 4141 sacri
1645 4097 1766 4142 tex-

216 4179 288 4225 tus
329 4176 487 4228 verba
520 4191 536 4225 :
566 4170 699 4227 Filii
761 4174 946 4227 matris
993 4190 1121 4228 mea:
1177 4189 1533 4249 pugnaverunt
1582 4187 1767 4234 contra

216 4279 299 4324 616.
316 4275 440 4329 etc.,
462 4275 520 4321 et
545 4279 881 4335 v.seqttent.,
904 4264 1199 4320 Posuerunt
1245 4283 1326 4321 me
1346 4270 1633 4335 custodem,
1656 4280 1762 4326 etc.

218 4356 388 4439 (quem
422 4358 600 4413 locum
645 4360 771 4423 huc,
802 4367 859 4411 ut
893 4358 1055 4427 paulo
1083 4358 1385 4428 longiorem
1443 4361 1588 4430 piget
1621 4373 1769 4416 ira"-

218 4451 473 4522 scribere),
502 4450 756 4506 collatum
787 4468 909 4509 cum
939 4463 1131 4507 catena
1158 4451 1374 4507 Meursii
1406 4469 1527 4524 pag.
1555 4454 1641 4521 16,
1675 4456 1767 4518 de-

1876 606 2023 664 ferre
2054 607 2203 663 velit.

1949 701 2142 770 Epiph.
2184 701 2310 756 1:5.
2353 700 2480 757 1'58.
2524 700 2647 756 117.
2690 699 2816 753 us.
2860 700 2983 753 156.
3023 697 3143 770 157.
3186 697 3311 770 166.

1944 768 2107 827 Philo
2173 772 2302 828 118.
2343 772 2467 828 145.
2507 772 2633 828 151.
2674 770 2800 825 152.
2842 770 2966 824 160.
3010 769 3133 823 161.
3172 768 3295 823 170.

1943 930 2131 999 Epiph.
2178 929 2302 985 165.
2344 929 2468 986 166.
2510 891 2799 987 475.779.
2841 932 2963 988 181.

1943 1001 2102 1056 Philo
2168 1002 2293 1057 171.
2336 1001 2457 1057 172.
2499 1000 2620 1059 182.
2667 1002 2788 1057 188.

1949 1162 2144 1231 Epiph.
2185 1163 2309 1219 188.
2351 1163 2478 1220 206.
2517 1125 2813 1219 ξιξ-618.
2851 1163 2978 1219 225.
3018 1165 3143 1219 eas.
3184 1165 3308 1221 229.

1947 1234 2106 1288 Phila
2185 1236 2310 1291 196.
2350 1237 2477 1292 216.
2516 1236 2645 1292 224.
2686 1234 2812 1289 228.
2851 1235 2980 1290 255.
3017 1235 3145 1289 237.
3180 1235 3307 1294 258.

1948 1388 2140 1462 Epiph.
2184 1392 2313 1448 230.
2353 1393 2480 1450 257.
2521 1395 2646 1450 258.
2685 1397 2813 1454 259.
2851 1399 2979 1454 240.

1941 1461 2100 1517 Philo
2188 1462 2313 1520 259.
2355 1464 2481 1520 246.
2523 1466 2648 1523 247.
2688 1469 2813 1523 218.
2854 1469 2977 1527 249.

1871 1616 2093 1675 Cmterae
2158 1637 2347 1680 onmes
2402 1627 2537 1681 nihil
2579 1630 2721 1685 inter
2751 1646 2808 1685 se
2837 1630 3147 1701 discrepant
3186 1636 3456 1691 sententia

1869 1720 1925 1766 et
1981 1716 2182 1780 verbis,
2238 1720 2524 1788 perpaucis
2583 1723 2823 1791 exceptis
2868 1739 3142 1791 :quarum
3206 1725 3455 1796 quasdam

1875 1809 2213 1862 concordant
2239 1825 2344 1865 non
2369 1811 2571 1880 verbis,
2602 1814 2696 1869 sed
2729 1815 3026 1882 sententia;
3054 1817 3299 1886 quaedam
3329 1831 3456 1887 par-

1880 1898 1974 1953 tim
2012 1901 2305 1967 sententia,
2330 1905 2527 1973 partim
2553 1907 2769 1975 verbis;
2805 1916 2859 1962 et
2890 1908 2941 1961 in
2971 1908 3039 1964 iis
3061 1909 3199 1980 apud
3229 1909 3460 1982 Epipha-

1884 1991 2033 2046 nium
2079 1992 2281 2063 aliquid
2334 1995 2419 2052 vel
2485 1999 2811 2066 detractum,
2849 2000 2933 2055 vel
2972 2000 3176 2071 aliquid
3219 2004 3458 2059 additum

1878 2099 1999 2140 esse
2024 2084 2466 2156 deprehenditur.
2495 2088 2857 2157 Quamobrem
2878 2092 3283 2164 Epiphanianus
3306 2111 3460 2152 com-

1880 2175 2181 2229 mentarius
2207 2174 2330 2244 jure
2366 2179 2581 2234 censeri
2613 2188 2794 2251 potest
2833 2180 3138 2238 Pbiloniani
3201 2183 3461 2254 interpre~

1879 2265 2034 2331 talio,
2066 2280 2151 2330 ac,
2180 2274 2239 2321 ut
2277 2268 2358 2322 ait
2399 2268 2660 2339 Lequien,
2706 2271 2824 2328 loco
2860 2287 3008 2341 supr.
3044 2275 3222 2341 citat.,
3257 2274 3455 2332 Latina

1818 2390 1823 2393 -
1882 2355 2189 2425 translatio,
2211 2376 2244 2412 a
2266 2357 2452 2415 erco
2480 2362 2658 2416 codice
2680 2364 2965 2419 admodum
2989 2366 3312 2438 discrepans.

1950 2448 2006 2505 In
2037 2464 2103 2505 ea
2142 2459 2320 2507 autem
2365 2454 2690 2523 quaestione,
2739 2466 2919 2513 utrum
2968 2457 3125 2515 Philo
3167 2459 3460 2534 Carpasius

1880 2544 2193 2615 episcopus,
2219 2561 2287 2601 an
2310 2544 2469 2603 Philo
2491 2545 2819 2622 Carpathius
2843 2553 3294 2609 commentarium
3322 2556 3459 2611 scri-

1878 2636 2051 2706 pserit
2072 2638 2127 2692 in
2159 2637 2434 2693 Canticum
2462 2641 2808 2708 canticorum,
2837 2641 3069 2700 ﬁdenter
3094 2660 3228 2702 sane
3258 2647 3450 2703 doctus

1885 2729 1971 2781 vir
2009 2731 2321 2798 pronuntiat
2364 2730 2467 2802 (a),
2503 2741 2563 2785 ut
2596 2733 2705 2786 dixi
2756 2749 2939 2806 supra,
2990 2751 3190 2792 vanum
3238 2740 3459 2796 omnino

1879 2834 2000 2875 esse
2046 2832 2436 2890 commentum,
2474 2821 2756 2879 Philonem
2798 2811 3014 2881 66111661
3054 2826 3208 2897 cujus
3251 2832 3456 2887 mentio

1879 2921 1964 2965 est
1985 2913 2128 2981 apud
2154 2910 2622 2983 Polybium,il|ins
2658 2918 3041 2974 commentarii
3070 2919 3244 2976 luisse
3269 2933 3459 2978 aucto~

1880 3017 2016 3057 rem.
2056 3002 2118 3057 Et
2165 3003 2407 3072 profecto
2434 3015 2681 3061 veterum
2717 3008 3042 3064 auctoritate
3073 3009 3170 3063 niti
3195 3024 3355 3079 posse
3387 3012 3459 3065 vi-

1882 3093 2068 3160 detur;
2101 3109 2245 3161 cum,
2278 3096 2370 3165 qui
2398 3095 2716 3167 Carpasium
2748 3098 2941 3154 doceat
2982 3100 3140 3155 talem
3174 3103 3459 3173 scripsisse

1880 3188 2352 3259 commentarium,
2406 3186 2665 3244 invenias'
2702 3205 2769 3245 ex
2827 3191 3099 3248 veteribus
3159 3196 3459 3253 neminem.

1882 3276 2083 3333 Contra
2122 3278 2353 3335 Cosmas
2396 3281 2659 3352 Egyptius
2708 3281 2860 3337 illum
2911 3283 3059 3340 clare
3105 3283 3457 3356 Carpathium

1880 3371 2162 3438 nominat;
2190 3381 2245 3427 et
2283 3371 2503 3442 Suidas,
2536 3384 2595 3429 ut
2639 3374 2844 3431 dictum
2875 3384 2978 3438 est.
3016 3378 3220 3435 diserte
3262 3380 3458 3450 inquit,

1878 3461 2053 3516 Φίλων
2087 3463 2407 3535 Καρπάθιος
2448 3464 2686 3539 ἔγραψεν
2734 3468 3036 3541 ὑπόμνημα
3067 3471 3155 3539 εἰς
3169 3470 3234 3524 τὸ
3255 3465 3457 3544 ’ᾼσμα

1878 3551 1999 3627 τῶν
2021 3552 2324 3623 ᾀσμάτων.
2355 3555 2421 3611 Et
2458 3566 2636 3612 tamen
2676 3558 2806 3612 nihil
2851 3574 2915 3613 ea
2950 3561 3157 3617 ratione
3201 3563 3479 3617 commoti'

1877 3646 1978 3702 viri
2010 3648 2174 3715 docti,
2204 3663 2419 3719 magna,
2456 3650 2595 3719 quod
2625 3649 2842 3705 Graecos
2870 3651 3082 3708 codices
3112 3653 3345 3710 fortasse
3376 3656 3454 3709 in-

1878 3741 2176 3809 spexerint,
2194 3740 2387 3798 ﬁducia
2413 3741 2731 3814 Carpasium
2762 3743 2881 3823 ejus
2908 3748 3289 3802 commentarii
3316 3752 3459 3804 scri-

1883 3843 2091 3900 ptorem
2146 3832 2319 3889 fuisse
2376 3837 2819 3904 pronuntiarunt,
2871 3836 3149 3903 Garetius.
3189 3838 3455 3909 Lequien,

1877 3920 2184 3977 Holstenlus
2199 3936 2215 3987 ;
2233 3937 2298 3978 ex
2312 3922 2506 3993 quibus
2520 3923 2826 3980 Holstenius
2843 3927 3039 3983 diserte
3054 3926 3286 3981 aﬁirmat
3300 3929 3458 3997 vulgo

1877 4014 2015 4070 male
2036 4015 2291 4085 appellari
2308 4016 2677 4086 Carpathium.
2697 4019 2921 4072 Allatius
2937 4032 3115 4075 autem
3140 4021 3281 4075 hanc
3306 4021 3458 4075 vide-

1879 4116 1963 4160 tur
1989 4106 2240 4163 dirimere
2253 4110 2699 4165 controversiam.
2718 4108 2813 4164 1116
2830 4113 2972 4166 6111111
2987 4114 3038 4166 111
3060 4114 3224 4169 citata
3243 4114 3307 4166 de
3326 4111 3456 4166 Phi-

1875 4198 2080 4252 louibus
2131 4199 2379 4265 diatriba,
2411 4200 2575 4257 allato
2602 4202 2840 4272 epistola:
2869 4204 3150 4274 Epiphanii
3183 4206 3250 4260 ad
3289 4204 3454 4260 Joan-

1876 4305 1996 4345 nem
2022 4290 2566 4364 ﬂierosolymitauum
2592 4294 2712 4349 loco
2744 4311 2904 4365 quem
2963 4297 3214 4365 superius
3266 4297 3454 4352 attuli-

1875 4384 2459 4447 mus,ubisanctusille
2479 4387 2667 4441 doctor
2696 4388 3023 4442 mentionem
3049 4386 3179 4442 facit
3212 4386 3455 4443 Philonis

1874 4475 2129 4544 episcopi,
2152 4476 2329 4531 subdit
2348 4476 2608 4542 :Adverte,
2634 4477 2814 4543 lector,
2838 4476 3115 4531 Philonem
3137 4477 3276 4531 hunc
3294 4477 3455 4546 fuisse

219 4550 464 4597 curtatum
494 4545 712 4614 quidem
747 4544 1142 4614 deprehendes,
1172 4543 1270 4598 sed
1296 4546 1437 4614 apud
1484 4545 1766 4603 Pbiionem

1878 4543 2171 4636 episcopum
2193 4568 2419 4638 regionis
2453 4585 2570 4638 quae
2610 4570 2850 4639 proxima
2885 4579 2998 4623 erat
3024 4543 3303 4639 parochin
3324 4567 3456 4638 Epi-

220 4646 346 4687 num.
381 4636 468 4697 15.
504 4635 691 4691 Graeca
742 4637 889 4691 omni
921 4653 988 4691 es
1040 4649 1194 4706 parte
1240 4638 1449 4694 Latinis
1492 4642 1610 4696 sine
1663 4641 1771 4696 ulla

223 4723 557 4784 diminutione
592 4728 976 4798 respondentia
1005 4730 1190 4785 omnia
1221 4731 1486 4801 reperies.

280 4840 351 4896 Ex
376 4843 556 4899 allatis
584 4843 750 4914 igitur
787 4844 921 4900 locis
962 4847 1393 4903 commentarius
1418 4848 1508 4918 qui
1540 4848 1775 4921 Epipha-

226 4930 301 4986 nio
325 4936 589 5000 tribuitur,
628 4952 770 4993 unus
801 4937 1052 5008 idemque
1090 4938 1309 4993 videtur
1330 4953 1453 4994 esse
1474 4955 1600 4995 cum
1620 4957 1772 4995 com-

224 5029 467 5082 mentario
518 5027 780 5083 Philonis.
817 5028 872 5084 Id
904 5040 1085 5085 autem
1116 5045 1182 5086 eo
1216 5032 1432 5087 videtur
1456 5032 1767 5089 conﬁrmari

224 5127 361 5181 posse
388 5120 636 5186 validius,
671 5122 815 5191 quod
853 5137 919 5177 ex
946 5121 1196 5177 ducentis
1228 5125 1769 5196 undequinquaginta

226 5207 668 5273 explanationibus
716 5212 771 5267 in
824 5212 1202 5283 Epiphaniam
1251 5219 1644 5273 commentario
1675 5220 1771 5281 vi-

225 5297 341 5364 ginti
372 5312 599 5370 quatuor
641 5306 1020 5361 tantummodo
1052 5321 1081 5360 a
1127 5305 1465 5363 Philonianis
1504 5311 1771 5366 sententia

232 5385 333 5451 ipsa
375 5391 699 5464 discrepant,
743 5409 881 5464 quas
927 5397 980 5451 in
1024 5397 1269 5467 subjecta
1323 5398 1518 5454 tabella
1551 5400 1774 5455 exhibe-

231 5493 352 5535 mus.
389 5482 442 5536 In
470 5500 528 5539 ea
553 5485 782 5557 singulis
818 5489 1061 5544 numeris
1088 5490 1286 5560 quibus
1321 5491 1428 5546 illas
1459 5493 1777 5563 explicatio-

237 5584 319 5624 nes
364 5584 607 5631 notantur
634 5578 688 5631 in
739 5577 1027 5650 Epiphanii
1087 5585 1500 5649 commentario,
1531 5585 1779 5655 singulos

236 5674 466 5721 numeros
489 5669 807 5739 subjicimus
834 5673 1076 5742 adjectos
1100 5674 1563 5751 explicationibus
1592 5676 1779 5737 Philo.-

293 5844 365 5925 (ej
399 5849 603 5915 l‘m'lal.
635 5856 701 5911 ad
734 5870 1024 5916 comment.
1054 5859 1315 5936 Epiphan.
1345 5879 1466 5940 pag.
1502 5863 1601 5927 26...

1876 4658 2077 4726 phanii,
2102 4660 2302 4714 scilicet
2327 4661 2382 4715 in
2406 4662 2589 4715 eadem
2611 4662 2789 4716 insula
2817 4659 2980 4730 Cypri
3005 4661 3064 4714 in
3100 4661 3310 4715 civitate
3330 4658 3456 4714 Car-

1875 4751 2013 4819 pasii
2045 4767 2063 4804 :
2089 4768 2182 4807 nec
2244 4751 2418 4807 obstat
2460 4769 2745 4823 cognomen
2795 4751 3092 4823 Carpathii.
3138 4753 3280 4807 Licet
3317 4752 3456 4806 enim

1876 4840 2193 4913 Carpathius
2213 4864 2244 4899 u
2278 4844 2544 4916 Carpatho
2568 4862 2726 4916 prope
2749 4845 2939 4901 Chium
2976 4846 3207 4906 insulam
3232 4864 3264 4900 a
3285 4845 3457 4916 Cypro

1877 4947 2127 5002 distante,
2174 4942 2220 4993 si
2259 4938 2570 5009 geographis
2604 4941 2867 4995 credimus
2912 4940 2981 5009 (a
3027 4957 3135 5010 qua
3178 4949 3226 4994 et
3275 4950 3454 5003 natum

1876 5037 2123 5107 adagium
2173 5035 2202 5086 ὁ
2254 5031 2575 5105 Καρπάθιος
2622 5032 2713 5085 τὸν
2754 5031 2990 5101 λαγωόν,
3011 5041 3061 5087 et
3093 5050 3239 5087 mare
3276 5034 3447 5103 ipsum

1877 5126 2219 5197 Carpathium
2283 5123 2751 5194 cognominatum)
2804 5124 3044 5178 videatur
3126 5124 3450 5189 deductum;

1877 5229 1923 5274 et
1945 5216 2249 5283 aCurpasio
2286 5213 2466 5285 Cypri,
2504 5212 2578 5267 vel
2625 5213 2947 5286 Καρπασιᾳ,
2998 5215 3078 5269 vel
3102 5214 3452 5286 Καρπασείᾳ,

1876 5311 1953 5367 vel
1974 5308 2286 5381 Καρὸασίᾳ,
2317 5288 2694 5375 Carpaseotes,
2745 5307 2849 5361 sive
2906 5307 3065 5361 etiam
3119 5322 3236 5360 cum
3289 5296 3453 5361 Theo-

1880 5417 2067 5472 pompa
2093 5400 2423 5471 Carpasseus
2450 5398 2695 5462 dicatur:
2727 5407 2899 5453 tamen
2937 5399 3076 5452 scias
3114 5399 3213 5452 hoc
3257 5398 3465 5469 Carpa-.

1883 5492 2018 5546 sium
2047 5508 2078 5544 a
2108 5489 2377 5544 nonnullis
2418 5498 2466 5542 et
2509 5490 2770 5558 praecipue
2822 5486 3105 5558 Xenagora
3139 5486 3462 5557 Carpat/tum

1886 5582 2228 5654 appellatum,
2254 5598 2286 5635 a
2311 5597 2413 5653 quo
2434 5580 2545 5637 sine
2577 5582 2735 5633 dubio
2781 5578 3100 5651 Carpathius
3128 5579 3211 5649 ﬁt.
3237 5581 3454 5653 Stepha-

1891 5694 1988 5741 nus
2014 5692 2033 5731 :
2060 5674 2369 5748 Καρπόισιιιι¹
2390 5673 2545 5739 πόλις
2576 5672 2824 5747 Κύπρῡυ,
2854 5672 2921 5746 ἢν
2950 5670 3282 5747 Πυγμαλίων
3315 5675 3457 5735 Exn-
