3862 6270
342 369 412 431 25
1448 380 1539 437 ΡΗ
1546 383 1657 440 1ιο
1695 386 2100 446 CARPASIUS
2139 390 2543 448 EPISCOPUS.
3150 408 3151 411 ‘
3539 395 3628 454 24

343 506 456 553 σεν,
493 487 568 552 ὡς
605 487 913 554 Ἑλλάνικος
955 492 1012 544 ὲν
1043 495 1428 564 Κυπριακοῖς.
1452 499 1727 567 Διονύσιος
1755 503 1810 557 δὲ
1839 505 1926 559 διὰ

2036 510 2085 564 in
2123 510 2260 565 locis
2292 509 2689 566 contractiores
2715 507 2940 564 exhibet
2978 508 3410 577 explanationes,
3444 527 3624 582 quam

342 580 629 650 διφθόγγου
683 583 1044 654 Καρπάσειαν
1089 589 1258 660 αὑτήν
1283 608 1448 662 φησιν
1487 596 1545 647 ἐν
1571 596 1740 667 τρίτῳ
1776 601 1926 654 Βασ-

341 669 605 739 σαρικῶν
630 686 644 700 ⁸

351 761 465 814 Ἠδ⁵’
500 765 714 818 ὀπόσοι
745 769 800 820 1(
800 769 1057 836 ιγύρειον
1086 768 1161 822 ἴδ’
1190 773 1473 841 αἰπεινὴν
1512 773 1923 842 Κραπάσειαν.

343 853 501 909 Ἔστι
531 857 624 910 καὶ
659 859 820 930 νῆσος
851 863 1149 933 Καρπασέα
1173 867 1314 918 κατὰ
1344 866 1444 938 τὴν
1466 870 1644 941 ἄκραν
1662 871 1760 943 τὴν
1787 875 1928 945 Σαρ-

244 1030 251 1034 _
343 948 624 1020 πηδονίαν.
673 951 982 1026 Ξεναγόρας
1035 955 1092 1010 δὲ
1143 958 1443 1030 Κάρπαθον
1500 963 1669 1034 αὐτὴν
1733 967 1922 1020 καλεῖο

342 1042 652 1114 Δημήτριος
703 1045 759 1099 δὲ
805 1047 833 1098 ὁ
885 1047 1214 1120 Σαλαμίνιος
1257 1053 1580 1124 Καρϐασίαν
1624 1059 1808 1128 φησὶν,
1844 1060 1925 1112 ὅτι

342 1131 480 1202 πρὸς
515 1133 606 1186 τὸν
634 1133 964 1206 καλούμενον
989 1138 1189 1208 ἄνεμον
1224 1143 1437 1197 κεῖσθαι
1460 1144 1624 1199 δοκεῖ.
1656 1147 1928 1205 Hactenus

342 1224 592 1291 Allatius,
628 1228 717 1298 qui
743 1243 960 1284 versum
991 1247 1056 1285 ex
1086 1232 1342 1304 Dionysio
1374 1236 1594 1292 allatum
1634 1255 1663 1292 a
1692 1239 1926 1308 Stepha-

342 1331 413 1369 no
452 1331 642 1370 sattttm
668 1320 910 1385 exhibet,
940 1330 998 1374 ιιι
1025 1332 1111 1376 est
1139 1323 1191 1377 in
1225 1325 1556 1382 editioniltus
1582 1344 1701 1398 qum
1732 1331 1929 1386 Berke-

343 1408 540 1462 lianam
579 1421 1000 1478 prmceSserunt,
1039 1415 1090 1468 in
1123 1429 1230 1484 qua
1263 1417 1379 1486 ipse
1409 1418 1688 1476 Berkelius
1721 1422 1772 1476 in
1809 1433 1927 1478 tex-

342 1507 453 1553 tum
475 1501 696 1556 admisit
725 1518 876 1556 suam
909 1507 1368 1573 emendationem,
1398 1528 1500 1580 qua
1526 1529 1742 1567 versum
1770 1516 1918 1570 illum

341 1591 675 1658 depravavit.
729 1593 906 1648 Edidit
940 1595 1084 1649 enim

354 1681 468 1737 Ἠδ’
492 1685 708 1740 ὀπόσοι
736 1688 1050 1757 Κινύρειον
1090 1691 1183 1759 ἠδ’
1212 1694 1473 1763 ἅπτειν-ὴν
1516 1700 1922 1768 Καρπάσειαν,

341 1783 396 1827 et
434 1775 512 1830 sic
552 1779 767 1832 tertium
809 1789 862 1834 et
897 1783 1144 1850 quintum
1179 1784 1490 1841 claudicare
1527 1788 1657 1843 facit
1704 1791 1922 1856 pedem.

341 1861 433 1918 Illa
485 1875 665 1920 autem
715 1867 1016 1924 litterarum
1072 1874 1390 1930 metathesis
1441 1876 1493 1930 in
1529 1892 1663 1932 voce
1696 1879 1922 1949 Κραπά-
1959 1858 2000 1912 Β

342 1974 490 2011 σειαν
527 1959 714 2013 eadem
744 1969 846 2026 est,
876 1978 1036 2033 quam
1075 1962 1340 2021 Homerus
1382 1968 1630 2024 adhibuit
1663 1968 1825 2025 Iliad.
1859 1972 1923 2038 Β,

343 2065 486 2105 vers.
521 2050 624 2104 676
659 2068 674 2104 :

344 2144 409 2196 Ol
431 2141 484 2196 δ’
505 2143 619 2212 ἄρα
639 2144 910 2214 Νίσυρόν
927 2148 976 2201 τ’
991 2144 1178 2219 εἶχον,
1199 2149 1522 2220 Κράπαθόν
1538 2171 1602 2208 τε
1617 2159 1824 2211 Κασόν
1839 2175 1922 2212 τε.

344 2236 450 2291 Sed
485 2238 588 2294 hoc
640 2240 698 2292 ὲν
739 2241 977 2314 παρόδῳ.

411 2327 678 2384 Caeterum
735 2332 790 2386 in
853 2333 940 2390 his
992 2335 1202 2391 duabus
1256 2340 1768 2408 qumstionibusﬂ'
1796 2359 1924 2399 num

341 2426 762 2482 commentarius
808 2425 1037 2483 Latinus
1065 2444 1096 2483 e
1132 2429 1388 2486 Vaticana
1435 2433 1764 2492 bibliotheca
1795 2452 1925 2507 pro-

343 2509 481 2567 latus
511 2527 638 2568 vere
679 2516 748 2570 sit
801 2516 1120 2587 Epiphanii;
1152 2520 1211 2574 2⁸
1237 2537 1364 2576 num
1411 2523 1568 2580 Philo
1603 2527 1928 2598 Carpathius

342 2619 502 2672 quem
551 2607 746 2664 Suidas
798 2611 964 2664 tradit
1015 2613 1301 2684 scripsisse
1329 2618 1385 2670 in
1417 2616 1638 2672 Cantica
1695 2623 1928 2676 cantico-

345 2714 484 2766 rum,
517 2699 660 2755 idem
709 2702 782 2758 sit
821 2705 917 2773 qui
953 2705 1244 2775 Carpasius
1282 2710 1436 2782 cujus
1488 2729 1683 2768 nomen
1730 2715 1924 2785 prtele-

343 2799 472 2846 runt
522 2793 740 2850 codices
777 2794 988 2865 Graeci;
1021 2814 1142 2869 quae
1175 2810 1302 2856 sunt
1340 2817 1371 2857 a
1403 2819 1488 2859 me
1519 2806 1779 2863 hactenus
1811 2810 1926 2865 dis-

343 2891 550 2951 putata,
599 2885 735 2941 satis
792 2902 915 2944 esse
964 2889 1261 2948 lectoribus
1310 2895 1570 2964 arbitror,
1609 2914 1716 2968 quo
1773 2916 1926 2956 suam

344 2975 490 3029 l'erre
510 2979 839 3034 sententiam
868 2984 1100 3052 possint,
1125 2985 1211 3040 vel
1236 2987 1412 3045 adhuc
1441 3004 1550 3045 non
1571 2991 1780 3063 liquere
1799 3008 1928 3064 pro-

346 3067 616 3123 nuntient.

414 3159 504 3215 lll.
541 3161 620 3217 De
658 3161 884 3220 Philone
941 3166 1170 3239 ejusque
1225 3176 1623 3231 commentario
1669 3178 1927 3234 disserui.

345 3249 526 3320 Nunc,
560 3257 702 3325 quod
748 3257 904 3314 initio
933 3263 1215 3330 pr0posui,
1247 3265 1314 3320 de
1336 3265 1580 3336 ejusdem
1607 3271 1932 3343 interpreta-

348 3345 587 3402 tionibus
635 3347 926 3406 dicendum
985 3364 1088 3409 est.
1152 3355 1442 3427 Epiphanii
1495 3360 1742 3419 Latinum
1782 3382 1933 3421 com-

348 3437 674 3490 mentarium
704 3438 757 3491 in
798 3438 1240 3502 adnotationibus
1267 3463 1406 3514 quas
1442 3451 1508 3503 ad
1538 3453 1781 3513 Philonis
1824 3470 1935 3513 tex-

348 3531 462 3577 tum
504 3524 708 3594 adjeci,
759 3536 977 3583 veterem
1023 3533 1508 3603 interpretationem
1539 3559 1693 3610 voco,
1731 3557 1785 3602 et
1841 3552 1932 3618 qui

347 3627 468 3667 eam
499 3617 819 3684 composuit.
851 3617 1138 3680 brevitatis
1166 3634 1540 3688 tantummodo
1567 3639 1762 3705 gratia,
1789 3617 1932 3695 vete-

347 3722 461 3759 rem
498 3707 836 3778 interpretem
869 3715 1102 3785 appello.
1143 3717 1220 3775 De
1263 3736 1369 3791 quo
1395 3723 1712 3796 interprete,
1746 3731 1791 3785 si
1819 3733 1936 3803 qui-

349 3797 472 3854 dem
515 3800 585 3854 sit
615 3800 949 3872 Epiphanius
981 3807 1353 3869 Scholasticus
1382 3832 1540 3885 quem
1576 3797 1934 3882 Cassiodorus

349 3889 472 3945 loco
498 3907 663 3960 supra
707 3894 875 3949 citato
905 3912 1319 3967 commemorat,
1354 3905 1482 3960 illud
1521 3909 1651 3964 ntihi
1694 3912 1747 3966 in
1783 3929 1935 3969 men-

352 3995 460 4038 tem
490 3986 657 4050 veuit,
689 3987 836 4056 quod
865 3990 932 4045 de
975 3990 1066 4046 illo
1087 3992 1357 4062 judicavit
1394 3995 1625 4057 lluetius
1646 4001 1724 4056 De
1753 4005 1935 4060 inter-

349 4078 640 4145 pretatione
675 4078 812 4134 libro
843 4082 1116 4137 secundo:
1148 4083 1498 4155 Epiphanius,
1533 4091 1727 4162 inquit,
1762 4095 1933 4151 Scho-

350 4170 568 4225 lasticus
595 4171 893 4241 Socratem,
927 4174 1279 4232 Sozomenum
1317 4192 1366 4235 et
1409 4180 1790 4243 Theodoretum
1827 4187 1935 4244 La-

350 4263 460 4317 tine
513 4280 794 4333 exponens,
826 4283 1011 4322 nomen
1048 4285 1204 4323 suum
1254 4272 1393 4327 inter
1438 4275 1622 4331 doctos
1670 4280 1929 4337 traduxit.

350 4355 539 4410 Grccca
576 4358 833 4426 siquidem
857 4359 942 4414 vix
967 4373 1236 4416 assecutus
1256 4375 1370 4429 est;
1399 4376 1448 4420 et
1475 4369 1522 4421 si
1551 4385 1670 4438 qua:
1693 4372 1829 4439 forte
1852 4373 1936 4426 ina

351 4449 572 4511 tellexit.
603 4468 663 4505 ea
690 4468 752 4506 ne
769 4470 800 4506 a
818 4456 1043 4523 posteris
1086 4457 1522 4526 intelligerentur,
1543 4467 1787 4529 obscura,
1811 4467 1934 4520 baro

2031 621 2154 676 quae
2201 613 2328 660 sunt
2381 604 2434 659 in
2475 602 2666 658 Graeco
2711 602 2956 657 Philonis
3013 604 3433 670 commentario;
3471 619 3626 675 saepe

2031 697 2182 752 addit
2219 711 2341 766 quae
2401 695 2724 751 sententiam
2776 695 2948 766 ipsam
2997 694 3242 751 Philonis
3289 695 3372 750 vel
3416 698 3625 751 obtun.

2029 792 2198 855 dunt,
2242 789 2327 845 vel
2383 797 2665 855 evertunt,
2716 787 2801 844 vel
2857 803 3045 844 errore
3097 789 3280 858 aliquo
3340 789 3624 842 inliciunt.

2029 881 2293 952 Exemplo
2326 883 2434 936 sint
2467 880 2558 935 illa
2587 896 2713 953 pag.
2740 882 2830 948 Μ,
2862 880 2960 936 lin.
2991 882 3078 944 l7,
3127 879 3247 934 Non
3287 883 3425 934 enim
3461 882 3626 935 solvi.

2030 975 2164 1030 velut
2199 975 2440 1039 ebrietas,
2469 985 2524 1027 ut
2564 974 2869 1028 obscuratur
2891 975 3006 1044 quis
3046 982 3282 1037 corruat,
3305 983 3411 1028 etc.
3437 971 3630 1027 Locus

2029 1078 2113 1124 est
2161 1069 2213 1123 in
2249 1068 2440 1123 Graeco
2487 1065 2735 1120 Philonis
2788 1066 3179 1120 commentario
3220 1081 3369 1120 num.
3396 1065 3459 1119 Η
3491 1087 3504 1121 :
3537 1063 3629 1119 Οὐ

2029 1161 2138 1233 γὰρ
2184 1159 2302 1214 λύει
2343 1177 2410 1230 με
2449 1157 2703 1230 ὥσπερὴ
2748 1158 2883 1229 μέθη
2926 1156 3084 1212 τοῦτο
3124 1157 3311 1228 πόμα,
3351 1175 3406 1210 κ.
3444 1173 3497 1210 τ.
3539 1155 3632 1222 λ.,

2031 1270 2259 1323 quorum
2306 1255 2633 1309 sententiam
2671 1252 2880 1306 dolebis
2933 1252 3001 1304 ab
3054 1251 3348 1318 interprete
3385 1263 3630 1303 enerva-

2032 1350 2144 1394 tam
2197 1357 2322 1410 pag.
2368 1341 2453 1406 l7,
2506 1342 2571 1396 ad
2624 1340 2714 1394 illa
2770 1339 2935 1395 verba
2973 1358 2986 1394 :
3024 1338 3152 1393 Ideo
3215 1338 3639 1393 adolescentuli:

2031 1435 2331 1488 dilexerunt
2395 1443 2480 1498 te,
2540 1431 2943 1499 explanationis
2993 1430 3327 1486 Philonianae
3392 1444 3631 1485 sensum

2032 1542 2182 1580 num.
2206 1525 2242 1580 4
2264 1567 2280 1592 ,
2331 1540 2436 1579 non
2483 1536 2568 1580 est
2603 1534 2907 1578 assecutus.
2962 1522 3052 1577 Sic
3087 1538 3210 1592 pag.
3235 1522 3335 1587 22,
3380 1522 3474 1576 lin.
3507 1521 3577 1575 i3
3607 1541 3628 1577 :

2032 1614 2157 1668 Non
2196 1616 2335 1668 enim
2371 1623 2490 1668 erat
2536 1613 2780 1668 sensibile
2816 1612 2954 1681 quod
3003 1613 3228 1679 dicebat,
3277 1615 3365 1668 sed
3411 1615 3472 1666 de
3511 1615 3626 1667 ista

2031 1720 2142 1763 erat
2174 1709 2305 1772 sole,
2329 1716 2457 1768 elc.,
2479 1722 2599 1776 qme
2623 1707 2838 1774 quidem
2875 1705 3015 1760 inter
3042 1721 3101 1760 se
3132 1715 3391 1776 pugnant.
3417 1704 3634 1759 Confer

2031 1819 2153 1858 cum
2194 1801 2280 1856 his
2310 1799 2494 1855 Graeca
2532 1798 2774 1853 Philonis
2810 1815 2959 1852 num.
3007 1798 3098 1864 l2,
3141 1807 3197 1851 et
3229 1812 3352 1867 pag.
3382 1797 3470 1861 9.5,
3523 1796 3631 1850 lin.

2035 1896 2125 1960 15,
2169 1893 2271 1949 Ubi
2317 1896 2453 1948 enim
2504 1893 2708 1963 paritas
2755 1900 2865 1956 est,
2912 1891 3023 1944 illic
3076 1890 3360 1959 increpatio
3415 1904 3634 1958 quoque

2035 1991 2407 2060 subsequitur;
2466 2003 2575 2057 quo
2631 1986 2759 2054 quid
2832 1983 3168 2039 absurdius?
3217 1982 3421 2052 puritas
3469 1981 3633 2037 enim

2037 2085 2165 2140 nulli
2205 2080 2563 2150 increpationi
2607 2087 2784 2148 potest
2825 2092 2947 2132 esse
2995 2075 3250 2130 obnoxia.
3280 2073 3412 2128 Vide
3452 2074 3628 2128 etiam

2037 2161 2272 2228 huminis
2325 2171 2619 2232 inscitiam,
2668 2167 2760 2234 qui
2819 2181 2942 2236 pag.
2984 2165 3073 2228 89,
3123 2174 3343 2218 vertens
3399 2163 3627 2228 Graeca,

2037 2283 2155 2336 qua:
2188 2274 2316 2318 sunt
2351 2263 2490 2330 apud
2523 2261 2803 2314 Philonem
2843 2274 2991 2312 nttnt.
3019 2257 3126 2311 205
3155 2278 3167 2312 :
3200 2257 3373 2319 Αὐτὸς
3393 2255 3626 2346 ,δέδεται

2036 2362 2095 2412 ὲν
2130 2357 2547 2429 παραδρομαῖς,
2589 2354 2690 2406 οὐκ
2727 2351 2974 2421 ἀνάγκης
3017 2349 3266 2419 δεσμοῖς,
3315 2347 3430 2401 ἀλλ’
3459 2348 3628 2400 ἐκου-

2038 2449 2152 2503 σεου
2214 2445 2632 2518 φιλανθρωπίας
2683 2441 3047 2514 χρηστότητι,
3101 2439 3346 2494 scribit:
3401 2437 3619 2492 Vinctus

2035 2552 2109 2597 est
2139 2549 2316 2593 autem
2351 2539 2457 2600 ipse
2503 2553 2605 2588 non
2639 2549 2843 2604 sponsa:
2873 2547 2984 2586 sum
3033 2531 3354 2593 necessitate,
3402 2530 3492 2584 sed
3530 2547 3630 2585 vo-

2037 2642 2241 2688 lunlate
2291 2629 2596 2685 clementite.
2629 2627 2791 2695 Atqui
2841 2623 3097 2679 Ecclesiae
3145 2638 3353 2692 sponsae
3400 2623 3453 2677 id
3498 2639 3627 2677 ma-

2037 2725 2185 2779 xime
2213 2737 2350 2792 Opus
2401 2719 2520 2785 luit,
2556 2727 2614 2770 ut
2647 2718 2900 2771 Christus
2934 2722 3233 2781 pateretur.
3271 2713 3336 2766 Et
3371 2729 3492 2784 pag.
3524 2714 3625 2781 49,

2038 2821 2221 2875 itidem
2263 2817 2412 2871 addit
2461 2831 2580 2885 qum
2623 2815 2818 2867 absunt
2863 2827 2891 2864 a
2930 2810 3118 2866 Graeco
3165 2821 3314 2866 textu
3340 2853 3356 2876 ,
3397 2820 3452 2865 et
3494 2822 3627 2881 apta

2039 2922 2166 2966 sunt
2197 2909 2524 2965 insinuando
2553 2905 2752 2968 errori,
2789 2904 3086 2958 Ecclesiam
3118 2904 3323 2958 scilicet
3356 2915 3623 2959 constare

2039 3005 2168 3059 solis
2201 3001 2410 3058 electis.
2453 2998 2640 3054 Grazca
2689 2998 2832 3050 enim
2882 3006 3010 3084 sunt
3062 3013 3208 3050 num.
3239 2996 3351 3052 88:
3395 2997 3624 3070 Ἐπειδὴ

2037 3094 2146 3168 γὰρ
2199 3092 2329 3164 περὶ
2381 3092 2481 3162 τῆς
2530 3087 2770 3159 πληθύος
2822 3082 2942 3140 εἷπε
2985 3082 3085 3158 πῆς
3119 3087 3483 3157 Ἐκκλησξας,’
3522 3091 3626 3159 τῆς

1959 3223 2002 3282 C
2043 3186 2192 3250 ἐντὸς
2223 3183 2389 3256 οὔσης
2414 3181 2508 3236 τοῦ
2537 3182 2897 3249 Μονογενοῦς,
2931 3182 3085 3251 φησι,
3119 3199 3173 3234 κ.
3199 3199 3249 3237 τ.
3277 3181 3352 3246 λ.,
3379 3197 3499 3251 (λειω
3541 3183 3626 3238 sic

2038 3280 2231 3333 Latine
2265 3278 2475 3331 reddita
2502 3283 2627 3330 sunt
2659 3292 2672 3328 :
2701 3272 2842 3338 Quia
2871 3273 3008 3326 enim
3036 3274 3098 3326 de
3121 3272 3460 3328 multitudine
3484 3275 3625 3328 dixit

2037 3371 2292 3424 Ecclesia!
2358 3384 2474 3437 qua:
2531 3375 2735 3420 constat
2771 3367 2828 3418 in
2873 3366 2984 3418 suis
3049 3363 3245 3429 electis,
3299 3365 3426 3418 istos
3479 3365 3626 3420 intra

2038 3458 2374 3529 Unigenitum
2401 3471 2512 3510 esse
2533 3456 2853 3508 demonstrat
2901 3452 3227 3517 dicens,etc.
3265 3451 3462 3505 Eorum
3491 3465 3624 3505 vero

2035 3566 2154 3620 qua:
2177 3548 2317 3617 apud
2354 3546 2634 3602 Philonem
2665 3544 2920 3611 leguntur
2949 3559 3100 3598 num.
3124 3541 3194 3596 54
3221 3559 3235 3595 :
3265 3541 3485 3612 Ἐπειδὴ
3511 3539 3627 3610 γὰρ

2036 3643 2092 3696 αἱ
2123 3641 2270 3695 δοκοὶ
2317 3638 2426 3692 τῶν
2461 3635 2841 3706 φατνωμάτων
2873 3634 3012 3687 εἰσὶν
3045 3633 3334 3703 ὲσώτεραι,
3367 3651 3422 3686 κ.
3449 3649 3503 3684 τ.
3541 3631 3622 3698 λ.,

2037 3736 2216 3789 versio
2243 3733 2402 3801 plane
2429 3731 2654 3795 insulsa,
2684 3739 2738 3782 et
2766 3729 2913 3783 omni
2945 3743 3110 3782 sensu
3136 3742 3332 3782 carens
3362 3741 3487 3796 pag.
3509 3725 3581 3780 30
3605 3743 3621 3780 :

2039 3827 2306 3894 Quoniam
2351 3825 2514 3894 igitur
2555 3824 2700 3892 tigna
2753 3821 2991 3874 trabibus
3035 3830 3420 3887 componuntur
3465 3827 3624 3887 atque

2037 3920 2294 3984 celantur,
2335 3916 2675 3986 pulchritudo
2719 3932 2838 3969 vero
2887 3915 3074 3967 domus
3129 3913 3365 3966 trabibus
3417 3913 3624 3965 indica-

2035 4022 2138 4074 tur,
2173 4020 2278 4065 etc.
2316 4008 2426 4062 Nec
2461 4013 2580 4062 sine
2625 4008 2912 4062 stomacho
2958 4005 3059 4076 legi
3107 4015 3289 4075 potest
3337 4004 3486 4058 locus
3533 4005 3624 4059 ille

2035 4120 2157 4174 pag.
2184 4103 2253 4158 36
2295 4103 2350 4156 in
2385 4101 2480 4156 ﬁn.
2521 4102 2588 4154 de
2616 4100 2878 4155 Christo:
2909 4097 3036 4152 Jam
3082 4099 3222 4152 enim
3258 4113 3352 4150 nec
3398 4105 3620 4150 mortem

2034 4212 2129 4264 pro
2168 4195 2317 4248 nobis
2345 4194 2593 4259 suscepit,
2623 4209 2743 4244 cum
2773 4192 2929 4245 semel
2966 4208 3151 4256 passus
3188 4194 3287 4254 sit,
3331 4190 3624 4245 secundum

2035 4287 2174 4358 quod
2212 4293 2426 4340 sanctus
2467 4286 2595 4336 dicit
2639 4282 2920 4352 Apostolus
2956 4298 2974 4336 :
3007 4301 3025 4334 ι
3054 4281 3198 4336 Mors
3237 4285 3286 4336 ei
3330 4283 3471 4337 ultra
3517 4300 3623 4338 non

2035 4379 2393 4432 dominabitur
2413 4377 2479 4441 ⁸ο,
2505 4395 2523 4426 ι
2554 4389 2658 4430 etc.
2693 4375 2798 4429 Sed
2833 4375 2946 4428 lucc
2978 4389 3042 4429 ex
3079 4375 3327 4442 plurimis
3359 4388 3478 4444 quae
3507 4384 3624 4429 tum

2037 4487 2066 4525 a
2099 4473 2328 4524 veritate
2352 4479 2465 4524 tum
2493 4484 2523 4522 a
2558 4481 2704 4524 reeta
2738 4467 3133 4537 interpretandi
3167 4469 3380 4522 ratione
3413 4467 3624 4538 longis-

351 4543 480 4595 bara
512 4554 558 4596 et
581 4543 840 4614 dissipata
860 4549 1098 4602 oratione
1126 4550 1362 4618 perfecit.
1393 4551 1546 4618 Quod
1568 4561 1859 4626 crgo,dum
1881 4561 1935 4614 in
1967 4575 2011 4630 ι)
2041 4564 2177 4620 sitne
2214 4564 2496 4626 aberrant,
2539 4578 2663 4618 cum
2697 4563 2764 4617 iis
2799 4577 2904 4616 non
2937 4562 3120 4617 multis
3169 4561 3461 4632 cuttjnncta
3500 4577 3627 4630 quae

349 4633 604 4700 epitomen
632 4653 665 4689 a
693 4635 1007 4692 Cassiadoro
1053 4644 1402 4711 contra/titur,
1440 4645 1714 4715 damnum,
1754 4661 1810 4703 ut
1844 4652 1928 4720 ﬁt,

349 4741 536 4792 passus
577 4737 676 4791 est,
712 4728 1042 4798 aliarumque
1071 4733 1236 4801 ipsius
1271 4735 1760 4804 interpretationum
1799 4758 1932 4811 quas

351 4819 474 4873 bene
502 4819 698 4873 multas
726 4831 956 4875 recenset
988 4820 1363 4891 Cassiodorus,
1379 4828 1648 4896 jacturam
1681 4832 1795 4886 sine
1820 4844 1932 4887 sto-

350 4911 538 4965 macho
569 4911 824 4980 feramus.
850 4912 919 4968 Et
947 4925 1095 4970 certe
1116 4915 1478 4976 Cassiodorus
1507 4923 1704 4979 melius
1732 4939 1931 4981 consu-

350 5002 544 5059 luisset
589 5006 950 5077 scriptoribus
980 5006 1191 5064 Graecis
1229 5025 1368 5080 quos
1397 5013 1449 5066 in
1483 5011 1742 5069 Latinum
1788 5018 1933 5073 verti

347 5095 588 5160 curavit,
639 5097 684 5151 si
741 5113 957 5170 semper
989 5100 1201 5156 Aniano
1232 5117 1367 5158 usus
1419 5114 1567 5159 esset
1602 5105 1932 5177 interprete,

349 5188 510 5259 cujus
552 5205 775 5260 operam
813 5194 866 5248 in
914 5197 1191 5251 vertendis
1235 5198 1563 5262 quibusdam
1607 5199 1667 5254 S.
1696 5201 1933 5272 Chryso-

350 5280 513 5334 stomi
570 5280 809 5338 homiliis
855 5287 1048 5340 merito
1100 5286 1242 5342 idem
1303 5287 1530 5343 lluetius
1579 5305 1929 5360 summopere

351 5371 556 5432 laudat.
601 5374 869 5432 Caeterum
924 5378 1256 5448 Epiphanius
1306 5379 1678 5437 Scholasticus
1727 5383 1780 5437 in
1828 5383 1931 5442 hac

352 5476 447 5518 sua
484 5464 791 5524 Philoniani
825 5472 1208 5527 commentarii
1239 5471 1713 5542 interpretatione,
1748 5475 1932 5533 multis

425 5580 470 5612 “
500 5582 657 5638 Rom.
682 5599 756 5648 vt,
782 5583 836 5639 9.

425 5697 500 5765 (a)
540 5698 746 5756 Prodiit
781 5703 1008 5759 Parisiis
1041 5719 1106 5757 ex
1141 5701 1352 5758 ollicina
1392 5703 1770 5761 Wesclteliana
1798 5724 1927 5763 ann.

355 5768 511 5823 1557.
547 5771 754 5827 Recusa
799 5774 993 5828 deinde
1052 5774 1148 5827 fuit
1209 5776 1261 5827 in
1291 5775 1541 5830 Biblioth.
1566 5775 1682 5830 PP.
1706 5791 1928 5834 curante

376 5854 423 5896 te
456 5841 504 5896 la
546 5839 714 5913 Bigue
765 5843 898 5899 edit.
933 5845 956 5899 l
994 5847 1046 5899 in
1097 5844 1394 5922 Appendic.
1448 5846 1514 5903 Et
1547 5849 1600 5904 itt
1655 5849 1784 5906 edit.
1813 5849 1929 5912 2st

2042 4657 2095 4710 in
2127 4657 2574 4710 adnotationibus
2606 4654 2912 4718 attulimus,
2952 4656 3085 4710 satis
3127 4670 3248 4710 esse
3276 4664 3501 4724 possunt
3544 4655 3628 4708 in-

2039 4748 2205 4811 dicio,
2246 4762 2407 4816 quant
2438 4747 2738 4812 abnormis,
2781 4763 2942 4815 quam
2975 4747 3165 4810 inﬁda,
3205 4762 3366 4815 quam
3403 4747 3623 4801 horrida

2034 4840 2268 4909 denique
2298 4849 2353 4893 et
2386 4841 2660 4909 incompta
2684 4842 2755 4894 sit
2787 4839 2980 4894 Latina
3021 4841 3109 4893 illa
3136 4839 3444 4895 Philoniani
3471 4854 3628 4896 com-

2037 4931 2288 4984 mentarii
2319 4940 2476 4985 vetus
2505 4931 2905 4999 interpretatio.

2107 5020 2197 5075 ιν.
2237 5019 2355 5076 Jam
2392 5037 2525 5076 vero
2557 5025 2622 5076 de
2653 5022 2931 5092 Stephano
2959 5023 3209 5079 Salutato
3243 5023 3468 5094 ejusque
3495 5037 3622 5079 ver-

2036 5113 2207 5181 sione,
2261 5115 2306 5168 si
2342 5129 2408 5168 ea
2461 5125 2641 5168 tamen
2695 5114 3011 5184 appellanda
3067 5117 3137 5170 sit
3176 5117 3379 5179 versio,
3430 5114 3620 5185 loqua-

2038 5220 2161 5260 mur
2185 5205 2283 5276 (a).
2313 5205 2500 5274 Neque
2523 5208 2694 5272 enim,
2722 5208 2814 5262 ulti
2855 5208 2972 5262 vult
3015 5207 3297 5264 Philonem
3329 5221 3624 5276 reprazsen-

2037 5307 2175 5360 tare,
2218 5300 2334 5365 agit
2383 5311 2565 5370 partes
2598 5301 2688 5355 lidi
2739 5302 3073 5370 interpretis,
3102 5301 3256 5371 cujus
3283 5311 3369 5355 est
3399 5301 3628 5354 reddere

2035 5393 2201 5445 verba
2245 5391 2383 5460 ipsa,
2415 5401 2470 5448 et
2499 5394 2691 5448 eodem
2733 5397 2947 5460 ordine,
2979 5396 3069 5450 ubi
3112 5396 3165 5450 id
3216 5409 3321 5448 non
3365 5391 3627 5461 impediat

2035 5485 2319 5555 utriusque
2351 5488 2623 5543 sermonis
2663 5488 2838 5546 Graeci
2871 5500 2928 5545 et
2954 5489 3131 5544 Latini
3166 5488 3380 5543 diversa
3415 5485 3626 5541 indoles

2037 5712 2332 5856 35:033.”.
2382 5717 2448 5773 Et
2505 5721 2557 5774 in
2591 5718 2842 5775 Biblioth.
2887 5717 2998 5774 PP.
3043 5717 3354 5790 Lugdunen.
3387 5730 3522 5777 tom.
3559 5718 3625 5788 Ῡ,
