3878 6270
204 360 265 417 9.5

1598 353 1989 412 PBIEFATIO.

3349 352 3422 409 26

171 489 246 557 aet
276 471 646 544 discrepantia,
673 485 765 526 sea
801 485 860 526 se
897 481 954 526 ut
987 483 1258 527 oratorem
1304 474 1464 543 gerit.
1505 475 1757 543 Quinimo
1785 479 1834 536 Α
1863 485 1968 530 teni
2018 490 2046 529 a
2101 473 2266 528 Suida
2322 473 2630 527 nominatur
2663 471 2984 544 ὑπόμνημα,
3035 470 3087 524 in
3135 467 3424 523 immanem

199 582 304 622 cum
353 566 408 620 in
461 563 747 619 collatione
813 577 1091 634 pergerem
1147 564 1321 621 Graeci
1377 583 1501 623 cum
1555 568 1752 624 Latino

199 659 584 722 commentario,
623 657 872 710 videbam
912 655 1212 711 Salutatum
1250 659 1528 714 brevitatis
1567 661 1752 716 Pliilo-

200 754 352 806 niame
396 750 624 804 fortasse
686 759 1006 819 pertzesnm,
1059 750 1228 806 lineas
1275 768 1444 818 usque
1497 755 1754 809 audacius

201 841 485 907 transilire;
541 841 708 896 multa
764 857 870 896 non
924 842 992 896 de
1047 843 1227 898 verbis
1280 845 1487 911 solum,
1541 847 1634 901 sed
1688 849 1755 902 de

200 933 462 987 sententiis
513 932 766 996 demere;
817 932 974 1001 longe
1021 947 1149 987 vero
1195 934 1455 1002 plurimas
1499 937 1756 1004 explana-

200 1027 370 1088 tiones,
400 1030 540 1094 quas
555 1025 754 1079 frustra
780 1026 833 1080 in
860 1025 1082 1081 Philone
1107 1043 1341 1095 quaeras,
1365 1030 1623 1094 inserere,
1649 1045 1756 1099 quo

199 1118 416 1184 pleniore
457 1133 580 1171 cum
622 1120 1011 1172 commentario
1051 1120 1164 1188 ipse
1209 1121 1449 1187 prodiret
1493 1121 1544 1174 in
1581 1122 1755 1189 publi-

198 1223 332 1273 cum;
367 1223 543 1278 eoque
569 1209 620 1262 in
657 1210 770 1264 suis
801 1209 1162 1264 additionibus
1197 1224 1317 1266 esse
1368 1212 1756 1280 copiosiorem,

201 1316 292 1368 quo
320 1302 546 1356 ulterius
581 1301 634 1356 in
666 1318 761 1357 sua
801 1302 913 1365 illa,
943 1303 986 1358 si
1025 1302 1184 1356 talem
1217 1303 1395 1357 dicere
1427 1303 1507 1357 las
1543 1314 1644 1369 est,
1677 1305 1757 1358 iii-

203 1396 566 1462 terprelatione
594 1394 928 1463 procederet.
954 1393 1087 1449 Illud
1122 1404 1298 1448 tamen
1345 1395 1611 1450 aﬁirmare
1647 1412 1754 1450 non

201 1483 561 1547 dubitaverim,
588 1484 632 1537 si
669 1501 773 1537 non
809 1494 977 1538 totum
1011 1486 1458 1538 commentarium
1492 1485 1753 1551 Philonis,

201 1578 471 1628 maximam
520 1587 697 1630 tanien
728 1576 844 1646 ejus
876 1587 1083 1647 partem
1116 1577 1170 1631 in
1213 1593 1312 1632 suo
1343 1579 1435 1632 illo
1478 1593 1756 1632 commcn-

203 1671 322 1724 tario
351 1671 598 1739 reperiri,
643 1670 738 1726 sed
790 1681 896 1724 tam
934 1670 1120 1725 multis
1167 1685 1286 1739 qua:
1321 1671 1622 1741 largissima
1657 1672 1756 1724 ad-

198 1759 307 1827 iecit
353 1779 514 1816 manu
562 1779 916 1832 oppressam,
967 1763 1052 1816 vix
1098 1773 1155 1816 ut
1203 1775 1482 1832 appareat.
1527 1763 1754 1819 POSsum

200 1853 439 1919 Philonis,
491 1865 549 1907 ut
590 1856 664 1908 ita
700 1855 909 1918 dicam,
968 1853 1175 1918 frusta,
1226 1855 1314 1908 ubi
1359 1869 1420 1908 ea
1478 1856 1754 1910 Salutatus

202 1945 494 2010 collocavit,
551 1946 814 2000 indicare.
864 1944 1128 1999 Caeterum
1189 1945 1466 2000 Salutatns
1525 1946 1756 2002 lectores

202 2050 310 2092 suos
344 2036 495 2092 ludos
542 2037 696 2100 facit,
726 2052 847 2090 cum
878 2039 929 2090 ln
960 2050 1055 2090 sua
1093 2036 1335 2106 Epistola
1365 2039 1433 2091 ad
1474 2038 1756 2092 Nicolaum

202 2127 534 2198 Bargilesium
577 2130 932 2199 presbyterum
965 2129 1349 2184 Bononiensem
1378 2130 1602 2184 scribit:
1635 2129 1756 2183 Non

202 2236 318 2275 unus
352 2224 474 2276 milii
524 2220 698 2286 Philo,
726 2223 815 2276 sed
840 2224 1015 2291 plures
1039 2225 1169 2277 milii
1203 2224 1462 2288 videntur,
1492 2224 1580 2293 qui
1607 2229 1759 2276 nosce

205 2318 585 2369 commentarios
626 2315 676 2368 in
718 2315 1000 2371 Canticum
1036 2321 1370 2369 canticorum
1415 2316 1755 2385 confecerint.

207 2403 329 2458 Nam
378 2408 518 2475 quod
582 2407 824 2461 Philonis
895 2409 1102 2461 nomine
1177 2408 1568 2478 circumfertur,
1618 2408 1760 2476 apud

207 2496 389 2552 Greco:
432 2500 587 2554 breve
623 2501 907 2553 admodum
948 2510 1045 2554 est.
1075 2499 1184 2555 Sed
1213 2512 1332 2554 sunt
1367 2501 1455 2570 qui
1499 2500 1654 2554 velint
1694 2498 1760 2553 ab

207 2589 462 2647 ειειαιΙιὶο
520 2609 726 2663 quoque
762 2604 811 2647 et
846 2591 1070 2646 Eusebio
1104 2594 1346 2663 (quorum
1384 2603 1569 2662 rogatu
1604 2591 1761 2646 Philo

207 2683 296 2755 ipse
333 2687 766 2739 commentarium
804 2687 940 2739 hunc
975 2686 1304 2753 confecerat)
1364 2686 1761 2753 interpretatum

207 2793 319 2843 esse,
343 2794 614 2848 unumque
645 2780 709 2831 de
739 2779 906 2833 tribus
936 2794 1046 2832 esse
1081 2777 1440 2847 conjunctum.
1468 2777 1538 2828 At
1575 2789 1765 2844 quain-

208 2885 310 2922 nam
338 2870 406 2924 illi
440 2871 610 2924 ﬁdem
643 2871 984 2936 habebimus,
1014 2869 1104 2938 qui
1138 2870 1206 2923 de
1235 2869 1444 2922 duobus
1481 2867 1586 2922 illis
1616 2882 1762 2922 coni-

209 2965 463 3018 mentariis
511 2974 714 3018 testem
765 2962 1005 3033 proferat
1057 2961 1370 3014 neminem?
1409 2959 1612 3013 nullum
1662 2973 1763 3012 no-

211 3054 353 3108 minet
381 3055 655 3119 codicem,
684 3055 772 3108 tibi
813 3053 1267 3108 commentarium
1310 3051 1460 3106 illuni
1495 3067 1561 3104 ex
1592 3051 1764 3104 tribus

1787 1826 1829 1882 Β

1867 567 2294 638 magnitudinem
2345 566 2647 621 excrevisse
2695 585 2707 620 :
2752 575 2811 619 ut
2863 565 3094 633 aliquam
3146 561 3426 630 scriptioni

1862 674 1972 713 suae
2027 660 2344 718 conciliaret
2380 653 2566 722 ﬁdem,
2615 657 2847 712 fabulam
2899 657 3044 710 illam
3095 664 3426 709 ccmmentus

1861 764 1945 807 est
1998 753 2064 806 de
2093 753 2303 806 duobus
2345 751 2749 805 commentariis
2795 748 3060 803 Eustatliii
3110 757 3163 801 et
3209 744 3426 800 Eusebii

1860 859 1980 898 cum
2010 844 2330 898 Philoniano
2356 843 2657 896 commistis
2683 851 2734 895 et
2769 841 2820 893 in
2854 856 3016 894 unum
3051 838 3315 893 conﬂatis.

1931 939 2008 992 De
2058 938 2228 992 Grmci
2280 935 2650 989 commentarii
2687 943 2864 997 actate,
2907 932 3021 985 sive
3072 931 3219 983 illuni
3275 930 3428 985 Philo

1856 1029 2174 1100 Carpasius,
2219 1028 2332 1081 sive
2385 1026 2706 1095 Carpathius
2752 1024 3160 1088 conscripserit,
3196 1022 3428 1076 dubitari

1858 1141 1964 1180 non
2011 1131 2189 1193 potest
2228 1121 2393 1176 fuisse
2440 1120 2794 1184 compositum
2836 1127 2959 1171 ante
2986 1117 3237 1170 Cosmam
3268 1114 3430 1185 Egy-

1857 1220 2052 1288 pliutn,
2100 1216 2216 1285 qui,
2265 1223 2320 1268 ut
2353 1229 2512 1282 supra
2561 1213 2758 1266 dictum
2790 1219 2893 1271 est,
2941 1226 3006 1263 ex
3054 1208 3278 1261 Philone
3327 1209 3429 1260 tria

1857 1309 2039 1363 attulit
2075 1308 2191 1363 loca
2225 1307 2276 1360 in
2303 1321 2396 1360 sua
2417 1303 2781 1372 Topographia
2801 1298 3432 1368 Christiana.Scripsisse

1858 1413 2037 1456 autem
2066 1402 2316 1454 Cosmani
2365 1413 2520 1451 suum
2548 1412 2683 1464 opus
2717 1409 2856 1448 anno
2900 1392 3003 1446 555
3038 1394 3224 1462 probat
3254 1391 3432 1444 Mont-

1859 1492 2145 1547 l‘anconius
2177 1491 2277 1563 (α).
2307 1488 2406 1556 Qui
2456 1487 2660 1542 Philoni
2705 1485 2963 1555 Carpasio
2987 1483 3428 1538 commentarium

1856 1587 2000 1638 hunc
2019 1583 2356 1638 tribuendum
2393 1578 2842 1642 existimaverint,
2872 1578 2905 1630 ii
2926 1587 3177 1630 censeant
3198 1583 3431 1645 oportet,

1857 1678 2116 1746 scriptum
2139 1691 2258 1730 esse
2274 1675 2353 1728 vel
2371 1675 2645 1728 desinente
2662 1671 2854 1725 smculo
2877 1680 3094 1740 quarto,
3111 1667 3193 1720 vel
3214 1669 3432 1721 ineunte

1857 1771 2067 1840 quinto.
2093 1768 2156 1822 Et
2185 1766 2430 1821 Oudinus
2451 1766 2652 1819 idcirco
2671 1766 2735 1817 dc
2765 1763 2988 1816 Philone
3007 1759 3268 1829 Carpasio
3289 1757 3435 1825 ejus-

1857 1876 1964 1932 que
1987 1861 2186 1929 scripto
2215 1860 2270 1912 in
2303 1857 2575 1913 Canticum
2603 1860 2925 1909 canticorum
2954 1854 3279 1907 mentionem
3307 1849 3437 1902 facit

1857 1955 1922 2006 ad
1941 1968 2140 2006 annum
2158 1951 2356 2006 Christi
2377 1947 2984 2018 quadringentesimoin.
3005 1942 3259 2012 Ejusdem
3292 1955 3438 1995 com-

1860 2044 2111 2098 mentarii
2139 2043 2262 2112 quis
2296 2056 2422 2096 usus
2450 2055 2568 2094 esse
2595 2039 2763 2107 possit
2791 2037 2855 2089 ad
2887 2033 3259 2090 conﬁrmanda
3291 2047 3438 2099 qua:-

1860 2137 1981 2191 dam
2032 2136 2310 2191 catholica:
2361 2134 2480 2188 ﬁdei
2531 2135 2802 2200 dogmata,
2846 2132 3004 2185 docet
3049 2128 3119 2181 cl.
3148 2126 3438 2196 Fogginius

1863 2230 1914 2282 in
1947 2227 2097 2296 prmi.
2125 2228 2190 2280 ad
2226 2235 2518 2281 comment.
2551 2226 2744 2294 Epipli.
2775 2239 2827 2292 p.
2853 2222 2922 2276 40
2953 2232 3007 2276 et
3039 2229 3309 2289 sequeut.,
3349 2218 3435 2271 tibi

1863 2320 2026 2373 multa
2066 2320 2220 2374 docte
2247 2327 2302 2372 et
2327 2317 2537 2372 erudite
2565 2317 2820 2386 disputat,
2851 2330 2970 2385 quae
2999 2313 3089 2383 qui
3125 2310 3338 2382 legerit,
3368 2325 3434 2365 ea

1863 2427 1920 2468 se
1949 2412 2140 2479 legisse
2171 2427 2276 2465 non
2315 2409 2618 2479 pcenitebit.

1937 2503 2000 2558 V.
2036 2504 2277 2572 Denique
2313 2503 2365 2556 iu
2405 2503 2506 2555 hoc
2544 2499 2734 2555 σηοω
2774 2497 3015 2553 Philonis
3045 2494 3440 2552 commentario

1864 2596 2164 2666 evulgando
2193 2594 2321 2663 quid
2352 2607 2528 2662 opera:
2567 2593 2681 2662 ipse
2713 2591 3084 2660 impenderim,
3117 2589 3306 2658 paucis
3335 2603 3436 2642 ex-

1866 2688 2098 2757 pediam.
2123 2685 2350 2739 Codices
2374 2683 2510 2738 duos
2541 2683 2893 2737 Barberinum
2916 2690 2970 2735 et
3003 2678 3438 2742 Vallicellanum,

1865 2793 2094 2848 quorum
2135 2776 2222 2830 ille
2259 2777 2312 2830 in
2353 2776 2492 2840 ﬁne,
2538 2775 2626 2829 hic
2675 2775 2727 2829 in
2773 2773 3038 2844 principio
3075 2781 3131 2826 et
3174 2773 3280 2826 line
3320 2785 3440 2823 niu-

1867 2871 1997 2926 tilus
2029 2877 2132 2934 est,
2166 2868 2393 2939 inSpexi,
2428 2876 2482 2922 et
2513 2883 2634 2922 cum
2671 2866 2754 2921 iis
2783 2882 2959 2921 meum
3003 2864 3244 2919 codicem
3279 2876 3440 2931 quam

1866 2962 2271 3032 diligentissime
2310 2959 2536 3014 contuli.
2581 2958 2690 3013 llos
2719 2960 2862 3012 enim
2901 2967 3132 3011 tractare
3162 2969 3281 3008 meo
3315 2950 3443 3006 mihi

1867 3055 2026 3109 licuit
2063 3055 2330 3107 arbitratu
2377 3071 2390 3106 :
2431 3063 2657 3107 catteros
2707 3067 2811 3104 non
2852 3050 3002 3113 item,
3051 3047 3440 3110 Mutinensem,

211 3146 465 3201 conﬂatum
499 3147 806 3217 repererit?
831 3161 1059 3215 cumque
1090 3145 1489 3200 inisccllaneum
1518 3143 1667 3197 illum
1698 3158 1763 3196 ex
1793 3182 1835 3240 Ο
1870 3146 2217 3208 Theatinum,
2258 3144 2656 3208 Auxiiuanuir.;
2712 3142 2807 3196 sed
2844 3140 3167 3209 quibusdam
3205 3138 3254 3190 in
3308 3135 3443 3189 locis

213 3240 423 3308 pluribus
470 3250 843 3311 compactum.
872 3240 1059 3296 Graece
1111 3241 1370 3310 scriptum
1404 3253 1529 3293 esse
1573 3238 1764 3292 existi-

210 3335 323 3388 mari
359 3344 634 3405 oporteat,
664 3350 822 3404 quem
865 3332 1140 3388 Salutatus
1169 3348 1198 3386 a
1233 3346 1290 3386 se
1322 3331 1515 3386 Latine
1548 3344 1764 3384 versum

215 3427 387 3497 profert
425 3430 478 3483 in
536 3429 748 3493 lucem;
791 3444 886 3482 cur
933 3439 1041 3482 tam
1094 3428 1258 3480 multa
1309 3429 1361 3480 in
1403 3441 1465 3480 ea
1513 3425 1768 3479 versione

213 3533 478 3574 occurrunt
525 3536 652 3590 qua:
695 3521 826 3574 nihil
859 3520 1040 3576 oleant
1081 3519 1402 3581 Graecitatis,
1448 3519 1543 3573 sed
1577 3517 1767 3587 primi-

216 3608 304 3663 tiva
335 3627 395 3665 ex
425 3611 634 3665 Latino
675 3611 820 3666 fonte
853 3612 1078 3664 deducta
1111 3625 1232 3664 esse
1269 3609 1602 3679 appareant?
1633 3608 1770 3662 Prae-

219 3711 339 3756 terea
373 3703 550 3756 multa
604 3702 848 3757 Philonis
897 3719 1001 3757 non
1046 3703 1240 3772 exigua
1287 3703 1586 3772 fragmenta
1630 3700 1770 3754 male

217 3805 370 3850 assuta
401 3797 520 3852 suis
582 3795 944 3850 auditionibus
989 3797 1206 3851 exhibet
1254 3796 1552 3858 Salutatus,
1607 3793 1770 3846 multa

219 3899 271 3938 ex
295 3887 348 3941 Ι).
372 3887 639 3956 Gregorio
670 3885 860 3956 Magno
898 3885 1059 3938 etiam
1101 3885 1399 3952 desumpta,
1444 3883 1587 3953 quod
1631 3881 1773 3950 jam-

220 3974 391 4030 dudum
417 3993 444 4030 a
488 3977 744 4047 pluribus
788 3986 873 4030 est
903 3975 1382 4030 animadversum:
1415 3984 1473 4028 ut
1517 3973 1632 4041 ejus
1680 3989 1774 4027 ne-

222 4082 385 4135 queam
416 4072 550 4126 satis
590 4069 778 4125 niirari
814 4070 1100 4135 rationem,
1132 4071 1222 4138 qui
1269 4069 1511 4123 Philonis
1542 4069 1773 4138 genuina

223 4161 530 4228 pmfatione,
577 4157 752 4232 eaque
800 4163 1010 4230 integra
1043 4171 1273 4227 retenta,
1305 4161 1653 4230 pluribusque
1683 4159 1776 4213 iti-

225 4256 324 4307 dem
362 4255 704 4310 Pliilonianis
736 4255 1184 4326 explicationibus
1226 4255 1366 4308 inter
1416 4253 1585 4308 multo
1623 4253 1775 4322 plura

225 4345 566 4402 additamenta
616 4363 712 4402 sua
759 4347 1014 4408 insertis,
1063 4347 1322 4400 audacter
1367 4345 1626 4414 ejusmodi
1679 4361 1776 4396 κυ-

226 4441 378 4494 κεῶνει
429 4442 680 4496 Philonis
728 4439 948 4493 nomine
997 4438 1294 4493 lectoribus
1343 4439 1456 4491 suis
1492 4437 1778 4506 propinare

1870 3238 1923 3291 in
1970 3237 2167 3306 quibus
2201 3236 2494 3300 haerebam,
2526 3235 2592 3288 ab
2642 3232 2832 3286 amicis
2865 3231 3176 3286 Graecarum
3224 3226 3436 3280 littera-

1869 3347 1987 3386 rum
2027 3331 2220 3400 peritis
2257 3327 2619 3397 inspiciendos
2655 3325 2863 3380 curavi.
2900 3324 3006 3376 llos
3041 3330 3221 3375 autem
3251 3332 3447 3373 omnes

1871 3438 1992 3478 esse
2050 3422 2290 3491 comperi
2344 3421 2504 3473 nimis
2542 3418 2726 3472 multis
2773 3415 3056 3470 erroribus
3096 3412 3441 3478 maculosos;

1869 3517 2065 3586 quibus
2136 3514 2368 3570 fortasse
2425 3522 2665 3565 veterem
2725 3509 2900 3578 ipsum
2960 3507 3350 3575 interpretem,
3394 3511 3450 3558 et

1873 3609 2203 3679 Stephanum
2241 3607 2544 3662 Salutatum
2582 3606 2830 3675 suspicor
2883 3618 2986 3656 non
3026 3600 3281 3655 habuisse
3329 3612 3446 3652 me-

1879 3701 2064 3756 liores.
2110 3698 2167 3752 !u
2201 3699 2657 3762 adnotationibus,
2691 3696 2792 3750 inei
2823 3695 3048 3760 codicis,
3079 3693 3168 3762 qui
3205 3690 3451 3760 plurimis

1875 3795 1928 3846 in
1971 3793 2104 3848 locis
2133 3802 2218 3847 est
2248 3794 2590 3860 depravatus,
2616 3804 2852 3853 errores,
2887 3786 3144 3841 adhibitis
3175 3799 3313 3852 quos
3336 3782 3449 3836 dixi

1875 3887 2169 3952 codicibus,
2199 3883 2514 3950 emendavi;
2547 3892 2602 3937 et
2631 3883 2719 3936 ubi
2761 3882 2938 3936 locum
2984 3880 3218 3948 aliquem
3251 3877 3304 3930 in
3333 3890 3450 3930 om-

1879 3981 2040 4035 nibus
2075 3979 2353 4034 codicibus
2393 3988 2707 4048 corruptum
2747 3975 3100 4044 deprehendi,
3133 3971 3451 4038 conjectura

1878 4076 2027 4130 illum
2083 4075 2370 4128 restituere
2420 4073 2624 4126 studui.
2685 4070 3035 4125 Pliilonianas
3069 4066 3213 4121 sacri
3273 4073 3454 4117 textus

1878 4165 2139 4220 lectiones
2178 4181 2299 4218 cum
2329 4163 2604 4218 Vaticana:
2649 4162 2902 4216 editionis
2937 4157 3276 4220 lectionibus,
3304 4153 3456 4206 aliis-

1880 4273 1985 4325 que
2013 4257 2350 4311 variantibus
2393 4272 2421 4308 a
2468 4255 2758 4310 Lambcrto
2797 4251 2954 4306 Bosio
2985 4251 3039 4304 in
3082 4263 3180 4304 sua
3217 4247 3456 4300 editione

1883 4347 2096 4402 Veteris
2128 4348 2458 4404 Testamenti
2495 4348 2667 4403 Gra'ci
2716 4344 2984 4406 adductis,
3032 4347 3285 4395 accurate
3323 4351 3457 4391 con-

1882 4445 2012 4509 tuli;
2046 4456 2100 4498 et
2130 4445 2256 4514 quid
2294 4444 2345 4496 in
2383 4457 2598 4512 queque
2628 4441 2744 4495 loco
2775 4438 2929 4492 Philo
2952 4452 2983 4489 a
3017 4435 3229 4489 cmteris
3259 4431 3454 4496 variet,
3542 4460 3550 4465 -

226 4533 283 4582 sit
329 4551 506 4590 ausus.
563 4535 719 4588 Illum
781 4533 1087 4602 suscepisse
1158 4531 1404 4601 suspicor
1472 4529 1774 4582 l’hilmlialli
1810 4526 1854 4581 Ι)
1886 4537 1937 4590 in
1969 4537 2159 4590 iisdem
2191 4535 2628 4589 adnotationibus
2661 4534 2944 4603 diligenter
2975 4527 3220 4598 exposui.
3253 4526 3309 4580 ln
3352 4523 3458 4578 La-

227 4628 578 4682 commentarii
618 4626 926 4680 versionem
955 4643 967 4678 :
1001 4639 1231 4694 cumque
1272 4640 1384 4678 sua:
1415 4622 1775 4688 interpolandi

229 4714 408 4772 libidini
452 4720 660 4787 ubique
716 4717 942 4770 nimium
990 4730 1051 4770 se.
1091 4716 1545 4769 animadverteret
1603 4713 1778 4767 indul-

229 4805 361 4872 sisse,
387 4819 436 4864 et
466 4809 926 4865 commentarium
970 4809 1061 4879 qui
1097 4817 1318 4878 propter
1371 4808 1489 4878 ejus
1535 4807 1776 4864 brevita-

288 4948 354 5020 (α)
390 4949 606 5008 Praelat.
631 4952 699 5007 ad
736 4947 1162 5020 Cosmudilgypt.
1195 4963 1313 5019 cap.
1338 4947 1390 5002 1.

1890 4625 2001 4680 tina
2036 4625 2268 4695 denique
2291 4627 2559 4692 versione,
2589 4639 2750 4694 quam
2775 4639 2805 4677 e
2829 4623 3046 4692 regione
3071 4617 3246 4675 ϐπερὶ
3281 4625 3460 4670 textus

1890 4717 2141 4788 apposui,
2177 4718 2350 4787 magis
2381 4719 2511 4773 mihi
2548 4717 2778 4774 ﬁdelitas
2804 4729 2946 4771 cura:
2985 4713 3106 4778 fuit,
3143 4724 3302 4782 quam
3345 4706 3458 4762 ele-

1885 4811 2085 4878 gantia.
