  <div class='ocr_page' id='page_1' title='image "/cluster/home/n/w/nwhite01/storage/ocr_20150623/40/hvd.32044073501850/023.png"; bbox 0 0 3878 6270; ppageno 0'>
   <div class='ocr_carea' id='block_1_1' title="bbox 389 294 2551 398">
    <p class='ocr_par' dir='ltr' id='par_1_1' title="bbox 389 294 2551 398">
     <span class='ocr_line' id='line_1_1' title="bbox 389 294 2551 398; baseline 0.003 -9"><span class='ocrx_word' id='word_1_1' title='bbox 389 336 452 390; x_wconf 76' lang='lat' dir='ltr'><strong>3i</strong></span> <span class='ocrx_word' id='word_1_2' title='bbox 1360 377 1364 381; x_wconf 87' lang='lat'><em>-</em></span> <span class='ocrx_word' id='word_1_3' title='bbox 1520 337 1847 397; x_wconf 84' lang='lat' dir='ltr'><strong>PHILONIS</strong></span> <span class='ocrx_word' id='word_1_4' title='bbox 1883 294 2194 397; x_wconf 34' lang='lat' dir='ltr'><strong>EPISCOISI</strong></span> <span class='ocrx_word' id='word_1_5' title='bbox 2230 340 2551 398; x_wconf 76' lang='lat' dir='ltr'><strong>CARPASII</strong></span> 
     </span>
    </p>
   </div>
   <div class='ocr_carea' id='block_1_2' title="bbox 3590 340 3671 395">
    <p class='ocr_par' dir='ltr' id='par_1_2' title="bbox 3590 340 3671 395">
     <span class='ocr_line' id='line_1_2' title="bbox 3590 340 3671 395; baseline -0.012 0"><span class='ocrx_word' id='word_1_6' title='bbox 3590 340 3671 395; x_wconf 77' lang='lat'><strong>32</strong></span> 
     </span>
    </p>
   </div>
   <div class='ocr_carea' id='block_1_3' title="bbox 393 450 1974 531">
    <p class='ocr_par' dir='ltr' id='par_1_3' title="bbox 393 452 1967 514">
     <span class='ocr_line' id='line_1_3' title="bbox 393 452 1967 514; baseline 0.006 -10"><span class='ocrx_word' id='word_1_7' title='bbox 393 452 529 510; x_wconf 80' lang='lat' dir='ltr'><strong>Vide</strong></span> <span class='ocrx_word' id='word_1_8' title='bbox 577 453 728 511; x_wconf 71' lang='lat' dir='ltr'><strong>lsaize</strong></span> <span class='ocrx_word' id='word_1_9' title='bbox 786 454 1068 512; x_wconf 77' lang='lat' dir='ltr'><strong>canticum</strong></span> <span class='ocrx_word' id='word_1_10' title='bbox 1128 465 1183 512; x_wconf 87' lang='lat' dir='ltr'><strong>et</strong></span> <span class='ocrx_word' id='word_1_11' title='bbox 1237 456 1391 514; x_wconf 88' lang='lat' dir='ltr'><strong>odem</strong></span> <span class='ocrx_word' id='word_1_12' title='bbox 1430 456 1517 512; x_wconf 77' lang='lat' dir='ltr'><strong>“z</strong></span> <span class='ocrx_word' id='word_1_13' title='bbox 1554 475 1575 510; x_wconf 79' lang='grc' dir='ltr'><strong>ι</strong></span> <span class='ocrx_word' id='word_1_14' title='bbox 1609 458 1852 513; x_wconf 87' lang='lat' dir='ltr'><strong>Cantabo</strong></span> <span class='ocrx_word' id='word_1_15' title='bbox 1885 459 1967 513; x_wconf 91' lang='lat' dir='ltr'><strong>di-</strong></span> 
     </span>
    </p>
   </div>
   <div class='ocr_carea' id='block_1_4' title="bbox 2090 450 3669 531">
    <p class='ocr_par' dir='ltr' id='par_1_4' title="bbox 2090 450 3669 531">
     <span class='ocr_line' id='line_1_4' title="bbox 2090 450 3669 531; baseline 0 -19"><span class='ocrx_word' id='word_1_16' title='bbox 2090 458 2290 530; x_wconf 79' lang='grc' dir='ltr'>ίσματα</span> <span class='ocrx_word' id='word_1_17' title='bbox 2328 459 2425 515; x_wconf 76' lang='grc' dir='ltr'>καὶ</span> <span class='ocrx_word' id='word_1_18' title='bbox 2458 458 2623 531; x_wconf 81' lang='grc' dir='ltr'>ᾠδάς.</span> <span class='ocrx_word' id='word_1_19' title='bbox 2667 456 2776 512; x_wconf 85' lang='grc' dir='ltr'><strong>Ἴδε</strong></span> <span class='ocrx_word' id='word_1_20' title='bbox 2824 459 2919 512; x_wconf 81' lang='grc' dir='ltr'><strong>καί</strong></span> <span class='ocrx_word' id='word_1_21' title='bbox 2968 455 3031 512; x_wconf 76' lang='grc' dir='ltr'>τὸ</span> <span class='ocrx_word' id='word_1_22' title='bbox 3094 456 3321 512; x_wconf 79' lang='grc' dir='ltr'><strong>Ἡσαΐου</strong></span> <span class='ocrx_word' id='word_1_23' title='bbox 3367 450 3522 529; x_wconf 78' lang='grc' dir='ltr'>ᾆσμα</span> <span class='ocrx_word' id='word_1_24' title='bbox 3562 459 3669 512; x_wconf 76' lang='grc' dir='ltr'>καὶ</span> 
     </span>
    </p>
   </div>
   <div class='ocr_carea' id='block_1_5' title="bbox 392 546 1970 608">
    <p class='ocr_par' dir='ltr' id='par_1_5' title="bbox 392 546 1970 608">
     <span class='ocr_line' id='line_1_5' title="bbox 392 546 1970 608; baseline 0.005 -7"><span class='ocrx_word' id='word_1_25' title='bbox 392 550 530 601; x_wconf 83' lang='lat' dir='ltr'><strong>lecto</strong></span> <span class='ocrx_word' id='word_1_26' title='bbox 584 549 857 605; x_wconf 77' lang='lat' dir='ltr'><strong>canticum</strong></span> <span class='ocrx_word' id='word_1_27' title='bbox 921 546 1103 606; x_wconf 92' lang='lat' dir='ltr'><strong>dilecti</strong></span> <span class='ocrx_word' id='word_1_28' title='bbox 1158 551 1327 606; x_wconf 71' lang='lat' dir='ltr'><strong>vinea:</strong></span> <span class='ocrx_word' id='word_1_29' title='bbox 1379 565 1579 607; x_wconf 65' lang='lat' dir='ltr'><strong>meae.»</strong></span> <span class='ocrx_word' id='word_1_30' title='bbox 1644 551 1775 607; x_wconf 80' lang='lat' dir='ltr'><strong>Vide</strong></span> <span class='ocrx_word' id='word_1_31' title='bbox 1814 554 1970 608; x_wconf 89' lang='lat' dir='ltr'><strong>odem</strong></span> 
     </span>
    </p>
   </div>
   <div class='ocr_carea' id='block_1_6' title="bbox 392 641 1969 708">
    <p class='ocr_par' dir='ltr' id='par_1_6' title="bbox 392 641 1969 708">
     <span class='ocr_line' id='line_1_6' title="bbox 392 641 1969 708; baseline 0.003 -14"><span class='ocrx_word' id='word_1_32' title='bbox 392 656 553 708; x_wconf 80' lang='lat' dir='ltr'><strong>quam</strong></span> <span class='ocrx_word' id='word_1_33' title='bbox 595 641 792 695; x_wconf 89' lang='lat' dir='ltr'><strong>cecinit</strong></span> <span class='ocrx_word' id='word_1_34' title='bbox 841 641 994 697; x_wconf 82' lang='lat' dir='ltr'><strong>Anna</strong></span> <span class='ocrx_word' id='word_1_35' title='bbox 1031 642 1117 698; x_wconf 75' lang='lat'><strong>“:</strong></span> <span class='ocrx_word' id='word_1_36' title='bbox 1169 661 1190 695; x_wconf 78' lang='grc' dir='ltr'><strong>ι</strong></span> <span class='ocrx_word' id='word_1_37' title='bbox 1223 642 1612 698; x_wconf 81' lang='lat' dir='ltr'><strong>Conﬁrmatum</strong></span> <span class='ocrx_word' id='word_1_38' title='bbox 1666 655 1771 707; x_wconf 86' lang='lat' dir='ltr'><strong>est.</strong></span> <span class='ocrx_word' id='word_1_39' title='bbox 1809 663 1828 697; x_wconf 76' lang='grc' dir='ltr'><strong>ι</strong></span> <span class='ocrx_word' id='word_1_40' title='bbox 1872 646 1969 708; x_wconf 89' lang='lat' dir='ltr'><strong>ait,</strong></span> 
     </span>
    </p>
   </div>
   <div class='ocr_carea' id='block_1_7' title="bbox 397 732 1971 804">
    <p class='ocr_par' dir='ltr' id='par_1_7' title="bbox 397 732 1971 804">
     <span class='ocr_line' id='line_1_7' title="bbox 397 732 1971 804; baseline 0.006 -23"><span class='ocrx_word' id='word_1_41' title='bbox 397 747 418 781; x_wconf 74' lang='grc' dir='ltr'><strong>ι</strong></span> <span class='ocrx_word' id='word_1_42' title='bbox 448 747 544 785; x_wconf 90' lang='lat' dir='ltr'><strong>cor</strong></span> <span class='ocrx_word' id='word_1_43' title='bbox 572 746 748 787; x_wconf 90' lang='lat' dir='ltr'><strong>meum</strong></span> <span class='ocrx_word' id='word_1_44' title='bbox 776 734 827 788; x_wconf 89' lang='lat' dir='ltr'><strong>in</strong></span> <span class='ocrx_word' id='word_1_45' title='bbox 856 732 1107 789; x_wconf 87' lang='lat' dir='ltr'><strong>Domino.</strong></span> <span class='ocrx_word' id='word_1_46' title='bbox 1143 754 1161 787; x_wconf 72' lang='grc' dir='ltr'><strong>ι</strong></span> <span class='ocrx_word' id='word_1_47' title='bbox 1224 733 1358 790; x_wconf 80' lang='lat' dir='ltr'><strong>Vide</strong></span> <span class='ocrx_word' id='word_1_48' title='bbox 1388 750 1720 804; x_wconf 65' lang='lat' dir='ltr'><strong>qtitecunque</strong></span> <span class='ocrx_word' id='word_1_49' title='bbox 1766 746 1891 791; x_wconf 88' lang='lat' dir='ltr'><strong>sunt</strong></span> <span class='ocrx_word' id='word_1_50' title='bbox 1917 737 1971 791; x_wconf 90' lang='lat' dir='ltr'><strong>in</strong></span> 
     </span>
    </p>
   </div>
   <div class='ocr_carea' id='block_1_8' title="bbox 395 822 1972 884">
    <p class='ocr_par' dir='ltr' id='par_1_8' title="bbox 395 822 1972 884">
     <span class='ocr_line' id='line_1_8' title="bbox 395 822 1972 884; baseline 0.004 -8"><span class='ocrx_word' id='word_1_51' title='bbox 395 822 620 879; x_wconf 72' lang='lat' dir='ltr'><strong>PSaimis</strong></span> <span class='ocrx_word' id='word_1_52' title='bbox 676 827 923 881; x_wconf 88' lang='lat' dir='ltr'><strong>cantica:</strong></span> <span class='ocrx_word' id='word_1_53' title='bbox 986 846 1005 880; x_wconf 77' lang='grc' dir='ltr'><strong>ι</strong></span> <span class='ocrx_word' id='word_1_54' title='bbox 1036 828 1264 883; x_wconf 86' lang='lat' dir='ltr'><strong>Cantate</strong></span> <span class='ocrx_word' id='word_1_55' title='bbox 1290 828 1517 883; x_wconf 88' lang='lat' dir='ltr'><strong>Domino</strong></span> <span class='ocrx_word' id='word_1_56' title='bbox 1571 830 1839 884; x_wconf 80' lang='lat' dir='ltr'><strong>canticum</strong></span> <span class='ocrx_word' id='word_1_57' title='bbox 1882 845 1972 883; x_wconf 91' lang='lat' dir='ltr'><strong>no-</strong></span> 
     </span>
    </p>
   </div>
   <div class='ocr_carea' id='block_1_9' title="bbox 393 917 1973 988">
    <p class='ocr_par' dir='ltr' id='par_1_9' title="bbox 393 917 1973 988">
     <span class='ocr_line' id='line_1_9' title="bbox 393 917 1973 988; baseline 0.004 -21"><span class='ocrx_word' id='word_1_58' title='bbox 393 929 519 969; x_wconf 90' lang='lat' dir='ltr'><strong>vum</strong></span> <span class='ocrx_word' id='word_1_59' title='bbox 555 918 621 982; x_wconf 69' lang='grc' dir='ltr'><strong>ιυ,</strong></span> <span class='ocrx_word' id='word_1_60' title='bbox 651 937 671 970; x_wconf 75' lang='grc' dir='ltr'><strong>ι</strong></span> <span class='ocrx_word' id='word_1_61' title='bbox 706 927 759 972; x_wconf 88' lang='lat' dir='ltr'><strong>et</strong></span> <span class='ocrx_word' id='word_1_62' title='bbox 785 934 1119 988; x_wconf 68' lang='lat' dir='ltr'><strong>qumcnnque</strong></span> <span class='ocrx_word' id='word_1_63' title='bbox 1148 919 1250 973; x_wconf 90' lang='lat' dir='ltr'><strong>alia</strong></span> <span class='ocrx_word' id='word_1_64' title='bbox 1306 919 1357 973; x_wconf 92' lang='lat' dir='ltr'><strong>iu</strong></span> <span class='ocrx_word' id='word_1_65' title='bbox 1389 917 1683 987; x_wconf 90' lang='lat' dir='ltr'><strong>Scriptnris</strong></span> <span class='ocrx_word' id='word_1_66' title='bbox 1710 922 1973 987; x_wconf 87' lang='lat' dir='ltr'><strong>repereris</strong></span> 
     </span>
    </p>
   </div>
   <div class='ocr_carea' id='block_1_10' title="bbox 395 1009 1973 1083">
    <p class='ocr_par' dir='ltr' id='par_1_10' title="bbox 395 1009 1973 1083">
     <span class='ocr_line' id='line_1_10' title="bbox 395 1009 1973 1083; baseline 0.003 -23"><span class='ocrx_word' id='word_1_67' title='bbox 395 1009 653 1076; x_wconf 84' lang='lat' dir='ltr'><strong>cantica_:</strong></span> <span class='ocrx_word' id='word_1_68' title='bbox 690 1011 782 1064; x_wconf 89' lang='lat' dir='ltr'><strong>sed</strong></span> <span class='ocrx_word' id='word_1_69' title='bbox 818 1009 1020 1079; x_wconf 83' lang='lat' dir='ltr'><strong>majore</strong></span> <span class='ocrx_word' id='word_1_70' title='bbox 1050 1020 1105 1065; x_wconf 91' lang='lat' dir='ltr'><strong>et</strong></span> <span class='ocrx_word' id='word_1_71' title='bbox 1127 1012 1427 1067; x_wconf 78' lang='lat' dir='ltr'><strong>excelsiore</strong></span> <span class='ocrx_word' id='word_1_72' title='bbox 1459 1012 1743 1083; x_wconf 81' lang='lat' dir='ltr'><strong>dignitate,</strong></span> <span class='ocrx_word' id='word_1_73' title='bbox 1784 1027 1973 1080; x_wconf 85' lang='lat' dir='ltr'><strong>quem-</strong></span> 
     </span>
    </p>
   </div>
   <div class='ocr_carea' id='block_1_11' title="bbox 396 1099 1970 1165">
    <p class='ocr_par' dir='ltr' id='par_1_11' title="bbox 396 1099 1970 1165">
     <span class='ocr_line' id='line_1_11' title="bbox 396 1099 1970 1165; baseline 0.001 -13"><span class='ocrx_word' id='word_1_74' title='bbox 396 1099 683 1153; x_wconf 80' lang='lat' dir='ltr'><strong>admodum</strong></span> <span class='ocrx_word' id='word_1_75' title='bbox 710 1099 905 1154; x_wconf 87' lang='lat' dir='ltr'><strong>Sancta</strong></span> <span class='ocrx_word' id='word_1_76' title='bbox 937 1111 1245 1156; x_wconf 88' lang='lat' dir='ltr'><strong>sanctorum</strong></span> <span class='ocrx_word' id='word_1_77' title='bbox 1264 1111 1320 1156; x_wconf 92' lang='lat' dir='ltr'><strong>et</strong></span> <span class='ocrx_word' id='word_1_78' title='bbox 1345 1101 1579 1156; x_wconf 87' lang='lat' dir='ltr'><strong>Sabbata</strong></span> <span class='ocrx_word' id='word_1_79' title='bbox 1601 1101 1970 1165; x_wconf 72' lang='lat' dir='ltr'><strong>sabbatorum,</strong></span> 
     </span>
    </p>
   </div>
   <div class='ocr_carea' id='block_1_12' title="bbox 394 1191 1971 1260">
    <p class='ocr_par' dir='ltr' id='par_1_12' title="bbox 394 1191 1971 1260">
     <span class='ocr_line' id='line_1_12' title="bbox 394 1191 1971 1260; baseline 0 -15"><span class='ocrx_word' id='word_1_80' title='bbox 394 1193 615 1260; x_wconf 70' lang='lat' dir='ltr'><strong>przedita</strong></span> <span class='ocrx_word' id='word_1_81' title='bbox 654 1202 781 1247; x_wconf 91' lang='lat' dir='ltr'><strong>sunt</strong></span> <span class='ocrx_word' id='word_1_82' title='bbox 829 1194 1053 1249; x_wconf 85' lang='lat' dir='ltr'><strong>Cantica</strong></span> <span class='ocrx_word' id='word_1_83' title='bbox 1113 1194 1473 1247; x_wconf 87' lang='lat' dir='ltr'><strong>canticorum.</strong></span> <span class='ocrx_word' id='word_1_84' title='bbox 1527 1191 1645 1247; x_wconf 83' lang='lat' dir='ltr'><strong>Jam</strong></span> <span class='ocrx_word' id='word_1_85' title='bbox 1678 1207 1805 1247; x_wconf 90' lang='lat' dir='ltr'><strong>vero</strong></span> <span class='ocrx_word' id='word_1_86' title='bbox 1841 1192 1971 1245; x_wconf 88' lang='lat' dir='ltr'><strong>mihi</strong></span> 
     </span>
    </p>
   </div>
   <div class='ocr_carea' id='block_1_13' title="bbox 396 1284 1972 1354">
    <p class='ocr_par' dir='ltr' id='par_1_13' title="bbox 396 1284 1972 1354">
     <span class='ocr_line' id='line_1_13' title="bbox 396 1284 1972 1354; baseline 0.002 -19"><span class='ocrx_word' id='word_1_87' title='bbox 396 1298 567 1338; x_wconf 68' lang='lat' dir='ltr'><strong>sacrae</strong></span> <span class='ocrx_word' id='word_1_88' title='bbox 598 1284 759 1351; x_wconf 78' lang='lat' dir='ltr'><strong>huius</strong></span> <span class='ocrx_word' id='word_1_89' title='bbox 788 1293 843 1339; x_wconf 86' lang='lat' dir='ltr'><strong>et</strong></span> <span class='ocrx_word' id='word_1_90' title='bbox 874 1285 1153 1354; x_wconf 76' lang='lat' dir='ltr'><strong>profundae</strong></span> <span class='ocrx_word' id='word_1_91' title='bbox 1197 1284 1567 1353; x_wconf 76' lang='lat' dir='ltr'><strong>inscriptionis</strong></span> <span class='ocrx_word' id='word_1_92' title='bbox 1619 1284 1972 1339; x_wconf 88' lang='lat' dir='ltr'><strong>Canticorum</strong></span> 
     </span>
    </p>
   </div>
   <div class='ocr_carea' id='block_1_14' title="bbox 395 1375 1968 1448">
    <p class='ocr_par' dir='ltr' id='par_1_14' title="bbox 395 1375 1968 1448">
     <span class='ocr_line' id='line_1_14' title="bbox 395 1375 1968 1448; baseline 0.001 -19"><span class='ocrx_word' id='word_1_93' title='bbox 395 1375 805 1447; x_wconf 77' lang='lat' dir='ltr'><strong>intelligentiam</strong></span> <span class='ocrx_word' id='word_1_94' title='bbox 856 1378 1142 1448; x_wconf 79' lang='lat' dir='ltr'><strong>diligenter</strong></span> <span class='ocrx_word' id='word_1_95' title='bbox 1178 1379 1449 1448; x_wconf 91' lang='lat' dir='ltr'><strong>perquire.</strong></span> <span class='ocrx_word' id='word_1_96' title='bbox 1496 1377 1604 1431; x_wconf 90' lang='lat' dir='ltr'><strong>Cur</strong></span> <span class='ocrx_word' id='word_1_97' title='bbox 1638 1392 1741 1430; x_wconf 93' lang='lat' dir='ltr'><strong>non</strong></span> <span class='ocrx_word' id='word_1_98' title='bbox 1786 1378 1968 1431; x_wconf 79' lang='lat' dir='ltr'><strong>dixit:</strong></span> 
     </span>
    </p>
   </div>
   <div class='ocr_carea' id='block_1_15' title="bbox 396 1469 1974 1540">
    <p class='ocr_par' dir='ltr' id='par_1_15' title="bbox 396 1469 1974 1540">
     <span class='ocr_line' id='line_1_15' title="bbox 396 1469 1974 1540; baseline 0.001 -17"><span class='ocrx_word' id='word_1_99' title='bbox 396 1470 621 1523; x_wconf 80' lang='lat' dir='ltr'><strong>Cantica</strong></span> <span class='ocrx_word' id='word_1_100' title='bbox 655 1475 988 1525; x_wconf 84' lang='lat' dir='ltr'><strong>canticorum</strong></span> <span class='ocrx_word' id='word_1_101' title='bbox 1018 1486 1137 1540; x_wconf 73' lang='lat' dir='ltr'><strong>qua:</strong></span> <span class='ocrx_word' id='word_1_102' title='bbox 1190 1472 1429 1525; x_wconf 89' lang='lat' dir='ltr'><strong>condidit</strong></span> <span class='ocrx_word' id='word_1_103' title='bbox 1475 1469 1561 1526; x_wconf 92' lang='lat' dir='ltr'><strong>vel</strong></span> <span class='ocrx_word' id='word_1_104' title='bbox 1594 1470 1790 1527; x_wconf 82' lang='lat' dir='ltr'><strong>cecinit</strong></span> <span class='ocrx_word' id='word_1_105' title='bbox 1821 1469 1974 1524; x_wconf 86' lang='lat' dir='ltr'><strong>Salo-</strong></span> 
     </span>
    </p>
   </div>
   <div class='ocr_carea' id='block_1_16' title="bbox 397 1562 1975 1633">
    <p class='ocr_par' dir='ltr' id='par_1_16' title="bbox 397 1562 1975 1633">
     <span class='ocr_line' id='line_1_16' title="bbox 397 1562 1975 1633; baseline 0.002 -19"><span class='ocrx_word' id='word_1_106' title='bbox 397 1576 544 1626; x_wconf 88' lang='lat' dir='ltr'><strong>mon,</strong></span> <span class='ocrx_word' id='word_1_107' title='bbox 567 1562 660 1616; x_wconf 87' lang='lat' dir='ltr'><strong>sed</strong></span> <span class='ocrx_word' id='word_1_108' title='bbox 688 1580 701 1615; x_wconf 93' lang='lat'><strong>:</strong></span> <span class='ocrx_word' id='word_1_109' title='bbox 736 1562 954 1617; x_wconf 86' lang='lat' dir='ltr'><strong>Cantica</strong></span> <span class='ocrx_word' id='word_1_110' title='bbox 980 1562 1311 1617; x_wconf 87' lang='lat' dir='ltr'><strong>canticorum</strong></span> <span class='ocrx_word' id='word_1_111' title='bbox 1333 1578 1452 1633; x_wconf 72' lang='lat' dir='ltr'><strong>qua:</strong></span> <span class='ocrx_word' id='word_1_112' title='bbox 1479 1572 1605 1617; x_wconf 90' lang='lat' dir='ltr'><strong>sunt</strong></span> <span class='ocrx_word' id='word_1_113' title='bbox 1633 1562 1975 1617; x_wconf 77' lang='lat' dir='ltr'><strong>Salomonis?</strong></span> 
     </span>
    </p>
   </div>
   <div class='ocr_carea' id='block_1_17' title="bbox 393 1651 1973 1723">
    <p class='ocr_par' dir='ltr' id='par_1_17' title="bbox 393 1651 1973 1723">
     <span class='ocr_line' id='line_1_17' title="bbox 393 1651 1973 1723; baseline -0.001 -15"><span class='ocrx_word' id='word_1_114' title='bbox 393 1651 530 1708; x_wconf 89' lang='lat' dir='ltr'><strong>Cum</strong></span> <span class='ocrx_word' id='word_1_115' title='bbox 559 1653 702 1707; x_wconf 89' lang='lat' dir='ltr'><strong>enim</strong></span> <span class='ocrx_word' id='word_1_116' title='bbox 740 1654 997 1709; x_wconf 86' lang='lat' dir='ltr'><strong>Salomon</strong></span> <span class='ocrx_word' id='word_1_117' title='bbox 1051 1655 1439 1723; x_wconf 87' lang='lat' dir='ltr'><strong>interpretetur</strong></span> <span class='ocrx_word' id='word_1_118' title='bbox 1492 1655 1825 1723; x_wconf 80' lang='lat' dir='ltr'><strong>paciﬁcatus.</strong></span> <span class='ocrx_word' id='word_1_119' title='bbox 1888 1654 1973 1709; x_wconf 88' lang='lat' dir='ltr'><strong>vel</strong></span> 
     </span>
    </p>
   </div>
   <div class='ocr_carea' id='block_1_18' title="bbox 395 1745 1971 1815">
    <p class='ocr_par' dir='ltr' id='par_1_18' title="bbox 395 1745 1971 1815">
     <span class='ocr_line' id='line_1_18' title="bbox 395 1745 1971 1815; baseline 0.002 -18"><span class='ocrx_word' id='word_1_120' title='bbox 395 1745 669 1814; x_wconf 81' lang='lat' dir='ltr'><strong>paciﬁcus,</strong></span> <span class='ocrx_word' id='word_1_121' title='bbox 698 1757 977 1815; x_wconf 87' lang='lat' dir='ltr'><strong>propterea</strong></span> <span class='ocrx_word' id='word_1_122' title='bbox 1034 1747 1147 1803; x_wconf 73' lang='lat' dir='ltr'><strong>haec</strong></span> <span class='ocrx_word' id='word_1_123' title='bbox 1196 1746 1418 1801; x_wconf 84' lang='lat' dir='ltr'><strong>Cantica</strong></span> <span class='ocrx_word' id='word_1_124' title='bbox 1469 1747 1798 1801; x_wconf 89' lang='lat' dir='ltr'><strong>canticorum</strong></span> <span class='ocrx_word' id='word_1_125' title='bbox 1826 1745 1971 1800; x_wconf 89' lang='lat' dir='ltr'><strong>omni</strong></span> 
     </span>
    </p>
   </div>
   <div class='ocr_carea' id='block_1_19' title="bbox 2073 544 3665 626">
    <p class='ocr_par' dir='ltr' id='par_1_19' title="bbox 2073 544 3665 626">
     <span class='ocr_line' id='line_1_19' title="bbox 2073 544 3665 626; baseline -0.003 -19"><span class='ocrx_word' id='word_1_126' title='bbox 2073 552 2245 626; x_wconf 74' lang='grc' dir='ltr'><strong>ᾠδήν⁸</strong></span> <span class='ocrx_word' id='word_1_127' title='bbox 2276 572 2296 606; x_wconf 79' lang='grc' dir='ltr'><strong>ι</strong></span> <span class='ocrx_word' id='word_1_128' title='bbox 2322 554 2471 625; x_wconf 78' lang='grc' dir='ltr'><strong>Ι’ᾼσω</strong></span> <span class='ocrx_word' id='word_1_129' title='bbox 2494 552 2559 623; x_wconf 82' lang='grc' dir='ltr'>δὴ</span> <span class='ocrx_word' id='word_1_130' title='bbox 2586 550 2664 623; x_wconf 80' lang='grc' dir='ltr'>τῷ</span> <span class='ocrx_word' id='word_1_131' title='bbox 2687 549 3032 623; x_wconf 70' lang='grc' dir='ltr'><strong>ἠγαπημένῳ</strong></span> <span class='ocrx_word' id='word_1_132' title='bbox 3060 544 3212 622; x_wconf 76' lang='grc' dir='ltr'>ᾆσμα</span> <span class='ocrx_word' id='word_1_133' title='bbox 3243 549 3340 604; x_wconf 82' lang='grc' dir='ltr'>τοῦ</span> <span class='ocrx_word' id='word_1_134' title='bbox 3368 549 3665 619; x_wconf 69' lang='grc' dir='ltr'>ἀγαπητοῦ</span> 
     </span>
    </p>
   </div>
   <div class='ocr_carea' id='block_1_20' title="bbox 2073 640 3662 719">
    <p class='ocr_par' dir='ltr' id='par_1_20' title="bbox 2073 640 3662 719">
     <span class='ocr_line' id='line_1_20' title="bbox 2073 640 3662 719; baseline -0.003 -18"><span class='ocrx_word' id='word_1_135' title='bbox 2073 647 2152 718; x_wconf 82' lang='grc' dir='ltr'>τῷ</span> <span class='ocrx_word' id='word_1_136' title='bbox 2180 646 2465 719; x_wconf 84' lang='grc' dir='ltr'>ἀμπελῶνί</span> <span class='ocrx_word' id='word_1_137' title='bbox 2494 663 2615 717; x_wconf 79' lang='grc' dir='ltr'>μου.</span> <span class='ocrx_word' id='word_1_138' title='bbox 2632 645 2768 698; x_wconf 81' lang='grc' dir='ltr'>»Ἴδε</span> <span class='ocrx_word' id='word_1_139' title='bbox 2791 643 2890 717; x_wconf 81' lang='grc' dir='ltr'>τὴν</span> <span class='ocrx_word' id='word_1_140' title='bbox 2916 643 3061 715; x_wconf 80' lang='grc' dir='ltr'>ᾠδὴν</span> <span class='ocrx_word' id='word_1_141' title='bbox 3089 644 3155 715; x_wconf 78' lang='grc' dir='ltr'>ἢν</span> <span class='ocrx_word' id='word_1_142' title='bbox 3176 640 3306 718; x_wconf 80' lang='grc' dir='ltr'>ᾖσεν</span> <span class='ocrx_word' id='word_1_143' title='bbox 3329 642 3442 711; x_wconf 72' lang='grc'><strong>(20)</strong></span> <span class='ocrx_word' id='word_1_144' title='bbox 3467 644 3662 706; x_wconf 79' lang='grc' dir='ltr'>Ἀννα,</span> 
     </span>
    </p>
   </div>
   <div class='ocr_carea' id='block_1_21' title="bbox 2079 732 3656 808">
    <p class='ocr_par' dir='ltr' id='par_1_21' title="bbox 2079 732 3656 808">
     <span class='ocr_line' id='line_1_21' title="bbox 2079 732 3656 808; baseline -0.004 -18"><span class='ocrx_word' id='word_1_145' title='bbox 2079 756 2097 789; x_wconf 80' lang='grc' dir='ltr'><strong>ι</strong></span> <span class='ocrx_word' id='word_1_146' title='bbox 2138 735 2530 808; x_wconf 75' lang='grc' dir='ltr'>Ἐοτερεὼθη,ο</span> <span class='ocrx_word' id='word_1_147' title='bbox 2559 734 2812 804; x_wconf 81' lang='grc' dir='ltr'><strong>λέγουσα,</strong></span> <span class='ocrx_word' id='word_1_148' title='bbox 2850 752 2866 785; x_wconf 82' lang='grc' dir='ltr'><strong>ι</strong></span> <span class='ocrx_word' id='word_1_149' title='bbox 2896 736 2929 806; x_wconf 88' lang='grc' dir='ltr'><strong>ή</strong></span> <span class='ocrx_word' id='word_1_150' title='bbox 2965 733 3161 806; x_wconf 83' lang='grc' dir='ltr'>καρδία</span> <span class='ocrx_word' id='word_1_151' title='bbox 3192 751 3292 804; x_wconf 86' lang='grc' dir='ltr'><strong>μου</strong></span> <span class='ocrx_word' id='word_1_152' title='bbox 3323 736 3381 788; x_wconf 80' lang='grc' dir='ltr'>ὲν</span> <span class='ocrx_word' id='word_1_153' title='bbox 3408 732 3656 804; x_wconf 68' lang='grc' dir='ltr'>Κυρίῳ.»</span> 
     </span>
    </p>
   </div>
   <div class='ocr_carea' id='block_1_22' title="bbox 2077 822 3658 896">
    <p class='ocr_par' dir='ltr' id='par_1_22' title="bbox 2077 822 3658 896">
     <span class='ocr_line' id='line_1_22' title="bbox 2077 822 3658 896; baseline -0.004 -16"><span class='ocrx_word' id='word_1_154' title='bbox 2077 827 2184 879; x_wconf 85' lang='grc' dir='ltr'><strong>Ἴδε</strong></span> <span class='ocrx_word' id='word_1_155' title='bbox 2213 826 2280 880; x_wconf 80' lang='grc' dir='ltr'><strong>τά</strong></span> <span class='ocrx_word' id='word_1_156' title='bbox 2311 828 2368 880; x_wconf 83' lang='grc' dir='ltr'>ὲν</span> <span class='ocrx_word' id='word_1_157' title='bbox 2413 826 2664 896; x_wconf 80' lang='grc' dir='ltr'><strong>Ψαλμοῖς</strong></span> <span class='ocrx_word' id='word_1_158' title='bbox 2705 824 2923 896; x_wconf 82' lang='grc' dir='ltr'>ᾄσματα</span> <span class='ocrx_word' id='word_1_159' title='bbox 2952 825 3053 878; x_wconf 81' lang='grc' dir='ltr'>ὅσα</span> <span class='ocrx_word' id='word_1_160' title='bbox 3080 825 3226 878; x_wconf 78' lang='grc' dir='ltr'>ἐστίν</span> <span class='ocrx_word' id='word_1_161' title='bbox 3244 841 3258 854; x_wconf 88' lang='grc'><strong>·</strong></span> <span class='ocrx_word' id='word_1_162' title='bbox 3297 843 3318 876; x_wconf 77' lang='grc' dir='ltr'><strong>ι</strong></span> <span class='ocrx_word' id='word_1_163' title='bbox 3344 823 3547 895; x_wconf 76' lang='grc' dir='ltr'>’ᾼσατε</span> <span class='ocrx_word' id='word_1_164' title='bbox 3575 822 3658 892; x_wconf 80' lang='grc' dir='ltr'>τῷ</span> 
     </span>
    </p>
   </div>
   <div class='ocr_carea' id='block_1_23' title="bbox 2075 914 3665 992">
    <p class='ocr_par' dir='ltr' id='par_1_23' title="bbox 2075 914 3665 992">
     <span class='ocr_line' id='line_1_23' title="bbox 2075 914 3665 992; baseline -0.002 -20"><span class='ocrx_word' id='word_1_165' title='bbox 2075 919 2266 991; x_wconf 81' lang='grc' dir='ltr'>Κυρίῳ</span> <span class='ocrx_word' id='word_1_166' title='bbox 2299 914 2448 992; x_wconf 76' lang='grc' dir='ltr'>ᾆσμα</span> <span class='ocrx_word' id='word_1_167' title='bbox 2496 917 2753 972; x_wconf 79' lang='grc' dir='ltr'>καινόν’»</span> <span class='ocrx_word' id='word_1_168' title='bbox 2798 918 2893 970; x_wconf 78' lang='grc' dir='ltr'>καὶ</span> <span class='ocrx_word' id='word_1_169' title='bbox 2946 917 3045 969; x_wconf 83' lang='grc' dir='ltr'>ὅσα</span> <span class='ocrx_word' id='word_1_170' title='bbox 3090 916 3254 988; x_wconf 78' lang='grc' dir='ltr'>ἕτερα</span> <span class='ocrx_word' id='word_1_171' title='bbox 3298 917 3552 989; x_wconf 81' lang='grc' dir='ltr'><strong>εὑρήσεις</strong></span> <span class='ocrx_word' id='word_1_172' title='bbox 3600 918 3665 970; x_wconf 75' lang='grc' dir='ltr'>ἐν</span> 
     </span>
    </p>
   </div>
   <div class='ocr_carea' id='block_1_24' title="bbox 2072 1007 3667 1083">
    <p class='ocr_par' dir='ltr' id='par_1_24' title="bbox 2072 1007 3667 1083">
     <span class='ocr_line' id='line_1_24' title="bbox 2072 1007 3667 1083; baseline -0.002 -20"><span class='ocrx_word' id='word_1_173' title='bbox 2072 1014 2192 1073; x_wconf 83' lang='grc' dir='ltr'>ταῖς</span> <span class='ocrx_word' id='word_1_174' title='bbox 2241 1011 2483 1083; x_wconf 86' lang='grc' dir='ltr'>Γραφαίς</span> <span class='ocrx_word' id='word_1_175' title='bbox 2516 1009 2762 1081; x_wconf 80' lang='grc' dir='ltr'>ᾇσματα”</span> <span class='ocrx_word' id='word_1_176' title='bbox 2802 1007 2939 1061; x_wconf 82' lang='grc' dir='ltr'>ἀλλὰ</span> <span class='ocrx_word' id='word_1_177' title='bbox 2993 1008 3200 1079; x_wconf 75' lang='grc' dir='ltr'>μείζονι</span> <span class='ocrx_word' id='word_1_178' title='bbox 3249 1013 3343 1062; x_wconf 76' lang='grc' dir='ltr'>καὶ</span> <span class='ocrx_word' id='word_1_179' title='bbox 3389 1007 3667 1080; x_wconf 71' lang='grc' dir='ltr'>βαθυτέρᾳ.</span> 
     </span>
    </p>
   </div>
   <div class='ocr_carea' id='block_1_25' title="bbox 2072 1098 3665 1174">
    <p class='ocr_par' dir='ltr' id='par_1_25' title="bbox 2072 1098 3665 1174">
     <span class='ocr_line' id='line_1_25' title="bbox 2072 1098 3665 1174; baseline 0 -19"><span class='ocrx_word' id='word_1_180' title='bbox 2072 1105 2229 1174; x_wconf 77' lang='grc' dir='ltr'>τιμῇ,</span> <span class='ocrx_word' id='word_1_181' title='bbox 2265 1101 2453 1172; x_wconf 81' lang='grc' dir='ltr'>ὥσπερ</span> <span class='ocrx_word' id='word_1_182' title='bbox 2497 1100 2566 1154; x_wconf 82' lang='grc' dir='ltr'><strong>τά</strong></span> <span class='ocrx_word' id='word_1_183' title='bbox 2606 1101 2772 1168; x_wconf 74' lang='grc' dir='ltr'>’Ἅγια</span> <span class='ocrx_word' id='word_1_184' title='bbox 2803 1100 2911 1153; x_wconf 82' lang='grc' dir='ltr'>τῶν</span> <span class='ocrx_word' id='word_1_185' title='bbox 2949 1100 3141 1168; x_wconf 84' lang='grc' dir='ltr'>ἁγίων,</span> <span class='ocrx_word' id='word_1_186' title='bbox 3171 1100 3267 1154; x_wconf 68' lang='grc' dir='ltr'><strong>καί⁵</strong></span> <span class='ocrx_word' id='word_1_187' title='bbox 3296 1098 3366 1153; x_wconf 81' lang='grc' dir='ltr'><strong>τά</strong></span> <span class='ocrx_word' id='word_1_188' title='bbox 3408 1100 3665 1155; x_wconf 89' lang='grc' dir='ltr'>Σάϐϐατα</span> 
     </span>
    </p>
   </div>
   <div class='ocr_carea' id='block_1_26' title="bbox 2073 1191 3665 1263">
    <p class='ocr_par' dir='ltr' id='par_1_26' title="bbox 2073 1191 3665 1263">
     <span class='ocr_line' id='line_1_26' title="bbox 2073 1191 3665 1263; baseline -0.002 -14"><span class='ocrx_word' id='word_1_189' title='bbox 2073 1195 2183 1249; x_wconf 85' lang='grc' dir='ltr'><strong>τῶν</strong></span> <span class='ocrx_word' id='word_1_190' title='bbox 2224 1193 2531 1256; x_wconf 88' lang='grc' dir='ltr'>σαϐϐάτων,</span> <span class='ocrx_word' id='word_1_191' title='bbox 2565 1191 2799 1263; x_wconf 75' lang='grc' dir='ltr'><strong>ἐτιμήθη</strong></span> <span class='ocrx_word' id='word_1_192' title='bbox 2825 1193 2919 1245; x_wconf 84' lang='grc' dir='ltr'><strong>καί</strong></span> <span class='ocrx_word' id='word_1_193' title='bbox 2963 1191 3033 1245; x_wconf 82' lang='grc' dir='ltr'>τὰ</span> <span class='ocrx_word' id='word_1_194' title='bbox 3060 1192 3315 1263; x_wconf 77' lang='grc' dir='ltr'>’ᾼσματα</span> <span class='ocrx_word' id='word_1_195' title='bbox 3349 1191 3456 1245; x_wconf 85' lang='grc' dir='ltr'>τῶν</span> <span class='ocrx_word' id='word_1_196' title='bbox 3481 1192 3665 1263; x_wconf 77' lang='grc' dir='ltr'>ᾀσμά-</span> 
     </span>
    </p>
   </div>
   <div class='ocr_carea' id='block_1_27' title="bbox 2072 1286 3666 1359">
    <p class='ocr_par' dir='ltr' id='par_1_27' title="bbox 2072 1286 3666 1359">
     <span class='ocr_line' id='line_1_27' title="bbox 2072 1286 3666 1359; baseline 0 -18"><span class='ocrx_word' id='word_1_197' title='bbox 2072 1305 2201 1342; x_wconf 88' lang='grc' dir='ltr'>των.</span> <span class='ocrx_word' id='word_1_198' title='bbox 2246 1288 2567 1359; x_wconf 87' lang='grc' dir='ltr'>Ἀκρίϐασαι</span> <span class='ocrx_word' id='word_1_199' title='bbox 2599 1286 2709 1356; x_wconf 66' lang='grc'><strong>(91)</strong></span> <span class='ocrx_word' id='word_1_200' title='bbox 2732 1286 2796 1357; x_wconf 87' lang='grc' dir='ltr'><strong>δή</strong></span> <span class='ocrx_word' id='word_1_201' title='bbox 2827 1305 2917 1357; x_wconf 91' lang='grc' dir='ltr'><strong>μοι</strong></span> <span class='ocrx_word' id='word_1_202' title='bbox 2942 1286 3034 1341; x_wconf 83' lang='grc' dir='ltr'>τὸν</span> <span class='ocrx_word' id='word_1_203' title='bbox 3066 1287 3195 1341; x_wconf 80' lang='grc' dir='ltr'>νοῦν</span> <span class='ocrx_word' id='word_1_204' title='bbox 3223 1288 3321 1358; x_wconf 79' lang='grc' dir='ltr'>τῆς</span> <span class='ocrx_word' id='word_1_205' title='bbox 3354 1289 3506 1359; x_wconf 78' lang='grc' dir='ltr'>ἱερᾶς</span> <span class='ocrx_word' id='word_1_206' title='bbox 3530 1286 3666 1342; x_wconf 68' lang='grc' dir='ltr'>ταύσ</span> 
     </span>
    </p>
   </div>
   <div class='ocr_carea' id='block_1_28' title="bbox 2072 1379 3665 1452">
    <p class='ocr_par' dir='ltr' id='par_1_28' title="bbox 2072 1379 3665 1452">
     <span class='ocr_line' id='line_1_28' title="bbox 2072 1379 3665 1452; baseline -0.001 -18"><span class='ocrx_word' id='word_1_207' title='bbox 2072 1398 2173 1452; x_wconf 88' lang='grc' dir='ltr'><strong>της</strong></span> <span class='ocrx_word' id='word_1_208' title='bbox 2207 1380 2506 1451; x_wconf 78' lang='grc' dir='ltr'>βαθυτέρας</span> <span class='ocrx_word' id='word_1_209' title='bbox 2551 1379 2661 1433; x_wconf 84' lang='grc' dir='ltr'><strong>τῶν</strong></span> <span class='ocrx_word' id='word_1_210' title='bbox 2711 1380 2970 1451; x_wconf 78' lang='grc' dir='ltr'><strong>ᾀσμάτων</strong></span> <span class='ocrx_word' id='word_1_211' title='bbox 3023 1380 3337 1451; x_wconf 76' lang='grc' dir='ltr'>ἐπιγραφῆς</span> <span class='ocrx_word' id='word_1_212' title='bbox 3364 1379 3497 1451; x_wconf 70' lang='lat'><strong>(22).</strong></span> <span class='ocrx_word' id='word_1_213' title='bbox 3536 1380 3665 1444; x_wconf 79' lang='grc' dir='ltr'>Πῶς</span> 
     </span>
    </p>
   </div>
   <div class='ocr_carea' id='block_1_29' title="bbox 2074 1469 3660 1544">
    <p class='ocr_par' dir='ltr' id='par_1_29' title="bbox 2074 1469 3660 1544">
     <span class='ocr_line' id='line_1_29' title="bbox 2074 1469 3660 1544; baseline -0.004 -16"><span class='ocrx_word' id='word_1_214' title='bbox 2074 1472 2175 1528; x_wconf 77' lang='grc' dir='ltr'>οὐκ</span> <span class='ocrx_word' id='word_1_215' title='bbox 2210 1469 2361 1526; x_wconf 81' lang='grc' dir='ltr'>εἶπεν</span> <span class='ocrx_word' id='word_1_216' title='bbox 2386 1490 2399 1502; x_wconf 81' lang='grc'><em>’</em></span> <span class='ocrx_word' id='word_1_217' title='bbox 2435 1472 2688 1544; x_wconf 78' lang='grc' dir='ltr'>’ᾼσματα</span> <span class='ocrx_word' id='word_1_218' title='bbox 2722 1471 3001 1543; x_wconf 77' lang='grc' dir='ltr'><strong>ᾀσμάτων,</strong></span> <span class='ocrx_word' id='word_1_219' title='bbox 3041 1470 3077 1525; x_wconf 79' lang='grc' dir='ltr'>ἃ</span> <span class='ocrx_word' id='word_1_220' title='bbox 3120 1471 3343 1543; x_wconf 79' lang='grc' dir='ltr'>ἐποίησε</span> <span class='ocrx_word' id='word_1_221' title='bbox 3376 1470 3660 1540; x_wconf 86' lang='grc' dir='ltr'>Σαλομὼν,</span> 
     </span>
    </p>
   </div>
   <div class='ocr_carea' id='block_1_30' title="bbox 2074 1562 3664 1637">
    <p class='ocr_par' dir='ltr' id='par_1_30' title="bbox 2074 1562 3664 1637">
     <span class='ocr_line' id='line_1_30' title="bbox 2074 1562 3664 1637; baseline -0.002 -18"><span class='ocrx_word' id='word_1_222' title='bbox 2074 1567 2108 1637; x_wconf 86' lang='grc' dir='ltr'>ἢ</span> <span class='ocrx_word' id='word_1_223' title='bbox 2153 1564 2274 1619; x_wconf 80' lang='grc' dir='ltr'>εἷπε</span> <span class='ocrx_word' id='word_1_224' title='bbox 2313 1564 2569 1637; x_wconf 86' lang='grc' dir='ltr'>Σαλομὼν</span> <span class='ocrx_word' id='word_1_225' title='bbox 2588 1581 2603 1596; x_wconf 74' lang='grc' dir='ltr'><strong>ο</strong></span> <span class='ocrx_word' id='word_1_226' title='bbox 2650 1564 2819 1618; x_wconf 85' lang='grc' dir='ltr'>ἀλλά·</span> <span class='ocrx_word' id='word_1_227' title='bbox 2860 1563 3117 1637; x_wconf 79' lang='grc' dir='ltr'>’ᾼσματα</span> <span class='ocrx_word' id='word_1_228' title='bbox 3155 1564 3433 1635; x_wconf 75' lang='grc' dir='ltr'>ᾀσμάτων,</span> <span class='ocrx_word' id='word_1_229' title='bbox 3465 1562 3502 1617; x_wconf 76' lang='grc' dir='ltr'><strong>ὅ.</strong></span> <span class='ocrx_word' id='word_1_230' title='bbox 3541 1563 3664 1616; x_wconf 75' lang='grc' dir='ltr'>ἐστι</span> 
     </span>
    </p>
   </div>
   <div class='ocr_carea' id='block_1_31' title="bbox 2074 1651 3665 1728">
    <p class='ocr_par' dir='ltr' id='par_1_31' title="bbox 2074 1651 3665 1728">
     <span class='ocr_line' id='line_1_31' title="bbox 2074 1651 3665 1728; baseline -0.004 -17"><span class='ocrx_word' id='word_1_231' title='bbox 2074 1656 2168 1712; x_wconf 81' lang='grc' dir='ltr'><strong>τοῦ</strong></span> <span class='ocrx_word' id='word_1_232' title='bbox 2209 1656 2497 1728; x_wconf 85' lang='grc' dir='ltr'>Σαλομὼν;</span> <span class='ocrx_word' id='word_1_233' title='bbox 2551 1655 2769 1727; x_wconf 83' lang='grc' dir='ltr'><strong>Ἐπειδὴ</strong></span> <span class='ocrx_word' id='word_1_234' title='bbox 2818 1654 2925 1725; x_wconf 80' lang='grc' dir='ltr'><strong>γὰρ</strong></span> <span class='ocrx_word' id='word_1_235' title='bbox 2972 1651 3231 1722; x_wconf 84' lang='grc' dir='ltr'>Σαλομὼν</span> <span class='ocrx_word' id='word_1_236' title='bbox 3283 1654 3665 1721; x_wconf 77' lang='grc' dir='ltr'>είρηνευόμε-</span> 
     </span>
    </p>
   </div>
   <div class='ocr_carea' id='block_1_32' title="bbox 2075 1743 3668 1822">
    <p class='ocr_par' dir='ltr' id='par_1_32' title="bbox 2075 1743 3668 1822">
     <span class='ocr_line' id='line_1_32' title="bbox 2075 1743 3668 1822; baseline -0.004 -17"><span class='ocrx_word' id='word_1_237' title='bbox 2075 1768 2184 1818; x_wconf 77' lang='grc' dir='ltr'>νος</span> <span class='ocrx_word' id='word_1_238' title='bbox 2214 1749 2595 1822; x_wconf 79' lang='grc' dir='ltr'>ἑρμηνεύεται,</span> <span class='ocrx_word' id='word_1_239' title='bbox 2632 1748 2665 1820; x_wconf 81' lang='grc' dir='ltr'>ἢ</span> <span class='ocrx_word' id='word_1_240' title='bbox 2711 1748 3055 1816; x_wconf 76' lang='grc' dir='ltr'>εἰρηνεύων,</span> <span class='ocrx_word' id='word_1_241' title='bbox 3085 1745 3174 1799; x_wconf 82' lang='grc' dir='ltr'>διὰ</span> <span class='ocrx_word' id='word_1_242' title='bbox 3206 1744 3365 1799; x_wconf 84' lang='grc' dir='ltr'>τοῦτο</span> <span class='ocrx_word' id='word_1_243' title='bbox 3395 1743 3570 1798; x_wconf 81' lang='grc' dir='ltr'>ταῦτα</span> <span class='ocrx_word' id='word_1_244' title='bbox 3594 1744 3668 1798; x_wconf 79' lang='grc' dir='ltr'><strong>τά</strong></span> 
     </span>
    </p>
   </div>
   <div class='ocr_carea' id='block_1_33' title="bbox 395 1810 1974 1915">
    <p class='ocr_par' dir='ltr' id='par_1_33' title="bbox 395 1810 1973 1909">
     <span class='ocr_line' id='line_1_33' title="bbox 395 1810 1973 1909; baseline 0.004 -22"><span class='ocrx_word' id='word_1_245' title='bbox 395 1810 850 1905; x_wconf 76' lang='lat' dir='ltr'><strong>paciiicatoetab</strong></span> <span class='ocrx_word' id='word_1_246' title='bbox 883 1838 1219 1895; x_wconf 78' lang='lat' dir='ltr'><strong>oﬁ&#39;endiculis</strong></span> <span class='ocrx_word' id='word_1_247' title='bbox 1277 1838 1639 1894; x_wconf 81' lang='lat' dir='ltr'><strong>fornicalricis</strong></span> <span class='ocrx_word' id='word_1_248' title='bbox 1688 1838 1973 1909; x_wconf 84' lang='lat' dir='ltr'><strong>cogitatio-</strong></span> 
     </span>
    </p>
   </div>
   <div class='ocr_carea' id='block_1_34' title="bbox 2090 1810 3666 1915">
    <p class='ocr_par' dir='ltr' id='par_1_34' title="bbox 2090 1810 3666 1915">
     <span class='ocr_line' id='line_1_34' title="bbox 2090 1810 3666 1915; baseline -0.005 -18"><span class='ocrx_word' id='word_1_249' title='bbox 2090 1810 2355 1915; x_wconf 43' lang='lat' dir='ltr'><strong>&#39;Ac&#39;rp.a&#39;t1&#39;:a&#39;</strong></span> <span class='ocrx_word' id='word_1_250' title='bbox 2392 1810 2665 1914; x_wconf 46' lang='grc' dir='ltr'>ᾀσμάτων.</span> <span class='ocrx_word' id='word_1_251' title='bbox 2704 1810 2871 1894; x_wconf 78' lang='grc' dir='ltr'>παντὶ</span> <span class='ocrx_word' id='word_1_252' title='bbox 2924 1838 3003 1909; x_wconf 83' lang='grc' dir='ltr'>τῷ</span> <span class='ocrx_word' id='word_1_253' title='bbox 3042 1810 3466 1909; x_wconf 58' lang='grc' dir='ltr'>ἐίρηνευομένῳ</span> <span class='ocrx_word' id='word_1_254' title='bbox 3492 1875 3509 1902; x_wconf 93' lang='grc'><strong>,</strong></span> <span class='ocrx_word' id='word_1_255' title='bbox 3567 1836 3666 1890; x_wconf 69' lang='grc' dir='ltr'><strong>καί⁵</strong></span> 
     </span>
    </p>
   </div>
   <div class='ocr_carea' id='block_1_35' title="bbox 394 1930 1974 2006">
    <p class='ocr_par' dir='ltr' id='par_1_35' title="bbox 394 1930 1972 2001">
     <span class='ocr_line' id='line_1_35' title="bbox 394 1930 1972 2001; baseline 0.002 -19"><span class='ocrx_word' id='word_1_256' title='bbox 394 1930 483 1983; x_wconf 83' lang='lat' dir='ltr'><strong>nis</strong></span> <span class='ocrx_word' id='word_1_257' title='bbox 517 1940 725 1985; x_wconf 90' lang='lat' dir='ltr'><strong>semoto</strong></span> <span class='ocrx_word' id='word_1_258' title='bbox 754 1941 938 2001; x_wconf 85' lang='lat' dir='ltr'><strong>parata</strong></span> <span class='ocrx_word' id='word_1_259' title='bbox 969 1941 1116 1987; x_wconf 92' lang='lat' dir='ltr'><strong>sunt.</strong></span> <span class='ocrx_word' id='word_1_260' title='bbox 1169 1932 1269 1999; x_wconf 84' lang='lat' dir='ltr'><strong>Qui</strong></span> <span class='ocrx_word' id='word_1_261' title='bbox 1304 1934 1446 1987; x_wconf 92' lang='lat' dir='ltr'><strong>enim</strong></span> <span class='ocrx_word' id='word_1_262' title='bbox 1493 1946 1643 1986; x_wconf 88' lang='lat' dir='ltr'><strong>suam</strong></span> <span class='ocrx_word' id='word_1_263' title='bbox 1673 1942 1905 1986; x_wconf 86' lang='lat' dir='ltr'><strong>mentem</strong></span> <span class='ocrx_word' id='word_1_264' title='bbox 1940 1946 1972 1985; x_wconf 90' lang='lat' dir='ltr'><strong>a</strong></span> 
     </span>
    </p>
   </div>
   <div class='ocr_carea' id='block_1_36' title="bbox 2090 1930 3668 2006">
    <p class='ocr_par' dir='ltr' id='par_1_36' title="bbox 2090 1930 3668 2006">
     <span class='ocr_line' id='line_1_36' title="bbox 2090 1930 3668 2006; baseline -0.004 -16"><span class='ocrx_word' id='word_1_265' title='bbox 2090 1934 2390 1990; x_wconf 73' lang='grc' dir='ltr'>ςκανδάλων</span> <span class='ocrx_word' id='word_1_266' title='bbox 2454 1934 2716 2006; x_wconf 86' lang='grc' dir='ltr'>πορνικῆς</span> <span class='ocrx_word' id='word_1_267' title='bbox 2772 1933 2980 1996; x_wconf 78' lang='grc' dir='ltr'>ἐννοίας</span> <span class='ocrx_word' id='word_1_268' title='bbox 3047 1930 3455 2002; x_wconf 81' lang='grc' dir='ltr'>ἀπηλλαγμένῳ</span> <span class='ocrx_word' id='word_1_269' title='bbox 3517 1931 3668 2001; x_wconf 85' lang='grc' dir='ltr'>ήτοί-</span> 
     </span>
    </p>
   </div>
   <div class='ocr_carea' id='block_1_37' title="bbox 395 2020 1974 2101">
    <p class='ocr_par' dir='ltr' id='par_1_37' title="bbox 395 2021 1971 2091">
     <span class='ocr_line' id='line_1_37' title="bbox 395 2021 1971 2091; baseline -0.001 -14"><span class='ocrx_word' id='word_1_270' title='bbox 395 2024 709 2080; x_wconf 78' lang='lat' dir='ltr'><strong>carnalibus</strong></span> <span class='ocrx_word' id='word_1_271' title='bbox 731 2023 1106 2080; x_wconf 79' lang='lat' dir='ltr'><strong>aﬂ‘ectiouibus</strong></span> <span class='ocrx_word' id='word_1_272' title='bbox 1136 2040 1241 2080; x_wconf 92' lang='lat' dir='ltr'><strong>non</strong></span> <span class='ocrx_word' id='word_1_273' title='bbox 1297 2024 1632 2091; x_wconf 81' lang='lat' dir='ltr'><strong>liberaverit,</strong></span> <span class='ocrx_word' id='word_1_274' title='bbox 1669 2024 1797 2079; x_wconf 89' lang='lat' dir='ltr'><strong>huic</strong></span> <span class='ocrx_word' id='word_1_275' title='bbox 1830 2021 1971 2076; x_wconf 88' lang='lat' dir='ltr'><strong>nulla</strong></span> 
     </span>
    </p>
   </div>
   <div class='ocr_carea' id='block_1_38' title="bbox 2090 2020 3668 2101">
    <p class='ocr_par' dir='ltr' id='par_1_38' title="bbox 2090 2020 3668 2101">
     <span class='ocr_line' id='line_1_38' title="bbox 2090 2020 3668 2101; baseline -0.005 -17"><span class='ocrx_word' id='word_1_276' title='bbox 2090 2045 2305 2101; x_wconf 81' lang='grc' dir='ltr'>μασται.</span> <span class='ocrx_word' id='word_1_277' title='bbox 2366 2025 2491 2079; x_wconf 76' lang='grc' dir='ltr'><strong>Ἐὰν</strong></span> <span class='ocrx_word' id='word_1_278' title='bbox 2526 2025 2635 2098; x_wconf 85' lang='grc' dir='ltr'><strong>γάρ</strong></span> <span class='ocrx_word' id='word_1_279' title='bbox 2682 2026 2757 2097; x_wconf 87' lang='grc' dir='ltr'><strong>μή</strong></span> <span class='ocrx_word' id='word_1_280' title='bbox 2791 2043 2876 2089; x_wconf 88' lang='grc' dir='ltr'><strong>τις</strong></span> <span class='ocrx_word' id='word_1_281' title='bbox 2920 2024 2981 2077; x_wconf 82' lang='grc' dir='ltr'>τὸ</span> <span class='ocrx_word' id='word_1_282' title='bbox 3031 2022 3224 2078; x_wconf 80' lang='grc' dir='ltr'>ἑαυτοῦ</span> <span class='ocrx_word' id='word_1_283' title='bbox 3273 2023 3526 2094; x_wconf 84' lang='grc' dir='ltr'>φρόνημα</span> <span class='ocrx_word' id='word_1_284' title='bbox 3554 2020 3668 2077; x_wconf 83' lang='grc' dir='ltr'><strong>τῶν</strong></span> 
     </span>
    </p>
   </div>
   <div class='ocr_carea' id='block_1_39' title="bbox 397 2115 1972 2185">
    <p class='ocr_par' dir='ltr' id='par_1_39' title="bbox 397 2115 1972 2185">
     <span class='ocr_line' id='line_1_39' title="bbox 397 2115 1972 2185; baseline -0.001 -17"><span class='ocrx_word' id='word_1_285' title='bbox 397 2127 524 2170; x_wconf 87' lang='lat' dir='ltr'><strong>sunt</strong></span> <span class='ocrx_word' id='word_1_286' title='bbox 555 2115 776 2171; x_wconf 87' lang='lat' dir='ltr'><strong>Cantica</strong></span> <span class='ocrx_word' id='word_1_287' title='bbox 801 2117 1157 2183; x_wconf 88' lang='lat' dir='ltr'><strong>canticorum,</strong></span> <span class='ocrx_word' id='word_1_288' title='bbox 1205 2131 1379 2185; x_wconf 82' lang='lat' dir='ltr'><strong>neque</strong></span> <span class='ocrx_word' id='word_1_289' title='bbox 1409 2115 1607 2170; x_wconf 87' lang='lat' dir='ltr'><strong>Sancta</strong></span> <span class='ocrx_word' id='word_1_290' title='bbox 1638 2127 1972 2179; x_wconf 88' lang='lat' dir='ltr'><strong>sanctorum,</strong></span> 
     </span>
    </p>
   </div>
   <div class='ocr_carea' id='block_1_40' title="bbox 397 2205 1973 2276">
    <p class='ocr_par' dir='ltr' id='par_1_40' title="bbox 397 2205 1973 2276">
     <span class='ocr_line' id='line_1_40' title="bbox 397 2205 1973 2276; baseline -0.001 -15"><span class='ocrx_word' id='word_1_291' title='bbox 397 2221 575 2276; x_wconf 84' lang='lat' dir='ltr'><strong>neque</strong></span> <span class='ocrx_word' id='word_1_292' title='bbox 629 2205 862 2261; x_wconf 82' lang='lat' dir='ltr'><strong>Sabbata</strong></span> <span class='ocrx_word' id='word_1_293' title='bbox 919 2207 1293 2262; x_wconf 83' lang='lat' dir='ltr'><strong>sabbatorum.</strong></span> <span class='ocrx_word' id='word_1_294' title='bbox 1356 2206 1457 2274; x_wconf 86' lang='lat' dir='ltr'><strong>Qui</strong></span> <span class='ocrx_word' id='word_1_295' title='bbox 1524 2222 1649 2262; x_wconf 85' lang='lat' dir='ltr'><strong>vero</strong></span> <span class='ocrx_word' id='word_1_296' title='bbox 1709 2206 1973 2261; x_wconf 82' lang='lat' dir='ltr'><strong>submotis</strong></span> 
     </span>
    </p>
   </div>
   <div class='ocr_carea' id='block_1_41' title="bbox 396 2297 1971 2369">
    <p class='ocr_par' dir='ltr' id='par_1_41' title="bbox 396 2297 1971 2369">
     <span class='ocr_line' id='line_1_41' title="bbox 396 2297 1971 2369; baseline 0 -18"><span class='ocrx_word' id='word_1_297' title='bbox 396 2297 733 2354; x_wconf 84' lang='lat' dir='ltr'><strong>oii&#39;endiculis</strong></span> <span class='ocrx_word' id='word_1_298' title='bbox 760 2298 1037 2362; x_wconf 90' lang='lat' dir='ltr'><strong>omnibus,</strong></span> <span class='ocrx_word' id='word_1_299' title='bbox 1074 2298 1366 2369; x_wconf 78' lang='lat' dir='ltr'><strong>legitimam</strong></span> <span class='ocrx_word' id='word_1_300' title='bbox 1412 2306 1736 2367; x_wconf 84' lang='lat' dir='ltr'><strong>exspectans</strong></span> <span class='ocrx_word' id='word_1_301' title='bbox 1761 2312 1971 2365; x_wconf 88' lang='lat' dir='ltr'><strong>pacem,</strong></span> 
     </span>
    </p>
   </div>
   <div class='ocr_carea' id='block_1_42' title="bbox 398 2389 1971 2461">
    <p class='ocr_par' dir='ltr' id='par_1_42' title="bbox 398 2389 1971 2461">
     <span class='ocr_line' id='line_1_42' title="bbox 398 2389 1971 2461; baseline 0.001 -18"><span class='ocrx_word' id='word_1_302' title='bbox 398 2404 553 2443; x_wconf 88' lang='lat' dir='ltr'><strong>suam</strong></span> <span class='ocrx_word' id='word_1_303' title='bbox 579 2389 748 2460; x_wconf 88' lang='lat' dir='ltr'><strong>ipsius</strong></span> <span class='ocrx_word' id='word_1_304' title='bbox 777 2401 1010 2445; x_wconf 91' lang='lat' dir='ltr'><strong>mentem</strong></span> <span class='ocrx_word' id='word_1_305' title='bbox 1038 2403 1092 2445; x_wconf 88' lang='lat' dir='ltr'><strong>et.</strong></span> <span class='ocrx_word' id='word_1_306' title='bbox 1121 2406 1319 2461; x_wconf 89' lang='lat' dir='ltr'><strong>corpus</strong></span> <span class='ocrx_word' id='word_1_307' title='bbox 1357 2391 1423 2443; x_wconf 89' lang='lat' dir='ltr'><strong>ad</strong></span> <span class='ocrx_word' id='word_1_308' title='bbox 1466 2391 1832 2459; x_wconf 71' lang='lat' dir='ltr'><strong>temperantiae</strong></span> <span class='ocrx_word' id='word_1_309' title='bbox 1860 2389 1971 2444; x_wconf 86' lang='lat' dir='ltr'><strong>vir-</strong></span> 
     </span>
    </p>
   </div>
   <div class='ocr_carea' id='block_1_43' title="bbox 400 2481 1972 2551">
    <p class='ocr_par' dir='ltr' id='par_1_43' title="bbox 400 2481 1972 2551">
     <span class='ocr_line' id='line_1_43' title="bbox 400 2481 1972 2551; baseline -0.003 -13"><span class='ocrx_word' id='word_1_310' title='bbox 400 2491 568 2538; x_wconf 88' lang='lat' dir='ltr'><strong>tutem</strong></span> <span class='ocrx_word' id='word_1_311' title='bbox 605 2483 956 2546; x_wconf 86' lang='lat' dir='ltr'><strong>converterit,</strong></span> <span class='ocrx_word' id='word_1_312' title='bbox 993 2483 1066 2538; x_wconf 90' lang='lat' dir='ltr'><strong>illi</strong></span> <span class='ocrx_word' id='word_1_313' title='bbox 1091 2491 1216 2538; x_wconf 89' lang='lat' dir='ltr'><strong>sunt</strong></span> <span class='ocrx_word' id='word_1_314' title='bbox 1243 2482 1463 2538; x_wconf 90' lang='lat' dir='ltr'><strong>Cantica</strong></span> <span class='ocrx_word' id='word_1_315' title='bbox 1491 2482 1824 2537; x_wconf 89' lang='lat' dir='ltr'><strong>canticorum</strong></span> <span class='ocrx_word' id='word_1_316' title='bbox 1847 2498 1861 2547; x_wconf 91' lang='lat'>;</span> <span class='ocrx_word' id='word_1_317' title='bbox 1882 2481 1972 2551; x_wconf 89' lang='lat' dir='ltr'><strong>qui</strong></span> 
     </span>
    </p>
   </div>
   <div class='ocr_carea' id='block_1_44' title="bbox 397 2574 1968 2645">
    <p class='ocr_par' dir='ltr' id='par_1_44' title="bbox 397 2574 1968 2645">
     <span class='ocr_line' id='line_1_44' title="bbox 397 2574 1968 2645; baseline 0.001 -18"><span class='ocrx_word' id='word_1_318' title='bbox 397 2574 527 2628; x_wconf 85' lang='lat' dir='ltr'><strong>nihil</strong></span> <span class='ocrx_word' id='word_1_319' title='bbox 566 2583 822 2629; x_wconf 84' lang='lat' dir='ltr'><strong>terrestre</strong></span> <span class='ocrx_word' id='word_1_320' title='bbox 852 2575 933 2629; x_wconf 90' lang='lat' dir='ltr'><strong>vel</strong></span> <span class='ocrx_word' id='word_1_321' title='bbox 965 2574 1179 2630; x_wconf 87' lang='lat' dir='ltr'><strong>carnale</strong></span> <span class='ocrx_word' id='word_1_322' title='bbox 1227 2575 1459 2645; x_wconf 79' lang='lat' dir='ltr'><strong>cogitet,</strong></span> <span class='ocrx_word' id='word_1_323' title='bbox 1496 2576 1589 2630; x_wconf 90' lang='lat' dir='ltr'><strong>sed</strong></span> <span class='ocrx_word' id='word_1_324' title='bbox 1624 2575 1805 2629; x_wconf 86' lang='lat' dir='ltr'><strong>omnia</strong></span> <span class='ocrx_word' id='word_1_325' title='bbox 1849 2589 1968 2639; x_wconf 75' lang='lat' dir='ltr'><strong>qua:</strong></span> 
     </span>
    </p>
   </div>
   <div class='ocr_carea' id='block_1_45' title="bbox 403 2668 1975 2738">
    <p class='ocr_par' dir='ltr' id='par_1_45' title="bbox 403 2668 1975 2738">
     <span class='ocr_line' id='line_1_45' title="bbox 403 2668 1975 2738; baseline -0.001 -16"><span class='ocrx_word' id='word_1_326' title='bbox 403 2668 608 2737; x_wconf 84' lang='lat' dir='ltr'><strong>scripta</strong></span> <span class='ocrx_word' id='word_1_327' title='bbox 666 2678 812 2734; x_wconf 89' lang='lat' dir='ltr'><strong>sunt,</strong></span> <span class='ocrx_word' id='word_1_328' title='bbox 849 2669 1204 2735; x_wconf 86' lang='lat' dir='ltr'><strong>spiritualiter</strong></span> <span class='ocrx_word' id='word_1_329' title='bbox 1259 2669 1510 2737; x_wconf 85' lang='lat' dir='ltr'><strong>accipiat,</strong></span> <span class='ocrx_word' id='word_1_330' title='bbox 1563 2676 1618 2722; x_wconf 92' lang='lat' dir='ltr'><strong>et</strong></span> <span class='ocrx_word' id='word_1_331' title='bbox 1665 2683 1790 2723; x_wconf 85' lang='lat' dir='ltr'><strong>vera</strong></span> <span class='ocrx_word' id='word_1_332' title='bbox 1844 2681 1975 2738; x_wconf 90' lang='lat' dir='ltr'><strong>pace</strong></span> 
     </span>
    </p>
   </div>
   <div class='ocr_carea' id='block_1_46' title="bbox 397 2755 1975 2828">
    <p class='ocr_par' dir='ltr' id='par_1_46' title="bbox 397 2755 1975 2828">
     <span class='ocr_line' id='line_1_46' title="bbox 397 2755 1975 2828; baseline 0.001 -19"><span class='ocrx_word' id='word_1_333' title='bbox 397 2755 646 2811; x_wconf 78' lang='lat' dir='ltr'><strong>fruatur:</strong></span> <span class='ocrx_word' id='word_1_334' title='bbox 675 2776 695 2809; x_wconf 80' lang='grc' dir='ltr'><strong>ι</strong></span> <span class='ocrx_word' id='word_1_335' title='bbox 716 2756 826 2811; x_wconf 80' lang='lat' dir='ltr'><strong>Pax</strong></span> <span class='ocrx_word' id='word_1_336' title='bbox 844 2759 1010 2824; x_wconf 89' lang='lat' dir='ltr'><strong>enim,</strong></span> <span class='ocrx_word' id='word_1_337' title='bbox 1036 2777 1056 2811; x_wconf 78' lang='grc' dir='ltr'><strong>ι</strong></span> <span class='ocrx_word' id='word_1_338' title='bbox 1088 2758 1260 2828; x_wconf 81' lang='lat' dir='ltr'><strong>inquit</strong></span> <span class='ocrx_word' id='word_1_339' title='bbox 1282 2756 1631 2827; x_wconf 77' lang='lat' dir='ltr'><strong>Scriptura“,</strong></span> <span class='ocrx_word' id='word_1_340' title='bbox 1664 2776 1683 2810; x_wconf 82' lang='grc' dir='ltr'><strong>ι</strong></span> <span class='ocrx_word' id='word_1_341' title='bbox 1715 2757 1975 2827; x_wconf 83' lang='lat' dir='ltr'><strong>diligenti-</strong></span> 
     </span>
    </p>
   </div>
   <div class='ocr_carea' id='block_1_47' title="bbox 396 2845 1976 2918">
    <p class='ocr_par' dir='ltr' id='par_1_47' title="bbox 396 2845 1976 2918">
     <span class='ocr_line' id='line_1_47' title="bbox 396 2845 1976 2918; baseline 0.001 -16"><span class='ocrx_word' id='word_1_342' title='bbox 396 2845 500 2902; x_wconf 85' lang='lat' dir='ltr'><strong>bus</strong></span> <span class='ocrx_word' id='word_1_343' title='bbox 530 2847 702 2918; x_wconf 82' lang='lat' dir='ltr'><strong>legem</strong></span> <span class='ocrx_word' id='word_1_344' title='bbox 733 2860 901 2913; x_wconf 85' lang='lat' dir='ltr'><strong>tuam,</strong></span> <span class='ocrx_word' id='word_1_345' title='bbox 928 2861 983 2904; x_wconf 89' lang='lat' dir='ltr'><strong>et</strong></span> <span class='ocrx_word' id='word_1_346' title='bbox 1008 2865 1111 2905; x_wconf 92' lang='lat' dir='ltr'><strong>non</strong></span> <span class='ocrx_word' id='word_1_347' title='bbox 1138 2860 1220 2904; x_wconf 89' lang='lat' dir='ltr'><strong>est</strong></span> <span class='ocrx_word' id='word_1_348' title='bbox 1251 2849 1355 2904; x_wconf 87' lang='lat' dir='ltr'><strong>illis</strong></span> <span class='ocrx_word' id='word_1_349' title='bbox 1384 2848 1752 2905; x_wconf 66' lang='lat' dir='ltr'><strong>scandalum.)</strong></span> <span class='ocrx_word' id='word_1_350' title='bbox 1777 2849 1976 2917; x_wconf 84' lang='lat' dir='ltr'><strong>Quem-</strong></span> 
     </span>
    </p>
   </div>
   <div class='ocr_carea' id='block_1_48' title="bbox 400 2940 1977 3012">
    <p class='ocr_par' dir='ltr' id='par_1_48' title="bbox 400 2940 1977 3012">
     <span class='ocr_line' id='line_1_48' title="bbox 400 2940 1977 3012; baseline 0 -17"><span class='ocrx_word' id='word_1_351' title='bbox 400 2940 692 2995; x_wconf 86' lang='lat' dir='ltr'><strong>admodum</strong></span> <span class='ocrx_word' id='word_1_352' title='bbox 724 2956 856 2996; x_wconf 88' lang='lat' dir='ltr'><strong>vero</strong></span> <span class='ocrx_word' id='word_1_353' title='bbox 881 2942 1024 2997; x_wconf 90' lang='lat' dir='ltr'><strong>domi</strong></span> <span class='ocrx_word' id='word_1_354' title='bbox 1058 2951 1185 2996; x_wconf 84' lang='lat' dir='ltr'><strong>sunt</strong></span> <span class='ocrx_word' id='word_1_355' title='bbox 1206 2941 1478 2997; x_wconf 87' lang='lat' dir='ltr'><strong>vestibula</strong></span> <span class='ocrx_word' id='word_1_356' title='bbox 1515 2951 1569 2997; x_wconf 89' lang='lat' dir='ltr'><strong>et</strong></span> <span class='ocrx_word' id='word_1_357' title='bbox 1597 2942 1735 2996; x_wconf 90' lang='lat' dir='ltr'><strong>atria</strong></span> <span class='ocrx_word' id='word_1_358' title='bbox 1761 2951 1816 2996; x_wconf 91' lang='lat' dir='ltr'><strong>et</strong></span> <span class='ocrx_word' id='word_1_359' title='bbox 1854 2957 1977 3012; x_wconf 90' lang='lat' dir='ltr'><strong>por-</strong></span> 
     </span>
    </p>
   </div>
   <div class='ocr_carea' id='block_1_49' title="bbox 2082 2114 3667 2193">
    <p class='ocr_par' dir='ltr' id='par_1_49' title="bbox 2082 2114 3667 2193">
     <span class='ocr_line' id='line_1_49' title="bbox 2082 2114 3667 2193; baseline -0.006 -17"><span class='ocrx_word' id='word_1_360' title='bbox 2082 2121 2361 2193; x_wconf 84' lang='grc' dir='ltr'>σαρκικῶν</span> <span class='ocrx_word' id='word_1_361' title='bbox 2395 2118 2686 2192; x_wconf 80' lang='grc' dir='ltr'>ἀπαλλάξῃ</span> <span class='ocrx_word' id='word_1_362' title='bbox 2723 2116 2934 2184; x_wconf 84' lang='grc' dir='ltr'>παθῶν,</span> <span class='ocrx_word' id='word_1_363' title='bbox 2961 2116 3240 2171; x_wconf 68' lang='grc' dir='ltr'>ούκθέστιν</span> <span class='ocrx_word' id='word_1_364' title='bbox 3281 2114 3430 2186; x_wconf 81' lang='grc' dir='ltr'>αὐτῷ</span> <span class='ocrx_word' id='word_1_365' title='bbox 3456 2114 3525 2168; x_wconf 84' lang='grc' dir='ltr'><strong>τά</strong></span> <span class='ocrx_word' id='word_1_366' title='bbox 3551 2114 3667 2187; x_wconf 77' lang='grc' dir='ltr'><strong>’ᾼ-</strong></span> 
     </span>
    </p>
   </div>
   <div class='ocr_carea' id='block_1_50' title="bbox 2081 2205 3661 2285">
    <p class='ocr_par' dir='ltr' id='par_1_50' title="bbox 2081 2205 3661 2285">
     <span class='ocr_line' id='line_1_50' title="bbox 2081 2205 3661 2285; baseline -0.005 -17"><span class='ocrx_word' id='word_1_367' title='bbox 2081 2231 2264 2285; x_wconf 91' lang='grc' dir='ltr'>σματα</span> <span class='ocrx_word' id='word_1_368' title='bbox 2292 2213 2399 2267; x_wconf 84' lang='grc' dir='ltr'>τῶν</span> <span class='ocrx_word' id='word_1_369' title='bbox 2427 2211 2708 2283; x_wconf 78' lang='grc' dir='ltr'>ᾀσμάτων,</span> <span class='ocrx_word' id='word_1_370' title='bbox 2735 2208 2861 2263; x_wconf 72' lang='grc' dir='ltr'>οὕτε</span> <span class='ocrx_word' id='word_1_371' title='bbox 2891 2209 2960 2263; x_wconf 82' lang='grc' dir='ltr'>τὰ</span> <span class='ocrx_word' id='word_1_372' title='bbox 2980 2209 3148 2277; x_wconf 75' lang='grc' dir='ltr'>’Ἅγια</span> <span class='ocrx_word' id='word_1_373' title='bbox 3179 2207 3287 2261; x_wconf 84' lang='grc' dir='ltr'>τῶν</span> <span class='ocrx_word' id='word_1_374' title='bbox 3311 2206 3503 2276; x_wconf 81' lang='grc' dir='ltr'>ἁγίων,</span> <span class='ocrx_word' id='word_1_375' title='bbox 3532 2205 3661 2260; x_wconf 73' lang='grc' dir='ltr'>οὔτε</span> 
     </span>
    </p>
   </div>
   <div class='ocr_carea' id='block_1_51' title="bbox 2078 2300 3663 2370">
    <p class='ocr_par' dir='ltr' id='par_1_51' title="bbox 2078 2300 3663 2370">
     <span class='ocr_line' id='line_1_51' title="bbox 2078 2300 3663 2370; baseline -0.005 -10"><span class='ocrx_word' id='word_1_376' title='bbox 2078 2307 2147 2360; x_wconf 78' lang='grc' dir='ltr'><strong>τὰ</strong></span> <span class='ocrx_word' id='word_1_377' title='bbox 2176 2305 2427 2360; x_wconf 81' lang='grc' dir='ltr'>Σάϐϐατα</span> <span class='ocrx_word' id='word_1_378' title='bbox 2451 2304 2559 2358; x_wconf 84' lang='grc' dir='ltr'>τῶν</span> <span class='ocrx_word' id='word_1_379' title='bbox 2590 2301 2896 2356; x_wconf 85' lang='grc' dir='ltr'>σαϐϐάτων.</span> <span class='ocrx_word' id='word_1_380' title='bbox 2941 2301 3067 2356; x_wconf 84' lang='grc' dir='ltr'><strong>Ἐάν</strong></span> <span class='ocrx_word' id='word_1_381' title='bbox 3097 2301 3156 2354; x_wconf 79' lang='grc' dir='ltr'>δέ</span> <span class='ocrx_word' id='word_1_382' title='bbox 3207 2318 3288 2365; x_wconf 87' lang='grc' dir='ltr'><strong>τις</strong></span> <span class='ocrx_word' id='word_1_383' title='bbox 3323 2300 3663 2370; x_wconf 83' lang='grc' dir='ltr'>παρωσάμε-</span> 
     </span>
    </p>
   </div>
   <div class='ocr_carea' id='block_1_52' title="bbox 2080 2392 3660 2467">
    <p class='ocr_par' dir='ltr' id='par_1_52' title="bbox 2080 2392 3660 2467">
     <span class='ocr_line' id='line_1_52' title="bbox 2080 2392 3660 2467; baseline -0.007 -9"><span class='ocrx_word' id='word_1_384' title='bbox 2080 2420 2169 2466; x_wconf 89' lang='grc' dir='ltr'><strong>νος</strong></span> <span class='ocrx_word' id='word_1_385' title='bbox 2195 2402 2375 2456; x_wconf 82' lang='grc' dir='ltr'>πάντα</span> <span class='ocrx_word' id='word_1_386' title='bbox 2402 2398 2471 2454; x_wconf 82' lang='grc' dir='ltr'><strong>τά</strong></span> <span class='ocrx_word' id='word_1_387' title='bbox 2500 2396 2770 2453; x_wconf 83' lang='grc' dir='ltr'>σκάνδαλα</span> <span class='ocrx_word' id='word_1_388' title='bbox 2799 2397 2892 2449; x_wconf 74' lang='grc' dir='ltr'>καὶ</span> <span class='ocrx_word' id='word_1_389' title='bbox 2918 2395 3016 2467; x_wconf 79' lang='grc' dir='ltr'>τὴν</span> <span class='ocrx_word' id='word_1_390' title='bbox 3040 2394 3263 2465; x_wconf 73' lang='grc' dir='ltr'>ἔννομον</span> <span class='ocrx_word' id='word_1_391' title='bbox 3288 2393 3530 2465; x_wconf 84' lang='grc' dir='ltr'>ποθήσας</span> <span class='ocrx_word' id='word_1_392' title='bbox 3544 2392 3660 2464; x_wconf 68' lang='lat'><strong>(15)</strong></span> 
     </span>
    </p>
   </div>
   <div class='ocr_carea' id='block_1_53' title="bbox 2081 2485 3667 2570">
    <p class='ocr_par' dir='ltr' id='par_1_53' title="bbox 2081 2485 3667 2570">
     <span class='ocr_line' id='line_1_53' title="bbox 2081 2485 3667 2570; baseline -0.008 -19"><span class='ocrx_word' id='word_1_393' title='bbox 2081 2499 2323 2570; x_wconf 82' lang='grc' dir='ltr'>εἰρήνην,</span> <span class='ocrx_word' id='word_1_394' title='bbox 2368 2494 2431 2547; x_wconf 80' lang='grc' dir='ltr'>τὸ</span> <span class='ocrx_word' id='word_1_395' title='bbox 2476 2490 2667 2547; x_wconf 76' lang='grc' dir='ltr'>ἑαυτοῦ</span> <span class='ocrx_word' id='word_1_396' title='bbox 2716 2490 2973 2565; x_wconf 86' lang='grc' dir='ltr'>φρόνημα</span> <span class='ocrx_word' id='word_1_397' title='bbox 3008 2489 3104 2543; x_wconf 80' lang='grc' dir='ltr'>καὶ</span> <span class='ocrx_word' id='word_1_398' title='bbox 3149 2488 3213 2542; x_wconf 83' lang='grc' dir='ltr'>τὸ</span> <span class='ocrx_word' id='word_1_399' title='bbox 3263 2486 3424 2558; x_wconf 82' lang='grc' dir='ltr'>σῶμα</span> <span class='ocrx_word' id='word_1_400' title='bbox 3457 2488 3523 2557; x_wconf 78' lang='grc' dir='ltr'><strong>τῇ</strong></span> <span class='ocrx_word' id='word_1_401' title='bbox 3566 2485 3667 2555; x_wconf 81' lang='grc' dir='ltr'>τῆς</span> 
     </span>
    </p>
   </div>
   <div class='ocr_carea' id='block_1_54' title="bbox 2082 2576 3668 2661">
    <p class='ocr_par' dir='ltr' id='par_1_54' title="bbox 2082 2576 3668 2661">
     <span class='ocr_line' id='line_1_54' title="bbox 2082 2576 3668 2661; baseline -0.008 -18"><span class='ocrx_word' id='word_1_402' title='bbox 2082 2586 2433 2661; x_wconf 78' lang='grc' dir='ltr'>σωφροσύνης</span> <span class='ocrx_word' id='word_1_403' title='bbox 2474 2582 2815 2657; x_wconf 77' lang='grc' dir='ltr'>περιστρέψῃ</span> <span class='ocrx_word' id='word_1_404' title='bbox 2859 2582 3028 2653; x_wconf 76' lang='grc' dir='ltr'>ἀρετῇ</span> <span class='ocrx_word' id='word_1_405' title='bbox 3084 2579 3218 2651; x_wconf 65' lang='grc' dir='ltr'>(ἓιί),</span> <span class='ocrx_word' id='word_1_406' title='bbox 3261 2577 3412 2649; x_wconf 79' lang='grc' dir='ltr'>αὐτῷ</span> <span class='ocrx_word' id='word_1_407' title='bbox 3444 2578 3561 2632; x_wconf 74' lang='grc' dir='ltr'>ἐστι</span> <span class='ocrx_word' id='word_1_408' title='bbox 3596 2576 3668 2631; x_wconf 82' lang='grc' dir='ltr'><strong>τά</strong></span> 
     </span>
    </p>
   </div>
   <div class='ocr_carea' id='block_1_55' title="bbox 2084 2665 3669 2753">
    <p class='ocr_par' dir='ltr' id='par_1_55' title="bbox 2084 2665 3669 2753">
     <span class='ocr_line' id='line_1_55' title="bbox 2084 2665 3669 2753; baseline -0.009 -18"><span class='ocrx_word' id='word_1_409' title='bbox 2084 2665 2342 2753; x_wconf 79' lang='grc' dir='ltr'>’ᾼσματα</span> <span class='ocrx_word' id='word_1_410' title='bbox 2387 2678 2496 2732; x_wconf 86' lang='grc' dir='ltr'><strong>τῶν</strong></span> <span class='ocrx_word' id='word_1_411' title='bbox 2543 2674 2824 2749; x_wconf 79' lang='grc' dir='ltr'>ᾀσμάτων,</span> <span class='ocrx_word' id='word_1_412' title='bbox 2886 2672 3039 2727; x_wconf 80' lang='grc' dir='ltr'>οὐδὲν</span> <span class='ocrx_word' id='word_1_413' title='bbox 3085 2673 3274 2740; x_wconf 80' lang='grc' dir='ltr'>γήινον</span> <span class='ocrx_word' id='word_1_414' title='bbox 3320 2670 3355 2741; x_wconf 79' lang='grc' dir='ltr'><strong>ἢ</strong></span> <span class='ocrx_word' id='word_1_415' title='bbox 3404 2667 3669 2741; x_wconf 83' lang='grc' dir='ltr'>σαρκικδν</span> 
     </span>
    </p>
   </div>
   <div class='ocr_carea' id='block_1_56' title="bbox 2080 2759 3669 2837">
    <p class='ocr_par' dir='ltr' id='par_1_56' title="bbox 2080 2759 3669 2837">
     <span class='ocr_line' id='line_1_56' title="bbox 2080 2759 3669 2837; baseline -0.008 -12"><span class='ocrx_word' id='word_1_416' title='bbox 2080 2770 2310 2836; x_wconf 79' lang='grc' dir='ltr'>νοοῦντι,</span> <span class='ocrx_word' id='word_1_417' title='bbox 2356 2768 2493 2824; x_wconf 81' lang='grc' dir='ltr'>ἀλλὰ</span> <span class='ocrx_word' id='word_1_418' title='bbox 2538 2768 2714 2823; x_wconf 85' lang='grc' dir='ltr'>πάντα</span> <span class='ocrx_word' id='word_1_419' title='bbox 2760 2763 3148 2837; x_wconf 81' lang='grc' dir='ltr'>πνευματικῶς</span> <span class='ocrx_word' id='word_1_420' title='bbox 3190 2763 3259 2817; x_wconf 81' lang='grc' dir='ltr'><strong>τά</strong></span> <span class='ocrx_word' id='word_1_421' title='bbox 3301 2759 3669 2833; x_wconf 81' lang='grc' dir='ltr'>γεγραμμένα</span> 
     </span>
    </p>
   </div>
   <div class='ocr_carea' id='block_1_57' title="bbox 2079 2853 3662 2936">
    <p class='ocr_par' dir='ltr' id='par_1_57' title="bbox 2079 2853 3662 2936">
     <span class='ocr_line' id='line_1_57' title="bbox 2079 2853 3662 2936; baseline -0.009 -19"><span class='ocrx_word' id='word_1_422' title='bbox 2079 2863 2374 2936; x_wconf 79' lang='grc' dir='ltr'>δεχομένῳ,</span> <span class='ocrx_word' id='word_1_423' title='bbox 2404 2862 2499 2916; x_wconf 74' lang='grc' dir='ltr'>καὶ</span> <span class='ocrx_word' id='word_1_424' title='bbox 2537 2861 2706 2928; x_wconf 78' lang='grc' dir='ltr'>ὅντως</span> <span class='ocrx_word' id='word_1_425' title='bbox 2745 2857 3180 2933; x_wconf 81' lang='grc' dir='ltr'>εἰρηνευομένῳ·</span> <span class='ocrx_word' id='word_1_426' title='bbox 3214 2874 3234 2907; x_wconf 75' lang='grc' dir='ltr'><strong>ι</strong></span> <span class='ocrx_word' id='word_1_427' title='bbox 3257 2855 3463 2927; x_wconf 84' lang='grc' dir='ltr'>Εἰρήνη</span> <span class='ocrx_word' id='word_1_428' title='bbox 3489 2853 3620 2924; x_wconf 75' lang='grc' dir='ltr'>γὰρ,</span> <span class='ocrx_word' id='word_1_429' title='bbox 3643 2870 3662 2902; x_wconf 76' lang='grc' dir='ltr'><strong>ο</strong></span> 
     </span>
    </p>
   </div>
   <div class='ocr_carea' id='block_1_58' title="bbox 2083 2944 3673 3028">
    <p class='ocr_par' dir='ltr' id='par_1_58' title="bbox 2083 2944 3673 3028">
     <span class='ocr_line' id='line_1_58' title="bbox 2083 2944 3673 3028; baseline -0.008 -18"><span class='ocrx_word' id='word_1_430' title='bbox 2083 2957 2266 3028; x_wconf 70' lang='grc' dir='ltr'>φησὶν,</span> <span class='ocrx_word' id='word_1_431' title='bbox 2304 2974 2324 3007; x_wconf 78' lang='lat' dir='ltr'><strong>r</strong></span> <span class='ocrx_word' id='word_1_432' title='bbox 2346 2957 2457 3019; x_wconf 87' lang='grc' dir='ltr'>τοῖς</span> <span class='ocrx_word' id='word_1_433' title='bbox 2486 2954 2742 3022; x_wconf 83' lang='grc' dir='ltr'>ἀγαπῶσι</span> <span class='ocrx_word' id='word_1_434' title='bbox 2770 2953 2860 3007; x_wconf 76' lang='grc' dir='ltr'>τὸν</span> <span class='ocrx_word' id='word_1_435' title='bbox 2888 2952 3053 3023; x_wconf 84' lang='grc' dir='ltr'>νόμον</span> <span class='ocrx_word' id='word_1_436' title='bbox 3098 2965 3216 3013; x_wconf 90' lang='grc' dir='ltr'>σου,</span> <span class='ocrx_word' id='word_1_437' title='bbox 3263 2948 3357 3001; x_wconf 80' lang='grc' dir='ltr'>καὶ</span> <span class='ocrx_word' id='word_1_438' title='bbox 3393 2946 3493 3001; x_wconf 80' lang='grc' dir='ltr'>οὑκ</span> <span class='ocrx_word' id='word_1_439' title='bbox 3520 2944 3673 2999; x_wconf 75' lang='grc' dir='ltr'>ἔστιν</span> 
     </span>
    </p>
   </div>
   <div class='ocr_carea' id='block_1_59' title="bbox 401 3035 1974 3116">
    <p class='ocr_par' dir='ltr' id='par_1_59' title="bbox 401 3035 1974 3100">
     <span class='ocr_line' id='line_1_59' title="bbox 401 3035 1974 3100; baseline 0.001 -13"><span class='ocrx_word' id='word_1_440' title='bbox 401 3035 543 3090; x_wconf 87' lang='lat' dir='ltr'><strong>licus</strong></span> <span class='ocrx_word' id='word_1_441' title='bbox 569 3043 622 3091; x_wconf 92' lang='lat' dir='ltr'><strong>et</strong></span> <span class='ocrx_word' id='word_1_442' title='bbox 650 3036 882 3090; x_wconf 90' lang='lat' dir='ltr'><strong>triclinia</strong></span> <span class='ocrx_word' id='word_1_443' title='bbox 919 3045 972 3091; x_wconf 90' lang='lat' dir='ltr'><strong>et</strong></span> <span class='ocrx_word' id='word_1_444' title='bbox 1004 3036 1282 3091; x_wconf 90' lang='lat' dir='ltr'><strong>conclavia</strong></span> <span class='ocrx_word' id='word_1_445' title='bbox 1322 3035 1585 3100; x_wconf 88' lang='lat' dir='ltr'><strong>illustria;</strong></span> <span class='ocrx_word' id='word_1_446' title='bbox 1620 3048 1805 3089; x_wconf 88' lang='lat' dir='ltr'><strong>eorum</strong></span> <span class='ocrx_word' id='word_1_447' title='bbox 1849 3049 1974 3090; x_wconf 89' lang='lat' dir='ltr'><strong>vero</strong></span> 
     </span>
    </p>
   </div>
   <div class='ocr_carea' id='block_1_60' title="bbox 2090 3035 3669 3116">
    <p class='ocr_par' dir='ltr' id='par_1_60' title="bbox 2090 3036 3669 3116">
     <span class='ocr_line' id='line_1_60' title="bbox 2090 3036 3669 3116; baseline -0.009 -13"><span class='ocrx_word' id='word_1_448' title='bbox 2090 3049 2265 3112; x_wconf 81' lang='grc' dir='ltr'>αὐτοῖς</span> <span class='ocrx_word' id='word_1_449' title='bbox 2293 3046 2608 3101; x_wconf 82' lang='grc' dir='ltr'>σκάνδαλον.</span> <span class='ocrx_word' id='word_1_450' title='bbox 2632 3064 2650 3095; x_wconf 71' lang='grc' dir='ltr'><strong>ι</strong></span> <span class='ocrx_word' id='word_1_451' title='bbox 2685 3044 2898 3116; x_wconf 82' lang='grc' dir='ltr'>’Ὠσπερ</span> <span class='ocrx_word' id='word_1_452' title='bbox 2923 3042 2981 3095; x_wconf 82' lang='grc' dir='ltr'>δὲ</span> <span class='ocrx_word' id='word_1_453' title='bbox 3008 3041 3159 3095; x_wconf 82' lang='grc' dir='ltr'>οίκου</span> <span class='ocrx_word' id='word_1_454' title='bbox 3184 3038 3294 3092; x_wconf 79' lang='grc' dir='ltr'><strong>εἰσί</strong></span> <span class='ocrx_word' id='word_1_455' title='bbox 3330 3036 3669 3110; x_wconf 82' lang='grc' dir='ltr'>προπύλαια,</span> 
     </span>
    </p>
   </div>
   <div class='ocr_carea' id='block_1_61' title="bbox 399 3122 1974 3203">
    <p class='ocr_par' dir='ltr' id='par_1_61' title="bbox 399 3127 1974 3199">
     <span class='ocr_line' id='line_1_61' title="bbox 399 3127 1974 3199; baseline -0.001 -17"><span class='ocrx_word' id='word_1_456' title='bbox 399 3127 641 3182; x_wconf 89' lang='lat' dir='ltr'><strong>omnium</strong></span> <span class='ocrx_word' id='word_1_457' title='bbox 668 3129 915 3184; x_wconf 89' lang='lat' dir='ltr'><strong>intimmn</strong></span> <span class='ocrx_word' id='word_1_458' title='bbox 943 3129 1246 3185; x_wconf 88' lang='lat' dir='ltr'><strong>cubiculum</strong></span> <span class='ocrx_word' id='word_1_459' title='bbox 1269 3128 1411 3199; x_wconf 91' lang='lat' dir='ltr'><strong>quod</strong></span> <span class='ocrx_word' id='word_1_460' title='bbox 1443 3127 1709 3183; x_wconf 81' lang='lat' dir='ltr'><strong>thalamus</strong></span> <span class='ocrx_word' id='word_1_461' title='bbox 1750 3127 1974 3197; x_wconf 88' lang='lat' dir='ltr'><strong>appella-</strong></span> 
     </span>
    </p>
   </div>
   <div class='ocr_carea' id='block_1_62' title="bbox 2090 3122 3670 3203">
    <p class='ocr_par' dir='ltr' id='par_1_62' title="bbox 2090 3122 3670 3203">
     <span class='ocr_line' id='line_1_62' title="bbox 2090 3122 3670 3203; baseline -0.009 -11"><span class='ocrx_word' id='word_1_462' title='bbox 2090 3139 2180 3192; x_wconf 74' lang='lat' dir='ltr'><strong>mi.</strong></span> <span class='ocrx_word' id='word_1_463' title='bbox 2203 3135 2468 3201; x_wconf 83' lang='grc' dir='ltr'>πυλῶνες,</span> <span class='ocrx_word' id='word_1_464' title='bbox 2500 3134 2651 3189; x_wconf 88' lang='grc' dir='ltr'>στοαί</span> <span class='ocrx_word' id='word_1_465' title='bbox 2682 3151 2743 3186; x_wconf 85' lang='grc' dir='ltr'><strong>τε</strong></span> <span class='ocrx_word' id='word_1_466' title='bbox 2777 3134 2873 3187; x_wconf 73' lang='grc' dir='ltr'>καὶ</span> <span class='ocrx_word' id='word_1_467' title='bbox 2900 3130 3163 3203; x_wconf 85' lang='grc' dir='ltr'>τρίκλινοι</span> <span class='ocrx_word' id='word_1_468' title='bbox 3204 3128 3299 3183; x_wconf 79' lang='grc' dir='ltr'>καὶ</span> <span class='ocrx_word' id='word_1_469' title='bbox 3335 3122 3474 3182; x_wconf 83' lang='grc' dir='ltr'>οἰκοι</span> <span class='ocrx_word' id='word_1_470' title='bbox 3508 3143 3670 3198; x_wconf 76' lang='grc' dir='ltr'>περι-</span> 
     </span>
    </p>
   </div>
   <div class='ocr_carea' id='block_1_63' title="bbox 403 3218 1974 3298">
    <p class='ocr_par' dir='ltr' id='par_1_63' title="bbox 403 3223 1974 3294">
     <span class='ocr_line' id='line_1_63' title="bbox 403 3223 1974 3294; baseline 0 -19"><span class='ocrx_word' id='word_1_471' title='bbox 403 3232 510 3289; x_wconf 90' lang='lat' dir='ltr'><strong>tur,</strong></span> <span class='ocrx_word' id='word_1_472' title='bbox 537 3224 629 3277; x_wconf 89' lang='lat' dir='ltr'><strong>ubi</strong></span> <span class='ocrx_word' id='word_1_473' title='bbox 671 3238 865 3292; x_wconf 87' lang='lat' dir='ltr'><strong>sponsa</strong></span> <span class='ocrx_word' id='word_1_474' title='bbox 912 3224 1057 3280; x_wconf 83' lang='lat' dir='ltr'><strong>cum&#39;</strong></span> <span class='ocrx_word' id='word_1_475' title='bbox 1090 3239 1287 3294; x_wconf 90' lang='lat' dir='ltr'><strong>sponso</strong></span> <span class='ocrx_word' id='word_1_476' title='bbox 1340 3223 1714 3293; x_wconf 89' lang='lat' dir='ltr'><strong>requiescens,</strong></span> <span class='ocrx_word' id='word_1_477' title='bbox 1767 3229 1974 3276; x_wconf 87' lang='lat' dir='ltr'><strong>secreta</strong></span> 
     </span>
    </p>
   </div>
   <div class='ocr_carea' id='block_1_64' title="bbox 2090 3218 3671 3298">
    <p class='ocr_par' dir='ltr' id='par_1_64' title="bbox 2090 3218 3671 3298">
     <span class='ocr_line' id='line_1_64' title="bbox 2090 3218 3671 3298; baseline -0.007 -16"><span class='ocrx_word' id='word_1_478' title='bbox 2090 3231 2271 3298; x_wconf 74' lang='grc' dir='ltr'>φανείς</span> <span class='ocrx_word' id='word_1_479' title='bbox 2287 3243 2301 3258; x_wconf 82' lang='lat'><strong><em>°</em></strong></span> <span class='ocrx_word' id='word_1_480' title='bbox 2323 3227 2530 3282; x_wconf 90' lang='grc' dir='ltr'>τούτων</span> <span class='ocrx_word' id='word_1_481' title='bbox 2546 3227 2603 3281; x_wconf 87' lang='grc' dir='ltr'>δὲ</span> <span class='ocrx_word' id='word_1_482' title='bbox 2626 3227 2844 3280; x_wconf 88' lang='grc' dir='ltr'>πάντων</span> <span class='ocrx_word' id='word_1_483' title='bbox 2864 3221 3134 3277; x_wconf 80' lang='grc' dir='ltr'>ὲσώτατόν</span> <span class='ocrx_word' id='word_1_484' title='bbox 3151 3223 3268 3274; x_wconf 85' lang='grc' dir='ltr'>ὲστι</span> <span class='ocrx_word' id='word_1_485' title='bbox 3287 3222 3509 3290; x_wconf 84' lang='grc' dir='ltr'>ταμεῖον</span> <span class='ocrx_word' id='word_1_486' title='bbox 3532 3218 3671 3298; x_wconf 56' lang='grc' dir='ltr'>(ἓξ),</span> 
     </span>
    </p>
   </div>
   <div class='ocr_carea' id='block_1_65' title="bbox 401 3289 1974 3393">
    <p class='ocr_par' dir='ltr' id='par_1_65' title="bbox 401 3289 1974 3385">
     <span class='ocr_line' id='line_1_65' title="bbox 401 3289 1974 3385; baseline -0.001 -18"><span class='ocrx_word' id='word_1_487' title='bbox 401 3289 1076 3385; x_wconf 37' lang='lat' dir='ltr'><strong>profundae—intelligentiae</strong></span> <span class='ocrx_word' id='word_1_488' title='bbox 1100 3289 1222 3371; x_wconf 74' lang='lat' dir='ltr'><strong>eum</strong></span> <span class='ocrx_word' id='word_1_489' title='bbox 1258 3330 1322 3370; x_wconf 87' lang='lat' dir='ltr'><strong>eo</strong></span> <span class='ocrx_word' id='word_1_490' title='bbox 1351 3289 1562 3370; x_wconf 80' lang='lat' dir='ltr'><strong>confert</strong></span> <span class='ocrx_word' id='word_1_491' title='bbox 1591 3332 1604 3368; x_wconf 92' lang='lat'><strong>:</strong></span> <span class='ocrx_word' id='word_1_492' title='bbox 1645 3316 1714 3369; x_wconf 88' lang='lat' dir='ltr'><strong>ita</strong></span> <span class='ocrx_word' id='word_1_493' title='bbox 1757 3314 1809 3367; x_wconf 92' lang='lat' dir='ltr'><strong>in</strong></span> <span class='ocrx_word' id='word_1_494' title='bbox 1848 3311 1974 3367; x_wconf 85' lang='lat' dir='ltr'><strong>Can-</strong></span> 
     </span>
    </p>
   </div>
   <div class='ocr_carea' id='block_1_66' title="bbox 2090 3289 3670 3393">
    <p class='ocr_par' dir='ltr' id='par_1_66' title="bbox 2090 3289 3670 3393">
     <span class='ocr_line' id='line_1_66' title="bbox 2090 3289 3670 3393; baseline -0.008 -20"><span class='ocrx_word' id='word_1_495' title='bbox 2090 3289 2111 3373; x_wconf 65' lang='grc' dir='ltr'><strong>δ</strong></span> <span class='ocrx_word' id='word_1_496' title='bbox 2142 3289 2687 3393; x_wconf 74' lang='grc' dir='ltr'>προσαγορευόμενος</span> <span class='ocrx_word' id='word_1_497' title='bbox 2714 3313 2932 3378; x_wconf 88' lang='grc' dir='ltr'>κοιτὼν,</span> <span class='ocrx_word' id='word_1_498' title='bbox 2960 3314 3017 3366; x_wconf 79' lang='grc' dir='ltr'>ὲν</span> <span class='ocrx_word' id='word_1_499' title='bbox 3045 3305 3089 3380; x_wconf 78' lang='grc' dir='ltr'>ᾧ</span> <span class='ocrx_word' id='word_1_500' title='bbox 3120 3313 3153 3383; x_wconf 86' lang='grc' dir='ltr'><strong>ή</strong></span> <span class='ocrx_word' id='word_1_501' title='bbox 3183 3289 3370 3382; x_wconf 83' lang='grc' dir='ltr'>νύμφη</span> <span class='ocrx_word' id='word_1_502' title='bbox 3404 3310 3545 3381; x_wconf 81' lang='grc' dir='ltr'>μετὰ</span> <span class='ocrx_word' id='word_1_503' title='bbox 3570 3289 3670 3362; x_wconf 56' lang='grc' dir='ltr'>τὼ</span> 
     </span>
    </p>
   </div>
   <div class='ocr_carea' id='block_1_67' title="bbox 404 3400 1974 3485">
    <p class='ocr_par' dir='ltr' id='par_1_67' title="bbox 404 3407 1974 3480">
     <span class='ocr_line' id='line_1_67' title="bbox 404 3407 1974 3480; baseline -0.001 -16"><span class='ocrx_word' id='word_1_504' title='bbox 404 3411 529 3466; x_wconf 86' lang='lat' dir='ltr'><strong>ticis</strong></span> <span class='ocrx_word' id='word_1_505' title='bbox 554 3410 886 3465; x_wconf 88' lang='lat' dir='ltr'><strong>canticorum</strong></span> <span class='ocrx_word' id='word_1_506' title='bbox 936 3421 1121 3466; x_wconf 88' lang='lat' dir='ltr'><strong>sancta</strong></span> <span class='ocrx_word' id='word_1_507' title='bbox 1173 3426 1369 3480; x_wconf 88' lang='lat' dir='ltr'><strong>sponsa</strong></span> <span class='ocrx_word' id='word_1_508' title='bbox 1416 3408 1657 3465; x_wconf 84' lang='lat' dir='ltr'><strong>Ecclesia</strong></span> <span class='ocrx_word' id='word_1_509' title='bbox 1690 3407 1974 3478; x_wconf 81' lang='lat' dir='ltr'><strong>profundos</strong></span> 
     </span>
    </p>
   </div>
   <div class='ocr_carea' id='block_1_68' title="bbox 2090 3400 3672 3485">
    <p class='ocr_par' dir='ltr' id='par_1_68' title="bbox 2090 3400 3672 3485">
     <span class='ocr_line' id='line_1_68' title="bbox 2090 3400 3672 3485; baseline -0.009 -18"><span class='ocrx_word' id='word_1_510' title='bbox 2090 3414 2316 3485; x_wconf 85' lang='grc' dir='ltr'>νυμφίου</span> <span class='ocrx_word' id='word_1_511' title='bbox 2344 3409 2759 3481; x_wconf 81' lang='grc' dir='ltr'>ἀναπαυομένη,</span> <span class='ocrx_word' id='word_1_512' title='bbox 2785 3409 2881 3462; x_wconf 77' lang='grc' dir='ltr'><strong>καί</strong></span> <span class='ocrx_word' id='word_1_513' title='bbox 2904 3405 2975 3460; x_wconf 83' lang='grc' dir='ltr'>τὰ</span> <span class='ocrx_word' id='word_1_514' title='bbox 2999 3404 3294 3475; x_wconf 82' lang='grc' dir='ltr'>ἀπόκρυφα</span> <span class='ocrx_word' id='word_1_515' title='bbox 3317 3402 3418 3471; x_wconf 80' lang='grc' dir='ltr'>τῆς</span> <span class='ocrx_word' id='word_1_516' title='bbox 3448 3400 3672 3472; x_wconf 85' lang='grc' dir='ltr'>βαθείας</span> 
     </span>
    </p>
   </div>
   <div class='ocr_carea' id='block_1_69' title="bbox 406 3495 1974 3573">
    <p class='ocr_par' dir='ltr' id='par_1_69' title="bbox 406 3503 1974 3572">
     <span class='ocr_line' id='line_1_69' title="bbox 406 3503 1974 3572; baseline -0.001 -17"><span class='ocrx_word' id='word_1_517' title='bbox 406 3514 465 3557; x_wconf 90' lang='lat' dir='ltr'><strong>et</strong></span> <span class='ocrx_word' id='word_1_518' title='bbox 494 3503 753 3572; x_wconf 84' lang='lat' dir='ltr'><strong>mysticos</strong></span> <span class='ocrx_word' id='word_1_519' title='bbox 786 3503 906 3560; x_wconf 76' lang='lat' dir='ltr'><strong>fidei</strong></span> <span class='ocrx_word' id='word_1_520' title='bbox 946 3518 1227 3560; x_wconf 87' lang='lat' dir='ltr'><strong>sermones</strong></span> <span class='ocrx_word' id='word_1_521' title='bbox 1270 3517 1393 3558; x_wconf 90' lang='lat' dir='ltr'><strong>cum</strong></span> <span class='ocrx_word' id='word_1_522' title='bbox 1454 3518 1553 3559; x_wconf 84' lang='lat' dir='ltr'><strong>suo</strong></span> <span class='ocrx_word' id='word_1_523' title='bbox 1608 3514 1807 3572; x_wconf 91' lang='lat' dir='ltr'><strong>sponso</strong></span> <span class='ocrx_word' id='word_1_524' title='bbox 1857 3515 1974 3555; x_wconf 88' lang='lat' dir='ltr'><strong>con-</strong></span> 
     </span>
    </p>
   </div>
   <div class='ocr_carea' id='block_1_70' title="bbox 2090 3495 3673 3573">
    <p class='ocr_par' dir='ltr' id='par_1_70' title="bbox 2090 3495 3673 3573">
     <span class='ocr_line' id='line_1_70' title="bbox 2090 3495 3673 3573; baseline -0.008 -14"><span class='ocrx_word' id='word_1_525' title='bbox 2090 3502 2262 3561; x_wconf 86' lang='grc' dir='ltr'>αὑτῶν</span> <span class='ocrx_word' id='word_1_526' title='bbox 2288 3503 2402 3573; x_wconf 73' lang='grc'><strong>(26)</strong></span> <span class='ocrx_word' id='word_1_527' title='bbox 2450 3501 2705 3572; x_wconf 86' lang='grc' dir='ltr'>γνώσεως</span> <span class='ocrx_word' id='word_1_528' title='bbox 2746 3498 3071 3571; x_wconf 84' lang='grc' dir='ltr'>προσλαλεῖ⁶</span> <span class='ocrx_word' id='word_1_529' title='bbox 3125 3495 3271 3550; x_wconf 71' lang='grc' dir='ltr'>οὕτω</span> <span class='ocrx_word' id='word_1_530' title='bbox 3318 3495 3412 3549; x_wconf 76' lang='grc' dir='ltr'>καὶ</span> <span class='ocrx_word' id='word_1_531' title='bbox 3457 3495 3515 3547; x_wconf 79' lang='grc' dir='ltr'>ἐν</span> <span class='ocrx_word' id='word_1_532' title='bbox 3558 3495 3673 3557; x_wconf 81' lang='grc' dir='ltr'>τοῖς</span> 
     </span>
    </p>
   </div>
   <div class='ocr_carea' id='block_1_71' title="bbox 407 3583 3675 3667">
    <p class='ocr_par' dir='ltr' id='par_1_71' title="bbox 407 3583 3675 3667">
     <span class='ocr_line' id='line_1_71' title="bbox 407 3583 3675 3667; baseline -0.004 -16"><span class='ocrx_word' id='word_1_533' title='bbox 407 3596 534 3661; x_wconf 83' lang='lat' dir='ltr'><strong>fert,</strong></span> <span class='ocrx_word' id='word_1_534' title='bbox 561 3606 616 3652; x_wconf 88' lang='lat' dir='ltr'><strong>et</strong></span> <span class='ocrx_word' id='word_1_535' title='bbox 644 3598 756 3651; x_wconf 88' lang='lat' dir='ltr'><strong>ait:</strong></span> <span class='ocrx_word' id='word_1_536' title='bbox 2087 3596 2329 3667; x_wconf 80' lang='grc' dir='ltr'>’ᾼσμασι</span> <span class='ocrx_word' id='word_1_537' title='bbox 2358 3596 2468 3648; x_wconf 87' lang='grc' dir='ltr'><strong>τῶν</strong></span> <span class='ocrx_word' id='word_1_538' title='bbox 2498 3593 2756 3667; x_wconf 84' lang='grc' dir='ltr'>ᾀσμάτων</span> <span class='ocrx_word' id='word_1_539' title='bbox 2785 3595 2819 3663; x_wconf 85' lang='grc' dir='ltr'>ἡ</span> <span class='ocrx_word' id='word_1_540' title='bbox 2872 3590 3005 3659; x_wconf 84' lang='grc' dir='ltr'>ἁγία</span> <span class='ocrx_word' id='word_1_541' title='bbox 3046 3588 3233 3660; x_wconf 88' lang='grc' dir='ltr'>νύμφη</span> <span class='ocrx_word' id='word_1_542' title='bbox 3275 3584 3570 3657; x_wconf 83' lang='grc' dir='ltr'>Ἐκκλησία</span> <span class='ocrx_word' id='word_1_543' title='bbox 3602 3583 3675 3639; x_wconf 81' lang='grc' dir='ltr'><strong>τά</strong></span> 
     </span>
    </p>
   </div>
   <div class='ocr_carea' id='block_1_72' title="bbox 2087 3674 3676 3760">
    <p class='ocr_par' dir='ltr' id='par_1_72' title="bbox 2087 3674 3676 3760">
     <span class='ocr_line' id='line_1_72' title="bbox 2087 3674 3676 3760; baseline -0.009 -17"><span class='ocrx_word' id='word_1_544' title='bbox 2087 3688 2257 3760; x_wconf 79' lang='grc' dir='ltr'>βαθέα</span> <span class='ocrx_word' id='word_1_545' title='bbox 2324 3689 2419 3742; x_wconf 78' lang='grc' dir='ltr'><strong>καί</strong></span> <span class='ocrx_word' id='word_1_546' title='bbox 2474 3684 2826 3759; x_wconf 82' lang='grc' dir='ltr'>μυστηριώδη</span> <span class='ocrx_word' id='word_1_547' title='bbox 2875 3684 2975 3755; x_wconf 79' lang='grc' dir='ltr'>τῆς</span> <span class='ocrx_word' id='word_1_548' title='bbox 3024 3682 3263 3745; x_wconf 88' lang='grc' dir='ltr'>πίστεως</span> <span class='ocrx_word' id='word_1_549' title='bbox 3322 3679 3544 3750; x_wconf 79' lang='grc' dir='ltr'>ῥήματα</span> <span class='ocrx_word' id='word_1_550' title='bbox 3595 3674 3676 3746; x_wconf 77' lang='grc' dir='ltr'>τῷ</span> 
     </span>
    </p>
   </div>
   <div class='ocr_carea' id='block_1_73' title="bbox 2090 3775 3108 3852">
    <p class='ocr_par' dir='ltr' id='par_1_73' title="bbox 2090 3775 3108 3852">
     <span class='ocr_line' id='line_1_73' title="bbox 2090 3775 3108 3852; baseline -0.008 -18"><span class='ocrx_word' id='word_1_551' title='bbox 2090 3781 2203 3852; x_wconf 83' lang='grc' dir='ltr'>ἰδίῳ</span> <span class='ocrx_word' id='word_1_552' title='bbox 2231 3778 2521 3852; x_wconf 82' lang='grc' dir='ltr'>προσλαλεῖ</span> <span class='ocrx_word' id='word_1_553' title='bbox 2544 3778 2783 3850; x_wconf 86' lang='grc' dir='ltr'>νυμφίῳ,</span> <span class='ocrx_word' id='word_1_554' title='bbox 2815 3775 2910 3829; x_wconf 89' lang='grc' dir='ltr'><strong>καί</strong></span> <span class='ocrx_word' id='word_1_555' title='bbox 2939 3789 3108 3846; x_wconf 70' lang='grc' dir='ltr'>φησι*</span> 
     </span>
    </p>
   </div>
   <div class='ocr_carea' id='block_1_74' title="bbox 2739 3867 3002 3921">
    <p class='ocr_par' dir='ltr' id='par_1_74' title="bbox 2739 3867 3002 3921">
     <span class='ocr_line' id='line_1_74' title="bbox 2739 3867 3002 3921; baseline -0.008 0"><span class='ocrx_word' id='word_1_556' title='bbox 2739 3867 2889 3921; x_wconf 79' lang='grc' dir='ltr'><strong>ΚΕΦ.</strong></span> <span class='ocrx_word' id='word_1_557' title='bbox 2922 3867 3002 3920; x_wconf 76' lang='grc' dir='ltr'><strong>Α’.</strong></span> 
     </span>
    </p>
   </div>
   <div class='ocr_carea' id='block_1_75' title="bbox 2157 3950 3676 4051">
    <p class='ocr_par' dir='ltr' id='par_1_75' title="bbox 2157 3950 3676 4051">
     <span class='ocr_line' id='line_1_75' title="bbox 2157 3950 3676 4051; baseline -0.012 -32"><span class='ocrx_word' id='word_1_558' title='bbox 2157 3962 2237 4020; x_wconf 78' lang='lat' dir='ltr'><strong>A&#39;.</strong></span> <span class='ocrx_word' id='word_1_559' title='bbox 2263 3964 2354 4051; x_wconf 59' lang='grc' dir='ltr'><strong>ξτ.</strong></span> <span class='ocrx_word' id='word_1_560' title='bbox 2388 3969 2465 4045; x_wconf 65' lang='grc' dir='ltr'><strong>α’.</strong></span> <span class='ocrx_word' id='word_1_561' title='bbox 2505 3961 2822 4031; x_wconf 64' lang='grc' dir='ltr'>Φαησὰτω</span> <span class='ocrx_word' id='word_1_562' title='bbox 2846 3976 2923 4030; x_wconf 84' lang='grc' dir='ltr'><strong>με</strong></span> <span class='ocrx_word' id='word_1_563' title='bbox 2954 3956 3070 4013; x_wconf 81' lang='grc' dir='ltr'><strong>ἀπὸ</strong></span> <span class='ocrx_word' id='word_1_564' title='bbox 3095 3954 3443 4026; x_wconf 66' lang='grc' dir='ltr'>φιλημάτων</span> <span class='ocrx_word' id='word_1_565' title='bbox 3464 3950 3676 4019; x_wconf 75' lang='grc' dir='ltr'>στόμα.-</span> 
     </span>
    </p>
   </div>
   <div class='ocr_carea' id='block_1_76' title="bbox 2088 4052 2438 4103">
    <p class='ocr_par' dir='ltr' id='par_1_76' title="bbox 2088 4052 2438 4103">
     <span class='ocr_line' id='line_1_76' title="bbox 2088 4052 2438 4103; baseline -0.006 -13"><span class='ocrx_word' id='word_1_566' title='bbox 2088 4053 2191 4103; x_wconf 85' lang='grc' dir='ltr'><strong>τος</strong></span> <span class='ocrx_word' id='word_1_567' title='bbox 2231 4052 2438 4089; x_wconf 86' lang='grc' dir='ltr'>αυτου.</span> 
     </span>
    </p>
   </div>
   <div class='ocr_carea' id='block_1_77' title="bbox 1084 3865 1313 3923">
    <p class='ocr_par' dir='ltr' id='par_1_77' title="bbox 1084 3865 1313 3923">
     <span class='ocr_line' id='line_1_77' title="bbox 1084 3865 1313 3923; baseline 0.004 -1"><span class='ocrx_word' id='word_1_568' title='bbox 1084 3865 1238 3923; x_wconf 84' lang='lat' dir='ltr'><strong>CAP.</strong></span> <span class='ocrx_word' id='word_1_569' title='bbox 1273 3866 1313 3923; x_wconf 87' lang='grc' dir='ltr'>ί.</span> 
     </span>
    </p>
   </div>
   <div class='ocr_carea' id='block_1_78' title="bbox 479 3959 1768 4019">
    <p class='ocr_par' dir='ltr' id='par_1_78' title="bbox 479 3959 1768 4019">
     <span class='ocr_line' id='line_1_78' title="bbox 479 3959 1768 4019; baseline -0.003 0"><span class='ocrx_word' id='word_1_570' title='bbox 479 3963 521 4019; x_wconf 90' lang='grc' dir='ltr'><strong>Ι.</strong></span> <span class='ocrx_word' id='word_1_571' title='bbox 550 3962 714 4018; x_wconf 67' lang='lat' dir='ltr'><strong>Vens.</strong></span> <span class='ocrx_word' id='word_1_572' title='bbox 736 3961 786 4016; x_wconf 81' lang='grc' dir='ltr'>ί.</span> <span class='ocrx_word' id='word_1_573' title='bbox 814 3959 1095 4016; x_wconf 80' lang='lat' dir='ltr'><strong>Osculelur</strong></span> <span class='ocrx_word' id='word_1_574' title='bbox 1122 3977 1203 4015; x_wconf 85' lang='lat' dir='ltr'><strong>me</strong></span> <span class='ocrx_word' id='word_1_575' title='bbox 1230 3959 1295 4014; x_wconf 88' lang='lat' dir='ltr'><strong>ab</strong></span> <span class='ocrx_word' id='word_1_576' title='bbox 1324 3959 1516 4014; x_wconf 74' lang='lat' dir='ltr'><strong>osculis</strong></span> <span class='ocrx_word' id='word_1_577' title='bbox 1542 3959 1647 4013; x_wconf 79' lang='lat' dir='ltr'><strong>oris</strong></span> <span class='ocrx_word' id='word_1_578' title='bbox 1667 3960 1768 4015; x_wconf 76' lang='lat' dir='ltr'><strong>sui.</strong></span> 
     </span>
    </p>
   </div>
   <div class='ocr_carea' id='block_1_79' title="bbox 481 4128 1974 4220">
    <p class='ocr_par' dir='ltr' id='par_1_79' title="bbox 481 4141 1974 4220">
     <span class='ocr_line' id='line_1_79' title="bbox 481 4141 1974 4220; baseline -0.005 -15"><span class='ocrx_word' id='word_1_579' title='bbox 481 4149 758 4220; x_wconf 85' lang='lat' dir='ltr'><strong>Tanquam</strong></span> <span class='ocrx_word' id='word_1_580' title='bbox 799 4142 1207 4215; x_wconf 79' lang='lat' dir='ltr'><strong>paranyntphis,</strong></span> <span class='ocrx_word' id='word_1_581' title='bbox 1245 4151 1302 4197; x_wconf 93' lang='lat' dir='ltr'><strong>ut</strong></span> <span class='ocrx_word' id='word_1_582' title='bbox 1342 4141 1416 4197; x_wconf 89' lang='lat' dir='ltr'><strong>ita</strong></span> <span class='ocrx_word' id='word_1_583' title='bbox 1451 4141 1658 4207; x_wconf 86' lang='lat' dir='ltr'><strong>dicam,</strong></span> <span class='ocrx_word' id='word_1_584' title='bbox 1699 4156 1728 4196; x_wconf 89' lang='lat' dir='ltr'><strong>a</strong></span> <span class='ocrx_word' id='word_1_585' title='bbox 1779 4142 1974 4199; x_wconf 67' lang='lat' dir='ltr'><strong>caelesti</strong></span> 
     </span>
    </p>
   </div>
   <div class='ocr_carea' id='block_1_80' title="bbox 2090 4128 3678 4220">
    <p class='ocr_par' dir='ltr' id='par_1_80' title="bbox 2160 4128 3678 4219">
     <span class='ocr_line' id='line_1_80' title="bbox 2160 4128 3678 4219; baseline -0.013 -16"><span class='ocrx_word' id='word_1_586' title='bbox 2160 4143 2262 4203; x_wconf 76' lang='grc' dir='ltr'><strong>Οἷα</strong></span> <span class='ocrx_word' id='word_1_587' title='bbox 2288 4147 2691 4219; x_wconf 83' lang='grc' dir='ltr'>νυμφαγωγῶν,</span> <span class='ocrx_word' id='word_1_588' title='bbox 2728 4144 2804 4209; x_wconf 84' lang='grc' dir='ltr'>ὡς</span> <span class='ocrx_word' id='word_1_589' title='bbox 2848 4144 3048 4205; x_wconf 84' lang='grc' dir='ltr'>εἰπεῖν,</span> <span class='ocrx_word' id='word_1_590' title='bbox 3083 4137 3234 4211; x_wconf 83' lang='grc' dir='ltr'>παρὰ</span> <span class='ocrx_word' id='word_1_591' title='bbox 3282 4128 3376 4189; x_wconf 74' lang='grc' dir='ltr'>τοΰ</span> <span class='ocrx_word' id='word_1_592' title='bbox 3432 4150 3678 4205; x_wconf 85' lang='grc' dir='ltr'>επουρα-</span> 
     </span>
    </p>
   </div>
   <div class='ocr_carea' id='block_1_81' title="bbox 410 4226 1974 4314">
    <p class='ocr_par' dir='ltr' id='par_1_81' title="bbox 410 4233 1974 4314">
     <span class='ocr_line' id='line_1_81' title="bbox 410 4233 1974 4314; baseline -0.013 -16"><span class='ocrx_word' id='word_1_593' title='bbox 410 4256 608 4314; x_wconf 81' lang='lat' dir='ltr'><strong>sponso</strong></span> <span class='ocrx_word' id='word_1_594' title='bbox 653 4236 832 4294; x_wconf 88' lang='lat' dir='ltr'><strong>missis</strong></span> <span class='ocrx_word' id='word_1_595' title='bbox 876 4236 942 4290; x_wconf 90' lang='lat' dir='ltr'><strong>ad</strong></span> <span class='ocrx_word' id='word_1_596' title='bbox 974 4233 1347 4289; x_wconf 87' lang='lat' dir='ltr'><strong>charissimam</strong></span> <span class='ocrx_word' id='word_1_597' title='bbox 1376 4248 1654 4303; x_wconf 90' lang='lat' dir='ltr'><strong>sponsam,</strong></span> <span class='ocrx_word' id='word_1_598' title='bbox 1685 4235 1842 4303; x_wconf 84' lang='lat' dir='ltr'><strong>eique</strong></span> <span class='ocrx_word' id='word_1_599' title='bbox 1869 4235 1974 4304; x_wconf 76' lang='lat' dir='ltr'><strong>put.</strong></span> 
     </span>
    </p>
   </div>
   <div class='ocr_carea' id='block_1_82' title="bbox 2090 4226 3677 4314">
    <p class='ocr_par' dir='ltr' id='par_1_82' title="bbox 2090 4226 3677 4312">
     <span class='ocr_line' id='line_1_82' title="bbox 2090 4226 3677 4312; baseline -0.012 -16"><span class='ocrx_word' id='word_1_600' title='bbox 2090 4240 2202 4297; x_wconf 92' lang='grc' dir='ltr'>νίου</span> <span class='ocrx_word' id='word_1_601' title='bbox 2236 4240 2470 4312; x_wconf 88' lang='grc' dir='ltr'>νυμφίου</span> <span class='ocrx_word' id='word_1_602' title='bbox 2503 4239 2596 4293; x_wconf 73' lang='grc' dir='ltr'><strong>ἐπὶ</strong></span> <span class='ocrx_word' id='word_1_603' title='bbox 2626 4238 2727 4310; x_wconf 84' lang='grc' dir='ltr'>τὴν</span> <span class='ocrx_word' id='word_1_604' title='bbox 2755 4236 2943 4308; x_wconf 87' lang='grc' dir='ltr'>τιμίαν</span> <span class='ocrx_word' id='word_1_605' title='bbox 2973 4232 3194 4304; x_wconf 87' lang='grc' dir='ltr'>νύμφην</span> <span class='ocrx_word' id='word_1_606' title='bbox 3223 4226 3677 4297; x_wconf 84' lang='grc' dir='ltr'>ἀπεσταλμένων,</span> 
     </span>
    </p>
   </div>
   <div class='ocr_carea' id='block_1_83' title="bbox 412 4316 1974 4403">
    <p class='ocr_par' dir='ltr' id='par_1_83' title="bbox 412 4324 1974 4397">
     <span class='ocr_line' id='line_1_83' title="bbox 412 4324 1974 4397; baseline -0.009 -7"><span class='ocrx_word' id='word_1_607' title='bbox 412 4332 778 4391; x_wconf 87' lang='lat' dir='ltr'><strong>chritudinem</strong></span> <span class='ocrx_word' id='word_1_608' title='bbox 820 4326 1003 4397; x_wconf 80' lang='lat' dir='ltr'><strong>sponsi</strong></span> <span class='ocrx_word' id='word_1_609' title='bbox 1059 4325 1407 4379; x_wconf 80' lang='lat' dir='ltr'><strong>narrantibus</strong></span> <span class='ocrx_word' id='word_1_610' title='bbox 1458 4324 1560 4394; x_wconf 89' lang='lat' dir='ltr'><strong>(sic</strong></span> <span class='ocrx_word' id='word_1_611' title='bbox 1596 4326 1738 4379; x_wconf 90' lang='lat' dir='ltr'><strong>enim</strong></span> <span class='ocrx_word' id='word_1_612' title='bbox 1766 4326 1834 4380; x_wconf 92' lang='lat' dir='ltr'><strong>ad</strong></span> <span class='ocrx_word' id='word_1_613' title='bbox 1870 4342 1974 4381; x_wconf 86' lang='lat' dir='ltr'><strong>ean</strong></span> 
     </span>
    </p>
   </div>
   <div class='ocr_carea' id='block_1_84' title="bbox 2090 4316 3680 4403">
    <p class='ocr_par' dir='ltr' id='par_1_84' title="bbox 2092 4316 3680 4403">
     <span class='ocr_line' id='line_1_84' title="bbox 2092 4316 3680 4403; baseline -0.011 -17"><span class='ocrx_word' id='word_1_614' title='bbox 2092 4333 2186 4386; x_wconf 74' lang='grc' dir='ltr'>καὶ</span> <span class='ocrx_word' id='word_1_615' title='bbox 2209 4331 2303 4385; x_wconf 84' lang='grc' dir='ltr'><strong>τοῦ</strong></span> <span class='ocrx_word' id='word_1_616' title='bbox 2337 4331 2571 4403; x_wconf 86' lang='grc' dir='ltr'>νυμφίου</span> <span class='ocrx_word' id='word_1_617' title='bbox 2598 4330 2660 4383; x_wconf 78' lang='grc' dir='ltr'><strong>τὸ</strong></span> <span class='ocrx_word' id='word_1_618' title='bbox 2694 4328 2887 4391; x_wconf 88' lang='grc' dir='ltr'>κάλλος</span> <span class='ocrx_word' id='word_1_619' title='bbox 2909 4327 3044 4396; x_wconf 74' lang='grc' dir='ltr'>αὐτῇ</span> <span class='ocrx_word' id='word_1_620' title='bbox 3071 4321 3443 4395; x_wconf 86' lang='grc' dir='ltr'>διηγουμένων</span> <span class='ocrx_word' id='word_1_621' title='bbox 3484 4316 3680 4389; x_wconf 73' lang='grc' dir='ltr'>(οὕτως</span> 
     </span>
    </p>
   </div>
   <div class='ocr_carea' id='block_1_85' title="bbox 412 4408 1974 4495">
    <p class='ocr_par' dir='ltr' id='par_1_85' title="bbox 412 4416 1967 4485">
     <span class='ocr_line' id='line_1_85' title="bbox 412 4416 1967 4485; baseline -0.005 -3"><span class='ocrx_word' id='word_1_622' title='bbox 412 4425 672 4482; x_wconf 88' lang='lat' dir='ltr'><strong>inclamat</strong></span> <span class='ocrx_word' id='word_1_623' title='bbox 728 4419 1000 4475; x_wconf 81' lang='lat' dir='ltr'><strong>Isaias&quot;:</strong></span> <span class='ocrx_word' id='word_1_624' title='bbox 1042 4435 1062 4468; x_wconf 76' lang='grc' dir='ltr'><strong>ι</strong></span> <span class='ocrx_word' id='word_1_625' title='bbox 1091 4417 1198 4472; x_wconf 85' lang='lat' dir='ltr'><strong>Iste</strong></span> <span class='ocrx_word' id='word_1_626' title='bbox 1242 4417 1519 4485; x_wconf 86' lang='lat' dir='ltr'><strong>speciosus</strong></span> <span class='ocrx_word' id='word_1_627' title='bbox 1563 4416 1616 4470; x_wconf 92' lang='lat' dir='ltr'><strong>in</strong></span> <span class='ocrx_word' id='word_1_628' title='bbox 1659 4416 1834 4483; x_wconf 88' lang='lat' dir='ltr'><strong>stola;</strong></span> <span class='ocrx_word' id='word_1_629' title='bbox 1874 4437 1893 4471; x_wconf 74' lang='grc' dir='ltr'><strong>ι</strong></span> <span class='ocrx_word' id='word_1_630' title='bbox 1937 4433 1967 4474; x_wconf 89' lang='lat' dir='ltr'><strong>e</strong></span> 
     </span>
    </p>
   </div>
   <div class='ocr_carea' id='block_1_86' title="bbox 2090 4408 3678 4495">
    <p class='ocr_par' dir='ltr' id='par_1_86' title="bbox 2097 4408 3678 4495">
     <span class='ocr_line' id='line_1_86' title="bbox 2097 4408 3678 4495; baseline -0.011 -16"><span class='ocrx_word' id='word_1_631' title='bbox 2097 4424 2194 4495; x_wconf 82' lang='grc' dir='ltr'>μὲν</span> <span class='ocrx_word' id='word_1_632' title='bbox 2231 4425 2453 4478; x_wconf 79' lang='grc' dir='ltr'>Ἡσαΐου</span> <span class='ocrx_word' id='word_1_633' title='bbox 2499 4423 2731 4495; x_wconf 84' lang='grc' dir='ltr'>βοῶντος</span> <span class='ocrx_word' id='word_1_634' title='bbox 2762 4421 2922 4491; x_wconf 78' lang='grc' dir='ltr'>αὐτῇ·</span> <span class='ocrx_word' id='word_1_635' title='bbox 2960 4436 2978 4470; x_wconf 83' lang='grc' dir='ltr'><strong>ι</strong></span> <span class='ocrx_word' id='word_1_636' title='bbox 3012 4408 3181 4477; x_wconf 73' lang='grc' dir='ltr'>Οὗτος</span> <span class='ocrx_word' id='word_1_637' title='bbox 3215 4414 3414 4486; x_wconf 84' lang='grc' dir='ltr'>ὡραῖος</span> <span class='ocrx_word' id='word_1_638' title='bbox 3456 4414 3514 4465; x_wconf 83' lang='grc' dir='ltr'>ὲν</span> <span class='ocrx_word' id='word_1_639' title='bbox 3552 4427 3678 4463; x_wconf 87' lang='grc' dir='ltr'>στο-</span> 
     </span>
    </p>
   </div>
   <div class='ocr_carea' id='block_1_87' title="bbox 412 4503 1974 4587">
    <p class='ocr_par' dir='ltr' id='par_1_87' title="bbox 412 4508 1974 4579">
     <span class='ocr_line' id='line_1_87' title="bbox 412 4508 1974 4579; baseline -0.005 -7"><span class='ocrx_word' id='word_1_640' title='bbox 412 4531 600 4573; x_wconf 90' lang='lat' dir='ltr'><strong>rursus</strong></span> <span class='ocrx_word' id='word_1_641' title='bbox 631 4514 768 4568; x_wconf 86' lang='lat' dir='ltr'><strong>alius</strong></span> <span class='ocrx_word' id='word_1_642' title='bbox 802 4512 932 4567; x_wconf 90' lang='lat' dir='ltr'><strong>dicit</strong></span> <span class='ocrx_word' id='word_1_643' title='bbox 958 4510 1001 4543; x_wconf 84' lang='grc'>¹⁸</span> <span class='ocrx_word' id='word_1_644' title='bbox 1038 4527 1052 4565; x_wconf 96' lang='lat'><strong>:</strong></span> <span class='ocrx_word' id='word_1_645' title='bbox 1093 4532 1111 4562; x_wconf 79' lang='grc' dir='ltr'><strong>ι</strong></span> <span class='ocrx_word' id='word_1_646' title='bbox 1144 4508 1433 4579; x_wconf 88' lang='lat' dir='ltr'><strong>Speciosus</strong></span> <span class='ocrx_word' id='word_1_647' title='bbox 1488 4508 1659 4563; x_wconf 79' lang='lat' dir='ltr'><strong>forma</strong></span> <span class='ocrx_word' id='word_1_648' title='bbox 1711 4524 1821 4579; x_wconf 64' lang='lat' dir='ltr'><strong>pra:</strong></span> <span class='ocrx_word' id='word_1_649' title='bbox 1866 4511 1974 4565; x_wconf 73' lang='lat' dir='ltr'><strong>lilii:</strong></span> 
     </span>
    </p>
   </div>
   <div class='ocr_carea' id='block_1_88' title="bbox 2090 4503 3680 4587">
    <p class='ocr_par' dir='ltr' id='par_1_88' title="bbox 2092 4503 3680 4587">
     <span class='ocr_line' id='line_1_88' title="bbox 2092 4503 3680 4587; baseline -0.006 -20"><span class='ocrx_word' id='word_1_650' title='bbox 2092 4514 2177 4587; x_wconf 80' lang='grc' dir='ltr'><strong>λῇ·</strong></span> <span class='ocrx_word' id='word_1_651' title='bbox 2220 4535 2238 4568; x_wconf 74' lang='grc' dir='ltr'><strong>ι</strong></span> <span class='ocrx_word' id='word_1_652' title='bbox 2266 4517 2361 4571; x_wconf 77' lang='grc' dir='ltr'>καὶ</span> <span class='ocrx_word' id='word_1_653' title='bbox 2389 4515 2549 4569; x_wconf 83' lang='grc' dir='ltr'>πάλιν</span> <span class='ocrx_word' id='word_1_654' title='bbox 2572 4514 2731 4569; x_wconf 83' lang='grc' dir='ltr'>ἄλλου</span> <span class='ocrx_word' id='word_1_655' title='bbox 2755 4512 3023 4581; x_wconf 81' lang='grc' dir='ltr'>λέγοντος·</span> <span class='ocrx_word' id='word_1_656' title='bbox 3062 4527 3079 4559; x_wconf 83' lang='grc' dir='ltr'><strong>ι</strong></span> <span class='ocrx_word' id='word_1_657' title='bbox 3121 4507 3335 4578; x_wconf 85' lang='grc' dir='ltr'>Ὠραῖος</span> <span class='ocrx_word' id='word_1_658' title='bbox 3363 4503 3549 4557; x_wconf 88' lang='grc' dir='ltr'>κάλλει</span> <span class='ocrx_word' id='word_1_659' title='bbox 3575 4520 3680 4557; x_wconf 87' lang='grc' dir='ltr'>πα-</span> 
     </span>
    </p>
   </div>
   <div class='ocr_carea' id='block_1_89' title="bbox 412 4593 1974 4680">
    <p class='ocr_par' dir='ltr' id='par_1_89' title="bbox 412 4601 1968 4671">
     <span class='ocr_line' id='line_1_89' title="bbox 412 4601 1968 4671; baseline -0.004 -8"><span class='ocrx_word' id='word_1_660' title='bbox 412 4608 723 4671; x_wconf 88' lang='lat' dir='ltr'><strong>hominum;</strong></span> <span class='ocrx_word' id='word_1_661' title='bbox 769 4622 789 4656; x_wconf 81' lang='grc'><strong>›</strong></span> <span class='ocrx_word' id='word_1_662' title='bbox 835 4614 998 4671; x_wconf 88' lang='lat' dir='ltr'><strong>atque</strong></span> <span class='ocrx_word' id='word_1_663' title='bbox 1043 4603 1238 4657; x_wconf 87' lang='lat' dir='ltr'><strong>iterum</strong></span> <span class='ocrx_word' id='word_1_664' title='bbox 1286 4601 1422 4655; x_wconf 90' lang='lat' dir='ltr'><strong>alter</strong></span> <span class='ocrx_word' id='word_1_665' title='bbox 1471 4601 1755 4656; x_wconf 90' lang='lat' dir='ltr'><strong>consilium</strong></span> <span class='ocrx_word' id='word_1_666' title='bbox 1784 4602 1892 4665; x_wconf 85' lang='lat' dir='ltr'><strong>dat,</strong></span> <span class='ocrx_word' id='word_1_667' title='bbox 1940 4619 1968 4657; x_wconf 90' lang='lat' dir='ltr'><strong>e</strong></span> 
     </span>
    </p>
   </div>
   <div class='ocr_carea' id='block_1_90' title="bbox 2090 4593 3680 4680">
    <p class='ocr_par' dir='ltr' id='par_1_90' title="bbox 2100 4593 3680 4680">
     <span class='ocr_line' id='line_1_90' title="bbox 2100 4593 3680 4680; baseline -0.011 -18"><span class='ocrx_word' id='word_1_668' title='bbox 2100 4607 2169 4680; x_wconf 74' lang='grc' dir='ltr'>ρὰ</span> <span class='ocrx_word' id='word_1_669' title='bbox 2216 4610 2328 4671; x_wconf 90' lang='grc' dir='ltr'>τοῖς</span> <span class='ocrx_word' id='word_1_670' title='bbox 2363 4608 2498 4669; x_wconf 85' lang='grc' dir='ltr'>υἱοῖς</span> <span class='ocrx_word' id='word_1_671' title='bbox 2541 4604 2650 4658; x_wconf 84' lang='grc' dir='ltr'><strong>τῶν</strong></span> <span class='ocrx_word' id='word_1_672' title='bbox 2689 4601 3011 4673; x_wconf 58' lang='grc' dir='ltr'>ἀνθρώπων</span> <span class='ocrx_word' id='word_1_673' title='bbox 3055 4616 3075 4650; x_wconf 75' lang='grc' dir='ltr'><strong>ι</strong></span> <span class='ocrx_word' id='word_1_674' title='bbox 3127 4596 3224 4650; x_wconf 77' lang='grc' dir='ltr'>καὶ</span> <span class='ocrx_word' id='word_1_675' title='bbox 3274 4594 3437 4649; x_wconf 86' lang='grc' dir='ltr'>πάλιν</span> <span class='ocrx_word' id='word_1_676' title='bbox 3492 4593 3680 4664; x_wconf 80' lang='grc' dir='ltr'>ἑτέρου</span> 
     </span>
    </p>
   </div>
   <div class='ocr_carea' id='block_1_91' title="bbox 413 4686 1974 4773">
    <p class='ocr_par' dir='ltr' id='par_1_91' title="bbox 413 4691 1974 4762">
     <span class='ocr_line' id='line_1_91' title="bbox 413 4691 1974 4762; baseline -0.004 -7"><span class='ocrx_word' id='word_1_677' title='bbox 413 4698 546 4755; x_wconf 89' lang='lat' dir='ltr'><strong>dicit</strong></span> <span class='ocrx_word' id='word_1_678' title='bbox 578 4714 592 4752; x_wconf 88' lang='lat'><strong>:</strong></span> <span class='ocrx_word' id='word_1_679' title='bbox 627 4715 648 4748; x_wconf 77' lang='grc' dir='ltr'><strong>ι</strong></span> <span class='ocrx_word' id='word_1_680' title='bbox 681 4695 903 4751; x_wconf 86' lang='lat' dir='ltr'><strong>Amicus</strong></span> <span class='ocrx_word' id='word_1_681' title='bbox 936 4693 1135 4755; x_wconf 81' lang='lat' dir='ltr'><strong>ﬁdelis.</strong></span> <span class='ocrx_word' id='word_1_682' title='bbox 1178 4693 1449 4762; x_wconf 81' lang='lat' dir='ltr'><strong>prmectio</strong></span> <span class='ocrx_word' id='word_1_683' title='bbox 1495 4691 1751 4748; x_wconf 79' lang='lat' dir='ltr'><strong>fortis&quot;:</strong></span> <span class='ocrx_word' id='word_1_684' title='bbox 1785 4694 1974 4748; x_wconf 74' lang='lat' dir='ltr'><strong>amicus</strong></span> 
     </span>
    </p>
   </div>
   <div class='ocr_carea' id='block_1_92' title="bbox 2090 4686 3680 4773">
    <p class='ocr_par' dir='ltr' id='par_1_92' title="bbox 2099 4686 3680 4773">
     <span class='ocr_line' id='line_1_92' title="bbox 2099 4686 3680 4773; baseline -0.012 -17"><span class='ocrx_word' id='word_1_685' title='bbox 2099 4699 2577 4773; x_wconf 86' lang='grc' dir='ltr'>συμϐουλεύοντος,</span> <span class='ocrx_word' id='word_1_686' title='bbox 2618 4698 2714 4753; x_wconf 81' lang='grc' dir='ltr'>καὶ</span> <span class='ocrx_word' id='word_1_687' title='bbox 2740 4697 3009 4764; x_wconf 81' lang='grc' dir='ltr'>λέγοντος·</span> <span class='ocrx_word' id='word_1_688' title='bbox 3049 4710 3068 4743; x_wconf 80' lang='grc' dir='ltr'><strong>ι</strong></span> <span class='ocrx_word' id='word_1_689' title='bbox 3105 4691 3262 4752; x_wconf 78' lang='grc' dir='ltr'>Φίλος</span> <span class='ocrx_word' id='word_1_690' title='bbox 3306 4688 3515 4752; x_wconf 84' lang='grc' dir='ltr'>πιστὸς,</span> <span class='ocrx_word' id='word_1_691' title='bbox 3552 4686 3680 4740; x_wconf 83' lang='grc' dir='ltr'>σκέ-</span> 
     </span>
    </p>
   </div>
   <div class='ocr_carea' id='block_1_93' title="bbox 416 4778 1974 4866">
    <p class='ocr_par' dir='ltr' id='par_1_93' title="bbox 416 4786 1974 4858">
     <span class='ocr_line' id='line_1_93' title="bbox 416 4786 1974 4858; baseline -0.003 -11"><span class='ocrx_word' id='word_1_692' title='bbox 416 4791 609 4856; x_wconf 78' lang='lat' dir='ltr'><strong>ﬁdelis,</strong></span> <span class='ocrx_word' id='word_1_693' title='bbox 653 4789 1004 4858; x_wconf 83' lang='lat' dir='ltr'><strong>pbarmacutn</strong></span> <span class='ocrx_word' id='word_1_694' title='bbox 1061 4786 1246 4840; x_wconf 69' lang='lat' dir='ltr'><strong>vitm“</strong></span> <span class='ocrx_word' id='word_1_695' title='bbox 1283 4803 1297 4839; x_wconf 92' lang='lat'><strong>:</strong></span> <span class='ocrx_word' id='word_1_696' title='bbox 1332 4786 1474 4841; x_wconf 81' lang='lat' dir='ltr'><strong>ﬁdeli</strong></span> <span class='ocrx_word' id='word_1_697' title='bbox 1526 4787 1703 4841; x_wconf 89' lang='lat' dir='ltr'><strong>amico</strong></span> <span class='ocrx_word' id='word_1_698' title='bbox 1757 4803 1863 4841; x_wconf 91' lang='lat' dir='ltr'><strong>non</strong></span> <span class='ocrx_word' id='word_1_699' title='bbox 1911 4800 1974 4843; x_wconf 52' lang='lat' dir='ltr'><strong>esi</strong></span> 
     </span>
    </p>
   </div>
   <div class='ocr_carea' id='block_1_94' title="bbox 2090 4778 3682 4866">
    <p class='ocr_par' dir='ltr' id='par_1_94' title="bbox 2098 4778 3682 4866">
     <span class='ocr_line' id='line_1_94' title="bbox 2098 4778 3682 4866; baseline -0.01 -17"><span class='ocrx_word' id='word_1_700' title='bbox 2098 4811 2173 4863; x_wconf 84' lang='grc' dir='ltr'><strong>πη</strong></span> <span class='ocrx_word' id='word_1_701' title='bbox 2202 4792 2461 4866; x_wconf 68' lang='grc' dir='ltr'>κραταιάν</span> <span class='ocrx_word' id='word_1_702' title='bbox 2498 4790 2650 4861; x_wconf 84' lang='grc' dir='ltr'>φίλος</span> <span class='ocrx_word' id='word_1_703' title='bbox 2714 4787 2925 4850; x_wconf 83' lang='grc' dir='ltr'>πιστὸς,</span> <span class='ocrx_word' id='word_1_704' title='bbox 2979 4784 3270 4856; x_wconf 87' lang='grc' dir='ltr'>φάρμακον</span> <span class='ocrx_word' id='word_1_705' title='bbox 3323 4779 3489 4851; x_wconf 82' lang='grc' dir='ltr'>ζωῆς·</span> <span class='ocrx_word' id='word_1_706' title='bbox 3525 4778 3682 4848; x_wconf 80' lang='grc' dir='ltr'>φίλου</span> 
     </span>
    </p>
   </div>
   <div class='ocr_carea' id='block_1_95' title="bbox 414 4871 1974 4953">
    <p class='ocr_par' dir='ltr' id='par_1_95' title="bbox 414 4877 1942 4953">
     <span class='ocr_line' id='line_1_95' title="bbox 414 4877 1942 4953; baseline -0.003 -15"><span class='ocrx_word' id='word_1_707' title='bbox 414 4881 787 4953; x_wconf 85' lang='lat' dir='ltr'><strong>compensatio</strong></span> <span class='ocrx_word' id='word_1_708' title='bbox 839 4880 976 4947; x_wconf 76' lang='grc' dir='ltr'><strong>¹¹;ι</strong></span> <span class='ocrx_word' id='word_1_709' title='bbox 1044 4887 1100 4933; x_wconf 90' lang='lat' dir='ltr'><strong>et</strong></span> <span class='ocrx_word' id='word_1_710' title='bbox 1150 4877 1318 4933; x_wconf 85' lang='lat' dir='ltr'><strong>David</strong></span> <span class='ocrx_word' id='word_1_711' title='bbox 1364 4878 1440 4933; x_wconf 90' lang='lat' dir='ltr'><strong>ita</strong></span> <span class='ocrx_word' id='word_1_712' title='bbox 1491 4892 1612 4932; x_wconf 83' lang='lat' dir='ltr'><strong>eam</strong></span> <span class='ocrx_word' id='word_1_713' title='bbox 1652 4878 1942 4950; x_wconf 88' lang='lat' dir='ltr'><strong>alloquitur</strong></span> 
     </span>
    </p>
   </div>
   <div class='ocr_carea' id='block_1_96' title="bbox 2090 4871 3682 4953">
    <p class='ocr_par' dir='ltr' id='par_1_96' title="bbox 2099 4871 3682 4949">
     <span class='ocr_line' id='line_1_96' title="bbox 2099 4871 3682 4949; baseline -0.008 -13"><span class='ocrx_word' id='word_1_714' title='bbox 2099 4884 2292 4937; x_wconf 75' lang='grc' dir='ltr'>πιστοῦ</span> <span class='ocrx_word' id='word_1_715' title='bbox 2322 4884 2425 4939; x_wconf 77' lang='grc' dir='ltr'>οὐκ</span> <span class='ocrx_word' id='word_1_716' title='bbox 2453 4883 2600 4938; x_wconf 77' lang='grc' dir='ltr'>ἔστιν</span> <span class='ocrx_word' id='word_1_717' title='bbox 2628 4879 3002 4949; x_wconf 68' lang='grc' dir='ltr'>ἀντάλλαγμα·</span> <span class='ocrx_word' id='word_1_718' title='bbox 3039 4896 3059 4930; x_wconf 77' lang='grc' dir='ltr'><strong>ι</strong></span> <span class='ocrx_word' id='word_1_719' title='bbox 3095 4875 3191 4931; x_wconf 79' lang='grc' dir='ltr'>καὶ</span> <span class='ocrx_word' id='word_1_720' title='bbox 3231 4873 3326 4929; x_wconf 78' lang='grc' dir='ltr'><strong>τοῦ</strong></span> <span class='ocrx_word' id='word_1_721' title='bbox 3360 4871 3524 4926; x_wconf 78' lang='grc' dir='ltr'>Δαϐὶδ</span> <span class='ocrx_word' id='word_1_722' title='bbox 3551 4887 3682 4925; x_wconf 79' lang='grc' dir='ltr'>συν-</span> 
     </span>
    </p>
   </div>
   <div class='ocr_carea' id='block_1_97' title="bbox 487 5009 1974 5088">
    <p class='ocr_par' dir='ltr' id='par_1_97' title="bbox 487 5013 1974 5088">
     <span class='ocr_line' id='line_1_97' title="bbox 487 5013 1974 5088; baseline -0.002 -15"><span class='ocrx_word' id='word_1_723' title='bbox 487 5020 531 5052; x_wconf 80' lang='grc'>¹⁸</span> <span class='ocrx_word' id='word_1_724' title='bbox 564 5020 670 5075; x_wconf 87' lang='lat' dir='ltr'><strong>Isa.</strong></span> <span class='ocrx_word' id='word_1_725' title='bbox 698 5032 753 5079; x_wconf 83' lang='grc' dir='ltr'><strong>ν,</strong></span> <span class='ocrx_word' id='word_1_726' title='bbox 786 5017 836 5088; x_wconf 72' lang='grc' dir='ltr'>ί.</span> <span class='ocrx_word' id='word_1_727' title='bbox 916 5016 961 5048; x_wconf 68' lang='grc' dir='ltr'><strong>ίδ</strong></span> <span class='ocrx_word' id='word_1_728' title='bbox 986 5015 1005 5070; x_wconf 89' lang='grc'><strong>1</strong></span> <span class='ocrx_word' id='word_1_729' title='bbox 1033 5016 1252 5088; x_wconf 49' lang='grc' dir='ltr'><strong>Βρεμι.</strong></span> <span class='ocrx_word' id='word_1_730' title='bbox 1281 5015 1332 5088; x_wconf 75' lang='lat' dir='ltr'><strong>l.</strong></span> <span class='ocrx_word' id='word_1_731' title='bbox 1354 5086 1379 5088; x_wconf 25' lang='grc' dir='ltr'><strong>η</strong></span> <span class='ocrx_word' id='word_1_732' title='bbox 1414 5015 1457 5088; x_wconf 52' lang='grc' dir='ltr'><em>ἐ</em></span> <span class='ocrx_word' id='word_1_733' title='bbox 1490 5013 1772 5088; x_wconf 78' lang='lat' dir='ltr'><strong>P_sal.xcv,</strong></span> <span class='ocrx_word' id='word_1_734' title='bbox 1798 5017 1892 5081; x_wconf 87' lang='lat'><strong>97,</strong></span> <span class='ocrx_word' id='word_1_735' title='bbox 1919 5025 1974 5071; x_wconf 85' lang='lat' dir='ltr'><strong>et</strong></span> 
     </span>
    </p>
   </div>
   <div class='ocr_carea' id='block_1_98' title="bbox 2090 5009 3679 5088">
    <p class='ocr_par' dir='ltr' id='par_1_98' title="bbox 2090 5009 3679 5088">
     <span class='ocr_line' id='line_1_98' title="bbox 2090 5009 3679 5088; baseline -0.006 -14"><span class='ocrx_word' id='word_1_736' title='bbox 2090 5035 2150 5076; x_wconf 85' lang='lat' dir='ltr'><strong>.tx</strong></span> <span class='ocrx_word' id='word_1_737' title='bbox 2171 5062 2185 5088; x_wconf 93' lang='lat'><strong>,</strong></span> <span class='ocrx_word' id='word_1_738' title='bbox 2218 5022 2271 5078; x_wconf 82' lang='grc'><strong>1.</strong></span> <span class='ocrx_word' id='word_1_739' title='bbox 2347 5023 2391 5057; x_wconf 86' lang='grc'><strong>¹⁶</strong></span> <span class='ocrx_word' id='word_1_740' title='bbox 2413 5022 2558 5079; x_wconf 83' lang='lat' dir='ltr'><strong>Psal.</strong></span> <span class='ocrx_word' id='word_1_741' title='bbox 2581 5036 2766 5086; x_wconf 71' lang='lat' dir='ltr'><strong>cum,</strong></span> <span class='ocrx_word' id='word_1_742' title='bbox 2801 5017 2924 5074; x_wconf 80' lang='grc'><strong>165.</strong></span> <span class='ocrx_word' id='word_1_743' title='bbox 3001 5016 3045 5049; x_wconf 83' lang='grc'><strong>³¹¹</strong></span> <span class='ocrx_word' id='word_1_744' title='bbox 3076 5014 3180 5071; x_wconf 86' lang='lat' dir='ltr'><strong>lsa.</strong></span> <span class='ocrx_word' id='word_1_745' title='bbox 3207 5030 3300 5077; x_wconf 74' lang='grc' dir='ltr'><strong>ιι,</strong></span> <span class='ocrx_word' id='word_1_746' title='bbox 3331 5012 3386 5067; x_wconf 76' lang='grc'><strong>1.</strong></span> <span class='ocrx_word' id='word_1_747' title='bbox 3461 5010 3506 5042; x_wconf 80' lang='grc'><strong>¹⁸</strong></span> <span class='ocrx_word' id='word_1_748' title='bbox 3535 5009 3679 5066; x_wconf 84' lang='lat' dir='ltr'><strong>Psal.</strong></span> 
     </span>
    </p>
   </div>
   <div class='ocr_carea' id='block_1_99' title="bbox 415 5085 2007 5158">
    <p class='ocr_par' dir='ltr' id='par_1_99' title="bbox 415 5085 2007 5158">
     <span class='ocr_line' id='line_1_99' title="bbox 415 5085 2007 5158; baseline -0.002 -11"><span class='ocrx_word' id='word_1_749' title='bbox 415 5106 564 5158; x_wconf 81' lang='lat' dir='ltr'><strong>xuv,</strong></span> <span class='ocrx_word' id='word_1_750' title='bbox 592 5089 647 5145; x_wconf 81' lang='lat'><strong>&#39;5.</strong></span> <span class='ocrx_word' id='word_1_751' title='bbox 728 5088 771 5119; x_wconf 77' lang='lat'>&quot;</span> <span class='ocrx_word' id='word_1_752' title='bbox 800 5087 964 5142; x_wconf 85' lang='lat' dir='ltr'><strong>Eccli.</strong></span> <span class='ocrx_word' id='word_1_753' title='bbox 998 5103 1070 5150; x_wconf 81' lang='grc' dir='ltr'><strong>νι,</strong></span> <span class='ocrx_word' id='word_1_754' title='bbox 1113 5087 1200 5141; x_wconf 81' lang='grc'><strong>15.</strong></span> <span class='ocrx_word' id='word_1_755' title='bbox 1276 5086 1322 5118; x_wconf 81' lang='grc'><strong>¹⁰</strong></span> <span class='ocrx_word' id='word_1_756' title='bbox 1350 5086 1480 5141; x_wconf 85' lang='lat' dir='ltr'><strong>ibid.</strong></span> <span class='ocrx_word' id='word_1_757' title='bbox 1517 5085 1606 5138; x_wconf 79' lang='grc'><strong>16.</strong></span> <span class='ocrx_word' id='word_1_758' title='bbox 1681 5088 1724 5117; x_wconf 83' lang='grc'>²¹</span> <span class='ocrx_word' id='word_1_759' title='bbox 1758 5088 1885 5142; x_wconf 86' lang='lat' dir='ltr'><strong>ibid.</strong></span> <span class='ocrx_word' id='word_1_760' title='bbox 1918 5089 2007 5144; x_wconf 76' lang='grc'><strong>15.</strong></span> 
     </span>
    </p>
   </div>
   <div class='ocr_carea' id='block_1_100' title="bbox 489 5239 2005 5317">
    <p class='ocr_par' dir='ltr' id='par_1_100' title="bbox 489 5239 2005 5317">
     <span class='ocr_line' id='line_1_100' title="bbox 489 5239 2005 5317; baseline -0.002 -18"><span class='ocrx_word' id='word_1_761' title='bbox 489 5243 604 5317; x_wconf 70' lang='grc'><strong>(20)</strong></span> <span class='ocrx_word' id='word_1_762' title='bbox 654 5240 748 5298; x_wconf 89' lang='lat' dir='ltr'><strong>Sic</strong></span> <span class='ocrx_word' id='word_1_763' title='bbox 803 5241 1189 5307; x_wconf 88' lang='lat' dir='ltr'><strong>scribendum,</strong></span> <span class='ocrx_word' id='word_1_764' title='bbox 1248 5254 1354 5294; x_wconf 90' lang='lat' dir='ltr'><strong>non</strong></span> <span class='ocrx_word' id='word_1_765' title='bbox 1409 5247 1470 5293; x_wconf 91' lang='lat' dir='ltr'><strong>ut</strong></span> <span class='ocrx_word' id='word_1_766' title='bbox 1522 5239 1724 5295; x_wconf 83' lang='lat' dir='ltr'><strong>habent</strong></span> <span class='ocrx_word' id='word_1_767' title='bbox 1772 5243 2005 5309; x_wconf 88' lang='lat' dir='ltr'><strong>codices,</strong></span> 
     </span>
    </p>
   </div>
   <div class='ocr_carea' id='block_1_101' title="bbox 417 5317 2001 5457">
    <p class='ocr_par' dir='ltr' id='par_1_101' title="bbox 417 5317 2001 5457">
     <span class='ocr_line' id='line_1_101' title="bbox 417 5317 2001 5457; baseline -0.003 -17"><span class='ocrx_word' id='word_1_768' title='bbox 417 5317 604 5457; x_wconf 40' lang='lat' dir='ltr'><strong>“ab</strong></span> <span class='ocrx_word' id='word_1_769' title='bbox 633 5381 817 5457; x_wconf 76' lang='lat' dir='ltr'><strong>Barb._,</strong></span> <span class='ocrx_word' id='word_1_770' title='bbox 837 5381 1052 5457; x_wconf 61' lang='lat' dir='ltr'><strong>Ausim.</strong></span> <span class='ocrx_word' id='word_1_771' title='bbox 1071 5388 1125 5457; x_wconf 83' lang='lat' dir='ltr'><strong>_e_t</strong></span> <span class='ocrx_word' id='word_1_772' title='bbox 1146 5395 1297 5457; x_wconf 82' lang='lat' dir='ltr'><strong>meus</strong></span> <span class='ocrx_word' id='word_1_773' title='bbox 1326 5381 1466 5457; x_wconf 66' lang='lat' dir='ltr'><strong>male</strong></span> <span class='ocrx_word' id='word_1_774' title='bbox 1484 5380 1771 5453; x_wconf 83' lang='grc' dir='ltr'>ἀκρίϐασε.</span> <span class='ocrx_word' id='word_1_775' title='bbox 1806 5379 2001 5436; x_wconf 81' lang='lat' dir='ltr'><strong>Tlteat.</strong></span> 
     </span>
    </p>
   </div>
   <div class='ocr_carea' id='block_1_102' title="bbox 418 5451 1556 5526">
    <p class='ocr_par' dir='ltr' id='par_1_102' title="bbox 418 5451 1556 5526">
     <span class='ocr_line' id='line_1_102' title="bbox 418 5451 1556 5526; baseline -0.007 -13"><span class='ocrx_word' id='word_1_776' title='bbox 418 5451 720 5526; x_wconf 73' lang='grc' dir='ltr'>ἀκρίϐασαι</span> <span class='ocrx_word' id='word_1_777' title='bbox 749 5453 807 5506; x_wconf 83' lang='grc' dir='ltr'><strong>δέ</strong></span> <span class='ocrx_word' id='word_1_778' title='bbox 850 5469 961 5526; x_wconf 76' lang='grc' dir='ltr'>μοι.</span> <span class='ocrx_word' id='word_1_779' title='bbox 986 5451 1197 5526; x_wconf 70' lang='lat' dir='ltr'><strong>Mallem</strong></span> <span class='ocrx_word' id='word_1_780' title='bbox 1228 5452 1556 5526; x_wconf 82' lang='grc' dir='ltr'>άκρίϐωσαι.</span> 
     </span>
    </p>
   </div>
   <div class='ocr_carea' id='block_1_103' title="bbox 494 5520 2005 5608">
    <p class='ocr_par' dir='ltr' id='par_1_103' title="bbox 494 5520 2005 5608">
     <span class='ocr_line' id='line_1_103' title="bbox 494 5520 2005 5608; baseline -0.003 -28"><span class='ocrx_word' id='word_1_781' title='bbox 494 5520 608 5608; x_wconf 69' lang='lat'><strong>(22)</strong></span> <span class='ocrx_word' id='word_1_782' title='bbox 661 5520 863 5582; x_wconf 76' lang='lat' dir='ltr'><strong>Theat.</strong></span> <span class='ocrx_word' id='word_1_783' title='bbox 906 5521 1258 5594; x_wconf 80' lang='grc' dir='ltr'>ὑπογραφῆς.</span> <span class='ocrx_word' id='word_1_784' title='bbox 1303 5520 1459 5579; x_wconf 81' lang='lat' dir='ltr'><strong>Meus</strong></span> <span class='ocrx_word' id='word_1_785' title='bbox 1501 5532 1554 5578; x_wconf 92' lang='lat' dir='ltr'><strong>et</strong></span> <span class='ocrx_word' id='word_1_786' title='bbox 1600 5520 1823 5579; x_wconf 85' lang='lat' dir='ltr'><strong>Barber.</strong></span> <span class='ocrx_word' id='word_1_787' title='bbox 1863 5522 2005 5576; x_wconf 85' lang='grc' dir='ltr'>ἁπο-</span> 
     </span>
    </p>
   </div>
   <div class='ocr_carea' id='block_1_104' title="bbox 418 5613 1889 5730">
    <p class='ocr_par' dir='ltr' id='par_1_104' title="bbox 418 5613 1889 5730">
     <span class='ocr_line' id='line_1_104' title="bbox 418 5613 1889 5730; baseline 0.012 -18"><span class='ocrx_word' id='word_1_788' title='bbox 418 5613 743 5730; x_wconf 51' lang='grc' dir='ltr'><strong>Ὑρῗὲῖῖίςέἰο</strong></span> <span class='ocrx_word' id='word_1_789' title='bbox 772 5664 1077 5721; x_wconf 81' lang='lat' dir='ltr'><strong>emendavi.</strong></span> <span class='ocrx_word' id='word_1_790' title='bbox 1106 5662 1260 5719; x_wconf 86' lang='lat' dir='ltr'><strong>Meus</strong></span> <span class='ocrx_word' id='word_1_791' title='bbox 1281 5673 1337 5719; x_wconf 87' lang='lat' dir='ltr'><strong>et</strong></span> <span class='ocrx_word' id='word_1_792' title='bbox 1360 5663 1581 5718; x_wconf 89' lang='lat' dir='ltr'><strong>Barber.</strong></span> <span class='ocrx_word' id='word_1_793' title='bbox 1609 5663 1889 5728; x_wconf 77' lang='grc' dir='ltr'>ποθείσας·</span> 
     </span>
    </p>
   </div>
   <div class='ocr_carea' id='block_1_105' title="bbox 2113 5235 3682 5317">
    <p class='ocr_par' dir='ltr' id='par_1_105' title="bbox 2113 5235 3682 5317">
     <span class='ocr_line' id='line_1_105' title="bbox 2113 5235 3682 5317; baseline -0.004 -21"><span class='ocrx_word' id='word_1_794' title='bbox 2113 5251 2170 5297; x_wconf 91' lang='lat' dir='ltr'><strong>et</strong></span> <span class='ocrx_word' id='word_1_795' title='bbox 2213 5242 2291 5296; x_wconf 87' lang='lat' dir='ltr'><strong>sic</strong></span> <span class='ocrx_word' id='word_1_796' title='bbox 2326 5240 2521 5317; x_wconf 76' lang='lat' dir='ltr'><strong>legisse</strong></span> <span class='ocrx_word' id='word_1_797' title='bbox 2551 5239 2957 5317; x_wconf 77' lang='lat' dir='ltr'><strong>videtur_vetus</strong></span> <span class='ocrx_word' id='word_1_798' title='bbox 3005 5238 3307 5317; x_wconf 63' lang='lat' dir='ltr'><strong>interpres,</strong></span> <span class='ocrx_word' id='word_1_799' title='bbox 3351 5235 3444 5317; x_wconf 76' lang='lat' dir='ltr'><strong>qui</strong></span> <span class='ocrx_word' id='word_1_800' title='bbox 3484 5236 3682 5317; x_wconf 72' lang='lat' dir='ltr'><strong>vertit,</strong></span> 
     </span>
    </p>
   </div>
   <div class='ocr_carea' id='block_1_106' title="bbox 2119 5307 3681 5379">
    <p class='ocr_par' dir='ltr' id='par_1_106' title="bbox 2119 5307 3681 5379">
     <span class='ocr_line' id='line_1_106' title="bbox 2119 5307 3681 5379; baseline -0.001 -15"><span class='ocrx_word' id='word_1_801' title='bbox 2119 5331 2137 5364; x_wconf 82' lang='grc' dir='ltr'><strong>ι</strong></span> <span class='ocrx_word' id='word_1_802' title='bbox 2175 5328 2326 5368; x_wconf 83' lang='lat' dir='ltr'><strong>suam</strong></span> <span class='ocrx_word' id='word_1_803' title='bbox 2366 5307 2601 5366; x_wconf 67' lang='lat' dir='ltr'><strong>animam</strong></span> <span class='ocrx_word' id='word_1_804' title='bbox 2636 5310 2793 5365; x_wconf 87' lang='lat' dir='ltr'><strong>simul</strong></span> <span class='ocrx_word' id='word_1_805' title='bbox 2829 5320 2883 5364; x_wconf 90' lang='lat' dir='ltr'><strong>et</strong></span> <span class='ocrx_word' id='word_1_806' title='bbox 2924 5324 3121 5379; x_wconf 89' lang='lat' dir='ltr'><strong>corpus</strong></span> <span class='ocrx_word' id='word_1_807' title='bbox 3150 5307 3435 5363; x_wconf 81' lang='lat' dir='ltr'><strong>castitatis</strong></span> <span class='ocrx_word' id='word_1_808' title='bbox 3478 5307 3681 5362; x_wconf 88' lang='lat' dir='ltr'><strong>virtute</strong></span> 
     </span>
    </p>
   </div>
   <div class='ocr_carea' id='block_1_107' title="bbox 2111 5378 3686 5450">
    <p class='ocr_par' dir='ltr' id='par_1_107' title="bbox 2111 5378 3686 5450">
     <span class='ocr_line' id='line_1_107' title="bbox 2111 5378 3686 5450; baseline -0.004 -13"><span class='ocrx_word' id='word_1_809' title='bbox 2111 5392 2385 5437; x_wconf 65' lang='lat' dir='ltr'><strong>coronet.»</strong></span> <span class='ocrx_word' id='word_1_810' title='bbox 2423 5382 2517 5437; x_wconf 91' lang='lat' dir='ltr'><strong>Sic</strong></span> <span class='ocrx_word' id='word_1_811' title='bbox 2556 5382 2717 5437; x_wconf 87' lang='lat' dir='ltr'><strong>etiam</strong></span> <span class='ocrx_word' id='word_1_812' title='bbox 2763 5378 3343 5450; x_wconf 69' lang='lat' dir='ltr'><strong>habuisseputaverim</strong></span> <span class='ocrx_word' id='word_1_813' title='bbox 3376 5379 3429 5431; x_wconf 93' lang='lat' dir='ltr'><strong>in</strong></span> <span class='ocrx_word' id='word_1_814' title='bbox 3462 5392 3560 5432; x_wconf 90' lang='lat' dir='ltr'><strong>suo</strong></span> <span class='ocrx_word' id='word_1_815' title='bbox 3592 5392 3686 5432; x_wconf 84' lang='lat' dir='ltr'><strong>co-</strong></span> 
     </span>
    </p>
   </div>
   <div class='ocr_carea' id='block_1_108' title="bbox 2111 5447 3684 5519">
    <p class='ocr_par' dir='ltr' id='par_1_108' title="bbox 2111 5447 3684 5519">
     <span class='ocr_line' id='line_1_108' title="bbox 2111 5447 3684 5519; baseline -0.003 -12"><span class='ocrx_word' id='word_1_816' title='bbox 2111 5453 2229 5509; x_wconf 81' lang='lat' dir='ltr'><strong>dice</strong></span> <span class='ocrx_word' id='word_1_817' title='bbox 2258 5452 2592 5519; x_wconf 84' lang='lat' dir='ltr'><strong>Salutatum;</strong></span> <span class='ocrx_word' id='word_1_818' title='bbox 2637 5451 2800 5506; x_wconf 86' lang='lat' dir='ltr'><strong>vertit</strong></span> <span class='ocrx_word' id='word_1_819' title='bbox 2848 5452 2992 5505; x_wconf 90' lang='lat' dir='ltr'><strong>enim</strong></span> <span class='ocrx_word' id='word_1_820' title='bbox 3014 5447 3093 5504; x_wconf 72' lang='grc'><strong>’;“‹</strong></span> <span class='ocrx_word' id='word_1_821' title='bbox 3123 5448 3366 5516; x_wconf 88' lang='lat' dir='ltr'><strong>Corpore</strong></span> <span class='ocrx_word' id='word_1_822' title='bbox 3396 5457 3593 5519; x_wconf 85' lang='lat' dir='ltr'><strong>castus</strong></span> <span class='ocrx_word' id='word_1_823' title='bbox 3628 5459 3684 5502; x_wconf 85' lang='lat' dir='ltr'><strong>et</strong></span> 
     </span>
    </p>
   </div>
   <div class='ocr_carea' id='block_1_109' title="bbox 2112 5518 3502 5592">
    <p class='ocr_par' dir='ltr' id='par_1_109' title="bbox 2112 5518 3502 5592">
     <span class='ocr_line' id='line_1_109' title="bbox 2112 5518 3502 5592; baseline -0.006 -15"><span class='ocrx_word' id='word_1_824' title='bbox 2112 5525 2291 5577; x_wconf 89' lang='lat' dir='ltr'><strong>animo</strong></span> <span class='ocrx_word' id='word_1_825' title='bbox 2331 5523 2803 5592; x_wconf 64' lang='lat' dir='ltr'><strong>temperantiaeque</strong></span> <span class='ocrx_word' id='word_1_826' title='bbox 2831 5520 3039 5576; x_wconf 90' lang='lat' dir='ltr'><strong>viribus</strong></span> <span class='ocrx_word' id='word_1_827' title='bbox 3066 5518 3297 5574; x_wconf 87' lang='lat' dir='ltr'><strong>vallatus</strong></span> <span class='ocrx_word' id='word_1_828' title='bbox 3325 5518 3450 5574; x_wconf 89' lang='lat' dir='ltr'><strong>erit.</strong></span> <span class='ocrx_word' id='word_1_829' title='bbox 3480 5536 3502 5569; x_wconf 74' lang='grc' dir='ltr'><strong>ι</strong></span> 
     </span>
    </p>
   </div>
   <div class='ocr_carea' id='block_1_110' title="bbox 2181 5592 3733 5672">
    <p class='ocr_par' dir='ltr' id='par_1_110' title="bbox 2181 5592 3733 5672">
     <span class='ocr_line' id='line_1_110' title="bbox 2181 5592 3733 5672; baseline -0.007 -24"><span class='ocrx_word' id='word_1_830' title='bbox 2181 5593 2294 5672; x_wconf 60' lang='grc' dir='ltr'><strong>(ἓξ)</strong></span> <span class='ocrx_word' id='word_1_831' title='bbox 2334 5593 2564 5672; x_wconf 58' lang='lat' dir='ltr'><strong>llesyclt.</strong></span> <span class='ocrx_word' id='word_1_832' title='bbox 2587 5595 2834 5664; x_wconf 81' lang='grc' dir='ltr'>ταμεῖον,</span> <span class='ocrx_word' id='word_1_833' title='bbox 2857 5592 3145 5672; x_wconf 60' lang='grc' dir='ltr'>θάλαμοςῶ</span> <span class='ocrx_word' id='word_1_834' title='bbox 3339 5658 3351 5672; x_wconf 79' lang='lat'><em>_</em></span> <span class='ocrx_word' id='word_1_835' title='bbox 3538 5666 3550 5672; x_wconf 30' lang='grc' dir='ltr'><strong>Δ</strong></span> <span class='ocrx_word' id='word_1_836' title='bbox 3648 5656 3674 5669; x_wconf 34' lang='grc' dir='ltr'><em>η</em></span> <span class='ocrx_word' id='word_1_837' title='bbox 3720 5630 3733 5637; x_wconf 90' lang='grc'><strong>-</strong></span> 
     </span>
    </p>
   </div>
   <div class='ocr_carea' id='block_1_111' title="bbox 2180 5658 3689 5735">
    <p class='ocr_par' dir='ltr' id='par_1_111' title="bbox 2180 5658 3689 5735">
     <span class='ocr_line' id='line_1_111' title="bbox 2180 5658 3689 5735; baseline -0.005 -17"><span class='ocrx_word' id='word_1_838' title='bbox 2180 5658 2293 5735; x_wconf 70' lang='grc'><strong>(26)</strong></span> <span class='ocrx_word' id='word_1_839' title='bbox 2334 5658 2823 5735; x_wconf 53' lang='grc' dir='ltr'>Ῑλιξεὶξηιιιιηῖνυιο</span> <span class='ocrx_word' id='word_1_840' title='bbox 2870 5658 3041 5734; x_wconf 82' lang='grc' dir='ltr'><strong>αὐτῷ.</strong></span> <span class='ocrx_word' id='word_1_841' title='bbox 3088 5659 3182 5716; x_wconf 87' lang='lat' dir='ltr'><strong>Sic</strong></span> <span class='ocrx_word' id='word_1_842' title='bbox 3228 5658 3389 5731; x_wconf 87' lang='lat' dir='ltr'><strong>paulo</strong></span> <span class='ocrx_word' id='word_1_843' title='bbox 3434 5666 3554 5731; x_wconf 85' lang='lat' dir='ltr'><strong>post</strong></span> <span class='ocrx_word' id='word_1_844' title='bbox 3605 5658 3689 5730; x_wconf 80' lang='grc' dir='ltr'>τῷ</span> 
     </span>
    </p>
   </div>
   <div class='ocr_carea' id='block_1_112' title="bbox 517 5732 2807 5807">
    <p class='ocr_par' dir='ltr' id='par_1_112' title="bbox 517 5732 2807 5807">
     <span class='ocr_line' id='line_1_112' title="bbox 517 5732 2807 5807; baseline 0 -19"><span class='ocrx_word' id='word_1_845' title='bbox 517 5735 611 5806; x_wconf 69' lang='grc'><strong>24)</strong></span> <span class='ocrx_word' id='word_1_846' title='bbox 649 5737 867 5807; x_wconf 51' lang='lat' dir='ltr'><strong>Ausim.</strong></span> <span class='ocrx_word' id='word_1_847' title='bbox 912 5736 1007 5791; x_wconf 78' lang='grc' dir='ltr'><strong>καὶ</strong></span> <span class='ocrx_word' id='word_1_848' title='bbox 1070 5738 1169 5807; x_wconf 85' lang='grc' dir='ltr'>τῆς</span> <span class='ocrx_word' id='word_1_849' title='bbox 1224 5732 1580 5807; x_wconf 75' lang='grc' dir='ltr'>σωφροσύνης</span> <span class='ocrx_word' id='word_1_850' title='bbox 1632 5734 1991 5807; x_wconf 77' lang='grc' dir='ltr'>περιστρέψαι</span> <span class='ocrx_word' id='word_1_851' title='bbox 2108 5734 2225 5807; x_wconf 84' lang='grc' dir='ltr'>ἰδίῳ</span> <span class='ocrx_word' id='word_1_852' title='bbox 2252 5732 2550 5807; x_wconf 76' lang='grc' dir='ltr'>προσλαλεῖ</span> <span class='ocrx_word' id='word_1_853' title='bbox 2576 5733 2807 5807; x_wconf 83' lang='grc' dir='ltr'>νυμφίῳ.</span> 
     </span>
    </p>
   </div>
   <div class='ocr_carea' id='block_1_113' title="bbox 427 5804 1990 5884">
    <p class='ocr_par' dir='ltr' id='par_1_113' title="bbox 427 5804 1990 5884">
     <span class='ocr_line' id='line_1_113' title="bbox 427 5804 1990 5884; baseline 0.008 -25"><span class='ocrx_word' id='word_1_854' title='bbox 427 5804 616 5884; x_wconf 68' lang='grc' dir='ltr'>ᾴςετῇ.</span> <span class='ocrx_word' id='word_1_855' title='bbox 646 5805 839 5864; x_wconf 83' lang='lat' dir='ltr'><strong>Tbeat.</strong></span> <span class='ocrx_word' id='word_1_856' title='bbox 880 5807 1043 5864; x_wconf 85' lang='lat' dir='ltr'><strong>habet</strong></span> <span class='ocrx_word' id='word_1_857' title='bbox 1083 5804 1441 5881; x_wconf 70' lang='grc' dir='ltr'>περιπρέψη.</span> <span class='ocrx_word' id='word_1_858' title='bbox 1487 5804 1629 5876; x_wconf 76' lang='lat' dir='ltr'><strong>Lego</strong></span> <span class='ocrx_word' id='word_1_859' title='bbox 1663 5804 1990 5880; x_wconf 60' lang='grc' dir='ltr'>περιστέψῃι</span> 
     </span>
    </p>
   </div>
  </div>
