3878 6270
68 310 133 367 33
1002 309 1406 363 LNARBA'I‘IU
1446 310 1514 363 ΙΝ
1564 310 1938 365 CANTICUM
1977 310 2452 367 CANTICORUM.
3038 342 3051 363 ι
3270 321 3341 369 ζ’ιά

64 424 384 498 ομλοῦντος
423 424 544 499 ‘27)
578 426 741 499 αὐτῇσ
780 443 800 479 ι
832 426 1117 492 Ἄκουσον,
1148 425 1409 497 θύγατερ,
1449 426 1544 480 καὶ
1572 425 1658 489 ῐδεε

1781 447 1801 481 ι
1834 431 1994 497 Audi,
2045 429 2153 483 lilia
2185 446 2201 483 :
2233 439 2288 482 et
2326 427 2469 492 vide,
2517 434 2571 483 et
2613 425 2809 481 inclina
2847 440 3033 482 aurem
3081 437 3259 493 tuam,
3286 439 3341 482 et

63 520 152 573 καὶ
205 519 401 572 κλῖνον
462 518 528 572 τὸ
577 515 677 583 οὖς
713 535 807 573 σου
825 534 840 549 ·
906 518 999 572 καὶ
1057 518 1316 573 ἐπιλάθου
1382 517 1479 572 τοῦ
1535 518 1667 572 λαοῦ

66 628 151 663 σου
189 609 336 679 (28),
376 609 476 663 καὶ
503 611 599 663 τού
629 611 781 664 οῐκου
810 609 903 664 τοῦ
939 609 1147 681 πατρός
1185 626 1302 663 σου·
1351 611 1447 664 καὶ
1474 608 1666 663 ἐπιθυ-

64 704 223 773 μήσει
258 702 291 753 ὁ
331 699 596 770 βασιλεὺς
643 700 741 754 τοῦ
780 701 1010 763 κάλλους
1058 716 1173 762 σου,
1226 701 1311 754 ὅτι
1351 701 1512 765 αὐτός
1549 702 1665 754 ἐστι

62 794 266 865 Κύριός
292 810 419 847 σοι.»⁹
468 812 491 846 ι
524 794 621 848 καὶ
650 793 812 848 πάλιν
852 794 1072 849 Ἡσαΐου
1102 794 1193 848 τὸν
1219 793 1441 864 ἔννομον
1464 794 1667 864 τιμῶν-

57 903 146 949 τος
196 886 412 955 γάμον,
453 886 551 938 καὶ
602 885 856 954 λέγοντος
898 886 1064 957 αὑττγ
1112 904 1132 936 t
1176 887 1271 939 Ὃν
1326 886 1527 958 τρόπον
1570 888 1663 940 εὐ-

62 975 445 1047 φρανθήσεται
490 977 725 1047 νυμφίος
755 977 850 1030 ἐπὶ
875 980 940 1048 τῇ
968 976 1177 1050 νύμφῃ,
1207 978 1379 1041 οὕτως
1424 978 1664 1051 εὐφραν-

62 1068 287 1139 θήσεται
321 1067 539 1140 Κύριος
569 1069 662 1122 ἐπὶ
685 1068 768 1122 σοί
806 1068 881 1140 ι)’
923 1069 1113 1142 ὥσπερ
1138 1066 1230 1131 οὖν
1259 1069 1462 1124 τούτων
1487 1073 1666 1125 ἑνωτι-

60 1162 272 1233 σαμένη
314 1162 417 1215 καὶ
446 1161 626 1216 ἄλλων
662 1163 863 1233 ὁμοίων
899 1163 932 1233 ἡ
968 1162 1279 1235 καλουμένη
1309 1162 1495 1235 νύμφη
1526 1164 1660 1235 (29),

60 1256 343 1321 ἀναφωνεῖ
379 1254 482 1307 καὶ
513 1253 683 1323 λέγει·
713 1254 1030 1322 Φιλησὰτω
1060 1273 1138 1325 με
1170 1256 1289 1309 ἀπὸ
1316 1255 1665 1325 φιλημάτων

60 1349 364 1416 στόματος
397 1347 613 1402 αὑτοῦ.
645 1349 719 1402 Σὺ
765 1346 917 1416 γοῦν,
959 1350 1068 1412 πᾶς
1110 1350 1139 1401 ὁ
1173 1347 1521 1420 ἀκροώμενος
1553 1348 1662 1402 τῶν

66 1440 465 1511 πνευματικῶν
487 1440 771 1512 ᾀσμάτων,
802 1441 884 1493 ὅτι
916 1441 1129 1513 φίλημα
1156 1441 1530 1511 πνευματικὸν
1564 1443 1659 1495 καὶ

68 1535 335 1604 ἀγραντον
366 1532 474 1603 τῆς
502 1531 708 1602 σαρκὸς
737 1530 959 1595 ἀκούεις
990 1531 1223 1602 φίλημα,
1253 1532 1328 1602 μὴ
1357 1530 1661 1603 τιτρώσκου

65 1629 157 1694 τὴν
197 1625 457 1680 διάνοιαν
507 1627 630 1688 ταῖς
665 1625 764 1695 τῆς
796 1624 998 1697 σαρκὸς
1033 1623 1404 1696 ἡδυπαθείαις.
1447 1624 1661 1696 Φίλημα

64 1718 165 1787 γὰρ
231 1715 616 1787 πνευματικὸν
682 1714 982 1787 φιλήματος
1049 1712 1314 1786 σαρκικοῦ
1378 1713 1514 1768 πολὺ
1566 1715 1661 1769 καὶ

64 1811 415 1881 ἀσυγκρετως
449 1810 745 1881 διενήνοχε,
780 1808 1031 1879 καθάπερ
1054 1810 1088 1880 ἠ
1123 1808 1305 1879 ήμέρα
1336 1808 1438 1880 τῆς
1467 1808 1662 1874 νυκτὸς

1770 522 2087 577 oblivisi-ere
2122 522 2376 592 pepulum
2408 530 2558 575 tuum
2590 529 2645 575 et
2665 520 2882 576 domum
2910 519 3078 589 patris
3132 521 3209 575 tui
3242 539 3256 575 :
3290 532 3341 575 et

1772 614 2116 682 concupiscet
2168 629 2264 668 rex
2326 613 2777 684 pulchritudinem
2839 623 3019 674 toam.
3067 616 3189 682 quia
3233 614 3343 682 ipse

1767 714 1851 757 est
1884 704 2143 760 Dominus
2175 706 2314 759 Deus
2346 715 2467 759 tuus
2497 708 2543 738 ²²
2573 722 2589 759 :
2621 723 2643 757 ι
2673 717 2726 760 et
2757 720 2945 759 rursus
2980 703 3150 760 Isaias
3173 704 3340 775 legiti-

1768 811 1885 850 mas
1937 797 2209 852 honorans
2237 798 2473 866 nuptias,
2523 797 2655 851 dicit
2697 798 2743 852 ei
2793 797 2840 829 ”
2872 817 2887 852 :
2924 816 2944 849 ι
2977 796 3344 865 Quemadmo-
3384 846 3398 858 ,

1766 888 1891 941 dum
1924 887 2192 942 laetabitur
2220 903 2452 958 sponsus
2482 890 2532 943 in
2563 904 2783 957 sponsa,
2820 889 2899 943 sic
2936 889 3206 944 laetabitur
3237 888 3344 943 Do-

1766 982 1951 1035 minus
1988 981 2038 1034 in
2077 991 2127 1036 Ie
2153 982 2239 1050 i):
2281 981 2432 1049 quasi
2478 981 2639 1049 igitur
2672 982 2757 1036 his
2817 981 3043 1049 aliisque
3082 981 3341 1048 ejusmodi

1775 1074 2119 1127 sermonibus
2148 1085 2350 1142 sponsa
2375 1075 2618 1140 praebens
2644 1087 2802 1127 aures
2829 1071 3050 1138 clamat,
3095 1082 3149 1127 et
3175 1072 3338 1125 dicit:

1779 1163 2060 1218 Osculetur
2083 1182 2164 1218 me
2195 1166 2258 1218 ab
2286 1164 2479 1217 osculis
2511 1164 2616 1218 oris
2648 1165 2752 1217 sui.
2780 1163 2857 1217 Tu
2887 1164 3071 1233 igitur,
3098 1163 3343 1233 quisquis

1767 1256 1986 1312 Cantica
2023 1259 2355 1312 canticorum
2399 1258 2572 1322 audis,
2605 1257 2819 1327 quando
2857 1257 3135 1325 spirituale
3178 1269 3227 1311 et
3273 1258 3340 1309 ab

1763 1349 1909 1403 omni
1946 1365 2112 1405 carne
2151 1366 2346 1420 purum
2400 1350 2639 1405 osculum
2696 1351 2869 1415 audis,
2929 1350 3034 1403 noli
3105 1360 3339 1403 mentem

1763 1441 2072 1498 carnalibus
2121 1443 2322 1498 laedere
2360 1443 2745 1512 voluptatibus.
2781 1441 3034 1496 Osculum
3060 1443 3204 1496 enim
3234 1444 3342 1511 spi-

1765 1534 1958 1588 rituale
2009 1534 2215 1588 carnali
2263 1534 2449 1589 osculo
2487 1536 2657 1587 multo
2688 1543 2772 1588 est
2803 1544 2858 1589 et
2896 1536 3013 1588 sine
3052 1548 3341 1603 compara-

1763 1626 1910 1682 tione
1931 1627 2296 1697 praestantius,
2327 1626 2470 1681 sicut
2492 1628 2608 1682 dies
2632 1636 2842 1680 noctem
2870 1626 3070 1680 lumine
3095 1636 3337 1694 superat.

1764 1719 2226 1786 Quemadmodum
2263 1719 2407 1773 enim
2474 1735 2668 1789 corpus
2719 1728 2803 1774 est
2833 1719 3087 1783 animale,
3132 1729 3186 1775 et
3215 1735 3337 1773 cor-

1760 1826 1860 1881 pus
1888 1811 2168 1881 spirituale
2194 1810 2277 1865 ’δε
2316 1813 2387 1866 ita
2434 1813 2673 1867 osculum
2705 1821 2788 1867 est
2817 1813 3058 1879 carnale,
3091 1822 3146 1867 et
3177 1828 3339 1868 oscu-

66 1904 197 1971 φωτὶ
228 1903 654 1975 ἐπερίσσευσεν.
682 1901 896 1973 Ὠσπερ
926 1898 1037 1971 γάρ
1071 1898 1187 1953 ἐστι
1219 1898 1379 1970 σῶμα
1406 1898 1655 1969 ψυχικὸν,

1768 1904 1870 1958 lum
1905 1903 2203 1974 spirituale.
2234 1901 2430 1959 Verum
2466 1905 2683 1959 carnale
2714 1915 2973 1960 terrestre
3012 1914 3132 1970 est;
3173 1904 3340 1976 spiri-

65 1999 152 2051 καὶ
205 1997 329 2050 ἔστι
383 1996 550 2066 σῶμα
607 1992 993 2065 πνευματικόν·
1039 1991 1214 2056 οὕτως
1259 1992 1378 2046 ἐστι
1446 1992 1658 2064 φίλημα

70 2091 352 2163 σαρκικὸν,
379 2091 479 2143 καὶ
524 2088 738 2159 φίλημα
785 2086 1173 2158 πνευματικόν.
1228 2084 1390 2139 Ἀλλά
1436 2086 1498 2139 τὸ
1559 2087 1657 2158 μὲν

69 2183 328 2256 σαρκικὺν
358 2183 604 2251 ἐπίγειον
622 2198 636 2212 ⁸
662 2180 727 2234 τὺ
749 2179 806 2233 δὲ
829 2177 1197 2249 πνευματικὸν
1218 2178 1560 2251 ἐπουράνιον.
1591 2179 1658 2231 Ἡ

70 2279 237 2334 τοίνυν
284 2276 383 2330 ἐπὶ
435 2275 541 2347 γῆς
566 2273 718 2345 φιλία
751 2272 860 2344 (50)
906 2270 1098 2341 ὲπιμίξ
1126 2272 1240 2325 ἐστι
1269 2269 1437 2325 καλοῦ
1473 2288 1534 2323 τε
1563 2271 1658 2323 καὶ

76 2368 251 2422 κακοῦ,
288 2365 456 2437 Καλὴ
481 2366 592 2437 γὰρ
618 2366 653 2435 ή
686 2362 817 2436 περὶ
838 2360 1013 2431 γάμον
1048 2358 1216 2429 φιλία,
1254 2359 1399 2430 κακὴ
1424 2356 1481 2411 δὲ
1502 2359 1535 2427 ἡ
1561 2373 1659 2409 πε-

74 2462 120 2529 ρὶ
158 2460 445 2531 πορνείαν.
481 2456 557 2509 Οὐ
607 2454 718 2527 γὰρ
763 2453 899 2525 πρὸς
940 2452 1107 2525 μόνας
1136 2451 1237 2515 τὰς
1271 2451 1377 2504 ὑπὸ
1400 2448 1536 2503 Θεοῦ
1564 2466 1659 2503 συ-

71 2553 386 2622 ζευχθείσας
416 2551 603 2612 αὐτοῖς
630 2548 879 2618 νομίμως
902 2544 1147 2618 γαμετάς
1169 2544 1417 2597 ἕλκονται
1453 2541 1659 2605 πάντες

70 2644 140 2713 τῷ
171 2642 322 2714 πόθῳ
351 2642 495 2712 (τοῖς
516 2639 562 2693 δ’
586 2637 949 2710 ἀρκουμένοις
971 2635 1167 2705 τούτῳ,
1190 2632 1392 2701 ἀγαθόν
1423 2631 1562 2705 [51]·
1598 2631 1657 2698 ἐξ

71 2736 268 2804 ἀγαθοῦ
288 2735 406 2806 γὰρ
439 2736 471 2787 ὁ
491 2733 715 2804 γάμος)’
742 2730 878 2785 ἀλλὰ
910 2729 1093 2783 πολλοὶ
1128 2727 1222 2782 καὶ
1259 2727 1397 2799 μετά
1427 2724 1659 2796 ἀνομίας

72 2829 428 2898 κλεψιγάμοις
475 2826 659 2883 εὐναῖς
714 2823 1137 2895 συμπλέκονται,
1177 2819 1457 2891 δεινοτάτῃ
1504 2818 1657 2889 φιλίᾳ

72 2918 602 2994 οἱπρήλατούμενοι·
648 2916 771 2987 ἥτις
804 2915 985 2978 αὐτοῖς
1029 2914 1111 2977 είς
1146 2910 1347 2983 ἔχθραν
1386 2925 1658 2980 μετατρα-

76 3014 313 3082 πήσεται,
345 3013 485 3065 ὅταν
525 3009 666 3063 κατά
709 3007 927 3061 πάντων
954 3006 1063 3059 τῶν
1088 3002 1347 3076 κρυπτῶν
1389 2999 1657 3069 ὲποπτικὴ

74 3103 156 3156 τοῦ
184 3102 320 3156 Θεοῦ
357 3100 549 3173 κρίσις
600 3100 964 3171 παραγίνεται
1022 3096 1236 3166 ἑκάστῳ
1279 3093 1347 3148 τὰ
1388 3092 1512 3161 ἀξια
1556 3110 1656 3146 τα-

1769 1995 1911 2051 tuale
1963 2005 2047 2050 est
2099 1995 2339 2051 caeleste.
2392 1995 2560 2051 Amor
2591 1996 2757 2067 igitur
2794 1996 2848 2051 in
2898 1998 2999 2051 hac
3030 2007 3175 2052 terra
3215 2012 3340 2067 pro-

1763 2087 1969 2143 miscue
2009 2095 2095 2143 est
2137 2097 2251 2141 tum
2286 2087 2413 2143 boni
2462 2098 2574 2142 tum
2624 2087 2767 2142 mali.
2825 2087 3006 2143 Bonus
3057 2089 3201 2145 enim
3255 2099 3339 2143 est

1760 2188 1914 2228 amor
1965 2174 2019 2229 in
2071 2175 2292 2245 nuptiis,
2349 2176 2650 2245 improbus.
2686 2177 2739 2231 in
2788 2175 3178 2245 fornicatione;
3232 2194 3338 2232 non

1764 2265 1909 2321 enim
1942 2281 2131 2322 omnes
2172 2268 2440 2325 desiderio
2493 2269 2560 2323 ad
2615 2269 2757 2325 solas
2784 2270 3074 2324 trahuntur
3116 2285 3338 2334 uxores,

1767 2373 1889 2428 quae
1944 2359 2050 2413 illis
2094 2374 2123 2412 a
2182 2359 2289 2413 Deo
2332 2360 2570 2429 legitime
2621 2371 2745 2416 sunt
2781 2363 3117 2431 conjunctae;
3166 2371 3221 2416 et
3270 2362 3361 2417 iis.

1759 2452 1979 2520 quidem
2034 2452 2126 2522 qui
2171 2468 2237 2505 eo
2285 2452 2526 2507 contenti
2577 2463 2721 2515 sum,
2763 2453 2814 2507 id
2864 2454 3066 2508 bonum
3101 2464 3185 2508 est
3217 2470 3232 2508 :
3268 2467 3337 2507 ex

1758 2541 1902 2598 bono
1924 2542 2068 2596 enim
2100 2542 2318 2612 nuptire.
2353 2539 2551 2596 Verum
2599 2542 2751 2596 tuulti
2782 2542 2983 2596 furtivo
3050 2542 3338 2597 concubitu

1760 2649 1883 2690 cum
1912 2633 2105 2689 alienis
2134 2634 2395 2689 uxoribus
2420 2636 2868 2701 commiscentur,
2902 2634 3113 2690 nefario
3139 2636 3328 2705 perciti

1760 2741 1987 2792 amore;
2039 2726 2130 2797 qui
2173 2726 2390 2796 quidem
2427 2727 2478 2783 in
2510 2727 2692 2782 odium
2719 2727 2826 2783 illis
2853 2735 3047 2793 vertet,
3088 2742 3208 2782 cum
3245 2726 3339 2781 Dei

1753 2817 2021 2889 judicium
2056 2819 2266 2874 occulta
2302 2834 2533 2890 qumque
2564 2819 2901 2889 perspiciens
2950 2819 3247 2886 advenerit,
3276 2833 3340 2875 ut

1760 2926 1919 2966 suum
1956 2926 2066 2981 quo
2095 2911 2323 2981 quisque
2350 2912 2544 2981 dignus
2570 2921 2671 2975 est,
2707 2913 2995 2982 unicuique
3024 2912 3339 2970 distribuat.

1762 3002 1997 3060 Sanctus
2056 3014 2238 3059 autem
2296 3020 2763 3075 supertmrumque
2819 3020 3000 3060 rerum
3050 3020 3205 3059 amor
3250 3005 3339 3059 ille

1766 3104 1869 3161 est,
1906 3095 2001 3165 qui
2032 3094 2273 3151 inﬁnitas
2311 3094 2555 3149 continet
2587 3096 2938 3161 dulcedines;
3001 3097 3091 3165 qui
3124 3094 3336 3165 gaudiis

77 3190 417 3261 μιεύσασθαι.
475 3189 540 3242 Ἢ
585 3188 642 3241 δὲ
695 3186 902 3242 ἀνωθεν
955 3187 1050 3240 καὶ
1095 3185 1225 3257 περὶ
1255 3183 1324 3238 τὰ
1352 3183 1465 3237 ἀνω
1503 3181 1654 3253 φιλία

1768 3201 2039 3257 nunquam
2072 3184 2451 3240 deficientibus
2483 3195 2687 3249 scatet;
2744 3186 3172 3241 interminabiles
3208 3187 3342 3239 odo-

1682 3234 1730 3297 ο

74 3279 189 3349 ἁγία
214 3281 391 3343 ἐστὶν,
420 3278 674 3342 αἰωνίους
694 3278 795 3340 τάς
815 3276 1153 3347 γλυκύτητας
1182 3274 1380 3345 ἔχουσα
1398 3313 1413 3338 ,
1444 3275 1655 3328 ἀκατα-

1768 3296 1881 3336 rum
1913 3280 2087 3350 spirat
2120 3280 2414 3334 suavitates
2447 3294 2462 3344 ;
2504 3278 2828 3332 ineffabilem
2866 3279 3027 3332 habet
3068 3277 3335 3348 gloriam;

72 3373 334 3438 παύει-τους
393 3371 501 3435 τὰς
533 3368 869 3442 εὐφροσύνας
896 3368 1154 3441 βρύουσα,
1184 3365 1521 3438 ἀπεράντους
1556 3366 1657 3431 τὰς

74 3467 281 3529 εὐωδίας
324 3465 597 3529 πνέουσα,
629 3463 903 3535 ἀρρήτους
934 3461 1033 3525 τὰς
1070 3460 1226 3525 δόξας
1257 3459 1475 3530 ἔχουσα,
1500 3459 1656 3528 ίσαγ-

72 3559 245 3625 τέλους
298 3556 407 3621 τὰς
453 3556 627 3626 τιμάς
670 3554 933 3627 φέρουσα,
960 3552 1123 3606 αὐτὸν
1164 3551 1253 3605 τὸν
1293 3552 1655 3623 ἀγαπήσαντα

70 3655 203 3721 ἡμᾶς
243 3649 464 3722 Κύριον
512 3650 645 3719 ἡμῖν
686 3644 1101 3718 ὲσοπτρίξουσα,
1144 3645 1242 3716 τὴν
1283 3644 1422 3716 πρὸς
1449 3643 1541 3697 τὸν
1566 3646 1656 3697 Δε-

70 3745 259 3815 πύτην
285 3741 616 3816 παρρησίαν
643 3736 1000 3813 προξενοῦσα,
1023 3736 1085 3791 τὸ
1121 3737 1409 3809 ἰσόρροπον
1431 3734 1532 3807 τῆς
1570 3734 1652 3789 δι-

68 3836 354 3907 καιοσύνης
388 3834 696 3901 ἐπάγουσα,
732 3831 828 3885 καὶ
879 3831 972 3883 ἐπὶ
1027 3829 1135 3900 γῆς
1183 3828 1277 3883 καὶ
1317 3830 1376 3881 ὲν
1408 3827 1656 3899 οὐρανοῖς

67 3934 218 4004 τιμὴν
262 3931 366 3986 καὶ
405 3928 570 3995 δόξαν
603 3927 868 3998 φέρουσα.
907 3924 1177 3995 Ἀκήκοας
1218 3920 1521 3994 φιλήματος
1560 3919 1657 3973 καὶ

75 4026 373 4095 φιλήματος
407 4020 678 4091 διαφορὰν
731 4019 826 4072 κα)⁹
867 4015 1139 4089 διάκρισιν
1175 4012 1325 4085 (3‘2);
1375 4012 1549 4067 Γνῶθι
1595 4014 1657 4066 τὸ

1761 3372 2000 3427 honores
2056 3368 2213 3425 affert
2269 3370 2530 3441 angelicis
2565 3371 2863 3424 honoribus
2906 3384 3103 3439 pares;
3161 3369 3338 3437 ipsum

1761 3460 2047 3516 Dominum
2080 3458 2173 3529 qui
2203 3473 2302 3513 nos
2325 3457 2535 3521 dilexit,
2571 3468 2825 3528 tanquam
2859 3457 2913 3512 in
2944 3457 3166 3528 speculo
3187 3457 3340 3510 nobis

1759 3553 2126 3625 aspiciendqu
2163 3553 2425 3617 exhibet;
2472 3550 2725 3605 ﬁduciam
2773 3553 2839 3604 ad
2889 3551 3169 3604 Dominum
3200 3564 3339 3619 prae-

1758 3650 1883 3713 bet;
1935 3645 2246 3715 aequitatem
2293 3644 2519 3716 justitia:
2563 3642 2761 3711 affert;
2814 3655 2868 3697 et
2914 3642 2969 3696 in
3014 3651 3153 3696 terra
3193 3650 3247 3695 et
3284 3641 3338 3696 in

1764 3738 1918 3795 ctelis
1942 3738 2205 3793 honorem
2241 3745 2296 3792 et
2323 3736 2554 3806 gloriam
2588 3735 2754 3806 parit.
2791 3736 3001 3790 Audisti
3025 3735 3167 3789 inter
3191 3748 3341 3788 oscu-

1761 3827 1875 3884 lum
1905 3837 1964 3884 et
2005 3828 2253 3885 osculum
2287 3811 2647 3883 dill’erentiam
2689 3838 2743 3883 et
2792 3827 3126 3882 discrimen?
3169 3823 3340 3879 Nosce

1768 3920 1896 3991 quid
1937 3920 2082 3976 inter
2118 3929 2413 3991 utrumque
2440 3920 2658 3976 intersit
2687 3937 2702 3973 :
2734 3919 2948 3991 seligito
2971 3920 3112 3990 quod
3149 3918 3340 3972 melius

1763 4024 1848 4069 est
1880 4032 1895 4069 :
1928 4014 2051 4083 fuge
2082 4015 2224 4084 quod
2252 4014 2396 4069 lzedit
2428 4031 2444 4069 :
2474 4023 2598 4070 tene
2633 4014 2773 4085 quod
2805 4012 3034 4069 salutem
3063 4012 3227 4083 parit.

69 4121 335 4188 διάφορον,
398 4113 619 4177 ἐκλεξαι
675 4111 737 4164 τὸ
784 4112 1050 4180 κρεῖττον,
1097 4105 1237 4176 φύγε
1290 4104 1351 4159 τὸ
1388 4103 1646 4176 βλάπτον,
1689 4105 1881 4178 κράτει
1902 4106 1963 4160 τὸ
1989 4105 2161 4173 σῶζον
2190 4105 2326 4178 (35).

132 4208 453 4277 Mnade
474 4224 554 4277 με
586 4204 703 4261 ἀπὸ
732 4200 1082 4273 φιλημάτων
1112 4202 1412 4271 στόματος
1443 4198 1656 4255 αὑτοῦ·

71 4305 353 4363 τουτέστιν,
402 4303 435 4354 ὀ
477 4298 623 4362 Υἱός.
651 4297 802 4353 Ἀνω
843 4299 941 4367 τῆς
979 4293 1221 4357 διανοίας
1270 4292 1333 4346 τὸ
1380 4291 1562 4364 ὄμμα·
1591 4294 1655 4347 οὐ

73 4413 171 4468 γαρ
211 4393 487 4467 σαρκικὺν
536 4390 600 4445 τδ
647 4390 960 4460 λεγόμενον,
1005 4385 1143 4442 ἀλλὰ
1181 4385 1553 4457 πνευματικὸν
1596 4384 1658 4438 τὸ

82 4488 569 4560 πςοφητευὸμενον.
627 4482 703 4537 Οὐ
747 4480 992 4554 βούλεται
1034 4478 1143 4551 γάρ
1198 4475 1309 4548 (54)
1359 4475 1448 4531 διὰ
1493 4475 1656 4547 μόνου

88 4578 336 4646 πόματος
376 4572 681 4648 προφητῶν
720 4568 1055 4642 διδαχθῇναν
1105 4567 1220 4622 ἀλλ’
1250 4566 1433 4631 αὐτὸς,
1471 4568 1655 4638 φησιν,

1836 4201 2121 4258 Osculetur
2164 4217 2245 4255 me
2284 4203 2349 4256 ab
2384 4198 2580 4255 osculis
2607 4200 2716 4254 oris
2743 4201 2869 4255 sui:
2890 4199 3099 4256 scilicet
3142 4199 3334 4257 Filius.

1766 4292 1992 4349 Sursum
2024 4289 2174 4357 erige
2200 4290 2398 4346 mentis
2422 4289 2663 4345 oculum.
2697 4289 2811 4344 Non
2837 4290 2979 4345 enim
3014 4291 3230 4344 carnale
3254 4301 3340 4347 est.

1763 4386 1816 4440 id
1855 4384 1921 4440 de
1947 4399 2053 4455 quo
2083 4394 2166 4438 est
2198 4396 2378 4438 sermo
2405 4400 2422 4452 ;
2470 4385 2565 4439 sed
2595 4382 2894 4453 spirituale,
2930 4383 3071 4452 quod
3105 4384 3339 4453 prepbe-

1764 4477 1869 4531 tice
1918 4475 2137 4529 dicitur.
2176 4472 2291 4529 Non
2324 4475 2469 4529 enim
2503 4474 2840 4531 solummodo
2870 4489 2967 4545 per
3007 4489 3069 4529 os
3108 4477 3340 4543 prophe—

1772 4580 1945 4623 tarum
1974 4566 2157 4621 doceri
2186 4567 2334 4633 vult;
2374 4568 2468 4623 sed
2500 4567 2633 4637 ipse,
2664 4567 2861 4637 inquit,
2913 4568 3135 4621 accedat
3161 4578 3215 4619 et
3253 4583 3339 4622 me

83 4669 341 4737 imsitm
394 4665 495 4721 καὶ
541 4663 806 4729 διδαξάτω
846 4680 913 4735 με
945 4662 1096 4726 Υἱός.
1131 4658 1359 4731 Μεγάλη
1397 4659 1507 4731 γάρ
1540 4658 1652 4731 (55)

1768 4660 1949 4715 doceat
1973 4656 2167 4712 Filius.
2196 4655 2389 4713 Gravis
2423 4659 2588 4724 enim,
2629 4657 2807 4711 aiebat
2850 4656 3119 4727 quondam
3153 4654 3338 4713 Eccleo

145 4809 187 4840 ’⁸
212 4806 359 4863 Psal.
406 4819 558 4870 xuv,
595 4800 686 4857 10.
761 4799 808 4833 ⁸⁸
838 4799 941 4855 lsa.
972 4780 1106 4863 uti,
1132 4797 1187 4853 5.
1261 4797 1309 4830 ’⁸
1334 4797 1355 4851 ι
1377 4796 1503 4853 Cor.
1536 4812 1624 4863 xv,
1650 4794 1743 4851 44.

148 4941 257 5009 (ΞΤ)
295 4941 394 4998 Sic
435 4952 611 5003 meus,
638 4948 695 4992 et
725 4933 886 4990 Barb.
911 4942 965 4990 et
991 4932 1188 4989 Theat.
1213 4930 1275 4988 In
1309 4931 1647 4991 Vallicellau.

86 5011 551 5084 mka-

143 5074 248 5152 (28)
284 5081 521 5138 Βεειίιυὶ
551 5095 667 5142 σου,
693 5091 814 5147 qua:
838 5074 1025 5131 vocula
1050 5089 1079 5129 a
1110 5089 1235 5131 meo
1254 5075 1379 5132 cod.
1406 5084 1462 5131 et
1485 5074 1646 5134 Barb.

84 5160 250 5293 δι’ἶῖἕί)
291 5220 417 5276 Vet.
446 5221 676 5290 interpr.
715 5236 734 5269 ι
763 5226 985 5293 evocata
1024 5231 1243 5293 sponsa.
1272 5236 1293 5269 ι
1317 5215 1442 5293 _Sed
1474 5216 1649 5293 ή-κα-

84 5285 297 5365 λουμένῃ
322 5293 518 5364 νύμφη
544 5285 695 5365 idem
716 5299 888 5365 estate
916 5286 1238 5365 simpliciter
1269 5285 1650 5365 νύμφηζνίό.

86 5355 368 5421 (totumeht.
394 5355 582 5419 locum
629 5361 699 5414 ad
747 5355 935 5413 Electr.
997 5355 1279 5429 Sophocl.,
1316 5355 1406 5413 ad
1436 5355 1650 5412 versum

143 5509 246 5577 (30)
274 5504 544 5577 Vallicell.
571 5497 975 5577 φιλανθρωπία,

144 5569 246 5649 (Si)
290 5569 813 5649 Toigudfudpxoog‘.
851 5587 906 5622 τ.
937 5570 1184 5649 ἀγαθόν.
1211 5569 1320 5649 _Sic
1341 5569 1646 5649 interpun-

91 5637 293 5711 κεί-δέω
320 5637 618 5704 ex'vauic'.
647 5656 705 5697 et
738 5637 933 5696 Tum.
958 5637 1133 5711 τούτῳ
1167 5639 1247 5711 τῷ
1285 5638 1475 5711 πόθῳ,
1513 5637 1647 5690 Βην-

92 5709 304 5783 berinus.
343 5730 401 5773 et
432 5730 592 5770 meus
639 5710 1070 5783 babent_-roﬁ:o,
1100 5709 1156 5767 et
1191 5709 1414 5781 pravam
1466 5709 1639 5763 inter-

90 5780 406 5858 punaiooem
437 5788 646 5843 habent
671 5782 834 5853 hujus
864 5780 986 5838 loci.

1826 4929 1939 5003 (32)
1974 4928 2143 4985 Vetus
2194 4925 2463 5003 interpres
2506 4925 2709 5003 vertit:
2749 4941 2772 4975 ι
2823 4923 3071 5003 Audistis
3118 4922 3337 5003 quidem

1754 4992 1933 5059 osculi
1979 5008 2034 5055 et
2066 4995 2240 5054 osculi
2288 4992 2647 5049 dili‘erentiam
2690 5003 2852 5061 atque
2901 4992 3192 5060 judicium.
3233 4993 3340 5049 Co-

1757 5067 2407 5145 gnosee_discretionem.
2439 5064 2589 5145 Elige
2617 5064 2757 5145 «ptod
2780 5064 2977 5145 melius
2994 5072 3097 5128 est,
3132 5081 3150 5113 ι
3178 5075 3284 5145 etc.

1828 5144 1944 5213 (33)
1976 5138 2349 5213 γαίης-νοτεξο
2378 5133 2624 5213 quaedam
2659 5135 2748 5189 hic
2778 5133 2965 5199 habet,
2999 5148 3123 5203 quae
3140 5134 3339 5189 absunt

1755 5213 1825 5269 ab
1837 5205 2105 5267 omnibus
2137 5208 2179 5263 ϐ
2191 5209 2343 5261 necis
2371 5205 2669 5261 codicibus.

1828 5283 1941 5353 (54)
1989 5279 2222 5335 Restitui
2253 5276 2363 5349 γάρ
2415 5291 2482 5331 ex
2517 5274 2639 5330 aliis
2697 5274 2855 5331 codd.
2891 5274 3062 5331 Abest
3102 5274 3247 5329 enim
3304 5289 3335 5328 ι

1750 5353 1912 5409 Barb.
1946 5361 2000 5406 et
2037 5366 2176 5405 meo.
3194 5368 3201 5374 -

1822 5424 1934 5495 (55)
1979 5419 2189 5495 Haecin
2219 5419 2389 5495 veteri
2427 5416 2677 5495 versione
2708 5414 2919 5495 reddita
2948 5422 3076 5495 sunt
3102 5427 3333 5495 perver-

1746 5483 2005 5550 sissitne:
2043 5509 2063 5541 ι
2092 5489 2261 5545 Mater
2294 5490 2439 5543 enim
2471 5502 2587 5551 mea
2636 5486 2879 5540 Ecclesia
2929 5484 3224 5553 aliquando
3254 5483 3335 5534 di-

1745 5567 1904 5620 cebat
1929 5581 1943 5616 :
1972 5562 2188 5616 Pusillis
2213 5576 2318 5614 non
2344 5559 2634 5622 salvabor;
2667 5571 2920 5623 uiagnum
2950 5563 3006 5608 et
3022 5550 3332 5620 perfection

1745 5636 2017 5689 medicum
2081 5633 2389 5695 requiram,
2438 5643 2588 5682 mero
2627 5630 2838 5695 perfusa
2897 5639 3054 5686 sum,
3094 5624 3335 5695 tenebras

1752 5648 2017 5689 medicum
2081 5648 2137 5685 re
2179 5648 2389 5691 Ulr‘alll,
2438 5648 2588 5682 mero
2627 5648 2838 5695 perluat!
2897 5648 3054 5686 Slllll,
3095 5648 3333 5677 ιιειιυιη-ξις

1752 5715 1880 5759 sunt
1906 5648 2289 5768 lucernae1egis
2311 5710 2366 5752 et
2384 5699 2657 5776 prophetae
2685 5700 2791 5751 :ait
2819 5695 2961 5749 enim
2988 5707 3062 5776 ιιι
3090 5692 3333 5770 Lucerna

1750 5776 1972 5846 pedibus
2039 5774 2172 5827 meis
2223 5775 2307 5825 lex
2347 5781 2475 5833 tua,
2529 5778 2586 5823 et
2640 5768 2821 5821 lutnen
2869 5768 3078 5820 seodtis
3130 5768 3332 5819 meis.»
