3878 6270
179 220 246 279 37
1092 220 1499 278 ENABRATIO
1542 220 1608 277 IN
1646 219 2003 281 CANTICUM
2041 221 2520 287 CANTICORUM.
3370 230 3445 292 38

178 343 279 397 ἀπὸ
330 338 632 413 προσώπου
692 339 1022 412 εὖπρεπείας
1083 340 1244 413 δόξης
1305 342 1472 397 αὐτοῦ
1493 359 1507 374 σ
1560 361 1578 394 ι
1639 342 1738 416 τὴν
1780 344 2084 418 ὑπερϐολὴν
2125 347 2226 419 τῆς
2262 349 2563 421 εύφρασίας
2598 349 2708 405 τῶν
2754 351 2847 405 τοῦ
2913 348 3047 407 Θεοῦ
3117 353 3310 423 λογίων
3349 358 3445 409 ὲκ-

178 431 567 508 πληττόμενος.

241 527 313 581 Γ’.
342 526 437 580 Στ.
479 525 545 596 β’.
579 524 692 580 Καὶ
726 524 885 594 ὀσμὴ
906 524 1113 594 μύρων
1137 540 1254 580 σου
1281 525 1435 595 ὑπὲρ
1464 524 1662 580 πάντα
1683 525 1758 581 τὰ

1933 522 2022 577 ΙΙΙ.
2066 519 2230 576 Vsus.
2270 523 2325 576 9.
2366 521 2436 577 Et
2461 523 2595 577 odor
2617 536 2998 595 unguentorum
3041 536 3251 583 tuarum
3290 548 3445 601 super

174 621 468 689 ἀρώματα.

243 713 336 779 Εις
379 709 723 781 προτροπὴν,
770 704 946 779 οἶμαι,
990 711 1090 779 τῆς
1138 708 1465 781 Ἐκκλησίας
1504 708 1567 762 τὺ
1604 708 1760 778 ἅγιον

175 800 394 870 Πνεῦμα
432 798 665 853 τοιαῦτα
700 798 931 869 μελῳδεῖ
967 798 1079 870 (46)
1111 797 1190 868 τῷ
1219 798 1410 870 Κυρίῳ
1435 812 1450 827 ⁸
1504 798 1570 852 ἵν’
1598 800 1760 869 ἡμεῖς

172 892 425 962 τοιαύτης
462 889 691 953 εὐωδίας
723 890 1057 960 αἰσθόμενοι,
1086 890 1185 960 τὴν
1208 890 1473 945 δυσωδίαν
1507 891 1616 946 τῶν
1657 909 1760 962 μυ-

176 984 355 1055 σαρῶν
380 981 801 1054 ἁμαρτημάτων
833 979 1257 1051 άποπτύσωμενο
1299 981 1399 1053 τὴν
1440 982 1498 1035 δὲ
1531 981 1761 1036 εὐωδίαν

171 1077 265 1146 τῆς
288 1074 386 1128 τοῦ
430 1071 675 1145 Χριστοῦ
708 1071 1056 1142 δικαιοσύνης
1097 1074 1177 1135 εἰς
1216 1073 1443 1136 ἑαυτοὺς
1485 1072 1761 1143 ἀντλήσω-

175 1182 290 1236 μεν.
326 1183 347 1216 ι
391 1164 574 1234 Ὀσμὴ
630 1161 820 1233 μύρων
874 1178 989 1224 σου,
1030 1180 1050 1212 ι
1101 1160 1285 1231 φησιν,
1332 1180 1351 1212 ι
1393 1161 1532 1233 ὑπὲρ
1583 1161 1761 1214 πάντα

174 1256 463 1329 ἀρώματα.
506 1274 527 1306 ι
561 1253 634 1307 Τὸ
670 1252 862 1324 μύρον,
907 1251 1126 1322 ἀδελφοὶ
1168 1251 1304 1322 (47),
1340 1252 1435 1305 ἐπὶ
1475 1250 1761 1323 βασιλικῆς

173 1367 231 1403 τε
256 1351 351 1402 καὶ
373 1345 659 1419 ἱερατικῆς
682 1344 840 1409 ἀξίας
861 1344 1118 1416 τετάχθαι
1139 1345 1247 1399 ἀπὸ
1270 1344 1379 1398 τῶν
1404 1345 1576 1414 ἁγίων
1600 1344 1762 1417 ᾐσθή-

120 1476 125 1483 -
179 1442 314 1514 μεθα
343 1440 603 1514 Γραφῶν.
636 1440 752 1494 Οὐκ
781 1438 993 1510 ἄσημον
1034 1438 1142 1510 γὰρ
1177 1440 1305 1510 ὑμῖν
1336 1437 1478 1492 δοκῶ
1514 1441 1628 1502 τοῖς
1658 1454 1760 1491 πο-

174 1536 498 1607 λυμαθέσιν,
528 1534 611 1587 ὅτι
640 1534 690 1585 οἱ
717 1533 776 1584 ἐν
800 1534 921 1596 ταῖς
948 1532 1194 1601 Γραφαῖς
1226 1530 1465 1601 βασιλεῖς
1490 1528 1568 1602 τῷ
1594 1528 1760 1601 ἐλαίῳ

172 1630 267 1700 τῆς
306 1628 547 1699 κρίσεως
583 1623 887 1696 βασιλεύειν
912 1623 1256 1680 καθίσταντο.
1287 1623 1525 1676 Κάκεῖνο
1546 1621 1604 1675 δὲ
1630 1622 1760 1693 ὑμῖν

172 1721 409 1791 φανερὸν
439 1716 583 1773 εἶναι
631 1717 915 1789 βούλομαι,
946 1717 1029 1769 ὅτι
1058 1716 1151 1770 καὶ
1173 1717 1222 1770 oi
1251 1715 1371 1769 τότε
1402 1718 1568 1790 ἱερεῖς
1602 1715 1762 1787 μύρῳ

170 1813 477 1888 χριόμενοι,
531 1808 593 1863 τὸ
643 1805 939 1879 ἱερατεύειν
988 1804 1290 1876 ἐλάμϐανον
1335 1804 1470 1875 (48).
1541 1804 1760 1875 Ἐπειδὴ

1868 615 2048 670 omnia
2075 622 2338 667 aromata.

1936 706 2017 761 Ad
2048 705 2461 771 cohortandam,
2497 714 2558 760 ut
2601 707 2815 777 opinor,
2859 707 3161 764 Ecclesiam
3207 710 3447 782 Spiritus

1868 809 2091 856 sanctus
2125 797 2251 852 talia
2283 799 2429 852 canit
2458 797 2715 866 Domino;
2754 811 2813 854 ut
2850 816 2949 855 nos
2972 802 3237 871 ejusmodi
3269 806 3448 857 suavi¢

1868 891 1995 946 tatis
2020 894 2186 946 odore
2228 889 2378 955 tacti,
2429 888 2761 958 impurorum
2822 890 3049 948 fetorem
3092 905 3441 963 peccatorum

1867 999 2202 1048 aversemur,
2233 991 2288 1038 et
2311 982 2609 1053 jucundum
2639 984 2865 1053 justilite
2899 986 3100 1041 Christi
3131 988 3354 1042 odorem
3390 990 3444 1042 in

1867 1092 1968 1133 nos
1998 1076 2330 1132 bauriamus.
2358 1094 2376 1127 ι
2401 1073 2601 1140 Odor,»
2638 1077 2830 1147 inquit,
2864 1096 2885 1130 ι
2906 1089 3296 1148 unguentorum
3328 1091 3448 1134 tuo—

1867 1184 1984 1224 rum
2024 1183 2187 1237 super
2234 1166 2419 1222 omnia
2459 1163 2786 1231 aromata}:
2846 1166 3221 1238 Unguentum,
3266 1170 3443 1223 dilecti

1866 1260 2089 1324 fratres,
2114 1259 2182 1313 ad
2212 1258 2417 1329 regiam
2449 1267 2505 1313 et
2531 1259 2921 1314 sacerdotalem
2947 1261 3258 1331 dignitatem
3289 1262 3446 1316 insti-

1868 1362 2039 1408 tutum
2068 1365 2186 1408 esse
2211 1366 2243 1405 a
2275 1351 2446 1406 sacris
2465 1351 2762 1420 Scripturis
2789 1352 3068 1418 novimus;
3101 1353 3262 1423 idqu‘e
3291 1353 3447 1406 vobis

1867 1444 2194 1500 doctissimis
2231 1442 2363 1497 viris
2404 1443 2681 1512 cognitum
2716 1458 2838 1499 esse
2883 1445 3139 1510 arbitror,
3191 1446 3333 1515 quod
3386 1445 3443 1499 in

1866 1538 2039 1595 sacris
2099 1535 2397 1606 Scripturis
2452 1549 2609 1604 reges
2658 1550 2755 1604 per
2815 1536 2991 1591 oleum
3049 1536 3321 1592 unctionis
3374 1538 3444 1591 ad

1868 1630 2201 1703 regnandum
2222 1627 2723 1684 constituebantur.
2753 1626 2887 1682 Illud
2913 1628 3079 1683 etiam
3108 1642 3206 1682 vos
3232 1628 3444 1682 nescios

1866 1738 1990 1779 esse
2038 1721 2182 1788 nolo,
2219 1721 2359 1790 quod
2399 1719 2712 1774 sacerdotes
2763 1733 2979 1789 quoque
3026 1727 3137 1773 tum
3188 1719 3446 1788 temporis

1867 1817 1985 1872 oleo
2013 1814 2262 1886 peruncti
2284 1813 2649 1868 sacerdotium
2685 1812 3077 1883 suscipiebant.
3114 1810 3250 1866 Cum
3281 1811 3446 1881 igitur

168 1907 350 1960 τοίνυν
380 1902 529 1958 κατὰ
580 1900 745 1971 νόμον
794 1898 951 1969 μύρῳ
993 1897 1237 1968 ἐχρίοντο
1292 1895 1524 1967 βασιλεῖς
1550 1912 1610 1948 τε
1651 1894 1762 1966 (49)

1879 1910 1921 1962 in
1953 1907 2070 1979 lege
2115 1916 2226 1961 tum
2267 1920 2439 1977 reges,
2480 1914 2593 1959 tum
2636 1905 2947 1960 sacerdotes
2973 1912 3244 1973 unguento
3273 1902 3450 1972 uage.

171 1998 264 2051 καὶ
290 1998 487 2067 ἱερεῖς,
528 1989 797 2064 λαμπρῶς
832 1989 934 2061 ήδη
982 1989 1080 2059 τὴν
1119 1985 1412 2059 περιϐολὴν
1457 1985 1557 2057 τῆς
1609 1983 1762 2055 βασι-

170 2090 322 2153 λείας
347 2086 466 2156 (50)
492 2086 591 2139 καὶ
629 2081 900 2155 ἱερατείας
927 2079 1022 2134 τοῦ
1054 2077 1392 2149 Μονογενοῦς
1425 2077 1698 2132 ἐκτίθεται
1722 2080 1758 2148 ἡ

170 2181 293 2236 θεία
323 2180 365 2232 Γ
371 2178 544 2251 ραφὴ,
575 2195 594 2229 ι
639 2174 815 2247 Ὀσμὴ
843 2171 1028 2245 μύρων
1062 2188 1178 2236 σου,
1213 2189 1233 2223 ι
1265 2170 1520 2239 λέγουσα,
1565 2188 1584 2223 ι
1621 2169 1760 2244 ὑπὲρ

172 2274 354 2328 πάντα
384 2272 458 2324 τὰ
478 2267 747 2343 ἀρώματα
769 2285 787 2318 ι
823 2266 899 2331 ὼς
930 2266 1119 2321 εἰπεῖν·
1147 2262 1323 2334 Ὀσμὴ
1349 2262 1452 2334 τῆς
1473 2262 1574 2333 σῆς
1605 2262 1762 2334 βασι-

170 2364 325 2429 λείας
362 2360 463 2417 xiii.
505 2358 918 2434 ἀρχιερωσύνης
962 2357 1102 2428 ὑπὲρ
1140 2354 1320 2419 πάσας
1356 2354 1455 2419 τὰς
1487 2353 1763 2426 βασιλείας

173 2459 269 2512 καὶ
301 2455 712 2529 άρχιερατείας·
746 2450 925 2515 καθὼς
955 2450 985 2502 ὁ
1004 2447 1204 2519 Δανιήλ
1223 2463 1404 2518 φησιν·
1443 2465 1462 2499 ι
1504 2447 1766 2519 Ἀναστή-

176 2565 261 2602 σει
290 2550 321 2601 ὁ
341 2547 481 2611 Θεὸς
505 2544 602 2599 τοῦ
636 2543 869 2616 οὐρανοῦ
899 2541 1196 2614 βασιλείαν,
1226 2540 1349 2610 ἥτις
1376 2538 1628 2611 ὑπερέξει
1659 2538 1766 2594 πά-

179 2660 277 2707 σας
310 2642 415 2706 τὰς
446 2638 724 2711 βασιλείας
766 2636 869 2707 τῆς
901 2636 1026 2706 γῆς·
1057 2654 1085 2701 ι,
1114 2635 1226 2699 καὶ,
1270 2652 1290 2686 ι
1336 2633 1409 2686 Σὺ
1458 2632 1637 2704 ἱερεὺς
1685 2634 1765 2697 εἱς

178 2737 271 2790 τὸν
321 2734 503 2789 αἰῶνα
566 2731 708 2786 κατὰ
752 2729 850 2799 τὴν
896 2728 1048 2796 τάξιν
1108 2726 1463 2798 Μελχισεδὲκ,
1507 2745 1527 2777 ι
1575 2725 1761 2796 φησίν.

182 2849 203 2882 ι
247 2827 429 2899 Ὀσμὴ
462 2824 653 2898 μύρων
696 2840 844 2887 sou,»
877 2821 1059 2891 φησὶν,
1097 2839 1116 2871 ι
1141 2819 1283 2891 ὑπὲρ
1318 2819 1496 2873 πάντα
1520 2817 1588 2871 τὰ
1618 2816 1765 2888 ἀρώ-

181 2940 348 2993 ματα.
390 2940 414 2974 ι
455 2921 533 2973 Τὸ
571 2917 765 2991 μύρον,
808 2915 1022 2985 ἁδελφέ,
1054 2913 1175 2968 καθ’
1204 2913 1263 2966 δν
1299 2912 1463 2966 τόπον
1505 2910 1763 2982 ὑπάρχει,

181 3016 357 3068 ἐκεῖσε
396 3012 496 3066 καὶ
536 3012 636 3082 τὴν
671 3008 899 3063 εὐωδίαν
929 3006 1178 3079 παρέχει.
1218 3004 1453 3076 Χριστὸς
1497 3003 1555 3057 δὲ
1582 3003 1766 3057 τοίνυν

178 3109 236 3161 ἐν
264 3104 484 3178 οὐρανῷ
514 3103 609 3157 καλ⁸
635 3104 706 3174 γῇ
735 3101 830 3155 καὶ
853 3099 1096 3172 θαλάττῃ
1128 3098 1307 3153 πάντα
1339 3097 1627 3168 περιέχων,
1668 3095 1768 3166 τὴν

178 3196 502 3252 δεσποτείαν
530 3194 644 3266 (51)
678 3190 844 3248 αὐτοῦ
874 3192 967 3244 καὶ
1000 3188 1275 3262 βασιλείαν
1304 3187 1480 3258 πάντη
1515 3186 1625 3258 (52)
1672 3185 1769 3240 καὶ

1866 1997 2086 2064 bantur,
2115 1996 2396 2066 perspicue
2424 1995 2536 2065 jam
2571 2008 2729 2051 sacra
2762 1995 3041 2065 Scriptura
3067 2004 3122 2049 et
3151 1997 3353 2065 regiam
3389 2001 3448 2051 et

1867 2086 2257 2143 sacerdotalem
2302 2087 2615 2157 dignitatem
2659 2088 2713 2142 in
2758 2085 3044 2158 Unigenito
3076 2087 3296 2155 exponit
3323 2101 3447 2143 esse

1872 2179 2238 2249 conjunctam.
2271 2197 2290 2233 ι
2317 2178 2464 2235 Odor
2503 2188 2897 2250 unguentorum
2932 2187 3167 2244 tuorum,
3194 2199 3214 2232 ι
3250 2180 3442 2248 inquit.

1876 2291 1897 2326 ι
1924 2287 2086 2342 super
2110 2272 2293 2329 omnia
2335 2280 2579 2327 aromata
2607 2286 2622 2326 :
2656 2290 2675 2324 ›
2709 2272 2866 2342 quasi
2901 2272 3084 2327 dicat:
3115 2271 3263 2326 Odor
3296 2272 3447 2341 regni

1868 2373 1923 2420 et
1952 2364 2242 2420 sacerdotii
2285 2365 2363 2418 tui
2398 2379 2563 2433 super
2602 2367 2788 2422 omnia
2824 2379 2987 2436 regna
3020 2374 3073 2418 et
3104 2364 3448 2430 sacerdotia;

1870 2456 2321 2528 quemadmodum
2359 2456 2436 2510 ait
2470 2455 2656 2512 Daniel
2688 2474 2704 2511 :
2751 2475 2770 2508 ι
2800 2456 3097 2512 Suscitabit
3131 2457 3271 2509 Deus
3319 2454 3445 2511 curii

1870 2562 2094 2618 regnum
2132 2547 2277 2619 quod
2300 2548 2577 2618 superabit
2600 2549 2780 2604 omnia
2809 2563 2972 2619 regna
2998 2555 3157 2602 terrae
3182 2548 3261 2614 ἐς
3289 2565 3310 2599 ι
3343 2556 3396 2602 et
3427 2565 3443 2602 :

1876 2658 1895 2692 ι
1926 2639 2004 2693 Tu
2036 2639 2290 2694 sacerdos
2330 2639 2383 2693 in
2412 2649 2677 2695 aeternum
2711 2639 3007 2696 secundum
3037 2639 3280 2693 ordinem
3313 2638 3448 2694 Mel-

1872 2731 2122 2787 chisedee
2137 2731 2341 2785 “.i—c
2364 2728 2509 2786 Odor
2533 2741 2922 2802 unguentorum
2945 2738 3213 2797 tuorum,»
3251 2731 3446 2802 inquit,

1876 2842 1895 2877 ι
1924 2837 2085 2894 super
2114 2822 2296 2877 omnia
2343 2832 2605 2878 aromata.
2632 2842 2652 2875 ι
2685 2822 3060 2893 Unguentum,
3117 2824 3305 2892 frater,
3341 2839 3451 2894 quo

1871 2911 1990 2966 loco
2018 2919 2123 2975 est,
2153 2911 2225 2966 ibi
2251 2926 2474 2966 suavem
2501 2911 2704 2981 praebet
2731 2915 2978 2969 odorem.
3032 2913 3307 2969 Christum
3347 2914 3454 2985 igi-

1875 3013 1962 3055 tur
2000 3001 2056 3056 in
2084 3000 2226 3056 caelo
2262 3010 2318 3056 et
2353 3001 2408 3055 iu
2456 3009 2597 3057 terra
2627 3011 2681 3058 et
2712 3003 2766 3057 in
2812 3004 2949 3058 mari
2999 3004 3180 3058 omnia
3209 3006 3451 3074 comple-

1872 3103 2047 3160 ctens,
2096 3093 2521 3150 dominationem
2554 3075 2706 3150 suam
2752 3106 2808 3150 et
2840 3111 3065 3165 regnum
3109 3110 3452 3167 quoquover-

1874 3206 1995 3246 sum
2029 3199 2085 3245 et
2114 3189 2313 3265 ubique
2345 3190 2630 3246 suavitatis
2654 3190 2820 3244 odore
2865 3189 3122 3259 complet.
3171 3187 3445 3244 Luculen-

178 3289 462 3363 πανταχοῦ
496 3285 804 3352 εὺωδιάζει.
840 3282 1125 3357 Λαμπρῶς
1151 3283 1217 3355 δὴ
1244 3281 1339 3335 καὶ
1367 3279 1621 3344 ἐνταῦθα,
1671 3278 1762 3332 καὶ

1881 3292 1964 3339 ter
1979 3280 2093 3352 jam
2117 3290 2171 3337 et
2199 3280 2296 3345 ibi,
2325 3290 2379 3336 et
2405 3281 2693 3336 admodum
2735 3281 2884 3336 clare
2923 3279 3203 3352 Scriptura
3236 3280 3452 3337 divino-

180 3385 388 3456 σφόδρα
416 3379 737 3452 περιφανῶς
776 3378 811 3449 ἡ
837 3376 945 3431 τῶν
975 3376 1134 3430 θείων
1170 3374 1265 3429 καὶ
1294 3372 1629 3444 άποκρύφων
1662 3388 1766 3443 μυ-

179 3473 421 3545 στηρίων
477 3466 910 3541 ἐμπεφορημένη
954 3462 1166 3538 Γραφὴ,
1223 3463 1318 3518 καὶ
1357 3462 1417 3517 τὸ
1463 3462 1637 3534 ὄνομα
1672 3460 1767 3515 τοῦ

182 3565 421 3640 μεγάλου
443 3560 723 3624 Βασιλέως
742 3556 1105 3626 ἀναδείκνυσι,
1127 3555 1380 3626 λέγουσω

246 3662 319 3713 Δ¹.
356 3658 572 3725 Μύρον
620 3650 952 3707 ἐκκθωθέν
1007 3649 1196 3721 ὄνομά
1256 3664 1395 3716 σου,
1437 3649 1539 3704 διὰ
1591 3648 1770 3704 τοῦτο

179 3749 457 3815 νεάνιδες
489 3742 821 3817 ἠγάπησάν
850 3757 944 3810 σε,
969 3740 1268 3796 εῖλκυσάν
1292 3755 1368 3795 σε
1405 3741 1598 3795 ὀπίσω
1625 3754 1765 3795 σου.

244 3844 505 3913 Δέγουσα
557 3839 617 3893 δὲ
661 3839 697 3909 ἡ
751 3834 873 3891 θεία
909 3834 1120 3907 Γραφὴ,
1177 3853 1196 3887 ι
1236 3833 1424 3907 Μύρον
1468 3832 1769 3888 ἐκκενωθέν

176 3938 348 4008 ὄνομά
372 3952 493 3999 σου,
527 3951 549 3986 ι
574 3930 810 4002 Χριστὸν
836 3928 999 3983 αὐτὸν
1030 3927 1375 3999 ἐπονομάζει.
1417 3925 1491 3980 Τὸ
1529 3926 1639 3997 γὰρ
1662 3926 1768 3997 μύ-

182 4046 270 4098 ρον
307 4022 713 4094 εκκενούμενον
752 4018 957 4092 δηλαδὴ
987 4021 1068 4084 είς
1099 4019 1280 4090 χρίσιν
1321 4018 1434 4089 (55)
1468 4019 1764 4089 προχωρεῖ.

180 4120 343 4175 Ὅθεν
369 4119 471 4172 καὶ
494 4116 557 4169 τὸ
580 4112 851 4187 ἱερατικὸν
879 4110 1048 4184 μύρον
1074 4110 1292 4180 λέγεται
1320 4108 1547 4183 χρίσμα.
1584 4109 1691 4162 Καὶ
1717 4109 1769 4161 oi

182 4211 452 4283 πρότερον
493 4204 734 4277 βασιλεῖς
777 4203 855 4276 τῷ
904 4203 1060 4275 μύρῳ
1102 4202 1418 4274 χριόμενοι,
1462 4198 1769 4271 βασιλεύειν

180 4302 534 4356 καθίσταντο.
582 4298 748 4351 Ὅταν
793 4292 887 4350 οὖν
933 4294 1113 4364 λέγει,
1165 4312 1185 4346 ι
1233 4293 1421 4365 Μύρον
1467 4291 1768 4347 ἐκκενωθέν

179 4395 353 4464 δνομά
394 4410 517 4457 σου,
558 4411 580 4444 ι
621 4388 716 4445 δύο
760 4388 1125 4459 ὑποσημαίνει
1171 4386 1409 4458 τρόπους
1441 4385 1576 4458 (54).
1616 4383 1768 4438 Καθ-

181 4485 326 4557 άπερ
353 4484 469 4554 γὰρ
494 4480 609 4553 (55)
636 4479 806 4552 μύρον
838 4477 1136 4540 ἐκηνωθέν
1173 4475 1321 4531 οἷκον
1353 4474 1651 4541 εὑωδιάζει·
1678 4470 1769 4526 οὖ-

180 4594 258 4629 τω
276 4575 377 4629 τοῦ
403 4573 620 4646 Κυρίου
650 4572 807 4643 ἡμῶν
847 4570 1023 4643 Ἰησοῦ
1048 4567 1284 4643 Χριστοῦ
1317 4569 1413 4623 ἐπὶ
1438 4567 1545 4641 γῆς
1571 4565 1769 4622 κατελ-

1873 3390 1993 3430 rum
2030 3383 2085 3430 et
2115 3374 2399 3429 latentium
2439 3373 2595 3445 plena
2634 3374 3033 3445 mysteriorum,
3064 3375 3231 3430 etiam
3266 3374 3452 3446 magni

1874 3467 2036 3539 Regis
2059 3483 2253 3523 nomen
2285 3467 2491 3522 indicat
2512 3467 2696 3523 dicens
2726 3483 2742 3521 :

1942 3652 2032 3708 IV.
2069 3650 2399 3722 Unguentum
2426 3651 2653 3722 e/fusum
2680 3667 2867 3706 nomen
2917 3659 3085 3715 tuum,
3125 3650 3242 3704 ideo
3269 3650 3453 3706 adole-

1873 3744 2122 3801 scentuia.’
2160 3743 2455 3798 dilexerunt
2497 3756 2566 3810 te,
2602 3753 2650 3798 et
2679 3752 2953 3798 traxerunt
2990 3753 3040 3797 te
3076 3753 3287 3807 posite.

1945 3839 2080 3893 Dum
2100 3836 2230 3891 dicit
2257 3834 2535 3904 Scriptura
2562 3836 2765 3901 divina,
2805 3853 2826 3887 ι
2856 3835 3195 3905 Unguentum
3222 3833 3451 3890 effusum

1873 3945 2068 3986 nomen
2100 3939 2274 3994 tuum,
2306 3947 2325 3981 ι
2366 3928 2537 3999 ipsum
2566 3925 2842 3983 Christum
2884 3926 3148 3982 nominat.
3192 3924 3450 3997 Unguen-

1878 4031 1989 4075 tum
2038 4019 2182 4076 enim
2222 4017 2448 4074 eﬂusum
2493 4019 2562 4073 ad
2607 4017 2916 4073 unctionem
2961 4017 3171 4072 scilicet
3214 4016 3448 4086 prolicit.

1876 4110 2031 4167 Unde
2057 4119 2111 4165 et
2144 4112 2479 4166 sacerdotale
2505 4120 2839 4181 unguentum
2870 4111 3071 4166 dicitur
3095 4111 3353 4166 chrisma.
3384 4110 3453 4164 Et

1872 4214 2092 4261 veteres
2111 4219 2263 4275 reges
2287 4212 2561 4274 unguento
2593 4203 2837 4274 peruncti
2865 4218 3020 4273 reges
3046 4202 3451 4259 constitueban-

1876 4307 1985 4352 tur.
2031 4296 2168 4352 Cum
2214 4296 2378 4367 igitur
2427 4297 2605 4352 dicit:
2641 4315 2661 4349 ι
2692 4296 3035 4367 Unguentum
3078 4293 3306 4350 eﬁ‘usum
3351 4309 3452 4349 no-

1873 4396 1996 4439 men
2030 4393 2205 4450 tuum,
2231 4402 2251 4436 ›
2290 4385 2428 4439 duos
2452 4392 2638 4454 tropos
2670 4385 2895 4440 indicat.
2924 4383 2994 4440 Ut
3025 4384 3169 4439 enim
3207 4399 3454 4455 unguen-

1876 4485 1989 4529 tum
2052 4473 2284 4529 eﬂ‘usum
2344 4475 2562 4530 domum
2626 4476 2780 4531 suavi
2838 4475 3070 4544 complet
3112 4475 3331 4532 odore:
3373 4475 3454 4531 sic

1875 4574 2159 4636 postquam
2191 4566 2450 4622 Dominus
2480 4574 2665 4623 noster
2691 4566 2851 4623 Jesus
2882 4566 3133 4623 Christus
3159 4566 3211 4620 in
3249 4574 3449 4621 terram

183 4668 392 4734 δόντος,
420 4667 521 4720 καὶ
539 4665 643 4735 τῆς
661 4662 912 4735 οὐρανίου
944 4662 1228 4734 δυνάμεως
1255 4661 1350 4715 ἐπὶ
1375 4664 1503 4725 τοὺς
1532 4658 1762 4715 ἀποστό-

1879 4657 2169 4727 descemlit,
2194 4667 2250 4715 et
2278 4657 2518 4717 caelestis
2547 4658 2723 4716 virtus
2769 4674 2933 4731 super
2964 4657 3236 4730 apostolos
3284 4656 3452 4715 etl‘usa

250 4824 303 4857 ⁸⁸
361 4825 498 4880 Dan.
549 4838 611 4892 ιι,
654 4822 754 4891 44ς
790 4838 889 4892 vn,
932 4822 1022 4878 25.
1100 4823 1146 4856 υ
1184 4821 1330 4878 Psal.
1385 4835 1479 4887 cx,
1530 4823 1585 4874 4.

253 4982 888 5108 ςέξζῗξπῗῖιθηάοηάα
930 4996 1033 5038 vox
1077 4980 1326 5054 μελῳδῇ,
1370 4996 1531 5052 quam
1566 4981 1766 5038 habent

182 5068 340 5108 meum
365 5064 423 5109 et
457 5064 621 5108 Barb.

253 5123 370 5195 (47)
414 5123 710 5195 Ἀδελφοί,
741 5123 954 5195 reposui
1004 5124 1081 5195 ad
1123 5123 1446 5191 implendam
1514 5124 1764 5195 lacunam

253 5141 370 5195 (υ)
417 5141 710 5247 zeugma,
741 5141 954 5195 reposui
1004 5141 1071 5180 au
1123 5141 1446 5191 implendam
1514 5141 1764 5177 lacunam

184 5196 291 5275 nisi
322 5197 448 5250 cod.
475 5208 531 5275 et_
608 5195 789 5275 arber.
819 5210 887 5249 ex
919 5194 1087 5251 veteri
1133 5196 1450 5266 interprete,
1480 5196 1572 5264 qui
1604 5191 1767 5248 habet

188 5283 207 5314 ι
236 5263 463 5319 Fratres
483 5264 812 5321 cbarissimi.
836 5284 856 5317 ι

255 5336 372 5405 (48)
405 5336 570 5407 Barb.
619 5333 978 5406 ἐλλάμδανον,
1008 5335 1100 5405 qui
1144 5349 1289 5407 saepe
1332 5333 1572 5407 occurrit
1619 5331 1767 5407 ineo

184 5402 493 5476 rugierror
520 5402 830 5476 duplicaudi
869 5402 1122 5476 liquidas,
1154 5402 1295 5460 ut'in
1321 5408 1443 5459 cod.
1486 5404 1606 5476 Vat.
1632 5402 1763 5456 edit.

186 5472 351 5540 LXX,
384 5478 528 5531 unde
559 5472 782 5547 apparet
810 5472 943 5546 quae
956 5486 1065 5531 tum
1095 5475 1255 5531 fuerit
1279 5474 1665 5546 pronuntiatio.

255 5547 367 5617 (49)
395 5548 570 5602 Abest
592 5564 623 5601 a
652 5547 874 5617 Barber.
909 5561 1012 5601 vox
1037 5563 1118 5603 τε.

256 5613 369 5687 (50)
404 5618 539 5683 Quae
572 5615 902 5687 interiacent
935 5617 1076 5671 in’ter
1120 5616 1257 5672 duas
1294 5628 1455 5671 voces
1489 5613 1768 5687 βασιλείας

192 5694 243 5740 ει
277 5684 890 5761 ἀρχιερατείαςίῑεευηι
923 5688 978 5743 iu
1003 5686 1165 5745 Barb.
1194 5698 1250 5742 et
1289 5688 1341 5742 in
1375 5684 1496 5741 meo
1536 5688 1656 5740 cod.
1691 5684 1767 5739 Ea

1869 4996 1936 5037 ex
1952 4981 2316 5053 AVallicellano
2339 4984 2638 5053 desumpsi.

1962 5054 2054 5120 5|)
2082 5052 2306 5107 Barber.
2342 5052 2656 5112 δεσποτίαν.

1910 5123 2054 5248 é(52)
2080 5124 2274 5188 Παντί,
2315 5128 2458 5193 quod
2488 5127 2688 5181 habent
2714 5137 2906 5181 omnes
2931 5125 3114 5189 eodm,
3148 5124 3351 5181 mutavi
3397 5125 3450 5178 in

1945 5211 2063 5248 ντη.

1867 5211 2041 5248 παντη
2051 5234 2063 5247 .

2083 5264 2295 5336 Χρῆσιν
2328 5263 2379 5318 in
2409 5262 2635 5336 Barber.
2661 5274 2716 5321 et
2743 5280 2884 5331 meo,
2913 5264 3117 5321 mutavi
3155 5265 3209 5319 in
3247 5264 3448 5335 χρίσιν.

1871 5334 2008 5390 Male
2033 5334 2200 5389 vetus
2226 5339 2515 5403 interpres,
2544 5335 2813 5390 Christum
2840 5354 2980 5403 eum,
3018 5337 3073 5390 id
3105 5347 3178 5388 est
3210 5334 3449 5397 anetum,

1869 5406 2173 5460 denominat
2203 5417 2573 5477 :unguentum
2627 5408 2770 5461 enim
2819 5408 3046 5477 effusum
3093 5403 3448 5474 signiﬁcatur!

1869 5422 2173 5460 aenommat
2203 5422 2222 5459 :
2248 5422 2317 5458 un
2358 5422 2471 5459 ueni

1869 5478 2163 5530 unctionem
2199 5422 2471 5544 pro/iacere.

1940 5545 2054 5618 (54)
2073 5546 2220 5619 Duos
2259 5556 2457 5619 tropos,
2490 5546 2557 5619 id
2586 5556 2670 5601 est
2718 5548 2852 5603 duos
2897 5546 3214 5619 allegoricos
3238 5557 3445 5619 sensus.

1874 5614 2044 5672 Vetus
2073 5617 2271 5686 interp.
2295 5614 2506 5673 vertita
2530 5618 2663 5671 duos
2695 5621 2905 5674 modos.
2930 5637 2950 5670 ι
3006 5614 3029 5619 ⁷
3282 5614 3290 5626 ’

1941 5686 2053 5757 (55)
2088 5686 2255 5746 Codd.
2295 5688 2495 5744 habent
2526 5688 2623 5742 καὶ
2656 5686 2777 5742 θαν.
