3862 6270
264 270 277 277 “
325 298 400 361 39
1447 279 1770 337 PHILONIS
1810 277 2124 337 EPISCOPI
2162 277 2491 337 CARPASII
3534 271 3608 328 ιο

330 423 436 483 est,
488 414 630 468 bono
681 410 902 482 pietatis
948 408 1117 466 odore
1172 404 1458 460 universus
1527 402 1780 471 perfusus
1836 409 1920 457 est

2048 418 2147 465 ,ους
2185 401 2464 471 χυθείσης,
2508 395 2631 460 ὅλος
2670 395 2701 451 ό
2735 393 2942 466 κόσμος
2978 394 3047 465 τῇ
3087 388 3342 462 εὐσεϐείᾳ
3375 388 3608 444 εὐωδιά-

347 505 604 568 nuntius,
652 500 1120 572 quemadmodum
1185 510 1325 552 unus
1393 509 1461 549 ex
1518 494 1587 549 iis
1656 492 1908 549 Paulus:

337 594 616 661 «Christi,
674 593 870 663 inquit,
925 591 1101 647 bonus
1145 588 1280 643 odor
1337 600 1528 642 sumus
1578 586 1630 640 in
1674 584 1759 640 his
1819 584 1914 655 qui

333 689 472 743 salvi
500 687 657 752 ﬁunt,
687 698 741 740 et
773 685 828 739 in
870 685 938 738 iis
966 684 1056 752 qui
1082 689 1348 751 pereunt:
1374 678 1495 733 aliis
1523 678 1740 748 quidem
1783 679 1918 732 odor

335 782 531 836 mortis
555 780 611 834 in
640 788 893 841 mortem,
920 776 1006 831 his
1029 782 1210 829 autem
1232 773 1366 828 odor
1393 772 1516 826 vitae
1547 771 1601 825 in
1629 770 1793 825 vitam
1810 769 1910 822 ³ο.»

336 868 482 928 Idem
522 873 659 927 odor
703 868 991 925 suavitatis
1034 866 1157 921 aliis
1188 865 1405 936 quidem
1433 864 1487 919 in
1518 871 1769 928 mortem,
1798 862 1919 917 aliis

336 964 392 1019 in
420 962 588 1016 vitam
616 961 856 1017 suaviter
885 955 1014 1012 olet.
1057 955 1204 1012 Odor
1249 954 1395 1009 enim
1441 954 1635 1008 mortis
1663 953 1730 1007 iis
1763 958 1923 1006 erant

337 1054 589 1124 apostoli,
635 1054 727 1122 qui
760 1066 819 1106 se
849 1051 1335 1119 persequebantur,
1378 1044 1711 1118 allligchaut,
1749 1043 1922 1112 conji-

339 1145 556 1200 ciebaut
603 1143 657 1197 in
694 1140 941 1207 vincula;
981 1154 1172 1193 rursus
1204 1138 1327 1192 vita:
1374 1136 1511 1191 odor
1553 1132 1919 1195 credentibus,

340 1238 431 1309 qui
460 1216 605 1308 digni
631 1235 799 1290 habiti
821 1243 950 1289 sunt
986 1230 1423 1303 praedicationem
1463 1228 1762 1297 suscipere,
1801 1224 1924 1297 qui-

339 1347 449 1402 que
504 1330 663 1385 ﬁdent
694 1327 920 1397 iustitiae
966 1324 1223 1396 operibus
1275 1321 1691 1377 conﬁrmabant.
1763 1318 1923 1374 «Uu-

342 1428 607 1495 guentum‘
635 1420 864 1476 eﬁ‘usum
895 1434 1092 1474 nomen
1123 1429 1296 1471 tuum.
1326 1434 1345 1468 ι
1392 1413 1593 1470 Eodem
1644 1413 1747 1479 hoc
1777 1420 1924 1465 textu

341 1514 720 1585 propheticum
756 1513 920 1567 etiam
957 1520 1174 1580 tropum
1220 1506 1492 1577 signiﬁcat
1519 1506 1692 1560 beata:
1724 1502 1923 1568 Mariae,

344 1622 465 1675 qua:
492 1605 751 1677 unguenti
774 1604 1053 1658 alabastro
1070 1599 1351 1657 contracto
1374 1599 1660 1653 Dominum
1682 1607 1926 1651 nostrum

342 1698 529 1755 Jesum
560 1698 838 1752 Christqu
874 1695 1162 1765 perunxit;
1194 1703 1249 1748 et
1280 1691 1411 1746 illud
1436 1699 1765 1763 unguentum
1796 1686 1928 1743 εαυ-

2019 492 2143 563 σθη·
2178 492 2253 558 ὡς
2279 492 2376 546 καὶ
2410 484 2493 553 εἷς
2520 488 2581 554 ἐξ
2608 486 2787 544 αὐτῶν
2814 485 3045 550 Παῦλος·
3080 503 3100 537 ι
3131 481 3372 554 Χριστοῦ
3405 480 3604 535 εὐωδία

2018 581 2184 650 ἐσμὲν
2218 582 2276 634 ἐν
2312 581 2426 641 τοῖς
2452 577 2782 647 σωζομένοις
2810 576 2909 631 καὶ
2950 576 3009 629 ἐν
3041 576 3154 638 τοῖς
3187 570 3602 642 ἀπολλυμένοις

2018 667 2100 737 οἷς
2143 673 2242 744 μὲν
2283 673 2429 744 ὀσμὴ
2465 674 2531 726 ὲκ
2572 671 2684 741 (56)
2727 670 2959 724 θανάτου
2988 670 3093 730 είς
3141 666 3393 723 θάνατον·
3425 661 3505 730 οἷς
3553 662 3605 719 δὲ

2017 766 2163 838 ὀσμὴ
2218 767 2284 819 ὲκ
2339 766 2487 837 ζωῆς
2538 765 2619 827 είς
2668 763 2835 834 ζωήν.
2876 780 2895 814 ι
2934 762 2999 814 Ἦ
3030 760 3169 830 αὐτὴ
3202 762 3347 831 ὀσμὴ
3385 758 3485 830 τῆς
3515 757 3606 811 εύ-

2020 858 2205 922 ωδίας,
2239 851 2322 921 οἷς
2357 856 2457 927 μὲν
2505 858 2586 920 είς
2623 854 2875 920 θάνατον,
2897 848 2978 916 οἷς
3004 851 3063 905 δὲ
3092 853 3172 915 είς
3209 849 3356 923 ζωὴν
3385 848 3618 904 εύωδιά-

2023 951 2125 1017 ζει.
2162 948 2339 1022 Ὀσμὴ
2376 948 2486 1021 γάρ
2509 947 2742 1003 θανάτου
2766 942 2909 1018 ἦσαν
2934 945 2981 998 oi
3007 941 3297 997 ἀπόστολοι
3331 943 3445 1004 τοῖς
3480 937 3618 993 διώ-

2023 1059 2179 1097 κουσι
2232 1043 2325 1095 καὶ
2368 1039 2611 1093 θλίϐουσι
2653 1038 2748 1091 κα)⁵
2794 1033 3136 1107 δεσμεύουσιο
3178 1033 3324 1104 ὀσμὴ
3367 1031 3426 1085 δὲ
3466 1029 3621 1100 ζωῆς

2024 1134 2187 1188 πάλιν
2220 1135 2333 1197 τοῖς
2377 1130 2714 1196 πιστεύουσι,
2766 1132 2883 1193 τοῖς
2925 1128 2990 1181 τὸ
3042 1128 3305 1199 κήρυγμα
3358 1122 3621 1191 δέξασθαι

2025 1224 2472 1296 καταξιουμένοις
2506 1222 2640 1293 (57),
2674 1224 2787 1285 τοῖς
2835 1219 2934 1291 τὴν
2979 1219 3162 1272 πίστιν
3209 1219 3269 1270 ὲν
3308 1216 3489 1288 ἔργοις
3537 1214 3623 1268 δι-

2025 1313 2322 1387 καιοσύνης
2385 1310 2710 1385 βεϐαιοῦσιν.
2779 1327 2799 1361 ι
2842 1307 3030 1380 Μύρον
3069 1306 3373 1362 ὲκκενωθὲν
3442 1304 3624 1375 ὄνομά

2029 1427 2143 1464 σου.
2190 1428 2211 1462 ι
2256 1409 2346 1463 Ἐν
2380 1405 2567 1478 ταυτῷ
2587 1406 2644 1459 δὲ
2683 1403 3023 1475 προφητικὸν
3052 1402 3308 1475 σημαίνει
3346 1401 3456 1474 (58)
3488 1400 3625 1470 τρό‹

2027 1521 2130 1558 πον
2154 1503 2375 1574 καὶτῆς
2406 1502 2685 1573 μακαρίας
2717 1499 2959 1571 Μαρίας,
2997 1498 3121 1568 ἥτις
3180 1495 3518 1567 συντρίψασα
3557 1492 3628 1547 τὸ

2028 1596 2369 1668 ἀλάϐαστρον
2410 1593 2505 1648 τοῦ
2553 1594 2723 1665 μύρου
2746 1590 2936 1664 ἤλειφε
2971 1590 3063 1644 τὸν
3087 1588 3292 1660 Κύριον
3323 1588 3480 1661 ⁴ἡμῶν
3512 1589 3628 1658 Ἰη-

2034 1688 2160 1742 σοῦν
2218 1686 2472 1758 Χριστόν·
2525 1687 2746 1741 κάκεῖνο
2792 1682 2856 1737 τὸ
2902 1682 3074 1755 μύρον
3110 1681 3412 1736 ὲκκενωθὲν
3445 1681 3625 1751 ὄνομα

344 1808 465 1849 sum
496 1791 708 1846 celebre
755 1789 880 1853 fuit,
935 1796 995 1842 ut
1042 1786 1181 1843 dixit
1211 1785 1505 1841 Christus:
1544 1800 1564 1834 σ
1593 1784 1763 1837 Amen
1810 1780 1932 1836 dico

2048 1777 2190 1849 ἔσχεν
2229 1777 2380 1848 (59).
2423 1776 2499 1840 ὡς
2553 1779 2581 1830 ό
2639 1774 2845 1846 Κύριος
2902 1774 3116 1843 ἔλεγεν
3179 1792 3196 1825 t
3254 1773 3425 1846 ’Δμὴν
3476 1772 3629 1842 λέγω

346 1884 523 1949 vobis,
550 1881 856 1950 ubicunque
879 1878 1230 1949 prtedicatum
1264 1876 1427 1931 fuerit
1454 1877 1555 1930 hoc
1582 1872 1930 1942 Evangeliuin

346 1972 405 2028 in
439 1972 695 2027 universo
735 1970 959 2031 mundo,
993 1966 1209 2020 dicetur
1251 1973 1308 2019 et
1355 1963 1504 2033 quod
1546 1964 1662 2018 haec
1710 1962 1837 2016 fecit
1878 1962 1931 2014 in

347 2065 466 2134 ejus
520 2059 929 2117 memoriam“.
963 2079 982 2112 ι
1018 2058 1136 2115 Hos
1168 2056 1305 2112 duos
1359 2055 1686 2125 allegoricos
1741 2067 1935 2109 sensus

347 2156 607 2212 existimo
662 2164 874 2208 sacram
934 2151 1077 2206 hanc
1129 2148 1470 2219 Scripturatu
1513 2146 1759 2201 iudicare
1808 2159 1933 2200 eum

348 2248 481 2305 dicit
512 2264 529 2304 :
567 2263 589 2298 ‹
620 2239 967 2315 Unguentum
1019 2240 1252 2297 effusum
1315 2254 1515 2295 nomen
1580 2247 1734 2293 tuum
1768 2254 1783 2291 :
1813 2235 1936 2292 ideo

349 2339 773 2398 adolescentulze
821 2335 1132 2391 dilexerunt
1178 2343 1251 2387 te.
1279 2349 1299 2384 ι
1336 2330 1601 2398 Quoniam
1639 2329 1809 2394 enim,
1853 2327 1937 2382 iu-

230 2444 235 2453 '
350 2432 492 2505 quit,
538 2442 769 2499 regnum
805 2435 956 2481 tuum
1002 2431 1059 2478 et
1109 2423 1390 2477 incarnata
1445 2419 1732 2490 praesentia
1767 2419 1940 2471 instar

352 2520 614 2595 unguenti
673 2517 832 2575 eﬂ’usi
890 2516 1205 2571 universum
1260 2512 1523 2567 mundum
1581 2512 1723 2565 bono
1771 2510 1940 2565 odore

351 2615 615 2689 pet-ludit,
640 2621 929 2682 propterea
973 2604 1394 2663 adulescentula:
1420 2604 1726 2659 dilexerunt
1755 2612 1841 2671 te;
1883 2601 1939 2656 id

352 2716 438 2765 est
497 2706 691 2760 animae
744 2702 1037 2773 iustorum.
1105 2697 1293 2768 Neque
1339 2712 1467 2751 vero
1521 2706 1676 2764 putes
1725 2708 1937 2749 sacram

357 2800 699 2868 Scripturatu
746 2795 814 2850 de
871 2790 1190 2847 mulieribus
1242 2797 1455 2843 tantum
1516 2784 1941 2841 adolescentulis

354 2890 534 2961 loqui;
579 2889 674 2945 sed
711 2887 877 2942 etiam
927 2886 1071 2939 inter
1107 2881 1364 2936 mulieres
1416 2880 1720 2949 reperimus
1753 2878 1941 2933 adole-

357 2982 653 3045 scentulas,
682 2994 791 3034 non
839 2990 1086 3046 corpore,
1148 2978 1362 3044 (neque
1406 2972 1553 3027 enim
1593 2971 1821 3041 quaestio
1859 2979 1944 3025 est

359 3082 571 3130 tantum
652 3073 719 3126 de
781 3081 1054 3138 corpore:
1087 3083 1108 3118 ι
1137 3064 1281 3120 Caro
1337 3064 1481 3118 enim
1555 3077 1663 3117 nou
1723 3061 1943 3131 prodest

359 3169 690 3239 quidquam;
750 3164 974 3233 spiritus
1009 3169 1190 3216 autem
1215 3157 1456 3212 viviﬁcat
1483 3154 1586 3226 ³⁸),
1610 3175 1630 3208 ι
1687 3155 1782 3209 sed
1837 3154 1943 3208 ﬁde

365 3254 825 3316 adolescentulas.
867 3253 1002 3309 Vide
1031 3250 1491 3307 adolescentulam
1526 3249 1690 3314 illam,
1715 3262 1946 3317 corpore

362 3349 579 3423 quidem
625 3364 850 3418 aegram,
900 3347 1095 3401 auium
1137 3332 1265 3399 vero
1312 3338 1416 3397 ﬁde
1445 3340 1676 3397 validam
1707 3342 1944 3396 Immer-

364 3443 656 3506 rhoissam,
708 3455 831 3511 quae
874 3452 998 3494 cum
1048 3447 1199 3492 retro
1249 3436 1519 3505 tetigisset
1560 3444 1766 3489 vestem
1793 3432 1944 3500 Jesu,

366 3535 648 3606 sanguinis
676 3532 881 3588 fluxum
924 3530 1161 3585 inhibuit
1188 3545 1294 3584 non
1320 3529 1568 3596 corporis
1610 3529 1828 3594 robore,
1853 3527 1948 3583 sed

368 3629 497 3684 ﬁdei
526 3629 726 3682 virtute
761 3626 826 3680 ³⁸.
853 3623 967 3678 Non
999 3624 1143 3677 enim
1181 3624 1376 3677 robore
1413 3621 1685 3690 corporis,
1714 3621 1809 3676 sed
1846 3636 1946 3674 va-

367 3723 479 3777 lido
514 3721 636 3775 ﬁdei
671 3718 864 3789 spiritu
890 3716 1221 3771 inﬁrmitatis
1251 3714 1444 3769 morbo
1474 3714 1636 3768 ﬁnem
1668 3714 1943 3783 imposuit.

369 3814 496 3870 Haec
536 3810 936 3866 adolescentula
982 3809 1152 3861 traxit
1194 3806 1369 3875 ipsum
1404 3813 1552 3858 retro
1599 3813 1856 3874 tangens,
1892 3811 1953 3856 ut

371 3907 426 3962 in
473 3919 538 3960 ea
573 3903 891 3974 impleretur
922 3900 1068 3970 quod
1120 3899 1386 3966 scriptum
1434 3904 1565 3951 est:
1605 3913 1625 3946 ι
1659 3894 1950 3964 Propterea

372 3993 794 4051 adolescentula:
820 3992 1122 4047 dilexerunt
1164 3999 1237 4055 te,
1281 3995 1563 4042 traxerunt
1595 3996 1647 4042 te
1674 3994 1797 4057 post
1822 3994 1894 4041 te.
1926 4004 1947 4038 ο

373 4088 442 4144 Ει
467 4088 571 4142 alia
603 4100 794 4141 rursus
835 4080 1234 4140 adolescentula
1285 4091 1433 4136 retro
1471 4091 1593 4150 post
1630 4078 1814 4135 Jesum
1842 4078 1955 4134 cla-

375 4182 561 4236 mabat
580 4179 909 4241 Chananzea,
936 4175 1075 4246 Syro
1100 4172 1379 4228 Phteuissa
1408 4186 1627 4244 genere,
1645 4172 1956 4227 adolescet].

376 4273 489 4327 tula
543 4285 669 4326 vero
737 4270 842 4323 ﬁde
875 4284 890 4322 :
922 4278 978 4322 et
1031 4266 1284 4336 discipuli
1350 4265 1571 4335 quidem
1639 4264 1891 4319 dicebant
1936 4280 1951 4318 :

380 4385 401 4418 ι
431 4364 657 4419 Dimitte
703 4362 869 4427 illam,
921 4360 1046 4431 quia
1091 4359 1292 4414 clamat
1343 4369 1465 4428 post
1518 4373 1617 4413 nos
1663 4356 1729 4413 “.
1761 4375 1781 4409 ι
1837 4357 1955 4429 ipsa

2033 1871 2185 1942 ὑμῖν,
2214 1870 2350 1923 ὅπου
2378 1869 2472 1923 ἐὰν
2506 1868 2755 1941 κηρυχθῇ
2781 1868 2844 1921 τὸ
2865 1867 3202 1937 Εὑαγγέλιον
3232 1866 3391 1920 τοῦτο
3428 1868 3487 1921 ὲν
3514 1865 3630 1938 ὅλῳ

2031 1964 2110 2035 τῷ
2136 1964 2349 2035 κόσμῳ,
2374 1962 2741 2033 λαληθήσεται
2768 1962 2864 2014 καὶ
2888 1960 2916 2014 ὃ
2938 1961 3194 2031 ἐποίησεν
3215 1957 3356 2029 αὕτη
3385 1959 3464 2022 εἰς
3487 1975 3631 2029 μνη⁹

2037 2054 2266 2125 μόσυνον
2308 2054 2500 2124 αὐτῆς.
2537 2072 2555 2105 ι
2591 2051 2827 2115 Τούτους
2873 2053 3002 2115 τοὺς
3052 2051 3145 2104 δύο
3193 2050 3426 2123 τρόπους
3467 2044 3631 2120 οἶμαι

2035 2146 2438 2221 ὑποσημαίνειν
2468 2145 2566 2217 τὴν
2599 2143 2750 2198 θείαν
2773 2141 2980 2215 ταύτην
3003 2141 3246 2213 Γραφὴν,
3274 2134 3590 2211 φάσκουσαν
3612 2157 3626 2173 ·

2042 2258 2061 2291 ι
2100 2238 2288 2308 Μύρον
2314 2236 2617 2292 ὲκκενωθὲν
2655 2236 2715 2289 τὸ
2732 2234 2906 2307 ὄνομα
2934 2251 3051 2288 σου’
3078 2232 3167 2287 διά
3192 2231 3353 2286 τοῦτο
3386 2231 3635 2295 νεάνιδες

2035 2331 2332 2404 ἠγάπησαν
2355 2348 2437 2384 σε.
2469 2350 2488 2382 ι
2527 2329 2746 2401 Ἐπειδὴ
2767 2328 2897 2401 γὰρ,
2927 2329 3080 2399 φησι,
3104 2328 3137 2398 ἡ
3168 2325 3237 2397 σὴ
3260 2325 3507 2397 βασιλεία
3532 2324 3637 2378 καὶ

2037 2422 2302 2493 ἔνσαρκος
2352 2420 2626 2492 παρουσία
2663 2419 2837 2491 μύρου
2882 2418 3040 2480 δίκην
3082 2414 3481 2478 ὲκκενωθέντος
3506 2414 3637 2469 ὅλον

2039 2515 2334 2569 εὐωδίασεν
2355 2514 2448 2567 τὸν
2482 2513 2710 2583 κόσμον,
2749 2511 2841 2566 διά
2875 2510 3036 2565 τοῦτο
3062 2508 3302 2573 νεάνιδες
3332 2507 3637 2581 ἠγάπησαν

2043 2624 2134 2661 σε·
2167 2609 2305 2679 ὅπερ
2341 2607 2512 2669 ἐστὶν,
2538 2606 2597 2658 αί
2631 2603 2801 2675 ψυχαὶ
2833 2602 2944 2656 τῶν
2971 2602 3213 2656 δικαίων.
3256 2600 3348 2672 Μὴ
3387 2601 3497 2673 γάρ
3537 2616 3638 2672 μοι

2040 2698 2230 2770 νόμιζε
2254 2700 2413 2770 μόνον
2443 2696 2689 2760 νεάνιδας
2709 2695 2810 2760 τὰς
2843 2697 3108 2766 γυναῖκας
3130 2694 3312 2763 λέγειν
3337 2694 3438 2766 τὴν
3466 2693 3640 2762 ἁγίαν

2041 2795 2289 2867 Γραφήνο
2322 2790 2459 2845 ἀλλά
2494 2791 2590 2845 καὶ
2616 2794 2675 2844 ὲν
2714 2788 2930 2859 γυναιξὶ
2966 2789 3065 2861 μὲν
3099 2790 3344 2854 νεάνιδας
3377 2789 3639 2861 εὑρίσκο-

2046 2902 2145 2959 μεν
2168 2886 2230 2939 ού
2255 2884 2333 2956 τῷ
2356 2884 2569 2955 σώματι
2595 2882 2674 2955 (οὐ
2706 2883 2816 2955 γὰρ
2847 2884 2916 2937 τὰ
2945 2881 3041 2936 τοῦ
3072 2882 3323 2953 σώματος
3356 2883 3515 2954 μόνον
3544 2882 3641 2954 ζη-

2042 2981 2215 3032 τεῖται
2238 2995 2252 3010 ο
2293 2997 2311 3029 ι
2346 2977 2415 3030 Ἠ
2447 2975 2586 3048 σὰρξ
2609 2974 2721 3047 γὰρ
2752 2975 2904 3028 οὐδὲν
2931 2974 3153 3046 (iugale?
3177 2975 3239 3029 τὸ
3267 2975 3485 3047 πνεῦμά
3516 2976 3643 3029 ἐστι

2044 3068 2107 3122 τδ
2132 3066 2451 3133 ζωοποιοῦν,
2481 3066 2526 3137 ι)
2552 3064 2691 3120 ἀλλὰ
2733 3064 2914 3117 πίστει
2952 3064 3216 3127 νεάνιδας.
3253 3063 3426 3118 Βλέπε
3457 3066 3644 3119 νεάνι-

2045 3160 2110 3213 δα
2145 3160 2362 3231 ὲκείνην
2412 3158 2512 3231 τὴν
2549 3157 2628 3229 τῷ
2657 3155 2869 3228 σώματι
2905 3155 3323 3229 ἀσθενεστέραν,
3364 3155 3543 3227 ψυχῆς
3579 3157 3643 3211 δὲ

2049 3252 2229 3307 πίστει
2288 3252 2643 3323 ίσχυροτέραν
2696 3249 2833 3320 (60),
2866 3248 2965 3321 τὴν
3022 3248 3444 3322 αίμορῤοοῦσαν,
3510 3250 3643 3320 ἥτις

2049 3344 2304 3418 ἁψαμένη
2331 3343 2440 3397 τῶν
2470 3343 2703 3415 ἱματίων
2728 3342 2952 3395 ὖπισθεν
2973 3341 3070 3395 τοῦ
3111 3341 3308 3412 Ἰησοῦ,
3345 3342 3445 3414 τὴν
3473 3342 3644 3413 αἱμά-

2048 3457 2157 3495 των
2195 3438 2391 3508 ἐστησε
2419 3435 2529 3508 (61)
2572 3434 2749 3507 ῥύσιν,
2791 3434 2853 3488 οὐ
2890 3433 3141 3507 σώματος
3186 3435 3353 3506 ίσχύῖ,
3384 3435 3521 3491 ἀλλὰ
3548 3438 3643 3491 πί-

2051 3548 2222 3594 στεως
2278 3529 2527 3598 δυνάμει.
2573 3526 2649 3581 Οὐ
2698 3525 2806 3598 γὰρ
2851 3529 3233 3602 νεανιευομένη
3282 3527 3360 3600 τῷ
3401 3528 3642 3601 σώματι,

2050 3622 2281 3693 νεανικῷ
2312 3623 2370 3675 δὲ
2401 3620 2481 3692 τῷ
2528 3622 2628 3691 τῆς
2680 3621 2917 3685 πίστεως
2964 3624 3291 3694 φρονήματι,
3321 3622 3494 3695 πέρας
3538 3624 3644 3676 ὲπ-

2054 3717 2220 3789 έθηκε
2259 3714 2338 3787 τῷ
2388 3714 2488 3786 τῆς
2541 3713 2825 3776 ἀσθενείας
2875 3715 3177 3785 νοσήματι·
3231 3713 3373 3786 αὕτη
3424 3717 3457 3787 ἡ
3511 3718 3645 3771 vsa.

2053 3827 2136 3873 νις
2169 3808 2421 3862 εἵλκυσεν
2448 3806 2629 3870 αὐτὸν,
2668 3804 2892 3860 ϐπισθεν
2916 3806 3191 3877 ἁψαμένη
3224 3806 3299 3871 ὡς
3324 3808 3419 3861 καὶ
3439 3810 3519 3872 είς
3545 3810 3644 3862 αύ-

2053 3900 2151 3972 τὴν
2207 3900 2549 3973 πληροῦσθαι
2601 3900 2665 3953 τὸ
2702 3900 3108 3972 γεγραμμένον·
3162 3920 3181 3951 ι
3222 3900 3322 3955 Διά
3362 3901 3522 3955 τοῦτο
3587 3906 3647 3957 αἱ

2057 3992 2303 4055 νεάνιδες
2359 3990 2652 4063 ὴγάπησάν
2713 4007 2794 4044 σε·
2851 3990 3106 4045 εἵλκυσάν
3137 4008 3197 4045 σε
3236 3992 3411 4047 ὀπίσω
3460 4011 3578 4048 σου.
3620 4015 3641 4047 ι

2058 4086 2169 4140 Καὶ
2207 4086 2370 4157 ἑτέρα
2401 4086 2460 4140 δὲ
2487 4085 2653 4140 πάλιν
2684 4086 2867 4149 νεᾶνις
2895 4084 3116 4139 ὄπισθεν
3139 4085 3371 4165 ἔκραζεν
3401 4087 3496 4142 τοῦ
3537 4089 3646 4161 Ἰη-

2061 4178 2176 4245 σοῦ,
2203 4180 2237 4251 ὴ
2271 4179 2555 4234 Χαναναία
2583 4181 2619 4251 ἡ
2652 4179 3048 4251 Συροφοίνισσα
3076 4179 3187 4252 (62)
3213 4180 3293 4252 τῷ
3319 4182 3487 4251 γένει,
3518 4184 3648 4237 νεᾶ-

2058 4290 2139 4337 νις
2170 4272 2227 4327 δὲ
2249 4274 2317 4345 τῇ
2350 4273 2553 4328 πίστειο
2576 4273 2671 4328 καὶ
2695 4274 2745 4326 οἱ
2772 4272 2871 4345 μὲν
2905 4273 3145 4345 μαθηταὶ
3180 4275 3384 4344 ἔλεγοψ
3419 4295 3437 4327 ‹
3487 4277 3649 4332 Ἀπό-

2058 4365 2218 4420 λυσον
2246 4366 2436 4437 αὐτὴν,
2470 4365 2553 4419 ὅτι
2587 4365 2783 4437 κράζει
2815 4364 3040 4420 ὄπισθεν
3068 4366 3245 4438 ἡμῶν.
3286 4388 3304 4421 ι
3345 4369 3456 4423 Καὶ
3508 4370 3649 4444 αὐτὴ

377 4458 545 4528 igitur
570 4467 717 4510 retro
741 4453 928 4509 Jesum
959 4452 1148 4517 traxit,
1171 4452 1258 4507 cui
1290 4452 1406 4521 ipse
1429 4451 1597 4505 dixit:
1624 4468 1645 4502 ι
1666 4448 1780 4504 Νοιι
1802 4450 1940 4505 decet

2060 4451 2153 4510 οὖν
2179 4456 2403 4511 ὄπισθεν
2431 4457 2649 4511 εἵλκυσε
2674 4459 2766 4513 τὸν
2812 4458 3039 4530 Ἰησοῦν·
3073 4460 3209 4533 πρὸς
3239 4461 3304 4532 ἢν
3329 4461 3490 4528 αὐτὸς
3521 4463 3648 4536 ἔφη·

379 4550 567 4605 tullere
602 4565 796 4618 pauent
845 4546 994 4611 ﬁliis,
1044 4554 1100 4599 et
1144 4544 1412 4614 projicere
1451 4544 1678 4598 canibus
1705 4542 1773 4595 ³⁸.
1804 4559 1824 4594 ι
1860 4542 1954 4597 llla

377 4659 508 4699 vero
533 4640 933 4697 adulescentula
977 4639 1154 4693 adhuc
1203 4639 1325 4699 lide,
1359 4638 1613 4690 iunovata
1643 4644 1823 4689 tamen
1850 4636 1959 4704 spi-

450 4755 497 4786 ³⁶
533 4754 573 4809 ll
601 4754 729 4809 Cor.
757 4768 818 4815 tt,
852 4752 941 4818 i5,
969 4751 1054 4806 16.
1132 4750 1175 4782 ³⁸
1208 4750 1398 4806 Matth.
1426 4766 1576 4817 xxvr,
1603 4750 1688 4804 15.
1763 4750 1809 4782 ⁸⁸
1841 4747 2000 4806 Joau.
2032 4768 2104 4816 \‘l,
2139 4752 2225 4807 65.

378 4826 471 4882 26.

452 4914 566 4987 (56)
593 4914 875 4984 Prmposit.
924 4917 990 4970 ὲκ
1027 4917 1180 4972 abest
1208 4931 1240 4970 a
1274 4913 1340 4987 Ν.
1373 4913 1438 4968 Τ.
1470 4913 1612 4984 typis
1655 4912 1946 4987 impresso.

378 4985 513 5043 Eam
556 4999 738 5041 tamen
784 4988 1027 5055 agnoscit
1062 4998 1221 5042 vetus
1270 4986 1557 5053 interpres,
1604 4985 1698 5053 qui
1740 4988 1948 5055 vertit:

385 5077 407 5112 ι
430 5057 555 5111 aliis
587 5056 806 5127 quidem
823 5052 969 5111 bdor
1001 5059 1066 5113 de
1113 5066 1290 5111 morte
1315 5058 1381 5110 ad
1416 5052 1669 5121 mortem,
1704 5052 1827 5121 aliis
1856 5069 1957 5109 au-

381 5138 490 5184 tem
525 5128 659 5182 odor
681 5128 747 5182 de
772 5128 882 5181 vita
912 5129 979 5181 ad
1004 5129 1190 5182 vitam.
1216 5147 1236 5179 ι

452 5199 569 5269 (57)
594 5196 740 5269 Lego
768 5195 1217 5269 κατηξιωμένοις.

594 5267 731 5341 Male
764 5266 1042 5341 Barberin‘.
1072 5277 1128 5341 et.
1154 5283 1307 5341 meus
1341 5266 1603 5341 σιμαίνει.

456 5337 572 5409 (59)
606 5339 827 5409 Ὄᾲνομα
857 5337 1047 5408 ἔσχεν
1087 5337 1499 5409 locutio_probaa
1525 5348 1684 5394 notae.
1720 5337 1874 5394 Plato
1910 5338 1965 5393 in

386 5404 586 5479 Hippia
622 5404 781 5481 Μαί,
812 5404 1050 5479 pag-'95,
1081 5408 1251 5478 f.,dt<p’
1384 5408 1445 5462 τὸ
1465 5408 1636 5479 όνομα
1675 5408 1821 5481 ἔσχε,
1854 5428 1873 5461 ‹
1897 5424 1963 5481 ex

387 5481 583 5548 quibus
610 5478 833 5549 gloriam
858 5481 1083 5549 adeptus
1111 5490 1216 5534 est.
1243 5497 1262 5531 ι
1302 5478 1427 5534 Haec
1454 5478 1585 5534 vero
1610 5498 1622 5534 :
1653 5478 1875 5534 κάκεῖνο
1904 5479 1967 5533 τὸ

393 5548 563 5621 μύρον
602 5552 723 5603 ὲκκ.
768 5549 940 5621 ὖνομα
964 5548 1164 5621 ίέσχεν,
1202 5549 1278 5613 ὡς
1309 5551 1339 5603 ὁ
1378 5549 1583 5620 Κύριος
1627 5550 1834 5619 ἔλεγεν,
1873 5552 1968 5605 ab-

390 5629 520 5674 sunt
545 5635 575 5672 a
602 5621 770 5674 veteri
802 5622 1272 5690 interpretatione,
1297 5635 1417 5689 qua:
1454 5632 1634 5676 tamen
1658 5622 1965 5679 necessaria

389 5698 539 5746 sunt.
581 5690 637 5744 Si
661 5692 805 5744 enim
831 5694 1027 5757 desint,
1067 5693 1339 5759 quomodo
1383 5692 1708 5756 coluereant,
1738 5706 1858 5760 quae
1879 5707 1968 5748 se-

397 5760 671 5831 quuntur?
703 5780 722 5813 ι
746 5760 853 5818 llos
879 5763 1015 5819 duos
1045 5761 1361 5830 allegoricos
1394 5776 1608 5829 sensus,
1636 5781 1654 5815 ι
1683 5772 1788 5817 etc.

2069 4566 2087 4599 ι
2119 4548 2234 4601 Ούκ
2272 4546 2389 4600 ἐστι
2434 4548 2599 4602 καλὸν
2627 4548 2813 4603 λαϐεῖν
2847 4549 2940 4603 τὸν
2968 4550 3131 4621 ἄρτον
3156 4553 3271 4613 τοῖς
3294 4550 3526 4617 τέκνοις,
3553 4552 3655 4606 καὶ

2070 4638 2250 4709 βαλεῖν
2286 4640 2399 4703 τοῖς
2435 4641 2735 4712 κυναρίοις.
2774 4660 2792 4692 ι
2835 4642 2901 4695 Ἦ
2931 4641 2987 4695 δὲ
3013 4644 3193 4706 νεᾶνις
3229 4642 3339 4712 (65)
3385 4642 3465 4714 τῷ
3488 4646 3655 4697 πνεύ-
3688 4692 3707 4708 κ

2304 4752 2794 4821 ’διιειιιιι.ιχ,εο.
2871 4756 3360 4827 ιιιιειιιιιηινβδ.
3438 4759 3485 4791 ιι
3518 4761 3646 4816 ibid.

2128 4914 2244 4986 (60)
2268 4913 2495 4969 Barbar.
2514 4921 2569 4969 et
2593 4930 2746 4971 meus
2768 4930 2957 4971 vocem
2986 4915 3135 4971 nihili
3183 4917 3384 4972 habent
3419 4931 3647 4971 πιστειο-

2060 4986 2363 5057 χρωτέραν,
2395 5001 2558 5053 quam
2581 4987 2860 5041 emendavi
2892 4988 2943 5041 in
2976 4996 3144 5042 textu.
3173 5017 3243 5027 —
3270 4986 3435 5043 Codd.
3465 4988 3656 5041 lectio-

2062 5073 2186 5113 nem
2207 5057 2815 5128 retinuerim'equidem,
2833 5057 3056 5126 legendo
3079 5058 3260 5112 πίστει
3284 5058 3652 5128 ὀχυρωτέραν.

2138 5127 2248 5198 (6t)
2285 5127 2453 5199 Vetus
2479 5130 2655 5182 versio
2682 5127 2867 5199 habet,
2896 5131 3171 5199 sanguinis
3203 5127 3407 5199 ﬂuxum
3447 5127 3657 5196 repente

2067 5198 2355 5321 damnolvit.
2383 5198 2547 5251 Error
2583 5197 2927 5255 manifestus.
2961 5197 3273 5269 Legendum
3302 5199 3653 5264 crediderim,

2070 5284 2296 5321 sanant.

2070 5284 2296 5322 sanavu.

2145 5338 2257 5411 (62)
2290 5337 2516 5411 Bai-her.
2551 5348 2606 5393 et
2632 5353 2785 5394 meus
2817 5338 3300 5411 Συροφοινήκισσα.

2145 5410 2261 5491 (65)
2287 5409 2563 5491 Locus,_ut
2591 5419 2844 5491 apparet,
2862 5408 3376 5491 corruptus._Ego|i_u
3406 5408 3660 5491 versione

2072 5479 2262 5549 scripsi
2306 5491 2365 5533 ut
2410 5479 2728 5534 Salutatus:
2767 5499 2786 5532 ι
2817 5479 3262 5536 Adulescentula‘
3288 5479 3463 5536 adhuc
3526 5480 3655 5544 ﬁde.

2072 5552 2326 5606 iunovata
2373 5560 2551 5604 tamen
2602 5553 2794 5619 spiritu
2825 5561 2877 5603 et
2910 5552 3032 5607 lide.
3062 5570 3081 5602 ι
3122 5551 3277 5607 Unde
3312 5554 3521 5606 videtur
3560 5551 3655 5603 ha.

2073 5623 2264 5693 buisse
2300 5620 2515 5693 inusuo
2548 5624 2780 5693 codice:
2807 5621 2994 5693 Πίστει
3046 5622 3142 5693 μὲν
3173 5622 3253 5674 ἔτι
3290 5623 3489 5686 νεᾶνις,
3525 5622 3660 5674 ἀνα-

2072 5691 2336 5771 νεουμένη
2357 5691 2413 5777 δὲ
2448 5691 2525 5763 τῷ
2546 5690 2827 5761 Πνεύματι
2867 5691 2962 5745 καὶ
2993 5690 3058 5765 τῇ
3088 5693 3269 5746 πίστει
3294 5711 3307 5726 ·
3338 5703 3420 5751 est
3446 5692 3661 5762 phrasis

2076 5762 2323 5828 Paulina,
2357 5761 2552 5831 laphes.
2587 5776 2661 5829 tv,
2698 5762 2790 5817 25.

2123 5779 2323 5828 auttua,
2357 5779 2552 5829 upues.
2587 5779 2661 5829 tv,
2698 5779 2790 5817 Σο.
