3878 6270
382 334 456 393 ιτ
1496 332 1817 388 PlllLONIS
1851 328 2162 389 EPISCOPI
2199 331 2520 389 CARPASll
3356 296 3363 311 ’
3544 333 3636 391 ut

385 452 647 509 thesauri.
715 448 967 505 leestis
1017 448 1161 520 regis
1231 452 1658 519 promptuarium
1712 452 1916 505 ostendi

2105 449 2579 522 ιθησαυρίσματα.
2615 446 2721 501 Τοῦ
2749 448 2805 502 δὲ
2841 447 2955 519 (75)
2988 447 3308 519 ἐπουρανίου
3355 446 3636 517 βασιλέως

388 550 562 621 primo
607 561 727 601 esse
771 559 986 613 corpus,
1038 545 1090 598 in
1140 558 1249 611 quo
1294 545 1408 612 ipse
1472 561 1491 594 ι
1521 544 1805 598 aedificavit
1846 544 1919 595 sib

2103 544 2272 612 ιμείον
2322 542 2477 610 δῆλον
2518 542 2599 594 ὅτι
2640 541 2855 612 πρῶτον
2896 542 2993 612 μὲν
3029 541 3089 594 τὸ
3137 541 3325 611 σῶμα,
3369 559 3388 592 ι
3431 533 3475 608 ᾧ
3502 541 3634 613 (74)

384 640 602 693 donmm
658 635 744 690 “z
779 654 797 687 ι
852 636 1045 690 deinde
1103 636 1361 689 caelorum
1424 650 1672 707 regnum.
1727 635 1912 701 Quand

2107 634 2227 705 ιυτῷ
2257 634 2603 706 ᾠκοδόμησεν
2628 630 2776 688 οἶκον
2796 652 2808 664 ·
2848 653 2868 685 ι
2907 634 3097 688 ἔπειτα
3124 635 3180 687 δὲ
3212 634 3305 687 καὶ¹
3336 636 3370 705 ἡ
3396 633 3502 688 τῶν
3527 633 3638 687 οὐ·

387 733 549 800 igitur
606 728 857 785 Salvator
902 728 1081 783 dicit:
1123 744 1141 777 ι
1172 722 1320 783 Beati
1376 728 1466 795 qui
1519 727 1918 797 persecutionem

2103 725 2228 779 ινῶν
2274 726 2539 797 βασιλεία.
2585 726 2756 780 Ὅταν
2786 721 2881 778 οὖν
2920 725 3067 796 λέγει
3099 728 3129 780 ὁ
3166 728 3389 799 Σωτήρ·
3434 744 3454 777 ι
3492 727 3634 780 Μα-

388 824 666 891 patiuntur
713 828 933 891 propter
960 818 1246 886 justitiam,
1284 818 1539 887 quoniam
1584 818 1819 888 ipsorum
1870 833 1919 872 es

2107 818 2233 889 ἱριοι
2271 820 2319 871 oi
2365 817 2712 888 δεδιωγμένοι
2744 818 2928 871 ἕνεκεν
2959 817 3340 889 δικαιοσύνης,
3391 819 3474 872 ὅτι
3518 816 3638 872 αὐ-

388 930 611 984 rcgnum
644 914 903 969 caelorum
928 912 1010 974 ⁸¹;
1042 931 1060 963 ι
1099 911 1291 966 merito
1313 922 1367 966 et
1395 919 1786 979 consequenter
1812 925 1919 977 pne

2105 910 2162 962 ὗν
2197 910 2343 963 ἐστιν
2391 911 2424 981 ἡ
2457 909 2703 981 βασιλεία
2732 909 2841 963 τῶν
2887 910 3163 980 οὐρανῶν,
3199 927 3218 960 ι
3259 908 3482 972 εἰκότως
3524 907 3636 961 καὶ

389 1008 527 1060 dicta
569 1015 654 1060 est
696 1020 758 1059 ea
793 1020 893 1057 vox
928 1003 1024 1058 :hi
1053 1002 1197 1057 enim
1242 1003 1581 1056 intraverunt
1625 1001 1677 1054 in
1725 1015 1920 1068 regnun

2105 1006 2357 1072 ιολούθως
2392 1006 2713 1078 προείρηται
2751 1005 2847 1059 καὶ
2881 1004 3017 1076 αὐτὴ
3049 1007 3082 1074 ἡ
3117 1005 3268 1075 φωνή
3293 1022 3306 1034 ·
3341 998 3485 1059 οὗτοι
3510 1004 3636 1076 γὰρ

392 1097 672 1151 caelorum.
705 1093 967 1161 Quoniam
990 1107 1119 1148 vero
1142 1101 1197 1147 et
1226 1093 1322 1161 ipsi
1351 1091 1779 1161 persecutionem
1807 1106 1923 1159 pass

2106 1097 2298 1167 σῆλθον
2320 1097 2400 1161 εἰς
2431 1097 2529 1168 τὴν
2559 1096 2668 1149 τῶν
2690 1095 2933 1167 οὐρανῶν
2960 1095 3256 1165 βασιλείαν.
3294 1094 3637 1164 Ἐπειόήπερ

395 1194 522 1238 sunt
570 1192 789 1255 propter
814 1181 1110 1250 justitiam,
1166 1190 1446 1251 propterea
1490 1190 1545 1234 et
1588 1180 1859 1234 exsultant
1896 1179 1926 1230 ii

2108 1191 2147 1242 t‘t
2203 1189 2357 1243 αὐτοὶ
2393 1186 2724 1260 ἐδιώχθησαν
2773 1187 2959 1241 ἕνεκεν
2991 1186 3369 1257 δικαιοσύνης,
3409 1185 3490 1239 διὸ
3527 1187 3639 1239 καὶ

390 1276 504 1337 illo,
531 1286 585 1329 et
612 1274 862 1329 laetantur
887 1273 1120 1326 dicentes
1148 1289 1162 1324 :
1197 1289 1215 1322 ι
1242 1270 1663 1334 Exsultabimus,
1713 1277 1768 1322 et
1805 1268 1921 1322 lana

2100 1280 2411 1348 γαλλιῶνται
2465 1281 2522 1332 ὲν
2563 1278 2745 1349 αὐτῷ,
2788 1279 2881 1331 καὶ
2919 1276 3297 1349 εὐφραίνονται
3341 1277 3631 1346 λέγοντες·

390 1365 574 1420 bimur
640 1365 695 1419 in
758 1376 877 1419 te.»
944 1362 1202 1417 Videntes
1259 1373 1581 1416 :eternarmn
1649 1362 1921 1430 nuptiarum

2119 1370 2599 1442 Ἀγαλλιασώμεθα
2643 1370 2738 1423 καὶ
2766 1369 3156 1441 εὐφρανθῶμεν
3195 1371 3252 1422 ὲν
3291 1368 3392 1422 σοί.
3441 1388 3460 1419 ι
3493 1367 3639 1422 Βλέ-

388 1453 658 1519 laetitiam;
738 1453 980 1518 videntes
1058 1468 1178 1522 qua:
1248 1462 1545 1521 praeparata
1615 1462 1742 1504 sunt
1826 1462 1915 1503 aut

2109 1480 2244 1525 ιντες
2275 1464 2373 1535 τὴν
2411 1462 2519 1515 τῶν
2549 1461 2781 1516 αἰωνίων
2816 1462 3017 1532 χαράνο
3054 1461 3342 1530 βλέποντες
3373 1461 3441 1514 τὰ
3478 1463 3640 1530 ἡτοι-

388 1546 573 1600 tuundi
621 1544 1093 1608 constitutionem,
1136 1554 1191 1597 et
1241 1553 1521 1598 narrantes
1569 1541 1919 1613 promissione

2106 1552 2305 1624 ισμένα
2332 1552 2437 1623 πρὸ
2473 1552 2777 1622 καταϐολῆς
2804 1552 3033 1622 κόσμου,
3066 1552 3160 1606 καὶ
3190 1551 3637 1619 ἀπαγγέλλοντες

388 1637 573 1692 dicunt
607 1652 622 1689 :

2049 1644 2502 1713 τάς.ὲπαγγελίας
2519 1684 2535 1708 ,
2560 1644 2740 1715 φασίν·

458 1725 569 1780 VII.
606 1725 893 1796 Diligemus
915 1724 1075 1779 ubera
1105 1734 1195 1778 tua
1223 1740 1376 1793 super
1400 1725 1600 1778 vinum.

2123 1735 2196 1791 Z'.
2227 1732 2644 1803 Ἀγαπήσωμεν
2666 1732 2934 1801 μαστούς
2963 1745 3079 1785 σου
3110 1730 3263 1801 ὑπὲρ
3291 1727 3476 1785 οἶνον.

457 1818 514 1872 Id
538 1826 623 1871 est
655 1835 670 1871 :
707 1815 1005 1887 Diligemus
1028 1816 1133 1870 duo
1165 1804 1534 1878 Testamenta,
1567 1830 1665 1885 per
1701 1831 1820 1885 qua:
1849 1829 1949 1869 nos
1978 1805 1988 1860 Ῑ

2126 1825 2304 1895 Ὅπερ
2334 1824 2509 1877 ἐστίν·
2546 1824 2944 1892 Ἀγαπήσωμεν
2972 1822 3070 1887 τὰς
3101 1821 3193 1876 δύο
3222 1822 3517 1894 Διαθῆκας,
3555 1822 3632 1877 δι’

388 1910 590 1965 docens
632 1906 748 1963 Rex
794 1909 847 1962 iu
890 1907 1314 1978 promptuarimu
1373 1907 1668 1961 introduxit
1710 1908 1919 1962 cu'leste

2107 1932 2125 1968 ν
2162 1916 2309 1987 ἡμᾶς
2339 1916 2369 1967 ὁ
2416 1914 2669 1985 βασιλεὺς
2703 1913 3130 1984 παιδαγωγήσας
3150 1955 3166 1979 ,
3194 1915 3273 1976 είς
3300 1913 3361 1966 τὸ
3398 1916 3638 1983 ταμεῖον

388 2001 525 2056 Nam
556 2001 704 2069 quod.
742 2015 834 2066 per
874 2000 979 2053 duo
1027 1998 1371 2053 Testamenta
1426 2000 1687 2054 ctelornm
1728 2015 1919 2069 regum

2108 2005 2311 2075 σήγαγε
2338 2003 2398 2057 τὸ
2435 2003 2753 2075 ἐπουράνιον
2776 2019 2790 2034 ⁴
2825 2003 2905 2055 ὅτι
2928 2001 3033 2074 γὰρ
3064 2001 3150 2055 διὰ
3178 2002 3287 2056 τῶν
3309 2001 3403 2055 δύο
3426 2001 3638 2074 Διαθη-

388 2090 619 2146 assecuti
671 2103 879 2153 smnus,
922 2087 1048 2142 vide
1089 2085 1258 2142 Vetus
1305 2100 1360 2142 et
1407 2086 1613 2141 Novum
1660 2088 1919 2157 quemlibe

2108 2097 2162 2149 ὒν
2192 2095 2454 2166 ὲτύχομεν
2482 2095 2580 2164 τῆς
2609 2096 2860 2167 οὐρανίου
2884 2095 3181 2167 βασιλείας,
3215 2093 3376 2164 βλέπε
3403 2095 3498 2148 καὶ
3523 2096 3639 2166 τὴν

387 2181 771 2243 adhortantis,
845 2189 904 2233 ut
965 2193 1066 2248 pro
1107 2177 1319 2247 iustitia
1375 2189 1431 2233 et
1481 2182 1698 2233 nomine
1751 2178 1918 2233 Chrisl

2107 2186 2293 2240 αλαιὰν
2321 2187 2418 2241 καὶ
2448 2187 2546 2258 τὴν
2577 2189 2781 2260 Καινὴν
2805 2187 3081 2259 Διαθήκην
3107 2187 3476 2258 παρορμῶσαν
3496 2188 3638 2250 τοὺς

389 2275 681 2346 patiamur,
730 2282 785 2325 et
814 2287 910 2338 per
938 2279 1220 2341 augustam
1247 2279 1302 2325 et
1333 2280 1539 2324 arctam
1571 2269 1692 2324 vita;
1723 2269 1866 2324 viam
1905 2270 1920 2301 ‘

2109 2276 2411 2347 ιυλομένους
2440 2276 2580 2348 ὑπὲρ
2610 2278 2708 2349 τῆς
2736 2277 3079 2347 δικαιοσύνης
3113 2276 3207 2331 καὶ
3231 2275 3324 2330 τοῦ
3361 2276 3640 2347 ὀνόματος

390 2365 746 2421 ambulemus.
778 2362 843 2417 Et
874 2379 938 2417 ex
974 2363 1150 2418 Veteri
1182 2363 1394 2432 quidem
1437 2361 1784 2418 Testamento
1829 2364 1921 2416 and

2108 2369 2145 2420 νῦ
2173 2367 2410 2439 Χριστοῦ
2449 2369 2698 2440 πάσχειν,
2730 2369 2825 2423 καὶ
2850 2369 2947 2439 τὴν
2976 2368 3167 2432 στενὴν
3202 2369 3295 2422 καὶ¹
3332 2366 3639 2438 τεθλιμμέ-

390 2461 745 2534 Sapientiam.
790 2474 909 2527 quae
941 2459 1112 2512 dicit:
1151 2478 1170 2510 ι
1203 2457 1390 2528 Usque
1430 2457 1496 2512 ad
1534 2466 1761 2512 mortem
1810 2467 1920 2511 cert

2108 2476 2151 2530 3v
2180 2460 2298 2512 ὁδὸν
2324 2461 2422 2531 τῆς
2454 2459 2599 2531 ζωῆς
2634 2461 2863 2515 ὁδεύειν.
2895 2461 3007 2515 Καὶ
3038 2464 3103 2515 ὲκ
3137 2462 3236 2533 μὲν
3263 2462 3361 2532 τῆς
3383 2461 3639 2525 Πώαιᾶς

390 2569 491 2625 pro
516 2553 742 2607 veritate
770 2550 838 2604 ".
872 2568 890 2600 ι
931 2547 1118 2603 Simile
1140 2549 1393 2617 quiddam
1420 2549 1472 2602 in
1506 2546 1677 2613 Novo,
1709 2548 1761 2601 in
1790 2547 1921 2602 Eva:

2106 2569 2154 2623 γν
2184 2552 2383 2621 Σοφίαν
2415 2552 2577 2606 ἄκουε
2610 2552 2871 2621 λέγουσαν
2889 2570 2903 2586 ·
2946 2572 2964 2604 ι
2998 2553 3141 2617 Ἕως
3163 2552 3395 2608 θανάτου
3422 2552 3637 2622 ἀγώνι-

389 2645 543 2715 geliis
602 2643 725 2698 audi
779 2642 956 2712 ipsum
1024 2641 1306 2694 Dominum
1375 2640 1691 2695 dicentem:
1732 2637 1920 2695 «Nolit

2106 2661 2148 2696 ιι
2175 2644 2316 2715 ὑπὲρ
2340 2644 2438 2714 τῆς
2458 2644 2733 2714 ἀληθείας.
2769 2664 2788 2697 ι
2814 2645 2887 2699 Τὸ
2913 2646 3096 2715 ὅμοιον
3129 2647 3224 2699 καὶ
3243 2647 3301 2699 ὲν
3330 2650 3398 2717 τῇ
3424 2648 3637 2719 Καινῇ,

396 2739 586 2791 timere
618 2749 711 2789 eos
756 2738 846 2803 qui
878 2731 1134 2787 occidunt
1171 2746 1389 2800 corpus,
1437 2731 1631 2786 animm
1660 2746 1789 2785 vero
1821 2731 1927 2785 nihi

2109 2754 2115 2781 ν
2158 2737 2270 2799 τοῖς
2303 2735 2654 2804 Εὐαγγελίοις
2692 2736 2853 2790 αὐτὸν
2899 2736 2988 2789 τὸν
3024 2736 3223 2808 Κύριον
3255 2739 3508 2803 ὲνωτίξυυ
3541 2738 3640 2793 λέ-

383 2837 615 2899 possunt
644 2824 821 2881 facere
848 2828 949 2877 “.a
982 2823 1116 2877 Audi
1142 2834 1320 2876 autem
1351 2832 1405 2875 et
1442 2821 1604 2876 Vetus
1633 2823 1914 2877 Testamer

2109 2842 2247 2878 ιντα’
2292 2845 2312 2878 ι
2354 2827 2445 2897 Μὴ
2481 2826 2754 2898 φοϐηθῆτε
2802 2827 2910 2881 ἀπὸ
2951 2827 3059 2881 τῶν
3104 2828 3537 2883 ἀποκτεινόντων
3574 2831 3640 2885 τὸ

390 2931 503 2974 tum
536 2919 762 2974 dicens:
806 2935 825 2968 ι
853 2916 1048 2970 Audite
1090 2915 1311 2968 verbum
1355 2911 1585 2974 Domini,
1628 2913 1719 2981 qui
1756 2911 1921 2966 titneti

2101 2918 2251 2988 ὦμα,
2303 2918 2401 2989 τὴν
2463 2918 2521 2971 δὲ
2570 2918 2747 2990 ψυχὴν
2814 2920 2888 2992 μὴ
2933 2921 3165 2990 ἐχόντων
3202 2938 3255 2974 τι
3296 2922 3541 2994 ποιῆσαι.
3611 2942 3632 2975 ι

380 3011 608 3066 verbum
637 3009 788 3077 ejus;
821 3007 1003 3071 dicite,
1035 3003 1252 3060 Fratres
1273 3005 1466 3066 nostri,
1495 3004 1619 3058 odio
1639 3018 1733 3058 vos
1762 3003 1911 3058 habet

2107 3009 2257 3062 lxous
2293 3008 2350 3062 δὲ
2382 3009 2603 3081 καὶτῆς
2646 3009 2888 3075 Παλαιᾶς
2919 3010 3184 3083 λεγούσης
3205 3028 3219 3043 ·
3263 3031 3283 3064 ι
3332 3012 3638 3067 Ἀκούσατε

388 3104 535 3159 tibus
564 3111 619 3155 et
644 3100 1083 3156 abominantibus
1117 3097 1186 3152 ".
1213 3115 1233 3149 ι
1271 3096 1348 3151 Ex
1391 3096 1696 3165 Evangeliis
1729 3111 1858 3151 vero
1886 3113 1915 3150 e

2102 3104 2147 3152 ὃν
2190 3099 2344 3169 λόγον
2392 3100 2629 3171 Κυρίου,
2675 3102 2724 3155 οἱ
2777 3102 3073 3173 τρέμοντες
3122 3102 3182 3156 τὸ
3229 3104 3379 3175 ρἧα
3422 3105 3633 3159 αὐτοῦ’

384 3206 486 3248 ore
540 3191 709 3260 ipsius
775 3188 986 3243 Domini
1037 3187 1160 3241 audi
1194 3203 1209 3239 :
1242 3205 1263 3238 ι
1297 3185 1513 3255 Diligite
1557 3185 1807 3242 inimicos
1859 3201 1915 3240 ve

2106 3190 2246 3243 ’πατε
2293 3192 2405 3253 τοῖς
2448 3189 2699 3261 μισοῦσιν
2739 3191 2917 3262 ὑμᾶς’
2964 3192 3205 3261 Ἀδελφοὶ
3230 3192 3407 3263 ἡμῶν.
3464 3211 3485 3245 ι
3542 3193 3637 3248 Ἐν

389 3297 534 3339 stros
560 3281 646 3349 1⁵⁶;
678 3300 698 3333 ι
731 3291 791 3336 et
825 3294 1014 3335 rursus
1044 3295 1058 3332 :
1092 3296 1112 3329 ι
1143 3277 1449 3332 Beuelacite
1489 3279 1571 3331 bis
1599 3277 1688 3345 qui
1727 3278 1920 3332 oderun

2104 3282 2411 3352 ὐαγγελίοις
2446 3283 2505 3336 δὲ
2534 3284 2600 3336 ἐκ
2635 3283 2729 3336 τοῦ
2760 3284 3089 3338 Δεσποτικοῦ
3125 3286 3386 3356 στόματος
3426 3285 3633 3340 ἄκουε·

388 3388 488 3429 vos
512 3372 581 3426 ⁸⁷.
611 3391 632 3425 ι
668 3370 726 3425 In
765 3371 882 3441 lege
910 3379 1087 3425 autem
1114 3368 1291 3423 simile
1315 3367 1442 3422 illud
1474 3385 1487 3420 :
1519 3384 1539 3418 ι
1564 3366 1620 3422 Si
1656 3367 1919 3423 obviaveri

2133 3376 2407 3444 ’Δγαπᾶτε
2434 3375 2562 3439 τοὺς
2591 3375 2817 3447 ἐχθροὺς
2840 3376 3022 3447 ὑμῶν·
3057 3396 3076 3428 ι
3114 3378 3208 3430 καὶ
3238 3379 3398 3433 πάλιν
3418 3395 3431 3408 ·
3464 3396 3483 3429 ι
3512 3381 3636 3433 Κα-

388 3465 694 3536 jumentum
728 3462 933 3515 inimici
966 3461 1040 3514 tui
1075 3460 1219 3530 quod
1248 3462 1455 3514 corruit
1479 3460 1578 3514 sub
1609 3474 1746 3515 onus
1774 3475 1919 3515 suum

2105 3466 2164 3529 ῦς
2188 3469 2390 3519 ποιεῖτε
2424 3469 2535 3530 τοῖς
2562 3467 2810 3538 μισοῦσιν
2842 3467 2954 3541 (75)
2987 3470 3131 3541 ὐμᾶς
3151 3488 3166 3503 ο
3202 3488 3221 3522 ι
3262 3471 3320 3523 ὲν
3348 3469 3407 3524 δὲ
3434 3469 3513 3541 τῷ
3545 3472 3636 3525 νό-

390 3570 497 3611 non
528 3563 838 3624 praetereas,
866 3551 960 3606 sed
993 3550 1161 3606 alleva
1194 3550 1324 3605 illud
1354 3552 1432 3616 ‘3;
1462 3569 1482 3602 ι
1522 3550 1665 3619 quod
1700 3550 1839 3604 idem
1874 3564 1921 3603 es

2104 3576 2147 3628 ῳ
2171 3557 2232 3609 τὸ
2259 3558 2470 3627 ὅμοιον·
2518 3576 2538 3610 ι
2598 3557 2722 3612 Ἐὰν
2767 3560 3081 3633 ἁπαντήσῃς
3111 3559 3189 3631 τῷ
3221 3559 3494 3633 ὑποζυγίῳ
3534 3561 3635 3616 τοῦ

391 3661 456 3701 ae
489 3644 619 3700 illud
650 3661 664 3697 :
700 3661 720 3694 ι
754 3642 1064 3697 Benelacite
1091 3643 1176 3696 his
1207 3643 1301 3712 qui
1334 3642 1565 3696 oderunt
1590 3654 1704 3695 vos.
1731 3658 1751 3692 ι
1806 3637 1922 3694 Uim

2104 3647 2252 3719 (θροῦ
2275 3664 2369 3700 σου
2398 3649 2705 3703 πεπτωκότι
2731 3650 2835 3703 ὐπὸ
2857 3651 2946 3704 τὸν
2968 3653 3135 3723 γόμον
3174 3653 3361 3712 αὐτοῦ.
3393 3655 3453 3706 οὐ
3486 3671 3635 3727 παρ-

389 3739 534 3796 enim
573 3747 630 3791 et
673 3737 814 3790 idem
848 3743 934 3789 est
972 3733 1268 3804 legislator,
1321 3733 1411 3803 qui
1462 3739 1725 3800 praecepta
1779 3733 1871 3784 dat
1903 3732 1915 3784 i

2103 3739 2422 3813 κεύσῃ,άλλὰ
2445 3742 3048 3813 συνεγερεῖς(76)αὐτό.
3092 3765 3112 3797 ι
3133 3776 3202 3784 —
3227 3763 3246 3797 ι
3284 3745 3480 3808 Καλῶς
3513 3746 3634 3817 (77)

391 3843 624 3900 utroque
672 3828 1037 3883 Testamento.
1082 3825 1196 3881 Duo
1239 3826 1404 3895 igitur
1438 3827 1602 3878 ubera
1647 3824 1817 3891 ipsius
1850 3823 1917 3876 du

2103 3835 2264 3887 οιεττε
2287 3835 2400 3895 τοῖς
2431 3833 2676 3904 μισοῦσιν
2700 3836 2872 3905 ὑμᾶς·
2910 3855 2929 3887 ι
2967 3829 3048 3899 εἷς
3091 3836 3200 3908 γὰρ
3234 3835 3327 3889 καὶ
3353 3835 3514 3899 αὐτὸς
3545 3855 3634 3890 vo-

390 3922 731 3993 appellautur
778 3920 1147 3983 'l‘eStatuenta,
1202 3927 1366 3988 atque
1409 3932 1476 3972 ex
1529 3930 1634 3969 uno
1667 3916 1913 3968 immorta

2105 3922 2296 3994 οθέτης
2329 3924 2615 3995 ἑκατέραις
2640 3925 2945 3980 διετάττετο
2980 3925 3292 4012 Διαθηκαις.
3319 3927 3423 3981 Δύο
3449 3927 3635 3981 τοίνυν

391 4014 541 4068 fonte
561 4010 855 4082 spiritualis
882 4011 1035 4065 lactis
1055 4009 1382 4065 amuentiam
1403 4008 1672 4063 habentia.
1709 4007 1922 4076 Propter

2104 4015 2260 4067 αστοὶ
2300 4013 2465 4067 αὐτοῦ
2497 4017 2554 4068 al.
2597 4012 2690 4069 δύο
2745 4017 3034 4088 κέκληνται
3076 4007 3381 4089 Διαθῆκαι·
3428 4020 3523 4071 κα)⁸
3567 4022 3635 4073 ἐκ

389 4121 455 4160 ea
495 4106 584 4176 qui
623 4105 672 4159 in
695 4100 959 4158 caelorum
986 4101 1291 4157 cubiculum
1315 4098 1542 4166 ingressi
1570 4107 1716 4164 sunt,
1742 4099 1920 4155 dicunt

2101 4103 2195 4166 ,ιᾶς
2223 4102 2323 4174 τῆς
2361 4102 2627 4157 ἀθανάτου
2670 4104 2855 4176 πηγῆς
2895 4105 2991 4176 τὴν
3031 4106 3290 4178 ὲπιρῤοὴν
3329 4104 3421 4158 τοῦ
3459 4123 3632 4160 πνευ-

395 4217 415 4249 ι
447 4197 743 4266 Diligemus
789 4194 955 4250 ubera
990 4202 1080 4249 tua
1118 4207 1282 4261 super
1321 4192 1571 4245 viuum.»
1625 4191 1765 4258 Quid
1812 4191 1926 4245 enin

2103 4192 2296 4247 nemo?)
2338 4193 2607 4262 γάλακτος
2650 4193 2888 4266 ἔχουσαι.
2930 4196 3020 4248 Διὸ
3060 4195 3306 4265 λέγουσιν
3345 4198 3393 4248 οἱ
3435 4198 3517 4259 είς
3570 4197 3634 4251 τὸ

389 4288 522 4342 facit
561 4286 789 4342 vinum?
833 4284 1030 4341 Vinum
1066 4284 1355 4339 immodice
1393 4285 1647 4337 haustum
1707 4282 1920 4337 tenebra

2101 4287 2284 4355 αμεῖον
2309 4284 2419 4338 τῶν
2440 4286 2680 4357 οὐρανῶν
2703 4285 3102 4357 εἰσεληλυθότες
3123 4303 3137 4316 ·
3170 4305 3189 4337 ι
3231 4287 3632 4359 Ἀγαπήσωμεν

389 4377 621 4433 oﬂ‘undit
673 4395 688 4432 :
737 4376 1011 4446 splendida
1086 4388 1217 4429 vero
1296 4373 1639 4429 Testamenta
1724 4386 1920 4428 menter

2102 4375 2302 4439 ,αστούς
2330 4392 2421 4429 σου
2453 4376 2590 4447 ὑπὲρ
2617 4372 2777 4430 οἶνον.
2817 4396 2836 4429 ι
2871 4376 2937 4430 Τί
2964 4376 3071 4449 γὰρ
3103 4380 3246 4431 ποιεῖ
3272 4372 3446 4443 οἷνος;
3475 4374 3633 4443 Οἷνος

388 4470 732 4535 conﬁrmant,
759 4468 917 4522 iidem
944 4465 1240 4530 stabiliunt,
1265 4465 1487 4521 fundant
1510 4465 1576 4518 ad
1605 4481 1824 4537 regnum
1849 4480 1919 4521 ea

2106 4467 2317 4537 μέτρως
2346 4465 2529 4531 ποθεὶς
2556 4468 2817 4532 σκοτίζεισ
2848 4471 2905 4522 αἱ
2928 4468 2985 4521 δὲ
3012 4470 3334 4539 φωταγωγοὶ
3363 4469 3631 4541 Διαθῆκαι

388 4561 578 4616 lorutn.
2066 4556 2378 4627 στηρίζουσι
2404 4558 2465 4611 τὸ
2494 4559 2766 4629 φρόνημα,
2791 4558 3067 4631 στερεοῦσι
3098 4559 3210 4630 (78)
3237 4560 3440 4628 πίστιν,
3463 4561 3631 4632 θεμε-

2062 4646 2265 4702 λιοῦσιν
2292 4649 2372 4712 εἰς
2395 4648 2493 4719 τὴν
2521 4649 2765 4720 οὐρανῶν
2792 4649 3086 4719 βασιλείαν.

461 4739 591 4793 νΙΙΙ.
628 4736 901 4792 Recliludo
938 4736 1120 4790 dilexit
1146 4747 1210 4791 te.

2134 4744 2215 4795 H'.
2251 4741 2522 4808 Εὐθύτης
2551 4739 2828 4809 ἠγάπησέ
2858 4757 2950 4796 σε.

468 4829 650 4894 Omnia
684 4830 903 4901 quidem
946 4829 1246 4882 divinarum
1290 4826 1693 4897 Scripturarum
1738 4828 1951 4899 eloquia

2130 4834 2336 4897 Πάντες
2368 4832 2467 4903 μὲν
2503 4832 2552 4884 οἱ
2589 4831 2697 4885 τῶν
2735 4831 2893 4887 θείων
2920 4834 3150 4906 Γραφῶν
3178 4834 3346 4904 λόγοι,
3379 4834 3475 4890 καὶ
3499 4834 3629 4890 ταύ-

459 4970 507 5042 ‘f
528 4969 686 5042 Prov.
712 4984 797 5042 Ix,
823 4969 880 5042 _l.
944 4966 1224 5042 _f‘_hla_ttb.
1246 4966 1469 5042 v._iO._
1509 4968 1556 4999 “
1584 4968 1771 5042 Matth.
1817 4986 1913 5039 vn,
1946 4973 1990 5030 ιι

2111 4973 2156 5005 ⁴³
2184 4972 2349 5028 Eccli.
2373 4988 2449 5038 tv,
2476 4971 2566 5027 9.8.
2640 4973 2686 5003 ⁸⁵
2718 4970 2908 5027 Matth.
2945 4989 3000 5038 ι,
3023 4974 3113 5031 28.
3187 4974 3233 5007 ⁸⁸
3259 4973 3359 5031 lsa.
3395 4990 3540 5042 um,
3569 4975 3625 5029 5.

385 5042 433 5077 “
467 5040 653 5094 Matth.
683 5054 738 5105 v,
772 5039 863 5092 44.
941 5037 987 5068 ⁸⁷
1017 5038 1146 5093 ibid.
1252 5037 1297 5069 ⁸⁸
1322 5036 1491 5093 Exod.
1527 5054 1683 5107 χχιιι,
1714 5040 1767 5097 5.

461 5154 575 5226 (75)
601 5152 807 5227 Locum
830 5153 1066 5227 hunceg
1093 5153 1317 5227 Philone
1336 5153 1741 5227 aﬂ‘ert_Co_smas
1758 5154 1967 5213 lndico-
2073 5167 2278 5227 terpres
2303 5155 2419 5209 ait:
2450 5174 2468 5227 ι
2494 5155 2630 5222 Quid
2655 5164 2739 5210 est
2769 5154 2858 5227 hic
2888 5155 3030 5211 aliud
3074 5156 3176 5210 nisi
3215 5156 3364 5219 illud,
3400 5154 3627 5227 Benefa-

389 5222 813 5298 pleustes_lih.s,
838 5222 1240 5298 p.529Collect.
1267 5241 1411 5279 nova:
1437 5223 1961 5298 PP.Gm:cor.,t.ll.
2069 5222 2200 5288 cite,
2223 5246 2240 5277 ι
2293 5237 2399 5280 etc.
2443 5225 2511 5278 At
2563 5240 2609 5298 a_
2644 5227 2763 5298 cod.
2797 5223 2986 5298 Thes}.
3025 5228 3416 5298 absuntuhaac,
3448 5225 3626 5288 καλῶς

466 5297 581 5368 (η)
608 5295 735 5368 _Vet.
771 5290 967 5362 ittierp.
993 5294 1220 5368 legit},
1238 5310 1341 5368 nec
1365 5298 1609 5368 agnoscit
1638 5290 1807 5368 οἷκον.

2095 5300 2275 5368 ποιεῖτε
2311 5298 2423 5368 τοῖς
2456 5293 2703 5368 μισοῦσιν
2724 5296 2904 5368 ύμᾷςη
2934 5295 3037 5368 Sed
3067 5306 3191 5368 post
3213 5296 3297 5349 illa
3322 5299 3626 5368 συνεγερεῖς

460 5362 572 5437 (75)
602 5366 768 5437 Sacer
796 5374 972 5418 textus
990 5362 1240 5437 ΒίειιιιιιιιξῇΔ
1259 5365 1420 5418 habet
1436 5366 1562 5426 τοὺς
1589 5364 1901 5437 μισοῦντας.

2094 5367 2199 5420 ιύτό
2234 5362 2474 5433 sequitur
2490 5362 2784 5437 eigulydtp
2805 5366 3011 5437 ὐαύτὸς
3041 5362 3354 5437 νομοθέτης,
3371 5362 3487 5434 quae
3510 5362 3625 5420 cur-

459 5429 572 5506 (Ἰϐ)
602 5434 696 5488 Sic
754 5434 1059 5507 emendavi.
1114 5433 1338 5507 Codices
1360 5429 1646 5507 _cor_ruple
1698 5435 1960 5507 exhibent

2100 5445 2225 5506 upta
2239 5429 2364 5507 sunt
2380 5450 2495 5507 pro,
2515 5429 2594 5498 εἷς
2612 5429 2721 5507 γὰρ
2748 5429 2840 5507 καὶ
2861 5436 3021 5507 αὐτὸς
3043 5429 3354 5507 νομοθέτης,
3368 5429 3627 5490 Caeterum

391 5501 733 5576 aovafepsiq.
757 5502 932 5576 Locus
956 5511 1133 5576 autem
1163 5503 1251 5576 hic
1277 5504 1328 5557 in
1360 5501 1853 5576 Bibliis‘impressis
1880 5506 1957 5560 ita
2066 5501 2396 5576 inversione
2443 5506 2563 5561 ideo
2612 5501 2789 5561 addidi
2819 5521 2835 5558 :
2861 5524 2879 5556 ι
2906 5505 3058 5571 Quod
3091 5501 3231 5560 idem
3255 5501 3337 5561 est
3360 5523 3424 5561 ac
3459 5507 3626 5560 illud:

390 5571 621 5647 legiter
654 5574 781 5647 Ἐὰν
801 5572 859 5647 δὲ
875 5572 990 5644 “ac
1007 5571 1070 5647 τὸ
1085 5572 1376 5647 “Nam
1398 5571 1714 5647 τρῦ,ὲχθροῡ
1736 5590 1921 5647 πεπτω

2097 5574 2394 5639 ιειιείιιοίῑο,
2417 5586 2619 5647 μεια,
2661 5584 2721 5630 ιιι
2757 5576 3246 5647 benecoliaereaut
3285 5584 3502 5644 eaque:
3541 5590 3628 5630 se-

390 5640 488 5707 κὸς
523 5643 627 5697 ὐπὸ
659 5644 749 5716 τὸν
773 5640 958 5716 γόμον
984 5641 1172 5716 αὐτοῦ,
1194 5643 1254 5694 οὐ
1281 5640 1592 5714 παρελεύσῄ
1621 5640 1792 5710 ἀύτὸ,
1819 5644 1918 5699 άλλ

2094 5654 2314 5716 [nuntur
2335 5659 2349 5697 :
2384 5644 2578 5716 [Unus
2603 5640 2751 5701 enim
2793 5658 2847 5716 et
2868 5644 3010 5699 idem
3040 5654 3124 5716 est
3149 5640 3442 5716 iegislator,
3471 5665 3489 5696 ι
3521 5655 3625 5699 etc.

390 5717 643 5787 συναρεῖς
666 5710 798 5767 αὐτό
818 5710 933 5787 μετ’
958 5710 1145 5787 αὐτοῦ.
1259 5782 1290 5787 __
1364 5710 1383 5787 ξ
1408 5782 1422 5787 _
1469 5782 1482 5787 Α
1564 5710 1591 5714 ’⁷
1680 5784 1721 5787 _
1876 5786 1881 5787 γ

2095 5710 2100 5715 ’
2133 5713 2253 5787 (78),
2276 5713 2353 5769 Ex
2383 5715 2570 5773 Vallic.
2606 5713 2821 5787 reposui
2862 5713 3157 5784 στερεοῠσι.
3209 5715 3370 5772 Barb.
3397 5725 3452 5771 et
3477 5729 3626 5771 meus

461 5731 643 5837 ναρεις
666 5731 797 5767 αυτο
958 5731 1145 5794 αυτου.
1280 5782 1291 5795 .
1371 5781 1384 5795 ⁹

461 5785 515 5843 i7
559 5786 575 5844 ι
609 5786 752 5840 Ante
784 5782 963 5846 καλως
994 5788 1205 5840 videtur
1222 5782 1424 5851 aliquid
1451 5782 1659 5844 deesse.
1680 5784 1844 5843 Vetus
1870 5786 1992 5877 in:

859 5731 930 5765 ετ·
958 5731 1145 5767 αυτου.
2133 5731 2224 5785 μδ
2276 5731 2353 5769 ω

859 5781 963 5846 λῶς
994 5783 1205 5840 videtur
1222 5781 1424 5851 aliquid
1451 5782 1659 5844 deesse.
1680 5784 1844 5843 Vetus
1870 5786 1955 5843 iu-
1973 5865 2033 5877 ψ
2064 5731 2390 5855 στηρίὲουσιι
