3878 6270
236 331 299 388 ιδ
1119 327 1519 384 ENARRATIO
1557 327 1624 383 IN
1655 327 2007 385 CANTICUM
2046 328 2518 388 CANTICORUM.
3369 337 3438 396 46

236 463 318 515 της
336 443 430 513 τῆς
453 441 609 510 ἁγίας
623 442 718 494 καὶ
743 442 1147 514 μυστηριώδους
1168 445 1406 515 γραφῆς,
1427 443 1559 513 εὑθῆ
1578 443 1644 496 τὰ
1663 443 1752 513 (79

1881 455 2041 513 atque
2089 446 2245 515 hujus
2298 457 2498 504 sancte
2543 456 2598 504 et
2639 449 2884 520 mysticae
2931 448 3225 521 Scriptum
3275 453 3438 508 verba

233 539 458 608 ῥήματα·
486 529 636 598 οὗτος
664 534 720 586 δὲ
748 537 776 583 ὁ
799 535 928 605 περὶ
954 535 1054 604 τῆς
1075 535 1367 605 εὐθύτητος
1391 536 1483 588 καὶ
1516 535 1769 606 μάλιστα,

233 653 247 679 ι
281 628 501 697 εὐθύτης
542 645 560 676 ι
591 626 720 696 γὰρ,
747 627 942 696 φησὶν,
983 646 1002 677 ι
1039 627 1292 697 ⁴ηγὰπησὲ
1339 645 1417 681 σε.
1465 645 1484 678 t
1532 626 1658 680 Ἐὰν
1699 630 1772 698 μή

231 737 314 771 τινι
337 719 438 788 γὰρ
460 716 687 786 εὐθύτης
715 717 968 787 ὑπάρχει,
989 717 1080 769 τὸν
1109 717 1386 787 Μονογενῆ
1413 719 1488 788 μὴ
1517 718 1614 770 οὐκ
1641 719 1774 785 ἀγα-

393 829 409 857 ι
434 808 718 877 Βδέλυγμα
742 809 850 876 γὰρ
881 809 1184 880 ἁμαρτωλῷ
1208 808 1366 877 σοφία
1387 808 1520 878 (80).
1545 830 1562 858 ι
1599 808 1772 872 Εὐθὺς

227 899 268 951 δὲ
295 897 481 968 καρδία
524 899 710 970 ἀγαπᾷ
757 899 855 970 τὴν
896 900 1107 968 σοφίαν.
1143 899 1388 969 Εύθύτης
1428 900 1540 966 (81)
1565 899 1623 953 δέ.
1656 901 1772 952 ἐστι

225 989 718 1044 τὸάπαλλάττεσθαι
752 991 847 1060 μὲν
893 992 1161 1044 παντοίων
1209 992 1414 1054 κακῶν,
1453 990 1771 1062 συνήδεσθαι

224 1081 269 1134 δὲ
290 1080 358 1150 τῷ
383 1082 533 1152 νόμῳ
555 1083 647 1134 τοῦ
671 1082 827 1145 Θεοῦ,
853 1084 945 1136 καὶ
973 1083 1070 1146 τὰς
1101 1083 1318 1148 ἐντολὰς
1343 1084 1506 1137 αὑτοῦ
1537 1085 1595 1138 ὲν
1621 1086 1772 1136 ἐκτε-

221 1173 293 1242 νίᾳ
318 1173 422 1242 (8:!)
453 1173 682 1244 καρδίας
709 1174 1001 1228 ἐπιτελεῖν
1027 1175 1102 1240 ὦς
1129 1193 1294 1247 φησιν
1321 1178 1349 1229 ὁ
1381 1176 1544 1229 Δαϐίδ
1564 1193 1576 1204 ·
1616 1193 1634 1226 ι
1681 1175 1769 1228 Ἑν

220 1262 358 1332 βουλῇ
397 1263 598 1316 εύθὲων
631 1265 724 1318 καὶ
757 1269 1082 1338 συναγωγῇ,
1121 1266 1331 1338 μεγάλα
1371 1265 1442 1320 τὰ
1476 1266 1612 1340 ἔργα
1651 1269 1770 1321 Κυ-

219 1372 338 1424 pm.
374 1375 390 1406 ι

280 1441 348 1495 Θί.
381 1444 475 1496 Στ.
501 1443 564 1496 δ’.
595 1444 864 1498 Μέλαινὰ
888 1449 1004 1515 ειμι
1036 1448 1134 1501 καὶ
1167 1449 1346 1514 καλή.

271 1535 504 1588 Μέλαινα
544 1536 632 1588 διὰ
665 1537 760 1601 τὰς
796 1539 1100 1609 ἁμαρτίας⁹
1149 1540 1287 1612 καλὴ
1324 1540 1412 1594 διὰ
1456 1540 1554 1612 τὴν
1599 1543 1765 1612 μετά-

218 1642 360 1680 νοιαν.
399 1627 474 1680 Οὐ
524 1627 775 1698 σώματος
820 1629 931 1697 (85)
973 1632 1006 1701 ἡ
1047 1631 1307 1701 μελανία’
1353 1631 1471 1684 οὐδὲ
1510 1633 1768 1700 σαρκικὸν

216 1719 351 1772 πάλιν
373 1719 578 1789 ταύτης
600 1721 699 1790 τῆς
729 1720 789 1772 νύ
799 1739 945 1792 μςρης
978 1722 1037 1774 τὸ
1063 1722 1271 1786 καλλος.
1323 1722 1483 1776 Ἀλλά
1510 1723 1767 1793 μέλαιναν

1877 547 2001 591 sunt
2046 551 2190 593 recta
2225 559 2239 594 :
2274 541 2376 594 hoc
2424 555 2556 596 vero
2615 541 2680 596 de
2725 541 2976 610 aequitate
3027 543 3382 598 rectissimum
3420 561 3434 597 :

1882 643 1900 675 ι
1936 626 2218 680 Ιὶροιίιυάο
2241 645 2262 680 ι
2297 629 2461 694 enim,
2497 631 2591 692 ait,
2625 647 2644 680 ‹
2667 630 2856 684 dilexit
2881 641 2951 685 te.
2980 650 2999 683 ι
3039 631 3132 686 Cui
3161 633 3302 687 enim
3332 649 3440 689 non

1875 723 1959 767 est
1991 715 2278 778 rectitudo,
2320 717 2364 770 is
2395 716 2738 788 Unigenitum
2775 736 2878 775 non
2916 721 3099 792 diliget
3129 738 3144 774 :
3179 741 3198 774 ι
3221 723 3444 779 Abomi-

1877 805 2025 858 natio
2076 807 2218 859 enim
2270 811 2537 875 peccatori
2601 811 2949 880 sapientia".
3007 831 3026 863 ι
3095 811 3202 867 Cor
3260 825 3440 869 autem

1875 903 2078 948 rectum
2133 897 2307 966 diligit
2376 901 2710 968 sapientiam.
2775 902 3057 958 llectitndo
3119 917 3300 962 autem
3361 919 3444 962 est

1873 987 1940 1039 ab
1969 988 2267 1056 omnigenis
2297 991 2450 1044 malis
2467 1007 2584 1046 sese
2607 993 2910 1062 sejuugcre,
2935 995 3188 1052 delectari
3205 997 3320 1068 lege
3347 998 3442 1055 Dei

1873 1088 1926 1131 et
1967 1082 2219 1133 mandata
2265 1080 2381 1150 ejus
2436 1082 2643 1138 intento
2689 1085 2850 1140 corde
2901 1088 3178 1156 perlicere.
3243 1089 3312 1144 Ut
3366 1090 3444 1143 ait

1874 1170 2039 1223 David
2075 1190 2087 1224 :
2131 1190 2149 1222 ι
2181 1171 2236 1226 In
2288 1173 2516 1227 consilio
2568 1185 2839 1230 rectorqu
2893 1184 2948 1231 et
2983 1179 3438 1250 jcongregatione,

1871 1275 2063 1330 magna
2093 1276 2255 1332 Opera
2291 1264 2499 1318 Domini
2533 1265 2603 1319 ⁸ο.
2637 1284 2655 1313 ι

1940 1437 2030 1492 IX.
2082 1437 2242 1492 Vsus.
2297 1439 2352 1494 4.
2405 1439 2578 1509 Nigra
2611 1457 2725 1493 sum
2755 1452 2800 1494 et
2830 1443 3084 1511 formosa.

1943 1530 2104 1600 Nigra
2158 1543 2376 1601 propter
2404 1543 2627 1602 peccata
2663 1548 2679 1586 :
2709 1533 2944 1590 formosa
2989 1546 3212 1606 propter
3255 1537 3438 1609 patui-

1872 1626 2117 1678 tcntiam.
2151 1623 2269 1678 Non
2303 1626 2547 1693 corporis
2591 1625 2806 1695 nigror;
2859 1642 3034 1695 neque
3081 1645 3266 1687 rursus
3308 1645 3434 1686 car-

1879 1716 2016 1769 nalis
2044 1716 2203 1784 hujus
2226 1731 2437 1784 sponsa:
2466 1717 2807 1786 pulchritudo
2835 1737 2848 1773 :
2879 1720 2972 1774 scd
3003 1721 3209 1791 nigram
3236 1737 3295 1777 se
3314 1737 3438 1779 esse

214 1812 385 1882 ἑαυτὴν
444 1811 596 1882 λέγει
651 1813 738 1867 διὰ
780 1813 879 1876 τὰς
924 1815 1172 1885 ἀνομίας,
1213 1816 1401 1886 ἐπειδὴ
1445 1816 1666 1879 ταύταις

1876 1805 2004 1860 dicit
2047 1817 2264 1875 propter
2307 1805 2657 1874 iniquitates;
2694 1811 2947 1877 quoniam
2993 1825 3062 1865 ex
3099 1811 3230 1881 ipsis
3259 1813 3440 1884 nigro-

213 1902 644 1972 μεμελανωμένη.
673 1903 730 1956 ἐν
760 1921 818 1956 τε
845 1907 911 1976 τῇ
945 1904 1356 1977 είδωλολατρείᾳ
1385 1907 1479 1959 καὶ
1508 1910 1628 1968 ταῖς
1661 1906 1768 1959 λοι-

214 1996 320 2054 παῖς
341 1994 436 2063 τῆς
467 1994 782 2066 ἀφροσύνης
812 1995 1065 2058 ἀπάταις.

266 2087 314 2139 i'.
339 2085 610 2140 Μέλαινά
635 2089 750 2157 ειμι
772 2087 872 2141 καὶ
903 2087 1082 2156 καλὴ,
1111 2087 1432 2158 θυγατέρες
1470 2090 1767 2157 Ἰερουσα-

211 2176 333 2244 λήμ.

265 2269 573 2342 Θυγατέρας
613 2271 967 2343 Ἰερουσαλὴμ
1007 2267 1159 2343 οἶμαι
1192 2271 1376 2325 καλεῖν
1419 2272 1516 2343 τὴν
1549 2273 1765 2344 νύμφην

209 2361 289 2424 τὰς
329 2362 676 2433 πφφητικάς
721 2361 828 2413 τῶν
869 2361 1094 2414 δικαίων
1132 2361 1328 2431 ψυχάς.
1369 2359 1766 2430 Ἑξομολογου-

211 2453 326 2524 μένη
361 2454 457 2522 μὲν
489 2453 560 2506 τὰ
591 2453 986 2524 ἁμαρτήματα,
1020 2451 1416 2523 φαιδρυνομένη
1439 2450 1495 2504 δὲ
1527 2451 1638 2520 (84)
1674 2453 1767 2505 ἐπὶ

209 2550 262 2616 τῇ
289 2545 374 2598 τοῦ
413 2546 654 2616 νυμφίου
690 2544 1071 2614 φιλανθρωπίᾳ
1095 2560 1108 2573 ·
1147 2544 1226 2595 ὅτι
1263 2542 1476 2595 δίδωσιν
1525 2543 1635 2613 (85)
1673 2543 1767 2594 ἐπὶ

211 2638 544 2708 ἁμαρτήμασι
594 2637 900 2706 μετάνοιαν.
943 2635 1044 2688 Ἴδε
1078 2635 1280 2706 ταύτην
1316 2634 1572 2706 μέλαιναν
1601 2631 1765 2688 οὖσαν

209 2728 269 2791 ὡς
328 2729 574 2798 ἀληθῶς,
630 2729 724 2782 καὶ
787 2727 979 2798 καλὴν,
1049 2726 1418 2798 ἐναρχομένην
1500 2727 1607 2780 ἀπὸ
1670 2726 1762 2779 τοῦ

207 2817 431 2884 Αἰθίοπος
456 2819 556 2874 τοῦ
586 2821 838 2890 εὐνούχου
863 2819 923 2872 τὸ
954 2820 1215 2890 κήρυγμα
1243 2817 1494 2890 δέχεσθαι
1528 2818 1622 2872 τοῦ
1653 2820 1764 2872 Mo-

210 2911 430 2979 νογενοῦς
456 2912 552 2966 διὰ
582 2911 849 2965 Φιλίππου
877 2910 972 2963 τοῦ
996 2911 1294 2965 ἀποστόλου
1321 2909 1452 2982 (86).
1483 2911 1642 2964 Ὅθεν
1671 2913 1764 2964 καὶ

209 3009 346 3064 Δαὸίδ
371 3028 539 3082 φησιν
562 3025 579 3040 ⁸
608 3029 627 3063 ‹
665 3009 942 3063 Αίθιωπία
974 3009 1277 3080 προφθάσει
1306 3011 1462 3080 χεῖρα
1493 3008 1662 3080 αὐτῆς
1685 3007 1764 3080 τῷ

207 3101 319 3156 Θεῶ.
377 3123 396 3156 ι

306 3143 319 3156 .
377 3123 396 3156 ι

263 3123 353 3252 ἶς’.
403 3198 501 3263 Ὠς
547 3194 909 3266 σκηνώματα
953 3193 1190 3263 Κηδὰρ,
1229 3195 1275 3247 ὠ

203 3305 325 3355 μων.

262 3380 434 3451 Κηδάρ
489 3381 611 3451 (87)
670 3380 1030 3452 ἑρμηνεύεται
1108 3380 1477 3449 Ὀστρακίνη.
1542 3378 1758 3449 Ἐπειδὴ

208 3471 424 3540 πανταχῆ
447 3471 497 3522 οἱ
541 3468 846 3540 Κηδαρὴαι
891 3469 1248 3540 διεϐλήθησαν
1281 3467 1429 3540 (88),
1476 3468 1549 3531 ὥς
1596 3486 1758 3539 φησιν

215 3560 453 3631 Ἱερεμίας
472 3577 484 3590 ⁸
520 3579 546 3610 ε
577 3559 824 3613 Διὲλθετε
849 3562 929 3624 είς
949 3562 1146 3632 νήσους
1167 3561 1446 3630 Κεττιεὶμ,
1477 3561 1571 3613 καὶ
1594 3560 1754 3622 ἴδετε,

205 3654 282 3705 καὶ
309 3645 381 3716 είς
406 3652 609 3723 Κηὸἀρ
643 3652 1033 3715 ἀποστείλατε,
1063 3654 1157 3706 καὶ
1189 3654 1414 3724 νοήσατε
1444 3652 1647 3722 σφόδρα
1667 3693 1680 3714 ,
1709 3654 1758 3705 εἰ

204 3745 363 3812 γέγονε
390 3745 624 3799 τοιαῦτα
649 3761 662 3774 ο
707 3746 756 3798 εί
796 3743 1128 3808 ἀλλάξωνται
1163 3744 1288 3815 ἔθνη
1317 3744 1470 3806 θεοὺς
1501 3744 1696 3797 αὐτῶν.
1733 3765 1750 3796 t

213 3837 404 3908 Ἐπειδὴ
439 3839 557 3907 γὰρ
587 3834 649 3900 ἐξ
679 3837 903 3888 ἐκείνων
941 3834 1315 3906 είδωλομανῶν
1345 3831 1469 3907 ἧνή
1509 3836 1755 3905 ἐξομολο-

204 3927 432 3998 γουμένη,
457 3929 646 3996 λέγει’
684 3947 700 3978 t
752 3927 838 3990 Ὠς
866 3924 1199 3997 σκηνώματα
1225 3926 1434 3997 Κηδάρ,
1475 3927 1550 3990 ὼς
1573 3927 1755 3998 δέρῤις

206 4017 449 4088 Σαλομὼν.
489 4041 508 4071 ι
554 4017 720 4086 Λέγει
765 4018 858 4071 καὶ
899 4018 958 4071 τὸ
1000 4016 1060 4082 ἐξ
1116 4019 1383 4071 Ἰουδαίων
1425 4019 1535 4087 (89)
1567 4019 1660 4071 καὶ
1694 4019 1752 4086 ἐξ

207 4109 377 4174 ἐθνῶν,
417 4109 745 4182 σκηνώμασι
785 4111 883 4180 μὲν
925 4110 1117 4181 Κηδάρ
1157 4111 1284 4172 τοὺς
1309 4107 1381 4178 (ἐξ
1414 4108 1582 4162 ἐθνῶν
1616 4110 1751 4182 αύτῇ

205 4199 406 4273 ἥκοντας
457 4202 870 4264 ἀπεικάζουσα,
916 4205 983 4273 τῇ
1039 4201 1189 4271 δὲρῤι
1235 4201 1292 4253 δὲ
1351 4200 1443 4253 τοῦ
1496 4200 1751 4270 Σαλομὼν

205 4289 374 4358 ὁμοίως
398 4294 526 4356 τοὺς
551 4293 662 4346 ἀπὸ
705 4291 969 4344 Ἰουδαίων
997 4292 1240 4354 πιστοὺς,
1265 4291 1359 4343 καὶ
1387 4291 1596 4354 πάντας
1626 4293 1753 4354 τοὺς

208 4382 366 4454 σάκκῳ
400 4383 810 4452 ὲξιλεουμένους
833 4381 894 4434 τὸ
925 4382 1096 4434 Θείον.

260 4474 346 4527 lB’.
379 4477 470 4528 Στ.
506 4483 571 4528 ε’.
615 4474 710 4542 Μὴ
739 4473 1014 4542 βλέψητέ
1051 4491 1128 4542 με
1164 4475 1250 4526 ὅτι
1283 4473 1396 4541 ἐγώ
1425 4475 1540 4542 ειμι
1569 4490 1743 4542 μεμε-

204 4567 506 4636 λιινωμένη.
547 4567 638 4620 ὅτι
670 4565 1009 4634 παρέὅλεψέ
1034 4583 1111 4634 με
1143 4568 1174 4619 ὁ
1203 4565 1393 4631 ἣλιος.

260 4659 338 4729 Μὴ
375 4657 711 4728 ἀπελπίσητέ
748 4674 848 4728 με,
875 4657 1044 4727 φησὶ,
1070 4656 1158 4709 διὰ
1197 4656 1294 4717 τὰς
1321 4654 1430 4707 τῶν
1464 4654 1747 4725 ἁμαρτιῶν

261 4770 300 4803 ⁸⁸
322 4772 478 4828 Eccli.
505 4790 548 4839 ι,
581 4773 672 4827 32.
749 4773 796 4804 ⁸⁸
822 4772 942 4826 Psal
975 4787 1066 4836 cx,
1101 4773 1151 4836 l,
1190 4771 1241 4826 2.
1320 4771 1362 4801 ⁸⁸
1393 4772 1514 4824 Act.
1543 4785 1661 4831 vni,
1687 4771 1754 4823 50
1780 4783 1900 4838 sqq.

1848 4885 2106 4954 moth._n,
2140 4879 2233 4940 9.5,
2263 4881 2470 4954 μήποτε
2521 4879 2597 4951 δῷ
2649 4881 2832 4944 αὐτοῖς
2883 4882 2912 4932 ὁ
2962 4879 3094 4945 Θεὸς
3129 4868 3421 4954 patde

1847 4954 1926 5015 είς
1953 4952 2242 5018 ἐπίγνωσιν
2273 4949 2548 5019 ἀληθείας.

263 4885 360 5008 (ἶθ)
391 4886 478 4943 Sic
511 4887 836 4977 .le‘gendum.
887 4887 1046 4942 Ba‘rb.
1085 4886 1246 4940 habet
1281 4885 1566 4956 εὐθύτητα.
1605 4886 1737 4940 Vall.

313 4959 445 5008 heat.
472 4959 604 5008 ευθυ
632 4957 719 5008 τά.

206 4964 247 5008 et
273 4957 445 5011 Theat.
472 4958 604 5012 εὐθὺ
632 4957 719 5011 τά.

262 5024 363 5092 (80)
393 5030 561 5082 Sacer
592 5040 769 5082 textus
802 5026 958 5081 habet
986 5025 1286 5080 θεοσέϐεια.

260 5097 356 5164 (81)
389 5098 631 5152 Pessime
684 5106 788 5151 vet.
833 5097 1060 5165 interpr.
1123 5110 1358 5160 «aequus
1407 5104 1588 5149 autem
1635 5106 1745 5160 est,

206 5167 278 5230 qui
297 5168 439 5221 malis
453 5169 706 5221 omnibus
723 5167 984 5234 privatur,
1002 5165 1410 5220 condelectatur
1429 5180 1577 5228 vero,
1593 5184 1610 5216 ι
1640 5178 1747 5219 etc.

261 5236 356 5307 (ὃς)
381 5237 518 5306 Lego
548 5237 777 5307 ὲντονίᾳ.

260 5301 356 5371 (85)
387 5301 509 5361 HaEc
537 5320 643 5362 vet.
682 5301 905 5373 interpr.
935 5305 1016 5359 sic
1041 5305 1204 5358 vertit
1230 5322 1244 5355 :
1271 5323 1289 5354 ι
1313 5301 1429 5358 Νοη
1460 5313 1542 5359 est
1569 5314 1748 5358 autem

205 5378 417 5441 corporis
448 5376 679 5430 iuscatio
715 5393 728 5406 ο
755 5390 927 5443 neque
952 5376 1186 5430 carnalis
1216 5373 1375 5440 hujus
1397 5389 1608 5444 sponsae
1642 5377 1740 5428 ite-

208 5455 303 5516 [tun
320 5457 529 5512 putetur
555 5445 1261 5516 pulchritudo.SedAl'nscam
1289 5458 1408 5498 eam
1433 5446 1614 5513 dicit,»
1635 5455 1739 5499 etc.

208 5507 331 5565 ΝςΙιὶῘ
355 5507 609 5583 ejusmodi
640 5519 936 5583 interprete
969 5514 1260 5569 infelicius.

262 5585 361 5652 (84)
394 5584 460 5637 Δέ
492 5602 554 5638 ex
579 5583 841 5640 Vallicell.

264 5653 363 5726 (85)
417 5656 710 5719 Salutatus,
771 5655 1012 5726 «quippe
1062 5655 1127 5709 de
1177 5655 1413 5724 peccatis
1464 5653 1736 5726 acceperit

1871 1912 1986 1952 rem
2046 1909 2391 1953 contraxerat
2457 1899 2512 1952 in
2574 1900 2840 1956 idolorum
2901 1905 3047 1960 cultu
3123 1909 3440 1980 exterisque

1868 1989 2151 2046 dementiae
2180 2007 2289 2046 sua:
2313 1991 2607 2046 erroribus.

1938 2081 2004 2137 X.
2049 2081 2222 2154 Nigra
2256 2102 2371 2140 eum
2408 2098 2454 2140 et
2493 2091 2748 2157 formosa,
2778 2089 2908 2156 lilia:
2931 2089 3287 2149 Hierusalem.

1939 2263 2200 2336 Sponsam
2259 2267 2497 2322 arbitror
2565 2268 2704 2324 tilias
2765 2268 3095 2327 Hierusalem
3163 2275 3433 2343 appellare

1867 2357 2209 2426 propheticus
2252 2357 2518 2426 justorutu
2575 2361 2803 2418 animas.
2859 2363 2926 2418 Et
2965 2378 3180 2434 peccata
3215 2368 3433 2438 quidem

1867 2450 2184 2515 conﬁtetur;
2235 2451 2418 2518 sponsi
2464 2466 2595 2507 vero
2651 2454 2986 2511 humanitate
3029 2456 3264 2527 laetatur,
3303 2461 3432 2536 quia
3481 2455 3486 2458 ’

1866 2538 2112 2591 concedit
2176 2548 2519 2606 peccatorum
2604 2543 3002 2610 paenitentiam.
3085 2541 3220 2600 Vide
3293 2547 3434 2604 hanc

1867 2626 2072 2681 fuscant
2121 2642 2307 2683 revera
2341 2639 2396 2684 et
2440 2629 2764 2698 formosam,
2808 2650 2928 2704 quae
2956 2634 3111 2691 initio
3165 2635 3324 2692 ducto
3365 2638 3434 2694 ab

1865 2721 2113 2774 eunucho
2145 2720 2398 2790 Ethiope
2423 2723 2860 2792 praedicationem
2891 2725 3162 2798 Unigeniti
3200 2729 3433 2799 suscepit

1865 2827 1962 2882 per
1995 2811 2296 2882 Philippum
2333 2815 2634 2883 apostolum
2667 2817 2732 2869 “.
2767 2816 2918 2872 Unde
2937 2821 3096 2873 etiam
3127 2819 3294 2874 David
3318 2819 3432 2875 ait:

1870 2923 1889 2956 ι
1918 2905 2194 2975 ΑΞιὺὶορίιι
2223 2908 2513 2975 praeveniet
2537 2923 2753 2964 manum
2786 2910 2906 2980 ejus
2936 2913 3044 2966 Deo
3067 2912 3134 2966 ".
3161 2930 3182 2964 ›

1279 3215 1310 3260 ς
1339 3193 1536 3261 δέρῤις
1565 3196 1755 3246 Σαλο-

1931 3159 2026 3215 ΧΙ.
2070 3159 2137 3214 Ut
2175 3162 2512 3216 tabernacula
2539 3163 2730 3232 Cedar,
2762 3176 2818 3218 ut
2855 3166 3012 3234 pelles
3039 3165 3360 3227 Salomonis.

1939 3358 2112 3414 Cedar
2156 3361 2544 3429 interpretatur
2582 3358 2873 3415 Ostracine.
2917 3361 3179 3429 Quoniam
3231 3365 3436 3435 ubique

1859 3453 2122 3507 Cedarita:
2147 3451 2287 3506 male
2327 3451 2635 3516 audiebant,
2667 3462 2724 3505 ut
2748 3453 2822 3506 ait
2849 3450 3113 3508 Jeretnias
3154 3472 3169 3510 :
3201 3453 3426 3512 «Trans.

1860 3547 1933 3600 ite
1977 3546 2042 3598 ad
2085 3544 2287 3598 insulas
2343 3543 2634 3608 Chettiim',
2678 3554 2735 3597 et
2779 3543 3002 3598 videte:
3043 3554 3097 3601 et
3146 3545 3199 3600 in
3254 3545 3428 3604 Cedar

1859 3637 2077 3700 mittite,
2119 3645 2176 3690 et
2211 3636 2556 3691 considerate
2608 3637 2980 3701 vehementer,
3019 3637 3066 3692 si
3113 3636 3253 3692 facta
3302 3650 3427 3694 sunt

1859 3727 2016 3791 talia;
2061 3728 2105 3782 si
2164 3728 2491 3781 mutaverint
2532 3739 2718 3798 gentes
2761 3726 2892 3783 deos
2943 3743 3071 3784 suos
3119 3729 3232 3784 ".t
3292 3729 3426 3786 Cum

1857 3823 1998 3876 enim
2033 3836 2094 3874 ea
2129 3833 2272 3876 esset
2321 3823 2387 3875 de
2428 3820 2633 3876 insanis
2663 3820 2764 3876 illis
2811 3820 3074 3875 idolorum
3105 3822 3424 3887 cultoribus,

1857 3913 2146 3966 conﬁtetur
2192 3922 2248 3967 et
2305 3913 2478 3968 dicit:
2516 3930 2535 3962 ι
2569 3911 2638 3967 Ut
2696 3910 3040 3966 tabernacula
3103 3911 3298 3980 Cedar,
3367 3925 3427 3969 ut

1856 4006 2018 4074 pelles
2049 4004 2376 4059 Salomonis.
2409 4025 2429 4056 ι
2487 4003 2628 4058 Dicit
2653 4017 2712 4057 se
2745 4002 2914 4071 ipsam
2952 4017 3096 4070 esse,
3133 4015 3185 4060 et
3231 4005 3426 4061 exliu-

1855 4101 2005 4162 daeis,
2049 4110 2105 4154 et
2140 4115 2205 4153 ex
2241 4099 2532 4169 gentibus:
2570 4098 2933 4153 tabernaculis
2982 4099 3199 4168 quidem
3246 4099 3427 4156 Cedar

1854 4192 2159 4247 assimilans
2211 4207 2306 4248 eos
2335 4193 2426 4261 qui
2471 4192 2535 4246 ad
2578 4207 2695 4246 eam
2730 4203 2994 4248 venerunt
3023 4208 3091 4247 ex
3133 4193 3421 4262 gentibus;

1854 4283 1976 4350 pelli
2007 4293 2186 4336 autem
2223 4284 2529 4338 Salomonis
2561 4284 2812 4338 similiter
2845 4284 3048 4349 ﬁdeles,
3099 4285 3190 4355 qui
3233 4285 3300 4339 ab
3329 4283 3426 4340 ιυ-

1851 4372 1981 4424 dasis
2010 4371 2233 4440 profecti
2264 4383 2426 4435 sunt;
2475 4382 2530 4425 et
2555 4387 2746 4426 omnes
2776 4388 2935 4428 sacco
2969 4373 3135 4428 Deum
3185 4374 3422 4444 placant.

1923 4463 2036 4517 XII.
2083 4463 2245 4516 Vens.
2296 4463 2348 4514 5.
2393 4461 2475 4515 Ne
2514 4463 2730 4516 videatis
2778 4465 2918 4531 quod
2969 4481 3062 4533 ego
3110 4464 3261 4533 fusca
3299 4467 3422 4532 sint,

1779 4535 1819 4588 Β
1851 4557 2095 4626 quoniam
2123 4555 2352 4623 despexit
2377 4571 2456 4606 nte
2481 4555 2581 4607 sol.

1925 4648 2006 4700 Ne
2031 4663 2135 4710 tne,
2169 4647 2366 4715 inquit,
2397 4647 2687 4716 desperare
2718 4646 2950 4713 faciatis,
2977 4659 3197 4718 propter
3219 4663 3416 4718 pecca-

2002 4767 2046 4796 ⁵²
2073 4765 2215 4819 Psal.
2249 4778 2416 4827 vau,
2455 4762 2544 4815 3i.
2654 4763 2700 4794 ⁵³
2728 4763 2926 4818 Jerem.
2959 4781 3018 4828 ll,
3051 4765 3136 4819 10.

1922 5022 2035 5090 (86)
2067 5021 2336 5090 Philippus
2389 5019 2475 5090 ille
2527 5031 2645 5074 erat
2675 5036 2819 5073 unus
2851 5036 2881 5073 e
2920 5029 3125 5088 septem
3175 5021 3423 5080 diaconis

1853 5088 1990 5160 quos
2015 5091 2133 5144 Act.
2168 5105 2242 5154 vt,
2269 5089 2321 5152 5,
2352 5090 2411 5141 D.
2443 5088 2617 5144 Lucas
2643 5099 3049 5144 commemorat.
3088 5091 3194 5146 Sed
3212 5104 3424 5150 veteres

1857 5163 2102 5215 solebant
2135 5160 2459 5226 apostolicos
2486 5160 2630 5212 viros
2661 5160 2932 5228 appellare
2961 5162 3257 5228 apostolos.
3290 5163 3422 5219 Vide

1859 5246 1977 5300 qua!
2001 5231 2200 5300 veteris
2227 5230 2493 5300 versionis
2520 5230 2696 5283 editor
2719 5231 2928 5300 erudite
2955 5231 3022 5282 ad
3051 5232 3197 5286 hunc
3220 5232 3416 5287 locum.

1926 5301 2034 5369 (87)
2053 5300 2126 5353 De
2154 5298 2326 5369 Cedar
2347 5309 2402 5353 et
2426 5299 2710 5354 Ostracine
2749 5299 2915 5352 multa
2945 5299 3162 5356 disserit
3185 5304 3252 5355 ad
3276 5303 3420 5358 hunc

1853 5368 2029 5424 locum
2067 5369 2202 5421 lectu
2235 5368 2390 5437 plane
2415 5369 2576 5438 digna
2619 5369 2760 5423 idem
2789 5380 2896 5423 vet.
2925 5369 3194 5424 versiouis
3216 5371 3415 5426 editor.

1917 5440 2030 5506 (88)
2062 5439 2224 5492 Vetus
2255 5439 2520 5507 interpres
2559 5439 2887 5492 luculentius
2930 5454 3149 5493 sensum
3179 5443 3419 5498 auctoris

1843 5509 2066 5576 exponit
2098 5527 2110 5562 :
2149 5527 2168 5559 ι
2199 5507 2404 5574 Ubique
2441 5509 2772 5563 Cedarenses
2804 5509 2857 5561 in
2911 5507 3188 5574 Scriptura
3234 5509 3417 5567 divina

1842 5580 1910 5634 de
1939 5579 2239 5632 idololatria
2273 5579 2575 5646 culpantur,
2605 5581 2744 5631 sicut
2767 5579 2838 5631 ait
2863 5586 2918 5631 et
2945 5577 3268 5634 Jeremias.»

1912 5649 2022 5718 (89)
2059 5647 2127 5718 Td
2162 5649 2231 5711 ἐξ
2276 5647 2590 5702 Ἰουδαίων.
2633 5646 2877 5718 Ιιιμιίλτόν
2902 5657 3009 5718 est
3038 5651 3220 5718 acod.
3261 5649 3418 5708 Valli—

210 5715 566 5786 poéuitentiant.
594 5745 612 5778 ι
651 5715 769 5780 Vel.
831 5715 1114 5790 interpres,
1169 5715 1462 5793 {quoniam
1497 5715 1736 5793 eiciatur

1876 5715 2085 5793 eltianp.
2115 5717 2371 5793 Legeretn
2404 5720 2615 5793 lubens,
2650 5715 2712 5793 τὸ
2739 5715 2837 5784 μὲν
2866 5716 2923 5793 ἐξ
2967 5715 3255 5793 Ἰουδαίων,
3277 5721 3338 5774 τὸ
3362 5722 3418 5775 δὲ

210 5797 490 5857 pteuuentia
533 5806 892 5864 peccatorum.
916 5813 935 5846 ι
963 5793 1057 5850 Est
1083 5791 1301 5850 Paulina
1346 5794 1541 5849 locutio
1562 5792 1602 5846 ll
1634 5791 1728 5847 Ti-

1837 5788 1897 5855 ἐξ
1923 5787 2110 5854 ἐθνῶν,
2143 5807 2160 5838 ι
2183 5790 2380 5858 partim
2407 5804 2472 5843 ex
2503 5787 2730 5854 ludatis,
2763 5790 2961 5858 partim
2993 5802 3060 5844 ex
3093 5792 3367 5856 stantibus.
3393 5810 3414 5846 ι
