3878 6270
380 366 449 422 Π
1506 355 1824 413 PlllLONlS
1863 355 2170 412 EPISCOPl
2211 356 2294 413 CA
2303 354 2524 412 ΒΡΑὲΙί
3543 352 3615 405 48

381 498 553 542 torum
583 497 823 541 meorum
861 482 1156 550 nigrorcm,
1193 479 1335 549 quod
1362 477 1578 549 oblique
1607 495 1692 534 me
1722 495 1941 549 aspexe-

2069 479 2330 542 ιελανίας,
2357 480 2436 533 ὅτι
2461 477 2768 549 παρὲὄλεψέ
2800 495 2868 549 με
2895 472 3152 545 Χριστὸς.
3177 472 3206 525 6
3232 472 3328 542 τῆς
3351 466 3619 522 δικαιοσύ-

379 579 449 632 rlt
475 575 721 631 Christus
755 574 980 642 justitize
1027 571 1126 625 sol.
1176 570 1231 624 Si
1262 572 1404 625 enim
1434 571 1685 625 sensibile
1717 581 1860 625 esset
1891 570 1942 623 id

379 669 446 722 de
467 682 576 737 quo
603 680 782 721 sermo
806 675 910 730 est,
942 674 998 718 et
1021 663 1087 717 de
1117 667 1230 718 sole
1256 662 1566 732 aspectabili
1612 661 1943 731 loqueretur,

380 775 486 813 non
517 759 741 821 diceret,
795 775 814 806 ι
845 756 1069 823 Oblique
1112 768 1198 808 me
1232 753 1321 807 hic
1350 752 1428 807 sol
1460 753 1667 820 aspexit
1694 771 1706 806 :
1737 771 1756 804 ι
1800 768 1944 817 nam,

379 851 474 922 qui
508 852 560 905 in
594 851 783 904 umbra
808 849 897 902 alti
928 847 1248 914 educatique
1269 855 1410 910 sunt,
1439 846 1621 914 potius
1643 845 1939 900 albescunt.

380 943 473 998 Illa
531 950 709 998 autem
768 949 892 994 ante
929 940 1082 992 ﬁdem
1133 938 1184 991 in
1231 952 1430 990 vesano
1485 936 1746 989 idolorum
1800 935 1944 989 cultu

383 1043 616 1096 versata,
664 1042 720 1087 et
773 1031 841 1085 ab
885 1029 1106 1097 iustitiae
1151 1027 1263 1082 sole
1323 1029 1668 1081 transversim
1707 1037 1946 1096 aspecta,

382 1129 528 1182 fusca
567 1125 705 1177 facta
739 1131 845 1184 est,
882 1123 1051 1175 donec
1100 1138 1118 1171 ι
1148 1117 1424 1188 speciosus
1467 1115 1636 1170 forma
1678 1132 1787 1186 prae
1821 1116 1946 1170 liliis

383 1217 656 1272 hominum
695 1213 741 1245 ⁸⁸
772 1231 790 1264 ι
850 1212 1067 1265 veniens
1109 1209 1382 1279 impressit
1424 1211 1476 1262 in
1541 1222 1602 1261 ea
1648 1222 1743 1276 per
1771 1207 1946 1275 bapti-

387 1322 561 1360 smum
597 1303 1047 1374 pulchritudinem
1079 1298 1714 1368 suam,quemadmodum
1741 1299 1817 1351 ait
1845 1297 1949 1349 Da-

384 1399 516 1452 vid:
552 1397 876 1465 «Signatum
935 1402 1020 1446 est
1069 1391 1120 1445 iu
1189 1391 1342 1445 nobis
1390 1391 1565 1443 lumen
1620 1389 1945 1452 vultus‘tui,

387 1489 608 1546 Domine
653 1489 740 1550 ὐς
774 1504 792 1536 υ
822 1494 875 1537 et
928 1498 1116 1538 rursus
1169 1481 1299 1535 alibi
1334 1499 1347 1533 :
1384 1500 1402 1532 ι
1437 1481 1502 1534 Et
1549 1480 1653 1534 crit
1696 1479 1948 1550 splendor

385 1581 593 1635 Domini
627 1579 718 1634 Dei
751 1577 918 1632 nostri
955 1590 1118 1644 super
1147 1590 1246 1628 nos
1269 1575 1336 1627 ".
1368 1593 1386 1624 ι

452 1777 591 1832 Χιιι.
631 1776 762 1831 Filii
799 1775 982 1828 matris
1019 1790 1146 1828 mete
1184 1783 1540 1843 pugnaverunt
1579 1774 1632 1826 in
1676 1789 1777 1827 me.

2054 588 2151 640 νης
2182 571 2210 622 6
2232 569 2399 639 ἥλιος.
2434 569 2499 620 Ei
2537 568 2646 638 γὰρ
2686 565 2940 636 αἰσθητὸν
2979 561 3091 634 (90)
3125 556 3191 631 ἦν
3239 558 3300 611 τὸ
3332 556 3624 626 λεγόμενον

2054 662 2149 714 καὶ⁸
2174 662 2301 732 περὶ
2325 661 2514 714 τούτου
2548 658 2640 712 τοῦ
2674 657 2823 728 ἡλίου
2849 653 2917 728 ἦν
2950 655 3008 708 τὸ
3044 650 3389 721 λαλούμενον,
3422 647 3521 700 οὐκ
3556 646 3626 698 ἂν

2055 749 2240 817 ἔλεγεν
2261 789 2275 812 ,
2297 750 2379 802 ὃτι
2416 747 2757 820 «Παρέϐλεψέ
2796 765 2863 818 με
2885 749 2912 798 6
2928 745 3076 815 ἥλιος
3105 735 3258 804 οὗτος
3278 757 3290 769 ·
3309 758 3326 790 ι
3351 737 3485 792 ἀλλά
3509 737 3623 807 (91)

2060 843 2259 914 μᾶλλον
2309 845 2358 897 οί
2434 845 2561 914 σκιᾷ
2622 842 2978 914 τροφούμενοι
3039 836 3170 904 (92)
3230 832 3618 886 λευκαίνονται.

2067 934 2278 1004 Ἐκείνη
2308 933 2364 987 δὲ
2390 934 2447 987 ὲν
2479 936 2597 996 ταῖς
2624 933 2731 985 τῶν
2762 931 2992 986 εἰδώλων
3011 922 3371 995 ἐξεταζομένη
3407 917 3625 991 μανίαις

2058 1025 2163 1095 πρὸ
2187 1026 2286 1096 τῆς
2315 1025 2570 1088 πίστεως,
2595 1025 2688 1078 καὶ
2722 1024 2825 1078 ὑπὸ
2857 1021 2949 1076 τοῦ
2973 1022 3070 1090 τῆς
3097 1015 3442 1085 δικαιοσύνης
3471 1009 3624 1081 ἡλίου

2059 1117 2458 1189 παρεωραμένη
2522 1117 2733 1187 ὑπῆρχε
2786 1111 3244 1186 μεμελανωμένη·
3305 1107 3409 1168 ἕως
3445 1099 3505 1158 οὗ
3550 1121 3568 1152 ι
3597 1103 3628 1155 6

2055 1208 2253 1280 ὡραῖος
2267 1209 2449 1262 κάλλει
2475 1208 2625 1278 παρὰ
2648 1208 2771 1270 τοὺς
2794 1207 2942 1268 υἱοὺς
2955 1203 3060 1257 τῶν
3083 1199 3384 1270 ἀνθρώπων
3414 1215 3432 1248 ι
3453 1210 3630 1264 παρα-

2054 1301 2366 1371 γενόμενος.
2405 1301 2466 1354 τὸ
2509 1300 2700 1354 ἑαυτοῦ
2747 1299 2944 1360 κάλλος
2988 1297 3076 1350 διά
3115 1293 3208 1348 τοῦ
3255 1290 3626 1362 βαπτίσματος

2055 1393 2472 1446 ἐναπετύπωσεν
2505 1395 2586 1445 εἰς
2623 1392 2818 1462 αὑτήν·
2871 1387 3053 1451 καθὼς
3077 1387 3171 1440 καὶ
3209 1385 3371 1438 ama
3399 1383 3626 1452 φάσκει·

2061 1504 2080 1537 t
2130 1484 2474 1556 Ἐσημειώθη
2505 1486 2588 1553 ἐφ’
2629 1485 2778 1554 ἡμᾶς
2806 1482 2866 1536 τὸ
2895 1481 3009 1550 φῶς
3047 1479 3140 1532 τοῦ
3181 1475 3471 1548 προσώπου
3507 1489 3624 1530 σου.

2055 1576 2227 1648 Κύριε
2247 1595 2262 1610 ο
2300 1595 2318 1628 ι
2353 1577 2447 1631 καὶ
2467 1575 2701 1646 ἀλλαχοῦ
2736 1574 2896 1628 πάλιν
2915 1589 2929 1602 ·
2969 1592 2986 1623 ι
3017 1573 3126 1624 Καὶ
3154 1573 3292 1622 ἑστω
3317 1569 3351 1640 ἡ
3383 1564 3630 1635 λαμπρύ-

2055 1686 2155 1742 της
2180 1669 2385 1742 Κυρίου
2417 1667 2512 1722 τοῦ
2536 1668 2670 1721 Θεοῦ
2696 1668 2851 1738 ἡμῶν
2879 1665 2964 1735 ἐφ’
2993 1665 3156 1736 ἡμᾶς.
3197 1681 3216 1714 ι

2129 1782 2226 1836 ll".
2263 1781 2382 1835 Υἱοὶ
2403 1781 2634 1850 μητρός
2656 1797 2774 1848 μου
2800 1777 3172 1847 ἐμαχέσαντο
3205 1775 3275 1826 ἐν
3300 1770 3451 1840 ἐμοί.

450 1871 617 1928 Filios
667 1869 854 1924 matris
901 1881 1013 1922 sua;
1055 1868 1290 1920 arbitror
1339 1868 1517 1920 dicere
1542 1866 1812 1935 sapientes
1847 1879 1951 1920 cm-

2129 1873 2291 1937 Υἱοὺς
2317 1872 2520 1944 μητρὸς
2535 1873 2704 1942 αὐτῆς
2733 1866 2884 1941 οἶμαι
2904 1869 3028 1931 τοὺς
3053 1867 3248 1936 σοφοὺς
3267 1865 3365 1934 τῆς
3393 1863 3603 1931 ὲπουρα

388 1965 540 2019 Iestis
574 1962 723 2033 regni
767 1960 938 2023 illius,
973 1956 1262 2028 apostolos.
1303 1957 1372 2013 Ut
1427 1969 1606 2012 autem
1663 1958 1961 2012 luculenter

385 2061 785 2113 demonstretur
830 2063 1104 2108 strenuam
1157 2060 1213 2104 et
1255 2049 1534 2120 pulchram
1579 2065 1808 2118 pugnam
1863 2065 1961 2118 pa-

387 2163 506 2202 rere
533 2159 749 2217 pacem,
789 2145 1069 2212 zelumque
1107 2140 1292 2196 amare
1334 2142 1571 2195 divinum
1595 2182 1610 2202 .
1673 2141 1791 2196 vide
1832 2141 1957 2209 quid

387 2239 583 2295 Paulus
609 2238 755 2294 dicat
780 2255 794 2292 :
823 2255 843 2288 ι
873 2237 990 2290 Dixi
1021 2235 1216 2304 Cepltze
1241 2272 1258 2298 ,
1295 2253 1315 2285 ι
1348 2233 1552 2302 inquit,
1584 2253 1603 2284 ι
1636 2248 1817 2288 coram
1843 2249 1958 2287 oui-

385 2331 544 2387 nibus
572 2347 586 2384 :
624 2329 682 2384 Si
719 2338 772 2382 tu
802 2344 923 2383 cum
947 2326 1164 2382 Judaaus
1195 2325 1304 2388 sis,
1337 2324 1611 2394 gentiliter
1637 2335 1691 2378 et
1724 2339 1828 2378 non
1862 2323 1960 2378 Ju-

386 2419 542 2472 daice
561 2417 744 2472 vivere
777 2414 1052 2470 instituisti
1087 2423 1305 2484 propter
1332 2413 1602 2467 Christum
1631 2424 1686 2467 et
1713 2413 1950 2468 aediﬁca-

387 2508 589 2564 tionem
631 2505 896 2570 tldelium,
932 2519 1031 2558 cur
1074 2514 1262 2572 gentes
1302 2503 1454 2572 cogis
1498 2503 1780 2568 judaizare
1807 2505 1854 2537 ⁸⁷
1880 2505 1904 2556 ?
1932 2521 1951 2554 ι

386 2601 704 2674 Huiusmodi
755 2599 1034 2670 paciﬁcam
1087 2611 1395 2667 pugnavere
1451 2612 1683 2667 pugnam
1738 2599 1790 2651 in
1841 2612 1948 2663 ea;

385 2707 670 2766 propterea
707 2692 840 2748 dicit
875 2709 891 2745 :
932 2707 950 2741 ι
995 2688 1114 2743 Filii
1155 2691 1344 2741 matris
1395 2704 1528 2742 mere
1579 2697 1957 2758 pugnaverunt

387 2790 444 2844 in
479 2803 582 2843 me.
615 2807 636 2839 ι

455 2898 598 2956 XIV.
641 2899 937 2954 Posummt
975 2914 1055 2952 me
1093 2907 1359 2950 cuataaem
1406 2896 1460 2947 in
1498 2895 1678 2948 vineis.
1742 2891 1953 2945 Vineam

388 3003 556 3042 meam
597 3004 701 3041 non
735 2987 1010 3041 custodivi.

464 3081 630 3135 Vinea
670 3079 911 3150 pluribus
935 3079 1070 3136 locis
1110 3079 1164 3135 in
1205 3075 1379 3134 sacris
1417 3074 1712 3144 Scripturis
1753 3074 1953 3144 scripta

2058 1965 2171 2018 νίου
2207 1963 2481 2035 βασιλείας
2514 1965 2684 2026 υἱοὺς,
2709 1963 2834 2023 τοὺς
2861 1959 3190 2020 ἀποστόλους
3219 1956 3420 2024 λέγειν.
3437 1953 3554 2006 Ἵνα
3571 1951 3629 2005 δὲ

2060 2057 2373 2125 σαφέστατα
2396 2054 2579 2124 δειχθῇ
2614 2053 2724 2124 (95)
2755 2038 2965 2122 ἀγαθήν
3010 2067 3068 2102 τε
3101 2049 3195 2102 καὶ
3246 2045 3416 2116 καλὴν
3448 2043 3630 2113 μάχην

2059 2144 2152 2198 καὶ
2183 2144 2402 2215 εἰρήνης
2435 2141 2801 2212 παρεκτικὴν,
2849 2140 2943 2192 καὶ
2979 2137 3140 2208 ζήλου
3172 2135 3511 2206 ἐμπνέουσαν
3540 2133 3630 2184 ἐν-

2059 2237 2206 2300 θέου,
2251 2234 2413 2305 βλέπε
2434 2234 2487 2286 τί
2521 2233 2731 2296 Παῦλος
2761 2232 2936 2300 λέγει·
2971 2250 2990 2281 t
3032 2227 3378 2300 Ἐμπροσθεν
3407 2226 3626 2279 πάντων

2058 2327 2208 2382 εἶπον
2245 2327 2323 2398 τῷ
2352 2328 2518 2398 Κηφᾷ
2540 2343 2553 2355 °
2594 2328 2657 2379 El
2697 2325 2759 2379 σὺ
2798 2325 3042 2388 Ἰουδαῖος
3069 2323 3348 2393 ὑπάρχων,
3371 2317 3623 2380 ἐθνικῶς,

2057 2422 2150 2475 καὶ
2187 2422 2285 2474 οὐκ
2321 2419 2642 2482 Ἰουδαϊκῶς,
2673 2419 2770 2490 ζῇν
2800 2418 3107 2488 προῄρησαι
3148 2415 3258 2484 (94)
3279 2413 3364 2466 διὰ
3391 2411 3628 2482 Χριστὸν

2057 2516 2151 2566 καὶ
2182 2512 2280 2584 τὴν
2305 2511 2590 2582 οἰκοδομὴν
2618 2510 2726 2564 τῶν
2743 2510 2968 2570 πιστῶν,
3002 2508 3118 2571 πῶς
3139 2507 3206 2560 τὰ
3234 2505 3360 2575 ἔθνη
3387 2503 3630 2572 ἀναγκά-

2057 2602 2169 2666 ζεις
2215 2600 2524 2664 ίουδαϊζεινς
2569 2619 2587 2650 ι
2627 2600 2893 2670 Τοιαύτην
2937 2599 3217 2671 εἰρηνικὴν
3289 2596 3630 2666 ἐμαχέσαντο

2059 2695 2237 2765 μάχην
2266 2696 2324 2747 ὲν
2354 2695 2493 2764 αὐτῇ
2521 2711 2534 2724 ·
2569 2693 2649 2746 διὸ
2677 2691 2824 2760 λέγει
2845 2707 2858 2721 ·
2889 2709 2908 2742 t
2951 2691 3069 2744 Υἱοὶ
3097 2689 3302 2760 μητρός
3345 2705 3445 2758 μου
3489 2688 3630 2756 ὲμα-

2055 2786 2279 2859 χέσαντο
2303 2787 2360 2839 ὲν
2384 2786 2525 2856 ἐμοί.
2559 2805 2577 2836 ι

2127 2901 2224 2952 lA'.
2256 2900 2504 2953 Ἐθεντό
2521 2916 2597 2968 με
2620 2897 3014 2968 φυλὰκισσαν
3036 2898 3107 2951 ἐν
3140 2895 3483 2967 ἀμπελῶσι·
3519 2894 3632 2950 τὸν

2055 2990 2373 3060 ἀμπελῶιπ
2401 2991 2510 3062 (95)
2533 2992 2680 3061 ἐμὸν
2709 2992 2819 3044 οὐκ
2840 2991 3131 3060 ἐφύλαξα.

2138 3082 2422 3154 Ἀμπελὼν
2485 3082 2897 3153 ἀναγέγραπται
2960 3081 3200 3152 πολλαχῆ
3250 3081 3347 3152 μὲν
3398 3081 3456 3133 ὲν
3506 3081 3632 3142 ταῖς

395 3174 684 3245 reperitur.
721 3170 968 3226 Breviter
1000 3170 1282 3226 dicendum
1317 3179 1398 3223 cst
1428 3166 1793 3235 evangelicum
1826 3163 1951 3217 illud

2069 3172 2229 3236 θείαις
2251 3172 2492 3243 Γραφαῖς
2512 3188 2525 3200 ·
2557 3173 2613 3223 ὲν
2642 3172 2874 3242 ἐπιτομῇ
2903 3170 2957 3223 δὲ
2983 3170 3199 3223 λεκτέον
3239 3171 3299 3224 τὸ
3347 3169 3631 3239 εὐαγγελι-

390 3264 604 3320 Domini
657 3265 722 3318 de
771 3264 838 3317 iis
869 3264 960 3333 qui
1018 3279 1123 3318 non
1175 3264 1306 3316 dant
1354 3261 1596 3322 fructus,
1647 3259 1711 3311 iis
1749 3256 1838 3327 qui
1879 3255 1955 3327 (a

390 3352 819 3422 patrefamilias)
877 3351 1025 3406 missi
1078 3351 1294 3406 fuerunt
1337 3365 1352 3403 :
1406 3365 1425 3398 ι
1460 3345 1648 3400 Veniet
1709 3344 1957 3400 dominus

386 3445 592 3508 vineae,
638 3455 694 3499 et
748 3442 919 3497 malos
969 3441 1107 3496 male
1157 3442 1344 3512 perdet
1397 3439 1584 3508 ipsos,
1637 3445 1693 3492 et
1746 3438 1955 3491 vineam

391 3535 593 3590 locabit
621 3534 744 3589 aliis
777 3533 1028 3603 agricolis
1059 3533 1149 3600 qui
1202 3533 1426 3586 reddent
1472 3529 1677 3583 fructus
1721 3538 1960 3598 tempore

389 3640 491 3683 suo
524 3627 594 3681 ".
633 3645 652 3678 ι
703 3627 1005 3680 Continuat
1066 3636 1244 3679 autem
1307 3622 1562 3678 Dominus
1615 3621 1854 3686 dictum,
1905 3629 1960 3675 et

388 3717 575 3773 subdit
609 3717 794 3772 dicens
827 3717 894 3769 ad
930 3729 1065 3772 eos:
1107 3733 1126 3766 ι
1162 3715 1451 3768 Auleretur
1482 3728 1511 3762 ιι
1548 3711 1702 3765 vobis
1734 3725 1956 3779 regnum

395 3806 486 3862 Dei
519 3806 591 3864 ".
630 3825 648 3858 ι
712 3804 913 3860 Deinde
961 3804 1197 3874 loquitur
1249 3805 1316 3857 de
1364 3803 1463 3856 bac
1515 3815 1738 3872 sponsa,
1796 3815 1958 3870 quam

390 3897 541 3953 novit
586 3897 638 3950 in
686 3896 929 3951 Canticis
974 3895 1310 3949 canticorum
1367 3909 1488 3946 cum
1540 3907 1598 3946 se
1639 3891 1754 3959 ipso
1789 3892 1958 3944 collo-

388 3989 576 4059 quium
612 3989 815 4044 ltabere
847 4006 862 4042 :
896 4006 915 4039 ι
953 3987 1017 4040 Ει
1049 3986 1266 4040 dabitur
1301 3986 1448 4055 genti
1489 3984 1706 4039 facienti
1748 3981 1959 4038 fructus

389 4083 506 4152 ejus
539 4082 609 4138 '°.
639 4099 659 4133 ι
689 4081 813 4136 Ηωε
864 4080 934 4134 ab
983 4079 1242 4148 apostolis
1296 4078 1514 4147 ponitur
1563 4077 1616 4130 in
1679 4077 1782 4130 hac
1835 4075 1957 4130 ﬁdei

389 4174 547 4229 vinea
602 4183 786 4229 custos
847 4169 1054 4227 fructus
1115 4170 1313 4224 uutltos
1379 4181 1626 4224 racemos
1687 4167 1953 4222 habentis.

393 4283 415 4316 ι
458 4264 758 4321 Posuerunt
796 4278 883 4318 me
908 4263 1185 4318 custodem
1227 4262 1280 4315 in
1319 4259 1494 4314 vinea.
1528 4276 1548 4310 ι
1586 4257 1788 4312 Deinde
1821 4271 1954 4310 con-

387 4357 678 4414 fessionem
774 4370 928 4411 suam
991 4354 1212 4423 exponit
1273 4350 1576 4406 luds-orum
1647 4363 1952 4422 synagoga,

389 4449 612 4517 ipsaque
660 4445 882 4512 fatetur,
935 4460 994 4500 se
1039 4461 1068 4499 a
1112 4443 1312 4500 Iudaeis
1343 4445 1411 4498 ad
1454 4452 1695 4497 sanctam
1741 4442 1954 4497 venisse

2059 3265 2154 3318 κδν
2186 3265 2362 3317 ἐκεῖνο
2388 3263 2590 3335 Κυρίου
2633 3262 2745 3333 (96)
2776 3262 2904 3334 περ).
2947 3261 3054 3314 τῶν
3091 3262 3166 3332 μὴ
3204 3261 3454 3315 διδόντων
3502 3261 3632 3326 τοίς

2059 3355 2306 3426 καρποὺς
2339 3356 2451 3417 τοῖς
2494 3352 2906 3406 ἀποσταλεῖσιν·
2945 3371 2964 3403 ι
3019 3352 3326 3405 Ἐλεύσεται
3359 3351 3388 3403 6
3442 3351 3633 3423 κύριος

2058 3445 2150 3498 τοῦ
2178 3444 2519 3515 ἀμπελῶνος,
2551 3446 2645 3497 καὶ
2667 3445 2870 3506 κακοὺς
2893 3443 3078 3506 κακῶς
3107 3443 3361 3496 ἀπολέσει
3395 3444 3591 3507 αύτούς
3611 3458 3628 3473 ⁶

2060 3538 2153 3590 καὶ
2180 3537 2270 3589 τὸν
2290 3535 2589 3606 ἀμπελῶνα
2633 3533 2928 3588 ἐκδώσεται
2973 3532 3152 3596 ἄλλοις
3184 3536 3468 3604 γεωργοῖς,
3500 3533 3616 3586 οἰτιρ

2060 3643 2148 3690 νες
2185 3625 2414 3679 δώσουσι
2455 3627 2580 3689 τοὺς
2619 3626 2866 3697 καρποὺς
2891 3626 2948 3677 ἐν
2980 3628 3092 3688 τοῖς
3125 3627 3335 3696 καιροῖς
3362 3623 3561 3677 αὐτῶν.
3603 3643 3624 3676 ι

2072 3717 2128 3768 Ὀ
2171 3716 2226 3768 δὲ
2271 3714 2472 3786 Κύριος
2519 3714 2726 3784 βεϐαιοῖ
2760 3713 2820 3766 τὸ
2865 3717 3037 3785 ῥῆμα,
3081 3717 3179 3766 καὶ
3223 3715 3416 3781 ἐπάγει
3455 3712 3632 3781 λέγων

2060 3808 2195 3880 πρὸς
2215 3807 2483 3870 ἐκείνους·
2523 3824 2542 3857 t
2597 3805 2918 3878 Ἀρθήσεται
2953 3807 3045 3876 ἀφ’
3091 3805 3244 3876 ὑμῶν
3284 3808 3318 3878 ἡ
3382 3805 3630 3876 βασιλεία

2058 3899 2152 3952 τοῦ
2183 3897 2339 3951 Θεοῦ.
2374 3917 2392 3948 ι
2421 3898 2530 3951 Καὶ
2567 3897 2717 3966 λέγει
2749 3899 2879 3969 περὶ
2913 3897 3136 3967 ταύτης,
3169 3890 3236 3968 ἦς
3265 3892 3373 3949 οἶδε
3407 3895 3632 3968 νύμφης

2058 3985 2160 4056 τῆς
2189 3987 2248 4038 ἐν
2281 3985 2552 4056 ’ᾼσμασιν
2576 3985 2724 4056 αύτῷ
2763 3986 3224 4058 προσομιλούσης·
3261 4005 3278 4038 ι
3315 3986 3424 4039 Καὶ
3448 3986 3627 4059 δωθή-

2061 4091 2211 4129 σεται
2245 4075 2385 4128 ἔθνει
2405 4077 2483 4148 τῷ
2509 4076 2747 4130 ποιοῦντι
2778 4079 2902 4140 τοὺς
2934 4079 3182 4148 καρποὺς
3219 4077 3402 4130 αὐτοῦ.
3431 4098 3448 4127 ι
3475 4077 3626 4150 Λῦτη

2058 4166 2165 4219 ὑπὸ
2191 4166 2300 4220 τῶν
2329 4169 2640 4221 ἀποστόλων
2668 4168 2874 4220 τίθεται
2912 4168 3220 4237 φυλάκισσα
3255 4170 3311 4221 ὲν
3341 4169 3629 4238 ἀμπελῶνι

2057 4259 2230 4330 τούτῳ
2255 4260 2356 4330 τῆς
2383 4261 2616 4324 πίστεως
2637 4259 2958 4330 πολυϐότρυϊ
2992 4259 3207 4331 καρπῷ.
3249 4277 3267 4310 t
3303 4260 3524 4313 Ἔθεντό
3556 4278 3627 4331 με

2059 4348 2399 4416 φυλάκισσαν
2431 4353 2488 4403 ὲν
2518 4351 2818 4420 ἀμπελῶνι.
2851 4370 2870 4402 ι
2906 4347 3038 4404 Εἶτα
3082 4349 3544 4422 ἐξομολογουμένη
3590 4354 3628 4423 ἡ

2069 4441 2339 4494 Ἰουδαίων
2375 4443 2686 4512 συναγωγὴ,
2712 4443 2806 4495 καὶ
2841 4442 2976 4511 αὐτὴ
3011 4442 3260 4512 ὁμολογεῖ
3290 4443 3364 4504 ὡς
3395 4441 3628 4496 ἐλθοῦσα.

389 4539 725 4604 Ecclesiam,
783 4549 840 4594 et
890 4538 1013 4593 ait:
1049 4555 1068 4588 ι
1102 4537 1324 4591 Vineam
1382 4550 1555 4590 meam
1612 4549 1719 4588 non
1767 4543 1950 4588 custo-

2069 4533 2165 4586 ὰπὸ
2211 4533 2478 4587 Ἰουδαίων
2502 4537 2578 4599 είς
2605 4536 2701 4605 τὴν
2727 4535 2888 4603 ἁγίαν
2935 4535 3280 4605 Ἐκκλησίαν,
3315 4535 3407 4590 καί
3449 4553 3624 4605 φησι·

386 4631 493 4686 divi
525 4646 544 4686 :
579 4649 598 4684 ι
630 4630 683 4685 id
715 4639 831 4694 est,
864 4644 985 4698 quas
1031 4629 1086 4684 in
1134 4627 1250 4696 lege
1294 4635 1458 4681 antea
1503 4634 1770 4696 praecepta
1831 4624 1949 4679 fuc-

2061 4645 2080 4676 ι
2120 4626 2223 4678 Τὸν
2244 4626 2536 4696 ἀμπελῶνα
2568 4627 2698 4698 ἐμὸν
2731 4627 2830 4681 ούκ
2850 4625 3112 4697 ἐφύλαξα·
3149 4647 3168 4680 ι
3205 4628 3342 4700 ὅπερ
3369 4629 3486 4681 ἐστί
3508 4629 3628 4683 ·Τὰ

456 4828 502 4863 ³⁸
540 4826 682 4882 Psal.
714 4842 860 4892 χειν,
895 4827 950 4882 '5.
1025 4825 1071 4856 "
1119 4822 1256 4878 Psal.
1289 4839 1359 4885 tv,
1391 4823 1444 4876 7.
1521 4823 1567 4855 “
1606 4822 1750 4877 l'sal.
1788 4838 2013 4885 una,
2058 4824 2141 4877 l7.
2217 4829 2261 4861 ⁸⁷
2296 4826 2469 4882 Galat.
2519 4845 2580 4891 ιι,
2618 4829 2702 4883 ll.
2781 4828 2828 4859 ⁸⁸
2868 4827 3056 4883 Matth.
3092 4845 3208 4896 ut,
3238 4829 3326 4886 41.
3405 4830 3450 4863 ³⁸
3491 4830 3624 4886 ibid.

387 4901 479 4956 45.
556 4898 602 4930 ⁸⁸
640 4898 770 4953 ibid.

456 5079 572 5152 (90)
611 5081 680 5134 El
708 5077 820 5148 γὰρ
852 5077 1158 5152 αἰσθητῶς.
1208 5075 1330 5152 litae
1383 5077 1610 5152 barbare
1659 5077 1738 5152 sic
1791 5078 1953 5152 vertit

2120 5076 2625 5154 (92)_0mnes_quos
2659 5077 2820 5154 _vidi,_
2847 5077 3196 5145 manuscripti
3242 5077 3444 5154 habent
3492 5084 3623 5154 σκιᾷ

386 5145 494 5208 vet.
518 5145 801 5218 interpres,
827 5161 967 5203 utea
990 5163 1094 5202 non
1122 5148 1278 5219 facile
1300 5148 1563 5219 intelligas
1586 5165 1600 5199 :
1621 5165 1640 5197 ι
1664 5146 1779 5202 Νοιι
1807 5149 1949 5219 enim

2069 5145 2425 5219 τροφούμενοι.
2461 5145 2765 5219 Legendutn
2799 5145 3029 5219 fortasse
3061 5147 3579 5219 σκιατραφούμενοι.

385 5231 504 5277 erat
544 5217 797 5274 sensibile
841 5221 982 5287 quod
1028 5217 1262 5278 dicebat,
1294 5217 1386 5270 sed
1424 5220 1491 5270 de
1521 5217 1625 5270 isto
1657 5227 1775 5272 erat
1816 5217 1949 5282 sole,

2125 5218 2236 5287 (95)
2274 5219 2364 5270 Sic
2407 5217 2709 5279 emendavi,
2752 5233 2871 5270 cum
2912 5217 3072 5271 Bari).
3122 5230 3174 5272 et
3218 5217 3414 5272 Vallic.’
3453 5221 3618 5274 babe-

385 5291 528 5363 quod
558 5289 1055 5363 loquebatttr._Nam
1095 5300 1200 5340 non
1231 5287 1451 5350 diceret,
1471 5304 1509 5363 Δ‹
1531 5288 1659 5363 quia
1704 5287 1951 5363 despexit
2051 5298 2170 5363 rent
2193 5287 2387 5363 λεχθῇ,
2411 5297 2475 5363 _et
2517 5287 2697 5363 itidem
2730 5287 2918 5363 'l:bca_t.

385 5355 472 5416 me
499 5360 601 5414 so‘l.
630 5355 660 5410 ἰ
687 5356 801 5412 Non
831 5358 972 5412 enim
999 5357 1278 5412 fuscantur
1291 5371 1426 5424 quos
1451 5357 1678 5424 despicit
1703 5355 1782 5409 sol
1817 5358 1947 5418 iste;

2121 5357 2234 5424 (94)
2265 5342 2711 5430 sic'degeudum.
2755 5355 2916 5430 Bari).
2959 5361 3321 5430 προαιρεῖται.
3351 5357 3616 5418 Vallicell.

385 5431 476 5486 sed
495 5428 689 5498 magis,
705 5427 827 5480 dum
844 5429 1034 5481 umbra
1057 5436 1372 5498 pascuntur,
1392 5427 1732 5498 candidiores
1758 5428 1945 5477 Iiuut.»

2069 5428 2352 5498 προαιρεῖς.
2395 5427 2584 5481 'l'lteat.
2620 5429 2955 5497 προαιρεῖσε.

455 5501 566 5568 (Di)
590 5494 752 5569 'lnde
790 5494 1332 5569 apparetuPhilonem
1398 5494 1485 5569 illa
1533 5495 1673 5569 sacri
1725 5505 1938 5569 testus;

413 5564 507 5624 Οτι
537 5564 991 5638 παράϐλεψέμεδ
1015 5564 1656 5638 ﬁktocLsicintellexisse.
1692 5573 1749 5618 ut
1778 5564 1946 5638 inter.

391 5633 658 5708 pretatur‘
681 5639 758 5708 υτ
787 5633 1106 5708 ᾉιιξὺτοείὶιε
1130 5633 1396 5708 _!Iomilia
1447 5636 1511 5708 de
1551 5633 1730 5708 Isaac,
1764 5635 1854 5708 qui
1889 5644 1948 5688 ut

387 5704 690 5831 observavi:
717 5705 980 5772 Nobilius,
1009 5704 1211 5761 vertit:
1247 5723 1266 5754 ι
1291 5705 1554 5770 Quoniam
1578 5720 1684 5759 non
1719 5705 1950 5760 intuitus

387 5787 468 5831 eat
491 5790 576 5831 me
601 5790 662 5831 so
688 5816 701 5830 .
723 5794 742 5827 ι

387 5787 468 5836 eat
491 5790 576 5832 me
601 5787 701 5832 sel.
723 5794 742 5827 ι

2128 5498 2237 5566 (95)
2275 5497 2397 5568 llaec
2425 5498 2586 5549 verba
2616 5498 2832 5568 addidi,
2863 5499 2988 5566 quia
3033 5513 3093 5552 ea
3137 5498 3400 5568 explicata
3452 5499 3622 5555 habes

2057 5566 2110 5620 in
2139 5565 2256 5620 line
2297 5566 2461 5638 hujus
2507 5565 2915 5638 explanationis.
2953 5569 3119 5638 Vetus
3175 5565 3398 5638 interpr.
3438 5571 3511 5624 ita
3552 5583 3617 5625 ea

2057 5645 2300 5704 separata
2343 5637 2491 5704 ponit
2532 5653 2652 5689 cum
2695 5637 3089 5705 explanatione,
3127 5648 3183 5692 ut
3215 5654 3428 5694 versum
3470 5655 3622 5694 seor-

2059 5707 2157 5761 sim
2180 5707 2246 5757 ab
2271 5705 2390 5760 aliis
2418 5709 2763 5761 constituant.

2129 5775 2238 5847 (96)
2281 5775 2370 5831 Sic
2399 5775 2697 5844 legendum.
2727 5775 2860 5831 Male
2882 5777 3037 5832 Barb.
3065 5789 3119 5834 et
3151 5777 3336 5834 Vallic.
3389 5777 3616 5849 κυρίως,
