3878 6270
194 292 258 350 49
1093 287 1498 346 ENARRATIO
1536 288 1604 344 IN
1641 289 1996 346 CANTICUM
2033 289 2504 348 CANTICORUM.
3339 293 3420 350 50

194 410 247 464 ιν
273 404 418 475 νόμῳ
450 399 862 474 προτεταγμένα
904 399 1014 471 (97)
1059 401 1158 454 οὐκ
1201 402 1448 473 ἐτήρησα
1471 419 1486 433 θ
1536 403 1622 455 ἵνα
1657 401 1747 456 διὰ
1775 439 1786 468 γ

1916 413 2003 470 nt,
2048 419 2155 460 non
2202 405 2450 471 servavi,
2495 411 2555 458 ut
2601 416 2698 474 per
2730 401 3123 462 confessionem
3156 415 3415 475 peccath

193 500 282 569 τῆς
302 493 733 565 ἐξομολογήσεως
759 491 993 565 ἐπιτύχῃ
1022 491 1132 562 (98)
1161 491 1262 564 τῆς
1285 492 1393 546 τῶν
1423 494 1750 567 ἁμαρτημά-

1913 510 1974 549 im
2020 497 2389 552 remissionem
2428 503 2810 565 consequatur.

195 605 290 641 των
319 585 580 654 ἀφέσεως.

258 674 348 729 ιε’.
375 676 468 728 Στ.
507 672 582 738 ς’.
631 671 1011 743 Ἁπάγγειλόν
1053 688 1177 741 μοι,
1233 671 1307 726 ὃν
1352 672 1672 743 ἠγάπησεν
1711 673 1751 740 ἠ

197 765 351 836 ψυχή
376 783 523 835 μου,
559 765 679 819 ποῦ
713 766 1066 836 ποιμαίνεις,
1086 765 1205 820 ποῦ
1231 764 1515 834 κοιτάζεις
1547 767 1616 820 ἐν
1651 782 1756 835 με·

197 855 458 924 σημϐρίᾳ.

272 945 484 1017 Ἐπειδὴ
512 946 624 1017 γὰρ
662 947 1018 1016 προφητικῶς
1049 946 1143 1001 καὶ
1177 948 1235 1000 ἐν
1261 946 1424 1000 Δαεὶδ
1449 947 1756 1002 ἀποτυποῦ-

1929 943 2192 1011 Quoniam
2229 942 2373 997 enim
2414 941 2723 1010 prophetico
2754 941 3092 1010 exprimitur,
3125 949 3181 996 et
3214 939 3270 996 in
3313 940 3420 995 Ds-

198 1052 275 1089 ται
297 1035 390 1088 καὶ
408 1035 470 1088 ὲν
501 1035 638 1106 αὐτῇ
662 1035 723 1088 τὸ
753 1035 904 1106 ῥῆμα
927 1049 941 1064 ⁸
980 1055 1000 1087 ί
1044 1035 1342 1108 Ἀγαπήσω
1375 1053 1456 1101 σε,
1493 1035 1686 1106 Κύριεο
1720 1039 1754 1107 ἡ

1918 1037 1951 1090 d
1988 1038 2116 1090 etin
2150 1034 2263 1104 ipsa
2299 1033 2518 1088 verbum
2544 1033 2670 1088 illud
2704 1052 2718 1087 :
2749 1052 2768 1085 ι
2803 1033 3030 1103 Diligam
3063 1041 3137 1100 te,
3171 1033 3423 1100 Domine,

202 1125 337 1193 ἰσχύς
368 1140 472 1192 μου
492 1138 507 1152 ο
540 1141 559 1175 s
598 1122 694 1176 xui.
716 1121 856 1193 αὐτὴ
881 1122 938 1175 δὲ
964 1122 1277 1194 κατηξιώθη
1304 1121 1757 1194 προαγαπηθεῖσα

1917 1136 2031 1180 rtus
2062 1140 2178 1180 mea
2214 1125 2258 1157 “
2287 1165 2301 1189 ,
2344 1143 2364 1176 ι
2399 1125 2510 1193 ipsa
2556 1139 2683 1178 vero
2711 1127 2860 1193 prius
2887 1125 3114 1190 dilecta,
3150 1125 3307 1192 digna
3336 1131 3424 1179 est

199 1214 290 1266 ὑπὸ
330 1212 427 1266 τοῦ
477 1213 686 1285 Κυρίου
746 1213 1030 1284 ἀγαπῆσαι
1090 1215 1183 1269 τὸν
1229 1214 1454 1286 Κύριον,
1500 1215 1574 1278 ὥς
1626 1232 1757 1286 φησι

1913 1219 2042 1272 tbita
2091 1233 2118 1270 a
2171 1217 2395 1271 Domino
2439 1231 2557 1285 quae
2605 1215 2887 1270 Dominum
2936 1217 3211 1286 diligeret,
3247 1225 3304 1270 ut
3350 1216 3427 1272 ait

200 1304 394 1368 Παῦλος
429 1303 541 1374 (99)
561 1321 575 1333 ·
613 1322 633 1355 ‹
657 1303 768 1374 Οὐχ
795 1304 878 1356 ὅτι
906 1305 1066 1376 ἡμεῖς
1103 1306 1472 1376 ἠγαπήσαμεν
1493 1304 1584 1358 τὸν
1600 1304 1755 1366 Θεὸν,

1913 1310 2061 1361 auius
2089 1321 2104 1358 :
2137 1325 2156 1358 ι
2183 1305 2297 1360 Non
2327 1307 2466 1376 quod
2495 1321 2592 1361 nos
2623 1306 2969 1361 dilexerimus
2999 1307 3166 1361 Deum
3204 1307 3249 1337 "
3277 1324 3294 1372 ;
3333 1306 3429 1362 sed

199 1395 302 1448 ἀλλ’
327 1396 411 1448 ὅτι
433 1394 598 1457 αὐτὸς
624 1396 910 1465 ἠγάπησεν
952 1396 1121 1466 ἡμᾶς,
1165 1398 1260 1450 καὶ
1286 1396 1601 1468 παρέδωκεν
1631 1397 1760 1447 ἐαυ-

1918 1399 1984 1450 tia
2020 1397 2134 1465 ipse
2171 1396 2360 1450 dilexit
2392 1411 2491 1450 nos
2512 1437 2528 1461 ,
2564 1405 2620 1450 et
2651 1395 2869 1450 tradidit
2899 1411 2959 1450 se
2989 1396 3160 1464 ipsum
3197 1411 3294 1465 pro
3323 1411 3427 1450 no-

201 1487 278 1539 τδν
304 1487 441 1558 ὑπὲρ
482 1489 516 1557 ἠ
527 1486 641 1557 μῶν
663 1503 678 1518 ·
710 1506 729 1538 s
763 1486 850 1540 διὰ
876 1486 1033 1540 τοῦτο
1088 1487 1435 1560 ἀγαπηθείσα
1475 1488 1761 1557 ἁνταγαπᾷ

1919 1503 1944 1541 s
1985 1489 2029 1525 ⁸⁸
2062 1504 2076 1553 ;
2111 1497 2438 1557 spronterea
2475 1487 2667 1541 dilecta
2712 1485 2948 1540 vicissim
2993 1496 3136 1540 amat
3167 1496 3222 1540 et
3255 1485 3429 1540 dicit:

203 1579 282 1630 καὶ
305 1578 452 1646 λέγει
475 1595 490 1609 ο
525 1597 543 1629 ι
586 1577 947 1648 Ἀπάγγειλόν
983 1597 1094 1650 μοι,
1125 1578 1184 1631 ὃν
1209 1579 1494 1649 ἠγάπησεν
1547 1579 1580 1647 ἡ
1613 1578 1758 1648 ψυχή

1929 1580 2124 1634 Nuntia
2183 1580 2364 1643 mihi,
2423 1595 2581 1648 quem
2643 1578 2832 1632 dilexit
2881 1578 3058 1632 anima
3119 1593 3283 1641 mea,
3341 1575 3431 1630 ubi

207 1685 313 1738 μου,
339 1667 440 1721 ποῦ
483 1669 814 1740 ποιμαίνεις,
833 1669 935 1721 ποῦ
961 1666 1232 1733 κοιτάζεις
1263 1670 1321 1720 ἐν
1357 1667 1702 1738 μεσημϐρίᾳο
1738 1687 1756 1718 s

1913 1673 2075 1736 iscis,
2129 1671 2218 1725 ubi
2277 1671 2448 1724 cubas
2501 1669 2554 1724 in
2607 1669 2865 1732 meridie;
2901 1687 2920 1720 ι
2979 1669 3078 1722 hoc
3121 1677 3241 1740 est,
3289 1666 3430 1721 liora

201 1759 429 1812 τουτέστι
448 1778 462 1791 ·
490 1761 648 1814 Κατὰ
675 1761 774 1830 τὴν
800 1762 894 1814 τοῦ
923 1760 1126 1824 πάθους
1155 1760 1322 1832 ὤραν,
1347 1761 1436 1812 ὅτε
1472 1758 1580 1812 ἀπὸ
1616 1759 1764 1830 ὥρας

1913 1766 2134 1819 assionis
2160 1805 2176 1830 ,
2209 1764 2423 1833 quando
2455 1764 2522 1817 ab
2556 1763 2686 1818 hora
2729 1771 2879 1816 sexta
2923 1775 3092 1830 usque
3133 1761 3199 1813 ad
3239 1773 3432 1814 nonam

204 1851 352 1922 ἕκτης
387 1852 494 1916 ἕως
535 1853 764 1922 ἐννάτης
799 1852 985 1916 σκότος
1023 1851 1258 1920 ἐγένετο,
1297 1851 1385 1904 διὰ
1413 1849 1572 1904 τοῦτο
1610 1870 1628 1901 ι
1661 1850 1764 1904 ποῦ

1913 1860 2103 1911 :nebra:
2151 1858 2306 1910 facta:
2351 1865 2477 1910 sunt
2513 1874 2526 1910 :
2579 1863 2860 1922 propterea
2895 1872 2913 1904 ι
2948 1853 3036 1907 ubi
3091 1851 3302 1920 pascis,
3345 1849 3434 1904 ubi

205 1950 517 2020 ποιμαίνεις,
555 1949 658 2003 ποῦ
697 1949 965 2014 κοιτάζεις
992 1951 1048 2002 ἐν
1087 1947 1420 2019 μεσημϐρίᾳ,
1451 1966 1468 1998 ι
1511 1949 1568 2000 ἐν
1675 1947 1770 2000 καὶ

1913 1948 2035 2002 abas
2085 1947 2138 2001 in
2200 1947 2460 2010 meridie,
2499 1963 2517 1996 ι
2555 1946 2607 1998 iu
2641 1959 2745 2013 qua
2776 1943 3010 1998 maxime
3061 1941 3232 1997 fervet
3275 1949 3436 1995 assius

1929 672 2051 728 XV.
2091 671 2256 730 Vens.
2288 673 2342 726 6.
2377 673 2647 726 Annumia
2683 672 2810 726 mihi
2840 672 2990 743 quem
3023 672 3204 729 dilexit
3237 674 3382 728 anim

1859 782 1974 820 mea
1994 805 2010 831 ,
2046 765 2133 819 ubi
2165 765 2336 834 pascis
2356 804 2372 830 ,
2406 763 2495 818 ubi
2516 764 2694 833 .cubas
2721 764 2778 818 in
2811 764 3048 818 meridie.

206 2043 342 2113 ἀκμὴ
369 2043 447 2115 (I)
476 2042 573 2097 :06
598 2042 874 2105 καύσωνος
894 2041 1001 2095 τῶν
1029 2039 1368 2111 πειρασμῶν.
1385 2039 1494 2093 [106
1518 2039 1768 2111 κρυπτά-

210 2130 326 2196 ζεις,
348 2134 474 2196 τοὺς
502 2132 630 2195 σοὺς
657 2132 825 2194 ἐάσας
852 2129 1210 2200 πειράζεσθαι
1234 2145 1249 2194 ;

267 2219 378 2288 LT.
429 2221 680 2288 Μήποτε
723 2219 978 2290 γένωμαι
1032 2219 1114 2285 ὡς
1175 2214 1654 2287 περιϐαλλομένη
1677 2214 1770 2268 ἐπ’

209 2310 432 2380 ἀγέλαις
454 2312 711 2379 ἑταίρων
734 2326 872 2364 σου.

271 2405 441 2474 Ὀπρ
467 2404 620 2458 ἐστί·
652 2405 876 2474 Μήποτε
914 2402 1052 2474 μετὰ
1077 2402 1188 2456 τῶν
1242 2404 1503 2476 αἱρέσεων
1529 2401 1773 2472 γένωμαι

213 2491 656 2563 περιϐαλλομένη.
691 2491 790 2545 Διὰ
828 2490 983 2545 τοῦτο
1031 2491 1481 2562 ἁνταποκρίνεται
1528 2489 1664 2561 αὐτῇ
1698 2489 1773 2559 (9.)

213 2584 294 2635 καὶ
327 2583 472 2653 λέγει
491 2601 506 2614 ·

273 2675 362 2726 ΙΖ’.
392 2675 482 2726 Στ.
520 2673 590 2738 ζ’.
632 2672 770 2727 Ἐὰν
793 2672 878 2744 μὴ
916 2671 1072 2743 γνῷς
1111 2671 1398 2740 σεαυτὴν,
1431 2673 1470 2741 ἡ
1507 2670 1666 2740 καλὴ
1709 2671 1778 2725 ἑν

215 2766 493 2833 γυναιξίν.

275 2857 440 2927 Ὅπερ
465 2854 650 2907 ἐστίν·
693 2854 820 2908 Ἐὰν
851 2853 924 2926 μὴ
939 2853 1084 2924 γνῷς
1117 2853 1368 2925 σεαυτὴν,
1387 2853 1474 2906 οἵα
1508 2854 1774 2924 ὑπῆρχες,

218 2947 299 3000 καὶ
327 2948 408 3000 οἷα
440 2947 698 3016 γέγονας.
719 2946 902 3018 Καλὴν
930 2947 987 3000 δὲ
1012 2948 1069 2998 ἐν
1098 2945 1316 3014 γυναιξὶ
1343 2946 1512 3014 λέγει.
1555 2947 1641 2998 Ἐν
1673 2946 1779 2999 πά-

221 3056 325 3103 σαις
355 3040 461 3110 γὰρ
499 3041 625 3102 ταῖς
652 3039 895 3111 αἱρέσεσι
950 3039 1044 3092 καί
1076 3041 1196 3101 ταῖς
1239 3041 1582 3107 συναγωγαῖς
1642 3039 1776 3108 μόνη

221 3129 362 3200 καλὴ,
399 3131 499 3184 οὐκ
544 3128 606 3194 ἐξ
647 3129 849 3198 ἑαυτῆς
895 3128 1090 3198 ἔχουσα
1119 3128 1180 3180 τὸ
1204 3128 1426 3191 κάλλος,
1455 3127 1568 3180 ἀλλ’
1593 3129 1659 3180 ὲκ
1685 3128 1797 3200 τοῦ.

223 3221 403 3292 ὡραίου
428 3223 622 3277 κάλλει
647 3221 797 3293 παρὰ
824 3223 951 3285 τοὺς
991 3222 1140 3284 υἱοὺς
1172 3221 1279 3275 τῶν
1321 3221 1638 3293 ἀνθρώπων.
1678 3222 1786 3274 Ἐν-

227 3315 580 3378 αποτυπώσας
609 3315 666 3368 δὲ
697 3315 756 3367 ἐν
790 3315 926 3385 αὐτῇ
959 3315 1019 3368 τὸ
1048 3315 1175 3368 ίδιον
1205 3313 1396 3376 καλλος
1428 3315 1456 3366 ὁ
1476 3313 1786 3381 Μονογενὴς

226 3403 301 3458 διὰ
333 3407 418 3459 :06
459 3409 546 3478 (5)
588 3406 815 3478 λουτροῦ
859 3407 957 3478 τῆς
1011 3407 1456 3476 παλιγγενεσίας,
1501 3407 1787 3477 χρησίμως

230 3496 424 3564 ἐγκαλεί
454 3499 624 3569 αὐτῇ,
658 3498 754 3552 καὶ
787 3498 935 3568 λέγει
959 3514 972 3528 ⁸
1013 3519 1031 3551 ι
1092 3499 1217 3553 Ἐὰν
1243 3497 1319 3570 μὴ
1343 3496 1486 3566 γνῷς
1519 3496 1595 3566 (4)
1629 3513 1788 3550 σεαυ-

229 3588 329 3659 τὴν,
356 3591 388 3661 ἡ
418 3591 566 3662 καλὴ
594 3592 652 3643 ἐν
690 3591 957 3660 γυναιξίν.
992 3609 1010 3643 ι

288 3769 384 3821 IH’.
413 3768 670 3834 Ἔξελθε
699 3768 775 3840 (5)
805 3768 876 3822 ὲν
906 3769 1190 3838 πτέρναις
1219 3769 1334 3824 τῶν
1357 3773 1669 3842 ποιμνίων,
1691 3773 1791 3829 καί

233 3860 484 3928 ποίμιιινε
504 3859 620 3926 τὰς
643 3860 890 3929 ἐρίφους
909 3877 1046 3915 σου.

305 3952 421 4005 Ἐὰν
451 3952 527 4024 μὴ
553 3951 721 4022 γνῷς,
751 3955 907 4024 φησι,
933 3952 1034 4006 ποῦ
1079 3948 1167 4025 ἧς,
1200 3954 1292 4006 καλ⁸
1332 3951 1436 4007 ποῦ
1470 3949 1550 4007 εἷ·
1577 3955 1671 4009 ἐὰν
1716 3957 1790 4028 μὴ

236 4043 357 4113 γνῷς
383 4045 444 4096 τὸ
483 4044 686 4108 κάλλος
727 4046 864 4116 ὅπερ
895 4045 1146 4117 εἴληφας,
1185 4064 1204 4097 t
1242 4045 1422 4110 ἔξελθε
1450 4048 1507 4099 ἐν
1535 4047 1794 4119 πτέρναις

238 4134 328 4186 τῶν
354 4138 641 4207 ποιμνίων.
669 4155 688 4188 s
727 4136 1103 4208 Ἀπειλητικὸς
1131 4140 1161 4190 ὁ
1197 4137 1376 4206 λόγος,
1411 4139 1793 4209 ἐπιτιμητικὸν

241 4225 290 4277 τὸ
326 4229 487 4298 ῥῆμα.
523 4230 703 4282 Ὅπου
742 4229 850 4301 γὰρ
882 4229 1070 4298 ἀγνοία
1107 4229 1207 4299 (6),
1242 4231 1358 4282 ἐκεῖ
1391 4232 1486 4283 καὶ
1515 4231 1789 4302 ἐπιτιμία.

252 4317 445 4390 Ἐπειδὴ
476 4323 591 4392 γὰρ
624 4325 848 4393 προεῖπε
873 4338 888 4354 ο
935 4340 954 4374 ι
988 4323 1213 4392 Μήποτε
1247 4322 1491 4393 γένωμαι
1527 4323 1602 4386 ὡς
1632 4339 1793 4394 περι-

245 4406 524 4484 ϐαλλομένη
570 4414 661 4466 ἐπ’
701 4413 926 4482 ἀγέλαις
959 4414 1194 4485 ἑταίρων
1239 4432 1332 4468 σου
1357 4432 1372 4447 ο
1409 4434 1426 4468 s
1456 4416 1594 4486 ὅπερ
1626 4414 1742 4467 ἐστι
1777 4433 1790 4446 ·

1872 2039 2252 2094 tentationum.
2283 2036 2384 2093 Ubi
2432 2038 2595 2107 igitur
2645 2035 2958 2100 delitescis,
3014 2034 3210 2090 tentari
3257 2034 3438 2089 siueus

1874 2141 1994 2186 tuos
2018 2131 2042 2184 2

1943 2221 2085 2280 XVI.
2126 2220 2210 2276 Ne
2244 2223 2376 2291 [orte
2402 2219 2598 2290 alliciar
2625 2222 2758 2274 sicut
2793 2219 3046 2288 adaperta
3073 2232 3231 2286 super
3259 2229 3439 2286 greges

1872 2315 2133 2369 sodalium
2167 2324 2399 2368 tuorum.

1945 2407 2004 2460 ld
2031 2415 2114 2459 est
2135 2442 2151 2468 ,
2186 2402 2263 2458 Ne
2294 2406 2429 2458 l'orte
2457 2419 2578 2458 cum
2613 2401 2906 2456 h:eresibus
2932 2398 3134 2454 eliiciar
3161 2396 3440 2466 adoperta.

1877 2497 2164 2568 Propterea
2197 2497 2432 2553 vicissim
2463 2497 2510 2552 ei
2542 2494 2826 2567 (sponsas)
2863 2492 3153 2562 respondet
3180 2499 3237 2545 et
3263 2489 3396 2545 dicit
3421 2507 3437 2543 :

1947 2673 2110 2729 XVII.
2146 2673 2308 2729 Vens.
2337 2675 2390 2728 7.
2424 2673 2546 2729 Nisi
2577 2672 2876 2744 cognoveris
2907 2681 2954 2726 te
2995 2673 3196 2742 ipsam,
3226 2670 3446 2741 pulchra

1879 2763 2016 2818 inter
2050 2764 2315 2818 mulieres.

1948 2855 2004 2908 Id
2035 2866 2154 2920 est,
2185 2854 2297 2910 Nisi
2329 2855 2647 2924 cognoveris
2678 2864 2730 2910 te
2763 2857 2932 2924 ipsam
2964 2851 3260 2923 cuiusmodi
3290 2864 3412 2906 eras
3432 2889 3448 2914 ,

1879 2961 1933 3002 et
1964 2949 2265 3017 cuiusmodi
2324 2949 2463 3001 facta
2494 2949 2590 3002 sis.
2625 2947 2912 3002 Pulchram
2955 2961 3084 3000 vero
3135 2944 3276 2998 inter
3325 2955 3447 2994 mu-

1881 3041 2042 3094 lieres
2091 3040 2239 3094 dicit.
2289 3039 2345 3094 iu
2385 3039 2634 3093 omnibus
2677 3039 2822 3092 enim
2868 3035 3163 3090 haeresibus
3196 3042 3250 3087 et
3293 3044 3449 3101 syna-

1892 3132 2042 3202 gogis
2086 3132 2195 3200 ipsa
2241 3130 2353 3186 sola
2390 3131 2655 3198 pulchra;
2709 3143 2811 3182 non
2855 3142 2923 3182 ex
2969 3140 3030 3181 se
3077 3126 3188 3193 ipsa
3233 3121 3450 3192 quidem

1885 3223 2342 3295 pulchritudinem
2402 3223 2640 3285 habens,
2699 3219 2791 3275 sed
2842 3233 2909 3273 ex
2952 3232 3017 3273 eo
3045 3217 3138 3286 qui
3177 3213 3450 3286 Speciosus

1885 3322 1971 3368 est
2003 3315 2172 3367 forma
2219 3311 2357 3365 inter
2399 3309 2537 3365 ﬁlios
2585 3312 2860 3365 hominum
2891 3307 2958 3361 “.
2989 3307 3122 3360 Cum
3171 3317 3302 3358 vero
3348 3303 3452 3356 im-

1887 3405 2148 3476 presserit
2177 3405 2230 3458 in
2264 3403 2377 3471 ipsa
2409 3403 2682 3471 propriam
2729 3399 3050 3470 Unigenitus
3093 3391 3449 3466 pulchritudi-

1889 3511 2012 3552 nem
2045 3510 2138 3565 per
2165 3494 2444 3549 lavacrum
2472 3491 2936 3562 regenerationis,
2977 3488 3180 3542 utiliter
3214 3499 3335 3540 eam
3378 3483 3454 3536 in-

1890 3595 2076 3657 crepat
2104 3595 2157 3641 et
2187 3586 2323 3640 dicit
2355 3603 2369 3640 :
2403 3603 2421 3636 ι
2454 3584 2564 3639 Nisi
2598 3583 2918 3654 cognoveris
2949 3590 3004 3635 te
3037 3580 3242 3650 ipsam,
3275 3591 3310 3631 ο
3338 3573 3457 3644 pul-

1889 3681 2021 3736 chra
2057 3678 2198 3733 inter
2227 3678 2498 3732 mulieres.
2538 3696 2557 3729 s

1964 3769 2148 3825 XVIII.
2192 3769 2452 3841 Egredere
2509 3771 2562 3822 in
2619 3769 2844 3840 vestigiis
2897 3750 3141 3837 gregum,
3207 3768 3259 3815 et
3309 3773 3459 3830 ροισι

1891 3862 2068 3915 haedos
2105 3869 2240 3914 tuos.

1964 3952 2080 4008 Nisi
2131 3951 2488 4022 c0gnoveris,
2541 3950 2743 4020 inquit,
2792 3948 2883 4004 ubi
2931 3961 3086 4013 eras,
3127 3953 3183 4000 et
3226 3940 3316 3996 ubi
3355 3951 3459 3994 es:

1894 4047 1996 4102 nisi
2049 4046 2368 4115 cognoveris
2427 4042 2886 4112 pulchritudinem
2940 4053 3099 4108 quam
3163 4031 3456 4103 accepisti,

1901 4159 1920 4193 ι
1948 4141 2204 4212 egredere
2229 4139 2280 4192 in
2307 4137 2547 4206 vestigiis
2568 4151 2811 4205 gregum.
2836 4152 2854 4186 ι
2885 4128 3308 4188 Comminativus
3349 4139 3463 4180 ser-

1897 4249 2026 4288 mo:
2062 4232 2454 4300 objurgativum
2487 4230 2730 4284 verbum.
2773 4226 2875 4282 Ubi
2925 4225 3069 4279 enim
3113 4220 3360 4284 inscitia,
3391 4217 3464 4271 ibi

1895 4338 1952 4383 et
1983 4324 2296 4393 increpatio.
2331 4321 2464 4378 Cum
2504 4323 2646 4376 enim
2695 4327 2853 4374 antea
2883 4317 3124 4372 dixerit:
3161 4332 3178 4364 ι
3207 4311 3284 4366 Ne
3328 4310 3468 4364 forte

1899 4416 2102 4473 eﬂiciar
2129 4416 2270 4470 sicut
2299 4414 2552 4483 adoperta
2597 4426 2762 4480 super
2803 4423 2992 4480 greges
3035 4404 3300 4462 sodalium
3351 4411 3465 4454 tuo-

246 4499 448 4571 Μηποτε
497 4505 646 4559 κατᾶ
688 4507 796 4559 τῶν
842 4507 1105 4578 αἱρέσεων
1167 4506 1454 4578 ἀναμιγῶ·
1504 4507 1592 4561 διὰ
1640 4506 1786 4561 τοῦτε

1913 4525 2059 4563 rum:
2091 4527 2110 4559 ι
2139 4508 2240 4562 hoc
2293 4515 2405 4570 est,
2451 4503 2529 4558 Ne
2590 4503 2730 4558 forte
2783 4517 2904 4556 cum
2960 4496 3255 4553 hatresibus
3296 4491 3464 4548 admi-

249 4589 415 4666 ὥσπερ
437 4597 807 4667 ἀπειλητικῶς
840 4600 1066 4669 ἐπιτιμᾷ
1090 4597 1247 4670 αὐτῇ,
1293 4601 1384 4652 καὶ
1428 4597 1611 4667 λέγει·
1671 4598 1797 4652 Ἐὰν

251 4685 315 4753 μὴ
345 4687 481 4758 γνῷς
526 4706 628 4742 σου
660 4690 720 4742 τὸ
749 4690 960 4754 κάλλος,
994 4692 1074 4744 ὅτι
1108 4694 1236 4762 παρ’
1267 4689 1402 4762 ἐμοῦ
1439 4691 1570 4744 αὐτὸ
1597 4691 1796 4760 κέκτη-

252 4790 347 4839 σαι,
379 4796 397 4830 t
431 4781 618 4845 ἔξελθε
661 4783 717 4834 ἐν
758 4783 1018 4854 πτέρναις
1065 4783 1174 4836 τῶν
1210 4785 1496 4853 ποιμνίων,
1543 4783 1639 4838 καὶ
1679 4783 1799 4836 ποί-

257 4877 391 4929 μιιινε
437 4872 538 4934 τὰς
597 4870 817 4942 ἐρίφους
869 4888 991 4924 σου·
1035 4891 1056 4924 s
1089 4873 1391 4926 ’τουτέστιν⁹
1454 4874 1516 4926 Εἰ
1567 4873 1794 4939 ἀναξίαν

1900 4619 2108 4667 scear;
2175 4611 2457 4672 propterea
2531 4606 2784 4665 tanquam
2857 4591 3144 4649 minaciter
3221 4589 3467 4654 increpat

1900 4710 2057 4759 eam,
2117 4700 2172 4747 et
2224 4692 2392 4746 dicit:
2451 4685 2563 4744 Nisi
2625 4685 2942 4757 cognoveris
2996 4683 3170 4752 ipsam
3228 4673 3471 4748 pulchri-

1903 4786 2138 4839 tudinem
2189 4794 2239 4838 te
2267 4797 2297 4834 a
2339 4795 2424 4836 me
2479 4778 2716 4841 habere,
2753 4795 2773 4828 ι
2805 4775 3065 4846 egredere
3117 4771 3170 4825 in
3222 4762 3469 4834 vestigiis

1903 4892 2124 4946 gregum
2153 4884 2206 4930 et
2233 4887 2394 4942 pasce
2419 4872 2597 4925 haedos
2627 4879 2786 4931 tuos;
2818 4885 2836 4919 ι
2871 4866 2921 4920 id
2953 4875 3034 4919 est
3054 4902 3070 4927 ,
3121 4858 3179 4916 Si
3210 4868 3262 4914 te
3298 4858 3466 4925 ipsam

315 5053 355 5083 “
392 5053 536 5108 Psal.
564 5067 704 5118 xvu,
736 5052 789 5106 i.
865 5050 910 5082 ⁸⁸
950 5048 1153 5105 lJoau.
1193 5065 1265 5116 tv,
1298 5049 1383 5105 10.
1459 5050 1506 5082 ⁸⁸
1545 5049 1742 5120 Epltes.
1772 5065 1826 5116 v,
1855 5049 1911 5104 2.
1988 5050 2034 5080 “
2071 5047 2216 5102 Psal.
2251 5059 2396 5111 sLtv,
2432 5044 2485 5097 5.

319 5229 420 5302 (97)
449 5227 1156 5302 ΜειΙΙγιξιιιμπροστεταγμένα.

450 5301 527 5355 Ex
563 5295 776 5365 Vallicl;
814 5316 940 5353 nam
976 5295 1144 5352 'Barb.
1176 5306 1231 5352 et
1281 5309 1433 5350 meus
1455 5295 1654 5350 habent
1678 5295 1802 5347 ἐπι-

263 5383 427 5438 τοιχει.

325 5440 426 5509 (99)
456 5439 566 5494 imo
591 5438 846 5494 Joannes.

326 5501 517 5576 (l)'Sic
555 5509 835 5571 Vallicell;
879 5509 970 5561 sed
1003 5507 1222 5576 liarher.
1256 5504 1417 5576 habet
1449 5504 1600 5574 ἀγμῇ
1629 5501 1806 5576 ’-ἰηόο

269 5565 478 5640 coniicio
505 5590 668 5632 totum
705 5565 847 5632 hunc
887 5579 1059 5631 locum
1095 5576 1175 5629 sic
1215 5565 1611 5642 legeudnm'fé'v
1710 5573 1806 5644 καὶ

269 5649 298 5716 ἡ
348 5649 501 5738 άκμη
539 5649 630 5702 τοῦ
679 5648 958 5710 καύσωνος
1003 5645 1111 5698 τῶν
1166 5631 1506 5768 πειξασμῶν.
1551 5631 1674 5700 Ποῐῗ
1712 5639 1807 5698 οὖν

273 5719 743 5768 κουπτάιειεποὺε
769 5719 894 5768 σοὺς
921 5717 1085 5768 ἐάσας
1119 5733 1245 5768 πειο
1286 5713 1504 5768 ζεσθαι;

273 5713 743 5788 ἡρυπὲἀζειςβοὺς
769 5719 894 5782 σοὺς
921 5717 1085 5780 ἐάσας
1119 5713 1504 5788 πειράζεσθαι;

1975 5219 2050 5290 (2)
2079 5217 2272 5290 Αὺτῇ,
2297 5233 2417 5290 qure
2437 5231 2554 5290 Διιοι
2593 5214 2746 5270 deest
2770 5215 2826 5271 in
2848 5225 2969 5269 meo
2999 5219 3054 5268 et
3084 5208 3470 5276 Borber.,eam

1910 5287 2116 5344 restitui
2140 5305 2202 5341 ex
2231 5287 2489 5342 Vallicell.

1976 5360 2054 5426 (3)
2094 5359 2204 5412 Τοῦ
2231 5374 2295 5413 ex
2329 5357 2512 5411 Vallic.

1980 5426 2056 5498 (4)
2083 5428 2242 5498 Barb.
2270 5426 2524 5498 ἐπιγνῷς.

1982 5489 2060 5571 (ὃ)
2091 5496 2262 5552 Vatic.
2305 5489 2487 5564 ἔξελθε
2537 5493 2635 5547 σύν
2661 5505 2717 5549 et
2753 5494 2898 5571 hanc
2946 5490 3230 5571 lectionem
3261 5489 3471 5571 videtur

1910 5559 2166 5628 habuisse
2200 5578 2310 5623 vet.
2345 5559 2642 5635 interpres,
2677 5564 2768 5632 qui
2797 5564 2895 5635 ait,
2938 5579 2958 5612 ι
2981 5559 3238 5635 egredere
3274 5568 3353 5615 tu.
3377 5579 3398 5612 s

1983 5641 2061 5712 (6)
2096 5637 2268 5762 ﬁctus
2317 5627 2510 5706 interp:
2559 5627 2753 5706 legisse
2799 5627 3246 5701 videtur'ayvela,
3281 5647 3302 5682 ι
3325 5631 3470 5701 puri-

1983 5728 2016 5762 s.
2037 5729 2055 5762 ι
2094 5744 2110 5762 .
2149 5726 2176 5761 a
2200 5724 2249 5762 e.

1911 5721 2016 5767 tas.
2037 5729 2055 5763 ι
2094 5721 2249 5762 Male.
