3878 6270
350 306 417 361 σί
1489 298 1810 357 PHILONIS
1848 301 2154 359 EPISCOPl
2191 301 2509 358 caumsn
2568 268 2571 269 ⁷

3522 286 3607 345 5‘2

353 394 630 490 indignam
655 418 978 489 prastiteris
1003 434 1125 476 mea
1151 419 1320 490 gloria
1343 459 1357 483 ,
1392 434 1551 489 pasce
1583 422 1763 477 haedos
1781 462 1798 487 ,
1829 424 1931 478 hoc

2076 423 2268 494 εαυτὴν
2295 422 2558 493 καθιστᾷς
2589 420 2690 489 τῆς
2721 417 2857 489 ἐμῆς
2875 415 3053 486 δόξης,
3075 414 3330 484 ποίμαινε
3347 427 3449 472 τας
3477 407 3607 481 spi-

356 518 472 576 est,
498 518 850 578 peccatorum
881 510 1111 566 animas.

427 601 572 657 XIX.
612 600 681 656 I-n
721 602 1071 657 tabernaculis
1106 613 1397 671 pastorum.

427 693 487 749 In
520 693 881 750 tabernaculis
932 694 1063 750 dicit
1101 709 1284 764 regum
1337 696 1546 762 lsrael;
1584 706 1766 767 aperte
1800 710 1931 768 apo-

371 785 565 840 stolica
606 801 742 841 voce
781 785 1138 842 clamantem
1184 786 1396 843 Etenim
1446 789 1522 843 illi
1572 805 1677 845 non
1729 791 1931 863 etinge-

366 882 494 929 runt
534 888 696 945 super
740 886 940 930 terram
981 887 1295 931 recusantes
1361 866 1584 946 regnum
1627 878 1831 935 Christi
1876 888 1932 935 et

365 965 459 1020 Dei
486 969 578 1037 qui
609 965 829 1026 oracula
851 966 1046 1022 edebat
1071 966 1137 1021 ⁶¹.
1174 986 1194 1021 ι

435 1144 556 1200 XX.
596 1145 762 1200 Vens.
791 1143 847 1199 8.
887 1143 1163 1215 Equitatui
1191 1161 1304 1201 meo
1331 1146 1388 1200 in
1414 1147 1653 1201 curribus
1686 1145 1931 1201 Pharao-

366 1236 449 1291 tu's
475 1234 763 1291 assimilavii
791 1244 839 1290 te
858 1278 874 1302 ,
902 1237 1144 1306 proxima
1173 1252 1308 1291 mea.

438 1327 785 1398 Equitatum,
830 1329 1042 1397 Opinor,
1090 1342 1285 1393 suum,
1320 1326 1590 1397 jnstorum
1636 1324 1933 1399 congrega-

375 1417 579 1474 tionem
618 1417 868 1488 intelligit
906 1429 1124 1489 propter
1164 1418 1395 1475 celerem
1421 1419 1689 1489 iustorum
1730 1421 1783 1474 in
1823 1420 1936 1488 pie-

372 1510 506 1565 tatis
549 1510 728 1566 stadio
755 1525 995 1566 cursum.
1042 1511 1134 1565 Ait
1169 1512 1313 1566 enim
1347 1530 1367 1564 ι
1398 1512 1450 1566 in
1498 1513 1747 1568 curribus
1797 1511 1937 1566 Pha-

369 1598 592 1663 raonis;
625 1617 644 1650 ι
667 1599 798 1669 quia
832 1599 1082 1654 curribus
1103 1599 1453 1672 intelligibilis
1483 1599 1777 1656 Pharaonis
1809 1603 1934 1655 olim

369 1686 558 1758 iuncta
588 1698 735 1756 erat,
766 1688 832 1743 ad
880 1703 1097 1744 cursum
1142 1688 1197 1744 in
1247 1691 1580 1759 equitatione
1620 1690 1935 1745 idololatria:

2032 529 2185 580 φους,
2216 511 2460 564 τουτέστι
2484 510 2582 573 τὰς
2605 509 2712 561 τῶν
2746 503 3083 577 ἁμαρτωλῶν
3116 502 3313 574 ψυχάς.

2102 601 2204 657 ΙΘ¹.
2258 601 2389 656 Ἐπὶ
2419 598 2774 667 σκηνώμασι
2795 596 2913 649 τῶν
2937 592 3252 662 ποιμένων.

2116 693 2240 747 Ἐπὶ
2272 691 2593 763 σκηνώμασι
2623 690 2770 759 λέγει
2788 688 2897 741 τῶν
2922 685 3016 739 τοῦ
3056 682 3269 756 Ἰσραὴλ
3294 679 3552 751 βασιλέων
3578 694 3603 710 ο

2032 784 2259 855 ἀντικρὺ
2307 782 2401 836 τοῦ
2439 778 2796 836 ἀποστολικοῦ
2841 779 3084 851 ῥήματος
3123 774 3381 846 βοῶντος·
3424 790 3442 822 ι
3487 770 3608 824 Καὶ

2033 874 2145 947 γὰρ
2171 876 2368 927 ἐκεῖνοι
2401 873 2501 927 οὐκ
2533 872 2795 942 ἐξέφυγον
2836 870 2929 922 ἐπὶ
2960 869 3089 939 γῆς,
3131 863 3605 937 παραιτησάμενοι

2030 964 2129 1037 τὴν
2188 963 2465 1035 βασιλείαν
2511 963 2606 1019 τοῦ
2638 962 3065 1036 χρηματίζοντος
3119 956 3196 1031 (7)
3234 955 3470 1029 Χριστοῦ
3506 955 3608 1008 καὶ

2029 1054 2188 1109 Θεοῦ.
2214 1074 2233 1107 ι

2105 1147 2188 1199 Κ’.
2233 1146 2324 1199 Στ.
2374 1151 2445 1217 η’.
2498 1144 2576 1213 Τῇ
2630 1144 2792 1208 ἵππῳ
2838 1161 2959 1213 μου
3005 1142 3075 1196 ἐν
3125 1140 3348 1209 ἅρμασι
3392 1136 3614 1207 Φαραὼ

2033 1237 2309 1308 ὡμοίωσά
2349 1254 2443 1303 σε,
2474 1237 2513 1304 ἡ
2538 1238 2804 1304 πλησίον
2824 1254 2965 1305 μου.

2107 1330 2308 1383 Ἵππον
2336 1329 2435 1400 (8),
2468 1324 2644 1399 οἶμαι,
2687 1327 2900 1391 ἑαυτοῦ,
2933 1326 3034 1396 τὴν
3066 1324 3174 1378 τῶν
3219 1323 3444 1378 δικαίων
3475 1338 3607 1374 συνο

2035 1422 2256 1493 αγωγὴν
2277 1420 2443 1490 λέγει,
2466 1420 2554 1474 διὰ
2572 1420 2661 1475 τὸν
2682 1419 2933 1474 ὠκύποδα
2949 1418 3057 1471 τῶν
3079 1417 3300 1471 δικαίων
3322 1417 3379 1468 ὲν
3406 1414 3613 1483 σταδίῳ

2037 1513 2134 1584 τῆς
2159 1512 2438 1576 εὐσεϐείας
2456 1512 2672 1583 δρόμον.
2710 1512 2782 1565 Τὸ
2810 1511 2939 1582 γὰρ,
2979 1528 2999 1561 ο
3032 1510 3090 1563 ὲν
3128 1508 3336 1580 ἅρμασι
3371 1506 3465 1559 τοῦ
3495 1508 3608 1559 Φα-

2041 1601 2206 1674 ραὼ,›
2227 1602 2373 1670 λέγει
2391 1602 2489 1673 (9),
2506 1603 2587 1655 ὃτι
2613 1604 2669 1655 ὲν
2697 1603 2905 1675 ἅρμασι
2935 1598 3026 1653 τοῦ
3063 1597 3254 1668 νοητοῦ
3277 1595 3610 1668 Φαραὼμο)

2040 1692 2340 1765 ἐζευγμένη
2398 1689 2467 1765 ἦν
2524 1710 2655 1745 ποτε
2709 1692 2843 1764 (11),
2893 1694 2958 1763 τῇ
3008 1691 3105 1761 τῆς
3165 1688 3612 1759 εἰδωλολατρείας

374 1778 446 1833 ab
478 1777 598 1850 ipso
643 1779 887 1835 incitata.
922 1779 1103 1846 Talis,
1135 1781 1338 1851 inquit,
1373 1796 1495 1835 cum
1524 1796 1706 1850 esses,
1735 1801 1752 1833 ι
1783 1783 1937 1851 equi-

2076 1785 2228 1856 λασίᾳ
2246 1786 2334 1837 ὑπ’
2356 1782 2520 1837 αὐτοῦ
2551 1783 2900 1855 ἐλαυνομένη.
2926 1801 2944 1833 ι
2969 1782 3013 1834 Τ
3014 1781 3234 1851 οιαύτην
3254 1797 3333 1842 σε,
3362 1799 3381 1832 ι
3419 1779 3612 1849 φησὶν,

375 1869 513 1924 tatui
568 1884 691 1926 meo
746 1870 1040 1926 assimilavi
1100 1880 1195 1927 te:
1235 1872 1428 1927 inulla
1487 1873 1698 1928 ratione
1752 1873 1938 1928 habita

374 1971 591 2016 tuorum
640 1962 697 2017 in
749 1960 1015 2016 idolorum
1068 1961 1215 2018 cultu
1269 1970 1326 2017 et
1371 1963 1423 2017 in
1474 1965 1619 2018 omni
1668 1964 1939 2018 dementia

366 2062 719 2122 peccatorum
761 2093 778 2119 ,
828 2054 1228 2125 compendiaria
1280 2055 1454 2124 gratia
1508 2069 1605 2124 per
1662 2054 1939 2110 lavacrum

375 2144 807 2214 regenerationis
858 2154 1043 2200 nostro
1072 2162 1093 2197 ι
1125 2152 1180 2201 te
1234 2146 1495 2216 equitatui
1545 2146 1836 2201 assimilavi
1865 2164 1884 2216 ;
1915 2165 1935 2199 ι

374 2233 640 2304 iustorum
700 2234 908 2291 scilicet
947 2236 1389 2305 congregationi,
1437 2236 1668 2292 celerem
1722 2238 1940 2293 habenti

378 2340 597 2382 cursum
628 2327 684 2384 in
715 2328 890 2383 stadio
918 2327 1136 2396 pietatis
1162 2345 1177 2392 ;
1207 2329 1657 2398 quemadmodum
1693 2327 1856 2383 etiam
1886 2328 1941 2382 in

377 2418 688 2489 Evangeliis
722 2418 978 2475 Dominus
1011 2419 1080 2475 iis
1110 2420 1201 2489 qui
1235 2435 1397 2475 unam
1424 2422 1793 2475 tantummodo
1820 2435 1946 2490 ope-

382 2508 488 2565 rati
541 2508 758 2564 fuerant
810 2511 1044 2576 horam,
1101 2512 1346 2565 eamdem
1395 2511 1697 2566 mercedem
1758 2510 1939 2576 dedit,

386 2615 551 2672 quam
581 2602 651 2657 iis
679 2602 771 2672 qui
799 2602 1007 2672 pondus
1036 2616 1197 2657 omne
1226 2603 1330 2657 diei
1362 2612 1710 2672 portaverant
1741 2603 1810 2658 “.

450 2770 596 2828 XXI.
637 2770 804 2828 Vitas.
839 2771 895 2828 9.
936 2770 1108 2838 Quam
1152 2772 1397 2840 speciosa:
1443 2773 1600 2844 facta
1637 2785 1755 2828 sunt
1804 2790 1948 2845 gena:

380 2874 488 2920 uc
514 2877 571 2919 ut
600 2865 842 2919 tui-turis.

453 2953 735 3011 Castitatis
789 2970 1014 3011 servans
1067 2964 1150 3010 est
1199 2955 1315 3012 haec
1365 2958 1634 3023 volucris,
1686 2959 1946 3028 agrestis,

380 3045 749 3117 gemebunda,
792 3060 900 3100 uno
933 3046 1128 3101 marito
1160 3055 1414 3102 contenta
1444 3067 1458 3103 :
1493 3049 1946 3118 quemadmodum

386 3135 503 3205 ipsa
552 3143 738 3190 sancta
790 3132 1036 3191 Ecclesia
1086 3137 1216 3192 olim
1254 3137 1469 3207 quidem
1518 3138 1749 3207 agrestis
1790 3129 2019 3204 erat,C

388 3214 557 3282 unum
585 3229 761 3282 virum
789 3228 995 3285 habens
1023 3244 1314 3299 sponsum,
1362 3231 1452 3300 qui
1484 3244 1603 3285 eam
1649 3232 1735 3285 his
1774 3233 1953 3287 verbis

388 3317 705 3387 alloquitur,
762 3320 1217 3390 quemadmodum
1272 3322 1434 3376 etiam
1483 3321 1773 3391 Apostolus
1825 3323 1947 3379 ait:

393 3407 716 3477 «Despondi
768 3411 912 3465 enim
967 3426 1067 3466 vos
1116 3412 1209 3467 uni
1266 3413 1385 3468 viro
1437 3413 1694 3483 virginem
1747 3425 1951 3470 castam

388 3500 647 3556 exhibere
676 3500 891 3557 Christo
921 3502 988 3558 "’.
1019 3520 1040 3555 ι

460 3590 627 3647 XXII.
656 3589 863 3647 Collum
891 3604 1037 3646 tuum
1061 3594 1197 3648 sicut
1223 3594 1437 3649 monile.

462 3682 655 3737 Mirum
693 3693 778 3738 est
805 3683 1121 3752 intelligere,
1155 3700 1314 3754 quam
1340 3685 1481 3741 bene
1506 3685 1619 3754 ipsa
1648 3700 1708 3741 se
1740 3695 1956 3741 tueatur

388 3773 718 3830 cohaerentia
744 3789 995 3829 sensuum
1023 3775 1405 3845 spiritualium,
1435 3778 1526 3847 qui
1558 3778 1646 3833 hic
1673 3791 1957 3850 exponun-

396 3874 503 3920 tur.
549 3864 684 3920 Cum
730 3866 877 3919 enim
928 3866 1125 3920 turturi
1170 3876 1390 3937 pr0pter
1426 3868 1694 3923 feritatem
1732 3869 1959 3938 gentiles

396 3958 684 4025 assimilet,
727 3972 832 4013 non
864 3955 1056 4013 tacitos
1087 3958 1653 4027 praeterniittitiideies
1672 3974 1738 4015 ex
1764 3956 1961 4015 Iudaeis

2049 1894 2069 1926 ι
2098 1870 2259 1930 οὖσαν
2288 1877 2352 1945 τῇ
2378 1877 2530 1945 ἵππῳ
2551 1892 2652 1944 μου
2678 1872 2938 1944 ὡμοίωσα
2961 1872 3124 1943 (12),›
3148 1871 3223 1943 μὴ
3253 1868 3615 1940 λογισάμενος·

2046 1985 2138 2021 σου
2194 1967 2262 2021 τὰ
2313 1967 2684 2039 ἁμαρτήματα
2734 1965 2801 2018 τὰ
2855 1963 2957 2033 τῆς
3006 1962 3466 2033 εἰδωλολατρείας,
3531 1958 3615 2030 μὴ

2043 2058 2112 2111 τὰ
2138 2058 2246 2129 (15)
2294 2058 2394 2129 τῆς
2419 2058 2603 2120 ἀνοίας
2632 2056 2831 2128 πάσης,
2873 2055 3122 2125 συντόμῳ
3156 2054 3339 2126 χάριτι
3364 2051 3454 2105 διὰ
3480 2050 3618 2103 λου-

2044 2150 2174 2221 τροῦ
2206 2150 2305 2219 τῆς
2334 2148 2444 2220 (14)
2477 2146 2893 2216 παλιγγενεσίας
2916 2148 2981 2218 τῇ
3007 2144 3253 2217 ἡμετέρᾳ
3286 2162 3305 2195 t
3342 2140 3620 2213 ὡμοίωσά

2049 2257 2111 2293 σε
2153 2240 2337 2310 ἵππῳ,
2376 2257 2395 2289 ι
2430 2239 2495 2309 τῇ
2548 2238 2655 2290 τῶν
2700 2234 2923 2291 δικαίων
2978 2234 3089 2306 (15)
3136 2232 3465 2303 συναγωγῇ,
3518 2230 3620 2283 τὸν

2045 2330 2244 2402 δρόμον
2274 2329 2399 2392 ὀξὺν
2427 2328 2565 2382 κατὰ
2588 2327 2699 2397 (16)
2727 2326 2789 2381 τὸ
2822 2327 2920 2398 τῆς
2942 2325 3222 2387 εὐσεϐείας
3260 2321 3456 2394 ἐχούσῃ
3485 2320 3622 2374 στά-

2047 2421 2157 2475 διον
2185 2421 2329 2493 (17).
2355 2420 2565 2492 Ὥσπερ
2593 2418 2687 2472 καὶ
2731 2419 2788 2471 ὲν
2839 2416 3189 2487 Εὑαγγελίοις
3214 2417 3242 2468 ὁ
3279 2413 3475 2485 Κύριος
3497 2414 3624 2476 τοῖς

2048 2513 2146 2584 τὴν
2201 2512 2330 2584 μίαν
2386 2511 2534 2583 ὤραν
2591 2510 2988 2582 ἐργασαμένοις
3049 2509 3227 2578 μόνον,
3284 2505 3376 2558 τὸν
3427 2505 3621 2574 ὅμοιον

2054 2602 2242 2675 μισθὸν
2268 2602 2559 2675 ἐχαρίσατο
2587 2604 2699 2665 τοῖς
2733 2601 2852 2654 ὅλον
2878 2600 2940 2653 τὸ
2984 2598 3146 2670 βάρος
3181 2595 3481 2668 βαστάσασι
3514 2592 3620 2663 τῆς

2051 2694 2284 2766 ἡμέρας.

2125 2788 2256 2840 KA'.
2293 2788 2383 2839 Στ.
2414 2785 2481 2843 0'.
2507 2785 2567 2840 Τί
2590 2783 2977 2854 ὡραιώθησαν
2995 2785 3054 2837 αἱ
3086 2782 3365 2851 σιαγόνες
3395 2793 3512 2833 σου
3534 2777 3626 2845 ὡς

2051 2879 2336 2947 τρυγόνος
2350 2893 2368 2941 ;

2124 2967 2480 3040 Σωφροσύνης
2510 2967 2702 3039 ἔφορον
2744 2968 2807 3022 τὸ
2838 2967 2949 3039 (18)
2977 2965 3132 3030 ζῶον,
3186 2965 3395 3035 ἄγριον,
3442 2975 3621 3031 μιμη-

2054 3058 2142 3112 λὸν
2160 3058 2292 3129 (19),
2321 3056 2611 3133 μόνανδρον
2633 3074 2645 3087 ·
2671 3056 2858 3128 ὥσπερ
2879 3056 2973 3108 καὶ
2997 3054 3133 3126 αὐτὴ
3159 3057 3191 3124 ὴ
3222 3053 3351 3121 ἁγία
3389 3049 3626 3119 Ἐκκλη-

2055 3151 2144 3205 σία
2180 3151 2347 3206 πάλαι
2392 3151 2490 3222 μὲν
2527 3146 2593 3221 ἦν
2633 3150 2818 3221 ἀγρία,
2884 3148 3044 3219 μόνον
3085 3147 3141 3200 δὲ
3207 3146 3373 3216 ἄνδρα
3419 3143 3626 3214 ἔχουσα

2055 3241 2303 3312 νυμφίον,
2333 3241 2391 3305 ὃς
2414 3241 2509 3295 καὶ
2536 3241 2704 3294 ταῦτα
2734 3242 2869 3311 αὐτῇ
2899 3239 3210 3311 προσλαλεῖ,
3247 3234 3429 3297 καθὼς
3462 3235 3557 3286 καὶ
3592 3235 3627 3286 ὁ

2072 3332 2389 3396 Ἀπόστολος
2419 3332 2597 3402 λέγει’
2639 3350 2658 3382 ι
2710 3333 3067 3403 Ἦρμοσὰμην
3100 3330 3208 3402 γὰρ
3238 3329 3380 3400 ὑμᾶς
3410 3326 3491 3379 ἐνὶ
3527 3326 3627 3377 ἁν-

2059 3424 2155 3496 δρὶ
2190 3423 2458 3495 παρθένον
2485 3423 2652 3495 ἁγνὴν
2683 3424 3030 3495 παραστῆσαι
3057 3420 3135 3493 τῷ
3167 3420 3405 3492 Χριστῷ.
3453 3436 3473 3468 ι

2122 3598 2249 3653 ΚΒ⁹.
2297 3598 2599 3668 Τράχηλός
2632 3615 2747 3652 σου
2774 3599 2854 3664 ὡς
2882 3599 3169 3668 ὁρμίσκος
3194 3596 3326 3665 (‘20).

2137 3690 2463 3761 Ἐκπλήττει
2493 3691 2527 3760 ή
2556 3688 2788 3758 γνῶσις.
2817 3690 2935 3752 πῶς
2962 3692 2995 3760 ἡ
3020 3687 3308 3745 ἀκολουθία
3331 3685 3439 3738 τῶν
3468 3684 3625 3753 λεγο-

2050 3783 2236 3854 ιμένων
2263 3782 2648 3853 πνευματικῶν
2675 3783 2962 3852 νοημάτων
2992 3780 3188 3851 ἑαυτὴν
3219 3778 3397 3843 σώζει.
3441 3778 3628 3830 Ἀπει-

2065 3873 2238 3936 κάσας
2270 3872 2379 3945 γὰρ
2410 3872 2497 3926 διὰ
2525 3873 2623 3945 τὴν
2664 3872 2961 3943 ἀγριότητα
2993 3872 3211 3940 τρυγόνι
3242 3871 3351 3941 (21)
3380 3870 3448 3924 τὰ
3476 3867 3629 3936 ἔθνη,

2066 3963 2127 4016 οὐ
2160 3963 2341 4033 σιωπᾷ
2375 3961 2471 4016 καὶ
2497 3963 2622 4027 τοὺς
2661 3962 2768 4016 ἀπὸ
2810 3962 3075 4016 Ἰουδαίων
3117 3961 3509 4031 συναγομένους
3538 3973 3632 4011 πιε-

466 4160 515 4195 ⁸⁸
552 4158 717 4216 Hebr.
750 4174 860 4226 xu,
895 4159 986 4215 25.
1061 4160 1107 4192 “
1142 4160 1326 4214 Matth.
1360 4174 1452 4223 xx,
1485 4159 1571 4213 12.
1648 4159 1692 4190 ⁸⁷
1730 4157 1773 4212 ll
1799 4158 1923 4213 Cor.
1956 4160 2115 4241 1],.2.

469 4324 553 4399 (7)
582 4323 752 4379 Sacer
780 4332 962 4399 textus
1004 4323 1067 4399 ρ.
1114 4323 1263 4399 Ιῖοιιιὶ
1301 4323 1381 4377 sic
1412 4328 1534 4399 est;
1562 4324 1611 4375 si
1631 4323 1741 4394 γὰρ
1777 4324 1974 4399 ἐκεῖνοι

396 4393 498 4455 οὐδὲ
528 4396 726 4465 ἔφυγον
752 4393 842 4447 τὸν
867 4396 960 4447 ἐπὶ
982 4394 1077 4463 τῆς
1099 4393 1201 4462 γῆς
1224 4394 1685 4465 παραιτησάμενοι
1706 4396 1975 4465 χρηματί-

399 4463 584 4536 ζονταζ
617 4464 751 4519 Male
766 4473 873 4521 vet.
904 4467 1168 4536 interpres
1188 4463 1280 4515 ἐπὶ
1295 4463 1401 4536 τῆς.
1422 4463 1523 4534 γῆς
1549 4463 1971 4535 χρηματίζοντα,

407 4533 427 4592 ἆ
453 4538 542 4607 qui
570 4536 808 4607 interra
845 4533 1166 4602 prmdicatus
1187 4544 1289 4589 est.
1312 4551 1332 4584 ι
1364 4533 1608 4603 Vulgata,
1640 4533 1776 4604 {qui
1811 4550 1973 4606 super

409 4603 610 4666 terram
634 4603 974 4673 loquebatur.
1001 4622 1020 4655 ι

476 4677 556 4749 (8)
578 4674 1061 4749 Mirmnquantum
1082 4683 1398 4749 _monstrosa
1422 4675 1510 4749 _sit
1544 4675 1597 4727 in
1623 4674 1778 4749 hujus
1801 4675 1974 4732 versi-

404 4740 513 4804 culi
537 4740 899 4809 explicationc
929 4743 1126 4797 veteris
1158 4745 1465 4812 interpretis
1495 4740 1694 4808 versip.

498 4814 554 4873 9)
578 4814 738 4883 Barb.
769 4824 823 4867 et
847 4812 983 4883 Vall.
1007 4813 1205 4883 Φαραῶ
1228 4812 1427 4881 λέγειν.

506 4886 593 4955 10)
628 4881 791 4955 Barb.
827 4893 884 4938 et
923 4881 1059 4955 Yall.
1095 4881 1324 4955 Φαραῶ.
1370 4883 1558 4955 Τιιοοᾷι.
1627 4891 1796 4955 totum
1835 4884 1979 4955 hunc

406 4952 582 5011 locum
610 4952 688 5025 sic
710 4952 893 5025 habet,
912 4953 973 5006 τὸ
992 4952 1098 5023 γὰρ
1113 4956 1170 5008 ὲν
1182 4952 1419 5024 ἅρμασιν
1440 4953 1534 5006 τοῦ
1563 4954 1753 5025 νοητοῦ
1780 4954 1978 5025 Φαραῶ

405 5022 743 5095 ἐζευγμένην
768 5023 917 5075 ποτέ.

483 5090 595 5166 (ll)
628 5090 709 5145 Ita'
742 5091 1043 5166 emendavi.
1080 5090 1279 5150 Omnes
1319 5094 1531 5149 codices
1585 5093 1785 5149 habent
1819 5093 1976 5157 ἐζευ-

409 5160 619 5238 mea
632 5160 795 5238 gms-

487 5229 599 5305 (12)
632 5231 793 5305 Darii.
824 5229 1088 5302 ὠμοίωσά
1118 5248 1199 5295 σε,
1221 5247 1340 5301 quae
1392 5242 1662 5303 postrema
1695 5233 1977 5305 (particula

414 5301 627 5426 abes‘t'a
656 5301 842 5356 Vallic.
882 5301 1119 5372 eamque
1146 5301 1468 5370 expunctam
1491 5301 1751 5372 oportuii.
1786 5303 1976 5359 'l‘heat.

414 5391 531 5426 mna
552 5390 718 5426 ωσας.

408 5374 718 5430 ὡμοίωσας.

461 5390 718 5446 μοιωσας.

486 5442 599 5515 (15)
628 5442 733 5515 _ijro
770 5440 845 5514 μὴ
874 5441 943 5515 τά
961 5440 1191 5496 libenter
1220 5441 1451 5515 legerem
1482 5444 1617 5513 μήτε
1646 5443 1732 5495 τά.

512 5510 603 5582 14)
634 5510 958 5582 Vocem-anc;
992 5512 1235 5582 revocavi
1267 5510 1332 5566 ex
1370 5510 1559 5582 They;

491 5580 606 5655 (15)
630 5582 721 5655 _Sic
743 5580 1169 5655 emendavimus.
1200 5580 1659 5655 Barb._etA\‘allic.
1688 5580 1885 5655 habent
1911 5585 1978 5655 τῇ

412 5648 597 5776 ξηιρῖ
620 5651 877 5725 ὡμοίωσά
922 5667 981 5704 σε
1016 5649 1185 5706 εἰπὼν
1227 5653 1290 5722 τῇ
1320 5648 1426 5705 τῶν
1453 5650 1582 5717 δικ.,
1613 5661 1665 5707 et
1692 5653 1771 5707 sic
1820 5648 1979 5707 etiam

500 5738 562 5776 ea
594 5762 610 5776 .
1473 5773 1477 5776 _

465 5726 610 5778 heat.

2153 4324 2266 4395 (16)
2296 4323 2536 4394 Uterque
2558 4323 2728 4378 codex
2754 4324 2814 4378 Β.
2844 4332 2899 4378 et
2925 4320 2991 4395 Υ.
3021 4319 3223 4376 habent
3255 4318 3377 4395 καί,
3405 4319 3546 4395 quod
3579 4321 3634 4373 in

2081 4389 2221 4450 κατά
2248 4389 2615 4458 ἠιυιεινῖςηιιε,
2646 4396 2724 4448 sic
2770 4393 3073 4462 postulante
3122 4389 3403 4462 sententia.
3442 4389 3633 4462 Theat.

2003 4438 2053 4500 θ
2273 4438 2436 4520 habet
2459 4438 2799 4533 ’καῖ’ίέξςον
2828 4461 2969 4516 κατὰ
3017 4465 3115 4531 τῆς
3152 4446 3331 4513 ἑὺσεΰ.
3400 4459 3634 4533 στάδιον.

2077 4534 2274 4591 Vocem
2308 4534 2516 4588 στάδιον
2545 4551 2648 4588 non
2672 4532 2832 4588 modo
2870 4545 2976 4586 vet.
3020 4534 3303 4597 interpres,
3340 4532 3431 4584 sed
3467 4532 3633 4583 etiam

2078 4606 2372 4668 Salutatns,
2400 4607 2450 4658 in
2473 4620 2571 4659 suo
2607 4605 2835 4672 quisque
2868 4603 3053 4656 codice
3087 4602 3406 4672 habuerunt.
3437 4599 3501 4652 Et
3551 4599 3635 4655 sic

2076 4676 2233 4745 paulo
2254 4684 2377 4745 ante
2404 4675 2609 4745 dixerat
2628 4670 2695 4726 tv
2716 4673 2912 4743 σταδίῳ
2930 4672 3027 4741 τῆς
3053 4670 3352 4732 εὐσεϐείας.

2147 4745 2260 4815 (17)
2291 4744 2410 4799 Vet.
2437 4744 2721 4815 interpres,
2751 4758 2844 4796 seu
2884 4738 3062 4810 potius
3088 4751 3261 4802 vetus,
3295 4749 3353 4792 ut
3387 4747 3536 4807 puto,
3569 4738 3637 4793 li-

2077 4812 2288 4869 brarius
2309 4816 2498 4867 iterum
2527 4812 2771 4868 ellllldeili
2796 4828 2954 4881 quem
2983 4827 3164 4881 supra,
3190 4819 3336 4865 errat
3356 4824 3631 4866 errorem:

2082 4904 2103 4936 ι
2129 4885 2180 4937 in
2212 4885 2389 4938 studio
2425 4884 2656 4952 pietatis.
2685 4901 2703 4932 ι

2148 4954 2261 5025 (18)
2291 4951 2632 5025 ρνιοᾲτοῦτο
2657 4951 2737 5005 τό.

2153 5017 2267 5096 (19')
2309 5022 2426 5096 Vel.
2456 5023 2651 5096 interp.
2680 5041 2693 5074 :
2724 5039 2743 5072 ι
2769 5019 2880 5096 Hoc
2899 5020 3095 5096 animal
3118 5017 3359 5079 castitati
3381 5017 3632 5096 devotum

2081 5087 2183 5162 est,
2224 5096 2366 5162 quod
2395 5091 2519 5147 licet
2543 5087 2717 5162 rei-um
2751 5093 2843 5152 sit,
2877 5091 3126 5162 tamenin
3158 5105 3262 5162 una
3295 5087 3634 5162 conjunctio-

2084 5159 2510 5233 ne'pérdurat.»
2559 5160 2833 5233 salutatus
2864 5161 2954 5230 qui
3008 5160 3181 5233 locum
3251 5159 3391 5233 hunc
3437 5159 3634 5221 reddit,

2086 5253 2106 5285 ‹
2126 5227 2390 5288 castitatis
2420 5231 2637 5294 animal,
2667 5227 2899 5301 agreste,
2935 5230 3201 5301 gemibile.
3232 5227 3493 5301 D_V_Idell_ll'
3540 5243 3638 5295 pro

2085 5302 2319 5375 μιμηλόν
2351 5301 2543 5375 legisse
2567 5296 2808 5375 μινυρόν,
2837 5296 2957 5375 quae
2992 5300 3158 5375 lectio
3189 5297 3315 5375 mihi
3344 5296 3633 5375 probatur;

2083 5368 2253 5442 neque
2285 5368 2425 5442 enini
2456 5368 2712 5442 μιμηλός,
2746 5390 2764 5422 ι
2793 5368 3038 5442 imitandi
3082 5369 3298 5424 solertia
3325 5368 3638 5437 praeditus,»

2080 5440 2205 5497 huic
2243 5442 2358 5495 loco
2381 5440 2595 5494 videtur
2628 5440 2934 5494 convenire.

2154 5511 2267 5583 (20)
2296 5509 2371 5563 Ita
2413 5512 2580 5583 codex
2616 5510 2908 5583 alexandr.
2939 5522 3095 5583 quem
3136 5506 3448 5578 plerumque
3490 5507 3642 5562 vide-

2089 5577 2179 5637 tur
2202 5577 2389 5635 auctor
2409 5581 2583 5647 sequi.
2618 5578 2761 5633 Edil.
2794 5577 2916 5634 Vat.
2956 5578 3231 5649 ὁρμίσκοι.

2150 5651 2261 5720 (21)
2299 5650 2389 5704 Sic
2409 5643 2709 5719 emendavi,
2740 5658 2798 5704 ut
2836 5643 3001 5704 habet
3029 5643 3208 5703 'codex
3238 5645 3428 5702 Vallic.
3451 5643 3643 5704 Caeteri

2079 5723 2234 5779 codd.
2269 5720 2532 5790 τριγόνος.
