3862 6270
209 304 267 361 53
1093 295 1493 355 ENARRATIO
1531 294 1600 351 IN
1637 294 1989 352 CANTICUII
2025 289 2498 351 CANTICORUM.
3333 281 3404 337 51

206 424 362 488 «sic.
385 421 541 478 Μετὰ
568 421 674 492 γὰρ
698 421 760 475 τὸ
788 422 980 486 εἰπεῖν,
1010 440 1029 472 ι
1060 422 1314 490 Σιαγόνες
1330 437 1447 483 σου,
1479 439 1498 473 ι
1520 419 1736 488 ἐπάγει·

1864 418 2116 473 :ollectos.
2159 415 2449 483 Postquam
2483 409 2627 467 enim
2663 408 2907 467 dixisset,
2955 424 2973 455 ι
3016 402 3177 458 Cena:
3214 408 3337 463 tua,
3379 417 3399 450 ι

208 540 225 570 ι
252 513 511 595 Τράχηλιός
555 531 648 568 σου
685 513 762 576 ὡς
788 515 1048 585 ὁρμίσκος
1069 531 1081 545 ο
1123 534 1142 566 ι
1190 514 1278 567 ἵνα
1302 512 1451 583 δείξῃ
1479 512 1573 565 καὶ
1615 511 1740 574 τοὺς

203 608 294 663 ἀπὸ
317 606 580 660 Ἰουδαίων
601 605 1049 668 πεπιστευκότας,
1068 604 1157 659 τὸν
1173 603 1436 674 ὁρμίσκον
1454 600 1546 655 τοῦ
1575 599 1743 654 Ἰούδα

202 693 287 751 τὸν
312 694 524 750 δοθέντα
549 696 618 766 τῇ
648 694 847 765 Θάμαρ
870 695 1207 766 ὑπομνήσας.
1254 711 1274 745 ι
1309 692 1582 765 Πρόδηλον
1608 690 1740 762 γὰρ,

201 792 269 843 ὅτι
307 786 364 851 ἐξ
410 784 585 839 Ἰούδα
621 785 983 841 ἀνατέταλκεν
1026 786 1056 838 ὁ
1095 786 1297 857 Κύριος
1328 783 1487 855 ἡμῶν
1539 782 1745 855 Ἰησοῦς

203 874 425 949 Χριστὸς,
470 892 492 927 ι
525 874 669 929 κατὰ
710 873 804 928 τὸν
858 873 1196 929 Ἀπόστολον.
1244 870 1377 928 Εἶτα
1413 872 1512 944 τὴν
1552 870 1745 941 γενεὰν

202 970 348 1039 αὐτῆς
368 965 772 1037 διηγησάμενος
802 966 936 1037 (22),
958 966 1165 1020 καὶτὸν
1188 965 1389 1036 κόσμον
1413 965 1580 1033 ὅνπερ
1606 963 1742 1035 αὐτῇ

202 1056 454 1133 χαρίζεται
486 1059 517 1111 ὁ
545 1059 801 1128 νυμφίος,
830 1060 1125 1128 ἐπάγουσιν
1150 1061 1199 1113 οἱ
1225 1057 1540 1112 ἀπόστολοι·

256 1237 370 1292 KP.
417 1236 511 1290 Στ.
562 1243 613 1290 ι’.
671 1234 1033 1306 ὀμοιώματα
1084 1234 1344 1305 χρυσίου
1399 1228 1746 1300 ποιήσωμέν

200 1344 284 1384 σοι
298 1325 443 1397 μετὰ
467 1326 809 1397 στιγμάτων
838 1326 946 1380 τοῦ
974 1325 1280 1395 ἀργιφιου.

271 1419 611 1491 Ὁμοιώματα
634 1420 858 1491 χρυσίου
882 1419 983 1488 οὐχ
1009 1419 1174 1489 ἕτερα
1204 1412 1361 1488 οἶμαι
1383 1410 1540 1477 εἶναι,
1570 1413 1681 1467 ἀλλ’
1711 1411 1744 1482 ἢ

202 1511 310 1574 τούς
333 1510 519 1578 ἁγίους
554 1508 838 1581 μάρτυρας
856 1523 872 1538 ο
903 1506 1203 1577 ἐπειδήπερ
1227 1505 1317 1558 διὰ
1338 1503 1508 1575 πυρὸς
1531 1502 1747 1571 δοκιμα-

204 1599 418 1665 σθέντες,
444 1597 839 1670 λαμπροτέραν
869 1595 1213 1660 ἐπεδείξαντο
1242 1593 1338 1665 τὴν
1363 1592 1563 1645 πίστιν.
1598 1610 1617 1642 ι
1663 1590 1749 1652 Ὡς

204 1693 398 1762 χρυσίον
431 1710 452 1744 ι
488 1690 627 1761 γὰρ,
669 1690 856 1759 φησὶν,
890 1707 909 1739 ι
948 1690 1008 1741 ἐν
1050 1685 1399 1757 χωνευτηρίῳ
1428 1682 1747 1753 ἐδοκίμασεν

204 1783 407 1847 αὐτοὺς,
465 1781 565 1835 καὶ
607 1780 684 1845 ὡς
732 1779 1099 1851 ὁλοκάρπωμα
1146 1776 1333 1839 θυσίας
1391 1771 1749 1846 προσεδέξατο

204 1871 395 1936 αὐτούς.
423 1890 443 1924 ι
468 1872 594 1925 Ἵνα
624 1870 684 1924 δὲ
709 1872 774 1924 ἐκ
795 1870 899 1940 τῆς
931 1867 1251 1930 ἀκολουθίας
1274 1866 1481 1937 δειχθῇ,
1506 1864 1588 1918 ὅτι
1622 1863 1749 1935 περὶ

206 1962 471 2036 μαρτύρων
490 1961 663 2033 λέγει,
691 1961 855 2033 βλέπε
883 1960 936 2014 τί
960 1959 1157 2027 ἐπάγει
1175 1975 1188 1989 ’
1215 1976 1232 2008 ι
1263 1957 1417 2012 Μετὰ
1439 1953 1749 2025 στιγμάτων

203 2052 282 2106 τοῦ
322 2052 608 2124 ἀργυρίου.
650 2070 668 2102 ι
705 2048 985 2119 Στίγματα
1015 2045 1123 2117 γὰρ
1169 2044 1355 2114 σαφῶς
1393 2045 1448 2098 αἱ
1491 2043 1749 2114 μάστιγες

208 2145 286 2197 καὶ
312 2146 365 2197 aI
400 2141 628 2214 βάσανοι
653 2139 762 2193 τῶν
783 2139 922 2210 ὑπὲρ
943 2135 1179 2208 Χριστοῦ
1201 2135 1514 2206 πασχόντων
1529 2150 1543 2164 δ
1570 2130 1751 2195 καθώς

209 2252 285 2305 μοι
313 2235 580 2306 μαρτυρεῖ
609 2232 705 2285 κα)⁸
729 2230 760 2282 ὁ
799 2228 1007 2292 Παῦλος
1036 2227 1209 2297 λέγων
1230 2244 1242 2258 ·
1290 2246 1310 2279 ι
1365 2223 1506 2294 Ἐγὼ
1545 2223 1652 2295 γάρ
1681 2221 1749 2275 τά

205 2325 452 2395 στίγματα
497 2320 599 2393 τοῦ
646 2319 850 2391 Κυρίου
897 2317 1056 2390 ἡμῶν
1101 2316 1276 2388 Ἰησοῦ
1322 2314 1557 2386 Χριστοῦ
1585 2316 1643 2368 ἐν
1674 2310 1751 2384 τῷ

208 2414 394 2489 σώματί
426 2431 529 2487 μου
563 2412 838 2484 βαστάζω.
875 2429 895 2462 ι
937 2409 1162 2477 Ἐπάγει
1181 2407 1237 2461 δὲ
1261 2409 1291 2461 ὁ
1314 2406 1505 2476 λόγος’

264 2592 375 2646 KA’.
416 2591 509 2645 Στ.
553 2596 647 2643 ια’.
682 2589 837 2655 Ἕως
863 2580 936 2643 οὗ
967 2587 1001 2639 ὁ
1024 2582 1324 2650 ,βασιλεὺς
1347 2582 1418 2637 ἐν
1439 2581 1752 2636 ἀνακλίσει

208 2681 388 2736 αὐτοῦ.
1353 2721 1358 2726 .

266 2774 373 2827 Ἵνα
402 2773 532 2844 είπῃ
558 2788 576 2804 ·
623 2771 770 2834 Ἕως
801 2769 900 2839 τῆς
937 2764 1358 2836 παλιγγενεσίας
1398 2763 1487 2817 διὰ
1517 2763 1615 2834 τῆς
1644 2763 1751 2816 τῶν

208 2866 377 2936 γάμων
421 2864 688 2935 εὐωχίας
719 2862 824 2925 ἕως
845 2860 966 2914 τότε
999 2858 1069 2912 τὰ
1105 2854 1425 2928 ὁμοιώματα
1456 2854 1628 2908 ταῦτα
1656 2853 1749 2908 τοῦ

210 2956 445 3028 ἀργυρίου
473 2956 771 3023 συνάγεται
786 2969 799 2983 ·
818 2951 1093 3006 τουτέστιν
1108 2967 1122 2981 ’
1149 2949 1211 3001 Οἱ
1237 2947 1377 3017 ὑπὲρ
1400 2947 1498 3016 τῆς
1517 2947 1751 3009 πίστεως

212 3026 503 3117 πάσχοντες,
537 3046 607 3099 οὐ
635 3045 795 3116 μόνον
814 3043 873 3096 ἐν
900 3039 1076 3113 καιρῷ
1094 3037 1348 3108 διωγμῶν
1366 3036 1453 3090 διὰ
1484 3037 1748 3107 βασάνων,
1778 3026 1818 3082 C

208 3136 429 3190 ἀλλὰκαὶ
462 3138 520 3191 ἐν
565 3133 746 3206 καιρῷ
777 3134 999 3204 εἰρήνης
1028 3130 1117 3184 διὰ
1152 3128 1247 3182 τοῦ
1288 3127 1387 3198 τὴν
1430 3127 1621 3198 στενὴν
1660 3128 1753 3180 καὶ

209 3227 550 3299 τεθλιμμένην
586 3226 700 3297 (25)
729 3224 845 3278 ὁδὸν
866 3223 1105 3294 τρέχειν,
1128 3221 1223 3275 καὶ
1240 3222 1360 3284 ταῖς
1387 3218 1498 3290 (24)
1523 3217 1753 3292 πράξεσι

208 3313 312 3377 τοὺς
359 3314 648 3386 μάρτυρας
698 3310 997 3383 μιμεῖσθαι.
1034 3305 1168 3364 Εἶτα
1215 3308 1664 3379 ἀνταποκρίνεται
1719 3309 1752 3379 ἡ

211 3392 389 3477 νύμφη,
412 3408 506 3460 καὶ
537 3405 693 3474 λέγει
721 3404 857 3475 πρὸς
887 3404 980 3458 τὸν
1010 3402 1239 3474 νυμφίον
1263 3418 1276 3431 ·

268 3497 382 3551 κε’.
421 3496 662 3565 Νάρόος
686 3513 807 3564 μου
836 3494 1059 3548 ἔδωκεν
1091 3494 1292 3563 ὀσμὴν
1315 3493 1524 3548 αὐτοῦ.

276 3585 354 3639 Ἐν
388 3586 463 3658 τῷ
502 3586 621 3657 γὰρ
654 3586 746 3639 τὸν
776 3585 1008 3656 νυμφίον
1051 3586 1212 3639 αὐτὸν
1262 3587 1434 3639 εἰπεῖν
1485 3587 1612 3658 περὶ
1647 3586 1752 3639 τῶν

215 3675 493 3747 μαρτύρων,
535 3676 1000 3747 ἀνταποκρίνεται
1031 3676 1425 3748 εὐχαριστοῦσα
1451 3676 1618 3749 αὐτῷ,
1660 3678 1754 3730 καὶ

211 3763 358 3836 λέγει·
395 3788 413 3820 ι
444 3768 659 3840 Νάρδος
713 3786 815 3839 μου
861 3768 1060 3823 ἔδωκεν
1088 3771 1261 3843 ὀσμὴν
1307 3770 1507 3823 αὐτοῦ’
1540 3788 1559 3822 ι
1595 3787 1750 3823 τουτ-

209 3855 304 3911 ἐστι
328 3858 433 3932 (25)
453 3875 467 3889 °
495 3861 574 3914 Σὺ
597 3859 769 3914 ταῦτα
791 3860 859 3914 τὰ
883 3861 1063 3929 ἀγαθὰ
1105 3863 1218 3932 ἀπή
1226 3862 1354 3933 ρξω.
1382 3861 1480 3915 Διὰ
1521 3863 1627 3934 γὰρ
1653 3862 1752 3933 τῆς

211 3947 399 4019 νάρδου,
417 3951 511 4004 τοῦ
534 3950 649 4022 (Ξὸ)
670 3952 1009 4024 ἀλαϐάστρου
1033 3953 1126 4006 τοῦ
1151 3952 1343 4026 μύρου,
1372 3954 1498 4025 περὶ
1518 3949 1576 4009 οὗ
1595 3957 1622 4008 ὁ
1642 3954 1753 4007 Κύ-

212 4055 307 4108 ριος
326 4041 496 4111 λέγει’
539 4062 561 4095 ι
576 4044 798 4113 Ἅφετε,
817 4043 911 4097 καὶ
934 4043 1009 4115 μὴ
1030 4044 1229 4107 κόπους
1259 4044 1525 4115 παρέχετε
1546 4046 1611 4115 τῇ
1646 4060 1748 4112 γυ-

212 4132 362 4185 ναικί·
392 4135 560 4189 καλὸν
590 4133 699 4205 γὰρ
724 4134 884 4206 ἔργον
910 4135 1204 4207 εἰργάσατο
1230 4137 1310 4199 εἰς
1342 4136 1462 4207 ἐμὲ,
1506 4157 1524 4187 ι
1559 4135 1749 4189 καῖ’τὰ

215 4219 337 4291 ἑξῆς.
373 4225 585 4297 Ὠσπερ
624 4220 716 4279 οὖν
756 4226 1137 4295 ἅντιφωνοῦσα
1166 4231 1233 4299 τῇ
1261 4228 1579 4299 εὐχαριστίᾳ
1606 4227 1750 4296 λέγει

214 4314 461 4413 ηινύμφη.
484 4319 799 4413 -ἒύτρςΑμοι
955 4319 1181 4413 εὐωδίαν
1225 4320 1433 4413 ἔδωκας
1457 4322 1567 4374 τῶν
1608 4337 1749 4391 μαρ-
1784 4359 1827 4413 D

215 4404 385 4475 τύρων.
418 4427 438 4460 ι
484 4410 552 4463 Ἦ
575 4409 767 4480 νάρδος
809 4428 827 4461 ι
858 4409 968 4481 γάρ
999 4429 1018 4463 ι
1051 4409 1248 4464 ἔδωκεν
1281 4410 1454 4482 ὀσμὴν
1491 4411 1656 4465 αὐτοῦ
1676 4430 1691 4443 ·
1726 4432 1745 4464 ι

215 4495 328 4569 ὅπερ
367 4500 512 4554 ἐστί’
565 4500 638 4554 Τὸ
684 4501 776 4554 σὸν
829 4501 1158 4575 μαρτύριον,
1208 4503 1302 4556 καὶ
1346 4504 1380 4574 ἡ
1434 4503 1500 4574 σὴ
1556 4503 1752 4557 εὐωδία

220 4591 566 4661 προετρέψατο
595 4592 722 4655 τοὺς
754 4593 1034 4663 μάρτυρας
1058 4593 1196 4665 ὑπὲρ
1221 4593 1317 4647 τοῦ
1339 4595 1533 4648 παθεῖν
1555 4612 1568 4625 ·
1603 4595 1753 4648 ἐπει·

217 4677 364 4752 δήπερ
390 4682 482 4735 καὶ
517 4683 582 4736 σὺ
613 4682 813 4746 ἔπαθες
841 4683 982 4755 ὑπὲρ
1020 4684 1198 4754 ἡμῶν.
1254 4684 1385 4738 Ἀπὸ
1408 4686 1464 4738 δὲ
1496 4686 1595 4757 τῆς
1624 4689 1753 4741 άκο-

220 4769 410 4915 λῗιυθίας
447 4776 765 4846 γινωσκέτω
807 4778 914 4842 πᾶς
955 4794 1037 4842 τις
1073 4778 1182 4833 τῶν
1226 4778 1397 4848 λόγων
1441 4778 1538 4850 τὴν
1582 4780 1753 4850 ἁρμο-

220 4878 245 4914 ν
290 4881 334 4915 ν.
586 4900 593 4907 -

219 4878 334 4918 νιαν.
586 4900 593 4907 -

276 4957 404 5026 κεῖν.
444 4958 537 5014 Στ,
580 4958 667 5014 ιϐ’.
721 4957 1078 5030 Ἀπόδεσμος
1107 4958 1219 5029 τῆς
1260 4960 1531 5028 στακτῆς
1572 4960 1748 5015 ἀδελ-

220 5046 364 5115 φιϐός
379 5066 495 5119 μου
525 5050 680 5121 ἐμοί.

279 5136 436 5205 Εὐθὺς
462 5142 867 5213 ὑπομιμνήσκει
890 5140 953 5195 τὸ
977 5136 1119 5213 αἷμα
1143 5143 1237 5196 καὶ
1262 5141 1324 5195 τὸ
1351 5142 1493 5215 ὕδωρ
1526 5143 1585 5197 τὸ
1617 5145 1747 5199 στά-

1843 507 2056 564 subdit:
2108 524 2128 559 ι
2161 504 2365 559 Collum
2409 511 2557 556 tuum
2607 498 2747 555 sicut
2789 495 3019 559 monile;
3055 513 3073 546 ι
3114 502 3175 547 ιιι
3210 490 3408 545 indicet

1842 599 2004 654 etiam
2030 611 2123 651 eos
2155 595 2245 664 qui
2275 609 2340 647 ex
2369 590 2572 647 Judzeis
2595 588 2976 645 crediderunt:
3005 586 3056 639 in
3095 581 3406 637 memoriam

1845 703 2102 745 revocans
2128 686 2276 741 Iuda:
2311 684 2505 739 monile
2527 682 2571 713 ⁸⁸
2605 681 2748 751 quod
2786 678 3023 734 Thamar
3062 677 3250 729 datum
3286 672 3407 726 fuit.

1852 801 1870 834 ι
1906 763 2245 835 manifestum
2302 776 2445 829 enim
2487 782 2591 836 est,
2640 770 2782 840 quod
2828 784 2898 824 ex
2948 767 3083 822 Jnda
3132 773 3284 819 ortus
3324 770 3410 816 est

1842 869 2103 930 Dominus
2144 876 2328 922 noster
2356 863 2512 919 Jesus
2542 862 2790 919 Christus
2814 900 2831 927 ,
2874 879 2893 912 ι
2931 858 3228 912 secundum
3260 855 3408 923 Apo-

1845 955 2127 1013 stolum".
2170 955 2370 1009 Deinde
2403 953 2804 1023 generationem
2845 948 2961 1017 ejus
2994 944 3246 1017 (sponsae)
3286 959 3410 998 cum

1845 1048 2200 1111 enarraverit,
2250 1056 2307 1100 et
2349 1055 2597 1099 ornatum
2645 1058 2803 1112 quem
2849 1040 2926 1095 illi
2961 1040 3127 1095 donat
3160 1050 3408 1107 sponsus,

1846 1138 2083 1193 subdunt
2107 1135 2364 1205 apostoli:

1916 1227 2101 1282 XXIII.
2136 1227 2299 1282 Vens.
2333 1225 2420 1280 IO.
2462 1223 2843 1280 Similitudines
2885 1220 3004 1275 auri
3034 1208 3288 1289 faciemus
3317 1215 3412 1269 tibi

1849 1336 1964 1374 sum
1984 1319 2312 1388 stigmatibus
2337 1317 2558 1387 argenti.

1923 1410 2319 1467 Similitudines
2354 1408 2468 1461 auri
2512 1421 2616 1461 non
2653 1405 2787 1459 alias
2822 1417 2942 1459 esse
2986 1400 3221 1455 arbitror
3252 1410 3413 1466 quam

1854 1513 2070 1558 sanctos
2089 1510 2389 1569 martyres;
2415 1494 2845 1567 quandoquidem
2864 1493 2987 1562 igne
3008 1488 3215 1560 probati
3237 1486 3414 1557 splen-

1850 1595 2108 1649 didiorem
2156 1591 2515 1646 exhibuerunt
2563 1588 2758 1652 (idem;
2794 1586 2871 1640 ait
2903 1585 3044 1639 enim
3087 1581 3413 1647 Scriptura:

1856 1704 1875 1737 ι
1915 1684 2194 1752 Tanquam
2252 1696 2441 1735 aurum
2493 1679 2546 1732 in
2598 1677 2815 1732 fornace
2867 1673 3127 1730 conﬂatos
3172 1666 3412 1737 probavit

1780 1758 1822 1814 Β
1850 1791 1965 1840 eos,
2001 1784 2057 1829 et
2080 1774 2220 1830 sicut
2249 1772 2616 1827 holocaustum
2656 1767 2907 1824 sacriﬁcii
2938 1763 3174 1831 suscepit
3194 1760 3362 1815 eos".
3391 1776 3411 1809 ι

1849 1864 1922 1921 Ut
1948 1875 2125 1920 autem
2154 1879 2223 1920 ex
2254 1864 2318 1917 iis
2344 1877 2464 1932 quae
2497 1870 2796 1930 sequuntur
2843 1857 3246 1911 demonstretur
3296 1866 3415 1905 ser-

1849 1972 2063 2012 monem
2086 1971 2207 2011 esse
2232 1962 2296 2011 de
2317 1952 2662 2024 martyribus,
2681 1950 2803 2006 vide
2826 1948 2966 2020 quod
2990 1946 3197 2001 subdit:
3227 1961 3247 1995 ι
3284 1944 3416 1998 Cum

1850 2051 2194 2122 stigmatibns
2244 2050 2471 2120 argenti.
2530 2066 2549 2099 ι
2612 2046 2873 2117 Stigmata
2935 2043 3077 2098 enim
3134 2038 3417 2094 manifesto

1849 2154 1974 2201 sunt
2020 2144 2245 2198 verbera
2302 2152 2358 2196 et
2400 2149 2664 2195 tormenta
2713 2151 2900 2191 eorum
2948 2133 3040 2204 qui
3074 2146 3171 2203 pro
3202 2129 3417 2185 Christo

1857 2237 2003 2307 passi
2032 2245 2191 2292 sunt:
2232 2231 2682 2303 quemadmodum
2714 2238 2941 2283 testatur
2970 2224 3171 2279 Paulus
3197 2223 3417 2276 dicens:

1854 2349 1874 2382 ι
1912 2329 2023 2398 Ego
2047 2329 2190 2383 enim
2222 2327 2473 2398 stigmata
2508 2322 2717 2377 Domini
2752 2320 2919 2374 nostri
2955 2316 3083 2372 Jcsu
3120 2314 3321 2371 Christi
3362 2314 3417 2367 in

1850 2433 2082 2489 corpore
2133 2431 2255 2472 meo
2307 2414 2552 2486 porto“.
2612 2431 2631 2464 ι
2692 2410 2948 2480 Sequitur
3003 2415 3181 2462 autem
3237 2402 3418 2459 oratio

1851 2513 2037 2565 dicens
2058 2529 2072 2564 :

1852 2600 2042 2655 XXIV.
2076 2598 2236 2654 Vens.
2273 2598 2360 2656 II.
2398 2596 2587 2662 Quoad
2622 2610 2784 2664 usque
2822 2608 2913 2646 rea:
2950 2592 3004 2643 in
3035 2587 3268 2645 recubitu
3297 2602 3412 2641 suo.

1927 2778 1994 2836 Ut
2016 2779 2155 2834 dicat
2177 2797 2192 2833 :
2218 2777 2397 2846 Usque
2426 2776 2493 2831 ad
2512 2774 2970 2846 regenerationem
2996 2784 3091 2840 per
3112 2767 3415 2825 convivium

1855 2871 2206 2943 (celestium)
2245 2870 2571 2939 nuptiarum.
2614 2867 2794 2936 Usque
2820 2876 2949 2922 tunc
2985 2866 3067 2920 ha:
3098 2863 3306 2935 argenti
3336 2861 3417 2919 si-

1853 2962 2178 3019 militudines
2209 2972 2636 3032 congregantur:
2668 2961 2768 3015 hoc
2797 2968 2901 3024 est,
2927 2956 3027 3024 Qui
3060 2971 3157 3024 pro
3185 2955 3290 3010 ﬁde
3324 2970 3420 3025 pa-

1857 3057 2059 3110 tiuntur
2086 3068 2192 3108 non
2227 3054 2403 3107 solum
2434 3052 2866 3122 persecutionum
2912 3059 3151 3116 tempore
3178 3061 3274 3116 per
3309 3055 3422 3101 tor-

1855 3158 2058 3211 menta,
2099 3147 2193 3201 sed
2232 3146 2396 3210 etiam
2445 3145 2594 3213 pacis
2641 3153 2884 3211 tempore
2916 3154 3012 3208 per
3056 3148 3337 3209 angustam
3364 3148 3422 3191 et

1855 3248 2062 3294 arctam
2092 3236 2231 3292 viam
2266 3235 2553 3300 currendo,
2586 3241 2640 3288 et
2668 3231 2974 3289 actionibus
3003 3230 3117 3285 suis
3153 3222 3419 3299 martyri»:

1855 3330 2140 3386 imitando.
2175 3326 2377 3383 Deinde
2406 3325 2646 3382 vicissim
2679 3338 2876 3394 sponsa
2906 3320 3213 3391 respondet,
3245 3320 3423 3374 et‘di-

1854 3424 1928 3477 cit
1957 3435 2185 3490 sponso:

1924 3508 2091 3567 XXV.
2121 3506 2340 3563 Nardus
2372 3522 2486 3560 mea
2514 3504 2656 3559 dedit
2684 3506 2899 3558 odorem
2928 3519 3103 3559 suum.

1925 3599 2061 3655 Dum
2088 3599 2204 3670 ipse
2231 3612 2460 3669 sponsus
2484 3596 2720 3665 loquitur
2748 3596 2812 3650 de
2836 3595 3184 3664 martyribus,
3212 3594 3419 3665 gratias

1854 3692 1930 3748 illi
1977 3704 2141 3761 agens
2183 3704 2379 3759 sponsa
2413 3686 2720 3761 respondet,
2767 3697 2822 3739 et
2862 3686 2972 3739 ait:
3009 3704 3027 3737 ι
3060 3685 3268 3740 Nardus
3305 3701 3421 3740 mea

1853 3784 2000 3839 dedit
2016 3758 2249 3837 ‘odorem
2290 3795 2487 3834 suum:
2527 3798 2546 3830 ι
2580 3758 2683 3832 hoc
2719 3785 2821 3841 est,
2856 3776 2979 3832 Ihec
3034 3778 3174 3832 bona
3201 3787 3255 3831 tu
3288 3777 3421 3832 deli-

1853 3874 2027 3939 basti;
2056 3887 2178 3927 nam
2207 3885 2304 3941 per
2359 3870 2584 3925 nardum
2624 3868 2953 3923 alabastrum
2980 3868 3235 3938 unguenti
3269 3883 3420 3924 com-

1855 3970 2140 4028 memorat,
2177 3963 2242 4016 de
2280 3976 2385 4029 quo
2416 3960 2672 4015 Dominus
2703 3958 2864 4012 dicit:
2901 3976 2920 4010 ι
2959 3959 3153 4025 Sinite,
3184 3974 3283 4014 nec
3307 3975 3422 4014 mo-

1854 4056 1976 4113 lesti
2003 4056 2122 4111 sitis
2151 4053 2393 4118 mulieri;
2429 4055 2625 4108 bonum
2657 4051 2801 4121 enim
2831 4066 2969 4121 opus
2993 4060 3216 4119 cperata
3253 4060 3339 4105 est
3367 4051 3420 4105 in

1855 4144 2035 4209 me";
2076 4161 2096 4195 ι
2125 4151 2181 4196 et
2205 4157 2326 4211 qua:
2356 4141 2626 4208 deinceps.
2676 4140 2886 4209 Sponsa
2917 4139 3081 4208 igitur
3105 4140 3267 4195 veluti
3296 4155 3419 4195 cum

1855 4234 2155 4305 gratiarum
2180 4234 2392 4287 actione
2420 4230 2754 4301 respondens
2784 4232 2895 4286 ait:
2928 4230 3045 4300 Ipse
3074 4231 3199 4284 mihi
3227 4230 3422 4286 dedisti

1853 4325 2071 4380 odorem
2102 4331 2420 4394 martyrum.
2460 4341 2479 4373 ι
2514 4321 2722 4376 Nardus
2753 4340 2772 4374 ι
2804 4323 2947 4377 enim
2977 4340 2999 4374 ι
3026 4323 3170 4377 dedit
3193 4323 3417 4379 odorem

1854 4433 2043 4483 suum;
2075 4436 2094 4469 ι
2128 4416 2231 4471 hoc
2259 4424 2363 4479 est,
2390 4413 2564 4468 Tuum
2596 4414 2910 4485 martyrium
2935 4424 2990 4469 et
3011 4415 3146 4469 odor
3176 4425 3298 4470 tuns
3330 4431 3421 4469 co-

1856 4509 2105 4564 hortatus
2133 4516 2215 4563 εει
2247 4516 2538 4579 martyres,
2576 4515 2635 4558 ιιι
2662 4521 2760 4576 pro
2790 4516 2842 4562 te
2872 4515 3206 4575 paterentur,
3237 4522 3416 4573 quan-

1858 4600 2142 4670 doquidem
2172 4609 2227 4654 tu
2270 4614 2490 4669 quoque
2532 4615 2631 4668 pro
2677 4599 2831 4653 nobis
2880 4613 2938 4653 es
2980 4613 3191 4667 passus.
3229 4599 3305 4652 Ex
3356 4598 3424 4652 iis

1857 4704 1988 4744 vero
2020 4704 2139 4760 qua:
2167 4696 2485 4757 sequuntur,
2516 4689 2744 4763 quisque
2782 4687 3082 4758 intelligere
3110 4690 3310 4757 poterit
3338 4699 3428 4742 to-

1858 4783 1964 4837 tius
1991 4781 2251 4836 orationis
2272 4781 2679 4836 connexionem.
3028 4782 3034 4787 ’

1926 4962 2112 5018 XXVI.
2139 4961 2299 5016 Vens.
2346 4959 2437 5014 I2.
2466 4959 2775 5014 Fasciculus
2801 4970 2962 5030 guttis
2989 4956 3257 5029 fratruelis
3275 4972 3420 5010 meas

1853 5057 2000 5111 mihi.

1925 5146 2119 5201 Statim
2151 5153 2538 5199 commemorat
2584 5139 2903 5209 sanguinem
2954 5149 3011 5195 et
3048 5155 3267 5208 aquam,
3304 5153 3422 5207 quae

277 5248 318 5281 ⁸⁸
347 5251 476 5310 Gen.
499 5270 728 5319 xxxvm,
750 5255 839 5311 I8.
913 5255 959 5289 ⁸⁸
985 5253 1147 5309 IIebr.
1169 5270 1264 5318 vn,
1295 5257 1383 5309 M.
1462 5256 1509 5288 ’°
1534 5255 1658 5325 Sap.
1686 5272 1743 5310 ιιι

1931 5255 2174 5312 "Galat.
2230 5268 2307 5318 νι,
2359 5251 2446 5305 I7.
2518 5251 2564 5281 τ’
2615 5249 2805 5306 Matth.
2840 5251 3123 5318 xxvn,.10.

283 5361 777 5439 (22)N_ominativus
836 5369 1149 5436 absolutus;
1207 5384 1381 5439 neque
1424 5369 1623 5425 idcirco
1670 5369 1757 5424 hic

223 5431 348 5486 Iocus
363 5431 750 5492 sollicitandus.

283 5501 384 5579 {13)
415 5507 827 5579 Ίξεθλιμμένην.
864 5507 1147 5579 διιυιιιιιιε
1184 5509 1395 5579 Ιεείεεε
1420 5508 1638 5564 videtur
1667 5524 1758 5562 τε·

226 5570 781 5648 τελειιυμένηῇῆθιιιῖι
808 5579 953 5632 enim
988 5597 1008 5628 ι
1033 5570 1326 5648 perfectam
1354 5578 1518 5633 viam.
1552 5599 1571 5630 ι

280 5642 782 5727 ςῖι)⁷Εξ)⁷ειιιίοειι.
820 5642 1048 5706 restitui
1068 5653 1208 5714 ταῖς.
1258 5649 1418 5704 Barb.
1468 5649 1629 5707 habet
1665 5648 1759 5704 καὶ

229 5715 374 5767 ταῦτα
395 5715 631 5787 πράξεσι.
928 5761 936 5767 .

1929 5369 2043 5440 (25)
2078 5366 2377 5440 Τουτέστι.
2410 5362 2509 5440 IIic
2544 5364 2596 5417 in
2626 5380 2776 5440 meo,
2805 5376 2861 5421 et
2902 5365 3065 5440 B_arb_.
3108 5363 3295 5432 incipit
3321 5362 3418 5416 Im-

1855 5435 1951 5515 ius.
1972 5435 2161 5515 rersus
2182 5435 2508 5515 erplanalio,
2533 5436 2749 5515 omissis
2777 5436 3144 5504 superioribus
3164 5446 3284 5514 quae
3306 5447 3422 5501 snp-

1856 5502 1994 5632 plevi
2021 5526 2086 5564 ex
2140 5502 2326 5564 codice
2375 5504 2744 5571 Vallicellano,
2786 5502 2956 5575 eaque
2996 5502 3243 5574 agnoscit
3271 5513 3422 5558 vetns

1855 5595 1910 5636 ιιι
1936 5594 2142 5646 erpres.

1930 5640 2040 5716 (26)
2072 5648 2214 5716 Lego
2254 5646 2343 5701 τὸν
2379 5646 2717 5716 ἀλάϐαστρον
2742 5643 2887 5713 λέγει
2935 5642 3029 5698 τοῦ
3056 5640 3229 5716 μύρου
3249 5658 3264 5676 ο
3296 5643 3420 5715 περὶ

1884 5661 2049 5774 ναιῖὲ
2074 5661 2214 5716 Lego
2254 5661 2343 5701 τον
2379 5661 2717 5714 αλαοαστρον

1855 5737 1918 5773 ου
1946 5722 1975 5775 ὁ
2054 5718 2223 5792 ύριος*
2253 5719 2470 5788 Ἅφετε,
2500 5734 2553 5771 κ.
2587 5732 2638 5768 τ.
2674 5714 2721 5769 λ.
