3878 6270
387 341 454 401 59
1506 339 1825 398 PHILONIS
1863 335 2173 395 EPISCOPI
2211 334 2533 394 CARPASII
3563 332 3639 389 60

388 458 559 537 stmba
610 466 797 530 surget
847 470 1141 529 cupressus
1161 459 1230 515 ".
1264 456 1751 529 iQuandoquidem
1818 457 1960 512 enim

2081 472 2198 526 ρησι
2219 471 2235 486 ·
2277 473 2297 505 ι
2331 455 2441 508 Καὶ
2470 452 2593 507 ἀντὶ
2629 453 2728 523 τῆς
2763 451 2982 522 στοιϐῆς
3010 450 3122 522 (55)
3174 451 3503 521 ἀναϐήσεται
3536 468 3639 504 κυ-

388 548 534 619 tigna
577 547 806 604 interius
845 561 990 613 sunt,
1020 560 1075 603 et
1108 548 1452 617 laquearibus
1503 548 1647 617 tigna
1678 547 1957 601 occultan-

389 643 508 699 tur;
543 633 817 705 laquearia
868 648 1045 693 autem
1096 637 1316 691 domum
1352 636 1647 707 jucundam
1687 636 1958 702 efﬁciunt;

390 735 675 796 propterea
699 729 931 798 primum
959 730 1247 799 prophetas
1266 729 1426 800 tignis
1456 729 1740 793 assimilat,
1768 730 1961 786 deinde

392 826 613 888 propter
643 819 853 876 illustre
877 831 1256 877 ornamentum
1286 822 1540 877 Ecclesia:
1563 821 1707 892 quod
1736 822 1803 876 ab
1831 835 1961 890 apo-

392 909 543 966 stolis
564 912 946 983 proﬁciscitur,
979 914 1054 969 ait
1081 931 1095 966 :
1132 932 1152 966 ι
1176 914 1474 983 Laquearia
1502 925 1710 979 nostra,
1742 928 1961 981 cupres-

391 1001 434 1058 si
467 1018 481 1056 :
511 1020 531 1053 ι
565 1011 625 1057 ιιι
666 1004 1020 1073 apostolicum
1065 1005 1195 1060 illud
1229 1013 1690 1075 prtemonstretur,
1724 1005 1912 1059 «licens
1942 1022 1955 1058 :

388 1088 620 1148 «Posuit
642 1092 903 1149 Dominus
925 1095 979 1148 in
1003 1094 1241 1149 Ecclesia
1277 1095 1509 1163 primum
1546 1093 1839 1161 apostolos,
1876 1109 1961 1148 se-

392 1183 569 1237 cundo
624 1185 1043 1254 prophetas".i
1102 1184 1426 1253 Pral'ulgent
1485 1184 1629 1239 enim
1686 1184 1964 1253 pmphetis

392 1274 655 1342 apostoli;
704 1278 1133 1346 quandoquidem
1181 1285 1403 1347 propter
1445 1290 1540 1331 eos
1574 1275 1837 1345 appellata
1877 1285 1963 1330 est

392 1363 618 1429 pulchra
645 1363 848 1420 Christi
876 1382 1096 1435 sponsa,
1130 1381 1251 1435 qua:
1288 1376 1343 1420 et
1374 1364 1703 1431 insequendo
1732 1364 1807 1417 ait
1838 1381 1853 1420 :

2062 548 2344 621 πάρισσος.
2385 568 2404 600 ι
2458 546 2673 617 Ἐπειδὴ
2710 545 2819 617 γὰρ
2852 545 2966 617 (56)
3000 546 3057 599 αί
3090 544 3235 598 δοκοὶ
3264 543 3374 597 τῶν
3420 560 3641 612 φατνω-

2066 640 2250 712 μάτων
2283 639 2422 693 εἰσιν
2450 637 2740 710 ὲσώτεραι,
2771 637 2866 691 καὶ
2900 637 3005 689 ὑπὸ
3034 636 3145 690 τῶν
3168 634 3544 706 φατνωμάτων
3572 634 3630 687 αἱ

2067 734 2213 787 δοκοὶ
2251 731 2614 786 καλύπτονται
2638 745 2654 763 ⁸
2689 732 2987 804 τερπνότης
3017 729 3074 783 δὲ
3100 726 3194 782 τοῦ
3230 729 3378 782 οἴκου
3424 726 3494 779 τὰ
3526 743 3638 795 φα-

2062 824 2351 895 τνώματα·
2389 822 2478 877 διά
2509 821 2666 876 τοῦτο
2713 822 2929 892 πρῶτον
2970 821 3097 885 τοὺς
3137 820 3426 890 προφήτας
3455 819 3637 882 δοκοῖς

2064 912 2383 977 ἀπεικάζει·
2438 896 2629 967 ἔπειτα
2676 911 2765 965 διὰ
2813 912 2906 964 τὸν
2955 909 3227 983 περιφανῆ
3283 908 3486 978 κόσμον
3535 908 3636 978 τῆς

2076 1004 2400 1072 Ἐκκλησίας
2449 1006 2513 1058 ὲκ
2563 1002 2669 1056 τῶν
2722 1002 3035 1056 ἀποστόλων
3080 1001 3216 1071 αὐτῇ
3272 999 3637 1069 γεγενημένον

2063 1095 2241 1163 λέγει·
2279 1116 2297 1147 t
2320 1094 2658 1165 Φατνώματα
2680 1093 2858 1165 ἡμῶν,
2877 1094 3226 1164 κυπάρισσοι·
3255 1111 3272 1144 ι
3302 1090 3390 1145 ἵνα
3417 1090 3477 1143 τὺ
3507 1090 3640 1143 ἁπο-

2073 1186 2318 1240 στολικδν
2370 1188 2545 1239 ἐκεῖνο
2600 1183 2925 1257 προμηνυθῇ
2981 1183 3130 1253 (57),
3189 1181 3251 1235 τὸ
3306 1180 3637 1251 λεγόμενον·

2070 1296 2089 1327 ι
2130 1277 2321 1329 Ἐθετο
2351 1274 2557 1347 Κύριος
2602 1277 2658 1329 ὲν
2696 1280 2763 1348 τῇ
2816 1274 3112 1345 Ἐκκλησία
3147 1271 3361 1343 πρῶτον
3401 1270 3639 1323 ἀποστό-

2066 1365 2209 1429 λους,
2241 1366 2490 1437 δεύτερον
2516 1369 2818 1439 προφήτας.
2862 1385 2881 1418 ι
2919 1364 3307 1436 Προλάμπουσι
3341 1363 3449 1435 γάρ
3476 1364 3535 1417 ὲν
3567 1365 3638 1433 τῇ

402 1455 699 1527 Ἐκκλησία
736 1456 845 1510 τῶν
882 1457 1177 1528 προφητῶν
1215 1458 1266 1511 oi
1305 1455 1626 1511 ἀπόστολοι·
1664 1455 1962 1526 ὲπειδήπεο
1998 1442 2064 1509 δις
2099 1458 2277 1513 αὐτῶν
2346 1457 2547 1530 ἐκλήθη
2612 1461 2645 1531 ἡ
2679 1458 2817 1529 καλὴ
2859 1457 2953 1511 τοῦ
2986 1454 3220 1529 Χριστοῦ
3253 1455 3435 1528 νύμφη
3462 1472 3475 1485 ·
3517 1457 3642 1528 ἥτις

392 1546 487 1604 καὶ
515 1547 885 1603 ἀκολουθοῦσα
913 1550 1092 1629 λέγει·

395 1730 611 1789 XXXV.
641 1734 800 1790 Vens.
822 1735 872 1791 1.
894 1733 1005 1806 Ego
1036 1644 1332 1805 agitagit
1358 1748 1406 1792 et
1427 1737 1597 1794 lilium
1626 1738 1960 1795 convallium.

463 1913 743 1986 Tanquam
781 1917 1103 1973 blandiendo
1128 1935 1227 1976 suo
1260 1920 1430 1991 ipsius
1464 1938 1663 1994 sponso
1688 1925 1741 1979 in
1773 1926 1962 1981 iisdem

393 2007 747 2077 immoratur;
781 2014 1169 2067 convenienter
1211 2015 1325 2083 ipsa
1371 2030 1431 2071 se
1455 2015 1640 2073 ﬂorem
1670 2020 1843 2089 campi
1868 2036 1963 2090 ap-

393 2101 579 2171 pellat,
603 2103 730 2171 quia
765 2117 888 2158 cum
922 2106 1177 2162 meditata
1218 2109 1289 2164 sit
1323 2110 1639 2179 prophetica
1683 2113 1961 2180 vaticinia,

394 2194 544 2248 audit
579 2194 647 2250 ab
693 2195 848 2258 Isaia,
908 2213 929 2247 ι
959 2194 1198 2261 Laetare,
1231 2198 1441 2254 deserta
1479 2200 1703 2255 sitiens:
1733 2204 1967 2257 exsultet

393 2284 607 2340 deserta
640 2305 654 2340 :
682 2296 738 2341 et
788 2285 978 2342 ﬂoreat
1039 2299 1097 2342 ut
1135 2289 1301 2343 lilium
1329 2307 1341 2342 :
1368 2298 1424 2344 et
1456 2288 1718 2345 eﬂlorebit
1751 2291 1963 2347 deserta

395 2377 613 2447 antiqua
632 2378 699 2434 “.
732 2397 751 2431 ι
790 2378 896 2433 Sed
951 2395 1094 2434 nunc
1149 2396 1252 2434 non
1306 2381 1477 2435 solum
1525 2381 1747 2437 ﬂoribus
1800 2397 1966 2438 suave

393 2467 527 2533 olet,
564 2470 659 2524 sed
694 2479 747 2523 et
772 2469 996 2539 justitiz
1030 2468 1293 2525 fructibus
1332 2470 1667 2526 dulcedinem
1707 2472 1964 2539 multipli-

394 2567 505 2614 cat.
532 2557 665 2613 Cum
706 2560 869 2630 igitur
900 2561 1069 2615 dicit:
1105 2578 1125 2611 ι
1146 2560 1256 2631 Ego
1289 2559 1387 2616 ﬂos
1431 2563 1628 2632 campi,
1653 2582 1672 2614 ι
1709 2562 1963 2618 vaticinia

392 2650 681 2715 edisserit;
713 2666 834 2705 cum
862 2662 1039 2706 autem
1084 2667 1269 2706 rursus
1308 2653 1472 2708 dicit:
1499 2671 1519 2705 ι
1548 2655 1611 2709 Et
1640 2654 1805 2708 lilium
1835 2669 1967 2709 con-

395 2740 676 2806 vallium”
713 2742 1034 2811 evangelicis
1070 2742 1470 2813 salutiferisque
1504 2755 1559 2798 et
1605 2745 1858 2798 suavibus
1885 2745 1968 2798 di-

398 2831 502 2887 etis
554 2832 853 2886 delectatur
882 2833 963 2886 sui
1015 2833 1220 2903 sponsi,
1261 2835 1474 2902 quando
1506 2835 1797 2903 discipulos
1839 2850 1967 2889 suos

398 2921 670 2986 hortatur,
704 2934 763 2976 ut
797 2922 927 2976 nihil
959 2923 1172 2978 solliciti
1218 2924 1347 2986 sint,
1395 2924 1618 2979 dicens:
1658 2944 1677 2976 ι
1707 2926 1964 2979 Conside-

398 3025 515 3069 rate
567 3017 677 3070 lilia
720 3018 856 3087 agri,
891 3019 1160 3086 quomodo
1213 3018 1545 3079 adolescunt,
1595 3018 1737 3088 quod
1795 2994 2043 3088 nequec

400 3107 645 3163 laborant
678 3104 1097 3178 neque‘nent".
1128 3127 1146 3160 ι
1184 3107 1317 3162 Cum
1356 3110 1518 3179 igitur
1550 3125 1608 3163 se
1644 3111 1815 3179 ipsam
1858 3130 1875 3162 ι
1901 3110 1968 3164 li-

399 3200 530 3255 lium
589 3202 960 3256 convalliumo
1034 3202 1283 3272 appellat,
1336 3203 1645 3275 evangelica
1703 3194 1971 3273 phecepta

398 3304 828 3351 commemorat:
860 3310 982 3350 cum
1036 3310 1165 3349 vero
1214 3295 1345 3351 dicit
1398 3313 1417 3348 ι
1447 3297 1543 3352 llos
1584 3298 1779 3366 campi,
1805 3317 1823 3349 ι
1857 3311 1973 3365 pro-

401 3389 737 3458 pheticorum
800 3391 1177 3445 vaticiniorum
1238 3390 1575 3444 characteres
1646 3390 1968 3444 subindicat.

401 3480 605 3534 Deinde
658 3480 707 3533 ei
757 3482 1042 3551 respondet
1092 3497 1343 3552 sponsus,
1386 3482 1572 3538 dicens
1613 3483 1682 3538 ad
1738 3498 1799 3538 ea
1853 3496 1972 3551 qua:

400 3570 580 3626 locuta
610 3581 691 3627 est
716 3587 731 3626 :

475 3747 719 3805 XXXVI.
751 3751 914 3805 Vsus.
944 3751 1000 3807 ἓ.
1042 3750 1111 3806 Ut
1150 3752 1321 3806 lilium
1368 3752 1420 3805 in
1464 3752 1633 3805 medio
1677 3751 1970 3821 spinarum,

403 3841 479 3896 ita
513 3844 758 3911 proxima
780 3860 894 3897 mea
916 3845 971 3898 in
1004 3846 1173 3898 medio
1203 3846 1460 3913 filiarum.

478 3933 537 3987 id
571 3932 706 4001 vult,
736 3933 878 3987 illam
904 3933 1106 4002 justam
1133 3949 1251 3989 esse
1286 3935 1337 3988 in
1385 3934 1558 3989 medio
1605 3933 1970 4005 injustorum,

404 4026 549 4096 piam
598 4024 654 4079 in
707 4024 883 4081 medio
934 4027 1216 4095 impiorum
1268 4027 1473 4079 versari
1508 4025 1562 4079 in
1599 4027 1699 4082 hoc
1728 4029 1968 4083 mundo:

405 4118 495 4175 cui
524 4119 655 4173 dicit
692 4118 979 4188 Apostolus
1006 4136 1019 4171 :
1058 4137 1078 4169 ‹
1106 4116 1172 4172 Ut
1196 4118 1315 4173 sitis
1342 4119 1434 4173 lilii
1462 4118 1553 4173 Dei
1582 4120 1973 4189 irreprehensi-

407 4212 545 4267 biles
571 4211 625 4266 in
653 4212 830 4267 medio
862 4211 1229 4282 generationis
1268 4226 1448 4280 prava:
1484 4222 1537 4265 et
1566 4213 1913 4281 perversae".
1946 4233 1966 4266 ι

404 4303 613 4360 Deinde
644 4303 879 4359 vicissim
910 4319 1103 4373 sponsa
1138 4304 1205 4358 ad
1238 4319 1395 4358 suum
1431 4319 1691 4374 sponsum

471 4478 735 4535 XXXVII.
771 4478 934 4534 Vsus.
965 4477 1018 4532 3.
1055 4475 1121 4530 Ut
1152 4478 1347 4532 malum
1392 4479 1447 4532 in
1489 4478 1644 4550 lignis
1695 4479 1862 4548 silvia,
1896 4481 1971 4535 sic

401 4570 673 4642 fratruelis
699 4588 841 4625 meus
879 4572 933 4626 in
957 4573 1124 4626 medio
1147 4571 1397 4640 ﬁliorum.

476 4749 672 4805 Malum
726 4752 778 4805 in
826 4767 884 4806 se
929 4752 1044 4823 ipso
1086 4752 1264 4807 cibum
1314 4761 1370 4807 et
1398 4761 1581 4821 potum
1612 4751 1870 4807 continet.
1898 4751 1967 4807 Ut

402 4840 566 4913 igitur
596 4842 862 4914 signiﬁcet
890 4845 1170 4916 mysticam
1194 4844 1434 4900 laetitiam
1460 4860 1620 4913 quam
1656 4845 1732 4899 illi
1761 4846 1968 4915 peperit

474 5004 522 5038 ⁷³
545 5004 649 5060 lsa.
680 5019 769 5071 ιν,
796 5004 885 5060 l5.
957 5002 1047 5057 "l
1079 5001 1316 5068 Cor.xu,
1340 5003 1431 5058 98.
1507 5004 1553 5037 “
1573 5003 1677 5059 lsa.
1710 5022 1874 5072 xxxv,
1907 5009 1961 5075 l,
1999 5009 2055 5063 2.
2127 5009 2171 5044 “
2197 5007 2387 5065 Matth.
2412 5023 2491 5076 vn,
2525 5010 2617 5066 28.
2666 5008 2680 5023 '

477 5163 589 5235 (55)
620 5159 784 5216 Vetus
837 5160 1118 5235 interpres_
1154 5160 1316 5214 vertit
1346 5178 1358 5214 :
1396 5180 1415 5213 ι
1446 5178 1542 5232 pro
1576 5165 1970 5235 constipatione

404 5229 613 5303 orietur
663 5233 990 5303 cyparissus.
1021 5251 1040 5283 ο
1066 5229 1412 5303 _Lp_ct_tsuest
1447 5229 1605 5303 'lsaia:
1639 5250 1725 5300 LV,
1757 5229 1847 5297 l5,
1904 5236 1970 5289 ad

406 5319 562 5374 quem
603 5298 778 5374 locum
822 5300 1106 5374 adnotavit
1129 5298 1402 5374 ﬂebilius.
1435 5322 1454 5352 ι
1481 5301 1683 5370 Sueba,
1712 5298 1836 5359 hoc
1868 5317 1973 5370 est,

404 5368 669 5444 vilissimo
711 5371 893 5439 stipite
927 5371 1077 5444 juxta
1129 5369 1189 5423 D.
1222 5368 1626 5444 Hieronymum.
1655 5368 1676 5426 »Ὗ
1707 5368 1974 5429 Οωιοτιιιή

406 5443 594 5515 στοιϐή
632 5444 917 5515 herbarum
947 5440 1163 5515 frondes
1191 5452 1336 5505 sunt,
1370 5440 1566 5512 quibus
1595 5446 1698 5499 tori
1725 5456 1780 5500 et
1811 5446 1977 5500 culci-

407 5525 507 5570 tra:
534 5511 833 5567 ra'rciuntur
864 5521 918 5566 et
945 5512 1232 5574 stipantur.

479 5586 593 5648 (bo)
621 5583 747 5651 Γάρ
772 5598 838 5636 ex
864 5581 983 5636 cod.
1011 5580 1203 5635 Valltc.

504 5655 591 5723 57)
625 5652 781 5723 llam.
806 5664 862 5706 et
887 5668 1039 5706 meus
1064 5653 1426 5723 προμηνυθέν.

504 5721 944 5797 58)_\'atic.__nop
979 5721 1291 5797 habet_xaii,
1343 5740 1515 5797 neque
1574 5733 1657 5781 est
1699 5726 1752 5782 in
1805 5724 1972 5781 variis

409 5790 732 5854 lectionibus
748 5794 882 5851 edit.
908 5790 1098 5851 Lamb.
1134 5791 1297 5851 Bosii.

2717 1643 2874 1696 ΚΕΦ.
2910 1642 2952 1693 Β
2971 1681 2986 1696 .

2063 1734 2186 1789 ΛΕ’.
2221 1734 2312 1785 In.
2343 1737 2413 1787 α’.
2461 1729 2604 1800 Ἐγὼ
2631 1730 2815 1797 ἄνθος
2840 1731 2945 1785 τοῦ
2972 1742 3201 1796 πεόιου,
3238 1730 3339 1784 καί
3371 1731 3481 1804 (58)
3515 1732 3644 1801 κρι-

2554 1840 2666 1876 νον
2693 1821 2811 1877 τῶν
2843 1822 3158 1878 κοιλάδων.

2138 1917 2348 1987 Ὠσπερ
2384 1913 2828 1987 χαριεντιζομένη
2878 1915 3015 1986 πρὸς
3045 1915 3137 1967 τὸν
3166 1916 3367 1987 ἑαυτῆς
3407 1915 3645 1986 νυμφῦον

2065 2010 2123 2063 ὲν
2145 2011 2258 2073 τοῖς
2302 2010 2484 2071 αὐτοῖς
2524 2007 2869 2079 διατρίϐουσα
2897 2007 3009 2080 (59)
3039 2048 3054 2073 ,
3086 2008 3398 2072 ἀκολούθως
3442 2009 3644 2078 ἑαυτὴν

2064 2102 2221 2165 ἄνθος
2251 2101 2399 2170 λέγει
2430 2100 2524 2154 τοῦ
2554 2100 2759 2164 πεδίου,
2794 2100 2874 2153 ὅτι
2896 2099 2966 2153 τὰ
2989 2100 3303 2172 προφητικά
3334 2102 3642 2173 μελετῶσα,

2064 2193 2250 2247 ἀκούει
2270 2192 2418 2264 παρά
2455 2191 2695 2245 Ἡσαΐου·
2729 2209 2747 2243 ι
2779 2190 3149 2263 Εὐφράνθητι,
3183 2192 3387 2265 ἔρημος
3408 2192 3639 2262 διψῶσα·

2064 2283 2408 2351 ἀγαλλιάσθω
2440 2283 2473 2352 ἡ
2504 2280 2731 2353 ἔρημος,
2789 2283 2885 2334 καὶ
2915 2280 3145 2335 ἁνθείτω
3176 2281 3252 2345 ὼς
3295 2282 3500 2354 κρίνον·
3546 2282 3645 2337 διαὶ

2065 2376 2345 2448 ἐξανθήσει
2388 2374 2592 2446 έρημος
2635 2377 2669 2445 ἡ
2710 2373 2937 2427 παλαιά.
2976 2392 2992 2425 ι
3052 2374 3212 2428 Ἀλλὰ
3250 2376 3343 2428 νῦν
3386 2376 3447 2429 ού
3481 2375 3645 2447 μόνον

2065 2470 2175 2530 τοῖς
2233 2465 2450 2520 ἄνθεσιν
2512 2464 2824 2528 εὐωδιάζει,
2892 2463 3028 2518 ἀλλά
3076 2465 3169 2518 καὶ
3231 2469 3337 2530 τοῖς
3401 2467 3500 2536 τῆς
3565 2467 3648 2519 διε-

2065 2558 2359 2629 καιοσύνης
2418 2560 2651 2628 καρποῖς
2697 2558 2808 2626 (60)
2870 2557 2969 2628 τὴν
3010 2558 3320 2630 γλυκύτητα
3365 2559 3645 2615 πολυπλα-

2068 2651 2260 2716 σιάζει.
2298 2651 2425 2704 Ὅτε
2478 2647 2569 2705 οὖν
2600 2650 2769 2719 λέγει,
2806 2668 2825 2700 t
2873 2648 3015 2718 Ἐγὼ
3048 2649 3208 2714 ἄνθος
3238 2650 3332 2704 τοῦ
3362 2638 3544 2706 πεδίου
3571 2692 3585 2713 ,
3621 2671 3643 2705 ο

2065 2742 2132 2795 τὰ
2176 2744 2485 2813 προφητικὰ
2531 2740 2922 2812 διαλαμϐάνει·
2981 2741 3067 2793 ὅτε
3119 2740 3176 2793 δὲ
3222 2742 3404 2806 πάλιν,
3450 2763 3468 2793 ε
3531 2744 3648 2798 Καὶ

2066 2834 2251 2904 κρίνον
2284 2831 2391 2885 τῶν
2422 2832 2706 2896 κοιλάδων,
2747 2852 2765 2883 ι
2801 2834 2915 2895 τοῖς
2940 2832 3314 2900 εύαγγελικοίς
3343 2835 3646 2906 ἐπιτέρπε-

2066 2939 2154 2975 ται
2190 2921 2557 2993 σωτηριώδεσι
2587 2924 2679 2976 καὶ
2712 2921 2960 2993 εὐόδμοις
2991 2923 3197 2991 ῥήμασι
3223 2921 3317 2974 τοῦ
3348 2921 3477 2974 ἰδίου
3506 2940 3647 2993 νυμ-

2072 3014 2217 3084 φίου,
2249 3015 2338 3067 ὅτε
2375 3014 2435 3067 τὸ
2468 3013 2766 3085 ἀμέριμνον
2796 3015 2911 3076 τοῖς
2948 3011 3114 3066 αὐτοῦ
3155 3010 3426 3081 μαθηταῖς
3452 3013 3646 3083 εύτρεο

2071 3105 2214 3169 πίζει
2240 3106 2332 3159 καὶ
2365 3106 2548 3169 αὐτὸς,
2575 3105 2747 3174 λέγων
2771 3120 2785 3133 ·
2824 3123 2843 3156 ι
2878 3101 3242 3173 Καταμάθετε
3266 3102 3334 3155 τὰ
3360 3103 3519 3174 κρίνα
3548 3102 3647 3156 τοῦ

2071 3197 2240 3269 ἀγροῦ
2269 3197 2387 3262 πῶς
2408 3198 2649 3263 αὐξάνει,
2669 3197 2749 3251 ὅτι
2780 3198 2841 3250 ού
2866 3197 3053 3266 κοπιᾷ,
3076 3194 3199 3247 οὕτε
3228 3193 3398 3265 νήθει.
3428 3215 3446 3244 ι
3475 3194 3649 3249 Ὅταν

2070 3286 2163 3343 οὖν
2204 3289 2424 3360 ἑαυτὴν,
2471 3307 2490 3341 ι
2526 3289 2710 3360 κρίνον
2763 3288 2874 3340 τῶν
2924 3284 3206 3347 κοιλάδων,
3250 3304 3269 3337 ι
3318 3285 3488 3353 λέγει,
3534 3284 3650 3339 τῶν

2071 3380 2438 3450 εὐαγγελικῶν
2461 3380 2743 3449 δογμάτων
2774 3378 3102 3450 μνημονεύει
3121 3394 3137 3409 ·
3167 3378 3295 3431 ὅταν
3320 3376 3397 3441 δὲ,
3433 3397 3452 3429 ι
3484 3376 3649 3441 ἄνθος

2078 3471 2171 3525 τοῦ
2205 3471 2413 3533 πεδίου,
2455 3488 2474 3522 ι
2500 3470 2608 3523 τῶν
2639 3470 2992 3542 προφητικῶν
3032 3467 3370 3539 μηνυμάτων
3390 3470 3513 3532 τοὺς
3547 3484 3652 3539 χα-

2076 3562 2245 3632 ρακτῆ
2255 3578 2353 3632 ρας
2369 3562 2751 3631 ὑποσημαίνει.
2777 3558 2910 3614 Εἶτα
2933 3558 3288 3631 ἀποκρίνεται
3311 3559 3448 3631 πρὸς
3475 3560 3650 3633 αὐτὴν

2070 3655 2100 3706 ό
2127 3653 2379 3724 νυμφίος,
2412 3654 2586 3721 λέγων
2619 3654 2755 3724 πρὸς
2783 3653 2820 3707 ἄ
2848 3651 2967 3707 εἷπε
2987 3671 3001 3684 ·

2144 3745 2287 3813 AC’.
2322 3747 2412 3799 Στ.
2452 3746 2517 3816 β’.
2564 3746 2657 3811 Ὠς
2686 3746 2893 3815 κρίνον
2926 3746 3184 3817 ἐνμέσῳ
3205 3743 3503 3807 ἀκανθῶν,
3545 3742 3652 3797 οὖ-

2072 3854 2184 3903 τως
2212 3838 2250 3904 ἡ
2284 3838 2552 3903 πλησίον
2571 3855 2691 3907 μου
2723 3837 3031 3907 ἀναμέσον
3062 3838 3181 3893 τῶν
3202 3837 3572 3908 θυγατέρων.

2144 3929 2262 3981 Ἵνα
2290 3930 2459 3999 αὐτὴν
2493 3930 2622 4004 εἴπῃ
2659 3929 2871 3983 δικαίαν
2900 3930 3171 4001 ἀναμέσον
3197 3930 3418 3993 ἀδίκων,
3445 3928 3651 4000 εὐσεϐῆ

2073 4019 2131 4072 ἐν
2163 4018 2314 4089 μέσῳ
2353 4019 2587 4087 ἀσεϐῶν,
2623 4021 2681 4073 ὲν
2726 4020 2861 4091 τῷδε
2895 4020 2972 4091 τῷ
3013 4021 3202 4092 κόσμῳ
3230 4021 3651 4092 ἀναστρεφομέ-

2072 4128 2190 4183 νην,
2223 4113 2359 4183 πρὸς
2387 4112 2455 4183 ἥν
2488 4130 2621 4183 φησι
2644 4113 2737 4167 καὶ
2766 4116 2795 4167 ό
2834 4113 3183 4178 Ἀπόστολος·
3222 4133 3240 4165 t
3276 4114 3393 4167 Ἵνα
3415 4113 3651 4184 γένησθε

2071 4205 2237 4258 τέκνα
2267 4203 2403 4260 Θεοῦ
2451 4205 2728 4278 ἀμώμητα
2766 4209 2823 4260 ὲν
2870 4206 3020 4278 μέσῳ
3066 4208 3261 4276 γενεᾶς
3295 4206 3515 4271 σκολιᾶς
3553 4208 3651 4261 καὶ⁵

2004 4332 2046 4387 D
2074 4296 2530 4368 διεστραμμένης.
2560 4318 2579 4349 ι
2608 4294 2739 4352 Εἶτα
2759 4300 2793 4368 ὴ
2817 4297 3003 4371 νύμφη
3031 4298 3191 4353 πάλιν
3215 4299 3351 4362 ποὺς
3368 4299 3461 4352 τὸν
3479 4299 3651 4370 αὐτῆς

2077 4407 2139 4443 νυ
2148 4406 2224 4443 μω
2232 4402 2307 4441 ιον
2330 4402 2346 4417 ’

2232 4406 2307 4441 ιον
2330 4406 2346 4417 ·

2147 4406 2272 4535 ﬁt
2315 4482 2405 4535 Στ.
2436 4487 2505 4550 γ’.
2573 4482 2666 4547 Ὧς
2681 4479 2885 4549 μῆλον
2911 4480 3023 4552 (61)
3057 4483 3129 4536 ἐν
3149 4482 3276 4549 τοῖς
3304 4481 3513 4547 ξύλοις
3539 4480 3649 4535 τοῦ

2076 4571 2335 4640 δρυμοῦ,
2366 4572 2574 4639 (οὕτως
2634 4565 2958 4640 ἀδελφιδός
3001 4589 3122 4641 μου
3173 4571 3480 4641 ἁναμέσον
3529 4568 3650 4624 τῶν

2077 4663 2241 4718 υἱῶν.

2152 4754 2225 4808 Τὸ
2262 4754 2430 4827 μῆλον
2460 4758 2516 4809 ὲν
2544 4756 2622 4828 τῷ
2654 4755 2804 4827 αὐτῷ
2839 4756 2936 4810 καὶ
2966 4755 3167 4827 βρῶσιν
3191 4756 3304 4828 ἔχει
3338 4757 3435 4810 καὶ
3466 4756 3644 4808 πόσιν.

2072 4848 2191 4903 Ἷνα
2240 4849 2371 4918 γοῦν
2421 4850 2520 4922 τὴν
2567 4851 2833 4921 μυστικὴν
2883 4849 3012 4922 εἴπῃ
3064 4848 3425 4922 εὐφροσύνην,
3468 4848 3647 4920 ἥνπερ

2727 5010 2774 5043 ⁸³
2796 5008 3024 5079 Philipp.
3048 5023 3106 5077 tt,
3139 5009 3228 5064 15.

2295 5165 2480 5239 Yallic.
2512 5166 2919 5239 ἐνδιατρίϐουσα

2149 5235 2392 5321 (ϐολὸἱο
2444 5235 2725 5306 legendum
2755 5256 2770 5292 :
2804 5237 2943 5293 male
2995 5235 3157 5294 Barb.
3208 5245 3264 5294 et
3310 5251 3463 5293 meus
3518 5238 3647 5304 τοὺς

2079 5323 2341 5368 καρπούς.

2155 5324 2489 5447 ῗίῧῗῗὶῗθεοίο
2535 5391 2633 5431 cur
2683 5386 2789 5431 vet.
2820 5377 3063 5447 interpr:
3093 5377 3423 5432 reddiderit:
3455 5395 3475 5427 ι
3497 5376 3648 5434 Sicut

2083 5445 2254 5517 arbor:
2293 5446 2418 5500 mali
2468 5446 2519 5500 in
2569 5447 2746 5517 medio
2775 5445 2989 5513 silva.)
3028 5445 3162 5501 Tota
3200 5462 3330 5502 vero
3362 5447 3649 5517 explicatio

2083 5518 2198 5572 haec
2245 5516 2299 5569 in
2340 5530 2404 5570 ea
2447 5516 2695 5571 versione
2726 5528 2808 5572 est
2841 5519 3093 5587 implexa,
3123 5526 3176 5571 et
3199 5516 3444 5585 quaedam
3481 5519 3647 5571 etiam

2088 5588 2270 5651 habet,
2300 5600 2607 5656 quaepensu
2639 5586 2929 5651 carent,ut
2954 5586 3087 5639 illa:
3116 5605 3137 5638 ι
3162 5587 3338 5656 Arbor
3363 5601 3493 5656 ergo
3524 5589 3645 5642 mali

2075 5665 2163 5710 cst
2201 5650 2382 5723 homo,
2417 5654 2617 5709 Christi
2652 5650 2843 5711 domus
2898 5657 3037 5711 inter
3065 5655 3210 5723 ligna
3250 5650 3537 5721 Μηδεὶς
3595 5662 3648 5711 in

2077 5726 2256 5852 inedia
2313 5722 2619 5849 .lu‘damrum
2678 5726 2983 5794 exsisteus,
3029 5722 3169 5783 sicut
3219 5726 3285 5783 de
3334 5727 3467 5799 ipsis
3511 5728 3645 5784 dicit

2103 5810 2265 5852 satas.
2290 5813 2309 5846 ι
2340 5811 2369 5852 e
2397 5809 2445 5852 c.

2103 5804 2265 5861 satas,
2290 5813 2309 5846 ι
2340 5804 2445 5852 etc.
