3878 6270
204 307 255 365 GI
1089 305 1495 365 ENARRA’I‘IO
1531 307 1600 364 IN
1637 307 1994 366 CANTICUII
2033 310 2503 371 CANTICORUM.
3350 310 3421 366 62

204 420 319 490 αὗτῇ
347 417 571 472 δέδωκεν
598 419 629 474 ό
659 419 912 492 νυμφίος,
940 418 1147 489 λέγων·
1187 439 1205 471 ι
1245 421 1476 485 Λάϐετε,
1506 422 1737 491 φάγετε·

1874 441 2074 495 ponsus
2154 428 2372 485 dicens:
2406 431 2719 501 «Accipite.
2772 431 3122 499 manducatc;
3170 429 3274 486 boc
3335 424 3418 486 est

204 508 340 564 τοῦτό
365 526 464 580 μου
496 510 614 563 ἐστὶ
646 511 708 563 τὸ
743 510 938 581 σῶμαο
982 530 1004 563 ι
1042 511 1160 578 καὶ,
1216 530 1236 563 ι
1276 512 1484 566 Λάϐετε
1505 551 1521 576 ,
1559 514 1744 567 πίετε·

205 598 338 652 τοῦτό
361 601 475 652 ἐστι
500 600 562 653 τὸ
587 596 729 672 αἷμά
760 618 862 672 μου
883 641 900 668 ,
946 601 1008 655 τὸ
1035 602 1176 675 ὑπὲρ
1209 603 1363 673 ὑμῶν
1393 604 1750 675 ὲκχυνόμενον

206 691 273 752 εἰς
313 689 497 758 ἄφεσιν
541 691 861 762 ἁμαρτιῶν·
915 710 935 743 ι
988 691 1076 745 διὰ
1131 692 1311 758 τοῦτο,
1358 688 1547 764 οἶμαι,
1601 712 1621 742 ι
1674 692 1751 756 ὡς

203 780 370 851 μῆλον,
410 799 431 832 ι
482 781 652 850 λέγει.
698 783 838 854 Τρία
883 782 992 855 γὰρ
1038 783 1221 853 ἀγαθὰ
1269 784 1331 837 τὸ
1387 785 1555 855 μῆλον
1597 783 1745 855 εχει·

208 871 403 943 βρῶσιν,
456 873 524 926 δι’
555 869 625 946 ἧς
659 874 1024 945 ὑποσημαίνει
1057 874 1119 929 τὸ
1150 874 1387 946 Χριστοῦ
1426 874 1585 945 σῶμα
1607 891 1621 904 ο
1659 873 1752 928 καὶ

206 964 355 1029 πόσιν,
385 963 450 1016 δι’
497 958 566 1038 ἧς
610 966 971 1037 ὑποσημαίνει
1010 966 1073 1020 τὸ
1131 967 1398 1038 σωτήριον
1439 961 1612 1035 αἷμα·
1659 965 1751 1019 καὶ

204 1059 423 1123 εὐωδίαν,
469 1061 596 1131 ἥτις
637 1061 752 1130 (62)
804 1060 1199 1134 χαρακτηρίζει
1248 1061 1347 1133 τὴν
1397 1062 1595 1116 πίστιν.
1639 1062 1751 1115 Καὶ

207 1146 343 1201 πάλιν
392 1148 546 1220 μήλῳ
594 1150 884 1214 ἀπεικάζει
923 1151 1013 1204 τὸν
1055 1151 1394 1223 ἀνθρώπινον
1443 1151 1537 1204 τοῦ
1573 1151 1749 1218 Λόγου

205 1241 499 1310 χαρακτῆρα
534 1240 645 1312 (65)
679 1244 736 1295 ὲν
787 1241 966 1309 ξύλοις
1017 1242 1175 1296 ὄντα*
1234 1242 1544 1313 προθεμένη
1590 1243 1751 1296 αὐτὸν

206 1332 281 1383 ἐπὶ
300 1330 389 1384 τοῦ
415 1331 572 1395 ξύλου
600 1332 695 1386 τοῦ
728 1333 984 1405 σταυροῦ,
1021 1329 1109 1388 οἷα
1138 1335 1327 1405 μῆλον,
1363 1334 1748 1398 εύωὸιάζοντα.

206 1421 295 1474 Καί
323 1439 481 1494 φησιν
506 1439 522 1455 ·
559 1440 580 1474 ι
632 1424 722 1487 Ὡς
761 1424 929 1496 μῆλον
971 1427 1031 1478 ὲν
1055 1427 1165 1488 τοῖς
1194 1424 1369 1489 ξύλοις
1396 1424 1489 1478 τοῦ
1520 1423 1748 1494 δρυμοῦ,

205 1511 350 1576 οὕτως
390 1513 668 1582 άδελφιδός
716 1533 819 1586 μου
871 1516 1146 1587 ἀναμέσον
1178 1517 1287 1571 τῶν
1333 1516 1497 1570 υἱῶν·
1541 1536 1559 1568 ι
1615 1518 1752 1586 ὅπερ

205 1604 348 1667 ἐστὶν,
380 1607 654 1678 άναμέσον
698 1606 807 1660 τῶν
856 1608 1142 1662 Ἰουδαίων.
1198 1608 1361 1670 Υίοὺς
1393 1607 1501 1679 γὰρ
1555 1607 1753 1670 αὐτοὺς

204 1700 252 1750 ἐν
301 1699 489 1772 Ἡσαΐᾳ
533 1701 723 1764 καλεῖ,
762 1700 968 1767 λέγων·
1034 1718 1053 1752 ι
1112 1700 1276 1764 Υίοὺς
1322 1701 1620 1771 ἐγέννησα,
1658 1700 1751 1752 καὶ¹

202 1789 395 1860 ῦψιιισω
423 1791 581 1845 αὐτοὶ
611 1792 669 1844 δέ
703 1809 771 1862 με
809 1792 1101 1862 ἠθέτησαν.
1152 1810 1171 1842 ι
1209 1787 1347 1846 Εῖτά
1372 1811 1536 1863 φησιν
1556 1811 1570 1825 ·

258 1884 377 1937 AH'.
417 1883 521 1937 Ἐν
585 1881 661 1952 τῇ
728 1881 876 1951 σκιᾷ
957 1882 1144 1937 αὐτοῦ
1220 1883 1601 1953 ἐπεθύμησα,
1656 1884 1756 1941 καὶ

201 1974 443 2030 ἐκάθισα.

271 2066 544 2142 Ἐπιθυμεῖ
573 2067 684 2140 γὰρ
712 2068 808 2122 καὶ
837 2067 926 2121 τὸν
951 2068 1113 2139 νόμον
1142 2066 1315 2122 τελεῖν
1348 2069 1382 2138 ὴ
1429 2068 1744 2140 Ἐκκλησία.

204 2156 319 2211 sua
355 2158 462 2231 γὰρ
495 2159 595 2213 τοῦ
622 2159 961 2229 Μονογενοῦς
988 2163 1017 2214 ὁ
1059 2159 1222 2230 νόμος
1245 2176 1256 2189 ·
1292 2160 1390 2214 καὶ
1413 2159 1600 2213 τοῦτον
1636 2163 1755 2215 ἐπι-

206 2248 344 2321 θυμεῖ
386 2254 539 2306 πᾶσα
584 2252 826 2306 εὐσεϐῶν
851 2252 998 2324 ψυχὴ
1019 2291 1035 2316 ,
1091 2255 1213 2316 ταῖς
1254 2252 1534 2321 διαταγαῖς
1589 2253 1754 2312 αὑτοῦ

205 2342 583 2416 ἔπιτερπομὲνη
632 2347 755 2409 ταῖς
792 2344 1119 2408 κωλυτικαῖς
1161 2345 1269 2398 τῶν
1301 2344 1753 2416 ἁμαρτημάτωνο

203 2427 279 2491 τὸ,
309 2449 329 2482 ι
359 2431 432 2485 Οὐ
473 2433 786 2504 μοιχεύσεις
808 2473 825 2498 ,
849 2434 912 2487 οῦ
944 2434 1245 2503 φονεύσεις,
1289 2436 1348 2488 ού
1396 2434 1636 2505 κλέψεις,
1692 2436 1753 2488 οὐ

204 2519 758 2596 ψευδομαρτυρήσεις,
815 2525 951 2595 τίμα
978 2526 1070 2579 τὸν
1127 2527 1343 2597 πατέρα
1386 2544 1481 2580 σου
1520 2526 1614 2580 καὶ
1658 2527 1755 2598 τὴν

211 2613 414 2686 μητέρα,
438 2635 459 2669 ι
483 2617 583 2670 καὶ¹
606 2616 706 2681 τὰς
732 2616 897 2682 ἄλλας
920 2616 1113 2681 λοιπὰς
1138 2618 1376 2682 ἐντολάς.
1421 2618 1510 2670 Ἐν
1532 2617 1757 2680 ταύταις

208 2707 308 2768 ταῖς
333 2710 505 2771 σκιαῖς
543 2705 904 2778 ἐπιθυμοῦσιν
941 2708 997 2760 αἱ
1034 2707 1144 2762 τῶν
1171 2707 1411 2762 εὐσεϐῶν
1442 2707 1615 2779 ψυχαὶ
1638 2710 1757 2770 ταῖς

209 2794 299 2849 τῶν
320 2797 732 2869 ἁμαρτημάτων
762 2798 1108 2863 κωλυτικαῖς.
1142 2800 1233 2853 Διὸ
1272 2800 1476 2872 λέγειὴ
1530 2799 1759 2871 Ἐκκλη-

210 2886 306 2941 σία·
330 2907 349 2939 ι
379 2891 465 2944 Ἐν
489 2893 564 2962 τῇ
603 2891 733 2962 σκιᾷ
756 2889 919 2944 αὑτοῦ
952 2890 1294 2960 ἐπεθύμησα,
1324 2891 1419 2944 καὶ
1450 2890 1693 2944 ἐκάθισα.
1729 2910 1748 2943 ι

208 2998 285 3029 -ι
303 2979 452 3034 Σκιὰν
472 2981 588 3053 γὰρ
609 2978 754 3054 εἶχεν
772 2984 802 3035 ό
823 2981 982 3051 νόμος
1005 2980 1112 3035 τῶν
1136 2981 1436 3052 μελλόντων
1456 2981 1697 3050 ἀγαθῶν,
1728 3001 1747 3032 ι

209 3072 324 3125 κατὰ
347 3073 431 3127 τὸν
457 3073 742 3128 θειότατον
780 3074 1097 3127 Ἀπόστολον
1114 3091 1127 3103 ·
1156 3072 1237 3126 διὸ
1261 3072 1423 3137 εὐθὺς
1446 3072 1593 3141 λέγει
1615 3090 1630 3104 ⁸

1852 532 2050 587 corpus
2095 533 2273 575 meum
2296 520 2418 589 “in
2451 530 2544 576 et:
2583 540 2603 573 ι
2630 521 2891 591 Accipite,
2935 521 3136 599 bibite;
3198 520 3284 574 hic
3328 527 3417 574 est

1853 600 2075 679 sanguis
2106 627 2257 667 meus
2287 613 2378 681 qui
2410 628 2506 681 pro
2531 614 2687 669 vobis
2717 614 3026 670 etl'undetur
3053 615 3107 668 iu
3139 610 3415 667 remissio-

1850 715 1973 756 nem
2000 715 2345 772 peccatorum
2366 705 2445 759 “:
2481 724 2501 757 ι
2533 705 2733 762 idcirco
2756 707 2908 773 dicit,
2941 725 2960 758 ι
2985 707 3125 762 sicut
3155 705 3408 760 malum.»

1853 792 1981 846 Tria
2015 794 2167 848 enim
2188 795 2325 848 bona
2357 795 2552 850 malum
2578 797 2855 853 continet:
2888 800 3092 865 cibum,
3124 813 3233 867 quo
3259 796 3422 867 signi-

1853 882 1984 939 ﬁcat
2025 900 2223 954 corpus
2251 886 2487 951 Christi;
2521 899 2726 957 potum,
2758 906 2866 959 quo
2897 890 3169 960 signiﬁcat
3215 889 3418 944 saluta-

1854 987 1967 1027 rem
2007 976 2360 1042 sanguinem;
2411 985 2467 1029 et
2510 979 2692 1034 odoris
2741 980 3087 1044 suavitatem,
3118 995 3214 1047 per
3259 993 3420 1047 quam

1854 1065 2110 1132 exprimit
2162 1065 2343 1120 fidem.
2394 1068 2457 1121 Et
2490 1085 2674 1125 rursus
2703 1072 2843 1125 malo
2867 1082 3144 1141 comparat
3172 1073 3423 1125 humaui-

1855 1162 2023 1208 tatem
2060 1153 2213 1209 Verbi
2252 1168 2605 1225 assumptatu,
2642 1174 2759 1227 qum
2800 1169 2886 1215 est
2936 1160 3077 1213 inter
3101 1158 3263 1227 ligna,
3297 1171 3426 1226 pro-

1853 1262 2058 1316 ponens
2106 1248 2279 1315 ipsum
2338 1249 2390 1303 in
2442 1250 2589 1318 ligno
2635 1252 2814 1306 crucis
2878 1252 3113 1305 suaviter
3167 1251 3422 1315 olentem,

1855 1346 2110 1406 tanquam
2149 1338 2368 1397 malum.
2403 1339 2469 1393 Et
2513 1343 2627 1394 ait:
2665 1360 2683 1392 ι
2717 1340 2783 1395 Ut
2839 1340 3032 1393 malum
3084 1343 3221 1392 inter
3281 1338 3423 1406 ligna

1853 1431 2021 1495 silraa,
2073 1432 2153 1484 sic
2199 1432 2471 1486 fratruelis
2519 1447 2668 1486 meus
2722 1433 2772 1486 in
2823 1433 2999 1486 medio
3024 1432 3286 1498 lilior'um;
3316 1450 3336 1482 ι
3370 1428 3425 1483 id

1854 1532 1956 1588 est,
1988 1524 2041 1576 in
2077 1524 2256 1578 medio
2284 1523 2614 1579 Iudaeorum.
2654 1525 2803 1593 Ipsos
2832 1525 2976 1580 enim
3020 1524 3158 1580 ﬁlios
3194 1522 3427 1592 appellat

1855 1614 1909 1668 in
1966 1615 2107 1669 Isaia
2169 1616 2398 1671 dicens:
2434 1616 2642 1671 «Filios
2690 1618 2852 1687 genui
2912 1627 2967 1671 et
3014 1613 3283 1682 exaltari;
3324 1615 3426 1685 ipsi

1856 1721 1985 1762 vero
2010 1718 2331 1777 spreverunt
2353 1709 2517 1763 me”.
2545 1729 2565 1762 ι
2592 1708 2794 1764 Deinde
2822 1710 2950 1763 dicit
2976 1723 2991 1761 :

1924 1882 2213 1942 XXXVIII.
2246 1887 2314 1942 In
2357 1888 2540 1942 umbra
2566 1887 2729 1956 ipsius
2768 1886 3037 1956 concupiui
3084 1894 3131 1938 et
3165 1889 3372 1938 consedi
3395 1908 3409 1921 ι

1927 2067 2211 2123 Desiderat
2247 2067 2389 2123 enim
2437 2066 2599 2122 etiam
2636 2065 2806 2137 legem
2848 2063 3109 2133 perlicere
3161 2062 3424 2117 Ecclesia.

1857 2158 2063 2215 Umbra
2112 2161 2255 2214 enim
2287 2160 2554 2229 Unigeniti
2600 2168 2681 2213 est
2714 2158 2838 2224 lex;
2871 2166 2923 2211 et
2975 2157 3114 2210 hanc
3157 2155 3431 2209 desiderat

1855 2254 2058 2324 quaevis
2107 2253 2319 2322 piorum
2377 2252 2580 2316 anima,
2632 2251 2800 2320 ipsius
2836 2248 3097 2304 delectata
3149 2247 3431 2317 praeceptis

1854 2360 1975 2416 qua:
2021 2356 2244 2415 peccata
2300 2344 2631 2415 prohibent:
2667 2361 2686 2395 ι
2716 2341 2833 2396 Non
2890 2339 3269 2406 maschaberis,
3323 2354 3430 2393 non

1856 2438 2093 2503 occides,
2129 2452 2234 2492 non
2264 2436 2465 2491 furtum
2493 2436 2680 2499 facies,
2706 2450 2812 2489 non
2834 2433 3026 2487 falsum
3058 2431 3425 2486 testimonium

1856 2531 2023 2595 dices,
2057 2531 2263 2584 honora
2295 2538 2497 2599 patrem
2557 2537 2706 2580 tuum
2759 2536 2816 2581 et
2868 2534 3093 2578 matrem
3111 2524 3179 2586 ⁸⁸,
3203 2542 3220 2574 ι
3251 2530 3305 2576 et
3329 2537 3432 2575 ca:-

1858 2631 1972 2678 tera
2006 2621 2282 2676 mandata.
2317 2619 2374 2674 In
2423 2619 2506 2674 bis
2536 2618 2747 2672 umbris
2797 2631 2916 2687 qum
2949 2625 3169 2685 peccata
3224 2623 3431 2677 vetant,

1857 2715 2052 2770 animae
2075 2713 2348 2782 iustorum
2392 2710 2799 2779 concupiscunt.
2829 2707 3122 2775 Pr0pterea
3167 2704 3295 2758 dicit
3329 2703 3431 2758 Ec-

1858 2807 2022 2863 clesia
2052 2824 2065 2860 :
2099 2825 2117 2857 ι
2144 2805 2203 2860 In
2238 2804 2425 2858 umbra
2458 2801 2574 2871 ejus
2615 2798 2895 2868 concupivi
2938 2805 2993 2849 et
3034 2794 3277 2851 consedi.
3309 2810 3331 2846 ι
3357 2821 3433 2835 -

1863 2920 1883 2953 ι
1913 2900 2167 2957 Umbram
2186 2897 2328 2952 enim
2353 2895 2586 2950 habebat
2609 2893 2691 2946 lex
2710 2892 3008 2944 futurorum
3033 2885 3373 2951 bonorum",
3407 2903 3427 2937 ι

1854 2993 2008 3062 juxta
2030 2990 2427 3048 divinissimnm
2453 2985 2790 3055 Apostolum.
2813 2983 3014 3036 Idcirco
3042 2981 3224 3033 statim
3253 2978 3382 3031 dicit
3410 2992 3426 3030 :

262 3162 377 3216 AO'.
403 3164 511 3219 Καὶ
543 3165 773 3234 καρπὸς
798 3165 982 3219 αὑτοῦ
1005 3162 1235 3233 γλυκὺς
1254 3162 1325 3215 ἐν
1341 3137 1598 3231 λάρυγγί
1615 3178 1752 3231 μου.

1935 3166 2172 3223 XXXIX.
2211 3165 2278 3219 Et
2308 3164 2511 3233 [ructus
2536 3163 2649 3231 ejus
2681 3161 2849 3213 dulcis
2875 3160 2929 3212 in
2960 3157 3201 3226 faucibus
3231 3154 3384 3207 meis.
3482 3188 3495 3200 ο

268 3254 322 3306 Οἱ
352 3256 454 3327 γὰρ
478 3256 591 3310 ὑπὸ
614 3256 717 3327 τὴν
743 3254 900 3309 σκιάν
931 3254 1026 3308 τοῦ
1054 3254 1219 3325 νόμου
1254 3252 1633 3323 καθεζόμενοι,
1663 3252 1758 3324 δῆ-

213 3341 303 3410 λον,
326 3346 393 3410 ὼς
422 3349 515 3401 καὶ
540 3347 641 3401 τοῦ
666 3346 1022 3416 εὐαγγελικοῦ
1054 3344 1267 3417 καρποῦ
1300 3344 1399 3415 τὴν
1436 3342 1755 3415 σωτηριιίκῖη

214 3433 411 3506 εὐωχίαν
463 3436 966 3508 μεταλαμϐάνουσι.
998 3431 1169 3489 ,Εἶτα
1229 3434 1416 3487 λοιπὸν
1473 3434 1602 3505 περὶ
1662 3432 1756 3485 τοῦ

215 3528 351 3597 νόμον
382 3531 634 3596 εἰποῦσα,
668 3531 746 3594 εἰς
777 3547 837 3582 τε
882 3530 980 3600 τὴν
1025 3527 1303 3581 τελείωσιν
1355 3528 1537 3599 ἤνπερ
1568 3524 1759 3579 ἔλαϐεν

217 3619 270 3673 ὲκ
304 3620 388 3675 τοῦ
432 3622 630 3693 νόμου,
670 3620 930 3676 εἰσελθεῖν
987 3619 1249 3686 θέλουσα,
1288 3618 1434 3689 λέγει
1476 3621 1589 3682 τοῖς
1620 3619 1758 3672 ἁπο-

219 3710 424 3777 στόλοις’

272 3805 349 3859 Μ’.
399 3807 489 3860 Στ.
548 3808 623 3861 δ’.
675 3804 964 3876 Εὶσάγετέ
1025 3822 1104 3875 με
1152 3806 1241 3870 είς
1287 3799 1459 3858 οἷκον
1513 3803 1623 3858 τοῦ
1676 3803 1760 3856 οἶ-

216 3908 306 3947 νον
334 3894 460 3965 (64).
1266 3890 1269 3893 ’

272 3985 355 4051 Εἰς
381 3989 444 4042 τὸ
479 3987 579 4042 τοῦ
639 3986 846 4060 Κυρίου
898 3985 1060 4057 σῶμα
1111 3986 1488 4057 συγκεράσατέ
1522 4004 1589 4058 με
1626 3985 1759 4059 (65),

220 4080 347 4149 φησι.
372 4080 518 4151 αὑτῷ
545 4079 639 4134 διὰ
665 4078 758 4133 τοῦ
787 4077 1011 4150 λουτροῦ
1036 4081 1138 4150 τῆς
1168 4077 1605 4146 παλιγγενεσίας.

273 4172 393 4228 MA'.
430 4175 657 4240 Τάξατε
676 4174 768 4228 ἐπ’
789 4172 896 4242 ἐμὲ
922 4171 1189 4242 ἀγάπην.

274 4265 388 4319 Δότε
430 4285 521 4340 μοι
580 4267 680 4338 τὴν
723 4267 944 4338 ἀγάπην
988 4266 1086 4336 τὴν
1136 4265 1229 4319 τοῦ
1278 4265 1605 4336 ἐπουρανίου
1647 4265 1760 4336 (66)

221 4352 419 4428 Πατρὸς,
453 4362 520 4430 ἣν
562 4360 595 4412 ό
638 4357 947 4428 Μονογενὴς
978 4356 1158 4425 λέγει’
1200 4373 1220 4407 t
1260 4355 1446 4420 Οὕτως
1477 4356 1760 4427 ἠγάπησεν

222 4449 375 4515 ὁΘεδς
394 4452 482 4506 τὸν
501 4451 728 4522 κόσμον,
757 4450 897 4504 ῶστε
920 4450 1012 4503 τὸν
1039 4449 1164 4503 Υἱὸν
1186 4448 1352 4503 αὐτοῦ
1376 4449 1466 4502 τὸν
1496 4450 1756 4519 μονογενῆ
1800 4482 1841 4535 D

223 4540 409 4608 ἔδωκεν,
441 4546 528 4599 ἵνα
564 4546 670 4607 πᾶς
697 4547 726 4598 ὁ
752 4541 1022 4597 πιστεύων
1050 4545 1131 4606 εἰς
1163 4543 1326 4596 αὐτὸν
1369 4542 1445 4614 μὴ
1473 4542 1759 4613 ἀπόληται,

223 4633 315 4687 ἀλλ’
455 4638 606 4709 ζωὴν
637 4635 871 4690 αἰώνιον.
919 4654 939 4689 ι

279 4728 394 4783 ΜΒ.
434 4731 522 4783 Στ.
558 4735 621 4781 ε’.
654 4725 984 4797 Στηρίσατέ
1009 4724 1125 4796 (67)
1157 4741 1234 4793 με
1260 4724 1330 4778 ἐν
1350 4726 1582 4794 μύροις.

291 4819 368 4872 Ἐν
394 4822 526 4875 πᾶσι
556 4823 671 4884 τοῖς
699 4818 861 4884 θείοις
890 4821 984 4874 τοῦ
1014 4819 1254 4890 Χριστοῦ
1278 4818 1499 4888 λογίοις.

281 4910 395 4967 ΜΓ.
426 4912 790 4969 Στοιϐἀσατέ
809 4930 886 4983 με
919 4913 990 4967 ἐν
1020 4912 1265 4983 μήλοις.

283 5006 479 5077 Θάψατέ
512 5025 583 5080 με
609 5010 671 5061 ὲν
697 5006 777 5079 τῷ
806 5005 1027 5079 ἀριθμῷ
1050 5005 1159 5059 τῶν
1184 5005 1430 5059 δικαίων.

1933 3260 2033 3327 Qui
2068 3259 2210 3314 enim
2239 3258 2338 3312 sub
2377 3256 2506 3324 legis
2544 3253 2731 3307 umbra
2762 3251 3061 3314 consident,
3092 3246 3431 3301 manilestum

1859 3361 1945 3406 est
1973 3364 2067 3405 eos
2119 3349 2279 3403 etiam
2316 3343 2567 3401 salutaris
2598 3341 2826 3396 convivii
2883 3340 2935 3394 in
2983 3354 3091 3405 quo
3135 3332 3430 3403 evangelici

1863 3443 2071 3496 fructus
2100 3447 2459 3510 apponuntur,
2494 3450 2615 3490 esse
2641 3433 2953 3502 participes.
2984 3429 3186 3483 Deinde
3218 3425 3284 3480 de
3315 3424 3430 3494 lege

1862 3534 2106 3601 loquens,
2137 3540 2193 3586 et
2215 3531 2279 3585 ad
2311 3546 2430 3585 eam
2461 3527 2843 3597 perfectionem
2867 3522 3048 3579 venire
3063 3520 3248 3576 volens
3269 3531 3428 3588 quam

1860 3626 2066 3696 accepit
2098 3640 2128 3679 a
2154 3624 2288 3695 lege,
2322 3622 2453 3677 dicit
2488 3618 2780 3691 apostolis:

1931 3806 2044 3862 XL.
2073 3804 2237 3861 Vsus.
2270 3803 2326 3859 4.
2360 3799 2683 3856 Introducitc
2720 3805 2801 3852 me
2822 3797 2877 3850 in
2905 3794 3115 3848 domum
3141 3790 3265 3846 vini.

1932 3986 1990 4041 In
2023 3984 2235 4039 Domini
2267 3981 2476 4037 scilicet
2512 3993 2706 4047 corpus
2736 3977 3079 4031 commiscete
3101 3984 3208 4037 me,
3241 3966 3434 4038 inquit,

1860 4092 1983 4135 cum
2014 4077 2130 4145 ipso
2159 4089 2255 4143 per
2285 4073 2554 4126 lavacrum
2586 4066 3024 4137 regenerationis.

1934 4166 2071 4222 XLI.
2108 4166 2364 4221 Ordinate
2401 4164 2457 4216 in
2487 4179 2565 4216 me
2603 4160 2932 4214 charitutem.

1933 4260 2067 4314 Date
2104 4258 2237 4312 mihi
2288 4256 2629 4312 dilectionem
2678 4253 2853 4306 Patris
2905 4246 3162 4309 ctelestis,
3212 4244 3279 4300 de
3329 4257 3433 4312 qua

1866 4352 2185 4422 Unigenitus
2213 4350 2452 4419 loquitur
2479 4366 2492 4402 :
2522 4366 2540 4399 ι
2570 4344 2662 4400 Sic
2697 4344 2836 4397 Deus
2856 4340 3041 4396 dilexit
3074 4336 3352 4398 mundum,
3381 4344 3437 4386 ut

1868 4448 2066 4503 Filium
2096 4459 2251 4501 suum
2279 4442 2617 4513 unigenitum
2647 4441 2827 4505 daret;
2859 4445 2915 4488 ut
2942 4433 3118 4488 omnis
3143 4430 3233 4499 qui
3263 4427 3439 4482 credit

1871 4542 1927 4595 in
1949 4537 2118 4601 illum,
2147 4550 2254 4591 non
2279 4540 2487 4603 pereat,
2518 4530 2614 4585 sed
2642 4529 2841 4584 habeat
2868 4526 3034 4579 vitam
3054 4530 3308 4576 aeternam
3330 4518 3432 4571 ⁸⁸.»

1936 4725 2096 4782 XLII.
2136 4725 2302 4781 Vsus.
2334 4722 2389 4777 5.
2425 4720 2748 4789 Conﬁrmata
2773 4734 2853 4772 me
2879 4718 2935 4770 in
2964 4712 3261 4782 unguentis.

1937 4820 1994 4874 In
2016 4820 2266 4875 omnibus
2295 4814 2497 4871 Christi
2531 4814 2728 4869 divinis
2758 4808 3003 4879 eloquiis.

1941 4909 2128 4966 XLIII.
2165 4907 2367 4973 Stipate
2404 4921 2485 4958 me
2514 4905 2569 4957 in
2596 4901 2769 4956 malis.

1942 5004 2176 5074 Sepelite
2207 5016 2293 5057 me
2325 5000 2374 5053 in
2405 5011 2631 5052 numero
2656 4995 2949 5065 justorum.

286 5142 525 5200 “lattb.
563 5157 713 5211 xx",
752 5143 842 5197 26.
919 5141 967 5174 “
989 5142 1117 5196 ibid.
1151 5140 1243 5204 ‘27,
1268 5139 1359 5195 28.
1439 5139 1485 5171 ⁸⁸
1508 5139 1609 5193 Isa.
1643 5154 1681 5201 ι.
1706 5139 1761 5192 2.
1838 5138 1886 5170 “
1902 5136 2077 5192 Exod.
2116 5151 2208 5200 xx,
2232 5132 2424 5188 12-16.
2498 5131 2542 5163 ⁸⁷
2571 5130 2731 5186 Ilebr.
2762 5145 2818 5197 x,
2850 5129 2903 5184 I.
2974 5123 3198 5180 “Joan.
3236 5139 3319 5187 ιιι,
3350 5122 3437 5178 16.

284 5281 382 5354 (βε)
407 5281 812 5341 Emendandutn
839 5281 906 5335 δι’
943 5274 1035 5351 ἧς,
1066 5287 1124 5334 ιιι
1154 5279 1353 5334 habent
1391 5280 1562 5333 codex
1617 5292 1767 5334 meus
1872 5277 1943 5354 _tit
1969 5295 1982 5331 :
2013 5295 2032 5328 ι
2052 5280 2311 5354 Coaptate
2342 5289 2427 5328 me
2459 5271 2506 5354 ei
2534 5286 2630 5339 per
2649 5268 2942 5333 lavacrum,
2969 5283 2988 5316 ι
3018 5272 3124 5318 etc.
3160 5258 3439 5313 Salutatus

230 5360 273 5401 et
292 5351 434 5408 Barb.

287 5421 388 5563 (63)
414 5422 551 5478 Vide
572 5438 739 5492 supra
767 5430 948 5478 notam
989 5422 1054 5475 ad
1079 5435 1220 5476 vers.
1253 5425 1361 5489 κη’.
1386 5432 1585 5472 xxvm.

288 5492 368 5561 (64
415 5494 532 5549 Vet.
583 5495 813 5561 interpr.
846 5511 864 5545 ι
897 5496 953 5548 in
1000 5491 1218 5563 domum
1246 5491 1435 5563 vineae.
1463 5508 1482 5540 ι
1514 5488 1585 5563 Fc

445 5575 528 5618 est
559 5563 681 5619 lect.
708 5557 1019 5635 Symmachi
1044 5563 1130 5635 εἰς
1159 5559 1253 5635 τὸν
1284 5557 1499 5620 οἰνῶνα,
1522 5578 1541 5608 ‹
1572 5561 1622 5635 in
1654 5560 1764 5613 cel-

235 5628 321 5701 latn
366 5634 643 5698 vinariam,
674 5653 694 5686 ι
729 5628 958 5701 eamque
1007 5633 1148 5687 idem
1178 5633 1401 5697 interpr.
1434 5630 1638 5696 putavit
1662 5644 1761 5698 ap-

235 5698 394 5766 pellari
429 5718 580 5772 posse
608 5721 628 5754 ι
654 5698 1091 5757 domum—vincat.
1109 5721 1128 5753 ι

294 5773 401 5841 (65)
430 5769 545 5829 Yet.
574 5774 838 5845 interpres
857 5774 985 5843 quid
1016 5771 1276 5843 intelligat
1302 5770 1502 5840 nescio,
1528 5769 1617 5842 qui
1640 5783 1761 5824 ver-

1870 5348 2009 5403 bene
2056 5348 2234 5411 vertit,
2271 5345 2652 5399 «commiscete
2675 5354 2778 5411 me.
2804 5357 2824 5389 ι

1953 5397 2234 5490 (οἶϐ)ῖίέι.’
2256 5397 2542 5490 ἱιιιειορτηι
2569 5410 2885 5490 chliaritatern
2919 5401 3178 5485 unigeniti
3225 5397 3345 5490 Fililt
3369 5414 3383 5449 :
3410 5415 3430 5447 ι

415 5494 532 5549 Vet.
572 5470 953 5561 ἶιιῖἑῖριὶῖῗὲὶί
989 5470 1218 5561 domum
1246 5470 1482 5561 ᾇίέιέέζ»
1514 5470 1764 5561 Fortasse
1876 5470 2061 5561 minus
2088 5470 2244 5561 bene.
2282 5470 2428 5561 Sane
2478 5485 2542 5537 de
2581 5479 2759 5534 Patris
2797 5470 3063 5531 cbaritate
3094 5472 3147 5526 in
3178 5470 3437 5523 mundum

1871 5557 2450 5633 loquiturAA‘postolus.
2541 5623 2552 5633 .
2705 5620 2736 5633 ﬂ
2878 5624 2890 5633 ι
3041 5627 3062 5633 Δ
3187 5609 3272 5633 ___:

1943 5620 2059 5700 (67)
2103 5620 2382 5700 διιιύιιιιιιε
2418 5623 2621 5679 vertit:
2659 5620 2930 5700 εδει-νοω
2979 5627 3065 5669 me
3089 5628 3102 5664 :
3125 5630 3146 5664 ι
3184 5625 3273 5681 qut
3308 5622 3435 5681 pro-

1869 5692 2056 5772 pterea
2082 5700 2275 5772 legisse
2299 5697 2509 5753 videtur
2538 5692 2838 5764 τηρήσατε.
