  <div class='ocr_page' id='page_1' title='image "/cluster/home/n/w/nwhite01/storage/ocr_20150623/40/hvd.32044073501850/039.png"; bbox 0 0 3878 6270; ppageno 0'>
   <div class='ocr_carea' id='block_1_1' title="bbox 419 323 3671 390">
    <p class='ocr_par' dir='ltr' id='par_1_1' title="bbox 419 323 3671 390">
     <span class='ocr_line' id='line_1_1' title="bbox 419 323 3671 390; baseline -0.004 4"><span class='ocrx_word' id='word_1_1' title='bbox 419 329 487 385; x_wconf 78' lang='lat'><strong><em>53</em></strong></span> <span class='ocrx_word' id='word_1_2' title='bbox 1543 331 1867 390; x_wconf 79' lang='lat' dir='ltr'><strong><em>PHILONIS</em></strong></span> <span class='ocrx_word' id='word_1_3' title='bbox 1902 329 2216 388; x_wconf 82' lang='lat' dir='ltr'><strong><em>EPISCOPI</em></strong></span> <span class='ocrx_word' id='word_1_4' title='bbox 2253 329 2578 389; x_wconf 69' lang='lat' dir='ltr'><strong><em>CARPASII</em></strong></span> <span class='ocrx_word' id='word_1_5' title='bbox 3597 323 3671 380; x_wconf 72' lang='grc'><strong><em>64</em></strong></span> 
     </span>
    </p>
   </div>
   <div class='ocr_carea' id='block_1_2' title="bbox 490 446 1574 514">
    <p class='ocr_par' dir='ltr' id='par_1_2' title="bbox 490 446 1574 514">
     <span class='ocr_line' id='line_1_2' title="bbox 490 446 1574 514; baseline 0.004 -12"><span class='ocrx_word' id='word_1_6' title='bbox 490 446 673 502; x_wconf 77' lang='lat' dir='ltr'><strong><em>XLIV.</em></strong></span> <span class='ocrx_word' id='word_1_7' title='bbox 701 447 840 514; x_wconf 83' lang='lat' dir='ltr'><strong><em>Quia</em></strong></span> <span class='ocrx_word' id='word_1_8' title='bbox 867 447 1135 504; x_wconf 77' lang='lat' dir='ltr'><strong><em>vulnerata</em></strong></span> <span class='ocrx_word' id='word_1_9' title='bbox 1157 465 1273 505; x_wconf 82' lang='lat' dir='ltr'><strong><em>sum</em></strong></span> <span class='ocrx_word' id='word_1_10' title='bbox 1298 450 1574 506; x_wconf 77' lang='lat' dir='ltr'><strong><em>charitate.</em></strong></span> 
     </span>
    </p>
   </div>
   <div class='ocr_carea' id='block_1_3' title="bbox 489 539 1990 612">
    <p class='ocr_par' dir='ltr' id='par_1_3' title="bbox 489 539 1990 612">
     <span class='ocr_line' id='line_1_3' title="bbox 489 539 1990 612; baseline 0 -17"><span class='ocrx_word' id='word_1_11' title='bbox 489 539 597 595; x_wconf 82' lang='lat' dir='ltr'><strong><em>Per</em></strong></span> <span class='ocrx_word' id='word_1_12' title='bbox 653 549 874 596; x_wconf 80' lang='lat' dir='ltr'><strong><em>sanctos</em></strong></span> <span class='ocrx_word' id='word_1_13' title='bbox 913 541 1118 595; x_wconf 90' lang='lat' dir='ltr'><strong><em>scilicet</em></strong></span> <span class='ocrx_word' id='word_1_14' title='bbox 1164 551 1468 612; x_wconf 85' lang='lat' dir='ltr'><strong><em>martyres;</em></strong></span> <span class='ocrx_word' id='word_1_15' title='bbox 1522 557 1618 612; x_wconf 87' lang='lat' dir='ltr'><strong><em>per</em></strong></span> <span class='ocrx_word' id='word_1_16' title='bbox 1663 557 1838 612; x_wconf 84' lang='lat' dir='ltr'><strong><em>quos,</em></strong></span> <span class='ocrx_word' id='word_1_17' title='bbox 1869 558 1990 598; x_wconf 88' lang='lat' dir='ltr'><strong><em>cum</em></strong></span> 
     </span>
    </p>
   </div>
   <div class='ocr_carea' id='block_1_4' title="bbox 419 614 1992 701">
    <p class='ocr_par' dir='ltr' id='par_1_4' title="bbox 419 614 1992 701">
     <span class='ocr_line' id='line_1_4' title="bbox 419 614 1992 701; baseline -0.001 -15"><span class='ocrx_word' id='word_1_18' title='bbox 419 631 694 686; x_wconf 72' lang='lat' dir='ltr'><strong><em>Christum</em></strong></span> <span class='ocrx_word' id='word_1_19' title='bbox 730 631 1042 701; x_wconf 81' lang='lat' dir='ltr'><strong><em>diligerem,</em></strong></span> <span class='ocrx_word' id='word_1_20' title='bbox 1068 630 1350 685; x_wconf 88' lang='lat' dir='ltr'><strong><em>vulnerata</em></strong></span> <span class='ocrx_word' id='word_1_21' title='bbox 1404 646 1521 685; x_wconf 86' lang='lat' dir='ltr'><strong><em>sum</em></strong></span> <span class='ocrx_word' id='word_1_22' title='bbox 1541 670 1559 698; x_wconf 95' lang='lat'><strong><em>,</em></strong></span> <span class='ocrx_word' id='word_1_23' title='bbox 1605 639 1780 686; x_wconf 89' lang='lat' dir='ltr'><strong><em>morte</em></strong></span> <span class='ocrx_word' id='word_1_24' title='bbox 1807 614 1992 701; x_wconf 52' lang='lat' dir='ltr'><strong><em>pro&#39;eo</em></strong></span> 
     </span>
    </p>
   </div>
   <div class='ocr_carea' id='block_1_5' title="bbox 419 733 691 792">
    <p class='ocr_par' dir='ltr' id='par_1_5' title="bbox 419 733 691 792">
     <span class='ocr_line' id='line_1_5' title="bbox 419 733 691 792; baseline -0.004 -14"><span class='ocrx_word' id='word_1_25' title='bbox 419 733 691 792; x_wconf 78' lang='lat' dir='ltr'><strong><em>suscepta.</em></strong></span> 
     </span>
    </p>
   </div>
   <div class='ocr_carea' id='block_1_6' title="bbox 489 812 1992 883">
    <p class='ocr_par' dir='ltr' id='par_1_6' title="bbox 489 812 1992 883">
     <span class='ocr_line' id='line_1_6' title="bbox 489 812 1992 883; baseline -0.001 -15"><span class='ocrx_word' id='word_1_26' title='bbox 489 813 650 868; x_wconf 79' lang='lat' dir='ltr'><strong><em>XLV.</em></strong></span> <span class='ocrx_word' id='word_1_27' title='bbox 692 812 849 869; x_wconf 73' lang='lat' dir='ltr'><strong><em>Vens.</em></strong></span> <span class='ocrx_word' id='word_1_28' title='bbox 885 815 939 869; x_wconf 90' lang='lat'><strong><em>6.</em></strong></span> <span class='ocrx_word' id='word_1_29' title='bbox 971 813 1125 868; x_wconf 64' lang='lat' dir='ltr'><strong><em>Laeva</em></strong></span> <span class='ocrx_word' id='word_1_30' title='bbox 1153 814 1268 883; x_wconf 83' lang='lat' dir='ltr'><strong><em>ejus</em></strong></span> <span class='ocrx_word' id='word_1_31' title='bbox 1293 814 1387 868; x_wconf 87' lang='lat' dir='ltr'><strong><em>sub</em></strong></span> <span class='ocrx_word' id='word_1_32' title='bbox 1411 815 1581 883; x_wconf 89' lang='lat' dir='ltr'><strong><em>capite</em></strong></span> <span class='ocrx_word' id='word_1_33' title='bbox 1609 830 1759 879; x_wconf 90' lang='lat' dir='ltr'><strong><em>meo;</em></strong></span> <span class='ocrx_word' id='word_1_34' title='bbox 1781 823 1829 867; x_wconf 88' lang='lat' dir='ltr'><strong><em>et</em></strong></span> <span class='ocrx_word' id='word_1_35' title='bbox 1865 813 1992 867; x_wconf 78' lang='lat' dir='ltr'><strong><em>dex-</em></strong></span> 
     </span>
    </p>
   </div>
   <div class='ocr_carea' id='block_1_7' title="bbox 417 905 1272 974">
    <p class='ocr_par' dir='ltr' id='par_1_7' title="bbox 417 905 1272 974">
     <span class='ocr_line' id='line_1_7' title="bbox 417 905 1272 974; baseline -0.001 -14"><span class='ocrx_word' id='word_1_36' title='bbox 417 916 528 960; x_wconf 82' lang='lat' dir='ltr'><strong><em>tera</em></strong></span> <span class='ocrx_word' id='word_1_37' title='bbox 570 905 715 960; x_wconf 88' lang='lat' dir='ltr'><strong><em>illius</em></strong></span> <span class='ocrx_word' id='word_1_38' title='bbox 752 905 1134 974; x_wconf 77' lang='lat' dir='ltr'><strong><em>amplexabitur</em></strong></span> <span class='ocrx_word' id='word_1_39' title='bbox 1171 921 1272 960; x_wconf 89' lang='lat' dir='ltr'><strong><em>me.</em></strong></span> 
     </span>
    </p>
   </div>
   <div class='ocr_carea' id='block_1_8' title="bbox 491 997 1990 1066">
    <p class='ocr_par' dir='ltr' id='par_1_8' title="bbox 491 997 1990 1066">
     <span class='ocr_line' id='line_1_8' title="bbox 491 997 1990 1066; baseline -0.003 -15"><span class='ocrx_word' id='word_1_40' title='bbox 491 997 649 1052; x_wconf 66' lang='lat' dir='ltr'><strong><em>Laeva</em></strong></span> <span class='ocrx_word' id='word_1_41' title='bbox 672 997 887 1066; x_wconf 88' lang='lat' dir='ltr'><strong><em>quidem</em></strong></span> <span class='ocrx_word' id='word_1_42' title='bbox 915 1009 1232 1066; x_wconf 72' lang='lat' dir='ltr'><strong><em>praesentem</em></strong></span> <span class='ocrx_word' id='word_1_43' title='bbox 1281 1000 1444 1051; x_wconf 88' lang='lat' dir='ltr'><strong><em>vitam</em></strong></span> <span class='ocrx_word' id='word_1_44' title='bbox 1466 1037 1481 1061; x_wconf 97' lang='lat'><strong><em>,</em></strong></span> <span class='ocrx_word' id='word_1_45' title='bbox 1509 1004 1567 1049; x_wconf 94' lang='lat' dir='ltr'><strong><em>ut</em></strong></span> <span class='ocrx_word' id='word_1_46' title='bbox 1600 997 1854 1057; x_wconf 74' lang='lat' dir='ltr'><strong><em>arbitror,</em></strong></span> <span class='ocrx_word' id='word_1_47' title='bbox 1893 1008 1990 1047; x_wconf 82' lang='lat' dir='ltr'><strong><em>ex-</em></strong></span> 
     </span>
    </p>
   </div>
   <div class='ocr_carea' id='block_1_9' title="bbox 415 1088 1988 1158">
    <p class='ocr_par' dir='ltr' id='par_1_9' title="bbox 415 1088 1988 1158">
     <span class='ocr_line' id='line_1_9' title="bbox 415 1088 1988 1158; baseline -0.003 -16"><span class='ocrx_word' id='word_1_48' title='bbox 415 1089 632 1158; x_wconf 80' lang='lat' dir='ltr'><strong><em>primit;</em></strong></span> <span class='ocrx_word' id='word_1_49' title='bbox 660 1089 882 1142; x_wconf 79' lang='lat' dir='ltr'><strong><em>dextera</em></strong></span> <span class='ocrx_word' id='word_1_50' title='bbox 915 1103 1041 1142; x_wconf 84' lang='lat' dir='ltr'><strong><em>vero</em></strong></span> <span class='ocrx_word' id='word_1_51' title='bbox 1073 1088 1307 1142; x_wconf 80' lang='lat' dir='ltr'><strong><em>futuram</em></strong></span> <span class='ocrx_word' id='word_1_52' title='bbox 1346 1098 1401 1143; x_wconf 88' lang='lat' dir='ltr'><strong><em>et</em></strong></span> <span class='ocrx_word' id='word_1_53' title='bbox 1431 1099 1742 1157; x_wconf 88' lang='lat' dir='ltr'><strong><em>perpetuam</em></strong></span> <span class='ocrx_word' id='word_1_54' title='bbox 1776 1094 1988 1141; x_wconf 89' lang='lat' dir='ltr'><strong><em>sancto-</em></strong></span> 
     </span>
    </p>
   </div>
   <div class='ocr_carea' id='block_1_10' title="bbox 415 1177 1989 1248">
    <p class='ocr_par' dir='ltr' id='par_1_10' title="bbox 415 1177 1989 1248">
     <span class='ocr_line' id='line_1_10' title="bbox 415 1177 1989 1248; baseline 0.001 -17"><span class='ocrx_word' id='word_1_55' title='bbox 415 1193 534 1232; x_wconf 80' lang='lat' dir='ltr'><strong><em>rum</em></strong></span> <span class='ocrx_word' id='word_1_56' title='bbox 568 1177 754 1234; x_wconf 84' lang='lat' dir='ltr'><strong><em>vitam.</em></strong></span> <span class='ocrx_word' id='word_1_57' title='bbox 793 1197 811 1230; x_wconf 85' lang='grc' dir='ltr'>ι</span> <span class='ocrx_word' id='word_1_58' title='bbox 844 1179 1144 1248; x_wconf 76' lang='lat' dir='ltr'><strong><em>Longitudo</em></strong></span> <span class='ocrx_word' id='word_1_59' title='bbox 1177 1181 1320 1234; x_wconf 84' lang='lat' dir='ltr'><strong><em>enim</em></strong></span> <span class='ocrx_word' id='word_1_60' title='bbox 1373 1180 1580 1233; x_wconf 88' lang='lat' dir='ltr'><strong><em>dierum</em></strong></span> <span class='ocrx_word' id='word_1_61' title='bbox 1607 1222 1621 1242; x_wconf 80' lang='lat'><strong><em>,</em></strong></span> <span class='ocrx_word' id='word_1_62' title='bbox 1674 1199 1692 1230; x_wconf 76' lang='grc' dir='ltr'>ι</span> <span class='ocrx_word' id='word_1_63' title='bbox 1730 1180 1804 1232; x_wconf 92' lang='lat' dir='ltr'><strong><em>ait</em></strong></span> <span class='ocrx_word' id='word_1_64' title='bbox 1840 1179 1989 1233; x_wconf 87' lang='lat' dir='ltr'><strong><em>Scri-</em></strong></span> 
     </span>
    </p>
   </div>
   <div class='ocr_carea' id='block_1_11' title="bbox 414 1270 1987 1340">
    <p class='ocr_par' dir='ltr' id='par_1_11' title="bbox 414 1270 1987 1340">
     <span class='ocr_line' id='line_1_11' title="bbox 414 1270 1987 1340; baseline 0.001 -16"><span class='ocrx_word' id='word_1_65' title='bbox 414 1281 592 1340; x_wconf 89' lang='lat' dir='ltr'><strong><em>ptura,</em></strong></span> <span class='ocrx_word' id='word_1_66' title='bbox 624 1290 641 1322; x_wconf 85' lang='grc' dir='ltr'>ι</span> <span class='ocrx_word' id='word_1_67' title='bbox 678 1279 733 1325; x_wconf 90' lang='lat' dir='ltr'><strong><em>et</em></strong></span> <span class='ocrx_word' id='word_1_68' title='bbox 759 1270 885 1324; x_wconf 88' lang='lat' dir='ltr'><strong><em>anni</em></strong></span> <span class='ocrx_word' id='word_1_69' title='bbox 919 1271 1040 1325; x_wconf 73' lang='lat' dir='ltr'><strong><em>vita:</em></strong></span> <span class='ocrx_word' id='word_1_70' title='bbox 1070 1272 1121 1324; x_wconf 93' lang='lat' dir='ltr'><strong><em>in</em></strong></span> <span class='ocrx_word' id='word_1_71' title='bbox 1164 1272 1386 1325; x_wconf 79' lang='lat' dir='ltr'><strong><em>dextera</em></strong></span> <span class='ocrx_word' id='word_1_72' title='bbox 1424 1271 1579 1339; x_wconf 88' lang='lat' dir='ltr'><strong><em>ejus;</em></strong></span> <span class='ocrx_word' id='word_1_73' title='bbox 1616 1272 1667 1324; x_wconf 92' lang='lat' dir='ltr'><strong><em>in</em></strong></span> <span class='ocrx_word' id='word_1_74' title='bbox 1699 1271 1828 1324; x_wconf 69' lang='lat' dir='ltr'><strong><em>laeva</em></strong></span> <span class='ocrx_word' id='word_1_75' title='bbox 1859 1286 1987 1325; x_wconf 88' lang='lat' dir='ltr'><strong><em>vero</em></strong></span> 
     </span>
    </p>
   </div>
   <div class='ocr_carea' id='block_1_12' title="bbox 413 1362 1984 1432">
    <p class='ocr_par' dir='ltr' id='par_1_12' title="bbox 413 1362 1984 1432">
     <span class='ocr_line' id='line_1_12' title="bbox 413 1362 1984 1432; baseline -0.001 -16"><span class='ocrx_word' id='word_1_76' title='bbox 413 1362 532 1431; x_wconf 86' lang='lat' dir='ltr'><strong><em>ejus</em></strong></span> <span class='ocrx_word' id='word_1_77' title='bbox 553 1363 752 1417; x_wconf 73' lang='lat' dir='ltr'><strong><em>divitia:</em></strong></span> <span class='ocrx_word' id='word_1_78' title='bbox 783 1374 838 1417; x_wconf 92' lang='lat' dir='ltr'><strong><em>et</em></strong></span> <span class='ocrx_word' id='word_1_79' title='bbox 863 1363 1030 1432; x_wconf 85' lang='lat' dir='ltr'><strong><em>gloria</em></strong></span> <span class='ocrx_word' id='word_1_80' title='bbox 1053 1363 1118 1416; x_wconf 76' lang='grc'><strong><em>⁸⁸.</em></strong></span> <span class='ocrx_word' id='word_1_81' title='bbox 1141 1383 1159 1414; x_wconf 70' lang='grc' dir='ltr'>ι</span> <span class='ocrx_word' id='word_1_82' title='bbox 1185 1362 1260 1418; x_wconf 86' lang='lat' dir='ltr'><strong><em>Ibi</em></strong></span> <span class='ocrx_word' id='word_1_83' title='bbox 1293 1363 1435 1416; x_wconf 89' lang='lat' dir='ltr'><strong><em>enim</em></strong></span> <span class='ocrx_word' id='word_1_84' title='bbox 1464 1364 1705 1417; x_wconf 66' lang='lat' dir='ltr'><strong><em>ca‘lestis</em></strong></span> <span class='ocrx_word' id='word_1_85' title='bbox 1723 1362 1984 1431; x_wconf 82' lang='lat' dir='ltr'><strong><em>sapientia</em></strong></span> 
     </span>
    </p>
   </div>
   <div class='ocr_carea' id='block_1_13' title="bbox 413 1455 1982 1525">
    <p class='ocr_par' dir='ltr' id='par_1_13' title="bbox 413 1455 1982 1525">
     <span class='ocr_line' id='line_1_13' title="bbox 413 1455 1982 1525; baseline -0.004 -11"><span class='ocrx_word' id='word_1_86' title='bbox 413 1456 773 1515; x_wconf 85' lang='lat' dir='ltr'><strong><em>indelicientia</em></strong></span> <span class='ocrx_word' id='word_1_87' title='bbox 798 1461 933 1513; x_wconf 88' lang='lat' dir='ltr'><strong><em>bona</em></strong></span> <span class='ocrx_word' id='word_1_88' title='bbox 959 1460 1144 1514; x_wconf 84' lang='lat' dir='ltr'><strong><em>tribuit</em></strong></span> <span class='ocrx_word' id='word_1_89' title='bbox 1178 1457 1454 1520; x_wconf 71' lang='lat' dir='ltr'><strong><em>Ecclesiae,</em></strong></span> <span class='ocrx_word' id='word_1_90' title='bbox 1479 1456 1628 1522; x_wconf 76' lang='lat' dir='ltr'><strong><em>iuxta</em></strong></span> <span class='ocrx_word' id='word_1_91' title='bbox 1659 1455 1982 1525; x_wconf 83' lang='lat' dir='ltr'><strong><em>Prophelam</em></strong></span> 
     </span>
    </p>
   </div>
   <div class='ocr_carea' id='block_1_14' title="bbox 412 1549 1984 1619">
    <p class='ocr_par' dir='ltr' id='par_1_14' title="bbox 412 1549 1984 1619">
     <span class='ocr_line' id='line_1_14' title="bbox 412 1549 1984 1619; baseline 0 -17"><span class='ocrx_word' id='word_1_92' title='bbox 412 1549 721 1605; x_wconf 82' lang='lat' dir='ltr'><strong><em>dicentem:</em></strong></span> <span class='ocrx_word' id='word_1_93' title='bbox 780 1569 801 1601; x_wconf 89' lang='grc'><strong><em>‹</em></strong></span> <span class='ocrx_word' id='word_1_94' title='bbox 839 1550 1094 1605; x_wconf 84' lang='lat' dir='ltr'><strong><em>Dominus</em></strong></span> <span class='ocrx_word' id='word_1_95' title='bbox 1136 1564 1241 1604; x_wconf 94' lang='lat' dir='ltr'><strong><em>non</em></strong></span> <span class='ocrx_word' id='word_1_96' title='bbox 1291 1550 1520 1615; x_wconf 89' lang='lat' dir='ltr'><strong><em>privabit</em></strong></span> <span class='ocrx_word' id='word_1_97' title='bbox 1563 1550 1719 1604; x_wconf 89' lang='lat' dir='ltr'><strong><em>bouis</em></strong></span> <span class='ocrx_word' id='word_1_98' title='bbox 1762 1565 1856 1604; x_wconf 91' lang='lat' dir='ltr'><strong><em>eos</em></strong></span> <span class='ocrx_word' id='word_1_99' title='bbox 1894 1550 1984 1619; x_wconf 89' lang='lat' dir='ltr'><strong><em>qui</em></strong></span> 
     </span>
    </p>
   </div>
   <div class='ocr_carea' id='block_1_15' title="bbox 410 1639 1980 1706">
    <p class='ocr_par' dir='ltr' id='par_1_15' title="bbox 410 1639 1980 1706">
     <span class='ocr_line' id='line_1_15' title="bbox 410 1639 1980 1706; baseline -0.003 -11"><span class='ocrx_word' id='word_1_100' title='bbox 410 1642 689 1696; x_wconf 77' lang='lat' dir='ltr'><strong><em>mnbulant</em></strong></span> <span class='ocrx_word' id='word_1_101' title='bbox 733 1642 786 1696; x_wconf 89' lang='lat' dir='ltr'><strong><em>in</em></strong></span> <span class='ocrx_word' id='word_1_102' title='bbox 823 1642 1126 1696; x_wconf 85' lang='lat' dir='ltr'><strong><em>innocentia</em></strong></span> <span class='ocrx_word' id='word_1_103' title='bbox 1158 1641 1226 1692; x_wconf 80' lang='lat'><strong><em>’°.</em></strong></span> <span class='ocrx_word' id='word_1_104' title='bbox 1270 1659 1289 1692; x_wconf 73' lang='grc' dir='ltr'>ι</span> <span class='ocrx_word' id='word_1_105' title='bbox 1342 1640 1407 1694; x_wconf 84' lang='lat' dir='ltr'><strong><em>Et</em></strong></span> <span class='ocrx_word' id='word_1_106' title='bbox 1443 1641 1494 1694; x_wconf 90' lang='lat' dir='ltr'><strong><em>in</em></strong></span> <span class='ocrx_word' id='word_1_107' title='bbox 1521 1639 1702 1694; x_wconf 76' lang='lat' dir='ltr'><strong><em>futuro</em></strong></span> <span class='ocrx_word' id='word_1_108' title='bbox 1749 1641 1980 1706; x_wconf 64' lang='lat' dir='ltr'><strong><em>sacculo,</em></strong></span> 
     </span>
    </p>
   </div>
   <div class='ocr_carea' id='block_1_16' title="bbox 411 1731 1978 1803">
    <p class='ocr_par' dir='ltr' id='par_1_16' title="bbox 411 1731 1978 1803">
     <span class='ocr_line' id='line_1_16' title="bbox 411 1731 1978 1803; baseline -0.001 -17"><span class='ocrx_word' id='word_1_109' title='bbox 411 1733 671 1801; x_wconf 83' lang='lat' dir='ltr'><strong><em>sapientia</em></strong></span> <span class='ocrx_word' id='word_1_110' title='bbox 706 1733 1088 1803; x_wconf 77' lang='lat' dir='ltr'><strong><em>longitudinem</em></strong></span> <span class='ocrx_word' id='word_1_111' title='bbox 1120 1732 1242 1787; x_wconf 66' lang='lat' dir='ltr'><strong><em>vita:</em></strong></span> <span class='ocrx_word' id='word_1_112' title='bbox 1264 1741 1319 1786; x_wconf 89' lang='lat' dir='ltr'><strong><em>et</em></strong></span> <span class='ocrx_word' id='word_1_113' title='bbox 1350 1733 1506 1802; x_wconf 76' lang='lat' dir='ltr'><strong><em>longa</em></strong></span> <span class='ocrx_word' id='word_1_114' title='bbox 1533 1731 1728 1787; x_wconf 70' lang='lat' dir='ltr'><strong><em>saecula</em></strong></span> <span class='ocrx_word' id='word_1_115' title='bbox 1754 1732 1978 1786; x_wconf 81' lang='lat' dir='ltr'><strong><em>dextera</em></strong></span> 
     </span>
    </p>
   </div>
   <div class='ocr_carea' id='block_1_17' title="bbox 2019 445 3246 517">
    <p class='ocr_par' dir='ltr' id='par_1_17' title="bbox 2019 445 3246 517">
     <span class='ocr_line' id='line_1_17' title="bbox 2019 445 3246 517; baseline 0 -14"><span class='ocrx_word' id='word_1_116' title='bbox 2019 453 2072 511; x_wconf 73' lang='grc' dir='ltr'>Α</span> <span class='ocrx_word' id='word_1_117' title='bbox 2171 449 2295 502; x_wconf 85' lang='lat' dir='ltr'><strong><em>MA&#39;.</em></strong></span> <span class='ocrx_word' id='word_1_118' title='bbox 2365 453 2465 503; x_wconf 84' lang='grc' dir='ltr'><strong><em>Οτι</em></strong></span> <span class='ocrx_word' id='word_1_119' title='bbox 2491 445 2819 516; x_wconf 71' lang='grc' dir='ltr'>τετρωμένη</span> <span class='ocrx_word' id='word_1_120' title='bbox 2843 446 3080 517; x_wconf 77' lang='grc' dir='ltr'><em>ἀγάπης</em></span> <span class='ocrx_word' id='word_1_121' title='bbox 3113 445 3246 517; x_wconf 58' lang='grc' dir='ltr'><strong><em>ἐγώ.</em></strong></span> 
     </span>
    </p>
   </div>
   <div class='ocr_carea' id='block_1_18' title="bbox 2163 529 3666 606">
    <p class='ocr_par' dir='ltr' id='par_1_18' title="bbox 2163 529 3666 606">
     <span class='ocr_line' id='line_1_18' title="bbox 2163 529 3666 606; baseline -0.003 -16"><span class='ocrx_word' id='word_1_122' title='bbox 2163 537 2260 591; x_wconf 74' lang='grc' dir='ltr'><strong><em>Διὰ</em></strong></span> <span class='ocrx_word' id='word_1_123' title='bbox 2286 537 2394 590; x_wconf 86' lang='grc' dir='ltr'><strong><em>τῶν</em></strong></span> <span class='ocrx_word' id='word_1_124' title='bbox 2422 537 2590 606; x_wconf 82' lang='grc' dir='ltr'>ἁγίων</span> <span class='ocrx_word' id='word_1_125' title='bbox 2621 535 2930 606; x_wconf 84' lang='grc' dir='ltr'>μαρτύρων·</span> <span class='ocrx_word' id='word_1_126' title='bbox 2972 537 3038 590; x_wconf 79' lang='grc' dir='ltr'><strong><em>δι’</em></strong></span> <span class='ocrx_word' id='word_1_127' title='bbox 3071 529 3165 601; x_wconf 81' lang='grc' dir='ltr'>ὧν,</span> <span class='ocrx_word' id='word_1_128' title='bbox 3191 534 3526 605; x_wconf 79' lang='grc' dir='ltr'><strong><em>ἀγαπήσασα</em></strong></span> <span class='ocrx_word' id='word_1_129' title='bbox 3547 531 3666 604; x_wconf 86' lang='lat'><strong><em>(68)</em></strong></span> 
     </span>
    </p>
   </div>
   <div class='ocr_carea' id='block_1_19' title="bbox 2089 624 3668 700">
    <p class='ocr_par' dir='ltr' id='par_1_19' title="bbox 2089 624 3668 700">
     <span class='ocr_line' id='line_1_19' title="bbox 2089 624 3668 700; baseline -0.002 -19"><span class='ocrx_word' id='word_1_130' title='bbox 2089 628 2182 682; x_wconf 79' lang='grc' dir='ltr'>τὸν</span> <span class='ocrx_word' id='word_1_131' title='bbox 2206 630 2458 700; x_wconf 84' lang='grc' dir='ltr'>Χριστὸν,</span> <span class='ocrx_word' id='word_1_132' title='bbox 2519 627 2761 700; x_wconf 80' lang='grc' dir='ltr'><strong><em>ἐτρώθην</em></strong></span> <span class='ocrx_word' id='word_1_133' title='bbox 2785 627 2918 699; x_wconf 84' lang='lat'><strong><em>(69),</em></strong></span> <span class='ocrx_word' id='word_1_134' title='bbox 2943 627 3035 682; x_wconf 80' lang='grc' dir='ltr'>τὸν</span> <span class='ocrx_word' id='word_1_135' title='bbox 3057 627 3198 699; x_wconf 83' lang='grc' dir='ltr'>ὑπὲρ</span> <span class='ocrx_word' id='word_1_136' title='bbox 3213 624 3374 681; x_wconf 81' lang='grc' dir='ltr'>αὑτοῦ</span> <span class='ocrx_word' id='word_1_137' title='bbox 3395 624 3668 696; x_wconf 77' lang='grc' dir='ltr'><strong><em>δεξαμένη</em></strong></span> 
     </span>
    </p>
   </div>
   <div class='ocr_carea' id='block_1_20' title="bbox 2091 723 2340 778">
    <p class='ocr_par' dir='ltr' id='par_1_20' title="bbox 2091 723 2340 778">
     <span class='ocr_line' id='line_1_20' title="bbox 2091 723 2340 778; baseline 0 -2"><span class='ocrx_word' id='word_1_138' title='bbox 2091 723 2340 778; x_wconf 86' lang='grc' dir='ltr'>θάνατον.</span> 
     </span>
    </p>
   </div>
   <div class='ocr_carea' id='block_1_21' title="bbox 2151 811 3670 885">
    <p class='ocr_par' dir='ltr' id='par_1_21' title="bbox 2151 811 3670 885">
     <span class='ocr_line' id='line_1_21' title="bbox 2151 811 3670 885; baseline -0.001 -15"><span class='ocrx_word' id='word_1_139' title='bbox 2151 815 2286 870; x_wconf 89' lang='lat' dir='ltr'><strong><em>ME&#39;.</em></strong></span> <span class='ocrx_word' id='word_1_140' title='bbox 2315 817 2407 871; x_wconf 88' lang='grc' dir='ltr'>Στ.</span> <span class='ocrx_word' id='word_1_141' title='bbox 2441 813 2514 882; x_wconf 81' lang='grc' dir='ltr'>ς’.</span> <span class='ocrx_word' id='word_1_142' title='bbox 2547 813 2870 885; x_wconf 76' lang='grc' dir='ltr'>Εὐώνυμος</span> <span class='ocrx_word' id='word_1_143' title='bbox 2900 813 3087 868; x_wconf 84' lang='grc' dir='ltr'>αὐτοῦ</span> <span class='ocrx_word' id='word_1_144' title='bbox 3102 811 3221 867; x_wconf 81' lang='grc' dir='ltr'><strong><em>ὑπὸ</em></strong></span> <span class='ocrx_word' id='word_1_145' title='bbox 3254 811 3368 881; x_wconf 77' lang='grc' dir='ltr'><strong><em>τὴν</em></strong></span> <span class='ocrx_word' id='word_1_146' title='bbox 3387 811 3670 882; x_wconf 70' lang='grc' dir='ltr'><strong><em>κεφαλήν</em></strong></span> 
     </span>
    </p>
   </div>
   <div class='ocr_carea' id='block_1_22' title="bbox 2083 904 3376 977">
    <p class='ocr_par' dir='ltr' id='par_1_22' title="bbox 2083 904 3376 977">
     <span class='ocr_line' id='line_1_22' title="bbox 2083 904 3376 977; baseline -0.002 -16"><span class='ocrx_word' id='word_1_147' title='bbox 2083 925 2202 977; x_wconf 81' lang='grc' dir='ltr'><strong><em>μου</em></strong></span> <span class='ocrx_word' id='word_1_148' title='bbox 2219 924 2233 938; x_wconf 90' lang='grc'><strong><em>·</em></strong></span> <span class='ocrx_word' id='word_1_149' title='bbox 2267 907 2366 961; x_wconf 82' lang='grc' dir='ltr'><strong><em>καὶ</em></strong></span> <span class='ocrx_word' id='word_1_150' title='bbox 2390 909 2428 976; x_wconf 76' lang='grc' dir='ltr'>ἡ</span> <span class='ocrx_word' id='word_1_151' title='bbox 2455 907 2620 972; x_wconf 78' lang='grc' dir='ltr'>δεξιὰ</span> <span class='ocrx_word' id='word_1_152' title='bbox 2649 905 2837 961; x_wconf 85' lang='grc' dir='ltr'>αὐτοῦ</span> <span class='ocrx_word' id='word_1_153' title='bbox 2865 904 3260 974; x_wconf 74' lang='grc' dir='ltr'>περιλήψεταί</span> <span class='ocrx_word' id='word_1_154' title='bbox 3280 921 3376 975; x_wconf 85' lang='grc' dir='ltr'><strong><em>με.</em></strong></span> 
     </span>
    </p>
   </div>
   <div class='ocr_carea' id='block_1_23' title="bbox 2160 988 3664 1073">
    <p class='ocr_par' dir='ltr' id='par_1_23' title="bbox 2160 988 3664 1073">
     <span class='ocr_line' id='line_1_23' title="bbox 2160 988 3664 1073; baseline -0.003 -19"><span class='ocrx_word' id='word_1_155' title='bbox 2160 1001 2451 1073; x_wconf 83' lang='grc' dir='ltr'><strong><em>Εὐώνυμος</em></strong></span> <span class='ocrx_word' id='word_1_156' title='bbox 2493 1001 2589 1072; x_wconf 84' lang='grc' dir='ltr'>μὲν</span> <span class='ocrx_word' id='word_1_157' title='bbox 2621 1000 2862 1072; x_wconf 86' lang='grc' dir='ltr'>παρόντα</span> <span class='ocrx_word' id='word_1_158' title='bbox 2912 998 3024 1070; x_wconf 80' lang='grc' dir='ltr'>βίον</span> <span class='ocrx_word' id='word_1_159' title='bbox 3056 999 3362 1062; x_wconf 76' lang='grc' dir='ltr'><strong><em>ἀπεικάζει,</em></strong></span> <span class='ocrx_word' id='word_1_160' title='bbox 3383 997 3460 1062; x_wconf 84' lang='grc' dir='ltr'>ὡς</span> <span class='ocrx_word' id='word_1_161' title='bbox 3485 988 3664 1069; x_wconf 75' lang='grc' dir='ltr'>οἶμαι·</span> 
     </span>
    </p>
   </div>
   <div class='ocr_carea' id='block_1_24' title="bbox 2087 1090 3670 1164">
    <p class='ocr_par' dir='ltr' id='par_1_24' title="bbox 2087 1090 3670 1164">
     <span class='ocr_line' id='line_1_24' title="bbox 2087 1090 3670 1164; baseline -0.001 -19"><span class='ocrx_word' id='word_1_162' title='bbox 2087 1093 2237 1160; x_wconf 82' lang='grc' dir='ltr'>δεξιὰ</span> <span class='ocrx_word' id='word_1_163' title='bbox 2263 1091 2319 1147; x_wconf 77' lang='grc' dir='ltr'><strong><em>δὲ</em></strong></span> <span class='ocrx_word' id='word_1_164' title='bbox 2355 1095 2446 1148; x_wconf 86' lang='grc' dir='ltr'><strong><em>τὸν</em></strong></span> <span class='ocrx_word' id='word_1_165' title='bbox 2470 1093 2749 1164; x_wconf 83' lang='grc' dir='ltr'>μέλλοντα,</span> <span class='ocrx_word' id='word_1_166' title='bbox 2783 1092 2874 1146; x_wconf 86' lang='grc' dir='ltr'>τὸν</span> <span class='ocrx_word' id='word_1_167' title='bbox 2908 1092 3131 1146; x_wconf 88' lang='grc' dir='ltr'>ὰένναον</span> <span class='ocrx_word' id='word_1_168' title='bbox 3162 1091 3272 1162; x_wconf 78' lang='grc' dir='ltr'>βίον</span> <span class='ocrx_word' id='word_1_169' title='bbox 3304 1090 3416 1162; x_wconf 85' lang='grc'>(70)</span> <span class='ocrx_word' id='word_1_170' title='bbox 3448 1091 3558 1144; x_wconf 89' lang='grc' dir='ltr'><strong><em>τῶν</em></strong></span> <span class='ocrx_word' id='word_1_171' title='bbox 3574 1091 3670 1144; x_wconf 80' lang='grc' dir='ltr'><strong><em>εὐ-</em></strong></span> 
     </span>
    </p>
   </div>
   <div class='ocr_carea' id='block_1_25' title="bbox 2089 1183 3667 1257">
    <p class='ocr_par' dir='ltr' id='par_1_25' title="bbox 2089 1183 3667 1257">
     <span class='ocr_line' id='line_1_25' title="bbox 2089 1183 3667 1257; baseline -0.003 -16"><span class='ocrx_word' id='word_1_172' title='bbox 2089 1188 2281 1242; x_wconf 76' lang='grc' dir='ltr'>σεϐῶν.</span> <span class='ocrx_word' id='word_1_173' title='bbox 2321 1208 2340 1240; x_wconf 76' lang='grc' dir='ltr'><strong><em>ι</em></strong></span> <span class='ocrx_word' id='word_1_174' title='bbox 2370 1189 2558 1256; x_wconf 82' lang='grc' dir='ltr'>Μῆκος</span> <span class='ocrx_word' id='word_1_175' title='bbox 2585 1187 2692 1257; x_wconf 81' lang='grc' dir='ltr'><strong><em>γὰρ</em></strong></span> <span class='ocrx_word' id='word_1_176' title='bbox 2727 1185 2862 1257; x_wconf 85' lang='grc' dir='ltr'>βίου,</span> <span class='ocrx_word' id='word_1_177' title='bbox 2903 1205 2924 1238; x_wconf 74' lang='grc' dir='ltr'>ι</span> <span class='ocrx_word' id='word_1_178' title='bbox 2947 1186 3098 1256; x_wconf 65' lang='grc' dir='ltr'>φησι,</span> <span class='ocrx_word' id='word_1_179' title='bbox 3140 1204 3159 1235; x_wconf 80' lang='grc' dir='ltr'><strong><em>ι</em></strong></span> <span class='ocrx_word' id='word_1_180' title='bbox 3189 1184 3281 1238; x_wconf 73' lang='grc' dir='ltr'><strong><em>καὶ</em></strong></span> <span class='ocrx_word' id='word_1_181' title='bbox 3308 1184 3402 1255; x_wconf 74' lang='grc' dir='ltr'><strong><em>ἔτη</em></strong></span> <span class='ocrx_word' id='word_1_182' title='bbox 3431 1183 3576 1255; x_wconf 78' lang='grc' dir='ltr'>ζωῆς</span> <span class='ocrx_word' id='word_1_183' title='bbox 3605 1185 3667 1237; x_wconf 87' lang='grc' dir='ltr'><strong><em>ὲν</em></strong></span> 
     </span>
    </p>
   </div>
   <div class='ocr_carea' id='block_1_26' title="bbox 2085 1274 3668 1351">
    <p class='ocr_par' dir='ltr' id='par_1_26' title="bbox 2085 1274 3668 1351">
     <span class='ocr_line' id='line_1_26' title="bbox 2085 1274 3668 1351; baseline -0.004 -18"><span class='ocrx_word' id='word_1_184' title='bbox 2085 1284 2153 1351; x_wconf 80' lang='grc' dir='ltr'><strong><em>τῇ</em></strong></span> <span class='ocrx_word' id='word_1_185' title='bbox 2179 1280 2328 1351; x_wconf 78' lang='grc' dir='ltr'>δεξιᾷ</span> <span class='ocrx_word' id='word_1_186' title='bbox 2361 1279 2552 1348; x_wconf 77' lang='grc' dir='ltr'>αὐτῆς·</span> <span class='ocrx_word' id='word_1_187' title='bbox 2582 1280 2637 1330; x_wconf 85' lang='grc' dir='ltr'>ὲν</span> <span class='ocrx_word' id='word_1_188' title='bbox 2659 1278 2715 1331; x_wconf 84' lang='grc' dir='ltr'><strong><em>δὲ</em></strong></span> <span class='ocrx_word' id='word_1_189' title='bbox 2740 1280 2810 1348; x_wconf 85' lang='grc' dir='ltr'><strong><em>τῇ</em></strong></span> <span class='ocrx_word' id='word_1_190' title='bbox 2831 1278 3096 1349; x_wconf 74' lang='grc' dir='ltr'><strong><em>ἀριστερᾷ</em></strong></span> <span class='ocrx_word' id='word_1_191' title='bbox 3124 1276 3292 1344; x_wconf 80' lang='grc' dir='ltr'>αὐτῆς</span> <span class='ocrx_word' id='word_1_192' title='bbox 3322 1274 3549 1338; x_wconf 80' lang='grc' dir='ltr'>πλοῦτος</span> <span class='ocrx_word' id='word_1_193' title='bbox 3566 1275 3668 1328; x_wconf 78' lang='grc' dir='ltr'><strong><em>καὶ</em></strong></span> 
     </span>
    </p>
   </div>
   <div class='ocr_carea' id='block_1_27' title="bbox 2085 1367 3668 1441">
    <p class='ocr_par' dir='ltr' id='par_1_27' title="bbox 2085 1367 3668 1441">
     <span class='ocr_line' id='line_1_27' title="bbox 2085 1367 3668 1441; baseline -0.004 -15"><span class='ocrx_word' id='word_1_194' title='bbox 2085 1372 2230 1436; x_wconf 81' lang='grc' dir='ltr'>δόξα.</span> <span class='ocrx_word' id='word_1_195' title='bbox 2267 1391 2285 1422; x_wconf 74' lang='grc' dir='ltr'>ι</span> <span class='ocrx_word' id='word_1_196' title='bbox 2340 1371 2553 1424; x_wconf 82' lang='grc' dir='ltr'>Ἐνθάδε</span> <span class='ocrx_word' id='word_1_197' title='bbox 2584 1370 2693 1441; x_wconf 85' lang='grc' dir='ltr'>γὰρ</span> <span class='ocrx_word' id='word_1_198' title='bbox 2725 1369 3067 1441; x_wconf 80' lang='grc' dir='ltr'>ἀνυστέρητα</span> <span class='ocrx_word' id='word_1_199' title='bbox 3101 1369 3170 1422; x_wconf 88' lang='grc' dir='ltr'><strong><em>τά</em></strong></span> <span class='ocrx_word' id='word_1_200' title='bbox 3215 1367 3394 1438; x_wconf 80' lang='grc' dir='ltr'>ἀγαθὰ</span> <span class='ocrx_word' id='word_1_201' title='bbox 3422 1369 3455 1439; x_wconf 82' lang='grc' dir='ltr'>ἡ</span> <span class='ocrx_word' id='word_1_202' title='bbox 3497 1369 3668 1420; x_wconf 85' lang='grc' dir='ltr'>ὲπου-</span> 
     </span>
    </p>
   </div>
   <div class='ocr_carea' id='block_1_28' title="bbox 2088 1459 3666 1536">
    <p class='ocr_par' dir='ltr' id='par_1_28' title="bbox 2088 1459 3666 1536">
     <span class='ocr_line' id='line_1_28' title="bbox 2088 1459 3666 1536; baseline -0.003 -20"><span class='ocrx_word' id='word_1_203' title='bbox 2088 1464 2271 1536; x_wconf 89' lang='grc' dir='ltr'>ράνιος</span> <span class='ocrx_word' id='word_1_204' title='bbox 2306 1462 2530 1533; x_wconf 81' lang='grc' dir='ltr'><strong>παρέχει</strong></span> <span class='ocrx_word' id='word_1_205' title='bbox 2563 1461 2725 1530; x_wconf 83' lang='grc' dir='ltr'>σοφία</span> <span class='ocrx_word' id='word_1_206' title='bbox 2772 1463 2838 1532; x_wconf 78' lang='grc' dir='ltr'>τῇ</span> <span class='ocrx_word' id='word_1_207' title='bbox 2886 1460 3202 1531; x_wconf 69' lang='grc' dir='ltr'>Ἐκκλησία,</span> <span class='ocrx_word' id='word_1_208' title='bbox 3261 1459 3402 1512; x_wconf 78' lang='grc' dir='ltr'>κατὰ</span> <span class='ocrx_word' id='word_1_209' title='bbox 3454 1459 3544 1512; x_wconf 82' lang='grc' dir='ltr'>τὸν</span> <span class='ocrx_word' id='word_1_210' title='bbox 3576 1459 3666 1511; x_wconf 85' lang='grc' dir='ltr'>λέ-</span> 
     </span>
    </p>
   </div>
   <div class='ocr_carea' id='block_1_29' title="bbox 2095 1550 3665 1627">
    <p class='ocr_par' dir='ltr' id='par_1_29' title="bbox 2095 1550 3665 1627">
     <span class='ocr_line' id='line_1_29' title="bbox 2095 1550 3665 1627; baseline -0.003 -17"><span class='ocrx_word' id='word_1_211' title='bbox 2095 1574 2258 1627; x_wconf 89' lang='grc' dir='ltr'>γοντα</span> <span class='ocrx_word' id='word_1_212' title='bbox 2292 1557 2610 1627; x_wconf 72' lang='grc' dir='ltr'><strong><em>Προφήτην·</em></strong></span> <span class='ocrx_word' id='word_1_213' title='bbox 2642 1573 2659 1606; x_wconf 87' lang='grc' dir='ltr'><strong><em>ι</em></strong></span> <span class='ocrx_word' id='word_1_214' title='bbox 2692 1553 2896 1626; x_wconf 84' lang='grc' dir='ltr'>Κύριος</span> <span class='ocrx_word' id='word_1_215' title='bbox 2936 1553 3034 1623; x_wconf 76' lang='grc' dir='ltr'><strong><em>οὐχ</em></strong></span> <span class='ocrx_word' id='word_1_216' title='bbox 3062 1553 3349 1623; x_wconf 79' lang='grc' dir='ltr'>ὑστερήσει</span> <span class='ocrx_word' id='word_1_217' title='bbox 3378 1551 3446 1605; x_wconf 85' lang='grc' dir='ltr'>τὰ</span> <span class='ocrx_word' id='word_1_218' title='bbox 3478 1550 3665 1620; x_wconf 77' lang='grc' dir='ltr'>ἀγαθά</span> 
     </span>
    </p>
   </div>
   <div class='ocr_carea' id='block_1_30' title="bbox 2083 1642 3665 1719">
    <p class='ocr_par' dir='ltr' id='par_1_30' title="bbox 2083 1642 3665 1719">
     <span class='ocr_line' id='line_1_30' title="bbox 2083 1642 3665 1719; baseline -0.004 -16"><span class='ocrx_word' id='word_1_219' title='bbox 2083 1651 2208 1713; x_wconf 80' lang='grc' dir='ltr'>τοὺς</span> <span class='ocrx_word' id='word_1_220' title='bbox 2270 1649 2668 1719; x_wconf 81' lang='grc' dir='ltr'><strong><em>πορευομένους</em></strong></span> <span class='ocrx_word' id='word_1_221' title='bbox 2719 1649 2773 1700; x_wconf 85' lang='grc' dir='ltr'>ἐν</span> <span class='ocrx_word' id='word_1_222' title='bbox 2818 1646 3082 1717; x_wconf 74' lang='grc' dir='ltr'>ἀκακία.»</span> <span class='ocrx_word' id='word_1_223' title='bbox 3135 1644 3245 1698; x_wconf 79' lang='grc' dir='ltr'><strong><em>Καὶ</em></strong></span> <span class='ocrx_word' id='word_1_224' title='bbox 3303 1646 3359 1697; x_wconf 76' lang='grc' dir='ltr'><strong><em>ἐν</em></strong></span> <span class='ocrx_word' id='word_1_225' title='bbox 3408 1642 3486 1714; x_wconf 78' lang='grc' dir='ltr'>τῷ</span> <span class='ocrx_word' id='word_1_226' title='bbox 3537 1643 3665 1716; x_wconf 87' lang='grc' dir='ltr'>μέλ-</span> 
     </span>
    </p>
   </div>
   <div class='ocr_carea' id='block_1_31' title="bbox 2083 1735 3664 1810">
    <p class='ocr_par' dir='ltr' id='par_1_31' title="bbox 2083 1735 3664 1810">
     <span class='ocr_line' id='line_1_31' title="bbox 2083 1735 3664 1810; baseline -0.004 -18"><span class='ocrx_word' id='word_1_227' title='bbox 2083 1739 2226 1793; x_wconf 85' lang='grc' dir='ltr'>λοντι</span> <span class='ocrx_word' id='word_1_228' title='bbox 2256 1740 2420 1793; x_wconf 81' lang='grc' dir='ltr'><strong>αἰῶνι</strong></span> <span class='ocrx_word' id='word_1_229' title='bbox 2462 1742 2637 1810; x_wconf 81' lang='grc' dir='ltr'>μῆκος</span> <span class='ocrx_word' id='word_1_230' title='bbox 2691 1738 2830 1808; x_wconf 79' lang='grc' dir='ltr'>βίου,</span> <span class='ocrx_word' id='word_1_231' title='bbox 2861 1738 2988 1800; x_wconf 81' lang='grc' dir='ltr'>τοὺς</span> <span class='ocrx_word' id='word_1_232' title='bbox 3029 1737 3270 1807; x_wconf 83' lang='grc' dir='ltr'>μακροὺς</span> <span class='ocrx_word' id='word_1_233' title='bbox 3318 1736 3536 1798; x_wconf 79' lang='grc' dir='ltr'>αἰῶνας·</span> <span class='ocrx_word' id='word_1_234' title='bbox 3567 1735 3664 1789; x_wconf 72' lang='grc' dir='ltr'><strong><em>καὶ</em></strong></span> 
     </span>
    </p>
   </div>
   <div class='ocr_carea' id='block_1_32' title="bbox 409 1811 1981 1904">
    <p class='ocr_par' dir='ltr' id='par_1_32' title="bbox 409 1823 1978 1904">
     <span class='ocr_line' id='line_1_32' title="bbox 409 1823 1978 1904; baseline -0.002 -24"><span class='ocrx_word' id='word_1_235' title='bbox 409 1839 508 1880; x_wconf 81' lang='lat' dir='ltr'><strong><em>sua</em></strong></span> <span class='ocrx_word' id='word_1_236' title='bbox 540 1835 752 1888; x_wconf 86' lang='lat' dir='ltr'><strong><em>tenens,</em></strong></span> <span class='ocrx_word' id='word_1_237' title='bbox 781 1835 1095 1879; x_wconf 84' lang='lat' dir='ltr'><strong><em>sanctarum</em></strong></span> <span class='ocrx_word' id='word_1_238' title='bbox 1124 1825 1536 1892; x_wconf 82' lang='lat' dir='ltr'><strong><em>promissionum</em></strong></span> <span class='ocrx_word' id='word_1_239' title='bbox 1567 1823 1754 1891; x_wconf 78' lang='lat' dir='ltr'><strong><em>gaudia</em></strong></span> <span class='ocrx_word' id='word_1_240' title='bbox 1779 1826 1978 1904; x_wconf 70' lang='lat' dir='ltr'><strong><em>prmbet</em></strong></span> 
     </span>
    </p>
   </div>
   <div class='ocr_carea' id='block_1_33' title="bbox 2098 1811 3665 1904">
    <p class='ocr_par' dir='ltr' id='par_1_33' title="bbox 2098 1827 3665 1902">
     <span class='ocr_line' id='line_1_33' title="bbox 2098 1827 3665 1902; baseline -0.003 -18"><span class='ocrx_word' id='word_1_241' title='bbox 2098 1833 2152 1887; x_wconf 77' lang='grc' dir='ltr'>ιὰ</span> <span class='ocrx_word' id='word_1_242' title='bbox 2180 1831 2552 1902; x_wconf 78' lang='grc' dir='ltr'>εὐφραντήρια</span> <span class='ocrx_word' id='word_1_243' title='bbox 2570 1830 2678 1883; x_wconf 91' lang='grc' dir='ltr'><strong><em>τῶν</em></strong></span> <span class='ocrx_word' id='word_1_244' title='bbox 2711 1829 2882 1897; x_wconf 81' lang='grc' dir='ltr'>ἁγίων</span> <span class='ocrx_word' id='word_1_245' title='bbox 2929 1827 3364 1898; x_wconf 80' lang='grc' dir='ltr'>ἐπαγγελμάτων</span> <span class='ocrx_word' id='word_1_246' title='bbox 3395 1828 3454 1879; x_wconf 85' lang='grc' dir='ltr'>ὲν</span> <span class='ocrx_word' id='word_1_247' title='bbox 3482 1830 3548 1898; x_wconf 82' lang='grc' dir='ltr'>τῇ</span> <span class='ocrx_word' id='word_1_248' title='bbox 3574 1827 3665 1880; x_wconf 87' lang='grc' dir='ltr'><strong><em>δε·-</em></strong></span> 
     </span>
    </p>
   </div>
   <div class='ocr_carea' id='block_1_34' title="bbox 411 1914 1982 1984">
    <p class='ocr_par' dir='ltr' id='par_1_34' title="bbox 411 1914 1982 1984">
     <span class='ocr_line' id='line_1_34' title="bbox 411 1914 1982 1984; baseline 0.001 -16"><span class='ocrx_word' id='word_1_249' title='bbox 411 1915 479 1968; x_wconf 89' lang='lat' dir='ltr'><strong><em>iis</em></strong></span> <span class='ocrx_word' id='word_1_250' title='bbox 494 1915 688 1979; x_wconf 85' lang='lat' dir='ltr'><strong><em>verbis,</em></strong></span> <span class='ocrx_word' id='word_1_251' title='bbox 717 1914 1005 1984; x_wconf 71' lang='lat' dir='ltr'><strong><em>qutejuxta</em></strong></span> <span class='ocrx_word' id='word_1_252' title='bbox 1031 1915 1380 1982; x_wconf 76' lang='lat' dir='ltr'><strong><em>Evangelium</em></strong></span> <span class='ocrx_word' id='word_1_253' title='bbox 1413 1929 1624 1984; x_wconf 66' lang='lat' dir='ltr'><strong><em>sponsa:</em></strong></span> <span class='ocrx_word' id='word_1_254' title='bbox 1652 1929 1761 1969; x_wconf 68' lang='lat' dir='ltr'><strong><em>sure</em></strong></span> <span class='ocrx_word' id='word_1_255' title='bbox 1793 1931 1823 1968; x_wconf 91' lang='lat' dir='ltr'><strong><em>a</em></strong></span> <span class='ocrx_word' id='word_1_256' title='bbox 1851 1918 1982 1969; x_wconf 81' lang='lat' dir='ltr'><strong><em>dex-</em></strong></span> 
     </span>
    </p>
   </div>
   <div class='ocr_carea' id='block_1_35' title="bbox 409 2005 1982 2077">
    <p class='ocr_par' dir='ltr' id='par_1_35' title="bbox 409 2005 1982 2077">
     <span class='ocr_line' id='line_1_35' title="bbox 409 2005 1982 2077; baseline 0.002 -17"><span class='ocrx_word' id='word_1_257' title='bbox 409 2007 509 2060; x_wconf 91' lang='lat' dir='ltr'><strong><em>tris</em></strong></span> <span class='ocrx_word' id='word_1_258' title='bbox 538 2007 668 2061; x_wconf 90' lang='lat' dir='ltr'><strong><em>dicit</em></strong></span> <span class='ocrx_word' id='word_1_259' title='bbox 702 2025 717 2061; x_wconf 88' lang='lat'><strong>:</strong></span> <span class='ocrx_word' id='word_1_260' title='bbox 764 2025 782 2057; x_wconf 84' lang='grc' dir='ltr'>ι</span> <span class='ocrx_word' id='word_1_261' title='bbox 819 2005 1026 2070; x_wconf 85' lang='lat' dir='ltr'><strong><em>Venite,</em></strong></span> <span class='ocrx_word' id='word_1_262' title='bbox 1064 2008 1326 2062; x_wconf 82' lang='lat' dir='ltr'><strong><em>benedicti</em></strong></span> <span class='ocrx_word' id='word_1_263' title='bbox 1355 2008 1530 2062; x_wconf 83' lang='lat' dir='ltr'><strong><em>Patris</em></strong></span> <span class='ocrx_word' id='word_1_264' title='bbox 1550 2009 1690 2072; x_wconf 89' lang='lat' dir='ltr'><strong><em>mei;</em></strong></span> <span class='ocrx_word' id='word_1_265' title='bbox 1725 2009 1982 2077; x_wconf 85' lang='lat' dir='ltr'><strong><em>percipite</em></strong></span> 
     </span>
    </p>
   </div>
   <div class='ocr_carea' id='block_1_36' title="bbox 408 2100 1981 2170">
    <p class='ocr_par' dir='ltr' id='par_1_36' title="bbox 408 2100 1981 2170">
     <span class='ocr_line' id='line_1_36' title="bbox 408 2100 1981 2170; baseline 0.001 -18"><span class='ocrx_word' id='word_1_266' title='bbox 408 2113 637 2168; x_wconf 74' lang='lat' dir='ltr'><strong><em>regnum</em></strong></span> <span class='ocrx_word' id='word_1_267' title='bbox 683 2100 826 2168; x_wconf 89' lang='lat' dir='ltr'><strong><em>quod</em></strong></span> <span class='ocrx_word' id='word_1_268' title='bbox 886 2110 1133 2170; x_wconf 87' lang='lat' dir='ltr'><strong><em>paratum</em></strong></span> <span class='ocrx_word' id='word_1_269' title='bbox 1188 2111 1269 2155; x_wconf 88' lang='lat' dir='ltr'><strong><em>est</em></strong></span> <span class='ocrx_word' id='word_1_270' title='bbox 1313 2101 1466 2155; x_wconf 84' lang='lat' dir='ltr'><strong><em>vobis</em></strong></span> <span class='ocrx_word' id='word_1_271' title='bbox 1515 2115 1546 2154; x_wconf 85' lang='lat' dir='ltr'><strong><em>a</em></strong></span> <span class='ocrx_word' id='word_1_272' title='bbox 1597 2101 1981 2154; x_wconf 82' lang='lat' dir='ltr'><strong><em>constitutione</em></strong></span> 
     </span>
    </p>
   </div>
   <div class='ocr_carea' id='block_1_37' title="bbox 407 2192 1974 2262">
    <p class='ocr_par' dir='ltr' id='par_1_37' title="bbox 407 2192 1974 2262">
     <span class='ocr_line' id='line_1_37' title="bbox 407 2192 1974 2262; baseline -0.001 -17"><span class='ocrx_word' id='word_1_273' title='bbox 407 2193 672 2247; x_wconf 78' lang='lat' dir='ltr'><strong><em>mundi&quot;.</em></strong></span> <span class='ocrx_word' id='word_1_274' title='bbox 701 2212 719 2244; x_wconf 74' lang='grc' dir='ltr'>ι</span> <span class='ocrx_word' id='word_1_275' title='bbox 749 2193 824 2246; x_wconf 91' lang='lat' dir='ltr'><strong><em>Ita</em></strong></span> <span class='ocrx_word' id='word_1_276' title='bbox 845 2212 864 2245; x_wconf 82' lang='grc' dir='ltr'><strong><em>ι</em></strong></span> <span class='ocrx_word' id='word_1_277' title='bbox 893 2203 947 2248; x_wconf 90' lang='lat' dir='ltr'><strong><em>et</em></strong></span> <span class='ocrx_word' id='word_1_278' title='bbox 977 2195 1168 2247; x_wconf 75' lang='lat' dir='ltr'><strong><em>dextra</em></strong></span> <span class='ocrx_word' id='word_1_279' title='bbox 1205 2193 1345 2248; x_wconf 89' lang='lat' dir='ltr'><strong><em>illius</em></strong></span> <span class='ocrx_word' id='word_1_280' title='bbox 1374 2192 1772 2262; x_wconf 81' lang='lat' dir='ltr'><strong><em>amplexabitur</em></strong></span> <span class='ocrx_word' id='word_1_281' title='bbox 1803 2208 1916 2258; x_wconf 90' lang='lat' dir='ltr'><strong><em>me;</em></strong></span> <span class='ocrx_word' id='word_1_282' title='bbox 1955 2212 1974 2243; x_wconf 73' lang='grc' dir='ltr'>ι</span> 
     </span>
    </p>
   </div>
   <div class='ocr_carea' id='block_1_38' title="bbox 406 2283 1981 2352">
    <p class='ocr_par' dir='ltr' id='par_1_38' title="bbox 406 2283 1981 2352">
     <span class='ocr_line' id='line_1_38' title="bbox 406 2283 1981 2352; baseline 0.002 -16"><span class='ocrx_word' id='word_1_283' title='bbox 406 2296 530 2336; x_wconf 87' lang='lat' dir='ltr'><strong><em>cum</em></strong></span> <span class='ocrx_word' id='word_1_284' title='bbox 553 2298 582 2335; x_wconf 90' lang='lat' dir='ltr'><strong><em>a</em></strong></span> <span class='ocrx_word' id='word_1_285' title='bbox 607 2285 812 2338; x_wconf 78' lang='lat' dir='ltr'><strong><em>dextris</em></strong></span> <span class='ocrx_word' id='word_1_286' title='bbox 835 2284 949 2338; x_wconf 84' lang='lat' dir='ltr'><strong><em>suis</em></strong></span> <span class='ocrx_word' id='word_1_287' title='bbox 994 2284 1147 2352; x_wconf 86' lang='lat' dir='ltr'><strong><em>quasi</em></strong></span> <span class='ocrx_word' id='word_1_288' title='bbox 1175 2299 1329 2337; x_wconf 89' lang='lat' dir='ltr'><strong><em>ovem</em></strong></span> <span class='ocrx_word' id='word_1_289' title='bbox 1373 2299 1458 2338; x_wconf 90' lang='lat' dir='ltr'><strong><em>me</em></strong></span> <span class='ocrx_word' id='word_1_290' title='bbox 1490 2287 1782 2338; x_wconf 80' lang='lat' dir='ltr'><strong><em>constituet</em></strong></span> <span class='ocrx_word' id='word_1_291' title='bbox 1811 2283 1981 2339; x_wconf 87' lang='lat' dir='ltr'><strong><em>bonus</em></strong></span> 
     </span>
    </p>
   </div>
   <div class='ocr_carea' id='block_1_39' title="bbox 407 2371 1763 2442">
    <p class='ocr_par' dir='ltr' id='par_1_39' title="bbox 407 2371 1763 2442">
     <span class='ocr_line' id='line_1_39' title="bbox 407 2371 1763 2442; baseline 0.001 -17"><span class='ocrx_word' id='word_1_292' title='bbox 407 2371 619 2436; x_wconf 86' lang='lat' dir='ltr'><strong><em>Pastor,</em></strong></span> <span class='ocrx_word' id='word_1_293' title='bbox 659 2374 748 2442; x_wconf 87' lang='lat' dir='ltr'><strong><em>qui</em></strong></span> <span class='ocrx_word' id='word_1_294' title='bbox 775 2373 828 2426; x_wconf 91' lang='lat' dir='ltr'><strong><em>in</em></strong></span> <span class='ocrx_word' id='word_1_295' title='bbox 863 2373 1097 2442; x_wconf 86' lang='lat' dir='ltr'><strong><em>paradisi</em></strong></span> <span class='ocrx_word' id='word_1_296' title='bbox 1130 2373 1345 2441; x_wconf 85' lang='lat' dir='ltr'><strong><em>pascuis</em></strong></span> <span class='ocrx_word' id='word_1_297' title='bbox 1373 2383 1763 2428; x_wconf 84' lang='lat' dir='ltr'><strong><em>commoratur.</em></strong></span> 
     </span>
    </p>
   </div>
   <div class='ocr_carea' id='block_1_40' title="bbox 476 2546 1976 2618">
    <p class='ocr_par' dir='ltr' id='par_1_40' title="bbox 476 2546 1976 2618">
     <span class='ocr_line' id='line_1_40' title="bbox 476 2546 1976 2618; baseline -0.005 -13"><span class='ocrx_word' id='word_1_298' title='bbox 476 2547 661 2605; x_wconf 82' lang='lat' dir='ltr'><strong><em>XLVI.</em></strong></span> <span class='ocrx_word' id='word_1_299' title='bbox 705 2549 869 2604; x_wconf 74' lang='lat' dir='ltr'><strong><em>Vsus.</em></strong></span> <span class='ocrx_word' id='word_1_300' title='bbox 909 2549 961 2603; x_wconf 88' lang='lat'><strong><em>7.</em></strong></span> <span class='ocrx_word' id='word_1_301' title='bbox 995 2548 1252 2618; x_wconf 82' lang='lat' dir='ltr'><strong><em>Adjuravt</em></strong></span> <span class='ocrx_word' id='word_1_302' title='bbox 1281 2565 1400 2613; x_wconf 84' lang='lat' dir='ltr'><strong><em>vos,</em></strong></span> <span class='ocrx_word' id='word_1_303' title='bbox 1439 2546 1565 2612; x_wconf 71' lang='lat' dir='ltr'><strong><em>ﬁlia’</em></strong></span> <span class='ocrx_word' id='word_1_304' title='bbox 1609 2546 1976 2610; x_wconf 78' lang='lat' dir='ltr'><strong><em>Hierusalem,</em></strong></span> 
     </span>
    </p>
   </div>
   <div class='ocr_carea' id='block_1_41' title="bbox 2083 1915 3672 1994">
    <p class='ocr_par' dir='ltr' id='par_1_41' title="bbox 2083 1915 3672 1994">
     <span class='ocr_line' id='line_1_41' title="bbox 2083 1915 3672 1994; baseline -0.002 -18"><span class='ocrx_word' id='word_1_305' title='bbox 2083 1923 2171 1994; x_wconf 77' lang='grc' dir='ltr'><strong><em>ξιᾷ</em></strong></span> <span class='ocrx_word' id='word_1_306' title='bbox 2199 1924 2365 1994; x_wconf 78' lang='grc' dir='ltr'>αὐτῆς</span> <span class='ocrx_word' id='word_1_307' title='bbox 2391 1924 2424 1993; x_wconf 82' lang='grc' dir='ltr'>ἡ</span> <span class='ocrx_word' id='word_1_308' title='bbox 2449 1923 2608 1991; x_wconf 88' lang='grc' dir='ltr'>σοφία</span> <span class='ocrx_word' id='word_1_309' title='bbox 2635 1921 2854 1992; x_wconf 77' lang='grc' dir='ltr'>ἔχουσα,</span> <span class='ocrx_word' id='word_1_310' title='bbox 2894 1920 3142 1990; x_wconf 79' lang='grc' dir='ltr'><strong><em>παρέχει,</em></strong></span> <span class='ocrx_word' id='word_1_311' title='bbox 3171 1921 3229 1972; x_wconf 86' lang='grc' dir='ltr'><strong><em>ὲν</em></strong></span> <span class='ocrx_word' id='word_1_312' title='bbox 3263 1915 3345 1982; x_wconf 78' lang='grc' dir='ltr'>οἷς</span> <span class='ocrx_word' id='word_1_313' title='bbox 3380 1919 3491 1988; x_wconf 79' lang='grc'><strong><em>(71)</em></strong></span> <span class='ocrx_word' id='word_1_314' title='bbox 3521 1919 3672 1993; x_wconf 81' lang='grc' dir='ltr'><strong><em>κατά</em></strong></span> 
     </span>
    </p>
   </div>
   <div class='ocr_carea' id='block_1_42' title="bbox 2082 2009 3662 2084">
    <p class='ocr_par' dir='ltr' id='par_1_42' title="bbox 2082 2009 3662 2084">
     <span class='ocr_line' id='line_1_42' title="bbox 2082 2009 3662 2084; baseline -0.004 -17"><span class='ocrx_word' id='word_1_315' title='bbox 2082 2017 2142 2067; x_wconf 85' lang='grc' dir='ltr'>τὸ</span> <span class='ocrx_word' id='word_1_316' title='bbox 2167 2013 2576 2084; x_wconf 81' lang='grc' dir='ltr'>Εὐαγγέλιοντῇ</span> <span class='ocrx_word' id='word_1_317' title='bbox 2605 2012 2711 2083; x_wconf 77' lang='grc' dir='ltr'><strong><em>ἰδίᾳ</em></strong></span> <span class='ocrx_word' id='word_1_318' title='bbox 2743 2011 2929 2083; x_wconf 76' lang='grc' dir='ltr'>νύμφῃ</span> <span class='ocrx_word' id='word_1_319' title='bbox 2947 2013 3011 2064; x_wconf 85' lang='grc' dir='ltr'><strong>ὲκ</strong></span> <span class='ocrx_word' id='word_1_320' title='bbox 3037 2009 3226 2074; x_wconf 85' lang='grc' dir='ltr'>δεξιῶν</span> <span class='ocrx_word' id='word_1_321' title='bbox 3252 2009 3415 2079; x_wconf 81' lang='grc' dir='ltr'><strong><em>λέγει·</em></strong></span> <span class='ocrx_word' id='word_1_322' title='bbox 3437 2029 3455 2061; x_wconf 85' lang='grc' dir='ltr'><strong><em>ι</em></strong></span> <span class='ocrx_word' id='word_1_323' title='bbox 3475 2009 3662 2073; x_wconf 83' lang='grc' dir='ltr'><strong><em>Δεῦτε,</em></strong></span> 
     </span>
    </p>
   </div>
   <div class='ocr_carea' id='block_1_43' title="bbox 2081 2101 3664 2174">
    <p class='ocr_par' dir='ltr' id='par_1_43' title="bbox 2081 2101 3664 2174">
     <span class='ocr_line' id='line_1_43' title="bbox 2081 2101 3664 2174; baseline -0.003 -16"><span class='ocrx_word' id='word_1_324' title='bbox 2081 2107 2129 2158; x_wconf 79' lang='grc' dir='ltr'>οἱ</span> <span class='ocrx_word' id='word_1_325' title='bbox 2169 2103 2522 2174; x_wconf 79' lang='grc' dir='ltr'><strong><em>εὐλογημένοι</em></strong></span> <span class='ocrx_word' id='word_1_326' title='bbox 2559 2103 2653 2156; x_wconf 76' lang='grc' dir='ltr'>τοῦ</span> <span class='ocrx_word' id='word_1_327' title='bbox 2686 2103 2899 2174; x_wconf 84' lang='grc' dir='ltr'><strong><em>Πατρός</em></strong></span> <span class='ocrx_word' id='word_1_328' title='bbox 2935 2119 3058 2172; x_wconf 88' lang='grc' dir='ltr'>μου,</span> <span class='ocrx_word' id='word_1_329' title='bbox 3092 2101 3537 2172; x_wconf 78' lang='grc' dir='ltr'><strong><em>κληρονομήσατε</em></strong></span> <span class='ocrx_word' id='word_1_330' title='bbox 3560 2101 3664 2172; x_wconf 74' lang='grc' dir='ltr'>τὴν</span> 
     </span>
    </p>
   </div>
   <div class='ocr_carea' id='block_1_44' title="bbox 2081 2193 3658 2265">
    <p class='ocr_par' dir='ltr' id='par_1_44' title="bbox 2081 2193 3658 2265">
     <span class='ocr_line' id='line_1_44' title="bbox 2081 2193 3658 2265; baseline -0.001 -19"><span class='ocrx_word' id='word_1_331' title='bbox 2081 2194 2488 2265; x_wconf 81' lang='grc' dir='ltr'>ἡτοιμασμένην</span> <span class='ocrx_word' id='word_1_332' title='bbox 2504 2195 2533 2246; x_wconf 82' lang='grc' dir='ltr'>ὑ</span> <span class='ocrx_word' id='word_1_333' title='bbox 2543 2196 2632 2264; x_wconf 81' lang='grc' dir='ltr'><strong><em>μῖν</em></strong></span> <span class='ocrx_word' id='word_1_334' title='bbox 2657 2193 2932 2263; x_wconf 86' lang='grc' dir='ltr'>βασιλείαν</span> <span class='ocrx_word' id='word_1_335' title='bbox 2954 2193 3060 2262; x_wconf 82' lang='grc' dir='ltr'>πρὸ</span> <span class='ocrx_word' id='word_1_336' title='bbox 3076 2193 3383 2264; x_wconf 75' lang='grc' dir='ltr'>καταϐολῆς</span> <span class='ocrx_word' id='word_1_337' title='bbox 3399 2194 3622 2263; x_wconf 86' lang='grc' dir='ltr'>κόσμου.</span> <span class='ocrx_word' id='word_1_338' title='bbox 3640 2215 3658 2244; x_wconf 77' lang='grc' dir='ltr'>ι</span> 
     </span>
    </p>
   </div>
   <div class='ocr_carea' id='block_1_45' title="bbox 2082 2283 3663 2354">
    <p class='ocr_par' dir='ltr' id='par_1_45' title="bbox 2082 2283 3663 2354">
     <span class='ocr_line' id='line_1_45' title="bbox 2082 2283 3663 2354; baseline -0.001 -18"><span class='ocrx_word' id='word_1_339' title='bbox 2082 2284 2237 2337; x_wconf 77' lang='grc' dir='ltr'>Οὕτω</span> <span class='ocrx_word' id='word_1_340' title='bbox 2279 2302 2298 2336; x_wconf 81' lang='grc' dir='ltr'><strong><em>ι</em></strong></span> <span class='ocrx_word' id='word_1_341' title='bbox 2327 2287 2419 2337; x_wconf 79' lang='grc' dir='ltr'><strong><em>καὶ</em></strong></span> <span class='ocrx_word' id='word_1_342' title='bbox 2452 2286 2485 2354; x_wconf 85' lang='grc' dir='ltr'>ἡ</span> <span class='ocrx_word' id='word_1_343' title='bbox 2512 2283 2660 2348; x_wconf 87' lang='grc' dir='ltr'>δεξιά</span> <span class='ocrx_word' id='word_1_344' title='bbox 2678 2283 2842 2337; x_wconf 81' lang='grc' dir='ltr'>αὐτοῦ</span> <span class='ocrx_word' id='word_1_345' title='bbox 2870 2283 3232 2354; x_wconf 75' lang='grc' dir='ltr'>περιλήψεταί</span> <span class='ocrx_word' id='word_1_346' title='bbox 3267 2300 3334 2353; x_wconf 88' lang='grc' dir='ltr'>με</span> <span class='ocrx_word' id='word_1_347' title='bbox 3353 2301 3366 2313; x_wconf 93' lang='grc'><strong><em>·</em></strong></span> <span class='ocrx_word' id='word_1_348' title='bbox 3396 2302 3415 2334; x_wconf 72' lang='grc' dir='ltr'>ι</span> <span class='ocrx_word' id='word_1_349' title='bbox 3437 2283 3566 2336; x_wconf 82' lang='grc' dir='ltr'>ὅταν</span> <span class='ocrx_word' id='word_1_350' title='bbox 3595 2301 3663 2354; x_wconf 89' lang='grc' dir='ltr'><strong><em>με</em></strong></span> 
     </span>
    </p>
   </div>
   <div class='ocr_carea' id='block_1_46' title="bbox 2082 2373 3666 2450">
    <p class='ocr_par' dir='ltr' id='par_1_46' title="bbox 2082 2373 3666 2450">
     <span class='ocr_line' id='line_1_46' title="bbox 2082 2373 3666 2450; baseline -0.001 -22"><span class='ocrx_word' id='word_1_351' title='bbox 2082 2378 2257 2450; x_wconf 80' lang='grc' dir='ltr'><strong><em>στήσῃ</em></strong></span> <span class='ocrx_word' id='word_1_352' title='bbox 2280 2378 2344 2429; x_wconf 85' lang='grc' dir='ltr'>ἐκ</span> <span class='ocrx_word' id='word_1_353' title='bbox 2379 2374 2568 2442; x_wconf 78' lang='grc' dir='ltr'>δεξιῶν</span> <span class='ocrx_word' id='word_1_354' title='bbox 2602 2374 2766 2428; x_wconf 76' lang='grc' dir='ltr'>αὑτοῦ</span> <span class='ocrx_word' id='word_1_355' title='bbox 2795 2375 3082 2446; x_wconf 80' lang='grc' dir='ltr'>προϐάτων</span> <span class='ocrx_word' id='word_1_356' title='bbox 3107 2374 3261 2443; x_wconf 84' lang='grc' dir='ltr'>δίκην</span> <span class='ocrx_word' id='word_1_357' title='bbox 3287 2375 3315 2426; x_wconf 90' lang='grc' dir='ltr'>ὁ</span> <span class='ocrx_word' id='word_1_358' title='bbox 3347 2373 3509 2437; x_wconf 85' lang='grc' dir='ltr'>καλὸς</span> <span class='ocrx_word' id='word_1_359' title='bbox 3544 2374 3666 2427; x_wconf 79' lang='lat' dir='ltr'><strong><em>[lct-</em></strong></span> 
     </span>
    </p>
   </div>
   <div class='ocr_carea' id='block_1_47' title="bbox 2084 2463 3426 2539">
    <p class='ocr_par' dir='ltr' id='par_1_47' title="bbox 2084 2463 3426 2539">
     <span class='ocr_line' id='line_1_47' title="bbox 2084 2463 3426 2539; baseline -0.006 -16"><span class='ocrx_word' id='word_1_360' title='bbox 2084 2469 2210 2539; x_wconf 85' lang='grc' dir='ltr'>μὴν.</span> <span class='ocrx_word' id='word_1_361' title='bbox 2247 2469 2326 2530; x_wconf 82' lang='grc' dir='ltr'><strong><em>εἰς</em></strong></span> <span class='ocrx_word' id='word_1_362' title='bbox 2351 2466 2449 2530; x_wconf 82' lang='grc' dir='ltr'><strong><em>τὰς</em></strong></span> <span class='ocrx_word' id='word_1_363' title='bbox 2479 2466 2572 2518; x_wconf 78' lang='grc' dir='ltr'><strong><em>τοῦ</em></strong></span> <span class='ocrx_word' id='word_1_364' title='bbox 2609 2465 2939 2536; x_wconf 82' lang='grc' dir='ltr'><strong><em>παραδείσου</em></strong></span> <span class='ocrx_word' id='word_1_365' title='bbox 2975 2464 3144 2536; x_wconf 78' lang='grc' dir='ltr'>νομάς</span> <span class='ocrx_word' id='word_1_366' title='bbox 3175 2463 3426 2526; x_wconf 77' lang='grc' dir='ltr'>αὑλίζων.</span> 
     </span>
    </p>
   </div>
   <div class='ocr_carea' id='block_1_48' title="bbox 2150 2551 3665 2621">
    <p class='ocr_par' dir='ltr' id='par_1_48' title="bbox 2150 2551 3665 2621">
     <span class='ocr_line' id='line_1_48' title="bbox 2150 2551 3665 2621; baseline -0.001 -15"><span class='ocrx_word' id='word_1_367' title='bbox 2150 2555 2298 2619; x_wconf 70' lang='lat' dir='ltr'><strong><em>MG”.</em></strong></span> <span class='ocrx_word' id='word_1_368' title='bbox 2330 2554 2420 2605; x_wconf 92' lang='grc' dir='ltr'>Στ.</span> <span class='ocrx_word' id='word_1_369' title='bbox 2453 2551 2519 2616; x_wconf 76' lang='grc' dir='ltr'><strong><em>ζ’.</em></strong></span> <span class='ocrx_word' id='word_1_370' title='bbox 2551 2553 2796 2619; x_wconf 81' lang='grc' dir='ltr'>’Ὡρκισα</span> <span class='ocrx_word' id='word_1_371' title='bbox 2831 2551 3009 2621; x_wconf 83' lang='grc' dir='ltr'>ὑμᾶς,</span> <span class='ocrx_word' id='word_1_372' title='bbox 3040 2552 3665 2621; x_wconf 76' lang='grc' dir='ltr'>θυτατέρεςἸερουσα-</span> 
     </span>
    </p>
   </div>
   <div class='ocr_carea' id='block_1_49' title="bbox 405 2637 1981 2713">
    <p class='ocr_par' dir='ltr' id='par_1_49' title="bbox 405 2637 1980 2710">
     <span class='ocr_line' id='line_1_49' title="bbox 405 2637 1980 2710; baseline 0.001 -18"><span class='ocrx_word' id='word_1_373' title='bbox 405 2637 460 2692; x_wconf 85' lang='lat' dir='ltr'><strong><em>in</em></strong></span> <span class='ocrx_word' id='word_1_374' title='bbox 492 2640 772 2693; x_wconf 79' lang='lat' dir='ltr'><strong><em>virtutibus</em></strong></span> <span class='ocrx_word' id='word_1_375' title='bbox 814 2652 861 2692; x_wconf 84' lang='lat' dir='ltr'><strong><em>et</em></strong></span> <span class='ocrx_word' id='word_1_376' title='bbox 894 2641 1090 2694; x_wconf 81' lang='lat' dir='ltr'><strong><em>viribus</em></strong></span> <span class='ocrx_word' id='word_1_377' title='bbox 1136 2642 1251 2709; x_wconf 84' lang='lat' dir='ltr'><strong><em>agri</em></strong></span> <span class='ocrx_word' id='word_1_378' title='bbox 1273 2681 1288 2705; x_wconf 91' lang='lat'><strong><em>,</em></strong></span> <span class='ocrx_word' id='word_1_379' title='bbox 1324 2640 1371 2693; x_wconf 84' lang='lat' dir='ltr'><strong><em>si-</em></strong></span> <span class='ocrx_word' id='word_1_380' title='bbox 1395 2641 1666 2694; x_wconf 75' lang='lat' dir='ltr'><strong><em>suscitetis</em></strong></span> <span class='ocrx_word' id='word_1_381' title='bbox 1691 2651 1738 2694; x_wconf 88' lang='lat' dir='ltr'><strong><em>et</em></strong></span> <span class='ocrx_word' id='word_1_382' title='bbox 1767 2641 1980 2710; x_wconf 82' lang='lat' dir='ltr'><strong><em>vigilare</em></strong></span> 
     </span>
    </p>
   </div>
   <div class='ocr_carea' id='block_1_50' title="bbox 2098 2637 3666 2713">
    <p class='ocr_par' dir='ltr' id='par_1_50' title="bbox 2098 2642 3666 2713">
     <span class='ocr_line' id='line_1_50' title="bbox 2098 2642 3666 2713; baseline 0 -16"><span class='ocrx_word' id='word_1_383' title='bbox 2098 2642 2224 2713; x_wconf 74' lang='grc' dir='ltr'>ῑὴμ,</span> <span class='ocrx_word' id='word_1_384' title='bbox 2249 2645 2319 2697; x_wconf 86' lang='grc' dir='ltr'><strong><em>ἐν</em></strong></span> <span class='ocrx_word' id='word_1_385' title='bbox 2353 2643 2483 2710; x_wconf 83' lang='grc' dir='ltr'>ταῖς</span> <span class='ocrx_word' id='word_1_386' title='bbox 2511 2642 2804 2712; x_wconf 84' lang='grc' dir='ltr'>δυνάμεσι</span> <span class='ocrx_word' id='word_1_387' title='bbox 2846 2643 2943 2697; x_wconf 83' lang='grc' dir='ltr'><strong><em>καὶ</em></strong></span> <span class='ocrx_word' id='word_1_388' title='bbox 2976 2644 3046 2697; x_wconf 74' lang='grc' dir='ltr'><strong><em>ἐν</em></strong></span> <span class='ocrx_word' id='word_1_389' title='bbox 3081 2643 3213 2709; x_wconf 86' lang='grc' dir='ltr'>ταῖς</span> <span class='ocrx_word' id='word_1_390' title='bbox 3236 2644 3346 2713; x_wconf 69' lang='lat'><strong><em>(72)</em></strong></span> <span class='ocrx_word' id='word_1_391' title='bbox 3375 2645 3666 2711; x_wconf 81' lang='grc' dir='ltr'>ισχύσεσι</span> 
     </span>
    </p>
   </div>
   <div class='ocr_carea' id='block_1_51' title="bbox 406 2727 1340 2798">
    <p class='ocr_par' dir='ltr' id='par_1_51' title="bbox 406 2727 1340 2798">
     <span class='ocr_line' id='line_1_51' title="bbox 406 2727 1340 2798; baseline 0.003 -18"><span class='ocrx_word' id='word_1_392' title='bbox 406 2727 624 2798; x_wconf 75' lang='lat' dir='ltr'><strong><em>faciatis</em></strong></span> <span class='ocrx_word' id='word_1_393' title='bbox 649 2729 980 2795; x_wconf 82' lang='lat' dir='ltr'><strong><em>charitatem,</em></strong></span> <span class='ocrx_word' id='word_1_394' title='bbox 1010 2730 1174 2784; x_wconf 82' lang='lat' dir='ltr'><strong><em>donec</em></strong></span> <span class='ocrx_word' id='word_1_395' title='bbox 1203 2729 1340 2784; x_wconf 81' lang='lat' dir='ltr'><strong><em>uelit.</em></strong></span> 
     </span>
    </p>
   </div>
   <div class='ocr_carea' id='block_1_52' title="bbox 476 2904 1978 2973">
    <p class='ocr_par' dir='ltr' id='par_1_52' title="bbox 476 2904 1978 2973">
     <span class='ocr_line' id='line_1_52' title="bbox 476 2904 1978 2973; baseline -0.001 -14"><span class='ocrx_word' id='word_1_396' title='bbox 476 2905 644 2959; x_wconf 85' lang='lat' dir='ltr'><strong><em>Filias</em></strong></span> <span class='ocrx_word' id='word_1_397' title='bbox 681 2904 1012 2959; x_wconf 80' lang='lat' dir='ltr'><strong><em>Hierusalem</em></strong></span> <span class='ocrx_word' id='word_1_398' title='bbox 1047 2913 1202 2958; x_wconf 88' lang='lat' dir='ltr'><strong><em>vocat</em></strong></span> <span class='ocrx_word' id='word_1_399' title='bbox 1242 2904 1454 2959; x_wconf 85' lang='lat' dir='ltr'><strong><em>animas</em></strong></span> <span class='ocrx_word' id='word_1_400' title='bbox 1510 2912 1821 2959; x_wconf 87' lang='lat' dir='ltr'><strong><em>sanctorum</em></strong></span> <span class='ocrx_word' id='word_1_401' title='bbox 1855 2918 1978 2973; x_wconf 87' lang='lat' dir='ltr'><strong><em>pro-</em></strong></span> 
     </span>
    </p>
   </div>
   <div class='ocr_carea' id='block_1_53' title="bbox 2079 2734 3661 2807">
    <p class='ocr_par' dir='ltr' id='par_1_53' title="bbox 2079 2734 3661 2807">
     <span class='ocr_line' id='line_1_53' title="bbox 2079 2734 3661 2807; baseline -0.001 -17"><span class='ocrx_word' id='word_1_402' title='bbox 2079 2736 2184 2790; x_wconf 80' lang='grc' dir='ltr'>τοῦ</span> <span class='ocrx_word' id='word_1_403' title='bbox 2214 2737 2415 2805; x_wconf 81' lang='grc' dir='ltr'>ἀγροῦ·</span> <span class='ocrx_word' id='word_1_404' title='bbox 2442 2736 2553 2790; x_wconf 81' lang='grc' dir='ltr'><strong><em>ἐὰν</em></strong></span> <span class='ocrx_word' id='word_1_405' title='bbox 2572 2737 2836 2806; x_wconf 80' lang='grc' dir='ltr'>ἐγείρητε</span> <span class='ocrx_word' id='word_1_406' title='bbox 2879 2738 2975 2791; x_wconf 76' lang='grc' dir='ltr'><strong><em>καὶ</em></strong></span> <span class='ocrx_word' id='word_1_407' title='bbox 2998 2735 3339 2807; x_wconf 62' lang='lat' dir='ltr'><strong><em>effers/pnes</em></strong></span> <span class='ocrx_word' id='word_1_408' title='bbox 3371 2736 3486 2804; x_wconf 71' lang='grc' dir='ltr'><strong><em>τὴν</em></strong></span> <span class='ocrx_word' id='word_1_409' title='bbox 3511 2734 3661 2805; x_wconf 77' lang='grc' dir='ltr'>ἀγά-</span> 
     </span>
    </p>
   </div>
   <div class='ocr_carea' id='block_1_54' title="bbox 2078 2823 2759 2897">
    <p class='ocr_par' dir='ltr' id='par_1_54' title="bbox 2078 2823 2759 2897">
     <span class='ocr_line' id='line_1_54' title="bbox 2078 2823 2759 2897; baseline -0.001 -17"><span class='ocrx_word' id='word_1_410' title='bbox 2078 2844 2222 2895; x_wconf 83' lang='grc' dir='ltr'>πην,</span> <span class='ocrx_word' id='word_1_411' title='bbox 2260 2827 2372 2891; x_wconf 81' lang='grc' dir='ltr'>ἕως</span> <span class='ocrx_word' id='word_1_412' title='bbox 2403 2823 2475 2882; x_wconf 88' lang='grc' dir='ltr'>οὗ</span> <span class='ocrx_word' id='word_1_413' title='bbox 2507 2827 2759 2897; x_wconf 76' lang='grc' dir='ltr'><strong><em>θελήσῃ.</em></strong></span> 
     </span>
    </p>
   </div>
   <div class='ocr_carea' id='block_1_55' title="bbox 2147 2919 3665 2992">
    <p class='ocr_par' dir='ltr' id='par_1_55' title="bbox 2147 2919 3665 2992">
     <span class='ocr_line' id='line_1_55' title="bbox 2147 2919 3665 2992; baseline -0.001 -19"><span class='ocrx_word' id='word_1_414' title='bbox 2147 2920 2456 2991; x_wconf 81' lang='grc' dir='ltr'>Θυγατέρες</span> <span class='ocrx_word' id='word_1_415' title='bbox 2502 2921 2872 2992; x_wconf 81' lang='grc' dir='ltr'>Ἰερουσαλὴμ,</span> <span class='ocrx_word' id='word_1_416' title='bbox 2931 2922 3031 2983; x_wconf 86' lang='grc' dir='ltr'>τὰς</span> <span class='ocrx_word' id='word_1_417' title='bbox 3075 2920 3251 2990; x_wconf 78' lang='grc' dir='ltr'>ψυχὰς</span> <span class='ocrx_word' id='word_1_418' title='bbox 3318 2919 3426 2972; x_wconf 90' lang='grc' dir='ltr'><strong><em>τῶν</em></strong></span> <span class='ocrx_word' id='word_1_419' title='bbox 3491 2919 3665 2987; x_wconf 81' lang='grc' dir='ltr'>ἁγίων</span> 
     </span>
    </p>
   </div>
   <div class='ocr_carea' id='block_1_56' title="bbox 405 2996 1981 3084">
    <p class='ocr_par' dir='ltr' id='par_1_56' title="bbox 405 2996 1972 3067">
     <span class='ocr_line' id='line_1_56' title="bbox 405 2996 1972 3067; baseline 0.004 -22"><span class='ocrx_word' id='word_1_420' title='bbox 405 2997 688 3065; x_wconf 72' lang='lat' dir='ltr'><strong><em>phetarum</em></strong></span> <span class='ocrx_word' id='word_1_421' title='bbox 710 3008 764 3051; x_wconf 89' lang='lat' dir='ltr'><strong><em>et</em></strong></span> <span class='ocrx_word' id='word_1_422' title='bbox 791 2997 1176 3066; x_wconf 88' lang='lat' dir='ltr'><strong><em>apostolorum.</em></strong></span> <span class='ocrx_word' id='word_1_423' title='bbox 1217 2996 1340 3051; x_wconf 92' lang='lat' dir='ltr'><strong><em>Illas</em></strong></span> <span class='ocrx_word' id='word_1_424' title='bbox 1371 2997 1585 3067; x_wconf 71' lang='lat' dir='ltr'><strong><em>adiurat</em></strong></span> <span class='ocrx_word' id='word_1_425' title='bbox 1616 3012 1712 3066; x_wconf 89' lang='lat' dir='ltr'><strong><em>per</em></strong></span> <span class='ocrx_word' id='word_1_426' title='bbox 1743 2996 1972 3051; x_wconf 82' lang='lat' dir='ltr'><strong><em>virtutes</em></strong></span> 
     </span>
    </p>
   </div>
   <div class='ocr_carea' id='block_1_57' title="bbox 2098 2996 3665 3084">
    <p class='ocr_par' dir='ltr' id='par_1_57' title="bbox 2098 3012 3665 3084">
     <span class='ocr_line' id='line_1_57' title="bbox 2098 3012 3665 3084; baseline -0.002 -19"><span class='ocrx_word' id='word_1_427' title='bbox 2098 3013 2224 3082; x_wconf 52' lang='grc' dir='ltr'>τέγει</span> <span class='ocrx_word' id='word_1_428' title='bbox 2259 3012 2554 3084; x_wconf 80' lang='grc' dir='ltr'><strong><em>προφητῶν</em></strong></span> <span class='ocrx_word' id='word_1_429' title='bbox 2612 3030 2671 3065; x_wconf 91' lang='grc' dir='ltr'><strong><em>τε</em></strong></span> <span class='ocrx_word' id='word_1_430' title='bbox 2715 3013 2811 3066; x_wconf 72' lang='grc' dir='ltr'><strong><em>καὶ</em></strong></span> <span class='ocrx_word' id='word_1_431' title='bbox 2857 3012 3189 3065; x_wconf 83' lang='grc' dir='ltr'>ἀποστόλων·</span> <span class='ocrx_word' id='word_1_432' title='bbox 3217 3012 3428 3074; x_wconf 83' lang='grc' dir='ltr'>ὲκείνας</span> <span class='ocrx_word' id='word_1_433' title='bbox 3458 3012 3516 3063; x_wconf 84' lang='grc' dir='ltr'>ἐν</span> <span class='ocrx_word' id='word_1_434' title='bbox 3543 3015 3665 3075; x_wconf 83' lang='grc' dir='ltr'>ταῖς</span> 
     </span>
    </p>
   </div>
   <div class='ocr_carea' id='block_1_58' title="bbox 405 3086 1981 3176">
    <p class='ocr_par' dir='ltr' id='par_1_58' title="bbox 405 3086 1975 3156">
     <span class='ocr_line' id='line_1_58' title="bbox 405 3086 1975 3156; baseline -0.001 -15"><span class='ocrx_word' id='word_1_435' title='bbox 405 3095 462 3141; x_wconf 86' lang='lat' dir='ltr'><strong><em>et</em></strong></span> <span class='ocrx_word' id='word_1_436' title='bbox 492 3087 636 3140; x_wconf 86' lang='lat' dir='ltr'><strong><em>vires</em></strong></span> <span class='ocrx_word' id='word_1_437' title='bbox 667 3086 780 3152; x_wconf 77' lang='lat' dir='ltr'><strong><em>agri</em></strong></span> <span class='ocrx_word' id='word_1_438' title='bbox 805 3087 1080 3154; x_wconf 89' lang='lat' dir='ltr'><strong><em>(nimirum</em></strong></span> <span class='ocrx_word' id='word_1_439' title='bbox 1117 3101 1212 3156; x_wconf 89' lang='lat' dir='ltr'><strong><em>per</em></strong></span> <span class='ocrx_word' id='word_1_440' title='bbox 1234 3086 1416 3139; x_wconf 80' lang='lat' dir='ltr'><strong><em>divina</em></strong></span> <span class='ocrx_word' id='word_1_441' title='bbox 1460 3086 1742 3152; x_wconf 87' lang='lat' dir='ltr'><strong><em>miracula,</em></strong></span> <span class='ocrx_word' id='word_1_442' title='bbox 1775 3102 1893 3154; x_wconf 78' lang='lat' dir='ltr'><strong><em>qua:</em></strong></span> <span class='ocrx_word' id='word_1_443' title='bbox 1923 3086 1975 3140; x_wconf 91' lang='lat' dir='ltr'><strong><em>in</em></strong></span> 
     </span>
    </p>
   </div>
   <div class='ocr_carea' id='block_1_59' title="bbox 2098 3086 3703 3176">
    <p class='ocr_par' dir='ltr' id='par_1_59' title="bbox 2098 3089 3703 3176">
     <span class='ocr_line' id='line_1_59' title="bbox 2098 3089 3703 3176; baseline -0.001 -18"><span class='ocrx_word' id='word_1_444' title='bbox 2098 3106 2340 3176; x_wconf 74' lang='grc' dir='ltr'>ἰυνάμεσι</span> <span class='ocrx_word' id='word_1_445' title='bbox 2369 3105 2463 3158; x_wconf 76' lang='grc' dir='ltr'><strong><em>καὶ</em></strong></span> <span class='ocrx_word' id='word_1_446' title='bbox 2490 3107 2550 3158; x_wconf 82' lang='grc' dir='ltr'><strong><em>έν</em></strong></span> <span class='ocrx_word' id='word_1_447' title='bbox 2576 3107 2697 3168; x_wconf 86' lang='grc' dir='ltr'>ταῖς</span> <span class='ocrx_word' id='word_1_448' title='bbox 2744 3103 2986 3174; x_wconf 83' lang='grc' dir='ltr'>ίσχύσεσι</span> <span class='ocrx_word' id='word_1_449' title='bbox 3018 3104 3114 3157; x_wconf 83' lang='grc' dir='ltr'>τοῦ</span> <span class='ocrx_word' id='word_1_450' title='bbox 3148 3104 3317 3175; x_wconf 80' lang='grc' dir='ltr'>ἀγροῦ</span> <span class='ocrx_word' id='word_1_451' title='bbox 3344 3103 3550 3173; x_wconf 75' lang='grc' dir='ltr'><strong><em>ὁρκίζει</em></strong></span> <span class='ocrx_word' id='word_1_452' title='bbox 3577 3105 3664 3172; x_wconf 81' lang='grc' dir='ltr'><strong><em>(ὲν</em></strong></span> <span class='ocrx_word' id='word_1_453' title='bbox 3699 3089 3703 3092; x_wconf 33' lang='grc'><em>’</em></span> 
     </span>
    </p>
   </div>
   <div class='ocr_carea' id='block_1_60' title="bbox 405 3156 2049 3249">
    <p class='ocr_par' dir='ltr' id='par_1_60' title="bbox 405 3156 2049 3249">
     <span class='ocr_line' id='line_1_60' title="bbox 405 3156 2049 3249; baseline 0.001 -17"><span class='ocrx_word' id='word_1_454' title='bbox 405 3183 606 3233; x_wconf 90' lang='lat' dir='ltr'><strong><em>mundo</em></strong></span> <span class='ocrx_word' id='word_1_455' title='bbox 662 3178 932 3249; x_wconf 77' lang='lat' dir='ltr'><strong><em>Unigeniti</em></strong></span> <span class='ocrx_word' id='word_1_456' title='bbox 987 3177 1156 3233; x_wconf 89' lang='lat' dir='ltr'><strong><em>virtus</em></strong></span> <span class='ocrx_word' id='word_1_457' title='bbox 1193 3179 1409 3232; x_wconf 88' lang='lat' dir='ltr'><strong><em>edidit:</em></strong></span> <span class='ocrx_word' id='word_1_458' title='bbox 1457 3195 1477 3229; x_wconf 77' lang='grc' dir='ltr'><strong><em>ι</em></strong></span> <span class='ocrx_word' id='word_1_459' title='bbox 1524 3179 1666 3248; x_wconf 79' lang='lat' dir='ltr'><strong><em>Ager</em></strong></span> <span class='ocrx_word' id='word_1_460' title='bbox 1709 3179 1853 3232; x_wconf 89' lang='lat' dir='ltr'><strong><em>enim</em></strong></span> <span class='ocrx_word' id='word_1_461' title='bbox 1897 3156 2049 3234; x_wconf 76' lang='lat' dir='ltr'><strong><em>estC</em></strong></span> 
     </span>
    </p>
   </div>
   <div class='ocr_carea' id='block_1_61' title="bbox 405 3270 1978 3339">
    <p class='ocr_par' dir='ltr' id='par_1_61' title="bbox 405 3270 1978 3339">
     <span class='ocr_line' id='line_1_61' title="bbox 405 3270 1978 3339; baseline -0.001 -14"><span class='ocrx_word' id='word_1_462' title='bbox 405 3271 658 3334; x_wconf 85' lang='lat' dir='ltr'><strong><em>mundus,</em></strong></span> <span class='ocrx_word' id='word_1_463' title='bbox 680 3290 699 3323; x_wconf 75' lang='grc' dir='ltr'>ι</span> <span class='ocrx_word' id='word_1_464' title='bbox 729 3281 784 3324; x_wconf 87' lang='grc' dir='ltr'><strong><em>ιιι</em></strong></span> <span class='ocrx_word' id='word_1_465' title='bbox 809 3272 884 3324; x_wconf 88' lang='lat' dir='ltr'><strong><em>ait</em></strong></span> <span class='ocrx_word' id='word_1_466' title='bbox 909 3272 1267 3339; x_wconf 79' lang='lat' dir='ltr'><strong><em>Dominus&quot;),</em></strong></span> <span class='ocrx_word' id='word_1_467' title='bbox 1300 3271 1617 3325; x_wconf 77' lang='lat' dir='ltr'><strong><em>utexcitent</em></strong></span> <span class='ocrx_word' id='word_1_468' title='bbox 1651 3270 1978 3326; x_wconf 83' lang='lat' dir='ltr'><strong><em>desiderium</em></strong></span> 
     </span>
    </p>
   </div>
   <div class='ocr_carea' id='block_1_62' title="bbox 407 3358 1975 3429">
    <p class='ocr_par' dir='ltr' id='par_1_62' title="bbox 407 3358 1975 3429">
     <span class='ocr_line' id='line_1_62' title="bbox 407 3358 1975 3429; baseline 0.001 -17"><span class='ocrx_word' id='word_1_469' title='bbox 407 3360 588 3428; x_wconf 88' lang='lat' dir='ltr'><strong><em>sponsi</em></strong></span> <span class='ocrx_word' id='word_1_470' title='bbox 630 3375 756 3428; x_wconf 84' lang='lat' dir='ltr'><strong><em>erga</em></strong></span> <span class='ocrx_word' id='word_1_471' title='bbox 789 3361 988 3428; x_wconf 88' lang='lat' dir='ltr'><strong><em>ipsam;</em></strong></span> <span class='ocrx_word' id='word_1_472' title='bbox 1021 3361 1176 3414; x_wconf 91' lang='lat' dir='ltr'><strong><em>modo</em></strong></span> <span class='ocrx_word' id='word_1_473' title='bbox 1218 3375 1314 3428; x_wconf 88' lang='lat' dir='ltr'><strong><em>pro</em></strong></span> <span class='ocrx_word' id='word_1_474' title='bbox 1341 3375 1405 3414; x_wconf 90' lang='lat' dir='ltr'><strong><em>ea</em></strong></span> <span class='ocrx_word' id='word_1_475' title='bbox 1435 3374 1624 3429; x_wconf 89' lang='lat' dir='ltr'><strong><em>preces</em></strong></span> <span class='ocrx_word' id='word_1_476' title='bbox 1653 3358 1975 3422; x_wconf 86' lang='lat' dir='ltr'><strong><em>adhibendo,</em></strong></span> 
     </span>
    </p>
   </div>
   <div class='ocr_carea' id='block_1_63' title="bbox 406 3449 1983 3521">
    <p class='ocr_par' dir='ltr' id='par_1_63' title="bbox 406 3449 1983 3521">
     <span class='ocr_line' id='line_1_63' title="bbox 406 3449 1983 3521; baseline 0.003 -20"><span class='ocrx_word' id='word_1_477' title='bbox 406 3449 587 3514; x_wconf 85' lang='lat' dir='ltr'><strong><em>modo,</em></strong></span> <span class='ocrx_word' id='word_1_478' title='bbox 613 3463 730 3517; x_wconf 68' lang='lat' dir='ltr'><strong><em>qua:</em></strong></span> <span class='ocrx_word' id='word_1_479' title='bbox 757 3449 854 3518; x_wconf 91' lang='lat' dir='ltr'><strong><em>ipsi</em></strong></span> <span class='ocrx_word' id='word_1_480' title='bbox 887 3449 1080 3519; x_wconf 90' lang='lat' dir='ltr'><strong><em>placita</em></strong></span> <span class='ocrx_word' id='word_1_481' title='bbox 1107 3460 1255 3514; x_wconf 88' lang='lat' dir='ltr'><strong><em>sunt,</em></strong></span> <span class='ocrx_word' id='word_1_482' title='bbox 1280 3450 1332 3504; x_wconf 90' lang='lat' dir='ltr'><strong><em>in</em></strong></span> <span class='ocrx_word' id='word_1_483' title='bbox 1361 3465 1423 3504; x_wconf 91' lang='lat' dir='ltr'><strong><em>ea</em></strong></span> <span class='ocrx_word' id='word_1_484' title='bbox 1451 3449 1824 3521; x_wconf 88' lang='lat' dir='ltr'><strong><em>disponendo:</em></strong></span> <span class='ocrx_word' id='word_1_485' title='bbox 1855 3465 1983 3520; x_wconf 81' lang='lat' dir='ltr'><strong><em>pro-</em></strong></span> 
     </span>
    </p>
   </div>
   <div class='ocr_carea' id='block_1_64' title="bbox 405 3541 1529 3611">
    <p class='ocr_par' dir='ltr' id='par_1_64' title="bbox 405 3541 1529 3611">
     <span class='ocr_line' id='line_1_64' title="bbox 405 3541 1529 3611; baseline 0.002 -17"><span class='ocrx_word' id='word_1_486' title='bbox 405 3549 590 3610; x_wconf 88' lang='lat' dir='ltr'><strong><em>pterea</em></strong></span> <span class='ocrx_word' id='word_1_487' title='bbox 617 3550 802 3611; x_wconf 89' lang='lat' dir='ltr'><strong><em>aperte</em></strong></span> <span class='ocrx_word' id='word_1_488' title='bbox 827 3543 1040 3609; x_wconf 86' lang='lat' dir='ltr'><strong><em>subdit,</em></strong></span> <span class='ocrx_word' id='word_1_489' title='bbox 1076 3560 1095 3593; x_wconf 80' lang='grc' dir='ltr'><strong><em>ι</em></strong></span> <span class='ocrx_word' id='word_1_490' title='bbox 1127 3543 1302 3598; x_wconf 88' lang='lat' dir='ltr'><strong><em>donec</em></strong></span> <span class='ocrx_word' id='word_1_491' title='bbox 1324 3541 1473 3600; x_wconf 89' lang='lat' dir='ltr'><strong><em>velit.</em></strong></span> <span class='ocrx_word' id='word_1_492' title='bbox 1507 3561 1529 3596; x_wconf 75' lang='grc' dir='ltr'>ι</span> 
     </span>
    </p>
   </div>
   <div class='ocr_carea' id='block_1_65' title="bbox 484 3820 1575 3895">
    <p class='ocr_par' dir='ltr' id='par_1_65' title="bbox 484 3820 1575 3895">
     <span class='ocr_line' id='line_1_65' title="bbox 484 3820 1575 3895; baseline 0.004 -19"><span class='ocrx_word' id='word_1_493' title='bbox 484 3820 688 3877; x_wconf 82' lang='lat' dir='ltr'><strong><em>XLVII.</em></strong></span> <span class='ocrx_word' id='word_1_494' title='bbox 719 3823 877 3878; x_wconf 74' lang='lat' dir='ltr'><strong><em>Vsus.</em></strong></span> <span class='ocrx_word' id='word_1_495' title='bbox 908 3824 962 3878; x_wconf 92' lang='lat'><strong><em>8.</em></strong></span> <span class='ocrx_word' id='word_1_496' title='bbox 1013 3823 1127 3880; x_wconf 70' lang='lat' dir='ltr'><strong><em>Vox</em></strong></span> <span class='ocrx_word' id='word_1_497' title='bbox 1152 3825 1423 3895; x_wconf 82' lang='lat' dir='ltr'><strong><em>fratruelis</em></strong></span> <span class='ocrx_word' id='word_1_498' title='bbox 1453 3827 1575 3882; x_wconf 89' lang='lat' dir='ltr'><strong><em>mei.</em></strong></span> 
     </span>
    </p>
   </div>
   <div class='ocr_carea' id='block_1_66' title="bbox 477 3911 1978 3990">
    <p class='ocr_par' dir='ltr' id='par_1_66' title="bbox 477 3911 1978 3990">
     <span class='ocr_line' id='line_1_66' title="bbox 477 3911 1978 3990; baseline 0.007 -23"><span class='ocrx_word' id='word_1_499' title='bbox 477 3911 566 3977; x_wconf 88' lang='lat' dir='ltr'><strong><em>Ut,</em></strong></span> <span class='ocrx_word' id='word_1_500' title='bbox 604 3930 724 3983; x_wconf 73' lang='lat' dir='ltr'><strong><em>qute</em></strong></span> <span class='ocrx_word' id='word_1_501' title='bbox 762 3930 863 3967; x_wconf 79' lang='lat' dir='ltr'><strong><em>vox</em></strong></span> <span class='ocrx_word' id='word_1_502' title='bbox 886 3917 1003 3984; x_wconf 90' lang='lat' dir='ltr'><strong><em>ejus</em></strong></span> <span class='ocrx_word' id='word_1_503' title='bbox 1027 3917 1255 3972; x_wconf 87' lang='lat' dir='ltr'><strong><em>voluerit</em></strong></span> <span class='ocrx_word' id='word_1_504' title='bbox 1277 3959 1292 3980; x_wconf 88' lang='lat'><strong><em>,</em></strong></span> <span class='ocrx_word' id='word_1_505' title='bbox 1322 3919 1425 3974; x_wconf 86' lang='lat' dir='ltr'><strong><em>hoc</em></strong></span> <span class='ocrx_word' id='word_1_506' title='bbox 1453 3929 1537 3974; x_wconf 90' lang='lat' dir='ltr'><strong><em>est</em></strong></span> <span class='ocrx_word' id='word_1_507' title='bbox 1569 3935 1688 3989; x_wconf 71' lang='lat' dir='ltr'><strong><em>qua:</em></strong></span> <span class='ocrx_word' id='word_1_508' title='bbox 1723 3918 1978 3990; x_wconf 83' lang='lat' dir='ltr'><strong><em>jusserit,</em></strong></span> 
     </span>
    </p>
   </div>
   <div class='ocr_carea' id='block_1_67' title="bbox 405 4005 1981 4083">
    <p class='ocr_par' dir='ltr' id='par_1_67' title="bbox 405 4005 1981 4083">
     <span class='ocr_line' id='line_1_67' title="bbox 405 4005 1981 4083; baseline 0.006 -24"><span class='ocrx_word' id='word_1_509' title='bbox 405 4005 472 4059; x_wconf 90' lang='lat' dir='ltr'><strong><em>de</em></strong></span> <span class='ocrx_word' id='word_1_510' title='bbox 513 4006 577 4058; x_wconf 91' lang='lat' dir='ltr'><strong><em>iis</em></strong></span> <span class='ocrx_word' id='word_1_511' title='bbox 614 4007 814 4059; x_wconf 84' lang='lat' dir='ltr'><strong><em>certior</em></strong></span> <span class='ocrx_word' id='word_1_512' title='bbox 844 4007 981 4061; x_wconf 81' lang='lat' dir='ltr'><strong><em>facta</em></strong></span> <span class='ocrx_word' id='word_1_513' title='bbox 1008 4047 1024 4071; x_wconf 94' lang='lat'><strong><em>,</em></strong></span> <span class='ocrx_word' id='word_1_514' title='bbox 1061 4009 1383 4064; x_wconf 88' lang='lat' dir='ltr'><strong><em>charitatem</em></strong></span> <span class='ocrx_word' id='word_1_515' title='bbox 1423 4011 1540 4081; x_wconf 84' lang='lat' dir='ltr'><strong><em>ejus</em></strong></span> <span class='ocrx_word' id='word_1_516' title='bbox 1573 4024 1981 4083; x_wconf 85' lang='lat' dir='ltr'><strong><em>consequatur;</em></strong></span> 
     </span>
    </p>
   </div>
   <div class='ocr_carea' id='block_1_68' title="bbox 405 4096 1982 4176">
    <p class='ocr_par' dir='ltr' id='par_1_68' title="bbox 405 4096 1982 4176">
     <span class='ocr_line' id='line_1_68' title="bbox 405 4096 1982 4176; baseline 0.008 -28"><span class='ocrx_word' id='word_1_517' title='bbox 405 4096 857 4166; x_wconf 81' lang='lat' dir='ltr'><strong><em>quemadmodum</em></strong></span> <span class='ocrx_word' id='word_1_518' title='bbox 886 4109 943 4152; x_wconf 92' lang='lat' dir='ltr'><strong><em>et</em></strong></span> <span class='ocrx_word' id='word_1_519' title='bbox 991 4100 1105 4168; x_wconf 87' lang='lat' dir='ltr'><strong><em>ipse</em></strong></span> <span class='ocrx_word' id='word_1_520' title='bbox 1131 4101 1185 4154; x_wconf 91' lang='lat' dir='ltr'><strong><em>in</em></strong></span> <span class='ocrx_word' id='word_1_521' title='bbox 1214 4101 1522 4170; x_wconf 74' lang='lat' dir='ltr'><strong><em>Evangeliis</em></strong></span> <span class='ocrx_word' id='word_1_522' title='bbox 1554 4120 1568 4156; x_wconf 92' lang='lat'>:</span> <span class='ocrx_word' id='word_1_523' title='bbox 1610 4122 1630 4154; x_wconf 78' lang='grc' dir='ltr'><strong><em>ι</em></strong></span> <span class='ocrx_word' id='word_1_524' title='bbox 1671 4105 1771 4171; x_wconf 84' lang='lat' dir='ltr'><strong><em>Qui</em></strong></span> <span class='ocrx_word' id='word_1_525' title='bbox 1807 4105 1982 4176; x_wconf 80' lang='lat' dir='ltr'><strong><em>diligit</em></strong></span> 
     </span>
    </p>
   </div>
   <div class='ocr_carea' id='block_1_69' title="bbox 403 4189 1692 4257">
    <p class='ocr_par' dir='ltr' id='par_1_69' title="bbox 403 4189 1692 4257">
     <span class='ocr_line' id='line_1_69' title="bbox 403 4189 1692 4257; baseline 0.005 -14"><span class='ocrx_word' id='word_1_526' title='bbox 403 4205 513 4252; x_wconf 84' lang='lat' dir='ltr'><strong><em>tne,</em></strong></span> <span class='ocrx_word' id='word_1_527' title='bbox 548 4209 566 4240; x_wconf 71' lang='grc' dir='ltr'>ι</span> <span class='ocrx_word' id='word_1_528' title='bbox 601 4189 792 4257; x_wconf 81' lang='lat' dir='ltr'><strong><em>inquit,</em></strong></span> <span class='ocrx_word' id='word_1_529' title='bbox 830 4209 848 4240; x_wconf 83' lang='grc' dir='ltr'><strong><em>ι</em></strong></span> <span class='ocrx_word' id='word_1_530' title='bbox 886 4193 1138 4244; x_wconf 82' lang='lat' dir='ltr'><strong><em>mandata</em></strong></span> <span class='ocrx_word' id='word_1_531' title='bbox 1165 4211 1280 4247; x_wconf 85' lang='lat' dir='ltr'><strong><em>mea</em></strong></span> <span class='ocrx_word' id='word_1_532' title='bbox 1309 4195 1548 4249; x_wconf 80' lang='lat' dir='ltr'><strong><em>servabit</em></strong></span> <span class='ocrx_word' id='word_1_533' title='bbox 1575 4197 1642 4250; x_wconf 84' lang='lat'><strong><em>”.</em></strong></span> <span class='ocrx_word' id='word_1_534' title='bbox 1674 4217 1692 4250; x_wconf 74' lang='grc' dir='ltr'>ι</span> 
     </span>
    </p>
   </div>
   <div class='ocr_carea' id='block_1_70' title="bbox 485 4280 1978 4360">
    <p class='ocr_par' dir='ltr' id='par_1_70' title="bbox 485 4280 1978 4360">
     <span class='ocr_line' id='line_1_70' title="bbox 485 4280 1978 4360; baseline 0.009 -26"><span class='ocrx_word' id='word_1_535' title='bbox 485 4280 710 4338; x_wconf 79' lang='lat' dir='ltr'><strong><em>XLVIII.</em></strong></span> <span class='ocrx_word' id='word_1_536' title='bbox 770 4281 902 4336; x_wconf 72' lang='lat' dir='ltr'><strong><em>Ecce</em></strong></span> <span class='ocrx_word' id='word_1_537' title='bbox 955 4286 1063 4353; x_wconf 86' lang='lat' dir='ltr'><strong><em>ipse</em></strong></span> <span class='ocrx_word' id='word_1_538' title='bbox 1118 4287 1250 4339; x_wconf 79' lang='lat' dir='ltr'><strong><em>venit</em></strong></span> <span class='ocrx_word' id='word_1_539' title='bbox 1307 4289 1497 4342; x_wconf 83' lang='lat' dir='ltr'><strong><em>saliens</em></strong></span> <span class='ocrx_word' id='word_1_540' title='bbox 1535 4306 1692 4343; x_wconf 86' lang='lat' dir='ltr'><strong><em>suuer</em></strong></span> <span class='ocrx_word' id='word_1_541' title='bbox 1742 4303 1978 4360; x_wconf 81' lang='lat' dir='ltr'><strong><em>montes,</em></strong></span> 
     </span>
    </p>
   </div>
   <div class='ocr_carea' id='block_1_71' title="bbox 402 4374 914 4430">
    <p class='ocr_par' dir='ltr' id='par_1_71' title="bbox 402 4374 914 4430">
     <span class='ocr_line' id='line_1_71' title="bbox 402 4374 914 4430; baseline 0.012 -5"><span class='ocrx_word' id='word_1_542' title='bbox 402 4374 700 4428; x_wconf 80' lang='lat' dir='ltr'><strong><em>transiliens</em></strong></span> <span class='ocrx_word' id='word_1_543' title='bbox 740 4376 914 4430; x_wconf 70' lang='lat' dir='ltr'><strong><em>colles.</em></strong></span> 
     </span>
    </p>
   </div>
   <div class='ocr_carea' id='block_1_72' title="bbox 2081 3190 3662 3266">
    <p class='ocr_par' dir='ltr' id='par_1_72' title="bbox 2081 3190 3662 3266">
     <span class='ocr_line' id='line_1_72' title="bbox 2081 3190 3662 3266; baseline -0.003 -16"><span class='ocrx_word' id='word_1_544' title='bbox 2081 3200 2194 3261; x_wconf 84' lang='grc' dir='ltr'>τοῖς</span> <span class='ocrx_word' id='word_1_545' title='bbox 2226 3196 2586 3266; x_wconf 86' lang='grc' dir='ltr'>θεοσημείοις,</span> <span class='ocrx_word' id='word_1_546' title='bbox 2641 3190 2724 3259; x_wconf 75' lang='grc' dir='ltr'><strong><em>οἷς</em></strong></span> <span class='ocrx_word' id='word_1_547' title='bbox 2773 3195 3028 3264; x_wconf 75' lang='grc' dir='ltr'>ἐποίησεν</span> <span class='ocrx_word' id='word_1_548' title='bbox 3053 3196 3114 3249; x_wconf 80' lang='grc' dir='ltr'>ἐν</span> <span class='ocrx_word' id='word_1_549' title='bbox 3147 3195 3223 3266; x_wconf 84' lang='grc' dir='ltr'>τῷ</span> <span class='ocrx_word' id='word_1_550' title='bbox 3271 3193 3462 3265; x_wconf 82' lang='grc' dir='ltr'>κόσμῳ</span> <span class='ocrx_word' id='word_1_551' title='bbox 3493 3195 3526 3266; x_wconf 83' lang='grc' dir='ltr'>ἡ</span> <span class='ocrx_word' id='word_1_552' title='bbox 3563 3193 3662 3247; x_wconf 77' lang='grc' dir='ltr'>τοῦ</span> 
     </span>
    </p>
   </div>
   <div class='ocr_carea' id='block_1_73' title="bbox 2080 3283 3665 3358">
    <p class='ocr_par' dir='ltr' id='par_1_73' title="bbox 2080 3283 3665 3358">
     <span class='ocr_line' id='line_1_73' title="bbox 2080 3283 3665 3358; baseline -0.003 -15"><span class='ocrx_word' id='word_1_553' title='bbox 2080 3288 2418 3358; x_wconf 78' lang='grc' dir='ltr'>Μονογενοῦς</span> <span class='ocrx_word' id='word_1_554' title='bbox 2461 3287 2719 3358; x_wconf 73' lang='grc' dir='ltr'>δύναμις·</span> <span class='ocrx_word' id='word_1_555' title='bbox 2754 3307 2773 3338; x_wconf 81' lang='grc' dir='ltr'>ι</span> <span class='ocrx_word' id='word_1_556' title='bbox 2813 3286 3008 3356; x_wconf 77' lang='grc' dir='ltr'>Ἀγρὸς</span> <span class='ocrx_word' id='word_1_557' title='bbox 3053 3287 3160 3357; x_wconf 81' lang='grc' dir='ltr'><strong><em>γὰρ</em></strong></span> <span class='ocrx_word' id='word_1_558' title='bbox 3193 3287 3222 3339; x_wconf 83' lang='grc' dir='ltr'><strong>ὁ</strong></span> <span class='ocrx_word' id='word_1_559' title='bbox 3269 3285 3490 3355; x_wconf 78' lang='grc' dir='ltr'>κόσμος,</span> <span class='ocrx_word' id='word_1_560' title='bbox 3516 3303 3534 3336; x_wconf 74' lang='grc' dir='ltr'>ι</span> <span class='ocrx_word' id='word_1_561' title='bbox 3583 3283 3665 3346; x_wconf 80' lang='grc' dir='ltr'>ὥς</span> 
     </span>
    </p>
   </div>
   <div class='ocr_carea' id='block_1_74' title="bbox 2082 3375 3663 3451">
    <p class='ocr_par' dir='ltr' id='par_1_74' title="bbox 2082 3375 3663 3451">
     <span class='ocr_line' id='line_1_74' title="bbox 2082 3375 3663 3451; baseline -0.004 -18"><span class='ocrx_word' id='word_1_562' title='bbox 2082 3398 2245 3451; x_wconf 84' lang='grc' dir='ltr'>φησιν</span> <span class='ocrx_word' id='word_1_563' title='bbox 2287 3381 2315 3432; x_wconf 82' lang='grc' dir='ltr'><strong>ὁ</strong></span> <span class='ocrx_word' id='word_1_564' title='bbox 2343 3379 2592 3451; x_wconf 84' lang='grc' dir='ltr'>Κύριος)·</span> <span class='ocrx_word' id='word_1_565' title='bbox 2629 3379 2717 3432; x_wconf 82' lang='grc' dir='ltr'><strong><em>ἵνα</em></strong></span> <span class='ocrx_word' id='word_1_566' title='bbox 2748 3377 3062 3449; x_wconf 84' lang='grc' dir='ltr'>ὲξεγείρωσι</span> <span class='ocrx_word' id='word_1_567' title='bbox 3086 3377 3179 3430; x_wconf 81' lang='grc' dir='ltr'>τὸν</span> <span class='ocrx_word' id='word_1_568' title='bbox 3209 3375 3372 3429; x_wconf 84' lang='grc' dir='ltr'>πόθον</span> <span class='ocrx_word' id='word_1_569' title='bbox 3399 3375 3492 3428; x_wconf 82' lang='grc' dir='ltr'>τοῦ</span> <span class='ocrx_word' id='word_1_570' title='bbox 3519 3391 3663 3446; x_wconf 86' lang='grc' dir='ltr'>νυμ-</span> 
     </span>
    </p>
   </div>
   <div class='ocr_carea' id='block_1_75' title="bbox 2082 3466 3666 3542">
    <p class='ocr_par' dir='ltr' id='par_1_75' title="bbox 2082 3466 3666 3542">
     <span class='ocr_line' id='line_1_75' title="bbox 2082 3466 3666 3542; baseline -0.004 -18"><span class='ocrx_word' id='word_1_571' title='bbox 2082 3473 2204 3541; x_wconf 88' lang='grc' dir='ltr'>φίου</span> <span class='ocrx_word' id='word_1_572' title='bbox 2258 3472 2395 3542; x_wconf 76' lang='grc' dir='ltr'>πρὸς</span> <span class='ocrx_word' id='word_1_573' title='bbox 2449 3471 2638 3540; x_wconf 81' lang='grc' dir='ltr'>αὑτήν·</span> <span class='ocrx_word' id='word_1_574' title='bbox 2691 3470 2812 3523; x_wconf 80' lang='grc' dir='ltr'>ὁτὲ·</span> <span class='ocrx_word' id='word_1_575' title='bbox 2845 3469 2944 3539; x_wconf 83' lang='grc' dir='ltr'><strong><em>μὲν</em></strong></span> <span class='ocrx_word' id='word_1_576' title='bbox 2995 3467 3286 3540; x_wconf 84' lang='grc' dir='ltr'>πρεσϐείας</span> <span class='ocrx_word' id='word_1_577' title='bbox 3319 3466 3666 3537; x_wconf 76' lang='grc' dir='ltr'>εἰσφέροντες</span> 
     </span>
    </p>
   </div>
   <div class='ocr_carea' id='block_1_76' title="bbox 2083 3558 3666 3634">
    <p class='ocr_par' dir='ltr' id='par_1_76' title="bbox 2083 3558 3666 3634">
     <span class='ocr_line' id='line_1_76' title="bbox 2083 3558 3666 3634; baseline -0.003 -19"><span class='ocrx_word' id='word_1_578' title='bbox 2083 3561 2223 3634; x_wconf 82' lang='grc' dir='ltr'>ὑπὲρ</span> <span class='ocrx_word' id='word_1_579' title='bbox 2277 3562 2465 3632; x_wconf 75' lang='grc' dir='ltr'>αὐτῆς,</span> <span class='ocrx_word' id='word_1_580' title='bbox 2513 3560 2602 3615; x_wconf 82' lang='grc' dir='ltr'><strong><em>ὁτὲ</em></strong></span> <span class='ocrx_word' id='word_1_581' title='bbox 2645 3561 2702 3612; x_wconf 87' lang='grc' dir='ltr'>δὲ</span> <span class='ocrx_word' id='word_1_582' title='bbox 2740 3561 2834 3612; x_wconf 79' lang='grc' dir='ltr'><strong><em>καὶ</em></strong></span> <span class='ocrx_word' id='word_1_583' title='bbox 2869 3559 2938 3613; x_wconf 89' lang='grc' dir='ltr'><strong><em>τά</em></strong></span> <span class='ocrx_word' id='word_1_584' title='bbox 2967 3559 3172 3630; x_wconf 77' lang='grc' dir='ltr'>ἀρεστά</span> <span class='ocrx_word' id='word_1_585' title='bbox 3205 3558 3354 3629; x_wconf 83' lang='grc' dir='ltr'><strong><em>αὐτῷ</em></strong></span> <span class='ocrx_word' id='word_1_586' title='bbox 3406 3558 3542 3630; x_wconf 77' lang='grc' dir='ltr'>πρὸς</span> <span class='ocrx_word' id='word_1_587' title='bbox 3569 3559 3666 3611; x_wconf 82' lang='grc' dir='ltr'><strong><em>αὑ-</em></strong></span> 
     </span>
    </p>
   </div>
   <div class='ocr_carea' id='block_1_77' title="bbox 2081 3645 3661 3727">
    <p class='ocr_par' dir='ltr' id='par_1_77' title="bbox 2081 3645 3661 3727">
     <span class='ocr_line' id='line_1_77' title="bbox 2081 3645 3661 3727; baseline -0.003 -20"><span class='ocrx_word' id='word_1_588' title='bbox 2081 3655 2180 3727; x_wconf 85' lang='grc' dir='ltr'>τὴν</span> <span class='ocrx_word' id='word_1_589' title='bbox 2199 3655 2582 3724; x_wconf 66' lang='grc' dir='ltr'>διατιθέμενοι.</span> <span class='ocrx_word' id='word_1_590' title='bbox 2618 3653 2708 3706; x_wconf 83' lang='grc' dir='ltr'><strong><em>Διὸ</em></strong></span> <span class='ocrx_word' id='word_1_591' title='bbox 2737 3651 2922 3722; x_wconf 88' lang='grc' dir='ltr'>σαφῶς</span> <span class='ocrx_word' id='word_1_592' title='bbox 2948 3651 3208 3722; x_wconf 78' lang='grc' dir='ltr'>ἐπιλέγει·</span> <span class='ocrx_word' id='word_1_593' title='bbox 3239 3671 3258 3704; x_wconf 81' lang='grc' dir='ltr'>ι</span> <span class='ocrx_word' id='word_1_594' title='bbox 3289 3651 3435 3715; x_wconf 85' lang='grc' dir='ltr'>Ἕως</span> <span class='ocrx_word' id='word_1_595' title='bbox 3475 3645 3534 3706; x_wconf 72' lang='grc' dir='ltr'>οὗ</span> <span class='ocrx_word' id='word_1_596' title='bbox 3563 3650 3661 3704; x_wconf 58' lang='grc' dir='ltr'><strong><em>θεκ</em></strong></span> 
     </span>
    </p>
   </div>
   <div class='ocr_carea' id='block_1_78' title="bbox 2082 3747 2306 3820">
    <p class='ocr_par' dir='ltr' id='par_1_78' title="bbox 2082 3747 2306 3820">
     <span class='ocr_line' id='line_1_78' title="bbox 2082 3747 2306 3820; baseline -0.009 -20"><span class='ocrx_word' id='word_1_597' title='bbox 2082 3747 2242 3820; x_wconf 61' lang='lat' dir='ltr'><strong><em>xm.</em></strong></span> <span class='ocrx_word' id='word_1_598' title='bbox 2286 3765 2306 3798; x_wconf 80' lang='grc'><strong><em>.</em></strong></span> 
     </span>
    </p>
   </div>
   <div class='ocr_carea' id='block_1_79' title="bbox 2152 3834 3515 3908">
    <p class='ocr_par' dir='ltr' id='par_1_79' title="bbox 2152 3834 3515 3908">
     <span class='ocr_line' id='line_1_79' title="bbox 2152 3834 3515 3908; baseline -0.003 -17"><span class='ocrx_word' id='word_1_599' title='bbox 2152 3837 2282 3892; x_wconf 89' lang='lat' dir='ltr'><strong><em>MZ&#39;.</em></strong></span> <span class='ocrx_word' id='word_1_600' title='bbox 2317 3837 2412 3890; x_wconf 89' lang='grc' dir='ltr'>Στ.</span> <span class='ocrx_word' id='word_1_601' title='bbox 2446 3842 2516 3908; x_wconf 85' lang='grc' dir='ltr'><strong><em>η’.</em></strong></span> <span class='ocrx_word' id='word_1_602' title='bbox 2547 3835 2718 3904; x_wconf 81' lang='grc' dir='ltr'><strong><em>Φωνὴ</em></strong></span> <span class='ocrx_word' id='word_1_603' title='bbox 2749 3835 2856 3890; x_wconf 86' lang='grc' dir='ltr'>τοῦ</span> <span class='ocrx_word' id='word_1_604' title='bbox 2895 3834 3010 3906; x_wconf 78' lang='grc'><strong><em>(75)</em></strong></span> <span class='ocrx_word' id='word_1_605' title='bbox 3035 3834 3515 3904; x_wconf 62' lang='grc' dir='ltr'>ἀδελφιδοῦμου</span> 
     </span>
    </p>
   </div>
   <div class='ocr_carea' id='block_1_80' title="bbox 2158 3925 3664 4000">
    <p class='ocr_par' dir='ltr' id='par_1_80' title="bbox 2158 3925 3664 4000">
     <span class='ocr_line' id='line_1_80' title="bbox 2158 3925 3664 4000; baseline -0.003 -18"><span class='ocrx_word' id='word_1_606' title='bbox 2158 3929 2299 3993; x_wconf 84' lang='grc' dir='ltr'>Ἵνα,</span> <span class='ocrx_word' id='word_1_607' title='bbox 2334 3927 2477 4000; x_wconf 76' lang='grc' dir='ltr'>ειπερ</span> <span class='ocrx_word' id='word_1_608' title='bbox 2511 3928 2543 3999; x_wconf 82' lang='grc' dir='ltr'>ἡ</span> <span class='ocrx_word' id='word_1_609' title='bbox 2572 3926 2722 3998; x_wconf 79' lang='grc' dir='ltr'>φωνὴ</span> <span class='ocrx_word' id='word_1_610' title='bbox 2751 3925 2915 3980; x_wconf 81' lang='grc' dir='ltr'>αὐτοῦ</span> <span class='ocrx_word' id='word_1_611' title='bbox 2967 3926 3109 3979; x_wconf 86' lang='grc' dir='ltr'>Θέλει</span> <span class='ocrx_word' id='word_1_612' title='bbox 3142 3925 3456 3997; x_wconf 85' lang='grc' dir='ltr'>(τουτέστιν,</span> <span class='ocrx_word' id='word_1_613' title='bbox 3513 3927 3664 3998; x_wconf 77' lang='grc' dir='ltr'>ἅπερ</span> 
     </span>
    </p>
   </div>
   <div class='ocr_carea' id='block_1_81' title="bbox 2083 4017 3663 4093">
    <p class='ocr_par' dir='ltr' id='par_1_81' title="bbox 2083 4017 3663 4093">
     <span class='ocr_line' id='line_1_81' title="bbox 2083 4017 3663 4093; baseline -0.002 -18"><span class='ocrx_word' id='word_1_614' title='bbox 2083 4022 2453 4093; x_wconf 84' lang='grc' dir='ltr'>προστάττει),</span> <span class='ocrx_word' id='word_1_615' title='bbox 2481 4018 2652 4072; x_wconf 79' lang='grc' dir='ltr'>ταῦτα</span> <span class='ocrx_word' id='word_1_616' title='bbox 2680 4017 2947 4089; x_wconf 79' lang='grc' dir='ltr'>μαθοῦσα,</span> <span class='ocrx_word' id='word_1_617' title='bbox 2969 4019 3068 4090; x_wconf 79' lang='grc' dir='ltr'>τῆς</span> <span class='ocrx_word' id='word_1_618' title='bbox 3095 4018 3315 4089; x_wconf 73' lang='grc' dir='ltr'>ἀγάπης</span> <span class='ocrx_word' id='word_1_619' title='bbox 3343 4017 3506 4072; x_wconf 83' lang='grc' dir='ltr'>αὐτοῦ</span> <span class='ocrx_word' id='word_1_620' title='bbox 3538 4019 3663 4072; x_wconf 78' lang='grc' dir='ltr'>ἐπι-</span> 
     </span>
    </p>
   </div>
   <div class='ocr_carea' id='block_1_82' title="bbox 2081 4108 3660 4185">
    <p class='ocr_par' dir='ltr' id='par_1_82' title="bbox 2081 4108 3660 4185">
     <span class='ocr_line' id='line_1_82' title="bbox 2081 4108 3660 4185; baseline -0.001 -19"><span class='ocrx_word' id='word_1_621' title='bbox 2081 4114 2222 4184; x_wconf 74' lang='grc' dir='ltr'><strong><em>τύχῃ</em></strong></span> <span class='ocrx_word' id='word_1_622' title='bbox 2254 4111 2403 4185; x_wconf 20' lang='grc' dir='ltr'><strong><em>θ(74)·</em></strong></span> <span class='ocrx_word' id='word_1_623' title='bbox 2453 4108 2634 4173; x_wconf 82' lang='grc' dir='ltr'><strong>καθὼς</strong></span> <span class='ocrx_word' id='word_1_624' title='bbox 2666 4111 2760 4164; x_wconf 77' lang='grc' dir='ltr'><strong>καὶ</strong></span> <span class='ocrx_word' id='word_1_625' title='bbox 2807 4110 2967 4174; x_wconf 75' lang='grc' dir='ltr'>αὐτὸς</span> <span class='ocrx_word' id='word_1_626' title='bbox 2996 4112 3054 4163; x_wconf 85' lang='grc' dir='ltr'><strong><em>ὲν</em></strong></span> <span class='ocrx_word' id='word_1_627' title='bbox 3091 4111 3442 4180; x_wconf 80' lang='grc' dir='ltr'>Εὐαγγελίοις</span> <span class='ocrx_word' id='word_1_628' title='bbox 3487 4110 3660 4181; x_wconf 87' lang='grc' dir='ltr'>λέγει·</span> 
     </span>
    </p>
   </div>
   <div class='ocr_carea' id='block_1_83' title="bbox 2089 4199 3409 4272">
    <p class='ocr_par' dir='ltr' id='par_1_83' title="bbox 2089 4199 3409 4272">
     <span class='ocr_line' id='line_1_83' title="bbox 2089 4199 3409 4272; baseline -0.002 -16"><span class='ocrx_word' id='word_1_629' title='bbox 2089 4223 2108 4256; x_wconf 80' lang='grc' dir='ltr'><strong><em>ι</em></strong></span> <span class='ocrx_word' id='word_1_630' title='bbox 2153 4205 2212 4256; x_wconf 86' lang='lat'><strong><em>&#39;0</em></strong></span> <span class='ocrx_word' id='word_1_631' title='bbox 2235 4201 2462 4271; x_wconf 84' lang='grc' dir='ltr'>ἀγαπῶν</span> <span class='ocrx_word' id='word_1_632' title='bbox 2497 4219 2564 4272; x_wconf 89' lang='grc' dir='ltr'><strong><em>με</em></strong></span> <span class='ocrx_word' id='word_1_633' title='bbox 2586 4200 2685 4265; x_wconf 82' lang='grc' dir='ltr'><strong><em>τὰς</em></strong></span> <span class='ocrx_word' id='word_1_634' title='bbox 2734 4201 2955 4264; x_wconf 77' lang='grc' dir='ltr'>ἐντολάς</span> <span class='ocrx_word' id='word_1_635' title='bbox 2992 4217 3093 4271; x_wconf 90' lang='grc' dir='ltr'><strong><em>μου</em></strong></span> <span class='ocrx_word' id='word_1_636' title='bbox 3116 4199 3360 4269; x_wconf 77' lang='grc' dir='ltr'>φυλάξει.</span> <span class='ocrx_word' id='word_1_637' title='bbox 3390 4229 3409 4254; x_wconf 77' lang='grc' dir='ltr'><em>ο</em></span> 
     </span>
    </p>
   </div>
   <div class='ocr_carea' id='block_1_84' title="bbox 2145 4289 3662 4361">
    <p class='ocr_par' dir='ltr' id='par_1_84' title="bbox 2145 4289 3662 4361">
     <span class='ocr_line' id='line_1_84' title="bbox 2145 4289 3662 4361; baseline -0.003 -11"><span class='ocrx_word' id='word_1_638' title='bbox 2145 4298 2284 4350; x_wconf 87' lang='lat' dir='ltr'><strong><em>MH&#39;.</em></strong></span> <span class='ocrx_word' id='word_1_639' title='bbox 2317 4294 2474 4349; x_wconf 84' lang='grc' dir='ltr'><strong><em>Ἰδοὺ</em></strong></span> <span class='ocrx_word' id='word_1_640' title='bbox 2503 4289 2683 4359; x_wconf 78' lang='grc' dir='ltr'>οὗτος</span> <span class='ocrx_word' id='word_1_641' title='bbox 2712 4293 2842 4361; x_wconf 80' lang='grc' dir='ltr'><strong><em>ἥκει</em></strong></span> <span class='ocrx_word' id='word_1_642' title='bbox 2876 4291 3085 4361; x_wconf 78' lang='grc' dir='ltr'>πηδῶν</span> <span class='ocrx_word' id='word_1_643' title='bbox 3103 4291 3201 4345; x_wconf 78' lang='grc' dir='ltr'><strong><em>ἐπὶ</em></strong></span> <span class='ocrx_word' id='word_1_644' title='bbox 3234 4293 3306 4346; x_wconf 84' lang='grc' dir='ltr'>τὰ</span> <span class='ocrx_word' id='word_1_645' title='bbox 3335 4292 3463 4360; x_wconf 81' lang='grc' dir='ltr'>ὄρη,</span> <span class='ocrx_word' id='word_1_646' title='bbox 3490 4292 3662 4347; x_wconf 67' lang='grc' dir='ltr'><strong><em>διανι-</em></strong></span> 
     </span>
    </p>
   </div>
   <div class='ocr_carea' id='block_1_85' title="bbox 2096 4385 2943 4458">
    <p class='ocr_par' dir='ltr' id='par_1_85' title="bbox 2096 4385 2943 4458">
     <span class='ocr_line' id='line_1_85' title="bbox 2096 4385 2943 4458; baseline -0.006 -16"><span class='ocrx_word' id='word_1_647' title='bbox 2096 4391 2340 4458; x_wconf 74' lang='grc' dir='ltr'>Ιόμενος</span> <span class='ocrx_word' id='word_1_648' title='bbox 2365 4385 2464 4438; x_wconf 70' lang='grc' dir='ltr'><strong><em>ἐπὶ</em></strong></span> <span class='ocrx_word' id='word_1_649' title='bbox 2486 4385 2627 4451; x_wconf 82' lang='grc' dir='ltr'>τοὺς</span> <span class='ocrx_word' id='word_1_650' title='bbox 2654 4385 2943 4449; x_wconf 78' lang='grc' dir='ltr'>βουνούς.</span> 
     </span>
    </p>
   </div>
   <div class='ocr_carea' id='block_1_86' title="bbox 477 4467 1981 4559">
    <p class='ocr_par' dir='ltr' id='par_1_86' title="bbox 477 4467 1978 4545">
     <span class='ocr_line' id='line_1_86' title="bbox 477 4467 1978 4545; baseline 0.007 -25"><span class='ocrx_word' id='word_1_651' title='bbox 477 4467 614 4520; x_wconf 87' lang='lat' dir='ltr'><strong><em>Salit</em></strong></span> <span class='ocrx_word' id='word_1_652' title='bbox 663 4469 805 4521; x_wconf 86' lang='lat' dir='ltr'><strong><em>enim</em></strong></span> <span class='ocrx_word' id='word_1_653' title='bbox 834 4485 995 4539; x_wconf 87' lang='lat' dir='ltr'><strong><em>super</em></strong></span> <span class='ocrx_word' id='word_1_654' title='bbox 1031 4481 1273 4536; x_wconf 84' lang='lat' dir='ltr'><strong><em>montes,</em></strong></span> <span class='ocrx_word' id='word_1_655' title='bbox 1303 4471 1405 4525; x_wconf 86' lang='lat' dir='ltr'><strong><em>hoc</em></strong></span> <span class='ocrx_word' id='word_1_656' title='bbox 1437 4480 1521 4526; x_wconf 89' lang='lat' dir='ltr'><strong><em>est</em></strong></span> <span class='ocrx_word' id='word_1_657' title='bbox 1549 4489 1711 4542; x_wconf 90' lang='lat' dir='ltr'><strong><em>super</em></strong></span> <span class='ocrx_word' id='word_1_658' title='bbox 1748 4477 1978 4545; x_wconf 83' lang='lat' dir='ltr'><strong><em>prophe-</em></strong></span> 
     </span>
    </p>
   </div>
   <div class='ocr_carea' id='block_1_87' title="bbox 2098 4467 3661 4559">
    <p class='ocr_par' dir='ltr' id='par_1_87' title="bbox 2157 4473 3661 4548">
     <span class='ocr_line' id='line_1_87' title="bbox 2157 4473 3661 4548; baseline -0.003 -17"><span class='ocrx_word' id='word_1_659' title='bbox 2157 4479 2310 4548; x_wconf 76' lang='grc' dir='ltr'><strong><em>Πηδᾷ</em></strong></span> <span class='ocrx_word' id='word_1_660' title='bbox 2335 4477 2442 4548; x_wconf 85' lang='grc' dir='ltr'>γὰρ</span> <span class='ocrx_word' id='word_1_661' title='bbox 2466 4475 2558 4528; x_wconf 68' lang='grc' dir='ltr'><strong><em>ἐπὶ</em></strong></span> <span class='ocrx_word' id='word_1_662' title='bbox 2594 4475 2664 4528; x_wconf 80' lang='grc' dir='ltr'>τὰ</span> <span class='ocrx_word' id='word_1_663' title='bbox 2683 4475 2806 4546; x_wconf 78' lang='grc' dir='ltr'>ὅρη,</span> <span class='ocrx_word' id='word_1_664' title='bbox 2841 4474 3122 4529; x_wconf 79' lang='grc' dir='ltr'>τουτέστιν</span> <span class='ocrx_word' id='word_1_665' title='bbox 3161 4474 3253 4527; x_wconf 72' lang='grc' dir='ltr'><strong><em>ἐπὶ</em></strong></span> <span class='ocrx_word' id='word_1_666' title='bbox 3280 4473 3404 4538; x_wconf 81' lang='grc' dir='ltr'>τοὺς</span> <span class='ocrx_word' id='word_1_667' title='bbox 3449 4475 3661 4546; x_wconf 81' lang='grc' dir='ltr'>προφή-</span> 
     </span>
    </p>
   </div>
   <div class='ocr_carea' id='block_1_88' title="bbox 403 4563 1981 4632">
    <p class='ocr_par' dir='ltr' id='par_1_88' title="bbox 403 4563 1981 4632">
     <span class='ocr_line' id='line_1_88' title="bbox 403 4563 1981 4632; baseline 0.004 -17"><span class='ocrx_word' id='word_1_668' title='bbox 403 4571 528 4616; x_wconf 90' lang='lat' dir='ltr'><strong><em>tas:</em></strong></span> <span class='ocrx_word' id='word_1_669' title='bbox 569 4572 624 4615; x_wconf 91' lang='lat' dir='ltr'><strong><em>ct</em></strong></span> <span class='ocrx_word' id='word_1_670' title='bbox 666 4578 853 4616; x_wconf 88' lang='lat' dir='ltr'><strong><em>rursus</em></strong></span> <span class='ocrx_word' id='word_1_671' title='bbox 915 4563 1037 4617; x_wconf 90' lang='lat' dir='ltr'><strong><em>inde</em></strong></span> <span class='ocrx_word' id='word_1_672' title='bbox 1081 4564 1312 4617; x_wconf 83' lang='lat' dir='ltr'><strong><em>transilit</em></strong></span> <span class='ocrx_word' id='word_1_673' title='bbox 1353 4580 1516 4632; x_wconf 85' lang='lat' dir='ltr'><strong><em>super</em></strong></span> <span class='ocrx_word' id='word_1_674' title='bbox 1563 4565 1765 4631; x_wconf 88' lang='lat' dir='ltr'><strong><em>colles,</em></strong></span> <span class='ocrx_word' id='word_1_675' title='bbox 1803 4568 1854 4622; x_wconf 93' lang='lat' dir='ltr'><strong><em>id</em></strong></span> <span class='ocrx_word' id='word_1_676' title='bbox 1899 4577 1981 4622; x_wconf 89' lang='lat' dir='ltr'><strong><em>est</em></strong></span> 
     </span>
    </p>
   </div>
   <div class='ocr_carea' id='block_1_89' title="bbox 403 4651 1980 4722">
    <p class='ocr_par' dir='ltr' id='par_1_89' title="bbox 403 4651 1980 4722">
     <span class='ocr_line' id='line_1_89' title="bbox 403 4651 1980 4722; baseline 0.005 -18"><span class='ocrx_word' id='word_1_677' title='bbox 403 4651 712 4719; x_wconf 88' lang='lat' dir='ltr'><strong><em>apostolos;</em></strong></span> <span class='ocrx_word' id='word_1_678' title='bbox 752 4667 846 4720; x_wconf 87' lang='lat' dir='ltr'><strong><em>per</em></strong></span> <span class='ocrx_word' id='word_1_679' title='bbox 896 4652 1297 4720; x_wconf 79' lang='lat' dir='ltr'><strong><em>generationem</em></strong></span> <span class='ocrx_word' id='word_1_680' title='bbox 1331 4665 1384 4706; x_wconf 86' lang='lat' dir='ltr'><strong><em>et</em></strong></span> <span class='ocrx_word' id='word_1_681' title='bbox 1431 4654 1833 4722; x_wconf 80' lang='lat' dir='ltr'><strong><em>generationem</em></strong></span> <span class='ocrx_word' id='word_1_682' title='bbox 1887 4673 1980 4712; x_wconf 86' lang='lat' dir='ltr'><strong><em>sa-</em></strong></span> 
     </span>
    </p>
   </div>
   <div class='ocr_carea' id='block_1_90' title="bbox 402 4739 1979 4807">
    <p class='ocr_par' dir='ltr' id='par_1_90' title="bbox 402 4739 1979 4807">
     <span class='ocr_line' id='line_1_90' title="bbox 402 4739 1979 4807; baseline 0.007 -16"><span class='ocrx_word' id='word_1_683' title='bbox 402 4739 604 4807; x_wconf 83' lang='lat' dir='ltr'><strong><em>pientia</em></strong></span> <span class='ocrx_word' id='word_1_684' title='bbox 640 4755 804 4807; x_wconf 89' lang='lat' dir='ltr'><strong><em>super</em></strong></span> <span class='ocrx_word' id='word_1_685' title='bbox 825 4741 1037 4792; x_wconf 88' lang='lat' dir='ltr'><strong><em>animas</em></strong></span> <span class='ocrx_word' id='word_1_686' title='bbox 1077 4752 1292 4794; x_wconf 82' lang='lat' dir='ltr'><strong><em>sanctas</em></strong></span> <span class='ocrx_word' id='word_1_687' title='bbox 1322 4744 1620 4797; x_wconf 78' lang='lat' dir='ltr'><strong><em>ascendens</em></strong></span> <span class='ocrx_word' id='word_1_688' title='bbox 1651 4745 1854 4800; x_wconf 87' lang='lat' dir='ltr'><strong><em>amicos</em></strong></span> <span class='ocrx_word' id='word_1_689' title='bbox 1887 4748 1979 4802; x_wconf 90' lang='lat' dir='ltr'><strong><em>Dei</em></strong></span> 
     </span>
    </p>
   </div>
   <div class='ocr_carea' id='block_1_91' title="bbox 402 4831 1980 4900">
    <p class='ocr_par' dir='ltr' id='par_1_91' title="bbox 402 4831 1980 4900">
     <span class='ocr_line' id='line_1_91' title="bbox 402 4831 1980 4900; baseline 0.006 -16"><span class='ocrx_word' id='word_1_690' title='bbox 402 4831 562 4884; x_wconf 88' lang='lat' dir='ltr'><strong><em>ellicit</em></strong></span> <span class='ocrx_word' id='word_1_691' title='bbox 587 4840 640 4885; x_wconf 90' lang='lat' dir='ltr'><strong><em>et</em></strong></span> <span class='ocrx_word' id='word_1_692' title='bbox 668 4832 979 4900; x_wconf 77' lang='lat' dir='ltr'><strong><em>prophetas.</em></strong></span> <span class='ocrx_word' id='word_1_693' title='bbox 1007 4833 1160 4899; x_wconf 87' lang='lat' dir='ltr'><strong><em>Quod</em></strong></span> <span class='ocrx_word' id='word_1_694' title='bbox 1204 4847 1334 4887; x_wconf 79' lang='lat' dir='ltr'><strong><em>vero</em></strong></span> <span class='ocrx_word' id='word_1_695' title='bbox 1365 4835 1640 4889; x_wconf 88' lang='lat' dir='ltr'><strong><em>montibus</em></strong></span> <span class='ocrx_word' id='word_1_696' title='bbox 1673 4838 1980 4892; x_wconf 70' lang='lat' dir='ltr'><strong><em>assimilen-</em></strong></span> 
     </span>
    </p>
   </div>
   <div class='ocr_carea' id='block_1_92' title="bbox 406 4924 1983 4997">
    <p class='ocr_par' dir='ltr' id='par_1_92' title="bbox 406 4924 1983 4997">
     <span class='ocr_line' id='line_1_92' title="bbox 406 4924 1983 4997; baseline 0.006 -20"><span class='ocrx_word' id='word_1_697' title='bbox 406 4933 492 4977; x_wconf 89' lang='lat' dir='ltr'><strong><em>tur</em></strong></span> <span class='ocrx_word' id='word_1_698' title='bbox 523 4924 799 4992; x_wconf 68' lang='lat' dir='ltr'><strong><em>propheta:</em></strong></span> <span class='ocrx_word' id='word_1_699' title='bbox 822 4965 837 4989; x_wconf 89' lang='lat'><strong><em>,</em></strong></span> <span class='ocrx_word' id='word_1_700' title='bbox 871 4934 926 4980; x_wconf 89' lang='lat' dir='ltr'><strong><em>et</em></strong></span> <span class='ocrx_word' id='word_1_701' title='bbox 961 4924 1189 4993; x_wconf 80' lang='lat' dir='ltr'><strong><em>apostoli</em></strong></span> <span class='ocrx_word' id='word_1_702' title='bbox 1227 4926 1458 4979; x_wconf 82' lang='lat' dir='ltr'><strong><em>collibus</em></strong></span> <span class='ocrx_word' id='word_1_703' title='bbox 1481 4965 1496 4992; x_wconf 98' lang='lat'><strong><em>,</em></strong></span> <span class='ocrx_word' id='word_1_704' title='bbox 1527 4938 1713 4997; x_wconf 83' lang='lat' dir='ltr'><strong><em>aperte</em></strong></span> <span class='ocrx_word' id='word_1_705' title='bbox 1757 4930 1983 4987; x_wconf 86' lang='lat' dir='ltr'><strong><em>habetur</em></strong></span> 
     </span>
    </p>
   </div>
   <div class='ocr_carea' id='block_1_93' title="bbox 412 5013 1979 5092">
    <p class='ocr_par' dir='ltr' id='par_1_93' title="bbox 412 5013 1979 5092">
     <span class='ocr_line' id='line_1_93' title="bbox 412 5013 1979 5092; baseline 0.006 -25"><span class='ocrx_word' id='word_1_706' title='bbox 412 5015 555 5084; x_wconf 89' lang='lat' dir='ltr'><strong><em>apud</em></strong></span> <span class='ocrx_word' id='word_1_707' title='bbox 600 5013 792 5070; x_wconf 89' lang='lat' dir='ltr'><strong><em>Isaiam</em></strong></span> <span class='ocrx_word' id='word_1_708' title='bbox 832 5017 1111 5087; x_wconf 84' lang='lat' dir='ltr'><strong><em>prophetia</em></strong></span> <span class='ocrx_word' id='word_1_709' title='bbox 1134 5017 1181 5049; x_wconf 65' lang='lat'><strong><em>9‘</em></strong></span> <span class='ocrx_word' id='word_1_710' title='bbox 1217 5036 1230 5072; x_wconf 92' lang='lat'><strong>:</strong></span> <span class='ocrx_word' id='word_1_711' title='bbox 1279 5035 1300 5068; x_wconf 74' lang='grc' dir='ltr'>ι</span> <span class='ocrx_word' id='word_1_712' title='bbox 1356 5017 1470 5072; x_wconf 90' lang='lat' dir='ltr'><strong><em>Erit</em></strong></span> <span class='ocrx_word' id='word_1_713' title='bbox 1500 5021 1673 5086; x_wconf 91' lang='lat' dir='ltr'><strong><em>enim,</em></strong></span> <span class='ocrx_word' id='word_1_714' title='bbox 1719 5041 1738 5074; x_wconf 72' lang='grc' dir='ltr'>ι</span> <span class='ocrx_word' id='word_1_715' title='bbox 1774 5023 1979 5092; x_wconf 88' lang='lat' dir='ltr'><strong><em>inquit,</em></strong></span> 
     </span>
    </p>
   </div>
   <div class='ocr_carea' id='block_1_94' title="bbox 475 5129 998 5196">
    <p class='ocr_par' dir='ltr' id='par_1_94' title="bbox 475 5129 998 5196">
     <span class='ocr_line' id='line_1_94' title="bbox 475 5129 998 5196; baseline 0.008 -12"><span class='ocrx_word' id='word_1_716' title='bbox 475 5131 519 5163; x_wconf 80' lang='lat'><strong>&quot;</strong></span> <span class='ocrx_word' id='word_1_717' title='bbox 553 5129 715 5189; x_wconf 84' lang='lat' dir='ltr'><strong><em>Prov.</em></strong></span> <span class='ocrx_word' id='word_1_718' title='bbox 770 5147 855 5196; x_wconf 88' lang='grc' dir='ltr'>ιιι,</span> <span class='ocrx_word' id='word_1_719' title='bbox 911 5133 998 5188; x_wconf 88' lang='grc'>16.</span> 
     </span>
    </p>
   </div>
   <div class='ocr_carea' id='block_1_95' title="bbox 403 5201 771 5265">
    <p class='ocr_par' dir='ltr' id='par_1_95' title="bbox 403 5201 771 5265">
     <span class='ocr_line' id='line_1_95' title="bbox 403 5201 771 5265; baseline 0.005 -10"><span class='ocrx_word' id='word_1_720' title='bbox 403 5204 450 5235; x_wconf 69' lang='grc'><strong><em>’⁸</em></strong></span> <span class='ocrx_word' id='word_1_721' title='bbox 475 5201 578 5256; x_wconf 88' lang='lat' dir='ltr'><strong><em>lsa.</em></strong></span> <span class='ocrx_word' id='word_1_722' title='bbox 615 5205 685 5265; x_wconf 83' lang='lat' dir='ltr'><strong><em>n,’</em></strong></span> <span class='ocrx_word' id='word_1_723' title='bbox 713 5203 771 5257; x_wconf 72' lang='lat'><strong><em>2.</em></strong></span> 
     </span>
    </p>
   </div>
   <div class='ocr_carea' id='block_1_96' title="bbox 478 5294 1978 5369">
    <p class='ocr_par' dir='ltr' id='par_1_96' title="bbox 478 5294 1978 5369">
     <span class='ocr_line' id='line_1_96' title="bbox 478 5294 1978 5369; baseline -0.001 -17"><span class='ocrx_word' id='word_1_724' title='bbox 478 5297 590 5369; x_wconf 87' lang='lat'><strong><em>(68)</em></strong></span> <span class='ocrx_word' id='word_1_725' title='bbox 653 5295 876 5369; x_wconf 69' lang='lat' dir='ltr'><strong><em>Barber.</em></strong></span> <span class='ocrx_word' id='word_1_726' title='bbox 923 5306 981 5369; x_wconf 84' lang='lat' dir='ltr'><strong><em>et</em></strong></span> <span class='ocrx_word' id='word_1_727' title='bbox 1026 5309 1177 5350; x_wconf 90' lang='lat' dir='ltr'><strong><em>meus</em></strong></span> <span class='ocrx_word' id='word_1_728' title='bbox 1209 5295 1524 5369; x_wconf 71' lang='grc' dir='ltr'>ἠγάπησας,</span> <span class='ocrx_word' id='word_1_729' title='bbox 1574 5294 1734 5350; x_wconf 88' lang='lat' dir='ltr'><strong><em>male.</em></strong></span> <span class='ocrx_word' id='word_1_730' title='bbox 1784 5295 1978 5352; x_wconf 85' lang='lat' dir='ltr'><strong><em>Theat.</em></strong></span> 
     </span>
    </p>
   </div>
   <div class='ocr_carea' id='block_1_97' title="bbox 403 5366 1344 5440">
    <p class='ocr_par' dir='ltr' id='par_1_97' title="bbox 403 5366 1344 5440">
     <span class='ocr_line' id='line_1_97' title="bbox 403 5366 1344 5440; baseline -0.003 -18"><span class='ocrx_word' id='word_1_731' title='bbox 403 5366 689 5440; x_wconf 72' lang='grc' dir='ltr'>ἠγάπησα.</span> <span class='ocrx_word' id='word_1_732' title='bbox 721 5366 1077 5440; x_wconf 74' lang='lat' dir='ltr'><strong><em>Scribeudutu</em></strong></span> <span class='ocrx_word' id='word_1_733' title='bbox 1105 5377 1160 5418; x_wconf 89' lang='lat' dir='ltr'><strong><em>ut</em></strong></span> <span class='ocrx_word' id='word_1_734' title='bbox 1180 5368 1344 5419; x_wconf 85' lang='lat' dir='ltr'><strong><em>edidi.</em></strong></span> 
     </span>
    </p>
   </div>
   <div class='ocr_carea' id='block_1_98' title="bbox 479 5436 1977 5508">
    <p class='ocr_par' dir='ltr' id='par_1_98' title="bbox 479 5436 1977 5508">
     <span class='ocr_line' id='line_1_98' title="bbox 479 5436 1977 5508; baseline -0.001 -15"><span class='ocrx_word' id='word_1_735' title='bbox 479 5436 592 5508; x_wconf 76' lang='lat'><strong><em>(69)</em></strong></span> <span class='ocrx_word' id='word_1_736' title='bbox 635 5437 745 5491; x_wconf 89' lang='lat' dir='ltr'><strong><em>Hoc</em></strong></span> <span class='ocrx_word' id='word_1_737' title='bbox 773 5449 853 5491; x_wconf 72' lang='grc' dir='ltr'>εει</span> <span class='ocrx_word' id='word_1_738' title='bbox 879 5455 897 5485; x_wconf 75' lang='grc' dir='ltr'>ι</span> <span class='ocrx_word' id='word_1_739' title='bbox 917 5451 1010 5508; x_wconf 82' lang='lat' dir='ltr'><strong><em>per</em></strong></span> <span class='ocrx_word' id='word_1_740' title='bbox 1036 5436 1176 5490; x_wconf 90' lang='lat' dir='ltr'><strong><em>latus</em></strong></span> <span class='ocrx_word' id='word_1_741' title='bbox 1202 5449 1494 5508; x_wconf 84' lang='lat' dir='ltr'><strong><em>martyrum</em></strong></span> <span class='ocrx_word' id='word_1_742' title='bbox 1520 5441 1759 5492; x_wconf 88' lang='lat' dir='ltr'><strong><em>sauciata</em></strong></span> <span class='ocrx_word' id='word_1_743' title='bbox 1790 5452 1932 5491; x_wconf 91' lang='lat' dir='ltr'><strong><em>sum.</em></strong></span> <span class='ocrx_word' id='word_1_744' title='bbox 1957 5456 1977 5490; x_wconf 74' lang='grc' dir='ltr'>ι</span> 
     </span>
    </p>
   </div>
   <div class='ocr_carea' id='block_1_99' title="bbox 478 5506 1053 5581">
    <p class='ocr_par' dir='ltr' id='par_1_99' title="bbox 478 5506 1053 5581">
     <span class='ocr_line' id='line_1_99' title="bbox 478 5506 1053 5581; baseline -0.002 -19"><span class='ocrx_word' id='word_1_745' title='bbox 478 5506 593 5581; x_wconf 82' lang='lat'><strong><em>(70)</em></strong></span> <span class='ocrx_word' id='word_1_746' title='bbox 636 5509 844 5581; x_wconf 57' lang='lat' dir='ltr'><strong><em>Vallia.</em></strong></span> <span class='ocrx_word' id='word_1_747' title='bbox 860 5506 1053 5561; x_wconf 86' lang='grc' dir='ltr'>αἰῶνα.</span> 
     </span>
    </p>
   </div>
   <div class='ocr_carea' id='block_1_100' title="bbox 480 5576 1980 5651">
    <p class='ocr_par' dir='ltr' id='par_1_100' title="bbox 480 5576 1980 5651">
     <span class='ocr_line' id='line_1_100' title="bbox 480 5576 1980 5651; baseline -0.001 -19"><span class='ocrx_word' id='word_1_748' title='bbox 480 5576 594 5651; x_wconf 80' lang='grc'>(71)</span> <span class='ocrx_word' id='word_1_749' title='bbox 639 5579 990 5651; x_wconf 66' lang='lat' dir='ltr'><strong><em>Perturbatus</em></strong></span> <span class='ocrx_word' id='word_1_750' title='bbox 1030 5576 1251 5651; x_wconf 54' lang='lat' dir='ltr'><strong><em>videtur</em></strong></span> <span class='ocrx_word' id='word_1_751' title='bbox 1303 5576 1391 5630; x_wconf 84' lang='lat' dir='ltr'><strong><em>hic</em></strong></span> <span class='ocrx_word' id='word_1_752' title='bbox 1433 5578 1611 5651; x_wconf 70' lang='lat' dir='ltr'><strong><em>locus.</em></strong></span> <span class='ocrx_word' id='word_1_753' title='bbox 1665 5576 1980 5651; x_wconf 59' lang='lat' dir='ltr'><strong><em>Lageiiduni</em></strong></span> 
     </span>
    </p>
   </div>
   <div class='ocr_carea' id='block_1_101' title="bbox 407 5646 1981 5720">
    <p class='ocr_par' dir='ltr' id='par_1_101' title="bbox 407 5646 1981 5720">
     <span class='ocr_line' id='line_1_101' title="bbox 407 5646 1981 5720; baseline -0.001 -17"><span class='ocrx_word' id='word_1_754' title='bbox 407 5646 655 5720; x_wconf 78' lang='lat' dir='ltr'><strong><em>putarem</em></strong></span> <span class='ocrx_word' id='word_1_755' title='bbox 684 5666 697 5701; x_wconf 93' lang='lat'><strong>:</strong></span> <span class='ocrx_word' id='word_1_756' title='bbox 755 5647 864 5720; x_wconf 68' lang='grc' dir='ltr'><strong><em>Καὶ</em></strong></span> <span class='ocrx_word' id='word_1_757' title='bbox 909 5647 1064 5720; x_wconf 73' lang='grc' dir='ltr'><strong><em>ὲντῷ</em></strong></span> <span class='ocrx_word' id='word_1_758' title='bbox 1098 5646 1546 5720; x_wconf 38' lang='grc' dir='ltr'>μέλλοντι-αἰῶνι</span> <span class='ocrx_word' id='word_1_759' title='bbox 1571 5647 1794 5720; x_wconf 68' lang='grc' dir='ltr'>,μῆκος</span> <span class='ocrx_word' id='word_1_760' title='bbox 1827 5647 1944 5720; x_wconf 81' lang='grc' dir='ltr'>βίου</span> <span class='ocrx_word' id='word_1_761' title='bbox 1967 5687 1981 5702; x_wconf 88' lang='grc'><strong><em>.</em></strong></span> 
     </span>
    </p>
   </div>
   <div class='ocr_carea' id='block_1_102' title="bbox 408 5717 1718 5844">
    <p class='ocr_par' dir='ltr' id='par_1_102' title="bbox 408 5717 1718 5844">
     <span class='ocr_line' id='line_1_102' title="bbox 408 5717 1718 5790; baseline -0.004 -17"><span class='ocrx_word' id='word_1_762' title='bbox 408 5717 536 5783; x_wconf 76' lang='grc' dir='ltr'>τοὺς</span> <span class='ocrx_word' id='word_1_763' title='bbox 589 5735 700 5790; x_wconf 84' lang='grc' dir='ltr'>μακ</span> <span class='ocrx_word' id='word_1_764' title='bbox 739 5718 830 5780; x_wconf 76' lang='grc' dir='ltr'>οὺς</span> <span class='ocrx_word' id='word_1_765' title='bbox 887 5717 1092 5780; x_wconf 80' lang='grc' dir='ltr'>αἰῶνας</span> <span class='ocrx_word' id='word_1_766' title='bbox 1131 5719 1188 5770; x_wconf 80' lang='grc' dir='ltr'><strong><em>ὲν</em></strong></span> <span class='ocrx_word' id='word_1_767' title='bbox 1237 5721 1304 5787; x_wconf 75' lang='grc' dir='ltr'><strong><em>τῇ</em></strong></span> <span class='ocrx_word' id='word_1_768' title='bbox 1350 5718 1498 5788; x_wconf 74' lang='grc' dir='ltr'>δεξιᾷ</span> <span class='ocrx_word' id='word_1_769' title='bbox 1549 5718 1718 5786; x_wconf 79' lang='grc' dir='ltr'>αὐτῆς</span> 
     </span>
     <span class='ocr_line' id='line_1_103' title="bbox 409 5735 1718 5844; baseline 0 0"><span class='ocrx_word' id='word_1_770' title='bbox 409 5789 643 5844; x_wconf 75' lang='grc' dir='ltr'>ενουσα.</span> <span class='ocrx_word' id='word_1_771' title='bbox 669 5735 738 5844; x_wconf 49' lang='grc' dir='ltr'><strong><em>τά</em></strong></span> <span class='ocrx_word' id='word_1_772' title='bbox 781 5787 1157 5844; x_wconf 74' lang='grc' dir='ltr'>εὐφραντήρια</span> <span class='ocrx_word' id='word_1_773' title='bbox 1185 5787 1291 5842; x_wconf 86' lang='grc' dir='ltr'><strong><em>τῶν</em></strong></span> <span class='ocrx_word' id='word_1_774' title='bbox 1337 5788 1506 5844; x_wconf 81' lang='grc' dir='ltr'>ἁγίων</span> <span class='ocrx_word' id='word_1_775' title='bbox 1554 5789 1718 5844; x_wconf 62' lang='lat' dir='ltr'><strong><em>suam</em></strong></span> 
     </span>
    </p>
   </div>
   <div class='ocr_carea' id='block_1_103' title="bbox 409 5789 702 5865">
    <p class='ocr_par' dir='ltr' id='par_1_103' title="bbox 409 5789 702 5865">
     <span class='ocr_line' id='line_1_104' title="bbox 409 5789 702 5865; baseline -0.007 -19"><span class='ocrx_word' id='word_1_776' title='bbox 409 5789 609 5865; x_wconf 62' lang='grc' dir='ltr'>ἔχουσα</span> <span class='ocrx_word' id='word_1_777' title='bbox 627 5829 643 5857; x_wconf 86' lang='grc'><strong><em>,</em></strong></span> <span class='ocrx_word' id='word_1_778' title='bbox 669 5805 702 5844; x_wconf 80' lang='grc' dir='ltr'><strong><em>τ</em></strong></span> 
     </span>
    </p>
   </div>
   <div class='ocr_carea' id='block_1_104' title="bbox 1109 5134 1718 5201">
    <p class='ocr_par' dir='ltr' id='par_1_104' title="bbox 1109 5134 1718 5201">
     <span class='ocr_line' id='line_1_105' title="bbox 1109 5134 1718 5201; baseline 0.003 -13"><span class='ocrx_word' id='word_1_779' title='bbox 1109 5134 1155 5165; x_wconf 84' lang='grc'>⁹⁰</span> <span class='ocrx_word' id='word_1_780' title='bbox 1185 5134 1327 5188; x_wconf 83' lang='lat' dir='ltr'><strong><em>Psal.</em></strong></span> <span class='ocrx_word' id='word_1_781' title='bbox 1364 5150 1593 5201; x_wconf 75' lang='lat' dir='ltr'><strong><em>Luxni,</em></strong></span> <span class='ocrx_word' id='word_1_782' title='bbox 1631 5135 1718 5190; x_wconf 78' lang='grc'><strong><em>15.</em></strong></span> 
     </span>
    </p>
   </div>
   <div class='ocr_carea' id='block_1_105' title="bbox 1819 5139 2375 5207">
    <p class='ocr_par' dir='ltr' id='par_1_105' title="bbox 1819 5139 2375 5207">
     <span class='ocr_line' id='line_1_106' title="bbox 1819 5139 2375 5207; baseline 0.007 -16"><span class='ocrx_word' id='word_1_783' title='bbox 1819 5139 1862 5172; x_wconf 85' lang='grc'><strong><em>⁹¹</em></strong></span> <span class='ocrx_word' id='word_1_784' title='bbox 1896 5139 2080 5197; x_wconf 83' lang='lat' dir='ltr'><strong><em>Matth.</em></strong></span> <span class='ocrx_word' id='word_1_785' title='bbox 2114 5159 2241 5207; x_wconf 75' lang='lat' dir='ltr'><strong><em>xxv,</em></strong></span> <span class='ocrx_word' id='word_1_786' title='bbox 2286 5141 2375 5196; x_wconf 64' lang='grc'><strong><em>54.</em></strong></span> 
     </span>
    </p>
   </div>
   <div class='ocr_carea' id='block_1_106' title="bbox 2075 4565 3661 4635">
    <p class='ocr_par' dir='ltr' id='par_1_106' title="bbox 2075 4565 3661 4635">
     <span class='ocr_line' id='line_1_107' title="bbox 2075 4565 3661 4635; baseline -0.003 -11"><span class='ocrx_word' id='word_1_787' title='bbox 2075 4589 2198 4635; x_wconf 85' lang='grc' dir='ltr'>τας·</span> <span class='ocrx_word' id='word_1_788' title='bbox 2241 4570 2335 4622; x_wconf 73' lang='grc' dir='ltr'><strong><em>καὶ</em></strong></span> <span class='ocrx_word' id='word_1_789' title='bbox 2379 4568 2540 4621; x_wconf 86' lang='grc' dir='ltr'>πάλιν</span> <span class='ocrx_word' id='word_1_790' title='bbox 2583 4566 2793 4620; x_wconf 75' lang='grc' dir='ltr'>ἐκεῖθεν</span> <span class='ocrx_word' id='word_1_791' title='bbox 2840 4565 3059 4620; x_wconf 76' lang='grc' dir='ltr'>ἅλλεται</span> <span class='ocrx_word' id='word_1_792' title='bbox 3117 4567 3210 4619; x_wconf 75' lang='grc' dir='ltr'><strong><em>ἐπὶ</em></strong></span> <span class='ocrx_word' id='word_1_793' title='bbox 3248 4568 3373 4630; x_wconf 83' lang='grc' dir='ltr'>τοὺς</span> <span class='ocrx_word' id='word_1_794' title='bbox 3418 4566 3661 4635; x_wconf 83' lang='grc' dir='ltr'>βουνοὺς.</span> 
     </span>
    </p>
   </div>
   <div class='ocr_carea' id='block_1_107' title="bbox 2077 4657 3658 4735">
    <p class='ocr_par' dir='ltr' id='par_1_107' title="bbox 2077 4657 3658 4735">
     <span class='ocr_line' id='line_1_108' title="bbox 2077 4657 3658 4735; baseline -0.006 -15"><span class='ocrx_word' id='word_1_795' title='bbox 2077 4667 2215 4735; x_wconf 83' lang='grc' dir='ltr'>ὅπερ</span> <span class='ocrx_word' id='word_1_796' title='bbox 2249 4661 2395 4714; x_wconf 71' lang='grc' dir='ltr'>ἐστὶν</span> <span class='ocrx_word' id='word_1_797' title='bbox 2421 4660 2513 4712; x_wconf 75' lang='grc' dir='ltr'><strong><em>ἐπὶ</em></strong></span> <span class='ocrx_word' id='word_1_798' title='bbox 2562 4660 2687 4722; x_wconf 83' lang='grc' dir='ltr'>τοὺς</span> <span class='ocrx_word' id='word_1_799' title='bbox 2726 4658 3078 4721; x_wconf 82' lang='grc' dir='ltr'>ἀποστόλους.</span> <span class='ocrx_word' id='word_1_800' title='bbox 3109 4657 3267 4712; x_wconf 78' lang='grc' dir='ltr'>Κατὰ</span> <span class='ocrx_word' id='word_1_801' title='bbox 3310 4658 3504 4726; x_wconf 83' lang='grc' dir='ltr'>γενεὰν</span> <span class='ocrx_word' id='word_1_802' title='bbox 3551 4657 3658 4731; x_wconf 58' lang='grc' dir='ltr'>γὰρ</span> 
     </span>
    </p>
   </div>
   <div class='ocr_carea' id='block_1_108' title="bbox 2078 4748 3638 4823">
    <p class='ocr_par' dir='ltr' id='par_1_108' title="bbox 2078 4748 3638 4823">
     <span class='ocr_line' id='line_1_109' title="bbox 2078 4748 3638 4823; baseline -0.004 -13"><span class='ocrx_word' id='word_1_803' title='bbox 2078 4758 2173 4810; x_wconf 72' lang='grc' dir='ltr'><strong><em>καὶ</em></strong></span> <span class='ocrx_word' id='word_1_804' title='bbox 2202 4752 2395 4823; x_wconf 80' lang='grc' dir='ltr'>γενεὰν</span> <span class='ocrx_word' id='word_1_805' title='bbox 2417 4754 2449 4821; x_wconf 80' lang='grc' dir='ltr'>ἡ</span> <span class='ocrx_word' id='word_1_806' title='bbox 2472 4750 2633 4819; x_wconf 88' lang='grc' dir='ltr'>σοφία</span> <span class='ocrx_word' id='word_1_807' title='bbox 2656 4751 2736 4812; x_wconf 80' lang='grc' dir='ltr'><strong><em>εἰς</em></strong></span> <span class='ocrx_word' id='word_1_808' title='bbox 2764 4748 2942 4818; x_wconf 80' lang='grc' dir='ltr'>ψυχὰς</span> <span class='ocrx_word' id='word_1_809' title='bbox 2975 4749 3129 4812; x_wconf 80' lang='grc' dir='ltr'>ὁσίας</span> <span class='ocrx_word' id='word_1_810' title='bbox 3153 4749 3544 4814; x_wconf 84' lang='grc' dir='ltr'>ἀναϐαίνουσα,</span> <span class='ocrx_word' id='word_1_811' title='bbox 3577 4751 3638 4820; x_wconf 88' lang='grc' dir='ltr'><strong><em>φί</em></strong></span> 
     </span>
    </p>
   </div>
   <div class='ocr_carea' id='block_1_109' title="bbox 2077 4840 3637 4912">
    <p class='ocr_par' dir='ltr' id='par_1_109' title="bbox 2077 4840 3637 4912">
     <span class='ocr_line' id='line_1_110' title="bbox 2077 4840 3637 4912; baseline -0.003 -12"><span class='ocrx_word' id='word_1_812' title='bbox 2077 4849 2202 4910; x_wconf 88' lang='grc' dir='ltr'>λους</span> <span class='ocrx_word' id='word_1_813' title='bbox 2229 4844 2362 4898; x_wconf 86' lang='grc' dir='ltr'><strong><em>Θεοῦ</em></strong></span> <span class='ocrx_word' id='word_1_814' title='bbox 2391 4843 2485 4897; x_wconf 76' lang='grc' dir='ltr'><strong><em>καὶ</em></strong></span> <span class='ocrx_word' id='word_1_815' title='bbox 2510 4842 2793 4911; x_wconf 84' lang='grc' dir='ltr'>προφήτας</span> <span class='ocrx_word' id='word_1_816' title='bbox 2815 4840 3234 4904; x_wconf 75' lang='grc' dir='ltr'>κατασκευάζει.</span> <span class='ocrx_word' id='word_1_817' title='bbox 3259 4841 3379 4895; x_wconf 77' lang='grc' dir='ltr'>Ὀτι</span> <span class='ocrx_word' id='word_1_818' title='bbox 3409 4841 3516 4912; x_wconf 81' lang='grc' dir='ltr'>γὰρ</span> <span class='ocrx_word' id='word_1_819' title='bbox 3543 4842 3637 4912; x_wconf 77' lang='grc' dir='ltr'><strong><em>ὖρε</em></strong></span> 
     </span>
    </p>
   </div>
   <div class='ocr_carea' id='block_1_110' title="bbox 2079 4931 3662 5002">
    <p class='ocr_par' dir='ltr' id='par_1_110' title="bbox 2079 4931 3662 5002">
     <span class='ocr_line' id='line_1_111' title="bbox 2079 4931 3662 5002; baseline -0.004 -10"><span class='ocrx_word' id='word_1_820' title='bbox 2079 4957 2162 4992; x_wconf 88' lang='grc' dir='ltr'><strong><em>σιν</em></strong></span> <span class='ocrx_word' id='word_1_821' title='bbox 2190 4933 2574 4998; x_wconf 80' lang='grc' dir='ltr'>ἀπεικάζονται</span> <span class='ocrx_word' id='word_1_822' title='bbox 2590 4934 2637 4984; x_wconf 82' lang='grc' dir='ltr'>οἱ</span> <span class='ocrx_word' id='word_1_823' title='bbox 2658 4932 2954 5002; x_wconf 86' lang='grc' dir='ltr'>προφῆται,</span> <span class='ocrx_word' id='word_1_824' title='bbox 2983 4931 3079 4984; x_wconf 75' lang='grc' dir='ltr'><strong><em>καὶ</em></strong></span> <span class='ocrx_word' id='word_1_825' title='bbox 3104 4931 3314 5002; x_wconf 83' lang='grc' dir='ltr'>βουνοῖς</span> <span class='ocrx_word' id='word_1_826' title='bbox 3341 4935 3392 4985; x_wconf 77' lang='lat' dir='ltr'><strong><em>ot</em></strong></span> <span class='ocrx_word' id='word_1_827' title='bbox 3429 4935 3662 4986; x_wconf 86' lang='grc' dir='ltr'>ἀπόστο-</span> 
     </span>
    </p>
   </div>
   <div class='ocr_carea' id='block_1_111' title="bbox 2078 5023 3662 5097">
    <p class='ocr_par' dir='ltr' id='par_1_111' title="bbox 2078 5023 3662 5097">
     <span class='ocr_line' id='line_1_112' title="bbox 2078 5023 3662 5097; baseline -0.002 -14"><span class='ocrx_word' id='word_1_828' title='bbox 2078 5030 2178 5094; x_wconf 84' lang='grc' dir='ltr'>λοι,</span> <span class='ocrx_word' id='word_1_829' title='bbox 2217 5028 2401 5097; x_wconf 80' lang='grc' dir='ltr'>σαφῶς</span> <span class='ocrx_word' id='word_1_830' title='bbox 2438 5026 2496 5078; x_wconf 82' lang='grc' dir='ltr'><strong><em>ὲν</em></strong></span> <span class='ocrx_word' id='word_1_831' title='bbox 2542 5023 2738 5094; x_wconf 71' lang='grc' dir='ltr'>Ἡσαΐᾳ.</span> <span class='ocrx_word' id='word_1_832' title='bbox 2777 5025 2953 5076; x_wconf 83' lang='grc' dir='ltr'>κεῖται</span> <span class='ocrx_word' id='word_1_833' title='bbox 2983 5026 3019 5094; x_wconf 79' lang='grc' dir='ltr'>ἡ</span> <span class='ocrx_word' id='word_1_834' title='bbox 3058 5025 3384 5096; x_wconf 84' lang='grc' dir='ltr'>προφητεία.</span> <span class='ocrx_word' id='word_1_835' title='bbox 3414 5043 3434 5076; x_wconf 81' lang='grc' dir='ltr'>ι</span> <span class='ocrx_word' id='word_1_836' title='bbox 3467 5026 3662 5080; x_wconf 82' lang='grc' dir='ltr'>Ἔσται</span> 
     </span>
    </p>
   </div>
   <div class='ocr_carea' id='block_1_112' title="bbox 2475 5135 3659 5205">
    <p class='ocr_par' dir='ltr' id='par_1_112' title="bbox 2475 5135 3659 5205">
     <span class='ocr_line' id='line_1_113' title="bbox 2475 5135 3659 5205; baseline 0.003 -13"><span class='ocrx_word' id='word_1_837' title='bbox 2475 5139 2522 5172; x_wconf 74' lang='grc'><strong><em>’³</em></strong></span> <span class='ocrx_word' id='word_1_838' title='bbox 2550 5136 2740 5192; x_wconf 83' lang='lat' dir='ltr'><strong><em>Matth.</em></strong></span> <span class='ocrx_word' id='word_1_839' title='bbox 2793 5150 2915 5205; x_wconf 81' lang='lat' dir='ltr'><strong><em>xm,</em></strong></span> <span class='ocrx_word' id='word_1_840' title='bbox 2941 5137 3030 5195; x_wconf 76' lang='lat'><strong><em>58.</em></strong></span> <span class='ocrx_word' id='word_1_841' title='bbox 3137 5137 3184 5172; x_wconf 81' lang='lat'><strong>”</strong></span> <span class='ocrx_word' id='word_1_842' title='bbox 3216 5135 3376 5194; x_wconf 77' lang='lat' dir='ltr'><strong><em>Joan.</em></strong></span> <span class='ocrx_word' id='word_1_843' title='bbox 3409 5154 3532 5205; x_wconf 75' lang='lat' dir='ltr'><strong><em>xw,</em></strong></span> <span class='ocrx_word' id='word_1_844' title='bbox 3568 5139 3659 5196; x_wconf 85' lang='grc'>15.</span> 
     </span>
    </p>
   </div>
   <div class='ocr_carea' id='block_1_113' title="bbox 2085 5296 3660 5383">
    <p class='ocr_par' dir='ltr' id='par_1_113' title="bbox 2085 5296 3660 5383">
     <span class='ocr_line' id='line_1_114' title="bbox 2085 5296 3660 5383; baseline 0.004 -29"><span class='ocrx_word' id='word_1_845' title='bbox 2085 5303 2345 5383; x_wconf 77' lang='grc' dir='ltr'>παρέχει,</span> <span class='ocrx_word' id='word_1_846' title='bbox 2375 5303 2439 5354; x_wconf 81' lang='grc' dir='ltr'>ὲν</span> <span class='ocrx_word' id='word_1_847' title='bbox 2467 5296 2549 5364; x_wconf 84' lang='grc' dir='ltr'>οἷς</span> <span class='ocrx_word' id='word_1_848' title='bbox 2573 5342 2588 5366; x_wconf 91' lang='grc'><strong><em>,</em></strong></span> <span class='ocrx_word' id='word_1_849' title='bbox 2637 5319 2694 5358; x_wconf 86' lang='grc' dir='ltr'>κ.</span> <span class='ocrx_word' id='word_1_850' title='bbox 2737 5321 2790 5358; x_wconf 92' lang='grc' dir='ltr'><strong><em>τ.</em></strong></span> <span class='ocrx_word' id='word_1_851' title='bbox 2841 5304 2894 5358; x_wconf 84' lang='grc' dir='ltr'><strong><em>λ.</em></strong></span> <span class='ocrx_word' id='word_1_852' title='bbox 2954 5301 3107 5359; x_wconf 85' lang='lat' dir='ltr'><strong><em>Hanc</em></strong></span> <span class='ocrx_word' id='word_1_853' title='bbox 3142 5303 3428 5360; x_wconf 88' lang='lat' dir='ltr'><strong><em>lectionem</em></strong></span> <span class='ocrx_word' id='word_1_854' title='bbox 3461 5305 3514 5358; x_wconf 89' lang='lat' dir='ltr'><strong><em>in</em></strong></span> <span class='ocrx_word' id='word_1_855' title='bbox 3543 5319 3660 5360; x_wconf 84' lang='lat' dir='ltr'><strong><em>ver-</em></strong></span> 
     </span>
    </p>
   </div>
   <div class='ocr_carea' id='block_1_114' title="bbox 2087 5384 2640 5427">
    <p class='ocr_par' dir='ltr' id='par_1_114' title="bbox 2087 5384 2640 5427">
     <span class='ocr_line' id='line_1_115' title="bbox 2087 5384 2640 5427; baseline 0 0"><span class='ocrx_word' id='word_1_856' title='bbox 2087 5388 2236 5427; x_wconf 75' lang='lat' dir='ltr'><strong><em>SInIIe</em></strong></span> <span class='ocrx_word' id='word_1_857' title='bbox 2261 5384 2476 5425; x_wconf 83' lang='lat' dir='ltr'><strong><em>secutus</em></strong></span> <span class='ocrx_word' id='word_1_858' title='bbox 2502 5386 2640 5427; x_wconf 86' lang='lat' dir='ltr'><strong><em>sum.</em></strong></span> 
     </span>
    </p>
   </div>
   <div class='ocr_carea' id='block_1_115' title="bbox 2158 5441 3660 5509">
    <p class='ocr_par' dir='ltr' id='par_1_115' title="bbox 2158 5441 3660 5509">
     <span class='ocr_line' id='line_1_116' title="bbox 2158 5441 3660 5509; baseline 0.002 -14"><span class='ocrx_word' id='word_1_859' title='bbox 2158 5442 2268 5509; x_wconf 76' lang='lat'><strong><em>(72)</em></strong></span> <span class='ocrx_word' id='word_1_860' title='bbox 2311 5442 2381 5494; x_wconf 88' lang='lat' dir='ltr'><strong><em>Ita</em></strong></span> <span class='ocrx_word' id='word_1_861' title='bbox 2402 5442 2520 5494; x_wconf 90' lang='lat' dir='ltr'><strong><em>cod.</em></strong></span> <span class='ocrx_word' id='word_1_862' title='bbox 2557 5441 2958 5499; x_wconf 78' lang='lat' dir='ltr'><strong><em>Alexandrinus</em></strong></span> <span class='ocrx_word' id='word_1_863' title='bbox 2985 5442 3147 5498; x_wconf 86' lang='lat' dir='ltr'><strong><em>habet</em></strong></span> <span class='ocrx_word' id='word_1_864' title='bbox 3186 5443 3334 5500; x_wconf 89' lang='lat' dir='ltr'><strong><em>hunc</em></strong></span> <span class='ocrx_word' id='word_1_865' title='bbox 3368 5443 3660 5499; x_wconf 85' lang='lat' dir='ltr'><strong><em>articulum</em></strong></span> 
     </span>
    </p>
   </div>
   <div class='ocr_carea' id='block_1_116' title="bbox 2085 5512 2971 5581">
    <p class='ocr_par' dir='ltr' id='par_1_116' title="bbox 2085 5512 2971 5581">
     <span class='ocr_line' id='line_1_117' title="bbox 2085 5512 2971 5581; baseline 0.001 -17"><span class='ocrx_word' id='word_1_866' title='bbox 2085 5515 2205 5573; x_wconf 79' lang='grc' dir='ltr'>ταῖς</span> <span class='ocrx_word' id='word_1_867' title='bbox 2226 5551 2239 5573; x_wconf 93' lang='grc'><strong><em>,</em></strong></span> <span class='ocrx_word' id='word_1_868' title='bbox 2273 5512 2362 5581; x_wconf 86' lang='lat' dir='ltr'><strong><em>qui</em></strong></span> <span class='ocrx_word' id='word_1_869' title='bbox 2391 5512 2541 5581; x_wconf 80' lang='lat' dir='ltr'><strong><em>abest</em></strong></span> <span class='ocrx_word' id='word_1_870' title='bbox 2580 5526 2611 5566; x_wconf 87' lang='lat' dir='ltr'><strong><em>a</em></strong></span> <span class='ocrx_word' id='word_1_871' title='bbox 2639 5514 2816 5568; x_wconf 83' lang='lat' dir='ltr'><strong><em>Valic.</em></strong></span> <span class='ocrx_word' id='word_1_872' title='bbox 2841 5514 2971 5567; x_wconf 86' lang='lat' dir='ltr'><strong><em>edit.</em></strong></span> 
     </span>
    </p>
   </div>
   <div class='ocr_carea' id='block_1_117' title="bbox 2159 5579 3094 5652">
    <p class='ocr_par' dir='ltr' id='par_1_117' title="bbox 2159 5579 3094 5652">
     <span class='ocr_line' id='line_1_118' title="bbox 2159 5579 3094 5652; baseline 0.003 -19"><span class='ocrx_word' id='word_1_873' title='bbox 2159 5582 2270 5652; x_wconf 78' lang='grc'><strong><em>(75)</em></strong></span> <span class='ocrx_word' id='word_1_874' title='bbox 2292 5579 2454 5634; x_wconf 71' lang='grc' dir='ltr'>ἘιΙίι.</span> <span class='ocrx_word' id='word_1_875' title='bbox 2497 5579 2613 5636; x_wconf 82' lang='lat' dir='ltr'><strong><em>Vat.</em></strong></span> <span class='ocrx_word' id='word_1_876' title='bbox 2645 5600 2749 5638; x_wconf 91' lang='lat' dir='ltr'><strong><em>non</em></strong></span> <span class='ocrx_word' id='word_1_877' title='bbox 2789 5585 2951 5638; x_wconf 87' lang='lat' dir='ltr'><strong><em>habet</em></strong></span> <span class='ocrx_word' id='word_1_878' title='bbox 2977 5581 3094 5636; x_wconf 81' lang='grc' dir='ltr'>τοῦ.</span> 
     </span>
    </p>
   </div>
   <div class='ocr_carea' id='block_1_118' title="bbox 2159 5653 3660 5716">
    <p class='ocr_par' dir='ltr' id='par_1_118' title="bbox 2159 5653 3660 5716">
     <span class='ocr_line' id='line_1_119' title="bbox 2159 5653 3660 5716; baseline 0.007 -13"><span class='ocrx_word' id='word_1_879' title='bbox 2159 5653 2270 5716; x_wconf 73' lang='grc'><strong><em>(74)</em></strong></span> <span class='ocrx_word' id='word_1_880' title='bbox 2313 5653 2402 5705; x_wconf 82' lang='lat' dir='ltr'><strong><em>Sic</em></strong></span> <span class='ocrx_word' id='word_1_881' title='bbox 2425 5655 2726 5711; x_wconf 79' lang='lat' dir='ltr'><strong><em>eiueudavi.</em></strong></span> <span class='ocrx_word' id='word_1_882' title='bbox 2755 5653 2906 5710; x_wconf 76' lang='lat' dir='ltr'><strong><em>Meus</em></strong></span> <span class='ocrx_word' id='word_1_883' title='bbox 2925 5654 3092 5709; x_wconf 79' lang='lat' dir='ltr'><strong><em>codex</em></strong></span> <span class='ocrx_word' id='word_1_884' title='bbox 3113 5661 3168 5708; x_wconf 91' lang='lat' dir='ltr'><strong><em>et</em></strong></span> <span class='ocrx_word' id='word_1_885' title='bbox 3195 5653 3361 5712; x_wconf 89' lang='lat' dir='ltr'><strong><em>Barb.</em></strong></span> <span class='ocrx_word' id='word_1_886' title='bbox 3387 5664 3445 5711; x_wconf 88' lang='lat' dir='ltr'><strong><em>et</em></strong></span> <span class='ocrx_word' id='word_1_887' title='bbox 3464 5653 3660 5713; x_wconf 79' lang='lat' dir='ltr'><strong><em>Valllc.</em></strong></span> 
     </span>
    </p>
   </div>
   <div class='ocr_carea' id='block_1_119' title="bbox 1278 5717 2583 5796">
    <p class='ocr_par' dir='ltr' id='par_1_119' title="bbox 1278 5717 2583 5796">
     <span class='ocr_line' id='line_1_120' title="bbox 1278 5717 2583 5796; baseline -0.008 -9"><span class='ocrx_word' id='word_1_888' title='bbox 1278 5721 1304 5787; x_wconf 68' lang='grc' dir='ltr'><strong>ᾗ</strong></span> <span class='ocrx_word' id='word_1_889' title='bbox 1549 5718 1718 5796; x_wconf 58' lang='grc' dir='ltr'><strong><em>ᾳῦτῆς</em></strong></span> <span class='ocrx_word' id='word_1_890' title='bbox 1824 5717 1985 5796; x_wconf 68' lang='grc' dir='ltr'>σρφία</span> <span class='ocrx_word' id='word_1_891' title='bbox 2091 5723 2290 5781; x_wconf 80' lang='lat' dir='ltr'><strong><em>habent</em></strong></span> <span class='ocrx_word' id='word_1_892' title='bbox 2321 5721 2583 5796; x_wconf 79' lang='grc' dir='ltr'>ἐπιτύχω.</span> 
     </span>
    </p>
   </div>
   <div class='ocr_carea' id='block_1_120' title="bbox 781 5787 1987 5861">
    <p class='ocr_par' dir='ltr' id='par_1_120' title="bbox 781 5787 1987 5861">
     <span class='ocr_line' id='line_1_121' title="bbox 781 5787 1987 5861; baseline -0.001 -19"><span class='ocrx_word' id='word_1_893' title='bbox 781 5787 1157 5861; x_wconf 77' lang='grc' dir='ltr'>εὐφραντήρια</span> <span class='ocrx_word' id='word_1_894' title='bbox 1185 5787 1291 5842; x_wconf 87' lang='grc' dir='ltr'><strong><em>τῶν</em></strong></span> <span class='ocrx_word' id='word_1_895' title='bbox 1325 5787 1506 5860; x_wconf 47' lang='grc' dir='ltr'>,ἁγίων</span> <span class='ocrx_word' id='word_1_896' title='bbox 1554 5787 1987 5859; x_wconf 80' lang='grc' dir='ltr'>ὲπαγγελμάτων</span> 
     </span>
    </p>
   </div>
  </div>
