3878 6270
210 324 263 378 85
1072 309 1473 371 ENARRATIO
1508 308 1579 365 1N
1613 309 1974 366 CANTICUM
2011 309 2487 368 CANTICORUM.
3329 315 3404 373 53

215 439 312 507 γὰρ,
335 451 353 487 t
385 432 560 504 φησὶν,
589 449 610 486 ι
632 431 690 485 ἐν
710 432 832 494 ταῖς
858 427 1114 501 ἐσχάταις
1140 428 1374 502 ἡμέραις
1409 425 1652 497 ἐμφανὲς
1674 424 1737 480 τὸ

1854 442 1867 488 ι
1907 426 1960 480 in
1990 426 2190 482 ultimis
2213 427 2400 483 diebus
2421 425 2735 482 manifestus
2768 442 2922 485 mons
2943 429 3152 486 Domini
3184 444 3406 500 paratus

208 530 307 596 690;
321 526 528 598 Κυρίου,
550 523 762 595 ἕτοιμον
778 523 870 576 ἐπὶ
883 523 983 587 τάς
1001 521 1244 595 κορυφὰς
1254 520 1363 574 τῶν
1376 519 1543 591 ὀρέων
1557 537 1574 569 ι
1584 517 1738 590 (ὅπερ

211 619 341 681 ἐστὶν,
369 617 453 670 ἐπὶ
470 615 536 669 τὰ
563 615 699 687 μέλη
729 612 844 686 [75]
871 613 980 667 τῶν
1001 612 1336 685 προφητῶν),
1367 629 1386 662 ι
1411 611 1506 664 καὶ
1523 609 1739 680 ὑψωθή-

209 728 330 764 σεται
357 707 599 778 ὑπεράνω
626 705 735 759 τῶν
785 705 1007 776 βουνῶν·
1046 723 1066 758 t
1111 705 1247 773 ὅπερ
1276 701 1444 764 ἐστὶν,
1481 699 1737 772 ὑπεράνω

209 803 290 855 τῶν
314 798 626 853 ἀποστόλων.
660 795 775 851 Καὶ
802 795 1048 860 εἰκότως.
1083 793 1351 864 Καθάπερ
1377 793 1486 861 γὰρ
1508 791 1734 845 ἀνατέλ-

207 892 288 944 λων
307 891 332 942 6
349 890 509 960 ἣλιος,
541 886 758 960 πρῶτον
791 886 883 940 ἐπὶ
902 886 1002 948 τάς
1029 885 1274 957 κορυφὰς
1300 884 1410 938 τῶν
1443 883 1614 954 ὀρέων
1639 881 1732 936 καὶ

206 981 371 1050 βουνῶν
394 979 488 1043 τάς
532 977 801 1048 φωτεινάς
849 975 1080 1030 ἐκτείνει
1107 974 1531 1046 στροφάλιγγας·
1591 972 1737 1027 οὕτω

205 1073 279 1126 καὶ
317 1074 343 1126 6
371 1071 618 1140 Χριστὸς,
653 1072 683 1125 6
726 1069 828 1139 τῆς
875 1068 1218 1140 δικαιοσύνης
1245 1069 1416 1138 ἥλιος,
1468 1066 1739 1136 ἀστράψαι

204 1164 250 1217 τὸ
277 1164 362 1234 τῆς
397 1162 558 1216 αὐτοῦ
608 1161 857 1233 θεότητος
889 1161 1005 1232 φῶς
1050 1160 1311 1231 ἠθέλησεν
1354 1159 1432 1222 εἰς
1473 1158 1593 1210 ὅλον
1647 1158 1738 1210 τὸν

203 1254 385 1325 κόσμον·
441 1252 657 1324 πρῶτον
687 1252 937 1324 καθάπερ
981 1252 1073 1304 ἐπὶ
1100 1250 1254 1320 ὄρεσι
1296 1247 1627 1329 καὶβουνοϊς
1681 1247 1739 1300 ἐν

1845 533 2008 587 super
2031 520 2263 574 vertices
2293 519 2572 584 montium,
2607 537 2628 572 ι
2663 520 2714 574 id
2744 529 2827 576 est
2856 522 2906 575 in
2935 524 3159 579 canticis
3181 527 3402 596 prophe-

1840 617 2041 674 tarum,
2082 627 2101 661 ι
2138 619 2192 664 et
2217 612 2541 665 exaltabitur
2571 627 2730 680 supra
2767 613 2962 676 colles,
3008 634 3028 667 ι
3063 619 3162 670 hoc
3186 628 3270 672 est
3312 633 3404 673 su-

1837 713 1932 766 per
1957 699 2248 767 apostolos.
2287 702 2352 755 Et
2382 703 2573 755 merito
2607 721 2618 756 :
2655 705 3107 772 quemadmodum
3145 709 3290 762 enim
3323 710 3405 766 sul

1833 791 2014 846 oriens
2048 793 2281 859 primum
2314 791 2367 845 in
2415 793 2674 847 montium
2713 802 2768 848 et
2810 795 3026 850 collium
3068 799 3297 854 vertices
3327 800 3409 854 lu-

1839 883 2016 936 cidum
2053 884 2294 938 extendit
2317 898 2542 953 gyrum;
2573 885 2644 940 ita
2677 886 2928 942 Christus
2955 889 3044 942 Sol
3067 890 3288 957 jusﬁtite
3310 907 3406 946 vo-

1835 972 1970 1040 luit,
2030 983 2088 1027 ut
2145 975 2442 1028 divinitatis
2494 991 2604 1030 suae
2658 977 2837 1032 lumen
2916 990 3027 1033 toto
3100 995 3408 1040 coruscare!

1838 1066 2056 1119 mundo.
2105 1065 2340 1119 Primum
2383 1066 2545 1120 veluti
2597 1084 2758 1136 super
2799 1083 3010 1124 montes
3054 1083 3108 1124 et
3155 1074 3323 1127 colles
3354 1075 3406 1128 in

1837 1157 2111 1225 prophetis
2157 1167 2212 1211 et
2251 1158 2512 1226 apostolis
2568 1159 2744 1212 lumen
2792 1160 3001 1223 illuxit,
3043 1178 3138 1231 per
3167 1179 3300 1232 quos
3343 1180 3410 1219 ex

1838 1249 1984 1302 omni
2017 1258 2284 1302 terrarum
2315 1249 2446 1304 orbe
2472 1250 2792 1319 ignorantiae
2820 1253 3039 1319 dispulit
3066 1254 3338 1309 tenebras.

203 1349 462 1418 προφήταις
485 1347 580 1400 καὶ
605 1347 918 1410 ἀποστόλοις
953 1345 1266 1416 κατηύγασε
1293 1343 1354 1397 τὸ
1388 1344 1522 1415 φῶς,
1551 1341 1621 1396 δι’
1684 1336 1759 1397 ὧν
1797 1342 1861 1395 ἐκ
1909 1342 2010 1413 τῆς
2061 1345 2386 1416 οἰκουμένης
2430 1346 2493 1398 τὸ
2541 1346 2730 1411 σκότος
2805 1347 3050 1418 ἀπήλασε
3091 1350 3187 1420 τῆς
3233 1348 3411 1419 ἀγνὼ-

204 1439 314 1503 σίας.

253 1531 477 1586 ΜΘ’.Στ.
511 1530 576 1584 θ’.
619 1530 861 1599 Ὀμοιός
885 1529 1058 1583 ἐστιν
1095 1530 1130 1583 ὁ
1167 1528 1490 1599 ἀδελφιδός
1503 1545 1622 1598 μου
1664 1525 1740 1596 τῇ

1916 1522 2106 1577 XLIX.
2132 1524 2293 1578 Vens.
2327 1522 2380 1577 9.
2409 1523 2609 1577 Similis
2639 1534 2714 1576 est
2737 1523 3010 1592 fratruelis
3045 1541 3186 1578 meus
3209 1542 3414 1594 caprea!

200 1623 425 1693 δορκάδι,
448 1623 487 1693 ἢ
511 1622 700 1692 νεϐρῷ
719 1622 838 1678 τῶν
858 1620 1101 1690 ἐλάφων
1123 1621 1221 1674 ἐπὶ
1252 1623 1324 1675 τὰ
1349 1622 1456 1690 ὄρη
1482 1620 1731 1684 Βαιθήλ.

252 1714 442 1785 Δορκὰς
491 1713 780 1785 ὀξυδερκές
811 1714 927 1766 ἐστι
965 1712 1122 1777 ζῶον·
1160 1711 1241 1766 διδ
1268 1711 1362 1766 καὶ
1402 1711 1738 1782 φερωνύμως

198 1803 422 1875 κέκληται
455 1803 655 1876 δορκάς
685 1820 702 1836 ·
737 1803 832 1856 καὶ
872 1802 1062 1875 νεϐρὸς
1114 1802 1350 1872 ἐλάφων·
1397 1802 1738 1872 ἀναιρετικὸς

199 1899 280 1968 γάρ
329 1901 435 1952 ἐστι
459 1898 569 1950 τῶν
605 1895 823 1951 ἰοϐόλων
875 1895 1098 1966 θηρίων.
1138 1897 1277 1968 Ὄρη
1334 1895 1391 1948 δὲ
1433 1894 1635 1965 Βαιθὴλ
1668 1896 1736 1948 τὰ

198 1987 464 2058 ἐξοχώτατα
509 1987 620 2040 τῶν
671 1986 894 2040 δικαίων
945 1984 1204 2054 τάγματά
1233 1986 1400 2037 ἐστιν·
1438 1984 1737 2056 ἐπειδήπερ

199 2080 367 2148 Βαιθὴλ
393 2075 558 2146 οἶκος
582 2077 730 2131 Θεοῦ
750 2075 1124 2148 ἑρμηνεύεται·
1143 2071 1281 2129 οἴκοι
1313 2075 1369 2128 δὲ
1392 2072 1548 2138 Θεοῦ,
1579 2073 1737 2143 δῆλον

197 2172 324 2224 ὀτιοί
349 2171 577 2237 δίκαιοι,
607 2169 696 2225 διά
720 2169 810 2222 τὸν
840 2169 1084 2222 εἰπόντα·
1124 2185 1144 2219 ‹
1182 2167 1474 2237 Ἐνοικήσω
1507 2167 1566 2218 ἐν
1610 2166 1738 2236 ὑμῖν

198 2263 271 2315 καὶ
289 2263 733 2334 ἑμπεριπατήσω·
771 2280 790 2313 ι
829 2260 923 2314 καὶ
951 2258 1112 2313 πάλιν
1143 2261 1171 2313 6
1213 2256 1583 2320 Ἀπόστολος·ι
1605 2256 1739 2309 Θεοῦ

197 2350 316 2418 οἶκός
347 2357 506 2424 ἐσμεν
523 2356 710 2424 ἡμεῖς.
753 2371 771 2403 ι
819 2352 878 2405 '0
908 2347 1001 2405 οὖν
1029 2348 1308 2418 ἀδελφιδὸς
1338 2347 1530 2418 αὐτῆς,
1562 2349 1590 2400 ὁ
1612 2347 1742 2400 ταύ-

198 2442 502 2511 τηςνυμφίος
556 2440 812 2514 Χριστὸς,
836 2439 1115 2510 ὁμοιοῦται
1155 2437 1254 2509 μὲν
1284 2437 1512 2507 δόρκωνι
1550 2437 1637 2491 διά
1680 2437 1743 2491 τὸ

199 2533 459 2604 ὁξυδερκῶς
489 2532 848 2588 κατοπτεύειν
881 2533 976 2585 ἐπὶ
1018 2531 1117 2594 τὰς
1150 2530 1258 2583 τῶν
1288 2529 1588 2601 ἀνθρώπων
1610 2547 1744 2600 καρ-

198 2623 308 2689 δίας,
349 2625 528 2690 καθὼς
579 2625 748 2695 λέγει·
785 2644 803 2676 ι
850 2623 992 2692 Ἐγὼ
1034 2622 1238 2694 Κύριος
1281 2623 1486 2688 ἐτάζων
1513 2622 1745 2693 νεφροὺς

199 2718 272 2769 καὶ
298 2717 602 2788 δοκιμάζων
627 2716 876 2788 καρδίας·
919 2716 973 2768 el
993 2733 1045 2768 τι
1073 2714 1182 2784 (76)
1216 2715 1429 2786 ποιήσει
1460 2713 1744 2784 ἄνθρωπος

198 2807 244 2860 ἐν
268 2807 562 2877 κρυφαίοις,
586 2804 743 2874 κάγὼ
786 2806 886 2858 ούκ
916 2805 1029 2875 (77)
1062 2804 1334 2875 ἐπόψομαι
1359 2803 1556 2868 αύτόν;
1597 2821 1615 2852 ›
1652 2802 1743 2855 Διὸ

1839 1616 1913 1671 rel
1937 1618 2154 1670 hinnulo
2189 1632 2454 1669 cervorum
2483 1631 2638 1682 super
2669 1627 2868 1669 montes
2905 1615 3122 1669 Bwtltel.

1907 1708 2111 1777 Caprea
2163 1717 2320 1761 acute
2370 1722 2600 1762 cernens
2643 1717 2724 1762 est
2763 1709 3001 1760 animal:
3041 1709 3239 1764 idcirco
3270 1710 3408 1764 veri-

1840 1810 2001 1854 tatem
2059 1800 2140 1852 sui
2195 1799 2428 1853 nominis
2489 1799 2666 1852 ferens
2714 1799 2905 1853 dorcas
2956 1800 3304 1869 appellatur:
3355 1812 3412 1857 et

1837 1893 2094 1947 hinnulns
2155 1906 2436 1946 cervorum
2472 1912 2484 1946 :
2520 1892 2786 1945 venelicas
2826 1892 2969 1946 enim
3014 1894 3212 1947 bestias
3239 1872 3408 1948 inter;

1839 1985 1969 2038 licit.
1998 1984 2206 2038 Montes
2241 1993 2420 2037 autem
2451 1983 2654 2038 Bmthel
2687 1984 3216 2050 summosjustorum
3243 1986 3406 2056 signi-
3460 2007 3461 2010 η

1841 2077 2004 2130 licaut
2054 2077 2300 2141 ordines;
2357 2077 2791 2146 quandoquidem
2838 2077 3250 2132 Bmtheldomus
3316 2077 3412 2133 Dei

1841 2169 2229 2238 interpretatur
2258 2187 2272 2223 :
2313 2171 2503 2224 domos
2525 2171 2668 2224 enim
2695 2171 2787 2226 Dei
2813 2171 3156 2225 manifestum
3181 2180 3265 2226 est
3291 2185 3412 2226 esse

1833 2259 2048 2328 jnstos:
2097 2261 2172 2314 ait
2203 2262 2345 2315 enim
2397 2261 2713 2332 Scriptura:
2753 2281 2772 2314 ι
2814 2262 3128 2317 lnltabitabo
3155 2263 3208 2317 in
3235 2263 3407 2324 vobis.

1841 2359 1896 2404 et
1951 2349 2292 2407 inambulabo
2320 2353 2400 2416 ";
2441 2371 2460 2402 ι
2513 2361 2565 2407 et
2629 2368 2815 2408 rursus
2857 2354 3148 2420 Apostolus
3183 2375 3196 2412 :
3262 2375 3282 2407 ι
3319 2356 3410 2410 Dei

1843 2442 2034 2495 domus
2062 2458 2247 2496 sumus
2280 2457 2378 2499 nos
2405 2443 2471 2497 “.
2511 2463 2530 2495 ι
2571 2443 2699 2511 Ejus
2738 2445 2901 2514 igitur
2935 2447 3226 2510 fratruelis,
3263 2452 3409 2516 ejus-

1843 2532 2072 2600 demque
2119 2547 2345 2600 sponsus
2386 2533 2637 2588 Christus
2686 2534 3016 2591 assimilatnr
3064 2539 3280 2606 quidem
3313 2553 3412 2592 ca-

1845 2636 2026 2689 preas,
2081 2623 2222 2690 quod
2275 2633 2488 2676 acutum
2549 2623 2602 2676 in
2659 2629 2822 2678 corda
2870 2626 3143 2679 hominum
3201 2635 3412 2691 cernat,

1845 2715 2293 2782 quemadmodum
2327 2716 2435 2769 ait:
2484 2733 2504 2766 ι
2538 2715 2651 2784 Ego
2677 2717 2934 2772 Dominus
2960 2727 3207 2772 serntans
3230 2733 3412 2784 renes.

1845 2816 1897 2860 et
1923 2806 2155 2876 probans
2184 2809 2346 2862 corda
2369 2809 2433 2860 ⁸⁷.
2464 2809 2665 2879 Ecquid
2693 2810 2852 2863 homo
2877 2810 3064 2865 fecerit
3093 2811 3145 2864 in
3177 2811 3410 2876 occulto,

196 2897 447 2964 ἀπεικάζει
503 2897 672 2951 αὐτὸν
699 2899 733 2967 ἠ
762 2897 946 2968 νύμφη
987 2895 1066 2966 τῷ
1110 2896 1359 2966 δόρκωνι,
1391 2895 1424 2966 ἢ
1457 2895 1534 2965 τῷ
1566 2894 1740 2966 νεϐρῷ

1854 2908 1901 2952 et
1945 2913 2043 2968 ego
2089 2915 2191 2952 non
2241 2899 2426 2955 videro
2453 2901 2544 2953 ’9?
2581 2920 2600 2953 ι
2655 2901 2832 2970 Ipsum
2883 2913 3164 2972 propterea
3217 2919 3412 2973 sponsa

197 2990 280 3042 ιῶν
307 2991 534 3060 ἐλάφων.
587 2990 804 3060 Ἐπειδὴ
840 2989 910 3042 τὰ
956 2987 1368 3058 εἰσπεμπόμενα
1415 2985 1515 3056 τῆς
1547 2985 1742 3049 κακίας

198 3082 518 3155 ἐνθυμήματα
557 3083 665 3138 ὑπὸ
691 3081 785 3138 τοῦ
820 3078 1056 3152 πονηροῦ
1099 3083 1219 3142 ταῖς
1256 3079 1364 3132 τῶν
1386 3078 1606 3130 δικαίων
1631 3077 1742 3130 δια-

202 3174 360 3239 νοίαις,
388 3175 560 3230 ταῦτα
591 3174 793 3243 ἐλάφου
836 3174 992 3244 δίκην
1046 3171 1386 3242 ἀνιμὼμενος
1425 3172 1454 3223 6
1496 3169 1743 3240 οὐράνιος

200 3267 357 3334 Λόγος,
378 3269 564 3338 τέμνει
589 3268 680 3321 διά
705 3265 798 3320 τοῦ
827 3264 1086 3331 ὀξυτάτου
1115 3263 1322 3334 ξίφους,
1349 3257 1518 3334 οὗπερ
1547 3262 1743 3315 ἔδωκεν

199 3357 367 3423 αὐτοῖς,
421 3359 515 3414 τοῦ
579 3360 684 3430 τῆς
750 3357 1032 3421 εὐσεϐείας
1081 3354 1363 3426 λογισμοῦ.
1420 3354 1614 3417 Καλῶς
1651 3348 1743 3406 οὖν

201 3449 521 3517 ἀπεικάζεται
561 3450 744 3523 νεὸρῷ
771 3451 982 3520 ἐλάφων
1004 3451 1097 3503 ἐπὶ
1115 3448 1185 3502 τά
1199 3448 1300 3520 ὅρη
1334 3446 1555 3517 Βαιθήλ·
1589 3463 1738 3499 τουτο

200 3539 338 3609 ἐστιν,
359 3546 446 3598 ἐπὶ
467 3545 538 3598 τὰ
561 3543 875 3614 ἐξοχώτατα
903 3541 1012 3596 τῶν
1051 3539 1274 3594 δικαίων
1303 3538 1577 3608 τάγματα.

252 3637 320 3687 N'.
355 3638 495 3692 Ἰδοὺ
516 3638 706 3702 αὐτὸς
727 3636 834 3707 (78)
861 3637 1053 3690 ὀπίσω
1079 3634 1190 3705 (79)
1219 3633 1326 3688 τοῦ
1352 3633 1559 3702 τοίχου
1578 3628 1746 3698 ἡμῶν

200 3730 565 3792 παρακύπτειν
594 3726 694 3780 διὰ
721 3725 838 3780 τῶν
871 3725 1144 3794 θυρίδων.

248 3817 435 3888 Τοῖχον,
492 3819 552 3872 δν
606 3819 706 3889 τὴν
743 3817 960 3888 νύμφην
1021 3815 1191 3885 λέγει,
1240 3814 1332 3867 τὸν
1373 3813 1536 3883 νόμον
1588 3810 1741 3883 φησὶ,

199 3907 412 3981 καθάπερ
432 3912 526 3964 καὶ
549 3909 764 3972 Παῦλος
784 3909 940 3978 (80)ὁ
973 3905 1271 3969 ἀπόστολος
1306 3905 1474 3974 λέγει·
1509 3922 1527 3954 ι
1560 3904 1666 3956 Καὶ
1686 3901 1746 3955 τὸ

202 3997 477 4070 μεσότοιχον
532 3999 632 4053 τοῦ
666 3996 922 4070 φραγμοῦ
976 3995 1163 4058 λύσας·
1212 3995 1308 4066 τὴν
1357 3995 1554 4066 ἔχθραν
1587 3996 1644 4046 ὲν
1677 3996 1744 4065 τῇ

202 4090 334 4158 σαρκὶ
379 4092 568 4154 αὐτοῦ,
629 4091 723 4143 τὸν
770 4089 932 4160 νόμον
983 4087 1094 4142 τῶν
1135 4087 1362 4141 ἐντολῶν
1413 4087 1470 4139 ἐν
1515 4086 1744 4155 δόγμασι

200 4185 538 4254 καταργήσας.
587 4203 606 4234 ι
643 4181 1024 4254 Παρακύπτων
1078 4180 1188 4252 γὰρ
1222 4179 1397 4231 ὀπίσω
1439 4176 1534 4231 τοῦ
1579 4177 1744 4247 νόμου

1846 3003 2054 3058 caprea:
2107 2992 2371 3045 assimilat
2401 2991 2485 3046 vel
2520 2992 2742 3047 hinnulo
2781 3008 3102 3057 cervorum;
3146 2995 3414 3050 immissas

1844 3080 1986 3133 enim
2041 3079 2253 3150 iniquas
2301 3083 2658 3151 cogitationes
2704 3084 2757 3138 in
2809 3084 3018 3138 animos
3060 3084 3325 3152 iustorum
3381 3100 3412 3139 α

1845 3171 2078 3239 diabolo,
2107 3173 2277 3227 instar
2307 3175 2450 3229 cervi
2479 3175 2700 3229 caeleste
2723 3174 2956 3230 Verbum
2982 3187 3254 3230 extractas
3280 3192 3411 3231 acu-

1847 3261 2055 3317 tissime
2087 3264 2320 3318 concidit
2367 3265 2566 3333 gladio,
2605 3281 2760 3335 quem
2812 3265 2912 3320 illis
2961 3267 3214 3330 tradidit,
3253 3267 3414 3322 uimi~

1847 3367 1964 3406 rum
2004 3353 2326 3424 COgitatione
2354 3356 2592 3424 pietatis.
2632 3356 2912 3411 Concinne
2945 3357 3102 3427 igitur
3140 3358 3410 3415 assimila-

1848 3453 1935 3498 tur
1965 3445 2187 3500 hinnulo
2211 3462 2493 3502 cervorum
2531 3447 2585 3501 in
2609 3449 2881 3503 montibus
2924 3448 3124 3505 Baethel
3145 3490 3162 3517 ,
3195 3450 3296 3507 hoc
3331 3461 3416 3506 est

1845 3549 2008 3604 super
2032 3549 2274 3591 summos
2299 3535 2566 3604 iustorum
2608 3539 2845 3593 ordines.

1915 3627 1978 3682 L.
2015 3628 2149 3682 Ecce.
2187 3631 2296 3698 ipse
2323 3639 2438 3697 post
2478 3631 2727 3697 parietem
2784 3641 3053 3696 nostrum,
3089 3633 3411 3702 prospiciens

1844 3736 1936 3788 per
1972 3719 2242 3788 fenestras.

1918 3811 2184 3866 Panetem
2214 3821 2340 3882 puto
2371 3828 2622 3881 sponsam
2646 3813 2918 3883 appellare
2945 3815 3137 3885 legem,
3157 3817 3416 3885 quemad-

1849 3904 2066 3958 modum
2100 3904 2296 3957 Paulus
2333 3905 2446 3956 ait:
2485 3922 2503 3956 ι
2535 3904 2758 3958 Solreus
2785 3907 3017 3959 medium
3053 3907 3298 3960 maceria:
3322 3921 3414 3975 pa-

1848 3997 2035 4051 rietem
2071 4014 2086 4051 :
2117 3997 2452 4050 inimicitiam
2489 3997 2539 4050 in
2572 4012 2735 4051 carne
2768 4012 2886 4062 sua,
2925 3999 3104 4066 legem
3132 4000 3415 4054 mandato-

1850 4103 1966 4142 rum
1992 4089 2223 4143 decretis
2258 4103 2524 4142 evacuans
2549 4089 2613 4142 ’⁸.
2655 4109 2674 4142 ι
2706 4088 3050 4160 Ρτοερίρίειιε
3088 4091 3228 4144 enim
3266 4091 3415 4144 venit

1848 4190 1972 4248 post
1999 4178 2193 4249 legem,
2224 4190 2276 4234 et
2311 4194 2406 4248 per
2429 4179 2716 4242 fenestras,
2748 4182 2798 4235 id
2837 4193 2941 4246 est,
2974 4198 3070 4248 per
3101 4183 3409 4250 prophetas.

200 4264 352 4338 ἦλθεν,
376 4253 469 4329 καὶ
499 4275 590 4328 διὰ
613 4275 718 4327 τῶν
756 4273 1009 4345 θυρίδων,
1040 4273 1177 4342 ὅπερ
1208 4271 1325 4324 ἐστὶ
1355 4268 1444 4323 διὰ
1471 4268 1579 4322 τῶν
1607 4285 1740 4340 προ-

1854 4268 2090 4322 l’rimum
2133 4271 2278 4321 enim
2310 4268 2362 4320 in
2396 4267 2510 4336 lege
2540 4281 2634 4336 per
2666 4267 2900 4338 llloysem
2933 4270 3250 4336 pra-dicatus
3282 4279 3364 4323 est
3395 4287 3409 4323 :

202 4364 371 4432 ’ᾇητῶι
393 4367 621 4438 Πρῶτον
649 4365 758 4436 γάρ
784 4366 841 4417 ἐν
871 4365 1018 4434 νόμῳ
1039 4363 1126 4416 διὰ
1151 4361 1428 4425 Μωῦσέως
1444 4359 1743 4431 ἐκηρύχθη·

202 4452 357 4506 ἔπειτα
370 4455 457 4508 διὰ
481 4456 594 4508 τῶν
626 4454 874 4526 θυρίδων,
903 4453 978 4516 ὼς
1011 4455 1202 4518 εἰπεῖν,
1225 4451 1312 4504 διὰ
1333 4450 1438 4504 τῶν
1455 4448 1746 4522 προφητῶν

211 4544 509 4616 παρέκυψεν.
579 4545 774 4609 Ἀλλὰ,
833 4565 852 4597 ι
897 4546 991 4602 καὶ
1040 4543 1327 4598 ὲκκύπτων
1379 4541 1469 4594 διὰ
1515 4541 1622 4594 τῶν
1670 4540 1746 4593 δι-

201 4634 366 4690 κτύων.
391 4657 410 4690 ι
510 4661 518 4668 ·

259 4724 370 4780 NA'.
407 4727 820 4796 Παρακύπτων
855 4725 955 4780 διὰ
977 4723 1096 4780 τῶν
1132 4723 1410 4794 θυρίδων,
1433 4721 1530 4776 καί
1566 4720 1740 4774 ἐκκύο

203 4828 336 4867 πτων
358 4817 453 4872 διὰ
474 4817 601 4872 τῶν
624 4815 895 4872 δικτύων.

258 4905 555 4979 Θαυμάσιος
585 4910 617 4962 6
658 4907 758 4978 τῆς
811 4906 922 4977 (81)
965 4904 1310 4968 ἀκολουθίας,
1363 4903 1457 4957 κα).
1511 4901 1743 4973 μάλιστα

256 5023 295 5055 ’⁸
319 5023 482 5086 Levit.
506 5042 664 5094 xxvr,
699 5026 791 5093 ης
824 5025 870 5081 ll
895 5024 1020 5080 Cor.
1043 5040 1120 5090 τι,
1148 5023 1234 5077 lli.
1307 5021 1355 5053 ’⁸
1385 5021 1550 5076 Hebr.
1587 5035 1650 5074 Ill
1670 5060 1685 5087 ,
1712 5017 1768 5073 6.

204 5107 252 5157 It,
273 5096 351 5148 ll.

257 5211 356 5285 (75)
397 5209 589 5285 Vallic.
633 5207 707 5285 τὰ
732 5207 912 5285 τέλει,
965 5213 1216 5273 corrupte
1260 5216 1360 5285 pro
1404 5200 1555 5285 τέλη.
1608 5200 1739 5285 Eam

203 5276 450 5334 lectionem
500 5281 692 5336 habuit
725 5289 832 5334 vet.
877 5281 1141 5346 interpres
1164 5313 1180 5337 ,
1211 5276 1300 5342 qui
1329 5276 1490 5346 vertit
1535 5288 1554 5321 ι
1595 5276 1738 5323 circa

204 5350 334 5422 liuent
371 5354 774 5420 prophetarum.
809 5366 829 5400 ι
865 5341 1034 5422 Βοώξ
1065 5341 1302 5422 et_meus
1358 5341 1493 5422 μέλη
1521 5379 1535 5404 ,
1560 5353 1737 5422 ιηιςοιη

205 5415 457 5474 lectionem
470 5415 766 5476 'Salutatus
788 5415 1064 5488 agnoscit;
1095 5415 1171 5469 ait
1193 5415 1335 5467 enim
1369 5431 1388 5463 ι
1424 5415 1476 5466 in
1505 5415 1734 5465 canticis

204 5492 578 5558 prophetarum.
607 5509 628 5543 ι

259 5559 357 5636 (ξεί)
394 5561 585 5636 Melius
607 5559 816 5636 εζητιςη
923 5634 931 5636 Α
1033 5623 1047 5636 _
1171 5633 1182 5636 _
1320 5631 1330 5636 _
1430 5621 1443 5636 ο

259 5623 360 5702 (π)
409 5631 476 5702 ,ιη
548 5631 726 5702 Vallic.
784 5629 937 5702 deest
995 5623 1098 5680 οὐκ
1129 5633 1189 5702 et
1244 5631 1368 5678 nota
1429 5623 1733 5702 interrogas

206 5695 356 5767 tionis.
404 5700 746 5766 Memoriter,
784 5699 1026 5767 adeoque
1075 5695 1253 5749 minus
1315 5701 1564 5767 accurate
1605 5695 1737 5767 citat

204 5763 352 5824 lttcum
413 5770 688 5837 Ieremia,
728 5762 904 5838 cujus
937 5762 1131 5823 'verba
1201 5772 1360 5831 sunt,
1419 5763 1468 5815 εἰ
1526 5762 1735 5833 κρυϐή-

1846 4357 2039 4412 deinde
2077 4370 2172 4426 per
2203 4355 2470 4410 fenestras
2491 4395 2508 4420 ,
2549 4367 2606 4410 ut
2653 4356 2722 4410 ita
2748 4356 2921 4410 dicam
2944 4395 2959 4410 .
2992 4370 3086 4423 per
3119 4356 3414 4424 prophetas

1845 4447 2144 4516 prospexit.
2172 4446 2276 4500 Sed
2313 4462 2332 4496 ι
2358 4453 2412 4500 et
2449 4445 2761 4515 prominens
2789 4444 3048 4514 prospicit
3074 4459 3170 4514 per
3198 4445 3357 4501 retia.
3384 4462 3408 4496 ι

1919 4711 2004 4766 LI.
2053 4710 2381 4779 Prospiciem
2415 4729 2508 4782 per
2547 4713 2825 4783 fenestras,
2853 4724 2902 4770 et
2941 4718 3237 4784 prominens
3275 4735 3412 4787 pro-

1846 4805 1997 4874 spicit
2033 4821 2125 4872 per
2145 4805 2299 4857 retia.

1919 4896 2267 4951 Admirabilis
2305 4907 2388 4951 est
2431 4895 2672 4960 ordinis,
2707 4897 2868 4968 huius
2901 4902 3198 4967 prtesertim
3220 4940 3236 4964 ,
3280 4917 3414 4956 con-

1840 5012 2090 5069 "Jerem.
2123 5029 2254 5078 xvn,
2290 5017 2375 5068 ll).
2451 5013 2496 5044 ”
2531 5010 2730 5067 Jerem.
2771 5028 2929 5078 χχιιι,
2964 5012 3056 5069 24.
3132 5015 3176 5046 ⁹⁹
3211 5014 3408 5082 Ephes.

1848 5198 1997 5251 σεταί
2037 5215 2120 5270 τις
2153 5199 2210 5250 ἐν
2248 5195 2555 5270 κρυφαίοις,
2591 5197 2686 5251 καὶ
2710 5197 2822 5267 ὲγὼ
2854 5199 2954 5254 οῦκ
2985 5198 3185 5270 ὄψομαι
3213 5201 3408 5267 αῦτόν;

1917 5269 2028 5338 (78)
2070 5269 2207 5322 Edit.
2248 5261 2377 5320 Vat;
2405 5261 2578 5328 οὗτος.

1919 5339 2030 5408 (79;
2062 5339 2218 5391 Alex.
2267 5339 2493 5408 codaet
2527 5339 2612 5389 ed.
2659 5337 2870 5408 Compl.
2920 5339 3149 5408 ἔστηκεν
3197 5337 3408 5402 ὀπίσω,

1847 5407 2311 5476 quatulectionent
2343 5407 2592 5460 habuisse
2634 5410 2846 5462 videtur
2876 5421 2982 5461 vet.
3028 5407 3276 5476 interpr.,
3321 5413 3411 5477 qui

1848 5478 2029 5541 vertit,
2060 5496 2079 5529 ι
2114 5493 2238 5533 ecce
2262 5477 2348 5531 hic
2376 5479 2526 5530 stetit
2558 5489 2674 5544 post
2698 5481 2975 5545 parietem.
3001 5496 3020 5527 ›

1916 5548 2026 5619 (80)
2085 5549 2260 5619 Locus
2297 5542 2614 5619 Acorruptu’s.
2666 5542 2985 5619 Legendunr
3026 5548 3224 5619 τοῖχον,
3259 5542 3415 5619 οἶμαι

1839 5615 1938 5690 τὴν
1981 5615 2201 5690 νύμφην
2251 5617 2430 5686 λέγειν
2473 5618 2566 5669 τὸν
2613 5619 2804 5688 νόμον·
2850 5615 3239 5688 καθάπερηκαὶ
3268 5615 3417 5674 Παῦ-

1841 5690 1931 5753 λος
1950 5729 1965 5750 ,
1991 5707 2044 5743 κ.
2067 5707 2116 5743 τ.
2145 5690 2197 5743 λέ

1919 5763 2032 5831 (81)
2053 5761 2209 5815 Barb.
2234 5769 2286 5814 et
2320 5774 2468 5814 meus
2497 5757 2584 5811 διὰ
2623 5759 2720 5830 τῆς
