3862 6270
386 328 454 385 67
1515 326 1833 384 PHILONIS
1867 327 2176 385 EPISCOPI
2214 328 2534 386 CARPASII
3564 330 3638 385 68

386 441 621 499 cirmitas
664 457 681 496 :
723 440 954 511 primum
989 448 1112 511 post
1134 440 1429 510 parietem;
1457 442 1652 498 deinde
1669 442 1736 497 de
1761 442 1965 511 pariete

2093 444 2287 515 ναύτης,
2326 443 2546 516 ῥυθμός.
2582 443 2806 517 Πρῶτον
2856 444 3032 497 ὀπίσω
3066 443 3161 498 τοῦ
3195 443 3396 514 τοίχουθ
3443 442 3637 500 ἔπειτα

388 551 484 606 per
510 535 814 603 lenestras;
850 545 1126 605 pOStremo
1155 548 1251 604 per
1281 533 1441 589 retia.
1468 533 1537 588 Et
1565 535 1742 604 quoad
1776 534 1958 603 parie-

2093 535 2169 588 .πὸ
2198 534 2293 588 τοῦ
2319 535 2499 605 τοίχου
2550 535 2639 589 διὰ
2690 536 2797 589 τῶν
2850 535 3097 606 θυρίδων·
3139 530 3257 589 εἶτα
3282 535 3372 588 διά
3406 535 3517 588 τῶν
3558 536 3640 589 δι-

387 636 496 681 tem
526 626 738 692 attinet,
771 626 907 680 satis
934 624 1269 680 declaratum
1296 633 1403 690 est,
1430 639 1527 694 per
1558 624 1708 679 illum
1735 625 1959 691 intelligi

2093 624 2262 679 ;τύων.
2288 625 2397 677 Καὶ
2413 623 2483 678 τὰ
2513 624 2611 695 μὲν
2637 624 2766 695 περ)⁸
2796 624 2891 677 τοῦ
2924 624 3129 694 τοίχου,
3157 625 3238 677 ὅτι
3264 625 3394 694 περὶ
3415 623 3513 677 τοῦ
3546 623 3638 679 v6-

388 718 583 789 legem.
623 716 777 784 Quod
800 727 979 771 autem
1010 716 1272 785 prospicit
1311 731 1408 785 per
1435 716 1726 783 fenestras,
1757 716 1959 771 dictum

2093 734 2164 769 ιου
2196 715 2363 784 λέγει,
2397 717 2584 787 σαφῶς
2622 718 3015 771 ἀποδέδεικταν
3048 717 3132 770 ὃτι
3169 717 3228 769 δὲ
3256 716 3353 770 καὶ
3386 713 3640 787 παρακύ-

388 823 466 867 est
490 810 542 865 id
563 824 685 865 esse
700 811 764 864 de
787 807 1569 879 prophetis.Quemadmodum
1606 809 1750 864 enim
1780 809 1824 863 si
1839 810 1961 878 quis

2093 825 2183 862 ττει
2209 809 2295 863 διὰ
2328 809 2435 863 τῶν
2484 810 2734 883 θυρίδων,
2762 811 2899 881 ὅπερ
2924 811 3043 863 ἐστὶ
3062 809 3150 863 διά
3179 808 3288 862 τῶν
3317 807 3638 879 προφητῶν,

389 900 680 969 prospiciat
703 915 799 969 per
836 899 1101 954 fenestras
1132 913 1192 955 se
1227 915 1418 955 rursus
1448 899 1732 964 subducit;
1762 901 1841 954 sic
1870 915 1964 970 per

2094 900 2329 955 έλεκται.
2359 903 2567 973 Ὥσπερ
2595 901 2725 972 γὰρ,
2757 901 2811 954 el
2833 919 2918 965 τις
2950 900 3324 972 παρακύπτει,
3349 899 3445 951 καὶ
3473 897 3642 951 πάλιν

389 991 698 1062 prophetica
756 991 1007 1060 dogmata
1052 992 1368 1060 prospexit,
1428 1006 1548 1046 cum
1615 1005 1711 1058 per
1764 991 1960 1046 Isaiam

2096 995 2253 1047 αυτὸν
2288 994 2528 1062 ύφέλκει·
2559 993 2700 1047 οὕτω
2724 994 2813 1047 διὰ
2839 994 2946 1046 τῶν
2978 990 3332 1064 προφητικῶν
3352 990 3644 1060 δογμάτων

390 1084 776 1153 praenuntiatus
801 1090 915 1144 est,
961 1097 1056 1151 per
1084 1080 1379 1136 Jeremiam
1431 1081 1780 1151 praedicatus,
1810 1097 1965 1137 reve-

2093 1086 2400 1155 ιαρέκυπτε,
2423 1086 2511 1139 διὰ
2534 1086 2626 1139 τοῦ
2661 1087 2884 1139 Ἡσαΐου
2906 1084 3405 1158 προφητευόμενος,
3425 1082 3517 1137 διὰ
3542 1081 3643 1138 τοῦ

391 1175 527 1230 latus
559 1190 655 1244 per
685 1174 983 1242 Danielem,
1032 1184 1285 1244 tanquam
1314 1189 1409 1244 per
1442 1175 1708 1230 fenestras
1733 1175 1963 1243 prophe-

2093 1176 2334 1248 Ιερεμίου
2362 1179 2782 1249 κηρυττόμενος,
2812 1176 2899 1231 διά
2912 1176 3006 1230 τοῦ
3032 1174 3229 1247 Δανιὴλ
3253 1172 3644 1229 ἀποκαλυπτό-

390 1279 585 1321 tarum.
634 1266 772 1321 Cum
819 1281 948 1321 vero
982 1270 1170 1321 sermo
1193 1276 1280 1322 est
1328 1267 1395 1320 de
1429 1267 1657 1330 retibus,
1699 1281 1804 1321 non
1850 1267 1962 1335 jam

2093 1284 2244 1332 ιενος,
2276 1267 2464 1340 ὥσπερ
2499 1268 2589 1322 διὰ
2613 1268 2869 1340 θυρίδων,
2898 1267 3006 1322 τῶν
3027 1266 3344 1338 προφητῶν.
3382 1265 3507 1318 Ἐπὶ
3528 1264 3646 1317 τῶν

390 1359 522 1413 dicit
571 1379 590 1410 ι
626 1358 1001 1428 prospiciens,
1037 1377 1056 1410 ι
1094 1358 1191 1413 sed
1230 1375 1250 1408 ι
1297 1359 1610 1426 prominens
1655 1358 1893 1426 inspicit.
1939 1375 1958 1408 ι

2093 1360 2299 1413 ἱικτύων
2329 1359 2407 1424 δὲ,
2457 1360 2641 1414 οὐκέτι
2694 1360 2862 1430 λέγει,
2923 1378 2944 1412 r
2996 1357 3392 1430 παρακύπτων,
3436 1375 3456 1408 ι
3500 1356 3644 1418 ἀλλ’,

391 1450 490 1516 Qui
519 1450 661 1504 enim
705 1450 964 1519 prospicit
1004 1465 1033 1501 e
1066 1449 1297 1503 fenestra
1331 1450 1489 1503 modo
1521 1464 1578 1503 se
1617 1461 1962 1519 conspectum

2093 1470 2096 1500 ξ
2133 1452 2436 1506 ὲκκύπτων.
2480 1471 2499 1503 ›
2545 1451 2605 1506 Ὀ
2643 1452 2751 1524 γὰρ
2787 1450 3157 1524 παρακύπτων
3205 1449 3315 1520 (82)
3356 1447 3486 1502 ποτὲ
3538 1447 3648 1518 μὲν

392 1543 522 1605 dat,
560 1541 720 1596 modo
765 1556 825 1596 se
863 1540 1141 1606 subducit;
1177 1540 1268 1609 qui
1313 1554 1441 1594 vero
1475 1539 1787 1608 prominens
1834 1556 1963 1608 pro.

2095 1542 2255 1596 αυτὸν
2279 1544 2621 1597 ἀποδεικνύει
2652 1544 2783 1614 (83),
2815 1543 2943 1597 ποτὲ
2973 1542 3031 1595 δὲ
3076 1543 3372 1612 ὑποχωρεῖ·
3405 1541 3434 1594 ὁ
3458 1539 3516 1593 δὲ
3548 1541 3647 1592 ὲκ-

392 1633 568 1701 spicit,
624 1645 685 1685 se
728 1631 901 1701 ipsum
945 1640 1127 1700 :totum
1171 1630 1424 1684 ostendit.
1476 1629 1753 1700 Tanquam
1806 1631 1967 1699 igitur

2093 1636 2287 1690 ιύπτων
2334 1635 2453 1688 ὅλον
2494 1635 2686 1688 ἑαυτὸν
2730 1634 3028 1689 ἐπιδίδωσι.
3064 1628 3383 1703 Ὅσπεροῦν
3426 1631 3515 1686 διὰ
3558 1631 3649 1684 δι-

392 1739 489 1791 per
514 1724 651 1778 retia
688 1738 747 1777 se
781 1733 950 1777 totum
980 1721 1346 1776 manifestavit
1375 1736 1471 1790 per
1496 1730 1719 1776 sanctos
1746 1731 1963 1791 aposto-

2093 1728 2268 1792 ιτύων,
2312 1728 2401 1782 διὰ
2452 1727 2560 1780 τῶν
2591 1729 2761 1797 ἁγίων
2804 1727 3137 1792 ἀποστόλων,
3163 1725 3282 1779 ὅλον
3335 1724 3528 1778 ἑαυτὸν
3553 1725 3649 1776 ὲν·-

394 1818 490 1871 los.
519 1816 730 1871 Etenim
774 1816 876 1869 hoc
925 1818 1041 1884 ipso
1077 1812 1217 1883 quod
1255 1813 1548 1882 piscatoria
1587 1812 1832 1867 nominat
1880 1812 1963 1865 in-

2098 1822 2306 1891 φάνισε.
2330 1822 2440 1874 Καὶ
2465 1821 2574 1893 γάρ
2597 1820 2665 1875 δι’
2692 1821 2864 1891 αὐτῆς
2882 1821 2982 1890 τῆς
3008 1819 3299 1889 ὀνομασίας
3322 1817 3431 1870 τῶν
3458 1816 3651 1870 ἀλιευ-

394 1918 716 1973 strumenta,
752 1908 1087 1962 vocationem
1124 1905 1367 1976 praedicit
1402 1905 1768 1974 apostolorum
1789 1943 1806 1968 ,
1841 1903 1966 1971 qui-

2093 1918 2232 1971 λικῶν
2260 1917 2505 1989 ὀργάνων
2527 1916 2626 1985 τὴν
2655 1915 2763 1969 τῶν
2790 1913 3103 1969 ἀποστόλων
3140 1908 3473 1983 προφητεύει
3510 1908 3651 1979 κλῆο

393 2001 493 2055 bns
520 1999 637 2069 ipse
665 1999 798 2054 dicit
828 2016 841 2053 :
873 2017 893 2050 ι
932 1998 1122 2052 Venite
1152 2007 1276 2068 post
1301 2012 1406 2059 me,
1442 1996 1634 2050 faciam
1665 2011 1762 2051 vos
1785 1996 1963 2063 pisca-

394 2102 537 2145 tores
564 2089 842 2146 hominum
880 2109 893 2144 :
943 2090 1021 2144 illi
1052 2100 1230 2144 autem
1270 2088 1511 2145 dimissis
1540 2088 1748 2145 retibus
1793 2089 1964 2143 secuti

2093 2124 2098 2151 ι
2106 2103 2213 2172 μᾶς
2234 2101 2403 2164 ἁλιεῖς
2426 2100 2750 2171 ἀνθρώπων*
2789 2101 2838 2152 oi
2866 2098 2924 2152 δὲ
2956 2098 3183 2166 ἀφέντες
3204 2097 3271 2150 τά
3300 2095 3490 2148 δίκτυα
3511 2086 3653 2163 ἡκο-

394 2191 516 2237 εικιῑ
537 2196 658 2236 eum
694 2182 733 2233 ¹·
766 2199 785 2232 ³
816 2181 947 2248 Qua3
976 2180 1484 2251 ἱείιυτεείιυιιηιιιτ,
1513 2177 1800 2234 “milites”
1821 2181 1966 2249 (ἰυοά
2067 2192 2335 2264 λούθησαν
2362 2192 2529 2262 αὐτῷ.
2559 2211 2578 2245 ι
2622 2192 2689 2244 Ἠ
2712 2191 2890 2244 τοίνυν
2929 2189 3216 2243 ἀκολουθία
3245 2188 3308 2241 τὸ
3334 2186 3522 2257 λεχθὲν
3548 2203 3659 2239 σα-

2070 2028 2172 2073 σιν,
2203 2005 2283 2070 οἷς
2316 2006 2467 2063 εἶπεν
2493 2009 2674 2071 αὐτός’
2711 2027 2729 2060 ι
2766 2006 2926 2060 Δεῦτε
2957 2006 3132 2059 ὀπίσω
3170 2021 3292 2075 μου,
3319 2001 3412 2056 καὶ
3431 2002 3654 2071 ποιήσω
3745 2056 3765 2065 _

394 2275 624 2329 diximus
649 2274 1044 2340 declarabunt;
1082 2274 1157 2328 ait
1183 2274 1331 2328 enim
1362 2289 1378 2326 :

470 2423 574 2478 LII.
614 2422 779 2476 Vsus.
818 2422 903 2479 I0.
942 2421 1232 2488 Respondet
1268 2422 1537 2490 fratruelis
1570 2437 1738 2483 meus,
1767 2431 1813 2473 et
1837 2418 1968 2472 dicit

395 2511 562 2564 mihi:
608 2510 798 2580 Surge,
841 2510 972 2573 veni,
1019 2512 1261 2578 proxima
1323 2528 1464 2575 mea,
1535 2511 1921 2580 pulchrmmea
1948 2548 1964 2576 ,

395 2604 632 2657 columba
667 2620 802 2657 mea.

466 2693 598 2749 Nam
628 2709 723 2763 per
763 2695 863 2748 hos
902 2695 1046 2763 ipsos
1075 2705 1292 2750 sanctos
1343 2696 1614 2764 apostolos
1652 2703 1896 2749 vocatam
1936 2707 1965 2745 a

396 2797 735 2852 peccatorum
769 2787 919 2854 lapsu
950 2802 1068 2840 eam
1104 2786 1263 2858 erigit
1293 2786 1477 2843 dicens
1504 2806 1518 2843 :
1564 2808 1581 2839 ι
1609 2789 1800 2855 Surge,
1824 2786 1966 2852 veni,

397 2880 656 2948 pulchra;
688 2895 707 2931 ι
735 2887 789 2932 et
813 2877 1116 2932 columbam
1161 2877 1320 2932 simul
1367 2895 1486 2932 eam
1543 2888 1702 2933 vocat
1744 2887 1968 2947 propter

397 2977 594 3026 donum
637 2970 872 3039 Spiritus
937 2970 1109 3023 sancti
1134 3011 1150 3037 ,
1184 2980 1239 3024 et
1292 2981 1510 3041 propter
1550 2985 1670 3026 eam
1696 2984 1857 3039 qnam
1889 2967 1963 3022 illi

398 3065 655 3135 praecipit,
688 3061 1117 3132 simplicitatem.

501 3277 632 3335 LII.
667 3278 830 3334 Vens.
865 3276 951 3331 II.
988 3275 1249 3341 Quoniam
1281 3288 1398 3327 ecce
1428 3272 1596 3325 hiems
1627 3272 1863 3325 transiit.

470 3392 707 3446 Iliemem
744 3389 904 3457 igitur
934 3395 1090 3439 vocat
1129 3385 1423 3437 salutarem
1456 3381 1759 3448 passionem
1795 3418 1811 3443 ,
1845 3394 1968 3433 cum

401 3492 771 3553 tempestatem
826 3479 968 3547 passi
1019 3476 1186 3531 Judaei
1224 3476 1274 3528 in
1334 3473 1709 3544 gravissimum
1766 3472 1972 3525 incide-

401 3588 526 3631 runt
571 3573 798 3628 exiliunt
834 3588 848 3624 :
897 3569 980 3622 vel
1016 3570 1178 3623 etiam
1220 3566 1449 3619 hiemem
1501 3574 1662 3617 vocat
1706 3562 1971 3617 idolorum

399 3670 640 3729 cultum,
687 3678 848 3732 quem
900 3663 967 3715 ab
1014 3677 1076 3715 ea
1121 3658 1370 3715 removit.
1421 3656 1479 3709 ln
1529 3666 1759 3724 utroque
1808 3670 1970 3711 sensu

400 3758 575 3814 hiems
635 3754 871 3810 transiit.
914 3752 1096 3821 Neque
1150 3750 1295 3805 enim
1343 3747 1573 3818 amplius
1611 3757 1841 3801 mortem
1877 3762 1974 3802 ex-

402 3859 633 3921 spectat,
666 3849 756 3917 qui
792 3845 959 3901 semel
984 3859 1079 3913 pro
1116 3843 1272 3897 nobis
1318 3855 1515 3911 passus
1562 3850 1646 3894 est
1674 3838 1934 3894 Dominus
1958 3878 1975 3904 ,

399 3942 847 4016 quemadmodum
882 3936 1170 4008 Apostolus
1196 3936 1274 3989 ait
1303 3952 1316 3988 :
1349 3951 1369 3984 ι
1402 3931 1542 3987 Mors
1574 3932 1648 3986 illi
1676 3947 1784 3986 non
1832 3932 1971 3986 ultra

401 4034 798 4097 dominabitur;
830 4031 974 4100 quod
1024 4031 1168 4084 enim
1197 4033 1440 4080 mortuus
1477 4033 1583 4089 est,
1621 4034 1865 4078 mortuus
1894 4035 1979 4078 est

400 4128 565 4183 semel
592 4135 846 4195 peccato;
870 4122 1011 4192 quod
1038 4130 1215 4174 autem
1241 4119 1391 4181 vivit,
1418 4118 1549 4171 vivit
1579 4116 1688 4170 Deo
1715 4118 1758 4172 ³.
1785 4135 1805 4167 ι
1826 4115 1976 4183 Quod

401 4230 579 4273 autem
627 4217 800 4271 hiems
848 4228 1033 4269 revera
1090 4209 1425 4279 intelligenda
1454 4211 1548 4267 {sit
1595 4208 1776 4277 passio
1807 4247 1822 4272 ,
1860 4208 1980 4261 vide

401 4309 622 4365 Petrum
657 4312 973 4374 tempestate
992 4302 1253 4373 jactatum
1280 4310 1497 4369 propter
1521 4309 1721 4353 metum
1759 4297 1976 4353 Iudaeo-

404 4416 544 4457 rum.
571 4398 676 4454 Sed
697 4398 870 4452 hiems
896 4394 1154 4464 praeteriit
1178 4409 1195 4458 ;
1240 4407 1363 4445 nam
1390 4399 1510 4459 post
1531 4392 1978 4445 resurrectionem

2071 2287 2169 2355 φὲς
2195 2286 2306 2357 (84)
2338 2283 2789 2353 ἀποδείξει’λέγει
2819 2283 2946 2355 γάρ·

2152 2420 2275 2473 NB'.
2317 2421 2407 2473 Στ.
2440 2427 2494 2474 ι’.
2543 2420 2942 2488 Ἀποκρίνεται
2985 2417 3306 2487 ἀδελφιδός
3348 2433 3489 2486 μου,
3545 2414 3652 2471 και

2070 2512 2232 2583 λέγει
2255 2531 2375 2583 μοι·
2425 2511 2709 2579 Ἀνάστα,
2755 2512 2914 2577 ἐλθὲ,
2951 2512 2989 2581 ὴ
3036 2511 3304 2580 πλησίον
3322 2527 3463 2580 μου,
3487 2508 3652 2577 κα.ὶὴ

2066 2624 2207 2677 μου,
2238 2604 2557 2675 περιστερά
2581 2624 2722 2675 μου.

2137 2699 2214 2751 Δι’
2237 2698 2412 2752 αὐτῶν
2447 2696 2555 2767 γὰρ
2582 2696 2783 2749 τούτων
2813 2695 2920 2749 τῶν
2951 2697 3118 2765 ἁγίων
3150 2693 3464 2749 ἀποστόλων
3494 2691 3650 2746 καλέ-

2074 2806 2171 2853 σας
2207 2788 2394 2858 αὐτὴν,
2436 2774 2715 2857 ἀνίστησιν
2744 2787 2860 2859 ἀπὸ,
2888 2786 2983 2840 τού
3020 2785 3308 2856 πτώματος
3331 2784 3437 2838 τῶν
3464 2785 3651 2855 ἁμαρ-

2071 2879 2347 2949 τημάτων,
2382 2877 2576 2946 λέγων·
2622 2896 2641 2929 t
2685 2878 2934 2943 Ἀνάστα,
2968 2878 3107 2943 ἐλθὲ,
3139 2878 3279 2949 καλή
3307 2895 3320 2908 ·
3356 2896 3375 2929 ι
3408 2876 3525 2947 ἅμα
3555 2876 3652 2930 καὶ

2075 2969 2404 3040 περιστερὰν
2460 2968 2679 3032 καλῶν,
2722 2970 2811 3025 διά
2851 2988 2909 3024 τε
2955 2970 3053 3042 τὴν
3092 2969 3301 3042 δωρεὰν
3349 2968 3443 3022 τοῦ
3490 2968 3652 3039 ᾁγίοι·

2074 3061 2409 3133 Πνεύματος,
2448 3062 2541 3115 καὶ
2597 3061 2664 3115 δι’
2689 3062 2756 3133 ἣν
2789 3062 3000 3117 κελεύει
3030 3062 3174 3134 ἔχειν
3201 3062 3372 3133 αὐτὴν
3400 3060 3641 3134 ἀκεραιό

2002 3142 2044 3198 C
2075 3171 2211 3223 τητα

2146 3268 2271 3321 Nl".
2298 3268 2419 3322 Ὅτι
2461 3267 2588 3323 ἰδοὺ
2618 3271 2651 3323 ό
2679 3267 2899 3338 χειμὼν
2922 3267 3250 3337 παρῆλθεν.

2143 3382 2403 3451 Χειμῶνα
2442 3378 2534 3436 οὖν
2569 3382 2631 3436 τὸ
2673 3384 2937 3454 σωτήριον
2963 3382 3134 3445 πάθος
3166 3382 3338 3446 καλεῖ,
3366 3384 3425 3435 ὲν
3459 3377 3505 3451 ᾧ
3535 3400 3646 3453 χει-

2079 3474 2377 3544 μασθέντες
2394 3476 2443 3527 οἱ
2478 3475 2717 3527 Ἰουδαῖοι
2751 3474 2991 3545 χαλεπὴν
3016 3473 3330 3543 ὑπέστησαν
3355 3474 3654 3528 ἀπώλειαν·

2076 3566 2218 3634 ἦτοι,
2256 3565 2321 3636 ἢν
2348 3565 2628 3636 ἀπήλασεν
2658 3568 2751 3619 ἀπ’
2786 3567 2976 3636 αὐτῆς,
3003 3566 3464 3635 είδωλολατρείαν.
3513 3566 3655 3621 Καθ’

2077 3660 2313 3729 ἑκάτερα
2358 3658 2416 3711 δὲ
2463 3660 2493 3710 ὁ
2535 3656 2743 3731 χειμὼν
2776 3658 3085 3729 παρῆλθεν·
3122 3656 3247 3711 οὔτε
3273 3658 3381 3730 γὰρ
3423 3659 3505 3712 ἔτι
3539 3659 3654 3732 (85)

2077 3752 2303 3806 θάνατον
2350 3751 2625 3823 ἐκδέχεται
2676 3751 2808 3822 (86),
2844 3750 2989 3818 ἅπαξ
3033 3752 3174 3823 ὑπὲρ
3213 3752 3376 3823 ἡμῶν
3405 3751 3595 3806 παθὼν
3626 3754 3655 3808 ἐ

2076 3844 2299 3916 Κύριος·
2350 3844 2425 3906 ῶς
2474 3845 2566 3898 καὶ
2612 3844 2766 3913 ἅγιος
2816 3844 3136 3907 Ἀπόστολος
3163 3840 3303 3897 εἶπε’
3353 3863 3373 3896 r
3413 3845 3656 3911 Θάνατος

2076 3935 2241 3990 αὐτοῦ
2270 3936 2369 3989 ούκ
2393 3936 2472 3990 ἔτι
2532 3935 2810 4008 κυριεύσει
2839 3935 2974 4005 (8⁸7)-
3026 3935 3054 3988 ὃ
3081 3936 3190 4007 γὰρ
3218 3935 3510 3999 ἀπέθανεν,
3543 3938 3654 3991 ἀπ-

2078 4028 2267 4084 έθανεν
2311 4031 2395 4097 ἐφ’
2428 4028 2573 4096 ἅπαξ
2605 4032 2668 4100 τῇ
2700 4028 2961 4100 ἀμαρτίῳ
2997 4027 3025 4080 δ
3058 4027 3115 4082 δὲ
3147 4026 3236 4098 ζῇ,
3264 4026 3329 4098 ζῇ
3354 4027 3431 4098 τῷ
3454 4026 3595 4099 θεῷ.
3626 4046 3652 4081 ι

2081 4121 2200 4174 Ὅτι
2229 4120 2286 4173 δὲ
2320 4119 2429 4191 (88)
2458 4119 2627 4183 ὅντως
2654 4119 2861 4190 χειμὼν
2892 4119 2953 4171 τὸ
2979 4118 3170 4183 πάθος,
3203 4119 3363 4189 βλέπε
3395 4119 3652 4190 χειμαζό-

2082 4226 2240 4280 μενον
2261 4208 2352 4262 τὸν
2374 4208 2577 4280 Πέτρον
2602 4208 2691 4261 διὰ
2720 4208 2811 4261 τὸν
2843 4208 3004 4277 φόϐον
3033 4208 3142 4260 τῶν
3183 4208 3479 4261 Ἰουδαίωνο
3514 4209 3654 4263 ἀλλά

2080 4300 2357 4372 παρῆλθεν
2389 4295 2562 4363 οὗτος.
2602 4300 2754 4353 Μετά
2783 4299 2892 4370 γάρ
2924 4300 3022 4369 τὴν
3047 4298 3340 4353 ἀνάστασιν
3374 4300 3525 4355 εὐδία
3559 4303 3653 4371 γέ-

2081 4410 2235 4461 γονεν
2271 4395 2328 4446 ὲν
2352 4395 2418 4463 τῇ
2455 4391 2795 4463 πληροφορίᾳ
2824 4391 2923 4461 τῆς
2952 4392 3189 4456 πίστεως
3217 4395 3316 4465 τῆς
3345 4392 3438 4446 τοῦ
3474 4395 3653 4449 Mavo-

408 4493 547 4547 t‘acta
584 4500 667 4544 est
706 4486 1065 4556 tranquillitas
1097 4499 1194 4553 per
1231 4483 1442 4552 plenam
1486 4494 1797 4553 certamque
1820 4484 1972 4539 iidem

2093 4483 2270 4554 γενοῦς
2294 4485 2565 4557 θεότητοςο
2590 4483 2683 4537 καί
2711 4496 2895 4555 φησιν·

407 4582 702 4639 divinitatis
740 4579 1042 4650 Unigeniti;
1078 4586 1134 4631 et
1165 4575 1241 4630 ait
1277 4592 1293 4630 :

476 4775 499 4809 ⁸
528 4773 693 4828 Marc.
722 4787 760 4838 I,
800 4769 1000 4839 17,18.
1098 4771 1119 4801 ³
1153 4768 1311 4825 Rom.
1351 4783 1426 4833 vt,
1465 4766 1532 4833 9,
1563 4767 1651 4823 I0.

476 4949 590 5020 (82)
642 4949 658 4970 '
680 4953 723 5003 ο
752 4948 861 5020 γὰρ
885 4950 1307 5020 παρακύππωφςμ
1333 4947 1527 5020 absunt
1544 4960 1601 5020 ar
1624 4960 1743 5020 meo
1769 4947 1889 5002 cod.
1927 4955 1982 5000 et

417 5017 602 5077 Vallic.
633 5017 770 5087 qua!
790 5017 1034 5074 revocavi
1068 5036 1099 5074 a
1129 5022 1249 5075 cod.
1275 5017 1498 5072 Barber.
1526 5019 1606 5070 Ad
1638 5018 1780 5071 hunc
1802 5021 1978 5070 locum

407 5094 574 5163 probe
604 5090 1003 5163 intelligendum
1038 5090 1423 5163 constituenda
1452 5088 1779 5163 estpropria
1815 5087 1981 5163 signi-

407 5155 585 5218 Iicatio
618 5162 761 5215 verbi
778 5155 1151 5230 ἓταρακύπτω.
1191 5158 1465 5230 Ατὶειονιι.
1497 5156 1722 5230 εἰρήνῃ
1749 5171 1797 5211 ν.
1829 5155 1929 5230 981-
1961 5173 1975 5208 :

406 5235 516 5288 Καὶ
547 5231 655 5303 γὰρ
696 5226 900 5303 ἐκεῖναι
942 5231 1293 5303 προκλίνασαι
1333 5226 1431 5303 τῆς
1467 5226 1687 5303 αὐλείας
1723 5226 1974 5303 παρακὺ-

405 5296 639 5357 πτουσιί
677 5300 781 5372 κάν
819 5317 902 5372 τις
932 5296 1175 5372 προσέχῃ
1209 5300 1301 5352 τὸν
1335 5297 1458 5372 νοῦν
1492 5297 1718 5372 αὑταῖς,
1759 5296 1971 5372 ἀναχω-

409 5374 607 5455 ροῦσις
646 5369 768 5441 κᾷτ’
808 5358 899 5440 ἣν⁷
944 5358 1608 5455 ἀπίηέψπαρακύξττουσικ
1684 5358 1973 5455 Scholiast.

407 5430 799 5516 irpoxhivaq'at.
831 5430 1265 5513 ’παρανοίξασαιξ
1313 5455 1357 5516 «-
1380 5434 1512 5487 Nam
1540 5435 1658 5516 illa:
1712 5434 1978 5516 semiada-

407 5501 574 5581 pertis
601 5511 806 5567 foribus
832 5501 1193 5579 prospectant,
1218 5527 1252 5581 _r_
1275 5504 1360 5559 vel
1393 5504 1672 5581 «reclusis
1702 5501 1975 5581 paululum

408 5572 613 5640 Ioribus
640 5582 726 5635 vix
757 5572 1120 5654 prospectant.
1160 5572 1186 5654 ιθ
1217 5577 1309 5631 Est
1359 5576 1501 5627 enim
1554 5572 1934 5654 παρακύπτειν
1962 5610 1977 5635 ,

418 5672 438 5706 ι
466 5668 497 5706 e
522 5642 774 5706 fenestra'
796 5642 1024 5703 strictim
1069 5649 1331 5717 asPicei-e,
1371 5661 1389 5693 ι
1422 5658 1541 5712 qua:
1572 5642 1655 5698 est
1688 5643 1862 5698 Cicer.
1896 5642 1975 5697 lo-

410 5723 554 5779 cutio
588 5722 679 5773 lib.
727 5735 742 5771 I
785 5720 856 5772 De
890 5717 1062 5781 0rat.,
1102 5716 1150 5771 εἰ
1189 5716 1278 5769 55.

481 5790 591 5852 (85)
633 5789 819 5843 Vallic.
850 5787 1040 5842 Caeteri
1071 5787 1223 5842 codd.
1250 5782 1595 5837 ἐπιδεικνύει.

2030 5380 2033 5389 ·
2078 5359 2226 5426 ἅπαξ
2284 5359 2424 5431 ὑπὲρ

2154 4942 2267 5015 (84)
2308 4941 2399 5015 _Sic
2417 4955 2555 5015 ipss,
2585 4954 2792 5015 omnes.
2821 4937 3131 5015 Legendum
3165 4948 3339 4995 tamen
3368 4940 3558 5011 σαφῶς

2154 5009 2266 5083 (85)
2304 5012 2381 5083 Ita
2417 5011 2606 5083 vallic.
2644 5011 2846 5083 Caneri
2868 5009 2949 5083 ἔτι
2977 5009 3110 5083 ούτ’.

2151 5079 2262 5152 (86)
2303 5081 2523 5152 Proprie
2548 5081 2774 5152 θάνατον
2795 5080 2895 5132 οὐκ
2924 5079 3201 5149 ἐκδέχεται
3241 5096 3260 5130 t
3284 5082 3513 5136 mortem
3545 5096 3652 5137 non

2079 5149 2374 5220 exspectat.
2410 5149 2430 5203 ἱ
2468 5149 2631 5204 Vetus
2675 5151 2943 5217 interpres
2990 5153 3181 5212 habet,
3240 5168 3258 5199 ι
3289 5165 3385 5205 nec
3421 5163 3652 5205 mortem

2080 5240 2178 5290 pro
2201 5222 2351 5277 nobis
2373 5222 2628 5288 suscepit.
2656 5238 2674 5269 ι
2712 5220 3019 5287 Legendum
3050 5220 3373 5288 (suscipit,r
3417 5223 3559 5289 quod
3596 5223 3650 5276 in

2080 5294 2343 5360 impressa
2381 5292 2521 5360 typis
2547 5291 2783 5360 editione
2806 5291 3150 5344 emendatum
3181 5293 3451 5358 oportuit;
3479 5302 3534 5345 et
3560 5292 3651 5344 illa

2467 5359 2622 5430 ἡμῶν
2670 5376 2774 5413 non
2819 5360 3185 5430 coniungenda
3246 5376 3367 5414 cum
3421 5360 3653 5415 θάνατον

2078 5433 2377 5501 ἐκδέχεται,
2394 5429 2497 5484 sed
2519 5446 2641 5483 cum
2671 5430 2880 5501 παθῶν.
2907 5429 2983 5483 Ea
3006 5431 3186 5485 versio
3210 5445 3449 5485 errorem
3477 5433 3654 5486 conti-

2076 5513 2172 5556 net
2205 5500 2673 5561 absurdissimum,
2730 5519 2747 5551 ε
2768 5500 3041 5554 Christum
3072 5502 3326 5554 nimirum
3365 5517 3463 5571 pro
3496 5502 3653 5556 nobis

2078 5585 2307 5626 mortem
2337 5587 2441 5623 non
2476 5571 2805 5639 suscepisse.
2842 5591 2861 5623 ι

2155 5641 2267 5710 (87)
2307 5639 2471 5692 Sacer
2506 5637 2683 5694 textus
2712 5637 2893 5710 habet
2934 5639 3197 5710 κυριεύει.
3254 5640 3359 5699 Sed
3407 5640 3653 5709 vulgatus

2086 5713 2353 5776 interpres
2369 5710 2504 5781 legit
2535 5709 2832 5781 κυριεύσει.

2159 5780 2271 5853 (88)
2308 5777 2382 5831 Δέ
2405 5777 2491 5834 est
2514 5794 2581 5833 ex
2607 5777 2724 5835 cod.
2758 5779 2945 5834 Vallic.
2983 5780 3149 5836 Abest
3182 5796 3211 5836 a
3248 5795 3370 5841 meo
3396 5790 3452 5837 et
3481 5778 3647 5836 Barb.
