3878 6270
187 359 246 411 69
1073 359 1473 418 ENARBA'I'IO
1511 361 1580 416 IN
1613 360 1970 419 CANTICUM
2012 362 2484 421 CANTICORUM.
3333 362 3407 421 70

243 467 353 520 NA'.
412 467 470 521 '0
500 470 674 538 ὑετὸς
721 472 1029 542 παρῆλθεν
1068 474 1203 545 (89),
1245 475 1539 544 ἐπορεύθη
1597 475 1721 529 eav-

1910 474 2046 531 LIV.
2091 474 2278 531 Pluvia
2301 478 2472 543 abiit,
2517 487 2566 532 et
2598 477 2809 531 recessit
2837 474 2955 533 sibi.

184 573 267 623 τφσ

240 650 365 712 Τοὺς
391 650 730 721 πειρασμοὺς
754 652 974 723 βροχαῖς
993 656 1315 727 παρεικάζει
1343 657 1372 710 ό
1399 655 1623 729 Κύριος,
1649 655 1734 710 λέ-

181 759 278 809 γων
325 740 449 813 περὶ
503 741 612 795 τῶν
679 743 1162 817 τεθεμελιωμένων
1219 751 1278 802 ἐν
1327 752 1393 820 τῇ
1428 750 1602 821 πέτρᾳ
1650 748 1731 802 δι-

183 834 345 887 καίων
382 852 401 885 ι
435 834 655 906 Κατὲὗη
683 838 717 907 ὴ
756 836 945 909 βροχὴ,
976 834 1140 910 ἦλθον
1167 841 1215 893 οἱ
1246 840 1501 911 ποταμοὶ,
1537 841 1731 894 ἔπνευ-

183 942 265 980 σαν
306 928 343 979 λ
389 928 603 998 ἄνεμοι,
650 930 1060 1003 προσέκρουσαν
1098 936 1163 1005 τῇ
1196 934 1344 1005 οἰκίᾳ
1389 932 1591 1005 ἐκείνῃ,
1635 932 1730 986 καὶ

180 1016 262 1068 οὐκ
305 1014 495 1069 ἔπεσεν
518 1034 532 1047 ·
583 1017 969 1090 ἐτεθεμελίωτο
1008 1020 1118 1092 γὰρ
1156 1023 1250 1076 ἐπὶ
1288 1021 1387 1093 τὴν
1427 1021 1653 1094 πέτραν.
1706 1042 1724 1074 ι

179 1106 276 1159 Ἵνα
304 1101 394 1160 οὖν
423 1109 576 1181 εῐπῃο
613 1110 676 1163 Οἱ
702 1112 999 1182 πειρασμοὶ
1028 1112 1139 1183 (90)
1166 1114 1212 1165 οἱ
1241 1113 1334 1166 τοῦ
1363 1113 1569 1176 πάθους
1596 1130 1733 1184 παρ·

178 1195 340 1266 ἦλθον*
378 1216 396 1248 ι
434 1198 496 1251 Ὁ
528 1198 757 1271 χειμὼν,
805 1220 825 1253 ι
865 1203 1023 1273 φησὶ,
1059 1223 1079 1255 ι
1126 1203 1425 1275 παρῆλθεν,
1490 1204 1519 1255 ὁ
1576 1204 1730 1268 ὑετὸς

176 1286 393 1357 ἀπῆλθεν
413 1290 616 1361 ἐαυτῷ.
651 1310 672 1343 ι

232 1377 343 1430 NE’.
373 1380 468 1434 Στ.
507 1380 595 1436 ιϐ’.
640 1382 719 1437 Τὰ
744 1382 895 1451 ἄνθη
924 1381 1091 1453 ὤφθη
1113 1384 1184 1437 ἐν
1203 1382 1277 1452 τῇ
1303 1383 1382 1453 τῇ
1399 1383 1569 1455 ἡμῶν
1593 1385 1726 1457 (9|).

232 1469 395 1540 Ὅπερ
417 1472 589 1537 ἐστὶν,
627 1475 662 1545 ὴ
698 1475 799 1545 τῆς
828 1475 938 1528 τῶν
958 1475 1129 1545 ἁγίων
1158 1477 1470 1531 ἀποστόλων
1492 1479 1729 1542 πίστεως

177 1561 365 1617 εὐωδία.

229 1652 360 1721 NC’.
394 1653 609 1722 Καιρύς
632 1652 744 1721 τῆς
769 1654 957 1725 τομῆς
978 1656 1257 1725 ἔφθακεν,

231 1741 326 1795 Τοῦ
351 1743 646 1813 τέμνεσθαι
688 1743 800 1816 (92)
840 1746 910 1800 τὰ
945 1747 1198 1818 κλήματα
1239 1749 1334 1802 καὶ
1371 1749 1727 1821 καθαίρεσθαι

1914 653 2252 706 l'entattones
2304 650 2515 720 pluviis;
2541 649 2805 704 assimilat
2833 648 3092 704 Dominus
3116 686 3133 713 ,
3164 662 3286 703 cum
3321 648 3404 705 lo-

1834 747 2036 815 quitur,
2070 744 2137 798 de
2171 743 2238 798 iis
2260 743 2349 812 qui
2383 741 2588 796 fundati
2624 751 2752 796 sunt
2789 755 2952 811 supra
2981 749 3190 809 petram
3233 738 3410 806 iusto-

1834 852 1990 890 rum:
2032 855 2051 888 t
2094 835 2378 889 Descendit
2423 835 2624 905 pluvia,
2659 842 2919 888 venerunt
2957 830 3200 900 ﬂumina,
3244 830 3410 886 ﬂave-

1834 936 1959 981 runt
1985 929 2153 992 venti,
2175 927 2521 982 etirrueruut
2548 927 2601 980 in
2626 927 2842 980 domum
2874 924 3041 991 illam,
3074 935 3254 981 etnon
3282 940 3403 981 cor-

1833 1021 1942 1073 ruit
1982 1039 1996 1073 :
2035 1018 2254 1072 fundata
2285 1020 2426 1072 enim
2459 1029 2577 1071 erat
2609 1033 2770 1087 supra
2798 1027 3006 1088 petram
3039 1018 3082 1070 ³.
3113 1037 3133 1071 ι
3177 1018 3247 1072 Ut
3273 1032 3404 1086 ergo

1832 1110 2036 1164 diceret
2068 1132 2080 1165 :
2113 1108 2463 1163 'I‘entationes
2511 1109 2777 1178 passionis
2829 1110 3211 1179 pneterierunt
3231 1150 3248 1176 ,
3281 1109 3402 1165 ait:

1837 1220 1857 1253 ι
1894 1201 2078 1258 Hiems
2103 1202 2339 1267 transiit,
2378 1200 2561 1271 pluvia
2588 1201 2814 1256 recessit
2843 1202 2968 1257 sibi.
3009 1219 3030 1253 ι

1900 1376 2011 1433 LV.
2058 1377 2222 1433 Vens.
2255 1377 2344 1432 12.
2376 1376 2565 1431 Flore:
2602 1378 2703 1430 visi
2723 1385 2842 1430 sunt
2879 1377 3099 1430 interra
3128 1383 3331 1428 nostra.

1901 1471 1957 1525 Id
1994 1481 2117 1538 est,
2153 1473 2324 1525 bonus
2350 1472 2484 1526 odor
2516 1471 2635 1525 lidei
2667 1480 2979 1524 sanctorum
3013 1468 3399 1538 apostolorum.

1902 1648 2035 1704 LVI.
2075 1648 2297 1716 Tempus
2333 1648 2574 1702 sectionis
2605 1648 2835 1701 advenit.

1904 1740 2140 1811 Tempus
2164 1741 2369 1795 scilicet
2402 1739 2621 1807 putandi
2669 1738 2943 1808 palmites,
2974 1750 3172 1804 eosque
3202 1749 3231 1788 a
3276 1747 3403 1803 pec-

175 1836 263 1889 ἀπὸ
285 1837 386 1890 τῶν
416 1838 855 1910 ἁμαρτημάτων·
889 1841 1048 1896 ἅτινά
1069 1846 1184 1897 ἐστι
1223 1844 1389 1899 τέκνα
1414 1846 1483 1900 τὰ
1518 1849 1594 1911 είς
1629 1849 1721 1917 ἐμὲ

1839 1833 1963 1887 catis
1990 1834 2277 1902 purgandi,
2300 1832 2505 1886 scilicet
2535 1830 2673 1885 ﬁlios
2709 1824 2799 1899 qui
2827 1830 3058 1883 credunt
3079 1828 3132 1879 itt
3161 1842 3268 1881 me.
3292 1825 3401 1881 Sed

175 1929 484 1984 πιστεύοντα.
544 1930 705 1985 Ἀλλὰ
739 1933 834 1985 καὶ
865 1933 985 1986 καθ’
1009 1934 1193 2006 ἕτερον
1222 1936 1441 2007 τρόπον*
1478 1954 1497 1988 ι
1523 1938 1727 2008 Καιρὸς

175 2020 253 2091 τῆς
277 2023 443 2092 τομῆς
471 2022 700 2093 ἔφθακε,
728 2043 748 2075 ι
768 2023 861 2078 τοῦ
891 2026 1080 2097 νοητοῦ
1116 2027 1259 2096 λέγω
1280 2027 1391 2098 (95)
1440 2027 1725 2100 θερισμοῦ,

173 2113 250 2166 τοῦ
264 2114 367 2185 (94)
384 2115 625 2187 θερίζειν
650 2116 717 2171 τὰ
745 2116 872 2189 ἔθνη
897 2118 1046 2172 σίτου
1070 2120 1227 2191 δίκην
1250 2121 1359 2174 ἀπὸ
1390 2121 1497 2174 τῶν
1523 2123 1727 2193 γηΐνων

174 2205 600 2277 ἑπιθυμημάτων,
643 2207 737 2261 καὶ
778 2211 1130 2281 συγκομίζειν
1166 2213 1247 2277 είς
1294 2213 1395 2276 τάς
1443 2212 1727 2283 ἀποθήκας

173 2297 253 2367 τῆς
272 2298 515 2368 οὐρανίου
543 2299 847 2368 βασιλείας.

230 2390 337 2443 ΝΖ’,
382 2392 559 2461 Φωνὴ
607 2394 897 2463 τρυγόνος
940 2390 1050 2463 (95)
1072 2391 1349 2461 ἠκούσθη
1394 2392 1465 2447 έν
1511 2395 1589 2466 τῇ
1648 2398 1727 2469 τῇ

228 2573 325 2645 τὴν
352 2574 539 2645 φωνὴν
575 2571 781 2644 ταύτην
805 2567 957 2642 οἶμαι
988 2572 1082 2627 τοῦ
1109 2575 1266 2642 ἁγίου
1302 2575 1540 2633 Παῦλου.
1584 2581 1727 2651 Τρυ-

174 2666 268 2734 γόνι
306 2668 409 2739 γὰρ
465 2668 634 2720 αὑτὸν
665 2665 987 2738 παρεικάζει
1035 2668 1124 2720 διὰ
1169 2668 1267 2740 τὴν
1297 2671 1619 2743 ἀγριότητα,
1658 2675 1725 2747 ῆν

179 2757 316 2812 πάλαι
361 2759 459 2828 μὲν
498 2757 645 2812 κατὰ
682 2756 791 2811 τῶν
840 2759 1141 2831 ἐκκλησιῶν
1177 2762 1432 2827 ἐποιεῖτο,
1469 2764 1726 2836 διωγμοῖς

177 2848 251 2900 καὶ
274 2847 535 2917 φυλακαῖς
561 2849 687 2911 τοὺς
708 2850 787 2911 είς
812 2848 904 2901 τὸν
932 2848 1133 2919 Κύριον
1167 2851 1522 2917 πιστεύοντας
1565 2857 1723 2910 ἐλαύ-

177 2957 275 2994 νων.
314 2941 468 3006 Ἀλλ’,
497 2962 518 2993 ι
559 2942 624 2994 Ἦ
653 2941 805 3012 φωνὴ
833 2942 1052 3009 γέγονεν
1083 2941 1195 3015 (96)
1227 2946 1284 2997 ἐν
1310 2948 1373 3017 τῇ
1403 2949 1471 3017 γῇ
1498 2948 1671 3019 ἡμῶν·
1700 2970 1719 3001 ι

176 3030 282 3103 ὅπερ
306 3034 468 3099 ἐστὶν,
500 3035 565 3085 ἐν
589 3036 656 3103 τῇ
700 3031 1018 3103 Ἐκκλησία.
1065 3034 1381 3107 Γέγραπται
1414 3040 1543 3110 γάρ’
1581 3060 1599 3091 ι
1645 3041 1723 3112 Γῆ

177 3122 340 3195 Θελητὴ
375 3126 541 3195 ὑμεῖς
573 3125 718 3178 ἐστε·
757 3144 778 3176 ι
816 3124 1109 3179 ἐπελάϐετο
1138 3126 1245 3199 γὰρ
1282 3128 1393 3198 (97)
1420 3129 1513 3183 τοῦ
1553 3133 1725 3203 κηρύ-

1830 1923 2013 1977 etalio
2041 1923 2238 1976 modo:
2277 1940 2297 1973 t
2340 1922 2575 1990 Tempus
2604 1920 2861 1975 sectionis
2905 1919 3146 1982 advenit,
3177 1936 3196 1969 ι
3236 1917 3402 1986 spiri-

1830 2015 1989 2070 tualis
2019 2014 2224 2069 scilicet
2253 2014 2486 2069 messis:
2514 2013 2757 2068 metendi
2790 2013 3044 2066 nimirum
3079 2010 3252 2064 instar
3282 2007 3403 2062 fru-

1829 2106 1992 2160 menti
2023 2113 2211 2175 gentes
2246 2120 2277 2160 a
2306 2106 2532 2161 terrenis
2561 2102 2950 2173 cupiditatibus
2974 2142 2992 2169 ,
3037 2114 3240 2170 easque
3272 2111 3402 2155 con-

1828 2198 1988 2255 dendi
2017 2198 2071 2252 itt
2100 2198 2311 2253 horreis
2351 2198 2502 2269 regni
2534 2196 2801 2252 caelestis.

1898 2396 2053 2452 LVII.
2100 2395 2215 2451 Vox
2243 2399 2466 2451 turturis
2501 2396 2690 2451 audita
2718 2405 2795 2451 est
2833 2395 2889 2448 in
2927 2402 3070 2448 terra
3124 2401 3326 2445 nostra.

1910 2577 2061 2633 lianc
2085 2592 2272 2632 vocem
2302 2577 2551 2632 existimo
2569 2591 2690 2632 esse
2716 2576 2778 2630 D.
2803 2574 2977 2632 Pauli.
3008 2572 3228 2627 Turturi
3256 2571 3400 2625 enim

1828 2671 1976 2725 illum
2010 2671 2270 2725 assimilat
2294 2680 2512 2738 propter
2548 2668 2817 2723 feritatem
2855 2684 3016 2739 quam
3053 2665 3181 2721 olim
3216 2671 3400 2719 contra

1827 2763 2086 2818 ecclesias
2134 2762 2464 2828 exercebat,
2503 2760 2963 2830 persecutionibus
3012 2768 3066 2811 et
3093 2754 3399 2831 carceribus

1826 2855 2027 2910 Christi
2068 2853 2255 2909 ﬁdeles
2275 2855 2574 2922 exagitans.
2605 2852 2798 2907 Verum
2823 2871 2841 2904 t
2873 2868 2972 2905 vox
3000 2848 3119 2931 ejus
3148 2849 3399 2904 clamavit

1827 2945 1881 2999 in
1914 2954 2057 3000 terra
2086 2954 2293 3009 nostra,
2325 2962 2344 2995 ι
2382 2943 2483 2998 hoc
2514 2954 2599 2998 est
2624 2942 2676 2997 in
2709 2942 2950 2997 Ecclesia
2970 2958 2985 3008 ;
3009 2938 3299 3007 scriptum’
3312 2948 3398 2994 est

1826 3036 1969 3091 enim
2008 3054 2023 3090 :
2077 3053 2097 3087 ι
2129 3034 2298 3089 Terra
2332 3044 2547 3103 accepta
2589 3033 2721 3089 estis
2746 3048 2844 3089 vos
2875 3032 2897 3063 ⁸
2935 3050 2949 3086 :
2987 3052 3006 3084 ι
3042 3030 3397 3100 apprehendit

1828 3129 1972 3184 enim
2006 3128 2442 3197 praedicationem
2474 3126 2616 3192 ﬁdei,
2650 3134 2709 3179 ut
2740 3126 2793 3179 in
2822 3140 2887 3181 eo
2910 3124 3037 3178 illud
3068 3122 3355 3191 implealur
3382 3140 3397 3175 :

388 3190 488 3289 τῆς
526 3216 786 3279 πίστεως,
817 3216 902 3269 ἵνα
934 3216 994 3269 τὸ
1032 3190 1415 3290 γεγραμμένον
1449 3224 1529 3285 είς
1562 3190 1721 3277 adadv

1839 3237 1852 3270 ι
1893 3216 2089 3273 Passer
2118 3217 2319 3271 invenit
2342 3216 2441 3270 sibi
2493 3218 2710 3270 domum
2736 3257 2751 3282 ,
2782 3226 2837 3270 et
2868 3223 3047 3269 turtur
3080 3214 3261 3267 nidum
3296 3211 3398 3266 sibi

177 3305 417 3378 πληρωθῇ,
459 3308 547 3360 ὅτι
592 3326 612 3357 ι
648 3308 935 3378 Στρουθίον
979 3302 1136 3379 εὗρεν
1182 3308 1357 3380 ἑαυτῷ
1397 3311 1593 3375 οἰκίαν,
1629 3314 1724 3368 καὶ

177 3398 355 3466 τρυγὼν
398 3399 625 3454 νοσσιὰν
674 3401 872 3470 ἐαυτῇ,
920 3392 983 3453 οὗ
1036 3399 1189 3471 θήσει
1244 3402 1312 3455 τὰ
1369 3405 1554 3458 νοσσία
1608 3407 1724 3458 ἐαυ-

178 3486 315 3555 τῆς·›
338 3491 606 3555 τουτέστι,
646 3488 715 3543 τά
747 3489 814 3542 δι’
838 3489 1002 3543 αὐτοῦ
1028 3489 1349 3545 πιστεύοντα
1380 3492 1460 3557 είς
1490 3494 1722 3565 Χριστὸν

179 3578 298 3648 ἔθνη.

233 3673 345 3727 NII’.
376 3675 467 3730 Στ.
505 3674 598 3743 ιγ’.
645 3673 708 3728 Ἠ
733 3671 898 3742 συκῆ
924 3672 1251 3743 ἐξήνεγκεν
1285 3674 1583 3741 ὀλύνθους
1617 3678 1723 3730 αὑ-

178 3778 281 3829 της.

232 3854 326 3925 Τὴν
360 3854 691 3927 Συναγωγὴν
736 3853 848 3908 τῶν
912 3853 1180 3908 Ἰουδαίων
1225 3853 1335 3925 (98)
1378 3854 1545 3924 λέγει,
1593 3858 1721 3921 τοὺς

182 3945 330 4011 ἁγίους
354 3948 739 4018 ἐξενηωχυίαν
768 3945 1115 4011 ἀποστόλους,
1148 3945 1341 4008 οἵτινες
1375 3945 1611 4001 ὀλύνθων
1638 3948 1719 4000 δί-

180 4053 259 4108 κην
280 4041 393 4105 τοὺς
415 4039 510 4092 τοῦ
542 4038 748 4111 Κυρίου
769 4037 1066 4110 γλυκεροὺς
1089 4036 1198 4107 (99)
1225 4036 1622 4108 προϐάλλονται
1640 4041 1717 4109 (I)

180 4127 348 4197 λόγους·
372 4135 499 4203 περὶ
530 4126 610 4186 ὧν
634 4133 728 4185 καὶ
765 4132 1029 4204 Ἱερεμίας
1052 4133 1081 4185 ὁ
1107 4130 1389 4195 θεσπέσιος
1412 4133 1716 4204 προφήτης·

186 4240 200 4270 t
223 4223 365 4289 Σῦκα,
385 4247 404 4279 i
419 4228 582 4297 φησὶ,
602 4246 619 4277 t
644 4225 713 4278 τὰ
732 4224 964 4296 χρηστὰ,
979 4225 1192 4296 χρηστὰ
1211 4224 1348 4281 λίαν.
1376 4244 1394 4276 ›
1416 4225 1718 4296 Πρόδρομοι

179 4310 223 4364 δέ
260 4314 422 4370 σύκων
471 4320 523 4369 οἱ
580 4314 811 4376 ὄλυνθοι,
878 4314 970 4377 οὓς
1022 4314 1351 4378 ἀποστόλους
1395 4316 1714 4388 εἰρήκαμεν.

185 4402 375 4459 Ἔπειτα
402 4406 563 4473 σῦκα,
593 4410 643 4460 οί
678 4406 795 4478 μετ’
829 4405 1027 4469 αὐτοὺς
1056 4407 1114 4459 ἐν
1152 4408 1272 4469 ταῖς
1297 4406 1478 4475 ἁγίαις
1516 4407 1716 4477 ἐκκλη-

1826 3309 1914 3363 ubi
1941 3316 2106 3378 ponat
2131 3306 2305 3377 pullos
2337 3322 2463 3361 suos
2497 3307 2539 3371 ',
2576 3326 2594 3359 i
2631 3309 2733 3363 hoc
2781 3316 2868 3361 est
2889 3346 2905 3371 ,
2934 3314 3124 3378 gentes
3157 3319 3278 3375 qua:
3302 3318 3396 3359 uer

1826 3402 1969 3456 hunc
2005 3398 2273 3472 (Paulum)
2306 3401 2537 3455 credunt
2575 3401 2628 3454 in
2653 3399 2957 3456 Christum.

1894 3658 2075 3715 LVIII.
2110 3657 2281 3714 Vens.
2320 3659 2407 3714 I5.
2445 3656 2605 3712 Ficus
2640 3659 2886 3728 produxit
2928 3673 3136 3728 grossae
3179 3672 3325 3711 suos.

1892 3860 2203 3918 Iudaeorum
2235 3862 2367 3916 dicit
2399 3861 2762 3933 Synagogam,
2796 3875 2915 3930 quae
2943 3870 3159 3917 sanctos
3182 3872 3393 3931 aposto.

1824 3956 1905 4012 los
1927 3956 2141 4019 extulit,
2166 3954 2260 4024 qui
2295 3969 2609 4025 grossorum
2638 3954 2809 4008 instar
2837 3954 3009 4009 dulcia
3038 3953 3251 4009 Domini
3278 3955 3393 4009 elo-

1821 4049 1946 4119 quia
1999 4048 2296 4119 proferunt.
2350 4045 2427 4100 De
2463 4046 2664 4116 quibus
2692 4054 2748 4100 et
2776 4044 2992 4100 divinus
3042 4055 3197 4102 vates
3241 4044 3393 4103 lere-

1820 4141 1958 4195 mias
1987 4159 2000 4194 :
2038 4158 2057 4192 ι
2090 4137 2249 4193 Ficus
2269 4138 2525 4206 optimas,
2558 4136 2790 4206 optimas
2813 4137 2972 4191 nimis
3002 4136 3045 4191 ⁸.
3079 4153 3100 4188 ι
3139 4136 3392 4193 Ficorum

1818 4233 1962 4287 enim
1992 4245 2356 4302 praecursores
2380 4240 2507 4284 sunt
2539 4228 2753 4298 grossi,
2795 4242 2933 4296 quos
2953 4241 3074 4283 esse
3116 4228 3391 4298 apostolos

1818 4320 2073 4374 diximus.
2109 4318 2309 4373 Deinde
2342 4318 2505 4382 ﬁcos,
2539 4317 2630 4384 qui
2675 4325 2798 4386 post
2839 4330 2934 4370 eos
2968 4317 3022 4371 itt
3070 4318 3272 4371 sanctis
3303 4332 3390 4373 ec-

1818 4410 1998 4466 clesiis
2051 4410 2337 4475 doctores,
2381 4409 2754 4465 suavissimam
2808 4408 3153 4466 dulcedinem
3211 4408 3390 4480 prole-

186 4495 295 4560 σίαις
330 4499 658 4562 διδάσκαλοι.
686 4499 787 4571 τὴν
813 4498 1081 4571 ἡδυτάτην
1123 4497 1547 4569 ποοῦαλλόμενοι
1584 4499 1715 4569 γλυο
1745 4541 1791 4597 D
1830 4510 1972 4557 runt.

183 4587 365 4660 τᾶτητα.

235 4704 252 4733 ⁸
275 4706 443 4762 Ilatlh.
465 4723 546 4762 vit
568 4747 588 4772 ,
624 4706 717 4761 25.

236 4863 331 4932 (89)
367 4866 455 4923 Sic
483 4864 652 4920 Barh.
697 4872 754 4920 et
798 4863 989 4920 Vallie.
1040 4863 1300 4919 Vaticana
1336 4863 1502 4918 editio
1547 4864 1709 4919 habet

182 4932 395 5009 ᾴπῆλθεν.
430 4938 496 5009 Et
519 4934 1026 5009 dnﬁliievmallem.
1058 4934 1148 4988 Sic
1173 4935 1315 4988 enim
1353 4932 1517 4989 habet
1549 4932 1707 4990 Philo

184 5005 222 5055 iu
244 5010 331 5077 line
348 5005 738 5077 explanatidnis
771 5005 927 5073 hujus
948 5019 1161 5077 versus.

234 5076 329 5146 (90)
362 5072 526 5133 Vetus
559 5072 868 5144 interpres:
898 5093 927 5146 rt
948 5072 1018 5128 Ut
1046 5088 1177 5146 ergo
1204 5073 1436 5136 diceret,
1482 5075 1707 5146 transie-

182 5156 278 5217 runt
312 5144 674 5217 passionesp
719 5145 1046 5201 tentationes
1100 5144 1196 5199 ait.
1221 5162 1242 5195 ι
1306 5144 1660 5202 Scribendum
1686 5182 1703 5212 ,

186 5215 457 5282 «passionis
484 5215 835 5272 tentatioues.
866 5233 886 5265 ι

792 4706 817 4739 ⁸
842 4704 1072 4762 Malach.
1108 4721 1191 4767 nt.
1227 4705 1318 4760 12;
1391 4706 1413 4738 ⁸
1448 4705 1589 4761 Psal.
1617 4722 1847 4772 Lxxxtn,
1878 4707 1933 4763 Δ.
2014 4710 2035 4741 ⁸
2063 4707 2264 4766 Jerem.
2298 4726 2447 4776 xxiv,
2475 4713 2527 4766 5.

1886 4864 1998 4937 (96)
2037 4865 2344 4937 Legendum
2373 4865 2869 4937 νῐιιοειιτγέγωνειρ

1893 4933 2000 5005 (97)
2044 4933 2191 4990 usus
2226 4938 2350 4989 cod.
2400 4947 2455 4991 et
2494 4933 2696 4989 Vallic.‘
2730 4946 2786 4990 et
2832 4935 2994 4991 Barh.
3030 4933 3113 4990 sic
3142 4934 3384 4992 habent:

1841 5007 1900 5087 II
1936 5005 2077 5087 θελῆ.
2111 5007 2269 5087 ὑμεῖς
2321 5006 2477 5087 ἐρτές
2535 5005 2835 5087 ἁπελαύετε
2884 5005 3014 5087 γάρ.
3068 5005 3387 5087 Mutinensis

1811 5076 2018 5148 110815:
2054 5075 2212 5146 ὑμεῖς
2238 5076 2362 5148 ἐστέ
2385 5094 2400 5107 ο
2442 5077 2738 5148 ἐπελάϐετο
2765 5076 2871 5147 γὰρ
2897 5075 2994 5129 τοῦ
3034 5075 3387 5148 κηρύγματος

1810 5145 1913 5217 τῆς
1957 5145 2214 5211 πίστεως.
2264 5145 2383 5201 Vox
2426 5146 2738 5217 γέγραπται
2783 5145 3020 5202 ostendit
3069 5145 3385 5217 loeutnAhic

1810 5214 1932 5271 esse
1953 5219 2183 5286 aliquem
2222 5233 2254 5272 e
2282 5214 2449 5271 sacra
2476 5214 2753 5286 Scriptura
2793 5217 3215 5286 depromptum.)
3246 5214 3381 5286 Cum

250 5286 324 5356 9i)
361 5288 528 5343 Vatic.
564 5286 651 5341 ed.
687 5299 790 5343 non
814 5284 980 5356 habet
1014 5284 1192 5356 ἡμῶν.

250 5355 328 5426 92)
366 5356 482 5414 Vet.
515 5358 743 5424 interpr.
792 5373 814 5406 ι
845 5355 913 5426 Ψ
939 5354 1090 5424 quasi
1118 5354 1367 5424 palmites
1392 5354 1704 5410 incidantur

181 5433 221 5501 cf
246 5424 644 5501 mandentuer
687 5434 795 5480 etc.
821 5424 1206 5501 _Existimasse
1255 5427 1465 5481 videtur
1506 5428 1706 5479 suban-

182 5492 386 5578 tlieudnm
426 5512 550 5578 esse
586 5498 770 5578 ἕνεκα.
819 5494 1126 5578 ἰξεροιειιαξ
1162 5506 1244 5551 est
1287 5511 1357 5551 ex
1400 5504 1556 5552 textu
1598 5510 1703 5551 vox

183 5565 350 5634 ωιρὸς,
384 5569 522 5623 unde
550 5570 746 5638 pendet
770 5565 865 5619 τοῦ
897 5565 1208 5637 τέμνεσθαι.

234 5634 329 5717 ρξ)
358 5636 934 5717 [ηεεωί.λέχω,.ιιιιοέ
968 5648 1053 5717 e_st
1083 5651 1152 5691 ex
1192 5636 1453 5717 _Valli_celj.

236 5702 330 5779 (ἓξ)
358 5706 514 5779 Bari).
532 5708 614 5765 τό.
641 5702 833 5765 Ῠειιίοῖ
861 5704 959 5779 τῷ.
995 5705 1300 5778 Legendum
1320 5706 1451 5779 (τοῦ.

236 5772 331 5846 (95)
368 5776 480 5835 Vat.
503 5780 631 5838 edit.
656 5779 760 5851 τῆς
785 5772 1065 5849 τρυγόνος.

1809 5298 1990 5341 autem
2020 5285 2161 5355 apud
2193 5287 2507 5341 Malachiam
2537 5285 2763 5354 legatur.
2798 5285 2993 5351 tit,12,
3022 5285 3158 5341 διότι
3190 5285 3379 5341 ἔσεσθε

1801 5356 1959 5431 opst;
2004 5358 2077 5431 γῆ
2129 5356 2534 5431 Os).qti1,_}.616t
2577 5359 2815 5431 Κύριος,
2866 5367 3150 5427 propterea
3195 5370 3382 5412 emen-

1799 5428 1976 5498 danda
2003 5428 2424 5498 haecAutedidi.
2486 5472 2493 5479 .

1871 5497 1983 5568 (98)
2025 5494 2169 5555 Vet.‘
2213 5499 2483 5568 interpres
2547 5500 2726 5556 reddit
2787 5504 2994 5553 tantum
3052 5494 3379 5553 sententiam

1798 5566 1972 5623 Graeci
2002 5578 2200 5622 textus.

1871 5637 1984 5711 (99)
2023 5638 2371 5711 Plgxspobc
2404 5638 2657 5711 λόγους.
2694 5637 2816 5711 Vet.
2870 5640 3067 5705 interp.
3121 5654 3141 5688 ι
3164 5636 3377 5695 diversa

1799 5708 2032 5776 eloquia.
2063 5727 2082 5760 ι
2128 5708 2350 5764 Videtur
2374 5712 2612 5764 codicem
2649 5709 2900 5763 habuisse
2934 5718 3269 5773 corruptum.

1872 5779 1948 5850 (ί)
1989 5780 2082 5834 Sic
2113 5780 2418 5836 emendavi.
2481 5778 2631 5834 Meus
2677 5789 2731 5835 et
2770 5779 2929 5836 Barb.
2983 5777 3372 5848 προϐάλλοντα.
