  <div class='ocr_page' id='page_1' title='image "/cluster/home/n/w/nwhite01/storage/ocr_20150623/40/hvd.32044073501850/043.png"; bbox 0 0 3878 6270; ppageno 0'>
   <div class='ocr_carea' id='block_1_1' title="bbox 385 317 1962 399">
    <p class='ocr_par' dir='ltr' id='par_1_1' title="bbox 385 323 1962 385">
     <span class='ocr_line' id='line_1_1' title="bbox 385 323 1962 385; baseline -0.001 -2"><span class='ocrx_word' id='word_1_1' title='bbox 385 323 447 383; x_wconf 77' lang='grc' dir='ltr'>ἠ</span> <span class='ocrx_word' id='word_1_2' title='bbox 1521 325 1842 385; x_wconf 72' lang='grc' dir='ltr'>ΡιιιιοΝιε</span> <span class='ocrx_word' id='word_1_3' title='bbox 1873 323 1962 383; x_wconf 82' lang='lat' dir='ltr'><strong>EP</strong></span> 
     </span>
    </p>
   </div>
   <div class='ocr_carea' id='block_1_2' title="bbox 2084 317 3683 399">
    <p class='ocr_par' dir='ltr' id='par_1_2' title="bbox 2084 317 3683 399">
     <span class='ocr_line' id='line_1_2' title="bbox 2084 317 3683 399; baseline -0.005 -17"><span class='ocrx_word' id='word_1_4' title='bbox 2084 323 2181 382; x_wconf 76' lang='lat' dir='ltr'><strong>om</strong></span> <span class='ocrx_word' id='word_1_5' title='bbox 2221 320 2544 379; x_wconf 63' lang='lat' dir='ltr'><strong>caepas&quot;</strong></span> <span class='ocrx_word' id='word_1_6' title='bbox 3568 317 3683 399; x_wconf 7' lang='grc' dir='ltr'>τε(</span> 
     </span>
    </p>
   </div>
   <div class='ocr_carea' id='block_1_3' title="bbox 495 435 1854 511">
    <p class='ocr_par' dir='ltr' id='par_1_3' title="bbox 495 435 1854 511">
     <span class='ocr_line' id='line_1_3' title="bbox 495 435 1854 511; baseline -0.002 -13"><span class='ocrx_word' id='word_1_7' title='bbox 495 435 632 498; x_wconf 79' lang='lat' dir='ltr'><strong>LIX.</strong></span> <span class='ocrx_word' id='word_1_8' title='bbox 685 438 825 496; x_wconf 78' lang='lat' dir='ltr'><strong>Vites</strong></span> <span class='ocrx_word' id='word_1_9' title='bbox 869 446 1067 495; x_wconf 67' lang='lat' dir='ltr'><strong>nostra</strong></span> <span class='ocrx_word' id='word_1_10' title='bbox 1090 440 1303 511; x_wconf 77' lang='lat' dir='ltr'><strong>ﬂorent,</strong></span> <span class='ocrx_word' id='word_1_11' title='bbox 1334 437 1593 495; x_wconf 73' lang='lat' dir='ltr'><strong>dederunt</strong></span> <span class='ocrx_word' id='word_1_12' title='bbox 1627 441 1854 496; x_wconf 80' lang='lat' dir='ltr'><strong>odorem.</strong></span> 
     </span>
    </p>
   </div>
   <div class='ocr_carea' id='block_1_4' title="bbox 457 620 1962 694">
    <p class='ocr_par' dir='ltr' id='par_1_4' title="bbox 457 620 1962 694">
     <span class='ocr_line' id='line_1_4' title="bbox 457 620 1962 694; baseline -0.003 -13"><span class='ocrx_word' id='word_1_13' title='bbox 457 623 865 694; x_wconf 85' lang='lat' dir='ltr'><strong>Consequenter</strong></span> <span class='ocrx_word' id='word_1_14' title='bbox 903 623 1086 693; x_wconf 87' lang='lat' dir='ltr'><strong>itaque</strong></span> <span class='ocrx_word' id='word_1_15' title='bbox 1110 621 1367 692; x_wconf 72' lang='lat' dir='ltr'><strong>deinceps</strong></span> <span class='ocrx_word' id='word_1_16' title='bbox 1413 621 1620 677; x_wconf 78' lang='lat' dir='ltr'><strong>vilibus</strong></span> <span class='ocrx_word' id='word_1_17' title='bbox 1662 620 1962 687; x_wconf 76' lang='lat' dir='ltr'><strong>ecclesias,</strong></span> 
     </span>
    </p>
   </div>
   <div class='ocr_carea' id='block_1_5' title="bbox 388 710 1957 784">
    <p class='ocr_par' dir='ltr' id='par_1_5' title="bbox 388 710 1957 784">
     <span class='ocr_line' id='line_1_5' title="bbox 388 710 1957 784; baseline -0.002 -17"><span class='ocrx_word' id='word_1_18' title='bbox 388 727 510 783; x_wconf 62' lang='lat' dir='ltr'><strong>qua</strong></span> <span class='ocrx_word' id='word_1_19' title='bbox 538 728 635 784; x_wconf 86' lang='lat' dir='ltr'><strong>per</strong></span> <span class='ocrx_word' id='word_1_20' title='bbox 663 714 966 769; x_wconf 71' lang='lat' dir='ltr'><strong>doctrinam</strong></span> <span class='ocrx_word' id='word_1_21' title='bbox 995 713 1194 766; x_wconf 88' lang='lat' dir='ltr'><strong>bonum</strong></span> <span class='ocrx_word' id='word_1_22' title='bbox 1233 712 1354 766; x_wconf 83' lang='lat' dir='ltr'><strong>fidei</strong></span> <span class='ocrx_word' id='word_1_23' title='bbox 1393 710 1672 781; x_wconf 74' lang='lat' dir='ltr'><strong>proferunt</strong></span> <span class='ocrx_word' id='word_1_24' title='bbox 1694 711 1913 766; x_wconf 88' lang='lat' dir='ltr'><strong>odorem</strong></span> <span class='ocrx_word' id='word_1_25' title='bbox 1941 728 1957 779; x_wconf 88' lang='lat'><strong>;</strong></span> 
     </span>
    </p>
   </div>
   <div class='ocr_carea' id='block_1_6' title="bbox 388 801 1787 876">
    <p class='ocr_par' dir='ltr' id='par_1_6' title="bbox 388 801 1787 876">
     <span class='ocr_line' id='line_1_6' title="bbox 388 801 1787 876; baseline -0.002 -17"><span class='ocrx_word' id='word_1_26' title='bbox 388 803 494 876; x_wconf 86' lang='lat' dir='ltr'><strong>ipsi</strong></span> <span class='ocrx_word' id='word_1_27' title='bbox 525 818 653 860; x_wconf 88' lang='lat' dir='ltr'><strong>vero</strong></span> <span class='ocrx_word' id='word_1_28' title='bbox 674 804 1054 875; x_wconf 83' lang='lat' dir='ltr'><strong>germinationi</strong></span> <span class='ocrx_word' id='word_1_29' title='bbox 1075 803 1298 858; x_wconf 88' lang='lat' dir='ltr'><strong>odorem</strong></span> <span class='ocrx_word' id='word_1_30' title='bbox 1340 803 1461 858; x_wconf 83' lang='lat' dir='ltr'><strong>lidei</strong></span> <span class='ocrx_word' id='word_1_31' title='bbox 1497 801 1787 857; x_wconf 87' lang='lat' dir='ltr'><strong>assimilat.</strong></span> 
     </span>
    </p>
   </div>
   <div class='ocr_carea' id='block_1_7' title="bbox 454 985 1396 1057">
    <p class='ocr_par' dir='ltr' id='par_1_7' title="bbox 454 985 1396 1057">
     <span class='ocr_line' id='line_1_7' title="bbox 454 985 1396 1057; baseline -0.002 -16"><span class='ocrx_word' id='word_1_32' title='bbox 454 985 570 1041; x_wconf 84' lang='lat' dir='ltr'><strong>LX.</strong></span> <span class='ocrx_word' id='word_1_33' title='bbox 599 985 800 1057; x_wconf 83' lang='lat' dir='ltr'><strong><em>Surge,</em></strong></span> <span class='ocrx_word' id='word_1_34' title='bbox 829 985 964 1050; x_wconf 79' lang='lat' dir='ltr'><strong>veni,</strong></span> <span class='ocrx_word' id='word_1_35' title='bbox 996 985 1235 1053; x_wconf 68' lang='lat' dir='ltr'><strong>proxima</strong></span> <span class='ocrx_word' id='word_1_36' title='bbox 1258 1000 1396 1039; x_wconf 82' lang='lat' dir='ltr'><strong>mea.</strong></span> 
     </span>
    </p>
   </div>
   <div class='ocr_carea' id='block_1_8' title="bbox 459 1069 1952 1145">
    <p class='ocr_par' dir='ltr' id='par_1_8' title="bbox 459 1069 1952 1145">
     <span class='ocr_line' id='line_1_8' title="bbox 459 1069 1952 1145; baseline -0.005 -14"><span class='ocrx_word' id='word_1_37' title='bbox 459 1076 576 1132; x_wconf 87' lang='lat' dir='ltr'><strong>Sibi</strong></span> <span class='ocrx_word' id='word_1_38' title='bbox 627 1077 929 1145; x_wconf 82' lang='lat' dir='ltr'><strong>proximam</strong></span> <span class='ocrx_word' id='word_1_39' title='bbox 974 1084 1133 1130; x_wconf 84' lang='lat' dir='ltr'><strong>vocat</strong></span> <span class='ocrx_word' id='word_1_40' title='bbox 1175 1089 1448 1144; x_wconf 80' lang='lat' dir='ltr'><strong>sponsam,</strong></span> <span class='ocrx_word' id='word_1_41' title='bbox 1484 1084 1767 1143; x_wconf 73' lang='lat' dir='ltr'><strong>propterea</strong></span> <span class='ocrx_word' id='word_1_42' title='bbox 1807 1069 1952 1140; x_wconf 88' lang='lat' dir='ltr'><strong>quod</strong></span> 
     </span>
    </p>
   </div>
   <div class='ocr_carea' id='block_1_9' title="bbox 388 1166 1964 1239">
    <p class='ocr_par' dir='ltr' id='par_1_9' title="bbox 388 1166 1964 1239">
     <span class='ocr_line' id='line_1_9' title="bbox 388 1166 1964 1239; baseline -0.001 -16"><span class='ocrx_word' id='word_1_43' title='bbox 388 1168 501 1239; x_wconf 88' lang='lat' dir='ltr'><strong>ipse</strong></span> <span class='ocrx_word' id='word_1_44' title='bbox 531 1168 598 1223; x_wconf 90' lang='lat' dir='ltr'><strong>de</strong></span> <span class='ocrx_word' id='word_1_45' title='bbox 625 1169 778 1223; x_wconf 66' lang='lat' dir='ltr'><strong>caelis</strong></span> <span class='ocrx_word' id='word_1_46' title='bbox 814 1167 1125 1231; x_wconf 87' lang='lat' dir='ltr'><strong>descendit,</strong></span> <span class='ocrx_word' id='word_1_47' title='bbox 1175 1181 1401 1237; x_wconf 80' lang='lat' dir='ltr'><strong>eamque</strong></span> <span class='ocrx_word' id='word_1_48' title='bbox 1428 1181 1523 1238; x_wconf 88' lang='lat' dir='ltr'><strong>per</strong></span> <span class='ocrx_word' id='word_1_49' title='bbox 1556 1166 1676 1221; x_wconf 82' lang='lat' dir='ltr'><strong>ﬁdei</strong></span> <span class='ocrx_word' id='word_1_50' title='bbox 1732 1168 1964 1236; x_wconf 78' lang='lat' dir='ltr'><strong>conjun-</strong></span> 
     </span>
    </p>
   </div>
   <div class='ocr_carea' id='block_1_10' title="bbox 387 1260 917 1329">
    <p class='ocr_par' dir='ltr' id='par_1_10' title="bbox 387 1260 917 1329">
     <span class='ocr_line' id='line_1_10' title="bbox 387 1260 917 1329; baseline -0.006 -12"><span class='ocrx_word' id='word_1_51' title='bbox 387 1263 619 1317; x_wconf 88' lang='lat' dir='ltr'><strong>ctioncm</strong></span> <span class='ocrx_word' id='word_1_52' title='bbox 655 1260 917 1329; x_wconf 82' lang='lat' dir='ltr'><strong>implevit.</strong></span> 
     </span>
    </p>
   </div>
   <div class='ocr_carea' id='block_1_11' title="bbox 456 1352 1482 1414">
    <p class='ocr_par' dir='ltr' id='par_1_11' title="bbox 456 1352 1482 1414">
     <span class='ocr_line' id='line_1_11' title="bbox 456 1352 1482 1414; baseline -0.004 -4"><span class='ocrx_word' id='word_1_53' title='bbox 456 1356 594 1411; x_wconf 83' lang='lat' dir='ltr'><strong>LXI.</strong></span> <span class='ocrx_word' id='word_1_54' title='bbox 641 1354 871 1409; x_wconf 82' lang='lat' dir='ltr'><strong>Pulchra</strong></span> <span class='ocrx_word' id='word_1_55' title='bbox 911 1370 1049 1414; x_wconf 80' lang='lat' dir='ltr'><strong>mea,</strong></span> <span class='ocrx_word' id='word_1_56' title='bbox 1078 1352 1317 1408; x_wconf 78' lang='lat' dir='ltr'><strong>columba</strong></span> <span class='ocrx_word' id='word_1_57' title='bbox 1345 1369 1482 1407; x_wconf 82' lang='lat' dir='ltr'><strong>mea.</strong></span> 
     </span>
    </p>
   </div>
   <div class='ocr_carea' id='block_1_12' title="bbox 456 1442 1962 1515">
    <p class='ocr_par' dir='ltr' id='par_1_12' title="bbox 456 1442 1962 1515">
     <span class='ocr_line' id='line_1_12' title="bbox 456 1442 1962 1515; baseline -0.003 -16"><span class='ocrx_word' id='word_1_58' title='bbox 456 1445 689 1499; x_wconf 81' lang='lat' dir='ltr'><strong>Pulchra</strong></span> <span class='ocrx_word' id='word_1_59' title='bbox 726 1455 944 1514; x_wconf 87' lang='lat' dir='ltr'><strong>propter</strong></span> <span class='ocrx_word' id='word_1_60' title='bbox 973 1445 1348 1515; x_wconf 72' lang='lat' dir='ltr'><strong>pmniteutiam</strong></span> <span class='ocrx_word' id='word_1_61' title='bbox 1375 1483 1393 1510; x_wconf 91' lang='lat'><strong>,</strong></span> <span class='ocrx_word' id='word_1_62' title='bbox 1442 1442 1689 1500; x_wconf 87' lang='lat' dir='ltr'><strong>columba</strong></span> <span class='ocrx_word' id='word_1_63' title='bbox 1742 1452 1962 1513; x_wconf 81' lang='lat' dir='ltr'><strong>propter</strong></span> 
     </span>
    </p>
   </div>
   <div class='ocr_carea' id='block_1_13' title="bbox 387 1534 813 1603">
    <p class='ocr_par' dir='ltr' id='par_1_13' title="bbox 387 1534 813 1603">
     <span class='ocr_line' id='line_1_13' title="bbox 387 1534 813 1603; baseline 0.002 -14"><span class='ocrx_word' id='word_1_64' title='bbox 387 1534 813 1603; x_wconf 81' lang='lat' dir='ltr'><strong>simplicitatem.</strong></span> 
     </span>
    </p>
   </div>
   <div class='ocr_carea' id='block_1_14' title="bbox 456 1623 1962 1691">
    <p class='ocr_par' dir='ltr' id='par_1_14' title="bbox 456 1623 1962 1691">
     <span class='ocr_line' id='line_1_14' title="bbox 456 1623 1962 1691; baseline -0.001 -13"><span class='ocrx_word' id='word_1_65' title='bbox 456 1624 615 1679; x_wconf 79' lang='lat' dir='ltr'><strong>LXII.</strong></span> <span class='ocrx_word' id='word_1_66' title='bbox 652 1624 812 1680; x_wconf 76' lang='lat' dir='ltr'><strong>Vsus.</strong></span> <span class='ocrx_word' id='word_1_67' title='bbox 845 1625 935 1680; x_wconf 74' lang='grc'><strong>14.</strong></span> <span class='ocrx_word' id='word_1_68' title='bbox 962 1623 1028 1678; x_wconf 80' lang='lat' dir='ltr'><strong>Et</strong></span> <span class='ocrx_word' id='word_1_69' title='bbox 1058 1626 1192 1691; x_wconf 78' lang='lat' dir='ltr'><strong>veni,</strong></span> <span class='ocrx_word' id='word_1_70' title='bbox 1219 1635 1272 1679; x_wconf 86' lang='lat' dir='ltr'><strong>tu</strong></span> <span class='ocrx_word' id='word_1_71' title='bbox 1306 1624 1545 1679; x_wconf 80' lang='lat' dir='ltr'><strong>columna</strong></span> <span class='ocrx_word' id='word_1_72' title='bbox 1572 1642 1708 1690; x_wconf 79' lang='lat' dir='ltr'><strong>mea,</strong></span> <span class='ocrx_word' id='word_1_73' title='bbox 1732 1625 1788 1678; x_wconf 86' lang='lat' dir='ltr'><strong>in</strong></span> <span class='ocrx_word' id='word_1_74' title='bbox 1823 1625 1962 1678; x_wconf 67' lang='lat' dir='ltr'><strong>aela-</strong></span> 
     </span>
    </p>
   </div>
   <div class='ocr_carea' id='block_1_15' title="bbox 389 1724 774 1783">
    <p class='ocr_par' dir='ltr' id='par_1_15' title="bbox 389 1724 774 1783">
     <span class='ocr_line' id='line_1_15' title="bbox 389 1724 774 1783; baseline 0.005 -14"><span class='ocrx_word' id='word_1_75' title='bbox 389 1726 562 1769; x_wconf 80' lang='lat' dir='ltr'><strong>mento</strong></span> <span class='ocrx_word' id='word_1_76' title='bbox 591 1724 774 1783; x_wconf 67' lang='lat' dir='ltr'><strong>petris.</strong></span> 
     </span>
    </p>
   </div>
   <div class='ocr_carea' id='block_1_16' title="bbox 1992 430 3640 505">
    <p class='ocr_par' dir='ltr' id='par_1_16' title="bbox 1992 430 3640 505">
     <span class='ocr_line' id='line_1_16' title="bbox 1992 430 3640 505; baseline -0.002 -14"><span class='ocrx_word' id='word_1_77' title='bbox 1992 444 2042 501; x_wconf 73' lang='grc' dir='ltr'><strong>Α</strong></span> <span class='ocrx_word' id='word_1_78' title='bbox 2138 433 2262 491; x_wconf 75' lang='lat' dir='ltr'><strong>NG’.</strong></span> <span class='ocrx_word' id='word_1_79' title='bbox 2291 437 2362 489; x_wconf 80' lang='lat' dir='ltr'><strong>At</strong></span> <span class='ocrx_word' id='word_1_80' title='bbox 2381 435 2636 503; x_wconf 76' lang='grc' dir='ltr'>ἄμπελοι</span> <span class='ocrx_word' id='word_1_81' title='bbox 2656 431 2825 505; x_wconf 77' lang='grc' dir='ltr'><strong>ἡμῶν</strong></span> <span class='ocrx_word' id='word_1_82' title='bbox 2854 432 2932 505; x_wconf 77' lang='lat'><strong>(2)</strong></span> <span class='ocrx_word' id='word_1_83' title='bbox 2957 430 3348 503; x_wconf 77' lang='grc' dir='ltr'>κυπρίζουσιν</span> <span class='ocrx_word' id='word_1_84' title='bbox 3370 430 3471 503; x_wconf 80' lang='grc'>(5),</span> <span class='ocrx_word' id='word_1_85' title='bbox 3496 431 3640 488; x_wconf 60' lang='grc' dir='ltr'>ἔδω.</span> 
     </span>
    </p>
   </div>
   <div class='ocr_carea' id='block_1_17' title="bbox 2064 526 2431 596">
    <p class='ocr_par' dir='ltr' id='par_1_17' title="bbox 2064 526 2431 596">
     <span class='ocr_line' id='line_1_17' title="bbox 2064 526 2431 596; baseline -0.005 -15"><span class='ocrx_word' id='word_1_86' title='bbox 2064 542 2181 581; x_wconf 77' lang='grc' dir='ltr'>καν</span> <span class='ocrx_word' id='word_1_87' title='bbox 2212 526 2431 596; x_wconf 83' lang='grc' dir='ltr'><strong>ὀσμήν.</strong></span> 
     </span>
    </p>
   </div>
   <div class='ocr_carea' id='block_1_18' title="bbox 2156 613 3641 686">
    <p class='ocr_par' dir='ltr' id='par_1_18' title="bbox 2156 613 3641 686">
     <span class='ocr_line' id='line_1_18' title="bbox 2156 613 3641 686; baseline -0.002 -15"><span class='ocrx_word' id='word_1_88' title='bbox 2156 618 2487 682; x_wconf 85' lang='grc' dir='ltr'>Ἀκολούθως</span> <span class='ocrx_word' id='word_1_89' title='bbox 2518 613 2612 671; x_wconf 80' lang='grc' dir='ltr'><strong>οὖν</strong></span> <span class='ocrx_word' id='word_1_90' title='bbox 2662 614 2847 668; x_wconf 82' lang='grc' dir='ltr'>λοιπὸν</span> <span class='ocrx_word' id='word_1_91' title='bbox 2897 614 3161 686; x_wconf 75' lang='grc' dir='ltr'><strong>ἀμπέλοις</strong></span> <span class='ocrx_word' id='word_1_92' title='bbox 3208 614 3308 680; x_wconf 85' lang='grc' dir='ltr'>τὰς</span> <span class='ocrx_word' id='word_1_93' title='bbox 3347 613 3641 684; x_wconf 79' lang='grc' dir='ltr'><strong>ἐκκλησίας</strong></span> 
     </span>
    </p>
   </div>
   <div class='ocr_carea' id='block_1_19' title="bbox 2064 704 3641 778">
    <p class='ocr_par' dir='ltr' id='par_1_19' title="bbox 2064 704 3641 778">
     <span class='ocr_line' id='line_1_19' title="bbox 2064 704 3641 778; baseline -0.004 -13"><span class='ocrx_word' id='word_1_94' title='bbox 2064 710 2373 775; x_wconf 74' lang='grc' dir='ltr'><strong>ἀπεικάζει,</strong></span> <span class='ocrx_word' id='word_1_95' title='bbox 2411 710 2511 773; x_wconf 76' lang='grc' dir='ltr'>τὰς</span> <span class='ocrx_word' id='word_1_96' title='bbox 2538 707 2749 778; x_wconf 70' lang='grc' dir='ltr'>διὰ,τῆς</span> <span class='ocrx_word' id='word_1_97' title='bbox 2776 706 3121 769; x_wconf 77' lang='grc' dir='ltr'><strong>διδασκαλίας</strong></span> <span class='ocrx_word' id='word_1_98' title='bbox 3156 704 3254 777; x_wconf 80' lang='grc' dir='ltr'><strong>τὴν</strong></span> <span class='ocrx_word' id='word_1_99' title='bbox 3279 706 3377 777; x_wconf 84' lang='grc' dir='ltr'>τῆς</span> <span class='ocrx_word' id='word_1_100' title='bbox 3408 705 3641 769; x_wconf 84' lang='grc' dir='ltr'>πίστεως</span> 
     </span>
    </p>
   </div>
   <div class='ocr_carea' id='block_1_20' title="bbox 2064 796 3644 875">
    <p class='ocr_par' dir='ltr' id='par_1_20' title="bbox 2064 796 3644 875">
     <span class='ocr_line' id='line_1_20' title="bbox 2064 796 3644 875; baseline -0.004 -19"><span class='ocrx_word' id='word_1_101' title='bbox 2064 801 2507 875; x_wconf 74' lang='grc' dir='ltr'>προϐαλλομένοις</span> <span class='ocrx_word' id='word_1_102' title='bbox 2539 799 2785 854; x_wconf 80' lang='grc' dir='ltr'><strong>εὐωδίαν.</strong></span> <span class='ocrx_word' id='word_1_103' title='bbox 2826 797 3139 870; x_wconf 79' lang='grc' dir='ltr'>Κυπρισμῷ</span> <span class='ocrx_word' id='word_1_104' title='bbox 3182 797 3240 849; x_wconf 84' lang='grc' dir='ltr'>δὲ</span> <span class='ocrx_word' id='word_1_105' title='bbox 3277 797 3375 868; x_wconf 79' lang='grc' dir='ltr'>τῆς</span> <span class='ocrx_word' id='word_1_106' title='bbox 3408 796 3644 860; x_wconf 86' lang='grc' dir='ltr'>πίστεως</span> 
     </span>
    </p>
   </div>
   <div class='ocr_carea' id='block_1_21' title="bbox 2063 894 2372 966">
    <p class='ocr_par' dir='ltr' id='par_1_21' title="bbox 2063 894 2372 966">
     <span class='ocr_line' id='line_1_21' title="bbox 2063 894 2372 966; baseline 0.003 -19"><span class='ocrx_word' id='word_1_107' title='bbox 2063 894 2239 965; x_wconf 79' lang='grc' dir='ltr'>ὀσμήν</span> <span class='ocrx_word' id='word_1_108' title='bbox 2271 894 2372 966; x_wconf 76' lang='grc' dir='ltr'><strong>(ι).</strong></span> 
     </span>
    </p>
   </div>
   <div class='ocr_carea' id='block_1_22' title="bbox 2133 983 3231 1049">
    <p class='ocr_par' dir='ltr' id='par_1_22' title="bbox 2133 983 3231 1049">
     <span class='ocr_line' id='line_1_22' title="bbox 2133 983 3231 1049; baseline -0.005 -10"><span class='ocrx_word' id='word_1_109' title='bbox 2133 987 2206 1040; x_wconf 84' lang='grc' dir='ltr'><strong>Ξ’.</strong></span> <span class='ocrx_word' id='word_1_110' title='bbox 2245 985 2524 1049; x_wconf 80' lang='grc' dir='ltr'><strong>Ἀνάστα,</strong></span> <span class='ocrx_word' id='word_1_111' title='bbox 2553 983 2712 1045; x_wconf 79' lang='grc' dir='ltr'><strong>ἐλθε,</strong></span> <span class='ocrx_word' id='word_1_112' title='bbox 2741 997 2781 1048; x_wconf 83' lang='grc' dir='ltr'><strong>η</strong></span> <span class='ocrx_word' id='word_1_113' title='bbox 2804 995 3073 1048; x_wconf 56' lang='grc' dir='ltr'>πλησίον</span> <span class='ocrx_word' id='word_1_114' title='bbox 3090 997 3231 1049; x_wconf 83' lang='grc' dir='ltr'>μου.</span> 
     </span>
    </p>
   </div>
   <div class='ocr_carea' id='block_1_23' title="bbox 2135 1069 3642 1147">
    <p class='ocr_par' dir='ltr' id='par_1_23' title="bbox 2135 1069 3642 1147">
     <span class='ocr_line' id='line_1_23' title="bbox 2135 1069 3642 1147; baseline -0.005 -17"><span class='ocrx_word' id='word_1_115' title='bbox 2135 1076 2369 1147; x_wconf 80' lang='grc' dir='ltr'><strong>Πλησίον</strong></span> <span class='ocrx_word' id='word_1_116' title='bbox 2395 1073 2546 1145; x_wconf 80' lang='grc' dir='ltr'>αὐτῷ</span> <span class='ocrx_word' id='word_1_117' title='bbox 2578 1073 2654 1141; x_wconf 83' lang='grc'><strong>(5)</strong></span> <span class='ocrx_word' id='word_1_118' title='bbox 2684 1070 2781 1143; x_wconf 81' lang='grc' dir='ltr'>τὴν</span> <span class='ocrx_word' id='word_1_119' title='bbox 2804 1071 3020 1143; x_wconf 80' lang='grc' dir='ltr'>νύμφην</span> <span class='ocrx_word' id='word_1_120' title='bbox 3058 1072 3231 1129; x_wconf 83' lang='grc' dir='ltr'>καλεῖ.</span> <span class='ocrx_word' id='word_1_121' title='bbox 3261 1069 3349 1124; x_wconf 79' lang='grc' dir='ltr'>διὰ</span> <span class='ocrx_word' id='word_1_122' title='bbox 3378 1069 3440 1124; x_wconf 73' lang='grc' dir='ltr'>τὸ</span> <span class='ocrx_word' id='word_1_123' title='bbox 3467 1069 3642 1123; x_wconf 77' lang='grc' dir='ltr'>ἀὐτὸν</span> 
     </span>
    </p>
   </div>
   <div class='ocr_carea' id='block_1_24' title="bbox 2060 1162 3643 1238">
    <p class='ocr_par' dir='ltr' id='par_1_24' title="bbox 2060 1162 3643 1238">
     <span class='ocr_line' id='line_1_24' title="bbox 2060 1162 3643 1238; baseline -0.004 -16"><span class='ocrx_word' id='word_1_124' title='bbox 2060 1167 2484 1238; x_wconf 82' lang='grc' dir='ltr'><strong>κατεληλυθέναι</strong></span> <span class='ocrx_word' id='word_1_125' title='bbox 2527 1166 2592 1219; x_wconf 82' lang='grc' dir='ltr'>ὲκ</span> <span class='ocrx_word' id='word_1_126' title='bbox 2631 1164 2738 1219; x_wconf 86' lang='grc' dir='ltr'>τῶν</span> <span class='ocrx_word' id='word_1_127' title='bbox 2778 1163 3043 1236; x_wconf 82' lang='grc' dir='ltr'>οὐρανῶν,</span> <span class='ocrx_word' id='word_1_128' title='bbox 3085 1164 3179 1218; x_wconf 75' lang='grc' dir='ltr'>καὶ</span> <span class='ocrx_word' id='word_1_129' title='bbox 3221 1162 3643 1235; x_wconf 83' lang='grc' dir='ltr'>πεπληρωκέναι.</span> 
     </span>
    </p>
   </div>
   <div class='ocr_carea' id='block_1_25' title="bbox 2060 1246 3017 1330">
    <p class='ocr_par' dir='ltr' id='par_1_25' title="bbox 2060 1246 3017 1330">
     <span class='ocr_line' id='line_1_25' title="bbox 2060 1246 3017 1330; baseline -0.006 -16"><span class='ocrx_word' id='word_1_130' title='bbox 2060 1259 2230 1330; x_wconf 73' lang='grc' dir='ltr'>αὐτὴν</span> <span class='ocrx_word' id='word_1_131' title='bbox 2259 1262 2325 1330; x_wconf 86' lang='grc' dir='ltr'>τῇ</span> <span class='ocrx_word' id='word_1_132' title='bbox 2350 1261 2447 1330; x_wconf 82' lang='grc' dir='ltr'>τῆς</span> <span class='ocrx_word' id='word_1_133' title='bbox 2472 1259 2706 1321; x_wconf 88' lang='grc' dir='ltr'>πίστεως</span> <span class='ocrx_word' id='word_1_134' title='bbox 2733 1246 3017 1327; x_wconf 65' lang='grc' dir='ltr'>συναφείᾳᾴ</span> 
     </span>
    </p>
   </div>
   <div class='ocr_carea' id='block_1_26' title="bbox 2130 1347 3118 1418">
    <p class='ocr_par' dir='ltr' id='par_1_26' title="bbox 2130 1347 3118 1418">
     <span class='ocr_line' id='line_1_26' title="bbox 2130 1347 3118 1418; baseline -0.005 -13"><span class='ocrx_word' id='word_1_135' title='bbox 2130 1350 2251 1405; x_wconf 71' lang='grc' dir='ltr'><strong>ΞΑν.</strong></span> <span class='ocrx_word' id='word_1_136' title='bbox 2286 1349 2457 1416; x_wconf 69' lang='grc' dir='ltr'><strong>Καλή</strong></span> <span class='ocrx_word' id='word_1_137' title='bbox 2480 1367 2615 1418; x_wconf 84' lang='grc' dir='ltr'>μου,</span> <span class='ocrx_word' id='word_1_138' title='bbox 2640 1347 2961 1417; x_wconf 76' lang='grc' dir='ltr'>περιστερά</span> <span class='ocrx_word' id='word_1_139' title='bbox 2977 1364 3118 1416; x_wconf 83' lang='grc' dir='ltr'>μου.</span> 
     </span>
    </p>
   </div>
   <div class='ocr_carea' id='block_1_27' title="bbox 2132 1436 3646 1514">
    <p class='ocr_par' dir='ltr' id='par_1_27' title="bbox 2132 1436 3646 1514">
     <span class='ocr_line' id='line_1_27' title="bbox 2132 1436 3646 1514; baseline -0.005 -16"><span class='ocrx_word' id='word_1_140' title='bbox 2132 1442 2289 1513; x_wconf 80' lang='grc' dir='ltr'>Καλὴ</span> <span class='ocrx_word' id='word_1_141' title='bbox 2314 1442 2402 1496; x_wconf 77' lang='grc' dir='ltr'><strong>διὰ</strong></span> <span class='ocrx_word' id='word_1_142' title='bbox 2439 1443 2537 1514; x_wconf 77' lang='grc' dir='ltr'>τὴν</span> <span class='ocrx_word' id='word_1_143' title='bbox 2580 1441 2890 1513; x_wconf 80' lang='grc' dir='ltr'>μετάνοιαν,</span> <span class='ocrx_word' id='word_1_144' title='bbox 2940 1437 3237 1512; x_wconf 84' lang='grc' dir='ltr'>περιστερὰ</span> <span class='ocrx_word' id='word_1_145' title='bbox 3280 1437 3368 1492; x_wconf 77' lang='grc' dir='ltr'>διὰ</span> <span class='ocrx_word' id='word_1_146' title='bbox 3387 1437 3487 1510; x_wconf 78' lang='grc' dir='ltr'><strong>τὴν</strong></span> <span class='ocrx_word' id='word_1_147' title='bbox 3517 1436 3646 1490; x_wconf 76' lang='grc' dir='ltr'>ἀκε-</span> 
     </span>
    </p>
   </div>
   <div class='ocr_carea' id='block_1_28' title="bbox 2065 1534 2349 1607">
    <p class='ocr_par' dir='ltr' id='par_1_28' title="bbox 2065 1534 2349 1607">
     <span class='ocr_line' id='line_1_28' title="bbox 2065 1534 2349 1607; baseline 0.004 -21"><span class='ocrx_word' id='word_1_148' title='bbox 2065 1534 2349 1607; x_wconf 82' lang='grc' dir='ltr'>ραιότητα.</span> 
     </span>
    </p>
   </div>
   <div class='ocr_carea' id='block_1_29' title="bbox 2128 1614 3643 1692">
    <p class='ocr_par' dir='ltr' id='par_1_29' title="bbox 2128 1614 3643 1692">
     <span class='ocr_line' id='line_1_29' title="bbox 2128 1614 3643 1692; baseline -0.002 -14"><span class='ocrx_word' id='word_1_149' title='bbox 2128 1624 2247 1680; x_wconf 84' lang='grc' dir='ltr'><strong>ΞΒ’.</strong></span> <span class='ocrx_word' id='word_1_150' title='bbox 2279 1625 2370 1677; x_wconf 89' lang='grc' dir='ltr'><strong>Στ.</strong></span> <span class='ocrx_word' id='word_1_151' title='bbox 2401 1622 2480 1677; x_wconf 89' lang='grc' dir='ltr'>ιδ’.</span> <span class='ocrx_word' id='word_1_152' title='bbox 2505 1623 2616 1678; x_wconf 80' lang='grc' dir='ltr'><strong>Καὶ</strong></span> <span class='ocrx_word' id='word_1_153' title='bbox 2647 1622 2809 1687; x_wconf 71' lang='grc' dir='ltr'><strong>ἐλθὲ,</strong></span> <span class='ocrx_word' id='word_1_154' title='bbox 2841 1621 2926 1680; x_wconf 80' lang='grc' dir='ltr'>σὺ</span> <span class='ocrx_word' id='word_1_155' title='bbox 2952 1621 3269 1692; x_wconf 82' lang='grc' dir='ltr'>περιστερὰ</span> <span class='ocrx_word' id='word_1_156' title='bbox 3291 1639 3430 1691; x_wconf 85' lang='grc' dir='ltr'>μου,</span> <span class='ocrx_word' id='word_1_157' title='bbox 3468 1618 3544 1675; x_wconf 79' lang='grc' dir='ltr'>δι’</span> <span class='ocrx_word' id='word_1_158' title='bbox 3565 1614 3643 1675; x_wconf 69' lang='grc' dir='ltr'>οὗ</span> 
     </span>
    </p>
   </div>
   <div class='ocr_carea' id='block_1_30' title="bbox 2057 1714 2849 1786">
    <p class='ocr_par' dir='ltr' id='par_1_30' title="bbox 2057 1714 2849 1786">
     <span class='ocr_line' id='line_1_30' title="bbox 2057 1714 2849 1786; baseline -0.004 -15"><span class='ocrx_word' id='word_1_159' title='bbox 2057 1715 2131 1771; x_wconf 78' lang='grc' dir='ltr'><strong>ἐν</strong></span> <span class='ocrx_word' id='word_1_160' title='bbox 2150 1715 2227 1786; x_wconf 86' lang='grc'><strong>(6)</strong></span> <span class='ocrx_word' id='word_1_161' title='bbox 2252 1715 2451 1783; x_wconf 76' lang='grc' dir='ltr'>σκέπῃ</span> <span class='ocrx_word' id='word_1_162' title='bbox 2481 1714 2591 1782; x_wconf 81' lang='grc' dir='ltr'>τῆς</span> <span class='ocrx_word' id='word_1_163' title='bbox 2611 1716 2849 1784; x_wconf 80' lang='grc' dir='ltr'>πέτρας.</span> 
     </span>
    </p>
   </div>
   <div class='ocr_carea' id='block_1_31' title="bbox 459 1800 1962 1877">
    <p class='ocr_par' dir='ltr' id='par_1_31' title="bbox 459 1803 1956 1875">
     <span class='ocr_line' id='line_1_31' title="bbox 459 1803 1956 1875; baseline 0.001 -17"><span class='ocrx_word' id='word_1_164' title='bbox 459 1804 576 1875; x_wconf 87' lang='lat' dir='ltr'><strong>Ipse</strong></span> <span class='ocrx_word' id='word_1_165' title='bbox 612 1820 843 1874; x_wconf 89' lang='lat' dir='ltr'><strong>sponsus</strong></span> <span class='ocrx_word' id='word_1_166' title='bbox 869 1815 955 1860; x_wconf 90' lang='lat' dir='ltr'><strong>est</strong></span> <span class='ocrx_word' id='word_1_167' title='bbox 992 1803 1114 1873; x_wconf 82' lang='lat' dir='ltr'><strong>ejus</strong></span> <span class='ocrx_word' id='word_1_168' title='bbox 1142 1805 1385 1860; x_wconf 81' lang='lat' dir='ltr'><strong>velamen</strong></span> <span class='ocrx_word' id='word_1_169' title='bbox 1425 1814 1481 1859; x_wconf 93' lang='lat' dir='ltr'><strong>et</strong></span> <span class='ocrx_word' id='word_1_170' title='bbox 1508 1815 1678 1873; x_wconf 90' lang='lat' dir='ltr'><strong>petra.</strong></span> <span class='ocrx_word' id='word_1_171' title='bbox 1708 1806 1775 1859; x_wconf 84' lang='lat' dir='ltr'><strong>Et</strong></span> <span class='ocrx_word' id='word_1_172' title='bbox 1809 1815 1956 1875; x_wconf 75' lang='lat' dir='ltr'><strong>petra</strong></span> 
     </span>
    </p>
   </div>
   <div class='ocr_carea' id='block_1_32' title="bbox 2084 1800 3646 1877">
    <p class='ocr_par' dir='ltr' id='par_1_32' title="bbox 2130 1800 3646 1877">
     <span class='ocr_line' id='line_1_32' title="bbox 2130 1800 3646 1877; baseline -0.002 -18"><span class='ocrx_word' id='word_1_173' title='bbox 2130 1806 2315 1877; x_wconf 83' lang='grc' dir='ltr'>Σκέπη</span> <span class='ocrx_word' id='word_1_174' title='bbox 2353 1806 2410 1859; x_wconf 79' lang='grc' dir='ltr'>δὲ</span> <span class='ocrx_word' id='word_1_175' title='bbox 2437 1806 2533 1859; x_wconf 70' lang='grc' dir='ltr'>καὶ</span> <span class='ocrx_word' id='word_1_176' title='bbox 2562 1805 2738 1877; x_wconf 81' lang='grc' dir='ltr'>πέτρα</span> <span class='ocrx_word' id='word_1_177' title='bbox 2757 1800 2911 1870; x_wconf 77' lang='grc' dir='ltr'>οὗτος</span> <span class='ocrx_word' id='word_1_178' title='bbox 2940 1805 3111 1876; x_wconf 79' lang='grc' dir='ltr'>αὐτῆς</span> <span class='ocrx_word' id='word_1_179' title='bbox 3138 1807 3167 1858; x_wconf 80' lang='grc' dir='ltr'><strong>ὁ</strong></span> <span class='ocrx_word' id='word_1_180' title='bbox 3186 1803 3437 1875; x_wconf 79' lang='grc' dir='ltr'><strong>νυμφίος·</strong></span> <span class='ocrx_word' id='word_1_181' title='bbox 3468 1803 3646 1874; x_wconf 83' lang='grc' dir='ltr'>πέτρα</span> 
     </span>
    </p>
   </div>
   <div class='ocr_carea' id='block_1_33' title="bbox 388 1894 1957 1970">
    <p class='ocr_par' dir='ltr' id='par_1_33' title="bbox 388 1894 1957 1970">
     <span class='ocr_line' id='line_1_33' title="bbox 388 1894 1957 1970; baseline -0.001 -17"><span class='ocrx_word' id='word_1_182' title='bbox 388 1899 605 1970; x_wconf 85' lang='lat' dir='ltr'><strong>quidem</strong></span> <span class='ocrx_word' id='word_1_183' title='bbox 630 1937 646 1963; x_wconf 93' lang='lat'><strong>,</strong></span> <span class='ocrx_word' id='word_1_184' title='bbox 678 1898 805 1966; x_wconf 85' lang='lat' dir='ltr'><strong>quia</strong></span> <span class='ocrx_word' id='word_1_185' title='bbox 858 1910 1020 1967; x_wconf 87' lang='lat' dir='ltr'><strong>super</strong></span> <span class='ocrx_word' id='word_1_186' title='bbox 1048 1912 1109 1951; x_wconf 89' lang='lat' dir='ltr'><strong>se</strong></span> <span class='ocrx_word' id='word_1_187' title='bbox 1148 1898 1321 1967; x_wconf 85' lang='lat' dir='ltr'><strong>ipsum</strong></span> <span class='ocrx_word' id='word_1_188' title='bbox 1370 1895 1563 1952; x_wconf 79' lang='lat' dir='ltr'><strong>statuit</strong></span> <span class='ocrx_word' id='word_1_189' title='bbox 1590 1896 1713 1951; x_wconf 85' lang='lat' dir='ltr'><strong>fidei</strong></span> <span class='ocrx_word' id='word_1_190' title='bbox 1760 1894 1957 1951; x_wconf 77' lang='lat' dir='ltr'><strong>funda-</strong></span> 
     </span>
    </p>
   </div>
   <div class='ocr_carea' id='block_1_34' title="bbox 388 1989 1960 2061">
    <p class='ocr_par' dir='ltr' id='par_1_34' title="bbox 388 1989 1960 2061">
     <span class='ocr_line' id='line_1_34' title="bbox 388 1989 1960 2061; baseline -0.001 -15"><span class='ocrx_word' id='word_1_191' title='bbox 388 2001 624 2046; x_wconf 82' lang='lat' dir='ltr'><strong>mentum</strong></span> <span class='ocrx_word' id='word_1_192' title='bbox 657 2014 669 2046; x_wconf 84' lang='lat'><strong>:</strong></span> <span class='ocrx_word' id='word_1_193' title='bbox 702 1992 947 2046; x_wconf 76' lang='lat' dir='ltr'><strong>velamen</strong></span> <span class='ocrx_word' id='word_1_194' title='bbox 980 2004 1109 2045; x_wconf 87' lang='lat' dir='ltr'><strong>vero</strong></span> <span class='ocrx_word' id='word_1_195' title='bbox 1132 2032 1148 2059; x_wconf 94' lang='lat'><strong>,</strong></span> <span class='ocrx_word' id='word_1_196' title='bbox 1179 2000 1463 2060; x_wconf 87' lang='lat' dir='ltr'><strong>propterea</strong></span> <span class='ocrx_word' id='word_1_197' title='bbox 1494 1989 1643 2061; x_wconf 90' lang='lat' dir='ltr'><strong>quod</strong></span> <span class='ocrx_word' id='word_1_198' title='bbox 1685 2004 1806 2046; x_wconf 86' lang='lat' dir='ltr'><strong>eam</strong></span> <span class='ocrx_word' id='word_1_199' title='bbox 1833 2005 1960 2061; x_wconf 89' lang='lat' dir='ltr'><strong>pro-</strong></span> 
     </span>
    </p>
   </div>
   <div class='ocr_carea' id='block_1_35' title="bbox 388 2081 1470 2152">
    <p class='ocr_par' dir='ltr' id='par_1_35' title="bbox 388 2081 1470 2152">
     <span class='ocr_line' id='line_1_35' title="bbox 388 2081 1470 2152; baseline 0 -15"><span class='ocrx_word' id='word_1_200' title='bbox 388 2094 573 2152; x_wconf 75' lang='lat' dir='ltr'><strong>tegens</strong></span> <span class='ocrx_word' id='word_1_201' title='bbox 606 2082 675 2138; x_wconf 91' lang='lat' dir='ltr'><strong>ab</strong></span> <span class='ocrx_word' id='word_1_202' title='bbox 720 2082 868 2137; x_wconf 89' lang='lat' dir='ltr'><strong>omni</strong></span> <span class='ocrx_word' id='word_1_203' title='bbox 900 2081 1096 2137; x_wconf 86' lang='lat' dir='ltr'><strong>liberat</strong></span> <span class='ocrx_word' id='word_1_204' title='bbox 1150 2084 1470 2138; x_wconf 89' lang='lat' dir='ltr'><strong>teutatione.</strong></span> 
     </span>
    </p>
   </div>
   <div class='ocr_carea' id='block_1_36' title="bbox 452 2170 1198 2237">
    <p class='ocr_par' dir='ltr' id='par_1_36' title="bbox 452 2170 1198 2237">
     <span class='ocr_line' id='line_1_36' title="bbox 452 2170 1198 2237; baseline 0 -11"><span class='ocrx_word' id='word_1_205' title='bbox 452 2170 637 2226; x_wconf 83' lang='lat' dir='ltr'><strong>LXIII.</strong></span> <span class='ocrx_word' id='word_1_206' title='bbox 675 2170 844 2226; x_wconf 71' lang='lat' dir='ltr'><strong>Juxta</strong></span> <span class='ocrx_word' id='word_1_207' title='bbox 874 2172 1198 2237; x_wconf 70' lang='lat' dir='ltr'><strong>promurale.</strong></span> 
     </span>
    </p>
   </div>
   <div class='ocr_carea' id='block_1_37' title="bbox 454 2261 1959 2337">
    <p class='ocr_par' dir='ltr' id='par_1_37' title="bbox 454 2261 1959 2337">
     <span class='ocr_line' id='line_1_37' title="bbox 454 2261 1959 2337; baseline 0.001 -20"><span class='ocrx_word' id='word_1_208' title='bbox 454 2264 769 2320; x_wconf 84' lang='lat' dir='ltr'><strong>Promurale</strong></span> <span class='ocrx_word' id='word_1_209' title='bbox 816 2263 983 2337; x_wconf 88' lang='lat' dir='ltr'><strong>legem</strong></span> <span class='ocrx_word' id='word_1_210' title='bbox 1018 2273 1196 2319; x_wconf 89' lang='lat' dir='ltr'><strong>vocat.</strong></span> <span class='ocrx_word' id='word_1_211' title='bbox 1238 2261 1378 2320; x_wconf 75' lang='lat' dir='ltr'><strong>Muri</strong></span> <span class='ocrx_word' id='word_1_212' title='bbox 1425 2264 1573 2319; x_wconf 90' lang='lat' dir='ltr'><strong>enim</strong></span> <span class='ocrx_word' id='word_1_213' title='bbox 1616 2273 1743 2320; x_wconf 90' lang='lat' dir='ltr'><strong>sunt</strong></span> <span class='ocrx_word' id='word_1_214' title='bbox 1779 2262 1959 2319; x_wconf 86' lang='lat' dir='ltr'><strong>Evan-</strong></span> 
     </span>
    </p>
   </div>
   <div class='ocr_carea' id='block_1_38' title="bbox 389 2352 1961 2424">
    <p class='ocr_par' dir='ltr' id='par_1_38' title="bbox 389 2352 1961 2424">
     <span class='ocr_line' id='line_1_38' title="bbox 389 2352 1961 2424; baseline 0.002 -18"><span class='ocrx_word' id='word_1_215' title='bbox 389 2353 523 2420; x_wconf 77' lang='lat' dir='ltr'><strong>gelia</strong></span> <span class='ocrx_word' id='word_1_216' title='bbox 551 2352 705 2424; x_wconf 81' lang='lat' dir='ltr'><strong>juxta</strong></span> <span class='ocrx_word' id='word_1_217' title='bbox 754 2354 909 2409; x_wconf 68' lang='lat' dir='ltr'><strong>Isaiae</strong></span> <span class='ocrx_word' id='word_1_218' title='bbox 950 2353 1192 2408; x_wconf 84' lang='lat' dir='ltr'><strong>dictum:</strong></span> <span class='ocrx_word' id='word_1_219' title='bbox 1222 2372 1241 2406; x_wconf 79' lang='grc' dir='ltr'><strong>ι</strong></span> <span class='ocrx_word' id='word_1_220' title='bbox 1279 2353 1452 2409; x_wconf 83' lang='lat' dir='ltr'><strong>Ponet</strong></span> <span class='ocrx_word' id='word_1_221' title='bbox 1500 2370 1709 2409; x_wconf 89' lang='lat' dir='ltr'><strong>murqu</strong></span> <span class='ocrx_word' id='word_1_222' title='bbox 1746 2364 1803 2410; x_wconf 91' lang='lat' dir='ltr'><strong>et</strong></span> <span class='ocrx_word' id='word_1_223' title='bbox 1839 2356 1961 2409; x_wconf 88' lang='lat' dir='ltr'><strong>cir—</strong></span> 
     </span>
    </p>
   </div>
   <div class='ocr_carea' id='block_1_39' title="bbox 388 2444 1961 2515">
    <p class='ocr_par' dir='ltr' id='par_1_39' title="bbox 388 2444 1961 2515">
     <span class='ocr_line' id='line_1_39' title="bbox 388 2444 1961 2515; baseline 0 -17"><span class='ocrx_word' id='word_1_224' title='bbox 388 2446 723 2499; x_wconf 89' lang='lat' dir='ltr'><strong>cnmmurale</strong></span> <span class='ocrx_word' id='word_1_225' title='bbox 742 2446 787 2499; x_wconf 80' lang='grc' dir='ltr'><strong>τ.</strong></span> <span class='ocrx_word' id='word_1_226' title='bbox 808 2464 841 2501; x_wconf 68' lang='grc' dir='ltr'><strong>Δι</strong></span> <span class='ocrx_word' id='word_1_227' title='bbox 877 2444 1062 2500; x_wconf 81' lang='lat' dir='ltr'><strong>Murus</strong></span> <span class='ocrx_word' id='word_1_228' title='bbox 1082 2459 1214 2498; x_wconf 85' lang='lat' dir='ltr'><strong>vero</strong></span> <span class='ocrx_word' id='word_1_229' title='bbox 1238 2454 1292 2498; x_wconf 91' lang='lat' dir='ltr'><strong>et</strong></span> <span class='ocrx_word' id='word_1_230' title='bbox 1316 2444 1728 2499; x_wconf 83' lang='lat' dir='ltr'><strong>circummdrale</strong></span> <span class='ocrx_word' id='word_1_231' title='bbox 1755 2445 1961 2515; x_wconf 87' lang='lat' dir='ltr'><strong>signifi-</strong></span> 
     </span>
    </p>
   </div>
   <div class='ocr_carea' id='block_1_40' title="bbox 388 2532 1963 2605">
    <p class='ocr_par' dir='ltr' id='par_1_40' title="bbox 388 2532 1963 2605">
     <span class='ocr_line' id='line_1_40' title="bbox 388 2532 1963 2605; baseline -0.003 -14"><span class='ocrx_word' id='word_1_232' title='bbox 388 2544 480 2591; x_wconf 83' lang='lat' dir='ltr'><strong>cat</strong></span> <span class='ocrx_word' id='word_1_233' title='bbox 505 2534 770 2605; x_wconf 89' lang='lat' dir='ltr'><strong>duplicem</strong></span> <span class='ocrx_word' id='word_1_234' title='bbox 801 2534 909 2589; x_wconf 85' lang='lat' dir='ltr'><strong>vim</strong></span> <span class='ocrx_word' id='word_1_235' title='bbox 942 2532 1261 2589; x_wconf 85' lang='lat' dir='ltr'><strong>defendendi</strong></span> <span class='ocrx_word' id='word_1_236' title='bbox 1279 2544 1497 2589; x_wconf 87' lang='lat' dir='ltr'><strong>sanctos</strong></span> <span class='ocrx_word' id='word_1_237' title='bbox 1517 2548 1614 2602; x_wconf 88' lang='lat' dir='ltr'><strong>per</strong></span> <span class='ocrx_word' id='word_1_238' title='bbox 1642 2534 1819 2588; x_wconf 86' lang='lat' dir='ltr'><strong>divina</strong></span> <span class='ocrx_word' id='word_1_239' title='bbox 1850 2533 1963 2590; x_wconf 90' lang='lat' dir='ltr'><strong>elo-</strong></span> 
     </span>
    </p>
   </div>
   <div class='ocr_carea' id='block_1_41' title="bbox 389 2623 1961 2695">
    <p class='ocr_par' dir='ltr' id='par_1_41' title="bbox 389 2623 1961 2695">
     <span class='ocr_line' id='line_1_41' title="bbox 389 2623 1961 2695; baseline -0.001 -18"><span class='ocrx_word' id='word_1_240' title='bbox 389 2625 539 2695; x_wconf 78' lang='lat' dir='ltr'><strong>quia,</strong></span> <span class='ocrx_word' id='word_1_241' title='bbox 567 2637 638 2679; x_wconf 87' lang='lat' dir='ltr'><strong>ne</strong></span> <span class='ocrx_word' id='word_1_242' title='bbox 683 2639 714 2678; x_wconf 91' lang='lat' dir='ltr'><strong>a</strong></span> <span class='ocrx_word' id='word_1_243' title='bbox 738 2623 880 2678; x_wconf 87' lang='lat' dir='ltr'><strong>mala</strong></span> <span class='ocrx_word' id='word_1_244' title='bbox 922 2624 1092 2678; x_wconf 87' lang='lat' dir='ltr'><strong>bestia</strong></span> <span class='ocrx_word' id='word_1_245' title='bbox 1123 2634 1380 2692; x_wconf 87' lang='lat' dir='ltr'><strong>petantur</strong></span> <span class='ocrx_word' id='word_1_246' title='bbox 1420 2624 1651 2678; x_wconf 88' lang='lat' dir='ltr'><strong>insidiis.</strong></span> <span class='ocrx_word' id='word_1_247' title='bbox 1683 2624 1773 2677; x_wconf 81' lang='lat' dir='ltr'><strong>Ait</strong></span> <span class='ocrx_word' id='word_1_248' title='bbox 1800 2624 1961 2691; x_wconf 68' lang='lat' dir='ltr'><strong>igitur</strong></span> 
     </span>
    </p>
   </div>
   <div class='ocr_carea' id='block_1_42' title="bbox 389 2714 1963 2785">
    <p class='ocr_par' dir='ltr' id='par_1_42' title="bbox 389 2714 1963 2785">
     <span class='ocr_line' id='line_1_42' title="bbox 389 2714 1963 2785; baseline -0.002 -13"><span class='ocrx_word' id='word_1_249' title='bbox 389 2717 535 2772; x_wconf 87' lang='lat' dir='ltr'><strong>illam</strong></span> <span class='ocrx_word' id='word_1_250' title='bbox 567 2716 863 2784; x_wconf 78' lang='lat' dir='ltr'><strong>esse]uxta</strong></span> <span class='ocrx_word' id='word_1_251' title='bbox 892 2717 1225 2785; x_wconf 89' lang='lat' dir='ltr'><strong>promnrale,</strong></span> <span class='ocrx_word' id='word_1_252' title='bbox 1263 2715 1470 2771; x_wconf 86' lang='lat' dir='ltr'><strong>scilicet</strong></span> <span class='ocrx_word' id='word_1_253' title='bbox 1494 2714 1792 2785; x_wconf 74' lang='lat' dir='ltr'><strong>disciplina:</strong></span> <span class='ocrx_word' id='word_1_254' title='bbox 1829 2714 1963 2782; x_wconf 86' lang='lat' dir='ltr'><strong>legis</strong></span> 
     </span>
    </p>
   </div>
   <div class='ocr_carea' id='block_1_43' title="bbox 387 2806 1964 2877">
    <p class='ocr_par' dir='ltr' id='par_1_43' title="bbox 387 2806 1964 2877">
     <span class='ocr_line' id='line_1_43' title="bbox 387 2806 1964 2877; baseline 0.001 -17"><span class='ocrx_word' id='word_1_255' title='bbox 387 2822 508 2877; x_wconf 71' lang='lat' dir='ltr'><strong>ante</strong></span> <span class='ocrx_word' id='word_1_256' title='bbox 532 2808 689 2876; x_wconf 85' lang='lat' dir='ltr'><strong>jubet</strong></span> <span class='ocrx_word' id='word_1_257' title='bbox 719 2826 732 2862; x_wconf 91' lang='lat'><strong>:</strong></span> <span class='ocrx_word' id='word_1_258' title='bbox 768 2824 790 2858; x_wconf 79' lang='grc' dir='ltr'><strong>ι</strong></span> <span class='ocrx_word' id='word_1_259' title='bbox 815 2807 930 2862; x_wconf 83' lang='lat' dir='ltr'><strong>Non</strong></span> <span class='ocrx_word' id='word_1_260' title='bbox 960 2807 1378 2873; x_wconf 73' lang='lat' dir='ltr'><strong>moecbaberis&quot;,</strong></span> <span class='ocrx_word' id='word_1_261' title='bbox 1401 2826 1422 2861; x_wconf 74' lang='grc' dir='ltr'><strong>ι</strong></span> <span class='ocrx_word' id='word_1_262' title='bbox 1442 2816 1497 2862; x_wconf 91' lang='lat' dir='ltr'><strong>et</strong></span> <span class='ocrx_word' id='word_1_263' title='bbox 1520 2817 1737 2863; x_wconf 61' lang='lat' dir='ltr'><strong>caetera.</strong></span> <span class='ocrx_word' id='word_1_264' title='bbox 1758 2806 1964 2863; x_wconf 88' lang='lat' dir='ltr'><strong>Deinde</strong></span> 
     </span>
    </p>
   </div>
   <div class='ocr_carea' id='block_1_44' title="bbox 388 2896 1071 2969">
    <p class='ocr_par' dir='ltr' id='par_1_44' title="bbox 388 2896 1071 2969">
     <span class='ocr_line' id='line_1_44' title="bbox 388 2896 1071 2969; baseline 0 -17"><span class='ocrx_word' id='word_1_265' title='bbox 388 2898 499 2968; x_wconf 85' lang='lat' dir='ltr'><strong>ipsa</strong></span> <span class='ocrx_word' id='word_1_266' title='bbox 532 2896 842 2969; x_wconf 80' lang='lat' dir='ltr'><strong>respondet,</strong></span> <span class='ocrx_word' id='word_1_267' title='bbox 867 2907 924 2954; x_wconf 91' lang='lat' dir='ltr'><strong>et</strong></span> <span class='ocrx_word' id='word_1_268' title='bbox 953 2897 1071 2953; x_wconf 90' lang='lat' dir='ltr'><strong>ait:</strong></span> 
     </span>
    </p>
   </div>
   <div class='ocr_carea' id='block_1_45' title="bbox 463 3075 1962 3148">
    <p class='ocr_par' dir='ltr' id='par_1_45' title="bbox 463 3075 1962 3148">
     <span class='ocr_line' id='line_1_45' title="bbox 463 3075 1962 3148; baseline 0.002 -18"><span class='ocrx_word' id='word_1_269' title='bbox 463 3075 649 3132; x_wconf 80' lang='lat' dir='ltr'><strong>LXIV.</strong></span> <span class='ocrx_word' id='word_1_270' title='bbox 683 3075 909 3132; x_wconf 78' lang='lat' dir='ltr'><strong>Ostende</strong></span> <span class='ocrx_word' id='word_1_271' title='bbox 939 3078 1067 3132; x_wconf 82' lang='lat' dir='ltr'><strong>mihi</strong></span> <span class='ocrx_word' id='word_1_272' title='bbox 1102 3077 1293 3148; x_wconf 80' lang='lat' dir='ltr'><strong>faciem</strong></span> <span class='ocrx_word' id='word_1_273' title='bbox 1323 3089 1468 3134; x_wconf 76' lang='lat' dir='ltr'><strong>tuam</strong></span> <span class='ocrx_word' id='word_1_274' title='bbox 1497 3087 1546 3133; x_wconf 83' lang='lat' dir='ltr'><strong>et</strong></span> <span class='ocrx_word' id='word_1_275' title='bbox 1571 3078 1808 3133; x_wconf 82' lang='lat' dir='ltr'><strong>auditam</strong></span> <span class='ocrx_word' id='word_1_276' title='bbox 1832 3078 1962 3133; x_wconf 85' lang='lat' dir='ltr'><strong>mihi</strong></span> 
     </span>
    </p>
   </div>
   <div class='ocr_carea' id='block_1_46' title="bbox 387 3167 896 3239">
    <p class='ocr_par' dir='ltr' id='par_1_46' title="bbox 387 3167 896 3239">
     <span class='ocr_line' id='line_1_46' title="bbox 387 3167 896 3239; baseline 0 -17"><span class='ocrx_word' id='word_1_277' title='bbox 387 3167 476 3239; x_wconf 73' lang='lat' dir='ltr'><strong>[ac</strong></span> <span class='ocrx_word' id='word_1_278' title='bbox 516 3184 691 3223; x_wconf 75' lang='lat' dir='ltr'><strong>vocem</strong></span> <span class='ocrx_word' id='word_1_279' title='bbox 731 3179 896 3222; x_wconf 76' lang='lat' dir='ltr'><strong>tuam.</strong></span> 
     </span>
    </p>
   </div>
   <div class='ocr_carea' id='block_1_47' title="bbox 459 3258 1961 3329">
    <p class='ocr_par' dir='ltr' id='par_1_47' title="bbox 459 3258 1961 3329">
     <span class='ocr_line' id='line_1_47' title="bbox 459 3258 1961 3329; baseline 0.002 -17"><span class='ocrx_word' id='word_1_280' title='bbox 459 3258 515 3312; x_wconf 91' lang='lat' dir='ltr'><strong>Id</strong></span> <span class='ocrx_word' id='word_1_281' title='bbox 549 3267 633 3312; x_wconf 85' lang='lat' dir='ltr'><strong>est</strong></span> <span class='ocrx_word' id='word_1_282' title='bbox 666 3273 771 3314; x_wconf 90' lang='lat' dir='ltr'><strong>non</strong></span> <span class='ocrx_word' id='word_1_283' title='bbox 810 3258 983 3313; x_wconf 89' lang='lat' dir='ltr'><strong>solum</strong></span> <span class='ocrx_word' id='word_1_284' title='bbox 1016 3273 1110 3324; x_wconf 87' lang='lat' dir='ltr'><strong>per</strong></span> <span class='ocrx_word' id='word_1_285' title='bbox 1137 3258 1308 3329; x_wconf 84' lang='lat' dir='ltr'><strong>legem</strong></span> <span class='ocrx_word' id='word_1_286' title='bbox 1342 3269 1397 3313; x_wconf 89' lang='lat' dir='ltr'><strong>et</strong></span> <span class='ocrx_word' id='word_1_287' title='bbox 1423 3260 1712 3328; x_wconf 80' lang='lat' dir='ltr'><strong>prophetas</strong></span> <span class='ocrx_word' id='word_1_288' title='bbox 1741 3259 1961 3329; x_wconf 88' lang='lat' dir='ltr'><strong>loquere</strong></span> 
     </span>
    </p>
   </div>
   <div class='ocr_carea' id='block_1_48' title="bbox 389 3348 1954 3421">
    <p class='ocr_par' dir='ltr' id='par_1_48' title="bbox 389 3348 1954 3421">
     <span class='ocr_line' id='line_1_48' title="bbox 389 3348 1954 3421; baseline 0.001 -18"><span class='ocrx_word' id='word_1_289' title='bbox 389 3348 548 3413; x_wconf 85' lang='lat' dir='ltr'><strong>Inibi,</strong></span> <span class='ocrx_word' id='word_1_290' title='bbox 585 3350 681 3405; x_wconf 89' lang='lat' dir='ltr'><strong>sed</strong></span> <span class='ocrx_word' id='word_1_291' title='bbox 714 3359 883 3404; x_wconf 88' lang='lat' dir='ltr'><strong>totum</strong></span> <span class='ocrx_word' id='word_1_292' title='bbox 930 3350 1064 3404; x_wconf 84' lang='lat' dir='ltr'><strong>mihi</strong></span> <span class='ocrx_word' id='word_1_293' title='bbox 1111 3361 1161 3405; x_wconf 90' lang='lat' dir='ltr'><strong>te</strong></span> <span class='ocrx_word' id='word_1_294' title='bbox 1194 3353 1452 3418; x_wconf 84' lang='lat' dir='ltr'><strong>ostende;</strong></span> <span class='ocrx_word' id='word_1_295' title='bbox 1505 3353 1954 3421; x_wconf 65' lang='lat' dir='ltr'><strong>quemadmodum</strong></span> 
     </span>
    </p>
   </div>
   <div class='ocr_carea' id='block_1_49' title="bbox 388 3436 1963 3509">
    <p class='ocr_par' dir='ltr' id='par_1_49' title="bbox 388 3436 1963 3509">
     <span class='ocr_line' id='line_1_49' title="bbox 388 3436 1963 3509; baseline 0.004 -17"><span class='ocrx_word' id='word_1_296' title='bbox 388 3436 604 3509; x_wconf 71' lang='lat' dir='ltr'><strong>Moyses</strong></span> <span class='ocrx_word' id='word_1_297' title='bbox 657 3438 920 3508; x_wconf 86' lang='lat' dir='ltr'><strong>ejusmodi</strong></span> <span class='ocrx_word' id='word_1_298' title='bbox 964 3440 1155 3509; x_wconf 82' lang='lat' dir='ltr'><strong>captus</strong></span> <span class='ocrx_word' id='word_1_299' title='bbox 1205 3440 1491 3508; x_wconf 87' lang='lat' dir='ltr'><strong>desiderio,</strong></span> <span class='ocrx_word' id='word_1_300' title='bbox 1517 3443 1682 3498; x_wconf 91' lang='lat' dir='ltr'><strong>libere</strong></span> <span class='ocrx_word' id='word_1_301' title='bbox 1707 3459 1829 3498; x_wconf 92' lang='lat' dir='ltr'><strong>cum</strong></span> <span class='ocrx_word' id='word_1_302' title='bbox 1859 3445 1963 3498; x_wconf 91' lang='lat' dir='ltr'><strong>Do-</strong></span> 
     </span>
    </p>
   </div>
   <div class='ocr_carea' id='block_1_50' title="bbox 389 3528 1961 3602">
    <p class='ocr_par' dir='ltr' id='par_1_50' title="bbox 389 3528 1961 3602">
     <span class='ocr_line' id='line_1_50' title="bbox 389 3528 1961 3602; baseline 0.003 -18"><span class='ocrx_word' id='word_1_303' title='bbox 389 3530 538 3584; x_wconf 85' lang='lat' dir='ltr'><strong>tniuo</strong></span> <span class='ocrx_word' id='word_1_304' title='bbox 567 3528 886 3599; x_wconf 88' lang='lat' dir='ltr'><strong>loquebatur</strong></span> <span class='ocrx_word' id='word_1_305' title='bbox 927 3531 1117 3586; x_wconf 89' lang='lat' dir='ltr'><strong>dicens</strong></span> <span class='ocrx_word' id='word_1_306' title='bbox 1146 3550 1160 3587; x_wconf 86' lang='lat'><strong>:</strong></span> <span class='ocrx_word' id='word_1_307' title='bbox 1199 3551 1218 3582; x_wconf 74' lang='grc' dir='ltr'><strong>ι</strong></span> <span class='ocrx_word' id='word_1_308' title='bbox 1257 3533 1494 3587; x_wconf 83' lang='lat' dir='ltr'><strong>Ostende</strong></span> <span class='ocrx_word' id='word_1_309' title='bbox 1520 3535 1649 3587; x_wconf 88' lang='lat' dir='ltr'><strong>mihi</strong></span> <span class='ocrx_word' id='word_1_310' title='bbox 1677 3544 1727 3589; x_wconf 90' lang='lat' dir='ltr'><strong>te</strong></span> <span class='ocrx_word' id='word_1_311' title='bbox 1751 3536 1922 3602; x_wconf 89' lang='lat' dir='ltr'><strong>ipsum</strong></span> <span class='ocrx_word' id='word_1_312' title='bbox 1945 3575 1961 3600; x_wconf 97' lang='lat'><strong>,</strong></span> 
     </span>
    </p>
   </div>
   <div class='ocr_carea' id='block_1_51' title="bbox 391 3620 1958 3697">
    <p class='ocr_par' dir='ltr' id='par_1_51' title="bbox 391 3620 1958 3697">
     <span class='ocr_line' id='line_1_51' title="bbox 391 3620 1958 3697; baseline 0.001 -24"><span class='ocrx_word' id='word_1_313' title='bbox 391 3629 451 3673; x_wconf 92' lang='grc' dir='ltr'><strong>ιιι</strong></span> <span class='ocrx_word' id='word_1_314' title='bbox 477 3620 762 3676; x_wconf 85' lang='lat' dir='ltr'><strong>manifeste</strong></span> <span class='ocrx_word' id='word_1_315' title='bbox 786 3628 841 3676; x_wconf 90' lang='lat' dir='ltr'><strong>te</strong></span> <span class='ocrx_word' id='word_1_316' title='bbox 868 3621 1080 3676; x_wconf 82' lang='lat' dir='ltr'><strong>videam</strong></span> <span class='ocrx_word' id='word_1_317' title='bbox 1109 3623 1152 3677; x_wconf 85' lang='lat'><strong>’.</strong></span> <span class='ocrx_word' id='word_1_318' title='bbox 1183 3641 1202 3675; x_wconf 73' lang='grc' dir='ltr'><strong>ι</strong></span> <span class='ocrx_word' id='word_1_319' title='bbox 1226 3623 1425 3678; x_wconf 88' lang='lat' dir='ltr'><strong>Verum</strong></span> <span class='ocrx_word' id='word_1_320' title='bbox 1454 3636 1581 3680; x_wconf 88' lang='lat' dir='ltr'><strong>tunc</strong></span> <span class='ocrx_word' id='word_1_321' title='bbox 1597 3626 1732 3680; x_wconf 89' lang='lat' dir='ltr'><strong>dixit</strong></span> <span class='ocrx_word' id='word_1_322' title='bbox 1753 3626 1958 3697; x_wconf 75' lang='lat' dir='ltr'><strong>Moysi:</strong></span> 
     </span>
    </p>
   </div>
   <div class='ocr_carea' id='block_1_52' title="bbox 398 3706 1963 3781">
    <p class='ocr_par' dir='ltr' id='par_1_52' title="bbox 398 3706 1963 3781">
     <span class='ocr_line' id='line_1_52' title="bbox 398 3706 1963 3781; baseline 0.003 -14"><span class='ocrx_word' id='word_1_323' title='bbox 398 3729 421 3767; x_wconf 79' lang='grc' dir='ltr'><strong>ι</strong></span> <span class='ocrx_word' id='word_1_324' title='bbox 461 3706 653 3767; x_wconf 79' lang='lat' dir='ltr'><strong>Nullus</strong></span> <span class='ocrx_word' id='word_1_325' title='bbox 677 3714 767 3781; x_wconf 88' lang='lat' dir='ltr'><strong>qui</strong></span> <span class='ocrx_word' id='word_1_326' title='bbox 809 3713 1001 3769; x_wconf 82' lang='lat' dir='ltr'><strong>faciem</strong></span> <span class='ocrx_word' id='word_1_327' title='bbox 1050 3731 1222 3770; x_wconf 84' lang='lat' dir='ltr'><strong>meam</strong></span> <span class='ocrx_word' id='word_1_328' title='bbox 1265 3716 1493 3780; x_wconf 90' lang='lat' dir='ltr'><strong>viderit,</strong></span> <span class='ocrx_word' id='word_1_329' title='bbox 1518 3717 1661 3771; x_wconf 87' lang='lat' dir='ltr'><strong>vivet</strong></span> <span class='ocrx_word' id='word_1_330' title='bbox 1687 3716 1754 3772; x_wconf 82' lang='grc'><strong>¹⁹.</strong></span> <span class='ocrx_word' id='word_1_331' title='bbox 1798 3736 1818 3770; x_wconf 78' lang='grc' dir='ltr'><strong>ι</strong></span> <span class='ocrx_word' id='word_1_332' title='bbox 1857 3717 1963 3772; x_wconf 88' lang='lat' dir='ltr'><strong>Sed</strong></span> 
     </span>
    </p>
   </div>
   <div class='ocr_carea' id='block_1_53' title="bbox 389 3786 1963 3877">
    <p class='ocr_par' dir='ltr' id='par_1_53' title="bbox 389 3786 1963 3877">
     <span class='ocr_line' id='line_1_53' title="bbox 389 3786 1963 3877; baseline 0.002 -18"><span class='ocrx_word' id='word_1_333' title='bbox 389 3786 511 3859; x_wconf 73' lang='lat' dir='ltr'><strong>cum</strong></span> <span class='ocrx_word' id='word_1_334' title='bbox 539 3819 748 3874; x_wconf 66' lang='lat' dir='ltr'><strong>sponsa:</strong></span> <span class='ocrx_word' id='word_1_335' title='bbox 773 3821 884 3860; x_wconf 72' lang='lat' dir='ltr'><strong>suae</strong></span> <span class='ocrx_word' id='word_1_336' title='bbox 930 3805 1091 3861; x_wconf 88' lang='lat' dir='ltr'><strong>vellet</strong></span> <span class='ocrx_word' id='word_1_337' title='bbox 1121 3822 1180 3863; x_wconf 88' lang='lat' dir='ltr'><strong>se</strong></span> <span class='ocrx_word' id='word_1_338' title='bbox 1215 3808 1568 3877; x_wconf 89' lang='lat' dir='ltr'><strong>conspicuum</strong></span> <span class='ocrx_word' id='word_1_339' title='bbox 1598 3808 1727 3865; x_wconf 87' lang='lat' dir='ltr'><strong>dare</strong></span> <span class='ocrx_word' id='word_1_340' title='bbox 1751 3848 1768 3874; x_wconf 88' lang='lat'><strong>,</strong></span> <span class='ocrx_word' id='word_1_341' title='bbox 1794 3807 1963 3864; x_wconf 86' lang='lat' dir='ltr'><strong>veluti</strong></span> 
     </span>
    </p>
   </div>
   <div class='ocr_carea' id='block_1_54' title="bbox 390 3896 1965 3967">
    <p class='ocr_par' dir='ltr' id='par_1_54' title="bbox 390 3896 1965 3967">
     <span class='ocr_line' id='line_1_54' title="bbox 390 3896 1965 3967; baseline 0.003 -17"><span class='ocrx_word' id='word_1_342' title='bbox 390 3896 586 3951; x_wconf 89' lang='lat' dir='ltr'><strong>nubem</strong></span> <span class='ocrx_word' id='word_1_343' title='bbox 620 3896 796 3952; x_wconf 90' lang='lat' dir='ltr'><strong>induit</strong></span> <span class='ocrx_word' id='word_1_344' title='bbox 827 3911 1046 3967; x_wconf 83' lang='lat' dir='ltr'><strong>corpus,</strong></span> <span class='ocrx_word' id='word_1_345' title='bbox 1089 3905 1144 3954; x_wconf 89' lang='lat' dir='ltr'><strong>et</strong></span> <span class='ocrx_word' id='word_1_346' title='bbox 1174 3899 1274 3953; x_wconf 86' lang='lat' dir='ltr'><strong>sub</strong></span> <span class='ocrx_word' id='word_1_347' title='bbox 1293 3914 1357 3953; x_wconf 91' lang='lat' dir='ltr'><strong>eo</strong></span> <span class='ocrx_word' id='word_1_348' title='bbox 1389 3912 1448 3953; x_wconf 89' lang='lat' dir='ltr'><strong>se</strong></span> <span class='ocrx_word' id='word_1_349' title='bbox 1473 3899 1785 3965; x_wconf 88' lang='lat' dir='ltr'><strong>abscondit,</strong></span> <span class='ocrx_word' id='word_1_350' title='bbox 1815 3910 1874 3954; x_wconf 94' lang='lat' dir='ltr'><strong>ut</strong></span> <span class='ocrx_word' id='word_1_351' title='bbox 1905 3914 1965 3955; x_wconf 88' lang='lat' dir='ltr'><strong>se</strong></span> 
     </span>
    </p>
   </div>
   <div class='ocr_carea' id='block_1_55' title="bbox 324 3986 1962 4060">
    <p class='ocr_par' dir='ltr' id='par_1_55' title="bbox 324 3986 1962 4060">
     <span class='ocr_line' id='line_1_55' title="bbox 324 3986 1962 4060; baseline 0.004 -21"><span class='ocrx_word' id='word_1_352' title='bbox 324 4034 329 4039; x_wconf 96' lang='lat'><strong>.</strong></span> <span class='ocrx_word' id='word_1_353' title='bbox 390 3986 507 4058; x_wconf 88' lang='lat' dir='ltr'><strong>ipse</strong></span> <span class='ocrx_word' id='word_1_354' title='bbox 546 4002 658 4042; x_wconf 71' lang='lat' dir='ltr'><strong>suae</strong></span> <span class='ocrx_word' id='word_1_355' title='bbox 697 4003 909 4059; x_wconf 69' lang='lat' dir='ltr'><strong>sponsae</strong></span> <span class='ocrx_word' id='word_1_356' title='bbox 948 3989 1344 4045; x_wconf 83' lang='lat' dir='ltr'><strong>demonstraret</strong></span> <span class='ocrx_word' id='word_1_357' title='bbox 1393 4006 1489 4060; x_wconf 88' lang='lat' dir='ltr'><strong>per</strong></span> <span class='ocrx_word' id='word_1_358' title='bbox 1520 4000 1674 4045; x_wconf 90' lang='lat' dir='ltr'><strong>actus</strong></span> <span class='ocrx_word' id='word_1_359' title='bbox 1712 3990 1962 4057; x_wconf 75' lang='lat' dir='ltr'><strong>virtutis,</strong></span> 
     </span>
    </p>
   </div>
   <div class='ocr_carea' id='block_1_56' title="bbox 390 4081 1966 4150">
    <p class='ocr_par' dir='ltr' id='par_1_56' title="bbox 390 4081 1966 4150">
     <span class='ocr_line' id='line_1_56' title="bbox 390 4081 1966 4150; baseline 0.004 -17"><span class='ocrx_word' id='word_1_360' title='bbox 390 4094 490 4149; x_wconf 86' lang='lat' dir='ltr'><strong>per</strong></span> <span class='ocrx_word' id='word_1_361' title='bbox 516 4081 829 4150; x_wconf 81' lang='lat' dir='ltr'><strong>patientiam</strong></span> <span class='ocrx_word' id='word_1_362' title='bbox 872 4092 928 4136; x_wconf 89' lang='lat' dir='ltr'><strong>et</strong></span> <span class='ocrx_word' id='word_1_363' title='bbox 950 4081 1339 4148; x_wconf 83' lang='lat' dir='ltr'><strong>innocentiam,</strong></span> <span class='ocrx_word' id='word_1_364' title='bbox 1369 4082 1605 4138; x_wconf 86' lang='lat' dir='ltr'><strong>formam</strong></span> <span class='ocrx_word' id='word_1_365' title='bbox 1634 4083 1707 4138; x_wconf 92' lang='lat' dir='ltr'><strong>illi</strong></span> <span class='ocrx_word' id='word_1_366' title='bbox 1747 4087 1966 4140; x_wconf 86' lang='lat' dir='ltr'><strong>tradens</strong></span> 
     </span>
    </p>
   </div>
   <div class='ocr_carea' id='block_1_57' title="bbox 392 4171 1965 4251">
    <p class='ocr_par' dir='ltr' id='par_1_57' title="bbox 392 4171 1965 4251">
     <span class='ocr_line' id='line_1_57' title="bbox 392 4171 1965 4251; baseline 0.004 -26"><span class='ocrx_word' id='word_1_367' title='bbox 392 4171 479 4242; x_wconf 87' lang='lat' dir='ltr'><strong>pie</strong></span> <span class='ocrx_word' id='word_1_368' title='bbox 514 4172 748 4227; x_wconf 90' lang='lat' dir='ltr'><strong>vivendi.</strong></span> <span class='ocrx_word' id='word_1_369' title='bbox 793 4173 1087 4251; x_wconf 86' lang='lat' dir='ltr'><strong>Propterea</strong></span> <span class='ocrx_word' id='word_1_370' title='bbox 1130 4175 1218 4230; x_wconf 91' lang='lat' dir='ltr'><strong>illa</strong></span> <span class='ocrx_word' id='word_1_371' title='bbox 1243 4175 1512 4230; x_wconf 88' lang='lat' dir='ltr'><strong>auscultat</strong></span> <span class='ocrx_word' id='word_1_372' title='bbox 1543 4174 1773 4231; x_wconf 88' lang='lat' dir='ltr'><strong>dicens:</strong></span> <span class='ocrx_word' id='word_1_373' title='bbox 1813 4194 1833 4227; x_wconf 77' lang='grc' dir='ltr'><strong>ι</strong></span> <span class='ocrx_word' id='word_1_374' title='bbox 1865 4175 1965 4231; x_wconf 85' lang='lat' dir='ltr'><strong>Os-</strong></span> 
     </span>
    </p>
   </div>
   <div class='ocr_carea' id='block_1_58' title="bbox 394 4262 1960 4331">
    <p class='ocr_par' dir='ltr' id='par_1_58' title="bbox 394 4262 1960 4331">
     <span class='ocr_line' id='line_1_58' title="bbox 394 4262 1960 4331; baseline 0.004 -16"><span class='ocrx_word' id='word_1_375' title='bbox 394 4262 554 4318; x_wconf 90' lang='lat' dir='ltr'><strong>tende</strong></span> <span class='ocrx_word' id='word_1_376' title='bbox 574 4264 710 4318; x_wconf 87' lang='lat' dir='ltr'><strong>mibi</strong></span> <span class='ocrx_word' id='word_1_377' title='bbox 738 4263 933 4319; x_wconf 79' lang='lat' dir='ltr'><strong>faciem</strong></span> <span class='ocrx_word' id='word_1_378' title='bbox 956 4272 1125 4331; x_wconf 90' lang='lat' dir='ltr'><strong>tuam,</strong></span> <span class='ocrx_word' id='word_1_379' title='bbox 1160 4276 1216 4321; x_wconf 92' lang='lat' dir='ltr'><strong>et</strong></span> <span class='ocrx_word' id='word_1_380' title='bbox 1247 4267 1484 4321; x_wconf 88' lang='lat' dir='ltr'><strong>auditam</strong></span> <span class='ocrx_word' id='word_1_381' title='bbox 1510 4267 1640 4321; x_wconf 88' lang='lat' dir='ltr'><strong>mihi</strong></span> <span class='ocrx_word' id='word_1_382' title='bbox 1671 4265 1757 4322; x_wconf 91' lang='lat' dir='ltr'><strong>fac</strong></span> <span class='ocrx_word' id='word_1_383' title='bbox 1775 4282 1960 4323; x_wconf 82' lang='lat' dir='ltr'><strong>vocem</strong></span> 
     </span>
    </p>
   </div>
   <div class='ocr_carea' id='block_1_59' title="bbox 392 4355 1960 4425">
    <p class='ocr_par' dir='ltr' id='par_1_59' title="bbox 392 4355 1960 4425">
     <span class='ocr_line' id='line_1_59' title="bbox 392 4355 1960 4425; baseline 0.004 -20"><span class='ocrx_word' id='word_1_384' title='bbox 392 4362 564 4410; x_wconf 89' lang='lat' dir='ltr'><strong>tuam.</strong></span> <span class='ocrx_word' id='word_1_385' title='bbox 622 4373 643 4407; x_wconf 77' lang='grc' dir='ltr'><strong>ι</strong></span> <span class='ocrx_word' id='word_1_386' title='bbox 678 4355 924 4411; x_wconf 84' lang='lat' dir='ltr'><strong>Ostendit</strong></span> <span class='ocrx_word' id='word_1_387' title='bbox 967 4356 1129 4425; x_wconf 85' lang='lat' dir='ltr'><strong>igitur</strong></span> <span class='ocrx_word' id='word_1_388' title='bbox 1163 4356 1238 4412; x_wconf 88' lang='lat' dir='ltr'><strong>illi</strong></span> <span class='ocrx_word' id='word_1_389' title='bbox 1298 4357 1491 4412; x_wconf 81' lang='lat' dir='ltr'><strong>faciem</strong></span> <span class='ocrx_word' id='word_1_390' title='bbox 1526 4372 1679 4413; x_wconf 89' lang='lat' dir='ltr'><strong>suam</strong></span> <span class='ocrx_word' id='word_1_391' title='bbox 1707 4397 1723 4422; x_wconf 94' lang='lat'><strong>,</strong></span> <span class='ocrx_word' id='word_1_392' title='bbox 1758 4372 1879 4413; x_wconf 91' lang='lat' dir='ltr'><strong>cum</strong></span> <span class='ocrx_word' id='word_1_393' title='bbox 1908 4358 1960 4412; x_wconf 89' lang='lat' dir='ltr'><strong>in</strong></span> 
     </span>
    </p>
   </div>
   <div class='ocr_carea' id='block_1_60' title="bbox 392 4445 1960 4518">
    <p class='ocr_par' dir='ltr' id='par_1_60' title="bbox 392 4445 1960 4518">
     <span class='ocr_line' id='line_1_60' title="bbox 392 4445 1960 4518; baseline 0.004 -21"><span class='ocrx_word' id='word_1_394' title='bbox 392 4454 550 4499; x_wconf 93' lang='lat' dir='ltr'><strong>utero</strong></span> <span class='ocrx_word' id='word_1_395' title='bbox 572 4445 806 4514; x_wconf 70' lang='lat' dir='ltr'><strong>deipara:</strong></span> <span class='ocrx_word' id='word_1_396' title='bbox 847 4446 1079 4518; x_wconf 78' lang='lat' dir='ltr'><strong>Virginis</strong></span> <span class='ocrx_word' id='word_1_397' title='bbox 1113 4458 1355 4518; x_wconf 84' lang='lat' dir='ltr'><strong>gestatus</strong></span> <span class='ocrx_word' id='word_1_398' title='bbox 1393 4459 1512 4515; x_wconf 85' lang='lat' dir='ltr'><strong>est;</strong></span> <span class='ocrx_word' id='word_1_399' title='bbox 1549 4459 1603 4503; x_wconf 90' lang='lat' dir='ltr'><strong>et</strong></span> <span class='ocrx_word' id='word_1_400' title='bbox 1626 4449 1863 4503; x_wconf 89' lang='lat' dir='ltr'><strong>auditam</strong></span> <span class='ocrx_word' id='word_1_401' title='bbox 1889 4449 1960 4503; x_wconf 93' lang='lat' dir='ltr'><strong>illi</strong></span> 
     </span>
    </p>
   </div>
   <div class='ocr_carea' id='block_1_61' title="bbox 2063 1893 3646 1969">
    <p class='ocr_par' dir='ltr' id='par_1_61' title="bbox 2063 1893 3646 1969">
     <span class='ocr_line' id='line_1_61' title="bbox 2063 1893 3646 1969; baseline -0.002 -19"><span class='ocrx_word' id='word_1_402' title='bbox 2063 1897 2186 1969; x_wconf 84' lang='grc' dir='ltr'>μὲν,</span> <span class='ocrx_word' id='word_1_403' title='bbox 2218 1896 2405 1967; x_wconf 74' lang='grc' dir='ltr'>ἐπειδὴ</span> <span class='ocrx_word' id='word_1_404' title='bbox 2433 1896 2519 1949; x_wconf 74' lang='grc' dir='ltr'><strong>ἐπ’</strong></span> <span class='ocrx_word' id='word_1_405' title='bbox 2560 1896 2691 1951; x_wconf 77' lang='grc' dir='ltr'>αὐτὸ</span> <span class='ocrx_word' id='word_1_406' title='bbox 2730 1897 2950 1968; x_wconf 78' lang='grc' dir='ltr'>ἦρεισεν</span> <span class='ocrx_word' id='word_1_407' title='bbox 2986 1897 3087 1967; x_wconf 74' lang='grc' dir='ltr'>τῆς</span> <span class='ocrx_word' id='word_1_408' title='bbox 3126 1896 3358 1959; x_wconf 71' lang='grc' dir='ltr'>»πίστεως</span> <span class='ocrx_word' id='word_1_409' title='bbox 3391 1895 3452 1949; x_wconf 80' lang='grc' dir='ltr'><strong>τὸ</strong></span> <span class='ocrx_word' id='word_1_410' title='bbox 3482 1893 3646 1966; x_wconf 82' lang='grc' dir='ltr'>Θεμέ-</span> 
     </span>
    </p>
   </div>
   <div class='ocr_carea' id='block_1_62' title="bbox 2058 1986 3646 2061">
    <p class='ocr_par' dir='ltr' id='par_1_62' title="bbox 2058 1986 3646 2061">
     <span class='ocr_line' id='line_1_62' title="bbox 2058 1986 3646 2061; baseline -0.001 -20"><span class='ocrx_word' id='word_1_411' title='bbox 2058 1989 2203 2042; x_wconf 92' lang='grc' dir='ltr'>λιον·</span> <span class='ocrx_word' id='word_1_412' title='bbox 2241 1987 2418 2059; x_wconf 82' lang='grc' dir='ltr'><strong>σκέπη</strong></span> <span class='ocrx_word' id='word_1_413' title='bbox 2471 1987 2559 2051; x_wconf 83' lang='grc' dir='ltr'><strong>δὲ.</strong></span> <span class='ocrx_word' id='word_1_414' title='bbox 2595 1988 2783 2061; x_wconf 77' lang='grc' dir='ltr'>ἐπειδὴ</span> <span class='ocrx_word' id='word_1_415' title='bbox 2840 1987 3010 2060; x_wconf 77' lang='grc' dir='ltr'>αὐτὴν</span> <span class='ocrx_word' id='word_1_416' title='bbox 3047 1987 3158 2041; x_wconf 83' lang='grc' dir='ltr'><strong>ἀπὸ</strong></span> <span class='ocrx_word' id='word_1_417' title='bbox 3206 1987 3407 2052; x_wconf 83' lang='grc' dir='ltr'>παντὸς</span> <span class='ocrx_word' id='word_1_418' title='bbox 3454 1986 3646 2059; x_wconf 80' lang='grc' dir='ltr'>ῥύεται</span> 
     </span>
    </p>
   </div>
   <div class='ocr_carea' id='block_1_63' title="bbox 2059 2078 2392 2151">
    <p class='ocr_par' dir='ltr' id='par_1_63' title="bbox 2059 2078 2392 2151">
     <span class='ocr_line' id='line_1_63' title="bbox 2059 2078 2392 2151; baseline -0.009 -16"><span class='ocrx_word' id='word_1_419' title='bbox 2059 2078 2392 2151; x_wconf 74' lang='grc' dir='ltr'>πειρασμοῦ.</span> 
     </span>
    </p>
   </div>
   <div class='ocr_carea' id='block_1_64' title="bbox 2129 2165 3248 2239">
    <p class='ocr_par' dir='ltr' id='par_1_64' title="bbox 2129 2165 3248 2239">
     <span class='ocr_line' id='line_1_64' title="bbox 2129 2165 3248 2239; baseline -0.009 -16"><span class='ocrx_word' id='word_1_420' title='bbox 2129 2169 2248 2224; x_wconf 68' lang='grc' dir='ltr'><strong>ΞΓ.</strong></span> <span class='ocrx_word' id='word_1_421' title='bbox 2282 2169 2567 2239; x_wconf 76' lang='grc' dir='ltr'>Ἐχόμενα</span> <span class='ocrx_word' id='word_1_422' title='bbox 2592 2165 2698 2220; x_wconf 82' lang='grc' dir='ltr'>τοῦ</span> <span class='ocrx_word' id='word_1_423' title='bbox 2731 2165 3248 2236; x_wconf 78' lang='grc' dir='ltr'>προτειχίσματος.</span> 
     </span>
    </p>
   </div>
   <div class='ocr_carea' id='block_1_65' title="bbox 2129 2257 3647 2332">
    <p class='ocr_par' dir='ltr' id='par_1_65' title="bbox 2129 2257 3647 2332">
     <span class='ocr_line' id='line_1_65' title="bbox 2129 2257 3647 2332; baseline -0.001 -17"><span class='ocrx_word' id='word_1_424' title='bbox 2129 2260 2500 2332; x_wconf 81' lang='grc' dir='ltr'>Προτείχισμα</span> <span class='ocrx_word' id='word_1_425' title='bbox 2535 2259 2627 2311; x_wconf 84' lang='grc' dir='ltr'><strong>τὸν</strong></span> <span class='ocrx_word' id='word_1_426' title='bbox 2664 2257 2825 2327; x_wconf 89' lang='grc' dir='ltr'>νόμον</span> <span class='ocrx_word' id='word_1_427' title='bbox 2864 2257 3035 2325; x_wconf 82' lang='grc' dir='ltr'>λέγει.</span> <span class='ocrx_word' id='word_1_428' title='bbox 3085 2258 3251 2330; x_wconf 87' lang='grc' dir='ltr'>Τείχη</span> <span class='ocrx_word' id='word_1_429' title='bbox 3287 2258 3396 2331; x_wconf 78' lang='grc' dir='ltr'><strong>γάρ</strong></span> <span class='ocrx_word' id='word_1_430' title='bbox 3423 2259 3540 2312; x_wconf 77' lang='grc' dir='ltr'>ἐστι</span> <span class='ocrx_word' id='word_1_431' title='bbox 3572 2258 3647 2313; x_wconf 77' lang='grc' dir='ltr'>τὰ</span> 
     </span>
    </p>
   </div>
   <div class='ocr_carea' id='block_1_66' title="bbox 2060 2347 3642 2420">
    <p class='ocr_par' dir='ltr' id='par_1_66' title="bbox 2060 2347 3642 2420">
     <span class='ocr_line' id='line_1_66' title="bbox 2060 2347 3642 2420; baseline -0.001 -17"><span class='ocrx_word' id='word_1_432' title='bbox 2060 2349 2387 2420; x_wconf 81' lang='grc' dir='ltr'>Εὐαγγέλια,</span> <span class='ocrx_word' id='word_1_433' title='bbox 2418 2348 2559 2402; x_wconf 86' lang='grc' dir='ltr'><strong>κατὰ</strong></span> <span class='ocrx_word' id='word_1_434' title='bbox 2582 2347 2680 2418; x_wconf 78' lang='grc' dir='ltr'>τὴν</span> <span class='ocrx_word' id='word_1_435' title='bbox 2726 2348 2947 2401; x_wconf 74' lang='grc' dir='ltr'>Ἡσαΐου</span> <span class='ocrx_word' id='word_1_436' title='bbox 2982 2349 3186 2420; x_wconf 75' lang='grc' dir='ltr'>φωνήνο</span> <span class='ocrx_word' id='word_1_437' title='bbox 3219 2368 3236 2401; x_wconf 86' lang='grc' dir='ltr'><strong>ι</strong></span> <span class='ocrx_word' id='word_1_438' title='bbox 3274 2348 3441 2420; x_wconf 76' lang='grc' dir='ltr'>Θήσρι</span> <span class='ocrx_word' id='word_1_439' title='bbox 3463 2352 3642 2420; x_wconf 85' lang='grc' dir='ltr'>τεῖχος</span> 
     </span>
    </p>
   </div>
   <div class='ocr_carea' id='block_1_67' title="bbox 2060 2438 3644 2512">
    <p class='ocr_par' dir='ltr' id='par_1_67' title="bbox 2060 2438 3644 2512">
     <span class='ocr_line' id='line_1_67' title="bbox 2060 2438 3644 2512; baseline -0.002 -16"><span class='ocrx_word' id='word_1_440' title='bbox 2060 2443 2156 2497; x_wconf 72' lang='grc' dir='ltr'><strong>καὶ</strong></span> <span class='ocrx_word' id='word_1_441' title='bbox 2189 2441 2519 2512; x_wconf 85' lang='grc' dir='ltr'>περίτειχος.</span> <span class='ocrx_word' id='word_1_442' title='bbox 2561 2459 2580 2491; x_wconf 80' lang='grc' dir='ltr'><strong>ι</strong></span> <span class='ocrx_word' id='word_1_443' title='bbox 2620 2438 2807 2510; x_wconf 81' lang='grc' dir='ltr'><strong>Τεῖχος</strong></span> <span class='ocrx_word' id='word_1_444' title='bbox 2836 2439 2892 2492; x_wconf 85' lang='grc' dir='ltr'>δὲ</span> <span class='ocrx_word' id='word_1_445' title='bbox 2925 2442 3020 2493; x_wconf 77' lang='grc' dir='ltr'><strong>καὶ</strong></span> <span class='ocrx_word' id='word_1_446' title='bbox 3053 2440 3360 2512; x_wconf 85' lang='grc' dir='ltr'>περίτειχος</span> <span class='ocrx_word' id='word_1_447' title='bbox 3396 2441 3496 2512; x_wconf 84' lang='lat'><strong>(7),</strong></span> <span class='ocrx_word' id='word_1_448' title='bbox 3527 2441 3644 2494; x_wconf 85' lang='grc' dir='ltr'>διτ·</span> 
     </span>
    </p>
   </div>
   <div class='ocr_carea' id='block_1_68' title="bbox 2061 2532 3646 2606">
    <p class='ocr_par' dir='ltr' id='par_1_68' title="bbox 2061 2532 3646 2606">
     <span class='ocr_line' id='line_1_68' title="bbox 2061 2532 3646 2606; baseline -0.001 -18"><span class='ocrx_word' id='word_1_449' title='bbox 2061 2535 2129 2606; x_wconf 80' lang='grc' dir='ltr'>τὴ</span> <span class='ocrx_word' id='word_1_450' title='bbox 2157 2533 2384 2604; x_wconf 89' lang='grc' dir='ltr'>δύναμις</span> <span class='ocrx_word' id='word_1_451' title='bbox 2416 2532 2755 2604; x_wconf 82' lang='grc' dir='ltr'>φυλάττουσα</span> <span class='ocrx_word' id='word_1_452' title='bbox 2781 2534 2906 2596; x_wconf 84' lang='grc' dir='ltr'>τοὺς</span> <span class='ocrx_word' id='word_1_453' title='bbox 2927 2534 3106 2598; x_wconf 79' lang='grc' dir='ltr'>ὁσίους</span> <span class='ocrx_word' id='word_1_454' title='bbox 3130 2533 3220 2587; x_wconf 82' lang='grc' dir='ltr'>διὰ</span> <span class='ocrx_word' id='word_1_455' title='bbox 3236 2534 3343 2587; x_wconf 83' lang='grc' dir='ltr'>τῶν</span> <span class='ocrx_word' id='word_1_456' title='bbox 3372 2533 3532 2587; x_wconf 81' lang='grc' dir='ltr'>θείων</span> <span class='ocrx_word' id='word_1_457' title='bbox 3554 2533 3646 2587; x_wconf 78' lang='grc' dir='ltr'>λο-</span> 
     </span>
    </p>
   </div>
   <div class='ocr_carea' id='block_1_69' title="bbox 2060 2610 3646 2696">
    <p class='ocr_par' dir='ltr' id='par_1_69' title="bbox 2060 2610 3646 2696">
     <span class='ocr_line' id='line_1_69' title="bbox 2060 2610 3646 2696; baseline 0.002 -19"><span class='ocrx_word' id='word_1_458' title='bbox 2060 2610 2196 2694; x_wconf 80' lang='grc' dir='ltr'>γίων</span> <span class='ocrx_word' id='word_1_459' title='bbox 2220 2642 2234 2656; x_wconf 87' lang='grc'><strong>·</strong></span> <span class='ocrx_word' id='word_1_460' title='bbox 2270 2626 2355 2678; x_wconf 80' lang='grc' dir='ltr'>ἵνα</span> <span class='ocrx_word' id='word_1_461' title='bbox 2396 2625 2471 2696; x_wconf 83' lang='grc' dir='ltr'>μὴ</span> <span class='ocrx_word' id='word_1_462' title='bbox 2514 2626 2579 2678; x_wconf 83' lang='grc' dir='ltr'>ὲκ</span> <span class='ocrx_word' id='word_1_463' title='bbox 2623 2625 2716 2677; x_wconf 83' lang='grc' dir='ltr'>τοῦ</span> <span class='ocrx_word' id='word_1_464' title='bbox 2762 2625 2998 2695; x_wconf 69' lang='grc' dir='ltr'>πονηροῦ</span> <span class='ocrx_word' id='word_1_465' title='bbox 3048 2624 3213 2696; x_wconf 75' lang='grc' dir='ltr'>θηρὸς</span> <span class='ocrx_word' id='word_1_466' title='bbox 3253 2624 3646 2680; x_wconf 75' lang='grc' dir='ltr'>ἐπιϐουλεύων-</span> 
     </span>
    </p>
   </div>
   <div class='ocr_carea' id='block_1_70' title="bbox 2062 2713 3644 2788">
    <p class='ocr_par' dir='ltr' id='par_1_70' title="bbox 2062 2713 3644 2788">
     <span class='ocr_line' id='line_1_70' title="bbox 2062 2713 3644 2788; baseline 0.001 -21"><span class='ocrx_word' id='word_1_467' title='bbox 2062 2731 2173 2770; x_wconf 87' lang='grc' dir='ltr'>ται.</span> <span class='ocrx_word' id='word_1_468' title='bbox 2220 2715 2482 2785; x_wconf 82' lang='grc' dir='ltr'>Ἑχὸμενα</span> <span class='ocrx_word' id='word_1_469' title='bbox 2509 2713 2639 2783; x_wconf 82' lang='grc' dir='ltr'>γοῦν</span> <span class='ocrx_word' id='word_1_470' title='bbox 2668 2715 2824 2769; x_wconf 87' lang='grc' dir='ltr'>καλεῖ</span> <span class='ocrx_word' id='word_1_471' title='bbox 2853 2716 3024 2788; x_wconf 81' lang='grc' dir='ltr'>αὐτὴν</span> <span class='ocrx_word' id='word_1_472' title='bbox 3048 2716 3141 2769; x_wconf 79' lang='grc' dir='ltr'>τοῦ</span> <span class='ocrx_word' id='word_1_473' title='bbox 3166 2716 3644 2788; x_wconf 76' lang='grc' dir='ltr'>προτειχίσματος,</span> 
     </span>
    </p>
   </div>
   <div class='ocr_carea' id='block_1_71' title="bbox 2061 2805 3642 2880">
    <p class='ocr_par' dir='ltr' id='par_1_71' title="bbox 2061 2805 3642 2880">
     <span class='ocr_line' id='line_1_71' title="bbox 2061 2805 3642 2880; baseline 0.003 -21"><span class='ocrx_word' id='word_1_474' title='bbox 2061 2806 2305 2860; x_wconf 81' lang='grc' dir='ltr'>τουτέστι</span> <span class='ocrx_word' id='word_1_475' title='bbox 2342 2805 2419 2877; x_wconf 88' lang='lat'><strong>(8)</strong></span> <span class='ocrx_word' id='word_1_476' title='bbox 2466 2806 2565 2877; x_wconf 85' lang='grc' dir='ltr'>τῆς</span> <span class='ocrx_word' id='word_1_477' title='bbox 2605 2806 2700 2861; x_wconf 84' lang='grc' dir='ltr'>τοῦ</span> <span class='ocrx_word' id='word_1_478' title='bbox 2734 2808 2897 2879; x_wconf 85' lang='grc' dir='ltr'>νόμου</span> <span class='ocrx_word' id='word_1_479' title='bbox 2934 2811 3315 2880; x_wconf 58' lang='grc' dir='ltr'>κατηχήσεως</span> <span class='ocrx_word' id='word_1_480' title='bbox 3342 2808 3642 2878; x_wconf 74' lang='grc' dir='ltr'>λεγούσης*</span> 
     </span>
    </p>
   </div>
   <div class='ocr_carea' id='block_1_72' title="bbox 2068 2895 3647 2971">
    <p class='ocr_par' dir='ltr' id='par_1_72' title="bbox 2068 2895 3647 2971">
     <span class='ocr_line' id='line_1_72' title="bbox 2068 2895 3647 2971; baseline 0.003 -24"><span class='ocrx_word' id='word_1_481' title='bbox 2068 2914 2088 2947; x_wconf 77' lang='grc' dir='ltr'><strong>ι</strong></span> <span class='ocrx_word' id='word_1_482' title='bbox 2134 2896 2205 2949; x_wconf 85' lang='grc' dir='ltr'>Ού</span> <span class='ocrx_word' id='word_1_483' title='bbox 2249 2895 2575 2966; x_wconf 81' lang='grc' dir='ltr'>μοιχεύσεις,</span> <span class='ocrx_word' id='word_1_484' title='bbox 2621 2917 2641 2951; x_wconf 78' lang='grc' dir='ltr'><strong>ι</strong></span> <span class='ocrx_word' id='word_1_485' title='bbox 2681 2898 2778 2952; x_wconf 77' lang='grc' dir='ltr'>καὶ</span> <span class='ocrx_word' id='word_1_486' title='bbox 2823 2898 2892 2953; x_wconf 82' lang='grc' dir='ltr'>τὰ</span> <span class='ocrx_word' id='word_1_487' title='bbox 2930 2899 3076 2971; x_wconf 81' lang='grc' dir='ltr'><strong>ἑξῆς·</strong></span> <span class='ocrx_word' id='word_1_488' title='bbox 3124 2896 3244 2954; x_wconf 84' lang='grc' dir='ltr'>εἶτα</span> <span class='ocrx_word' id='word_1_489' title='bbox 3288 2898 3647 2970; x_wconf 83' lang='grc' dir='ltr'>ἀποκρίνεται</span> 
     </span>
    </p>
   </div>
   <div class='ocr_carea' id='block_1_73' title="bbox 2063 2985 2556 3059">
    <p class='ocr_par' dir='ltr' id='par_1_73' title="bbox 2063 2985 2556 3059">
     <span class='ocr_line' id='line_1_73' title="bbox 2063 2985 2556 3059; baseline -0.004 -18"><span class='ocrx_word' id='word_1_490' title='bbox 2063 2986 2223 3059; x_wconf 82' lang='grc' dir='ltr'>αὐτὴ,</span> <span class='ocrx_word' id='word_1_491' title='bbox 2260 2987 2355 3041; x_wconf 71' lang='grc' dir='ltr'>καὶ</span> <span class='ocrx_word' id='word_1_492' title='bbox 2386 2985 2556 3055; x_wconf 79' lang='grc' dir='ltr'>λέγει’</span> 
     </span>
    </p>
   </div>
   <div class='ocr_carea' id='block_1_74' title="bbox 2133 3074 3648 3147">
    <p class='ocr_par' dir='ltr' id='par_1_74' title="bbox 2133 3074 3648 3147">
     <span class='ocr_line' id='line_1_74' title="bbox 2133 3074 3648 3147; baseline 0.006 -19"><span class='ocrx_word' id='word_1_493' title='bbox 2133 3074 2248 3130; x_wconf 76' lang='lat' dir='ltr'><strong>EA’.</strong></span> <span class='ocrx_word' id='word_1_494' title='bbox 2281 3076 2488 3141; x_wconf 76' lang='grc' dir='ltr'><strong>Δεῒξόν</strong></span> <span class='ocrx_word' id='word_1_495' title='bbox 2528 3093 2631 3146; x_wconf 81' lang='grc' dir='ltr'><strong>μοι</strong></span> <span class='ocrx_word' id='word_1_496' title='bbox 2678 3074 2794 3147; x_wconf 76' lang='grc' dir='ltr'><strong>τὴν</strong></span> <span class='ocrx_word' id='word_1_497' title='bbox 2831 3076 2977 3147; x_wconf 72' lang='grc' dir='ltr'><strong>ὄψιν</strong></span> <span class='ocrx_word' id='word_1_498' title='bbox 3015 3094 3154 3144; x_wconf 82' lang='grc' dir='ltr'>σου,</span> <span class='ocrx_word' id='word_1_499' title='bbox 3183 3079 3281 3135; x_wconf 70' lang='grc' dir='ltr'><strong>καί</strong></span> <span class='ocrx_word' id='word_1_500' title='bbox 3314 3079 3648 3137; x_wconf 75' lang='grc' dir='ltr'><strong>ἀκοὺτισόν</strong></span> 
     </span>
    </p>
   </div>
   <div class='ocr_carea' id='block_1_75' title="bbox 2056 3165 2689 3238">
    <p class='ocr_par' dir='ltr' id='par_1_75' title="bbox 2056 3165 2689 3238">
     <span class='ocr_line' id='line_1_75' title="bbox 2056 3165 2689 3238; baseline 0 -18"><span class='ocrx_word' id='word_1_501' title='bbox 2056 3184 2157 3238; x_wconf 81' lang='grc' dir='ltr'><strong>μοι</strong></span> <span class='ocrx_word' id='word_1_502' title='bbox 2179 3166 2295 3234; x_wconf 78' lang='grc' dir='ltr'>τὴν</span> <span class='ocrx_word' id='word_1_503' title='bbox 2319 3165 2528 3236; x_wconf 72' lang='grc' dir='ltr'>φωνήν</span> <span class='ocrx_word' id='word_1_504' title='bbox 2553 3184 2689 3222; x_wconf 88' lang='grc' dir='ltr'>σου.</span> 
     </span>
    </p>
   </div>
   <div class='ocr_carea' id='block_1_76' title="bbox 2134 3258 3704 3333">
    <p class='ocr_par' dir='ltr' id='par_1_76' title="bbox 2134 3258 3704 3333">
     <span class='ocr_line' id='line_1_76' title="bbox 2134 3258 3704 3333; baseline -0.001 -20"><span class='ocrx_word' id='word_1_505' title='bbox 2134 3260 2315 3331; x_wconf 83' lang='grc' dir='ltr'>Ὅπερ</span> <span class='ocrx_word' id='word_1_506' title='bbox 2344 3260 2483 3320; x_wconf 74' lang='grc' dir='ltr'>ἐστὶ.</span> <span class='ocrx_word' id='word_1_507' title='bbox 2517 3258 2591 3332; x_wconf 79' lang='grc' dir='ltr'>μὴ</span> <span class='ocrx_word' id='word_1_508' title='bbox 2622 3259 2780 3330; x_wconf 87' lang='grc' dir='ltr'>μόνον</span> <span class='ocrx_word' id='word_1_509' title='bbox 2812 3258 2887 3328; x_wconf 88' lang='grc'><strong>(9)</strong></span> <span class='ocrx_word' id='word_1_510' title='bbox 2914 3258 3003 3312; x_wconf 78' lang='grc' dir='ltr'><strong>διὰ</strong></span> <span class='ocrx_word' id='word_1_511' title='bbox 3038 3259 3203 3330; x_wconf 78' lang='grc' dir='ltr'>νόμον</span> <span class='ocrx_word' id='word_1_512' title='bbox 3232 3261 3324 3313; x_wconf 75' lang='grc' dir='ltr'><strong>καὶ</strong></span> <span class='ocrx_word' id='word_1_513' title='bbox 3348 3261 3647 3333; x_wconf 77' lang='grc' dir='ltr'>προφητῶν</span> <span class='ocrx_word' id='word_1_514' title='bbox 3698 3297 3704 3303; x_wconf 60' lang='grc' dir='ltr'><strong>ρ</strong></span> 
     </span>
    </p>
   </div>
   <div class='ocr_carea' id='block_1_77' title="bbox 2066 3350 3649 3423">
    <p class='ocr_par' dir='ltr' id='par_1_77' title="bbox 2066 3350 3649 3423">
     <span class='ocr_line' id='line_1_77' title="bbox 2066 3350 3649 3423; baseline 0.001 -17"><span class='ocrx_word' id='word_1_515' title='bbox 2066 3370 2157 3423; x_wconf 86' lang='grc' dir='ltr'><strong>μοι</strong></span> <span class='ocrx_word' id='word_1_516' title='bbox 2213 3352 2384 3414; x_wconf 83' lang='grc' dir='ltr'>λάλει,</span> <span class='ocrx_word' id='word_1_517' title='bbox 2428 3350 2542 3405; x_wconf 80' lang='grc' dir='ltr'>ἀλλ’</span> <span class='ocrx_word' id='word_1_518' title='bbox 2581 3351 2700 3405; x_wconf 81' lang='grc' dir='ltr'>ὅλον</span> <span class='ocrx_word' id='word_1_519' title='bbox 2740 3351 2936 3405; x_wconf 76' lang='grc' dir='ltr'>σαυτὸν</span> <span class='ocrx_word' id='word_1_520' title='bbox 2976 3351 3240 3418; x_wconf 73' lang='grc' dir='ltr'>ἐπίδειξον</span> <span class='ocrx_word' id='word_1_521' title='bbox 3283 3371 3396 3422; x_wconf 85' lang='grc' dir='ltr'>μοι·</span> <span class='ocrx_word' id='word_1_522' title='bbox 3443 3353 3519 3418; x_wconf 81' lang='grc' dir='ltr'><strong>ὡς</strong></span> <span class='ocrx_word' id='word_1_523' title='bbox 3549 3355 3649 3407; x_wconf 72' lang='grc' dir='ltr'><strong>καὶ</strong></span> 
     </span>
    </p>
   </div>
   <div class='ocr_carea' id='block_1_78' title="bbox 2062 3441 3649 3517">
    <p class='ocr_par' dir='ltr' id='par_1_78' title="bbox 2062 3441 3649 3517">
     <span class='ocr_line' id='line_1_78' title="bbox 2062 3441 3649 3517; baseline -0.001 -19"><span class='ocrx_word' id='word_1_524' title='bbox 2062 3444 2301 3515; x_wconf 79' lang='grc' dir='ltr'>Μωῦσῆς</span> <span class='ocrx_word' id='word_1_525' title='bbox 2320 3442 2542 3512; x_wconf 84' lang='grc' dir='ltr'>τοιούτῳ</span> <span class='ocrx_word' id='word_1_526' title='bbox 2572 3441 2721 3513; x_wconf 82' lang='grc' dir='ltr'>πόθῳ</span> <span class='ocrx_word' id='word_1_527' title='bbox 2754 3441 3000 3511; x_wconf 69' lang='grc' dir='ltr'>ληφθεὶς,</span> <span class='ocrx_word' id='word_1_528' title='bbox 3023 3442 3102 3512; x_wconf 78' lang='grc' dir='ltr'><strong>τῷ</strong></span> <span class='ocrx_word' id='word_1_529' title='bbox 3125 3443 3310 3515; x_wconf 79' lang='grc' dir='ltr'>Κυρίῳ</span> <span class='ocrx_word' id='word_1_530' title='bbox 3339 3445 3649 3517; x_wconf 76' lang='grc' dir='ltr'>παρρησιά-</span> 
     </span>
    </p>
   </div>
   <div class='ocr_carea' id='block_1_79' title="bbox 2063 3531 3647 3602">
    <p class='ocr_par' dir='ltr' id='par_1_79' title="bbox 2063 3531 3647 3602">
     <span class='ocr_line' id='line_1_79' title="bbox 2063 3531 3647 3602; baseline 0.002 -16"><span class='ocrx_word' id='word_1_531' title='bbox 2063 3534 2215 3600; x_wconf 80' lang='grc' dir='ltr'>ζεται</span> <span class='ocrx_word' id='word_1_532' title='bbox 2247 3532 2437 3601; x_wconf 79' lang='grc' dir='ltr'>λέγων’</span> <span class='ocrx_word' id='word_1_533' title='bbox 2472 3532 2708 3599; x_wconf 83' lang='grc' dir='ltr'><strong>‹·Δεῖξόν</strong></span> <span class='ocrx_word' id='word_1_534' title='bbox 2744 3548 2835 3601; x_wconf 89' lang='grc' dir='ltr'><strong>μοι</strong></span> <span class='ocrx_word' id='word_1_535' title='bbox 2893 3531 3086 3585; x_wconf 74' lang='grc' dir='ltr'>σαυτὸν</span> <span class='ocrx_word' id='word_1_536' title='bbox 3125 3533 3402 3602; x_wconf 76' lang='grc' dir='ltr'>ἐμφανῶς,</span> <span class='ocrx_word' id='word_1_537' title='bbox 3444 3536 3529 3588; x_wconf 80' lang='grc' dir='ltr'><strong>ἵνα</strong></span> <span class='ocrx_word' id='word_1_538' title='bbox 3584 3553 3647 3589; x_wconf 91' lang='grc' dir='ltr'><strong>σε</strong></span> 
     </span>
    </p>
   </div>
   <div class='ocr_carea' id='block_1_80' title="bbox 2064 3622 3648 3696">
    <p class='ocr_par' dir='ltr' id='par_1_80' title="bbox 2064 3622 3648 3696">
     <span class='ocr_line' id='line_1_80' title="bbox 2064 3622 3648 3696; baseline 0.003 -18"><span class='ocrx_word' id='word_1_539' title='bbox 2064 3625 2159 3678; x_wconf 85' lang='grc' dir='ltr'><strong>ῐδω</strong></span> <span class='ocrx_word' id='word_1_540' title='bbox 2192 3624 2326 3695; x_wconf 77' lang='grc'>(10)·</span> <span class='ocrx_word' id='word_1_541' title='bbox 2370 3644 2388 3676; x_wconf 78' lang='grc' dir='ltr'><strong>ι</strong></span> <span class='ocrx_word' id='word_1_542' title='bbox 2447 3622 2585 3677; x_wconf 81' lang='grc' dir='ltr'>ἀλλὰ</span> <span class='ocrx_word' id='word_1_543' title='bbox 2633 3623 2753 3677; x_wconf 83' lang='grc' dir='ltr'>τότε</span> <span class='ocrx_word' id='word_1_544' title='bbox 2791 3624 2938 3691; x_wconf 82' lang='grc' dir='ltr'>λέγει</span> <span class='ocrx_word' id='word_1_545' title='bbox 2985 3624 3062 3696; x_wconf 78' lang='grc' dir='ltr'><strong>τῷ</strong></span> <span class='ocrx_word' id='word_1_546' title='bbox 3103 3627 3345 3680; x_wconf 82' lang='grc' dir='ltr'><strong>Μωῡσεί·</strong></span> <span class='ocrx_word' id='word_1_547' title='bbox 3389 3647 3407 3677; x_wconf 73' lang='grc' dir='ltr'><strong>ι</strong></span> <span class='ocrx_word' id='word_1_548' title='bbox 3456 3628 3648 3694; x_wconf 71' lang='grc' dir='ltr'>Οὐδεὶς</span> 
     </span>
    </p>
   </div>
   <div class='ocr_carea' id='block_1_81' title="bbox 2068 3712 3648 3787">
    <p class='ocr_par' dir='ltr' id='par_1_81' title="bbox 2068 3712 3648 3787">
     <span class='ocr_line' id='line_1_81' title="bbox 2068 3712 3648 3787; baseline 0.003 -21"><span class='ocrx_word' id='word_1_549' title='bbox 2068 3712 2189 3766; x_wconf 79' lang='grc' dir='ltr'>ἰδών</span> <span class='ocrx_word' id='word_1_550' title='bbox 2210 3730 2309 3783; x_wconf 85' lang='grc' dir='ltr'><strong>μου</strong></span> <span class='ocrx_word' id='word_1_551' title='bbox 2332 3712 2390 3765; x_wconf 81' lang='grc' dir='ltr'><strong>τὸ</strong></span> <span class='ocrx_word' id='word_1_552' title='bbox 2406 3713 2695 3783; x_wconf 86' lang='grc' dir='ltr'>πρόσωπον</span> <span class='ocrx_word' id='word_1_553' title='bbox 2718 3712 2939 3782; x_wconf 73' lang='grc' dir='ltr'>ζήσεται</span> <span class='ocrx_word' id='word_1_554' title='bbox 2966 3714 3009 3778; x_wconf 87' lang='lat' dir='ltr'><strong>(l</strong></span> <span class='ocrx_word' id='word_1_555' title='bbox 3030 3716 3097 3782; x_wconf 90' lang='lat' dir='ltr'><strong>l).</strong></span> <span class='ocrx_word' id='word_1_556' title='bbox 3128 3734 3146 3766; x_wconf 75' lang='grc' dir='ltr'><strong>ι</strong></span> <span class='ocrx_word' id='word_1_557' title='bbox 3167 3715 3350 3787; x_wconf 81' lang='grc' dir='ltr'>Ταύτῃ</span> <span class='ocrx_word' id='word_1_558' title='bbox 3378 3715 3436 3768; x_wconf 82' lang='grc' dir='ltr'><strong>δὲ</strong></span> <span class='ocrx_word' id='word_1_559' title='bbox 3469 3715 3648 3787; x_wconf 82' lang='grc' dir='ltr'>βουλό-</span> 
     </span>
    </p>
   </div>
   <div class='ocr_carea' id='block_1_82' title="bbox 2068 3803 3649 3877">
    <p class='ocr_par' dir='ltr' id='par_1_82' title="bbox 2068 3803 3649 3877">
     <span class='ocr_line' id='line_1_82' title="bbox 2068 3803 3649 3877; baseline 0.003 -20"><span class='ocrx_word' id='word_1_560' title='bbox 2068 3822 2227 3877; x_wconf 86' lang='grc' dir='ltr'>μενος</span> <span class='ocrx_word' id='word_1_561' title='bbox 2253 3803 2515 3868; x_wconf 76' lang='grc' dir='ltr'>ἐπιδεῖξαι</span> <span class='ocrx_word' id='word_1_562' title='bbox 2546 3804 2759 3867; x_wconf 77' lang='grc' dir='ltr'>ἑαυτὸν,</span> <span class='ocrx_word' id='word_1_563' title='bbox 2788 3805 3017 3876; x_wconf 86' lang='grc' dir='ltr'>νεφέλης</span> <span class='ocrx_word' id='word_1_564' title='bbox 3048 3805 3204 3877; x_wconf 87' lang='grc' dir='ltr'>δίκην</span> <span class='ocrx_word' id='word_1_565' title='bbox 3235 3808 3548 3877; x_wconf 67' lang='grc' dir='ltr'>ἡμφιάσατο</span> <span class='ocrx_word' id='word_1_566' title='bbox 3586 3809 3649 3863; x_wconf 83' lang='grc' dir='ltr'><strong>τὸ</strong></span> 
     </span>
    </p>
   </div>
   <div class='ocr_carea' id='block_1_83' title="bbox 2067 3897 3648 3975">
    <p class='ocr_par' dir='ltr' id='par_1_83' title="bbox 2067 3897 3648 3975">
     <span class='ocr_line' id='line_1_83' title="bbox 2067 3897 3648 3975; baseline 0.001 -24"><span class='ocrx_word' id='word_1_567' title='bbox 2067 3898 2245 3967; x_wconf 85' lang='grc' dir='ltr'>σῶμα.</span> <span class='ocrx_word' id='word_1_568' title='bbox 2287 3898 2381 3952; x_wconf 81' lang='grc' dir='ltr'><strong>καὶ</strong></span> <span class='ocrx_word' id='word_1_569' title='bbox 2408 3897 2595 3950; x_wconf 81' lang='grc' dir='ltr'>ἑαυτὸν</span> <span class='ocrx_word' id='word_1_570' title='bbox 2621 3898 2855 3969; x_wconf 70' lang='grc' dir='ltr'>ἔκρυψεν</span> <span class='ocrx_word' id='word_1_571' title='bbox 2892 3897 3061 3969; x_wconf 74' lang='grc' dir='ltr'>αὐτῷ,</span> <span class='ocrx_word' id='word_1_572' title='bbox 3102 3898 3188 3953; x_wconf 85' lang='grc' dir='ltr'>ἵνα</span> <span class='ocrx_word' id='word_1_573' title='bbox 3218 3902 3283 3971; x_wconf 76' lang='grc' dir='ltr'>τῇ</span> <span class='ocrx_word' id='word_1_574' title='bbox 3318 3899 3421 3971; x_wconf 71' lang='grc' dir='ltr'>ἰδίᾳ</span> <span class='ocrx_word' id='word_1_575' title='bbox 3456 3900 3648 3975; x_wconf 72' lang='grc' dir='ltr'>νύμφῃ</span> 
     </span>
    </p>
   </div>
   <div class='ocr_carea' id='block_1_84' title="bbox 2063 3992 3649 4065">
    <p class='ocr_par' dir='ltr' id='par_1_84' title="bbox 2063 3992 3649 4065">
     <span class='ocr_line' id='line_1_84' title="bbox 2063 3992 3649 4065; baseline 0.001 -18"><span class='ocrx_word' id='word_1_576' title='bbox 2063 3992 2211 4064; x_wconf 79' lang='grc' dir='ltr'>δείξῃ</span> <span class='ocrx_word' id='word_1_577' title='bbox 2240 3992 2427 4046; x_wconf 76' lang='grc' dir='ltr'>ἑαυτὸν</span> <span class='ocrx_word' id='word_1_578' title='bbox 2452 3992 2541 4047; x_wconf 74' lang='grc' dir='ltr'>διὰ</span> <span class='ocrx_word' id='word_1_579' title='bbox 2569 3992 2659 4045; x_wconf 85' lang='grc' dir='ltr'><strong>τὸν</strong></span> <span class='ocrx_word' id='word_1_580' title='bbox 2684 3993 2883 4063; x_wconf 84' lang='grc' dir='ltr'>τρόπον</span> <span class='ocrx_word' id='word_1_581' title='bbox 2913 3992 3012 4061; x_wconf 78' lang='grc' dir='ltr'>τῆς</span> <span class='ocrx_word' id='word_1_582' title='bbox 3040 3993 3257 4063; x_wconf 82' lang='grc' dir='ltr'>ἀρετῆς,</span> <span class='ocrx_word' id='word_1_583' title='bbox 3284 3994 3370 4047; x_wconf 74' lang='grc' dir='ltr'>διὰ</span> <span class='ocrx_word' id='word_1_584' title='bbox 3397 3997 3496 4065; x_wconf 80' lang='grc' dir='ltr'><strong>τῆς</strong></span> <span class='ocrx_word' id='word_1_585' title='bbox 3520 3995 3649 4049; x_wconf 78' lang='grc' dir='ltr'>ὑπο-</span> 
     </span>
    </p>
   </div>
   <div class='ocr_carea' id='block_1_85' title="bbox 2069 4082 3650 4156">
    <p class='ocr_par' dir='ltr' id='par_1_85' title="bbox 2069 4082 3650 4156">
     <span class='ocr_line' id='line_1_85' title="bbox 2069 4082 3650 4156; baseline 0.004 -21"><span class='ocrx_word' id='word_1_586' title='bbox 2069 4087 2235 4156; x_wconf 80' lang='grc' dir='ltr'>μονῆς</span> <span class='ocrx_word' id='word_1_587' title='bbox 2267 4084 2361 4137; x_wconf 73' lang='grc' dir='ltr'>καὶ</span> <span class='ocrx_word' id='word_1_588' title='bbox 2388 4084 2486 4154; x_wconf 79' lang='grc' dir='ltr'><strong>τῆς</strong></span> <span class='ocrx_word' id='word_1_589' title='bbox 2516 4083 2769 4146; x_wconf 81' lang='grc' dir='ltr'>ἁκακίας,</span> <span class='ocrx_word' id='word_1_590' title='bbox 2810 4083 2899 4136; x_wconf 82' lang='grc' dir='ltr'><strong>τὸν</strong></span> <span class='ocrx_word' id='word_1_591' title='bbox 2937 4082 3103 4135; x_wconf 87' lang='grc' dir='ltr'>τύπον</span> <span class='ocrx_word' id='word_1_592' title='bbox 3144 4084 3281 4154; x_wconf 83' lang='grc' dir='ltr'>αὐτῇ</span> <span class='ocrx_word' id='word_1_593' title='bbox 3320 4085 3650 4155; x_wconf 74' lang='grc' dir='ltr'>παραδιδοὺς</span> 
     </span>
    </p>
   </div>
   <div class='ocr_carea' id='block_1_86' title="bbox 2063 4174 3649 4247">
    <p class='ocr_par' dir='ltr' id='par_1_86' title="bbox 2063 4174 3649 4247">
     <span class='ocr_line' id='line_1_86' title="bbox 2063 4174 3649 4247; baseline 0.002 -19"><span class='ocrx_word' id='word_1_594' title='bbox 2063 4175 2158 4228; x_wconf 78' lang='grc' dir='ltr'>τοῦ</span> <span class='ocrx_word' id='word_1_595' title='bbox 2186 4176 2285 4247; x_wconf 84' lang='grc' dir='ltr'><strong>τῆς</strong></span> <span class='ocrx_word' id='word_1_596' title='bbox 2323 4175 2607 4239; x_wconf 75' lang='grc' dir='ltr'>εὐσεϐείας</span> <span class='ocrx_word' id='word_1_597' title='bbox 2646 4175 3059 4245; x_wconf 80' lang='grc' dir='ltr'>πολιτεύματος.</span> <span class='ocrx_word' id='word_1_598' title='bbox 3111 4174 3203 4228; x_wconf 84' lang='grc' dir='ltr'><strong>Διὸ</strong></span> <span class='ocrx_word' id='word_1_599' title='bbox 3240 4178 3498 4230; x_wconf 78' lang='grc' dir='ltr'>ἐπακούει</span> <span class='ocrx_word' id='word_1_600' title='bbox 3531 4178 3649 4247; x_wconf 70' lang='grc'><strong>(12)</strong></span> 
     </span>
    </p>
   </div>
   <div class='ocr_carea' id='block_1_87' title="bbox 2066 4265 3650 4337">
    <p class='ocr_par' dir='ltr' id='par_1_87' title="bbox 2066 4265 3650 4337">
     <span class='ocr_line' id='line_1_87' title="bbox 2066 4265 3650 4337; baseline 0.001 -17"><span class='ocrx_word' id='word_1_601' title='bbox 2066 4266 2203 4337; x_wconf 76' lang='grc' dir='ltr'>αὐτὴ</span> <span class='ocrx_word' id='word_1_602' title='bbox 2236 4266 2466 4336; x_wconf 86' lang='grc' dir='ltr'>λέγουσα</span> <span class='ocrx_word' id='word_1_603' title='bbox 2485 4282 2499 4296; x_wconf 91' lang='grc'><strong>·</strong></span> <span class='ocrx_word' id='word_1_604' title='bbox 2525 4288 2542 4319; x_wconf 83' lang='grc' dir='ltr'><strong>ι</strong></span> <span class='ocrx_word' id='word_1_605' title='bbox 2565 4267 2745 4332; x_wconf 80' lang='grc' dir='ltr'>Δεῖξόν</span> <span class='ocrx_word' id='word_1_606' title='bbox 2774 4283 2863 4336; x_wconf 86' lang='grc' dir='ltr'><strong>μοι</strong></span> <span class='ocrx_word' id='word_1_607' title='bbox 2890 4265 2988 4337; x_wconf 81' lang='grc' dir='ltr'>τὴν</span> <span class='ocrx_word' id='word_1_608' title='bbox 3016 4265 3134 4335; x_wconf 67' lang='grc' dir='ltr'>ὄψιν</span> <span class='ocrx_word' id='word_1_609' title='bbox 3167 4283 3281 4333; x_wconf 83' lang='grc' dir='ltr'>σου,</span> <span class='ocrx_word' id='word_1_610' title='bbox 3309 4269 3403 4320; x_wconf 73' lang='grc' dir='ltr'>καὶ</span> <span class='ocrx_word' id='word_1_611' title='bbox 3427 4268 3650 4323; x_wconf 87' lang='grc' dir='ltr'>ἀκούτι-</span> 
     </span>
    </p>
   </div>
   <div class='ocr_carea' id='block_1_88' title="bbox 2068 4352 3652 4429">
    <p class='ocr_par' dir='ltr' id='par_1_88' title="bbox 2068 4352 3652 4429">
     <span class='ocr_line' id='line_1_88' title="bbox 2068 4352 3652 4429; baseline 0.002 -20"><span class='ocrx_word' id='word_1_612' title='bbox 2068 4357 2157 4410; x_wconf 81' lang='grc' dir='ltr'>σόν</span> <span class='ocrx_word' id='word_1_613' title='bbox 2182 4375 2270 4429; x_wconf 91' lang='grc' dir='ltr'><strong>μοι</strong></span> <span class='ocrx_word' id='word_1_614' title='bbox 2299 4358 2398 4429; x_wconf 80' lang='grc' dir='ltr'>τὴν</span> <span class='ocrx_word' id='word_1_615' title='bbox 2427 4359 2611 4427; x_wconf 87' lang='grc' dir='ltr'>φωνήν</span> <span class='ocrx_word' id='word_1_616' title='bbox 2642 4374 2760 4411; x_wconf 89' lang='grc' dir='ltr'>σου,</span> <span class='ocrx_word' id='word_1_617' title='bbox 2804 4376 2823 4409; x_wconf 80' lang='grc' dir='ltr'><strong>ι</strong></span> <span class='ocrx_word' id='word_1_618' title='bbox 2873 4356 3110 4421; x_wconf 79' lang='grc' dir='ltr'>’Ἑδειξεν</span> <span class='ocrx_word' id='word_1_619' title='bbox 3132 4352 3225 4410; x_wconf 84' lang='grc' dir='ltr'><strong>οὖν</strong></span> <span class='ocrx_word' id='word_1_620' title='bbox 3248 4358 3382 4429; x_wconf 87' lang='grc' dir='ltr'>αύτῇ</span> <span class='ocrx_word' id='word_1_621' title='bbox 3408 4357 3503 4429; x_wconf 81' lang='grc' dir='ltr'>τὴν</span> <span class='ocrx_word' id='word_1_622' title='bbox 3523 4358 3652 4428; x_wconf 73' lang='grc' dir='ltr'>ὄψιν</span> 
     </span>
    </p>
   </div>
   <div class='ocr_carea' id='block_1_89' title="bbox 2068 4448 3650 4522">
    <p class='ocr_par' dir='ltr' id='par_1_89' title="bbox 2068 4448 3650 4522">
     <span class='ocr_line' id='line_1_89' title="bbox 2068 4448 3650 4522; baseline 0.001 -20"><span class='ocrx_word' id='word_1_623' title='bbox 2068 4449 2252 4510; x_wconf 78' lang='grc' dir='ltr'>αὑτοῦ,</span> <span class='ocrx_word' id='word_1_624' title='bbox 2276 4449 2496 4519; x_wconf 73' lang='grc' dir='ltr'>κυηθεὶς</span> <span class='ocrx_word' id='word_1_625' title='bbox 2517 4449 2603 4503; x_wconf 83' lang='grc' dir='ltr'><strong>διὰ</strong></span> <span class='ocrx_word' id='word_1_626' title='bbox 2627 4449 2727 4519; x_wconf 80' lang='grc' dir='ltr'><strong>τῆς</strong></span> <span class='ocrx_word' id='word_1_627' title='bbox 2745 4448 3006 4501; x_wconf 77' lang='grc' dir='ltr'>Θεοτόκου</span> <span class='ocrx_word' id='word_1_628' title='bbox 3036 4449 3145 4518; x_wconf 81' lang='lat' dir='ltr'><strong>(l5)</strong></span> <span class='ocrx_word' id='word_1_629' title='bbox 3171 4450 3386 4520; x_wconf 77' lang='grc' dir='ltr'>Μαρίας</span> <span class='ocrx_word' id='word_1_630' title='bbox 3401 4465 3413 4477; x_wconf 76' lang='grc'><strong><em>⁸</em></strong></span> <span class='ocrx_word' id='word_1_631' title='bbox 3440 4450 3531 4503; x_wconf 66' lang='grc' dir='ltr'><strong>καλ⁵</strong></span> <span class='ocrx_word' id='word_1_632' title='bbox 3546 4451 3650 4522; x_wconf 82' lang='grc' dir='ltr'>τῆς</span> 
     </span>
    </p>
   </div>
   <div class='ocr_carea' id='block_1_90' title="bbox 391 4536 1962 4611">
    <p class='ocr_par' dir='ltr' id='par_1_90' title="bbox 391 4536 1962 4608">
     <span class='ocr_line' id='line_1_90' title="bbox 391 4536 1962 4608; baseline 0.003 -16"><span class='ocrx_word' id='word_1_633' title='bbox 391 4536 522 4593; x_wconf 83' lang='lat' dir='ltr'><strong>fecit</strong></span> <span class='ocrx_word' id='word_1_634' title='bbox 548 4552 733 4594; x_wconf 89' lang='lat' dir='ltr'><strong>vocem</strong></span> <span class='ocrx_word' id='word_1_635' title='bbox 768 4554 941 4607; x_wconf 89' lang='lat' dir='ltr'><strong>suam,</strong></span> <span class='ocrx_word' id='word_1_636' title='bbox 969 4555 1094 4596; x_wconf 88' lang='lat' dir='ltr'><strong>cum</strong></span> <span class='ocrx_word' id='word_1_637' title='bbox 1117 4542 1349 4597; x_wconf 88' lang='lat' dir='ltr'><strong>docebat</strong></span> <span class='ocrx_word' id='word_1_638' title='bbox 1382 4543 1436 4597; x_wconf 89' lang='lat' dir='ltr'><strong>in</strong></span> <span class='ocrx_word' id='word_1_639' title='bbox 1462 4552 1645 4597; x_wconf 90' lang='lat' dir='ltr'><strong>monte</strong></span> <span class='ocrx_word' id='word_1_640' title='bbox 1671 4540 1887 4608; x_wconf 89' lang='lat' dir='ltr'><strong>Oliveti,</strong></span> <span class='ocrx_word' id='word_1_641' title='bbox 1911 4555 1962 4597; x_wconf 89' lang='lat' dir='ltr'><strong>et</strong></span> 
     </span>
    </p>
   </div>
   <div class='ocr_carea' id='block_1_91' title="bbox 2084 4536 3644 4611">
    <p class='ocr_par' dir='ltr' id='par_1_91' title="bbox 2084 4538 3644 4611">
     <span class='ocr_line' id='line_1_91' title="bbox 2084 4538 3644 4611; baseline 0.001 -18"><span class='ocrx_word' id='word_1_642' title='bbox 2084 4539 2254 4610; x_wconf 70' lang='grc' dir='ltr'>ρων-ἧς</span> <span class='ocrx_word' id='word_1_643' title='bbox 2271 4540 2435 4593; x_wconf 79' lang='grc' dir='ltr'>αὐτοῦ</span> <span class='ocrx_word' id='word_1_644' title='bbox 2452 4539 2737 4610; x_wconf 76' lang='grc' dir='ltr'>ἠκούτισεν</span> <span class='ocrx_word' id='word_1_645' title='bbox 2757 4539 2947 4610; x_wconf 82' lang='grc' dir='ltr'>αὐτὴν,</span> <span class='ocrx_word' id='word_1_646' title='bbox 2960 4538 3222 4593; x_wconf 83' lang='grc' dir='ltr'>διδάσκων</span> <span class='ocrx_word' id='word_1_647' title='bbox 3239 4540 3297 4593; x_wconf 82' lang='grc' dir='ltr'>ὲν</span> <span class='ocrx_word' id='word_1_648' title='bbox 3322 4539 3399 4611; x_wconf 79' lang='grc' dir='ltr'>τῷ</span> <span class='ocrx_word' id='word_1_649' title='bbox 3413 4538 3527 4611; x_wconf 73' lang='grc' dir='ltr'>ὄρει</span> <span class='ocrx_word' id='word_1_650' title='bbox 3544 4538 3644 4595; x_wconf 79' lang='grc' dir='ltr'>τοῦ</span> 
     </span>
    </p>
   </div>
   <div class='ocr_carea' id='block_1_92' title="bbox 463 4696 1962 4770">
    <p class='ocr_par' dir='ltr' id='par_1_92' title="bbox 463 4696 1962 4770">
     <span class='ocr_line' id='line_1_92' title="bbox 463 4696 1962 4770; baseline 0.002 -18"><span class='ocrx_word' id='word_1_651' title='bbox 463 4698 484 4743; x_wconf 71' lang='grc'><strong>7</strong></span> <span class='ocrx_word' id='word_1_652' title='bbox 514 4696 618 4753; x_wconf 72' lang='lat' dir='ltr'><strong>l‘sa.</strong></span> <span class='ocrx_word' id='word_1_653' title='bbox 650 4713 799 4763; x_wconf 75' lang='lat' dir='ltr'><strong>xxvi,</strong></span> <span class='ocrx_word' id='word_1_654' title='bbox 829 4698 880 4752; x_wconf 81' lang='lat' dir='ltr'><strong>l.</strong></span> <span class='ocrx_word' id='word_1_655' title='bbox 962 4698 984 4731; x_wconf 83' lang='grc'><strong><em>⁸</em></strong></span> <span class='ocrx_word' id='word_1_656' title='bbox 1017 4698 1191 4757; x_wconf 85' lang='lat' dir='ltr'><strong>Exod.</strong></span> <span class='ocrx_word' id='word_1_657' title='bbox 1224 4717 1329 4770; x_wconf 81' lang='lat' dir='ltr'><strong>xx,</strong></span> <span class='ocrx_word' id='word_1_658' title='bbox 1373 4704 1465 4760; x_wconf 74' lang='lat' dir='ltr'><strong>M.</strong></span> <span class='ocrx_word' id='word_1_659' title='bbox 1538 4704 1561 4737; x_wconf 87' lang='grc'><strong><em>⁸</em></strong></span> <span class='ocrx_word' id='word_1_660' title='bbox 1587 4702 1758 4759; x_wconf 84' lang='lat' dir='ltr'><strong>Exod.</strong></span> <span class='ocrx_word' id='word_1_661' title='bbox 1799 4717 1962 4758; x_wconf 85' lang='grc' dir='ltr'>χχχιιι</span> 
     </span>
    </p>
   </div>
   <div class='ocr_carea' id='block_1_93' title="bbox 2084 4696 2534 4770">
    <p class='ocr_par' dir='ltr' id='par_1_93' title="bbox 2084 4701 2534 4759">
     <span class='ocr_line' id='line_1_93' title="bbox 2084 4701 2534 4759; baseline 0.002 -3"><span class='ocrx_word' id='word_1_662' title='bbox 2084 4703 2131 4758; x_wconf 78' lang='grc'><strong>5.</strong></span> <span class='ocrx_word' id='word_1_663' title='bbox 2211 4702 2254 4735; x_wconf 79' lang='grc'><strong>⁸⁸</strong></span> <span class='ocrx_word' id='word_1_664' title='bbox 2281 4702 2410 4759; x_wconf 80' lang='lat' dir='ltr'><strong>ibid.</strong></span> <span class='ocrx_word' id='word_1_665' title='bbox 2442 4701 2534 4757; x_wconf 69' lang='grc' dir='ltr'><strong>ΞΟ.</strong></span> 
     </span>
    </p>
   </div>
   <div class='ocr_carea' id='block_1_94' title="bbox 470 4854 1966 4941">
    <p class='ocr_par' dir='ltr' id='par_1_94' title="bbox 470 4854 1966 4941">
     <span class='ocr_line' id='line_1_94' title="bbox 470 4854 1966 4941; baseline 0.003 -32"><span class='ocrx_word' id='word_1_666' title='bbox 470 4854 547 4929; x_wconf 71' lang='grc' dir='ltr'>(ε)</span> <span class='ocrx_word' id='word_1_667' title='bbox 593 4854 703 4941; x_wconf 76' lang='lat' dir='ltr'><strong>Vox</strong></span> <span class='ocrx_word' id='word_1_668' title='bbox 740 4858 1004 4941; x_wconf 41' lang='lat' dir='ltr'><strong>agiturin</strong></span> <span class='ocrx_word' id='word_1_669' title='bbox 1053 4860 1197 4916; x_wconf 90' lang='lat' dir='ltr'><strong>nulla</strong></span> <span class='ocrx_word' id='word_1_670' title='bbox 1240 4863 1373 4918; x_wconf 87' lang='lat' dir='ltr'><strong>edit.</strong></span> <span class='ocrx_word' id='word_1_671' title='bbox 1433 4869 1675 4933; x_wconf 89' lang='lat' dir='ltr'><strong>apparet,</strong></span> <span class='ocrx_word' id='word_1_672' title='bbox 1717 4875 1820 4918; x_wconf 87' lang='lat' dir='ltr'><strong>nec</strong></span> <span class='ocrx_word' id='word_1_673' title='bbox 1846 4874 1966 4916; x_wconf 88' lang='lat' dir='ltr'><strong>eam</strong></span> 
     </span>
    </p>
   </div>
   <div class='ocr_carea' id='block_1_95' title="bbox 396 4937 1144 4999">
    <p class='ocr_par' dir='ltr' id='par_1_95' title="bbox 396 4937 1144 4999">
     <span class='ocr_line' id='line_1_95' title="bbox 396 4937 1144 4999; baseline 0.005 -17"><span class='ocrx_word' id='word_1_674' title='bbox 396 4937 641 4999; x_wconf 57' lang='lat' dir='ltr'><strong>agnoscit</strong></span> <span class='ocrx_word' id='word_1_675' title='bbox 668 4939 823 4983; x_wconf 81' lang='lat' dir='ltr'><strong>vetns</strong></span> <span class='ocrx_word' id='word_1_676' title='bbox 861 4937 1144 4999; x_wconf 85' lang='lat' dir='ltr'><strong>interpres.</strong></span> 
     </span>
    </p>
   </div>
   <div class='ocr_carea' id='block_1_96' title="bbox 469 4994 1970 5078">
    <p class='ocr_par' dir='ltr' id='par_1_96' title="bbox 469 4994 1970 5078">
     <span class='ocr_line' id='line_1_96' title="bbox 469 4994 1970 5078; baseline -0.009 -13"><span class='ocrx_word' id='word_1_677' title='bbox 469 4997 547 5078; x_wconf 74' lang='lat'><strong>(5)</strong></span> <span class='ocrx_word' id='word_1_678' title='bbox 592 4994 710 5078; x_wconf 61' lang='lat' dir='ltr'><strong>Vel.</strong></span> <span class='ocrx_word' id='word_1_679' title='bbox 744 4999 969 5078; x_wconf 74' lang='lat' dir='ltr'><strong>interpr.</strong></span> <span class='ocrx_word' id='word_1_680' title='bbox 996 4994 1185 5078; x_wconf 68' lang='lat' dir='ltr'><strong>legisse</strong></span> <span class='ocrx_word' id='word_1_681' title='bbox 1210 5001 1823 5075; x_wconf 70' lang='grc' dir='ltr'>νίάθιιιτκυπρίζουσαι,</span> <span class='ocrx_word' id='word_1_682' title='bbox 1850 5012 1970 5069; x_wconf 71' lang='lat' dir='ltr'><strong>quae</strong></span> 
     </span>
    </p>
   </div>
   <div class='ocr_carea' id='block_1_97' title="bbox 395 5068 1143 5136">
    <p class='ocr_par' dir='ltr' id='par_1_97' title="bbox 395 5068 1143 5136">
     <span class='ocr_line' id='line_1_97' title="bbox 395 5068 1143 5136; baseline 0 -15"><span class='ocrx_word' id='word_1_683' title='bbox 395 5077 479 5121; x_wconf 86' lang='lat' dir='ltr'><strong>est</strong></span> <span class='ocrx_word' id='word_1_684' title='bbox 518 5068 678 5136; x_wconf 83' lang='lat' dir='ltr'><strong>lectio</strong></span> <span class='ocrx_word' id='word_1_685' title='bbox 704 5070 835 5121; x_wconf 85' lang='lat' dir='ltr'><strong>edit.</strong></span> <span class='ocrx_word' id='word_1_686' title='bbox 872 5071 1143 5136; x_wconf 77' lang='lat' dir='ltr'><strong>Complut.</strong></span> 
     </span>
    </p>
   </div>
   <div class='ocr_carea' id='block_1_98' title="bbox 396 5135 1970 5263">
    <p class='ocr_par' dir='ltr' id='par_1_98' title="bbox 396 5135 1970 5263">
     <span class='ocr_line' id='line_1_98' title="bbox 396 5135 1970 5263; baseline 0.001 -73"><span class='ocrx_word' id='word_1_687' title='bbox 396 5205 439 5263; x_wconf 70' lang='lat' dir='ltr'>c</span> <span class='ocrx_word' id='word_1_688' title='bbox 469 5135 707 5261; x_wconf 58' lang='lat' dir='ltr'><strong>(UOVet.</strong></span> <span class='ocrx_word' id='word_1_689' title='bbox 744 5140 965 5207; x_wconf 90' lang='lat' dir='ltr'><strong>interpr.</strong></span> <span class='ocrx_word' id='word_1_690' title='bbox 1006 5135 1252 5209; x_wconf 64' lang='lat' dir='ltr'><strong>quamam</strong></span> <span class='ocrx_word' id='word_1_691' title='bbox 1282 5140 1451 5207; x_wconf 85' lang='lat' dir='ltr'><strong>addit,</strong></span> <span class='ocrx_word' id='word_1_692' title='bbox 1489 5155 1612 5209; x_wconf 67' lang='lat' dir='ltr'><strong>quae</strong></span> <span class='ocrx_word' id='word_1_693' title='bbox 1635 5154 1740 5194; x_wconf 92' lang='lat' dir='ltr'><strong>non</strong></span> <span class='ocrx_word' id='word_1_694' title='bbox 1767 5138 1970 5193; x_wconf 76' lang='lat' dir='ltr'><strong>habent</strong></span> 
     </span>
     <span class='ocr_line' id='line_1_99' title="bbox 449 5223 675 5261; baseline -0.009 0"><span class='ocrx_word' id='word_1_695' title='bbox 449 5223 489 5261; x_wconf 92' lang='lat' dir='ltr'><strong>r.</strong></span> <span class='ocrx_word' id='word_1_696' title='bbox 520 5225 546 5256; x_wconf 82' lang='grc' dir='ltr'>ι·</span> <span class='ocrx_word' id='word_1_697' title='bbox 584 5225 675 5259; x_wconf 89' lang='grc' dir='ltr'><strong>(ι.</strong></span> 
     </span>
    </p>
   </div>
   <div class='ocr_carea' id='block_1_99' title="bbox 449 5222 675 5261">
    <p class='ocr_par' dir='ltr' id='par_1_99' title="bbox 449 5222 675 5261">
     <span class='ocr_line' id='line_1_100' title="bbox 449 5222 675 5261; baseline -0.009 0"><span class='ocrx_word' id='word_1_698' title='bbox 449 5223 489 5261; x_wconf 78' lang='grc' dir='ltr'><strong>Γ.</strong></span> <span class='ocrx_word' id='word_1_699' title='bbox 520 5222 615 5261; x_wconf 74' lang='grc'><strong>(⁸00</strong></span> <span class='ocrx_word' id='word_1_700' title='bbox 623 5222 675 5259; x_wconf 84' lang='lat' dir='ltr'><strong>tl.</strong></span> 
     </span>
    </p>
   </div>
   <div class='ocr_carea' id='block_1_100' title="bbox 469 5276 1264 5351">
    <p class='ocr_par' dir='ltr' id='par_1_100' title="bbox 469 5276 1264 5351">
     <span class='ocr_line' id='line_1_101' title="bbox 469 5276 1264 5351; baseline 0.01 -26"><span class='ocrx_word' id='word_1_701' title='bbox 469 5276 545 5351; x_wconf 75' lang='lat'><strong>(5)</strong></span> <span class='ocrx_word' id='word_1_702' title='bbox 587 5277 783 5351; x_wconf 63' lang='lat' dir='ltr'><strong>Mutavi</strong></span> <span class='ocrx_word' id='word_1_703' title='bbox 817 5279 985 5351; x_wconf 80' lang='grc' dir='ltr'>αὐτήν</span> <span class='ocrx_word' id='word_1_704' title='bbox 1017 5281 1068 5333; x_wconf 90' lang='lat' dir='ltr'><strong>in</strong></span> <span class='ocrx_word' id='word_1_705' title='bbox 1098 5278 1264 5350; x_wconf 80' lang='grc' dir='ltr'>αὐτῷ.</span> 
     </span>
    </p>
   </div>
   <div class='ocr_carea' id='block_1_101' title="bbox 471 5344 1972 5419">
    <p class='ocr_par' dir='ltr' id='par_1_101' title="bbox 471 5344 1972 5419">
     <span class='ocr_line' id='line_1_102' title="bbox 471 5344 1972 5419; baseline -0.008 -9"><span class='ocrx_word' id='word_1_706' title='bbox 471 5344 545 5417; x_wconf 75' lang='grc'><strong>(6)</strong></span> <span class='ocrx_word' id='word_1_707' title='bbox 585 5349 667 5399; x_wconf 81' lang='grc' dir='ltr'><strong>Δι’</strong></span> <span class='ocrx_word' id='word_1_708' title='bbox 693 5344 787 5403; x_wconf 85' lang='grc' dir='ltr'><strong>οὗ.</strong></span> <span class='ocrx_word' id='word_1_709' title='bbox 822 5350 902 5403; x_wconf 82' lang='lat' dir='ltr'><strong>Ab</strong></span> <span class='ocrx_word' id='word_1_710' title='bbox 937 5344 1228 5419; x_wconf 68' lang='lat' dir='ltr'><strong>impressis</strong></span> <span class='ocrx_word' id='word_1_711' title='bbox 1247 5348 1497 5403; x_wconf 84' lang='lat' dir='ltr'><strong>omnibus</strong></span> <span class='ocrx_word' id='word_1_712' title='bbox 1527 5345 1804 5419; x_wconf 85' lang='lat' dir='ltr'><strong>codicibus</strong></span> <span class='ocrx_word' id='word_1_713' title='bbox 1833 5344 1972 5399; x_wconf 87' lang='lat' dir='ltr'><strong>bene</strong></span> 
     </span>
    </p>
   </div>
   <div class='ocr_carea' id='block_1_102' title="bbox 401 5417 1972 5483">
    <p class='ocr_par' dir='ltr' id='par_1_102' title="bbox 401 5417 1972 5483">
     <span class='ocr_line' id='line_1_103' title="bbox 401 5417 1972 5483; baseline 0 -13"><span class='ocrx_word' id='word_1_714' title='bbox 401 5418 483 5470; x_wconf 80' lang='lat' dir='ltr'><strong>lue</strong></span> <span class='ocrx_word' id='word_1_715' title='bbox 540 5419 657 5471; x_wconf 78' lang='lat' dir='ltr'><strong>dua:</strong></span> <span class='ocrx_word' id='word_1_716' title='bbox 708 5425 908 5472; x_wconf 70' lang='lat' dir='ltr'><strong>vocula:</strong></span> <span class='ocrx_word' id='word_1_717' title='bbox 952 5417 1167 5472; x_wconf 81' lang='lat' dir='ltr'><strong>absunt.</strong></span> <span class='ocrx_word' id='word_1_718' title='bbox 1224 5420 1326 5472; x_wconf 82' lang='lat' dir='ltr'><strong>Eas</strong></span> <span class='ocrx_word' id='word_1_719' title='bbox 1376 5434 1481 5472; x_wconf 89' lang='lat' dir='ltr'><strong>non</strong></span> <span class='ocrx_word' id='word_1_720' title='bbox 1531 5417 1776 5483; x_wconf 77' lang='lat' dir='ltr'><strong>agnoscit</strong></span> <span class='ocrx_word' id='word_1_721' title='bbox 1820 5425 1972 5470; x_wconf 84' lang='lat' dir='ltr'><strong>vetus</strong></span> 
     </span>
    </p>
   </div>
   <div class='ocr_carea' id='block_1_103' title="bbox 399 5489 1298 5554">
    <p class='ocr_par' dir='ltr' id='par_1_103' title="bbox 399 5489 1298 5554">
     <span class='ocr_line' id='line_1_104' title="bbox 399 5489 1298 5554; baseline 0 -13"><span class='ocrx_word' id='word_1_722' title='bbox 399 5489 621 5554; x_wconf 85' lang='lat' dir='ltr'><strong>interpr.</strong></span> <span class='ocrx_word' id='word_1_723' title='bbox 664 5499 719 5539; x_wconf 91' lang='lat' dir='ltr'><strong>et</strong></span> <span class='ocrx_word' id='word_1_724' title='bbox 751 5490 1001 5541; x_wconf 83' lang='lat' dir='ltr'><strong>delendas</strong></span> <span class='ocrx_word' id='word_1_725' title='bbox 1027 5490 1298 5542; x_wconf 84' lang='lat' dir='ltr'><strong>existimo.</strong></span> 
     </span>
    </p>
   </div>
   <div class='ocr_carea' id='block_1_104' title="bbox 401 5553 1963 5679">
    <p class='ocr_par' dir='ltr' id='par_1_104' title="bbox 401 5553 1963 5679">
     <span class='ocr_line' id='line_1_105' title="bbox 471 5553 1963 5627; baseline 0.001 -20"><span class='ocrx_word' id='word_1_726' title='bbox 471 5553 553 5624; x_wconf 86' lang='lat'><strong>(7)</strong></span> <span class='ocrx_word' id='word_1_727' title='bbox 599 5554 796 5627; x_wconf 85' lang='grc' dir='ltr'>Τεῖχος</span> <span class='ocrx_word' id='word_1_728' title='bbox 827 5558 895 5611; x_wconf 80' lang='grc' dir='ltr'>δὲ</span> <span class='ocrx_word' id='word_1_729' title='bbox 933 5558 1029 5611; x_wconf 79' lang='grc' dir='ltr'>καὶ</span> <span class='ocrx_word' id='word_1_730' title='bbox 1067 5559 1397 5627; x_wconf 78' lang='grc' dir='ltr'>περιτειχος</span> <span class='ocrx_word' id='word_1_731' title='bbox 1427 5555 1671 5610; x_wconf 85' lang='lat' dir='ltr'><strong>revocavi</strong></span> <span class='ocrx_word' id='word_1_732' title='bbox 1726 5569 1758 5609; x_wconf 91' lang='lat' dir='ltr'><strong>e</strong></span> <span class='ocrx_word' id='word_1_733' title='bbox 1805 5553 1963 5611; x_wconf 89' lang='lat' dir='ltr'><strong>codd.</strong></span> 
     </span>
     <span class='ocr_line' id='line_1_106' title="bbox 401 5622 875 5679; baseline 0 0"><span class='ocrx_word' id='word_1_734' title='bbox 401 5622 559 5679; x_wconf 70' lang='lat' dir='ltr'><strong>Bari).</strong></span> <span class='ocrx_word' id='word_1_735' title='bbox 596 5636 650 5679; x_wconf 89' lang='lat' dir='ltr'><strong>et</strong></span> <span class='ocrx_word' id='word_1_736' title='bbox 693 5628 875 5679; x_wconf 86' lang='lat' dir='ltr'><strong>Vallie.</strong></span> 
     </span>
    </p>
   </div>
   <div class='ocr_carea' id='block_1_105' title="bbox 445 5632 875 5684">
    <p class='ocr_par' dir='ltr' id='par_1_105' title="bbox 445 5632 875 5684">
     <span class='ocr_line' id='line_1_107' title="bbox 445 5632 875 5684; baseline 0.019 -9"><span class='ocrx_word' id='word_1_737' title='bbox 445 5632 559 5678; x_wconf 65' lang='grc' dir='ltr'><strong>ωτι».</strong></span> <span class='ocrx_word' id='word_1_738' title='bbox 596 5636 650 5679; x_wconf 90' lang='lat' dir='ltr'><strong>et</strong></span> <span class='ocrx_word' id='word_1_739' title='bbox 693 5632 875 5684; x_wconf 77' lang='lat' dir='ltr'><strong>Vallic.</strong></span> 
     </span>
    </p>
   </div>
   <div class='ocr_carea' id='block_1_106' title="bbox 474 5694 1746 5764">
    <p class='ocr_par' dir='ltr' id='par_1_106' title="bbox 474 5694 1746 5764">
     <span class='ocr_line' id='line_1_108' title="bbox 474 5694 1746 5764; baseline -0.002 -15"><span class='ocrx_word' id='word_1_740' title='bbox 474 5697 547 5764; x_wconf 82' lang='lat'><strong>(8)</strong></span> <span class='ocrx_word' id='word_1_741' title='bbox 590 5698 867 5764; x_wconf 73' lang='grc' dir='ltr'>Τουτέστι</span> <span class='ocrx_word' id='word_1_742' title='bbox 892 5698 1099 5752; x_wconf 89' lang='lat' dir='ltr'><strong>restitui</strong></span> <span class='ocrx_word' id='word_1_743' title='bbox 1127 5712 1190 5751; x_wconf 85' lang='lat' dir='ltr'><strong>ex</strong></span> <span class='ocrx_word' id='word_1_744' title='bbox 1221 5696 1380 5751; x_wconf 81' lang='lat' dir='ltr'><strong>Bari).</strong></span> <span class='ocrx_word' id='word_1_745' title='bbox 1412 5706 1467 5751; x_wconf 90' lang='lat' dir='ltr'><strong>et</strong></span> <span class='ocrx_word' id='word_1_746' title='bbox 1488 5694 1746 5750; x_wconf 84' lang='lat' dir='ltr'><strong>Vallicell.</strong></span> 
     </span>
    </p>
   </div>
   <div class='ocr_carea' id='block_1_107' title="bbox 472 5763 1959 5837">
    <p class='ocr_par' dir='ltr' id='par_1_107' title="bbox 472 5763 1959 5837">
     <span class='ocr_line' id='line_1_109' title="bbox 472 5763 1959 5837; baseline 0.001 -17"><span class='ocrx_word' id='word_1_747' title='bbox 472 5768 548 5837; x_wconf 75' lang='grc'><strong>(9)</strong></span> <span class='ocrx_word' id='word_1_748' title='bbox 589 5763 757 5822; x_wconf 80' lang='lat' dir='ltr'><strong>Vetus</strong></span> <span class='ocrx_word' id='word_1_749' title='bbox 782 5769 1001 5836; x_wconf 86' lang='lat' dir='ltr'><strong>interpr.</strong></span> <span class='ocrx_word' id='word_1_750' title='bbox 1039 5783 1143 5821; x_wconf 87' lang='lat' dir='ltr'><strong>non</strong></span> <span class='ocrx_word' id='word_1_751' title='bbox 1178 5768 1363 5822; x_wconf 84' lang='lat' dir='ltr'><strong>habuit</strong></span> <span class='ocrx_word' id='word_1_752' title='bbox 1398 5769 1451 5822; x_wconf 92' lang='lat' dir='ltr'><strong>in</strong></span> <span class='ocrx_word' id='word_1_753' title='bbox 1492 5783 1591 5821; x_wconf 83' lang='lat' dir='ltr'><strong>suo</strong></span> <span class='ocrx_word' id='word_1_754' title='bbox 1618 5767 1741 5821; x_wconf 93' lang='lat' dir='ltr'><strong>cod.</strong></span> <span class='ocrx_word' id='word_1_755' title='bbox 1771 5780 1959 5822; x_wconf 87' lang='lat' dir='ltr'><strong>vocem</strong></span> 
     </span>
    </p>
   </div>
   <div class='ocr_carea' id='block_1_108' title="bbox 2076 4857 3642 4929">
    <p class='ocr_par' dir='ltr' id='par_1_108' title="bbox 2076 4857 3642 4929">
     <span class='ocr_line' id='line_1_110' title="bbox 2076 4857 3642 4929; baseline 0.001 -18"><span class='ocrx_word' id='word_1_756' title='bbox 2076 4859 2256 4929; x_wconf 84' lang='grc' dir='ltr'>μόνον.</span> <span class='ocrx_word' id='word_1_757' title='bbox 2299 4857 2474 4912; x_wconf 80' lang='lat' dir='ltr'><strong>Vertit</strong></span> <span class='ocrx_word' id='word_1_758' title='bbox 2502 4860 2646 4912; x_wconf 90' lang='lat' dir='ltr'><strong>enim</strong></span> <span class='ocrx_word' id='word_1_759' title='bbox 2682 4876 2695 4912; x_wconf 90' lang='lat'><strong>:</strong></span> <span class='ocrx_word' id='word_1_760' title='bbox 2730 4877 2751 4910; x_wconf 80' lang='grc' dir='ltr'><strong>ι</strong></span> <span class='ocrx_word' id='word_1_761' title='bbox 2774 4857 2887 4929; x_wconf 89' lang='lat' dir='ltr'><strong>lloc</strong></span> <span class='ocrx_word' id='word_1_762' title='bbox 2927 4864 3030 4917; x_wconf 88' lang='lat' dir='ltr'><strong>est,</strong></span> <span class='ocrx_word' id='word_1_763' title='bbox 3078 4873 3175 4926; x_wconf 87' lang='lat' dir='ltr'><strong>per</strong></span> <span class='ocrx_word' id='word_1_764' title='bbox 3211 4858 3380 4926; x_wconf 74' lang='lat' dir='ltr'><strong>legem</strong></span> <span class='ocrx_word' id='word_1_765' title='bbox 3424 4868 3480 4913; x_wconf 88' lang='lat' dir='ltr'><strong>et</strong></span> <span class='ocrx_word' id='word_1_766' title='bbox 3509 4874 3642 4928; x_wconf 69' lang='lat' dir='ltr'><strong>pro-</strong></span> 
     </span>
    </p>
   </div>
   <div class='ocr_carea' id='block_1_109' title="bbox 2075 4928 3647 4999">
    <p class='ocr_par' dir='ltr' id='par_1_109' title="bbox 2075 4928 3647 4999">
     <span class='ocr_line' id='line_1_111' title="bbox 2075 4928 3647 4999; baseline 0.003 -18"><span class='ocrx_word' id='word_1_767' title='bbox 2075 4928 2263 4995; x_wconf 75' lang='lat' dir='ltr'><strong>pltetas</strong></span> <span class='ocrx_word' id='word_1_768' title='bbox 2327 4945 2433 4983; x_wconf 90' lang='lat' dir='ltr'><strong>non</strong></span> <span class='ocrx_word' id='word_1_769' title='bbox 2494 4930 2623 4982; x_wconf 79' lang='lat' dir='ltr'><strong>milli</strong></span> <span class='ocrx_word' id='word_1_770' title='bbox 2685 4928 2981 4999; x_wconf 61' lang='lat' dir='ltr'><strong>loquaris.»</strong></span> <span class='ocrx_word' id='word_1_771' title='bbox 3017 4929 3177 4997; x_wconf 82' lang='lat' dir='ltr'><strong>Atqui</strong></span> <span class='ocrx_word' id='word_1_772' title='bbox 3236 4945 3341 4982; x_wconf 90' lang='lat' dir='ltr'><strong>non</strong></span> <span class='ocrx_word' id='word_1_773' title='bbox 3396 4932 3647 4996; x_wconf 78' lang='lat' dir='ltr'><strong>repudiat</strong></span> 
     </span>
    </p>
   </div>
   <div class='ocr_carea' id='block_1_110' title="bbox 2074 5000 3645 5068">
    <p class='ocr_par' dir='ltr' id='par_1_110' title="bbox 2074 5000 3645 5068">
     <span class='ocr_line' id='line_1_112' title="bbox 2074 5000 3645 5068; baseline 0.002 -17"><span class='ocrx_word' id='word_1_774' title='bbox 2074 5014 2292 5064; x_wconf 86' lang='lat' dir='ltr'><strong>sponsa,</strong></span> <span class='ocrx_word' id='word_1_775' title='bbox 2326 5011 2383 5051; x_wconf 91' lang='grc' dir='ltr'><strong>ιιι</strong></span> <span class='ocrx_word' id='word_1_776' title='bbox 2412 5014 2595 5052; x_wconf 85' lang='lat' dir='ltr'><strong>secum</strong></span> <span class='ocrx_word' id='word_1_777' title='bbox 2625 5014 2852 5065; x_wconf 84' lang='lat' dir='ltr'><strong>sponsus</strong></span> <span class='ocrx_word' id='word_1_778' title='bbox 2878 5000 3127 5066; x_wconf 80' lang='lat' dir='ltr'><strong>loquatur</strong></span> <span class='ocrx_word' id='word_1_779' title='bbox 3157 5012 3249 5068; x_wconf 89' lang='lat' dir='ltr'><strong>per</strong></span> <span class='ocrx_word' id='word_1_780' title='bbox 3281 5014 3373 5052; x_wconf 87' lang='lat' dir='ltr'><strong>ora</strong></span> <span class='ocrx_word' id='word_1_781' title='bbox 3408 5002 3645 5067; x_wconf 80' lang='lat' dir='ltr'><strong>prophe-</strong></span> 
     </span>
    </p>
   </div>
   <div class='ocr_carea' id='block_1_111' title="bbox 2078 5068 3643 5139">
    <p class='ocr_par' dir='ltr' id='par_1_111' title="bbox 2078 5068 3643 5139">
     <span class='ocr_line' id='line_1_113' title="bbox 2078 5068 3643 5139; baseline 0.003 -19"><span class='ocrx_word' id='word_1_782' title='bbox 2078 5079 2275 5127; x_wconf 84' lang='lat' dir='ltr'><strong>tarum,</strong></span> <span class='ocrx_word' id='word_1_783' title='bbox 2303 5070 2394 5123; x_wconf 85' lang='lat' dir='ltr'><strong>sed</strong></span> <span class='ocrx_word' id='word_1_784' title='bbox 2421 5071 2492 5121; x_wconf 83' lang='lat' dir='ltr'><strong>ail</strong></span> <span class='ocrx_word' id='word_1_785' title='bbox 2527 5087 2539 5122; x_wconf 89' lang='lat'><strong>:</strong></span> <span class='ocrx_word' id='word_1_786' title='bbox 2572 5088 2591 5120; x_wconf 76' lang='grc' dir='ltr'><strong>ι</strong></span> <span class='ocrx_word' id='word_1_787' title='bbox 2620 5068 2735 5124; x_wconf 86' lang='grc' dir='ltr'>Νοιι</span> <span class='ocrx_word' id='word_1_788' title='bbox 2765 5070 2936 5122; x_wconf 86' lang='lat' dir='ltr'><strong>solum</strong></span> <span class='ocrx_word' id='word_1_789' title='bbox 2973 5084 3069 5139; x_wconf 90' lang='lat' dir='ltr'><strong>per</strong></span> <span class='ocrx_word' id='word_1_790' title='bbox 3111 5069 3306 5137; x_wconf 81' lang='lat' dir='ltr'><strong>legem,</strong></span> <span class='ocrx_word' id='word_1_791' title='bbox 3338 5070 3432 5124; x_wconf 87' lang='lat' dir='ltr'><strong>sed</strong></span> <span class='ocrx_word' id='word_1_792' title='bbox 3466 5080 3643 5124; x_wconf 91' lang='lat' dir='ltr'><strong>totum</strong></span> 
     </span>
    </p>
   </div>
   <div class='ocr_carea' id='block_1_112' title="bbox 2078 5139 2614 5192">
    <p class='ocr_par' dir='ltr' id='par_1_112' title="bbox 2078 5139 2614 5192">
     <span class='ocr_line' id='line_1_114' title="bbox 2078 5139 2614 5192; baseline 0 -2"><span class='ocrx_word' id='word_1_793' title='bbox 2078 5148 2130 5192; x_wconf 89' lang='lat' dir='ltr'><strong>te</strong></span> <span class='ocrx_word' id='word_1_794' title='bbox 2163 5139 2289 5191; x_wconf 79' lang='lat' dir='ltr'><strong>milli</strong></span> <span class='ocrx_word' id='word_1_795' title='bbox 2319 5140 2562 5192; x_wconf 80' lang='lat' dir='ltr'><strong>ostende.</strong></span> <span class='ocrx_word' id='word_1_796' title='bbox 2594 5157 2614 5190; x_wconf 78' lang='grc' dir='ltr'><strong>ι</strong></span> 
     </span>
    </p>
   </div>
   <div class='ocr_carea' id='block_1_113' title="bbox 2151 5206 3641 5280">
    <p class='ocr_par' dir='ltr' id='par_1_113' title="bbox 2151 5206 3641 5280">
     <span class='ocr_line' id='line_1_115' title="bbox 2151 5206 3641 5280; baseline 0.003 -22"><span class='ocrx_word' id='word_1_797' title='bbox 2151 5209 2291 5280; x_wconf 47' lang='grc'><strong>(10)-</strong></span> <span class='ocrx_word' id='word_1_798' title='bbox 2326 5210 2464 5280; x_wconf 9' lang='grc' dir='ltr'><strong>Ειιὲἱι.</strong></span> <span class='ocrx_word' id='word_1_799' title='bbox 2495 5206 2642 5280; x_wconf 40' lang='lat' dir='ltr'><strong>“Vat.</strong></span> <span class='ocrx_word' id='word_1_800' title='bbox 2704 5207 2868 5264; x_wconf 87' lang='lat' dir='ltr'><strong>habet</strong></span> <span class='ocrx_word' id='word_1_801' title='bbox 2916 5207 3217 5280; x_wconf 78' lang='grc' dir='ltr'>ὲμφάνισόν</span> <span class='ocrx_word' id='word_1_802' title='bbox 3268 5225 3360 5278; x_wconf 88' lang='grc' dir='ltr'><strong>μοι</strong></span> <span class='ocrx_word' id='word_1_803' title='bbox 3414 5207 3641 5262; x_wconf 83' lang='grc' dir='ltr'>σεαυτὸν</span> 
     </span>
    </p>
   </div>
   <div class='ocr_carea' id='block_1_114' title="bbox 2076 5276 2694 5345">
    <p class='ocr_par' dir='ltr' id='par_1_114' title="bbox 2076 5276 2694 5345">
     <span class='ocr_line' id='line_1_116' title="bbox 2076 5276 2694 5345; baseline 0.003 -15"><span class='ocrx_word' id='word_1_804' title='bbox 2076 5277 2352 5345; x_wconf 71' lang='grc' dir='ltr'>γνωστῶς.</span> <span class='ocrx_word' id='word_1_805' title='bbox 2384 5278 2469 5331; x_wconf 84' lang='grc' dir='ltr'><strong>ἴνα</strong></span> <span class='ocrx_word' id='word_1_806' title='bbox 2494 5276 2588 5331; x_wconf 80' lang='grc' dir='ltr'><strong>ἴδω</strong></span> <span class='ocrx_word' id='word_1_807' title='bbox 2612 5295 2694 5332; x_wconf 92' lang='grc' dir='ltr'>σε.</span> 
     </span>
    </p>
   </div>
   <div class='ocr_carea' id='block_1_115' title="bbox 2147 5346 3648 5423">
    <p class='ocr_par' dir='ltr' id='par_1_115' title="bbox 2147 5346 3648 5423">
     <span class='ocr_line' id='line_1_117' title="bbox 2147 5346 3648 5423; baseline 0.001 -23"><span class='ocrx_word' id='word_1_808' title='bbox 2147 5347 2257 5423; x_wconf 69' lang='grc' dir='ltr'>(ιι)</span> <span class='ocrx_word' id='word_1_809' title='bbox 2319 5346 2455 5423; x_wconf 68' lang='grc' dir='ltr'><strong>βάίι.</strong></span> <span class='ocrx_word' id='word_1_810' title='bbox 2512 5348 2641 5423; x_wconf 76' lang='lat' dir='ltr'><strong>Vat.</strong></span> <span class='ocrx_word' id='word_1_811' title='bbox 2670 5349 2799 5423; x_wconf 43' lang='lat' dir='ltr'><strong>:LOO</strong></span> <span class='ocrx_word' id='word_1_812' title='bbox 2836 5348 2946 5421; x_wconf 81' lang='grc' dir='ltr'><strong>γὰρ</strong></span> <span class='ocrx_word' id='word_1_813' title='bbox 2995 5348 3071 5422; x_wconf 82' lang='grc' dir='ltr'><strong>μὴ</strong></span> <span class='ocrx_word' id='word_1_814' title='bbox 3122 5348 3209 5423; x_wconf 74' lang='grc' dir='ltr'><strong>ἴδῃ</strong></span> <span class='ocrx_word' id='word_1_815' title='bbox 3255 5346 3541 5419; x_wconf 81' lang='grc' dir='ltr'>ἄνθρωπος</span> <span class='ocrx_word' id='word_1_816' title='bbox 3582 5347 3648 5401; x_wconf 82' lang='grc' dir='ltr'>τὸ</span> 
     </span>
    </p>
   </div>
   <div class='ocr_carea' id='block_1_116' title="bbox 2075 5417 2932 5491">
    <p class='ocr_par' dir='ltr' id='par_1_116' title="bbox 2075 5417 2932 5491">
     <span class='ocr_line' id='line_1_118' title="bbox 2075 5417 2932 5491; baseline 0.005 -22"><span class='ocrx_word' id='word_1_817' title='bbox 2075 5418 2365 5491; x_wconf 67' lang='grc' dir='ltr'>πρόσωπρν</span> <span class='ocrx_word' id='word_1_818' title='bbox 2396 5433 2522 5488; x_wconf 82' lang='grc' dir='ltr'>μου.</span> <span class='ocrx_word' id='word_1_819' title='bbox 2560 5420 2655 5491; x_wconf 78' lang='grc' dir='ltr'>καὶ</span> <span class='ocrx_word' id='word_1_820' title='bbox 2686 5417 2932 5491; x_wconf 58' lang='grc' dir='ltr'>ζήσεταιζ</span> 
     </span>
    </p>
   </div>
   <div class='ocr_carea' id='block_1_117' title="bbox 2114 5487 3646 5571">
    <p class='ocr_par' dir='ltr' id='par_1_117' title="bbox 2114 5487 3646 5571">
     <span class='ocr_line' id='line_1_119' title="bbox 2114 5487 3646 5571; baseline 0 -26"><span class='ocrx_word' id='word_1_821' title='bbox 2114 5487 2253 5571; x_wconf 43' lang='grc' dir='ltr'><strong>λβ)</strong></span> <span class='ocrx_word' id='word_1_822' title='bbox 2295 5487 2387 5542; x_wconf 89' lang='lat' dir='ltr'><strong>Sic</strong></span> <span class='ocrx_word' id='word_1_823' title='bbox 2432 5487 2851 5545; x_wconf 54' lang='lat' dir='ltr'><strong>en‘iendandnm.</strong></span> <span class='ocrx_word' id='word_1_824' title='bbox 2912 5488 3061 5546; x_wconf 70' lang='lat' dir='ltr'><strong>Heus</strong></span> <span class='ocrx_word' id='word_1_825' title='bbox 3109 5499 3164 5545; x_wconf 91' lang='lat' dir='ltr'><strong>et</strong></span> <span class='ocrx_word' id='word_1_826' title='bbox 3217 5489 3376 5546; x_wconf 88' lang='lat' dir='ltr'><strong>Barb.</strong></span> <span class='ocrx_word' id='word_1_827' title='bbox 3439 5489 3646 5545; x_wconf 85' lang='lat' dir='ltr'><strong>habent</strong></span> 
     </span>
    </p>
   </div>
   <div class='ocr_carea' id='block_1_118' title="bbox 2058 5573 2227 5611">
    <p class='ocr_par' dir='ltr' id='par_1_118' title="bbox 2058 5573 2227 5611">
     <span class='ocr_line' id='line_1_120' title="bbox 2058 5573 2227 5611; baseline 0 0"><span class='ocrx_word' id='word_1_828' title='bbox 2058 5573 2203 5611; x_wconf 86' lang='grc' dir='ltr'>-αυτη</span> <span class='ocrx_word' id='word_1_829' title='bbox 2212 5596 2227 5610; x_wconf 76' lang='grc' dir='ltr'><strong><em>ο</em></strong></span> 
     </span>
    </p>
   </div>
   <div class='ocr_carea' id='block_1_119' title="bbox 2140 5560 3640 5697">
    <p class='ocr_par' dir='ltr' id='par_1_119' title="bbox 2140 5560 3640 5697">
     <span class='ocr_line' id='line_1_121' title="bbox 2140 5560 3640 5697; baseline 0.003 -17"><span class='ocrx_word' id='word_1_830' title='bbox 2293 5626 2367 5681; x_wconf 91' lang='lat' dir='ltr'><strong>De</strong></span> <span class='ocrx_word' id='word_1_831' title='bbox 2391 5628 2481 5683; x_wconf 45' lang='lat' dir='ltr'><strong>B.‘</strong></span> <span class='ocrx_word' id='word_1_832' title='bbox 2510 5628 2729 5697; x_wconf 76' lang='lat' dir='ltr'><strong>Virgine</strong></span> <span class='ocrx_word' id='word_1_833' title='bbox 2772 5630 3002 5684; x_wconf 88' lang='lat' dir='ltr'><strong>notanda</strong></span> <span class='ocrx_word' id='word_1_834' title='bbox 3049 5631 3163 5686; x_wconf 72' lang='lat' dir='ltr'><strong>lucc</strong></span> <span class='ocrx_word' id='word_1_835' title='bbox 3204 5646 3304 5685; x_wconf 83' lang='lat' dir='ltr'><strong>vox</strong></span> <span class='ocrx_word' id='word_1_836' title='bbox 3340 5649 3353 5685; x_wconf 91' lang='lat'><strong>:</strong></span> <span class='ocrx_word' id='word_1_837' title='bbox 3384 5640 3439 5686; x_wconf 87' lang='lat' dir='ltr'><strong>et</strong></span> <span class='ocrx_word' id='word_1_838' title='bbox 3478 5629 3640 5697; x_wconf 75' lang='lat' dir='ltr'><strong>digna</strong></span> 
     </span>
    </p>
   </div>
   <div class='ocr_carea' id='block_1_120' title="bbox 2067 5699 3645 5767">
    <p class='ocr_par' dir='ltr' id='par_1_120' title="bbox 2067 5699 3645 5767">
     <span class='ocr_line' id='line_1_122' title="bbox 2067 5699 3645 5767; baseline 0.006 -19"><span class='ocrx_word' id='word_1_839' title='bbox 2067 5710 2189 5765; x_wconf 75' lang='lat' dir='ltr'><strong>qua:</strong></span> <span class='ocrx_word' id='word_1_840' title='bbox 2231 5700 2478 5766; x_wconf 83' lang='lat' dir='ltr'><strong>legantur</strong></span> <span class='ocrx_word' id='word_1_841' title='bbox 2528 5715 2591 5752; x_wconf 82' lang='lat' dir='ltr'><strong>ea</strong></span> <span class='ocrx_word' id='word_1_842' title='bbox 2638 5714 2758 5767; x_wconf 66' lang='lat' dir='ltr'><strong>quae</strong></span> <span class='ocrx_word' id='word_1_843' title='bbox 2808 5702 2873 5754; x_wconf 86' lang='lat' dir='ltr'><strong>ad</strong></span> <span class='ocrx_word' id='word_1_844' title='bbox 2923 5702 2978 5755; x_wconf 88' lang='grc' dir='ltr'><strong>Ιι.</strong></span> <span class='ocrx_word' id='word_1_845' title='bbox 3029 5699 3067 5756; x_wconf 93' lang='lat' dir='ltr'><strong>I.</strong></span> <span class='ocrx_word' id='word_1_846' title='bbox 3120 5703 3400 5758; x_wconf 83' lang='lat' dir='ltr'><strong>adnotavit</strong></span> <span class='ocrx_word' id='word_1_847' title='bbox 3447 5700 3645 5758; x_wconf 68' lang='lat' dir='ltr'><strong>doctus</strong></span> 
     </span>
    </p>
   </div>
   <div class='ocr_carea' id='block_1_121' title="bbox 2067 5767 2971 5837">
    <p class='ocr_par' dir='ltr' id='par_1_121' title="bbox 2067 5767 2971 5837">
     <span class='ocr_line' id='line_1_123' title="bbox 2067 5767 2971 5837; baseline 0.006 -17"><span class='ocrx_word' id='word_1_848' title='bbox 2067 5767 2243 5821; x_wconf 86' lang='lat' dir='ltr'><strong>editor</strong></span> <span class='ocrx_word' id='word_1_849' title='bbox 2282 5769 2477 5822; x_wconf 88' lang='lat' dir='ltr'><strong>veteris</strong></span> <span class='ocrx_word' id='word_1_850' title='bbox 2511 5768 2971 5837; x_wconf 86' lang='lat' dir='ltr'><strong>interpretationis</strong></span> 
     </span>
    </p>
   </div>
  </div>
