3862 6270
366 347 442 409 83
1469 313 1787 402 pnlLoms
1822 329 2131 402 EPISCOPI
2171 344 2488 403 cannas"
3545 339 3620 396 ει

369 465 604 522 circuitu
651 478 768 536 epis
812 478 878 519 ex
905 461 1212 532 potentibus
1234 461 1415 530 Israel,
1451 482 1470 516 ι
1508 463 1629 519 illos
1671 463 1942 532 intellige,

2063 463 2145 516 (αἱ
2181 463 2282 533 τῆς
2327 459 2676 520 ἀναστάσεως
2696 473 2711 488 ο
2742 454 2868 527 περὶ
2891 449 2959 525 ἧς
2983 453 3171 524 κλίνης
3195 455 3243 508 oi
3276 451 3496 522 ἄγγελοι
3523 450 3617 504 λέο

371 556 461 625 qui
493 555 642 610 missi
676 555 891 610 l’ucrunt
931 571 959 609 a
1005 553 1248 620 Iudaeis,
1289 553 1348 608 ut
1385 555 1723 610 custodirent
1763 555 1944 624 sepul-

368 663 546 702 crum.
575 665 593 698 ι
619 646 820 702 Omnes
847 655 1096 702 tenentes
1122 647 1391 716 gladium,
1421 647 1563 702 docti
1598 647 1818 702 bellum.
1852 645 1945 700 Vir

366 737 578 809 gladius
602 737 716 806 ejus
743 753 906 808 super
933 737 1106 791 femur
1127 737 1244 805 ejus
1272 751 1300 790 a
1329 751 1532 806 pavore
1562 739 1613 792 in
1639 738 1938 792 noctibus.»

368 827 496 882 llzec
521 829 662 882 enim
697 827 765 882 iis
790 827 1062 896 contigere
1089 827 1179 894 qui
1215 829 1502 880 servabant
1527 824 1898 896 (sepulcrum)
1924 842 1939 892 ;

367 920 585 989 quando
629 917 734 972 illis
767 917 1132 980 servantibus,
1185 935 1204 967 ι
1238 925 1396 972 terra:
1437 926 1615 971 motus
1647 916 1820 971 factus
1859 923 1946 970 est

368 1024 596 1078 magnus
625 1028 639 1063 :
669 1008 893 1085 angelus
921 1009 1062 1062 enim
1090 1007 1303 1063 Domini
1333 1008 1558 1062 revolvit
1579 1007 1809 1078 lapidem
1839 1007 1936 1060 ι’.»

367 1099 436 1154 Et
470 1115 533 1155 ea
568 1109 725 1154 nocte
756 1099 1029 1169 perterriti
1062 1100 1154 1169 qni
1200 1100 1491 1154 servabant
1521 1099 1862 1171 (sepulcrum
1885 1098 1940 1170 ).

373 1207 393 1241 ι
427 1189 551 1242 facti
586 1200 710 1243 sunt
757 1188 903 1243 velut
949 1191 1149 1244 mortui
1183 1189 1280 1245 ⁸⁸.»
1326 1189 1618 1260 Propterea
1652 1191 1821 1246 dicit:
1852 1208 1870 1241 ι
1896 1190 1942 1242 Α

369 1291 567 1344 pavore
599 1277 648 1329 in
681 1276 950 1333 noctibus.
978 1295 996 1327 ι

440 1539 730 1599 LXXXIV.
771 1540 938 1598 Vens.
1000 1541 1054 1596 9.
1110 1541 1462 1594 Gestatorium
1511 1541 1613 1595 sibi
1659 1539 1784 1610 fecit
1848 1555 1942 1594 rex

369 1634 620 1690 Salomon
661 1649 726 1688 ea:
767 1633 925 1703 lignis
970 1633 1177 1686 Libani.

439 1725 809 1781 Gestatorium
859 1724 1097 1794 intellige
1139 1724 1308 1792 ipsam
1355 1740 1573 1781 carnem
1621 1724 1932 1796 Unigenlti,

2044 570 2259 623 γουσιψ
2301 571 2318 604 ι
2351 552 2480 605 Ἰδοὺ
2521 551 2550 602 6
2587 549 2779 610 τόπος,
2817 548 2951 599 ὅπου
2987 545 3162 598 ἔκειτο
3184 545 3214 598 6
3257 542 3481 613 Κύριος.
3507 561 3526 594 ι
3549 573 3624 587 σ-

2050 661 2069 693 ι
2113 641 2407 713 Ἐξήκοντα
2476 637 2692 692 δυνατοὶ
2739 635 2942 705 κύκλῳ⁴
2981 635 3150 704 αὐτῆς
3209 633 3322 686 ἀπὸ
3375 631 3622 686 δυνατῶν

2056 731 2293 804 Ἰσραὴλ,
2324 751 2342 784 ι
2400 730 2640 794 ἐκείνους
2683 728 2809 790 τοὺς
2862 726 2971 779 ἀπὸ
3004 723 3273 779 Ἰουδαίων
3324 721 3624 794 βληθέντας

2044 823 2331 892 φυλάττειν
2353 823 2443 876 τὸν
2466 824 2654 890 τάφον.
2694 839 2712 872 ι
2734 821 2940 880 Πάντες
2971 817 3292 888 κατέχοντες
3321 815 3622 888 ῥομφαίαν,

2041 912 2406 983 δεδιδαγμένοι
2439 911 2694 981 πόλεμον.
2742 909 2905 981 Ἀνὴρ
2935 907 3179 980 ῥομφαία
3203 905 3366 960 αὐτοῦ
3399 907 3501 958 ἐπὶ
3529 904 3624 958 τὸν

2046 1000 2220 1072 μηρὸν
2251 999 2414 1054 αὐτοῦ
2447 999 2553 1054 ἀπὸ
2580 999 2820 1068 θάμϐους
2843 1001 2900 1051 ὲν
2926 997 3064 1062 νυξί.
3090 1015 3110 1049 ι
3139 994 3326 1049 Ταῦτα
3349 995 3458 1067 γὰρ
3481 1013 3595 1065 συμ
3613 1025 3626 1035 ο

2043 1093 2276 1165 ϐέϐηκεν
2307 1094 2533 1157 ἐκείνοις
2570 1095 2682 1156 τοῖς
2729 1090 3010 1162 τηροῦσιν,
3036 1088 3274 1158 ὁπηνίκα
3305 1087 3626 1158 τηρούντων

2042 1186 2243 1250 αὐτῶν,
2263 1207 2284 1237 ‹
2305 1186 2528 1256 σεισμὸς
2548 1185 2763 1252 ἐγένετο
2785 1183 2979 1254 μέγας.
3003 1179 3266 1250 Ἀγγελος
3285 1177 3393 1249 γάρ
3409 1179 3622 1251 Κυρίου

2041 1274 2338 1330 ἀπεκύλισε
2365 1275 2458 1328 τὸν
2480 1272 2648 1328 λίϐον.
2671 1293 2688 1324 ι
2718 1273 2830 1326 Καὶ
2863 1274 2920 1326 ὲν
2954 1273 3020 1342 τῇ
3046 1267 3204 1324 νυκτὶ
3227 1266 3403 1341 ταύτῃ
3433 1269 3482 1321 οί
3517 1285 3624 1340 τη-

2043 1366 2262 1440 ροῦντες
2305 1362 2764 1436 ὲκθαμϐηοέντες,
2815 1381 2835 1414 ι
2881 1360 3130 1431 ἐγένοντο
3176 1359 3310 1412 ὡσεὶ
3350 1359 3556 1432 νεκροί.
3595 1377 3618 1411 ι

2039 1458 2132 1512 Διό
2164 1473 2358 1528 φησιν’
2396 1473 2417 1508 ι
2449 1455 2582 1510 Ἀπὸ
2618 1455 2861 1525 Θάμϐους
2886 1455 2944 1506 ὲν
2963 1452 3133 1518 νυξίν.
3172 1470 3193 1504 ι

2111 1550 2234 1604 ΙΙΔ’.
2264 1550 2355 1602 Στ.
2391 1547 2459 1602 θ’.
2494 1546 2742 1614 Φορεῖον
2788 1543 2977 1610 ἑαυτῷ
3033 1543 3322 1612 éxolnaer
3363 1544 3398 1597 ό
3439 1541 3630 1607 ,βασι-

2039 1637 2187 1704 λεὺς
2210 1635 2498 1707 Σαλομὼν
2511 1636 2630 1690 ἀπὸ
2652 1635 2855 1700 ξύλων
2887 1633 2994 1687 τοῦ
3027 1632 3311 1688 Λιϐάνου.

2111 1728 2330 1797 Φορεῖον
2341 1725 2449 1781 νόει
2465 1742 2554 1796 μοι
2566 1723 2660 1778 καὶ
2670 1723 2839 1794 αὐτὴν
2851 1722 2951 1794 τὴν
2964 1723 3140 1794 σάρκα
3153 1721 3248 1776 τοῦ
3265 1720 3627 1790 Μονογενοῦς,

367 1814 424 1870 in
453 1831 558 1886 qua
585 1815 751 1869 Deum
776 1813 1150 1880 abscondens,
1183 1824 1240 1870 ut
1284 1817 1449 1871 homo
1477 1831 1597 1872 cum
1633 1817 1942 1875 hominibus

2063 1837 2102 1874 ιν
2191 1816 2549 1889 κατακρύψας
2569 1815 2660 1870 τὸν
2687 1815 2840 1881 Θεὸν,
2865 1815 2941 1878 ὡς
2974 1815 3268 1886 ἄνθρωπος
3311 1811 3628 1885 ἀνθρώποις

368 1907 813 1962 conversabatur.
863 1906 968 1961 Sed
998 1898 1456 1976 quemadmodum
1504 1908 1754 1964 consules
1807 1925 1940 1979 pro-

367 1996 598 2051 deuntes
625 1996 677 2050 in
709 1997 999 2066 gestatoria
1028 1996 1158 2051 sella
1203 1997 1534 2066 procedunt,
1591 2007 1646 2051 et
1697 2013 1798 2068 per
1848 2013 1944 2053 eos

369 2099 461 2141 res
489 2086 678 2142 mundi
706 2087 1055 2142 stabiliuntnr
1083 2087 1174 2157 qui
1220 2097 1440 2142 senatus
1479 2087 1798 2156 dignitatem
1834 2103 1946 2159 pne

313 2237 324 2248 ,
369 2191 432 2234 se
462 2177 642 2232 ferunt
671 2194 686 2244 ;
719 2178 798 2234 sic
827 2177 1016 2232 eodem
1049 2177 1208 2233 modo
1239 2177 1291 2230 in
1326 2192 1492 2232 carne
1524 2177 1797 2247 Unigeniti
1831 2180 1944 2249 ipsa

369 2280 557 2324 saneta
585 2269 823 2324 Ecclesia
878 2277 1170 2324 convocata
1222 2269 1392 2339 ipsius
1436 2267 1496 2322 lit
1545 2267 1944 2338 gestatorium:

369 2375 472 2416 nec
496 2374 630 2415 vero
655 2376 743 2416 res
772 2361 956 2415 mundi
988 2361 1302 2421 stabiliens.
1331 2359 1424 2414 sed
1457 2359 1569 2430 ipsa
1597 2360 1652 2414 in
1677 2375 1736 2415 se
1763 2359 1946 2415 ferens

371 2450 592 2506 decreta
637 2451 787 2522 regni
820 2452 1080 2507 celestis.
1121 2451 1485 2507 Gestatorium
1518 2449 1682 2518 igitur
1713 2465 1817 2505 non
1849 2465 1942 2506 so-

371 2539 484 2595 lum
513 2550 598 2596 est
628 2555 759 2596 caro
787 2539 948 2608 Jesu,
981 2543 1074 2596 sed
1105 2550 1161 2595 et
1189 2541 1303 2611 ipsa
1339 2539 1576 2595 Ecclesia
1601 2581 1616 2603 .
1654 2559 1674 2592 ι
1703 2557 1822 2610 qua:
1852 2550 1942 2597 est

373 2647 571 2703 corpus
615 2633 783 2704 ipsius
811 2631 882 2698 “,
913 2651 932 2684 ι
962 2641 1245 2702 propterea
1285 2632 1426 2702 quod
1471 2631 1632 2702 digna
1678 2631 1817 2687 facta
1860 2641 1945 2687 est

372 2738 496 2795 qua:
525 2725 700 2796 ipsum
737 2731 977 2794 gestaret
1003 2721 1199 2777 Filium
1247 2721 1379 2788 Dei,
1423 2721 1578 2792 juxta
1629 2721 1944 2792 Apostolum

375 2815 642 2871 dicentem
672 2833 686 2870 :
719 2834 739 2868 ι
767 2813 1080 2870 Glorilicate
1103 2853 1118 2878 ,
1149 2821 1205 2868 et
1236 2822 1448 2882 portate
1485 2814 1654 2868 Deum
1689 2813 1742 2868 in
1778 2829 1947 2868 mem-

374 2908 491 2964 bris
535 2907 732 2962 vestris
759 2906 828 2959 ⁸⁸.
861 2924 881 2958 ι
913 2903 1027 2961 Hoc
1073 2904 1238 2975 igitur
1284 2904 1675 2972 gestatorium.
1727 2920 1948 2960 carnem

375 3000 586 3057 scilicet
617 2997 744 3055 Jesu
781 3038 798 3066 ,
847 2996 1145 3067 spiritualis
1181 2995 1434 3051 Salomon
1465 2995 1569 3050 sibi
1597 2995 1763 3052 fecit:
1795 3015 1814 3049 ι
1847 2996 1949 3052 Sa-

375 3091 582 3164 pientia
636 3089 781 3146 enim
811 3088 1098 3145 aediﬁcavit
1129 3087 1232 3142 sibi
1275 3087 1493 3141 domum
1537 3086 1605 3140 “.
1643 3105 1664 3140 ι
1695 3087 1764 3142 Et
1805 3088 1949 3144 unde

377 3183 483 3240 hoc
512 3181 869 3254 gestatorium
896 3180 920 3234 τ
952 3199 970 3233 ι
1003 3179 1081 3235 Ex
1115 3177 1279 3248 lignis
1308 3177 1500 3232 Libani
1535 3196 1549 3233 :
1584 3195 1604 3230 ι
1638 3179 1950 3250 intelligens

379 3291 449 3332 ex
495 3275 703 3332 sanctis
734 3273 1048 3330 hominibus
1083 3273 1175 3342 qui
1205 3272 1258 3326 in
1276 3269 1390 3339 ejus
1415 3271 1767 3342 generatione
1793 3287 1954 3327 enare

379 3377 596 3434 rantur,
625 3366 897 3421 Abraham
917 3402 935 3430 ,
963 3365 1140 3429 Isaac,
1169 3361 1336 3418 Jacob
1358 3372 1414 3416 et
1443 3361 1532 3430 qui
1568 3362 1842 3431 deinceps.

449 3543 712 3601 LXXXV.
734 3545 900 3601 Vens.
920 3543 1008 3599 10.
1043 3541 1329 3598 Columnas
1363 3546 1476 3610 eius
1507 3541 1628 3611 fecit
1659 3529 1949 3611 argentum.

452 3637 746 3694 Columnas
795 3651 900 3691 non
941 3635 1076 3690 alios
1128 3634 1482 3700 intellexeris,
1530 3648 1694 3703 quam
1739 3641 1957 3687 sanctos

384 3728 688 3800 apostolos;
711 3727 801 3797 qui
830 3725 1221 3788 ,columnarum
1263 3725 1436 3779 instar
1473 3724 1825 3794 gestatorium
1855 3724 1957 3779 hoc

384 3825 622 3887 portant.
653 3817 802 3882 Quod
835 3824 1014 3870 autem
1056 3814 1319 3869 columna:
1351 3813 1460 3868 sint
1483 3813 1729 3884 apostoli,
1760 3823 1959 3884 praesto

385 3918 468 3965 est
498 3907 697 3962 Paulus
719 3907 941 3962 dicens:
978 3923 998 3958 ι
1028 3905 1196 3961 Iacob
1226 3916 1282 3960 et
1307 3904 1567 3969 Joannes,
1593 3905 1682 3975 qui
1708 3905 1957 3960 videntur

385 4014 507 4055 esse
548 3998 812 4054 columna;
830 3997 902 4048 ⁸⁷.
938 4016 958 4050 ι
987 3998 1284 4066 Argentum
1320 4011 1450 4051 vero
1495 3996 1642 4066 ipsos
1687 3995 1954 4066 appellat,

385 4092 640 4162 quoniam
676 4091 826 4146 velut
853 4096 1136 4157 argentum
1167 4087 1518 4159 splendebant
1546 4089 1616 4143 ob
1644 4088 1824 4154 (idem,
1857 4089 1960 4143 mi-

387 4183 694 4240 nistrabant
721 4197 849 4238 vero
872 4179 1130 4236 Ecclesiae
1162 4179 1216 4233 in
1247 4177 1517 4248 spirituali
1549 4178 1817 4234 convivio.

457 4387 745 4445 LXXXVI.
773 4387 842 4442 Et
873 4366 1269 4441 acclinntorium
1297 4385 1412 4456 ejus
1445 4399 1687 4438 aureum.

2047 1910 2264 1982 ὡμίλει.
2317 1908 2480 1962 Ἀλλά
2510 1908 2602 1962 καὶ
2630 1907 2882 1980 καθάπερ
2901 1907 2962 1959 ,οί
2997 1906 3394 1979 προορχόμενοι
3427 1904 3627 1958 ὕπατοι

2046 2004 2250 2077 φορείῳ
2287 2002 2670 2074 προέρχονται,
2712 2001 2808 2055 καὶ
2851 2001 2922 2054 δι’
2963 1999 3143 2054 αὐτῶν
3186 1998 3256 2052 τὰ
3289 1998 3497 2069 κόσμου
3535 1995 3629 2067 βε-

2046 2095 2326 2149 ϐαιοῦνται
2362 2095 2686 2166 πράγματα,
2719 2091 2821 2162 τῆς
2858 2090 3160 2162 συγκλήτου
3181 2088 3242 2142 τὸ
3282 2087 3498 2156 ἀξίωμα
3527 2104 3628 2155 φε-

2049 2188 2252 2262 ρόντων
2285 2185 2399 2256 (55)
2417 2203 2430 2216 ·
2461 2184 2634 2248 οὕτως
2662 2183 2863 2254 ὁμοίως
2881 2183 2938 2236 ὲν
2963 2184 3030 2252 τῇ
3067 2181 3231 2252 σαρκὶ
3263 2179 3358 2233 τοῦ
3384 2181 3630 2246 Μονογε-

2049 2277 2241 2349 νοῦςή
2295 2275 2712 2347 συγκαλουμένη
2773 2272 2911 2344 αύτὴ
2965 2271 3098 2340 ἁγία
3139 2271 3478 2342 Ἐκκλησία,
3527 2269 3629 2323 καὶ

2051 2369 2189 2440 αὐτὴ
2232 2366 2395 2420 αὐτοῦ
2429 2366 2638 2435 γίνεται
2674 2365 2914 2434 φορεῖον,
2957 2361 3020 2414 ού
3064 2359 3134 2414 τά
3176 2359 3270 2413 τοῦ
3305 2359 3511 2430 κόσμου
3546 2357 3632 2429 βῦ

2048 2458 2342 2530 ϐαιουμένη
2378 2456 2700 2528 πράγματα,
2733 2452 2869 2508 ἀλλὰ
2908 2451 3008 2523 τῆς
3038 2450 3290 2522 οὐρανίου
3344 2449 3626 2520 βασιλείας

2049 2552 2135 2620 ἐφ’
2171 2550 2374 2620 ἑαυτῆς
2417 2549 2658 2619 φέρουσα
2700 2546 2970 2615 δόγματα.
3007 2545 3226 2615 Φορεῖον
3271 2538 3363 2596 οὖν
3419 2541 3529 2612 (56)
3563 2541 3626 2595 οὐ

2049 2643 2208 2715 μόνον
2248 2643 2283 2714 ἡ
2327 2639 2462 2712 σάρξ
2497 2637 2696 2709 Ἰησοῦ,
2733 2635 2870 2690 ἀλλά
2909 2636 3005 2689 καὶ
3045 2633 3184 2704 αὑτὴ
3223 2635 3259 2706 ἡ
3297 2631 3618 2704 Ἐκκλησία,

2051 2751 2070 2784 ι
2091 2732 2212 2802 ἥτις
2235 2730 2350 2783 ἐστὶ
2370 2729 2431 2782 τὸ
2453 2727 2610 2798 σῶμα
2630 2725 2811 2791 αὐτοῦ,
2825 2743 2844 2776 ι
2861 2723 2949 2778 διὰ
2962 2724 3023 2777 τὸ
3047 2720 3436 2786 καταξιοῦσθαι
3459 2721 3628 2775 αὐτὸν

2057 2823 2244 2894 φορεῖν
2297 2820 2389 2874 τὸν
2438 2819 2569 2873 Υίὸν
2625 2817 2721 2871 τοῦ
2789 2815 2924 2872 Θεοῦ
2943 2855 2959 2880 ,
3024 2814 3168 2870 κατά
3220 2815 3313 2868 τὸν
3357 2813 3585 2883 λέγοντα
3609 2831 3627 2848 ο

2056 2933 2075 2968 ι
2095 2912 2364 2978 Δοξάσατε
2388 2910 2498 2984 ἄρα
2518 2909 2608 2963 τὸν
2634 2908 2766 2963 Θεὸν
2794 2909 2852 2962 ὲν
2880 2909 2994 2970 τοῖς
3029 2906 3246 2977 μέλεσιν
3265 2905 3418 2977 ὑμῶν
3451 2905 3587 2976 (57).
3603 2924 3626 2959 ι

2050 3005 2222 3058 Τοῦτο
2265 2998 2358 3056 οῦν
2399 3001 2461 3054 τὸ
2515 3001 2753 3070 φορεῖον,
2800 2997 2899 3069 τὴν
2953 2996 3135 3068 σάρκα
3197 2994 3342 3064 λέγω
3379 2994 3491 3066 (58)
3532 2993 3631 3047 τοῦ

2064 3094 2268 3168 Ἰησοῦ,
2311 3095 2341 3147 6
2383 3087 2750 3162 πνευματικὸς
2789 3085 3051 3158 Σαλομὼν
3099 3085 3358 3157 ἐποίησεν
3413 3083 3631 3156 ἑαυτῷο

2061 3207 2079 3240 ι
2113 3188 2179 3240 Ἦ
2207 3185 2371 3254 σοφία
2392 3182 2500 3256 γὰρ
2523 3179 2876 3252 ᾠκοδόμησεν
2911 3177 3077 3248 ἑαυτῇ
3107 3172 3308 3231 οἷκον.»
3336 3176 3446 3231 Καὶ
3467 3175 3637 3231 πόθεν

2051 3279 2114 3333 τὸ
2149 3278 2395 3349 φορεῖον;
2429 3293 2448 3326 ι
2495 3271 2632 3326 Ἀπὸ
2658 3269 2832 3335 ξύλων
2871 3268 2963 3322 τοῦ
2993 3267 3262 3322 Λιϐάνουο
3303 3285 3324 3320 ι
3360 3267 3448 3322 ἵνα
3477 3268 3632 3340 είπῃ,

2053 3369 2163 3423 ἀπὸ
2185 3367 2294 3420 τῶν
2334 3359 2841 3435 γενεαλογουμένων
2875 3359 3046 3428 ἁγίων
3075 3359 3314 3432 ἀνδρῶν,
3355 3357 3632 3430 Ἁϐραάμ,

2066 3458 2275 3521 Ἰσαάκ,
2310 3454 2529 3518 Ἰακὼϐ,
2558 3455 2654 3507 κα)⁸
2687 3452 2794 3506 τῶν
2828 3451 3084 3522 καθεξῆς.

2055 3550 2177 3603 IIE'.
2197 3549 2288 3600 Στ.
2315 3553 2366 3600 ι’.
2384 3545 2654 3610 Στύλους
2673 3542 2858 3597 αὑτοῦ
2887 3542 3176 3608 ἐποίησεν
3196 3541 3632 3612 ἀργυριον(59).

2127 3639 2359 3702 Στύλους
2399 3637 2472 3708 μὴ
2521 3635 2712 3699 ἄλλους
2757 3634 2978 3706 νοήσῃς,
3036 3632 3150 3686 ἀλλ’
3187 3633 3222 3703 ἢ
3269 3635 3396 3696 τοὺς
3443 3632 3635 3701 ἁγίους

2056 3732 2404 3795 ἀποστόλους,
2432 3730 2627 3792 οἵτινες
2655 3726 2862 3781 στύλων
2890 3727 3045 3796 δίκην
3073 3725 3134 3777 τὸ
3169 3727 3385 3796 φορεῖον
3433 3724 3634 3794 βαστάο

2058 3827 2209 3891 ζουσι
2236 3823 2414 3878 τοῦτο.
2458 3823 2582 3876 Ὅτι
2626 3821 2683 3875 δὲ
2723 3819 2902 3874 στύλοι
2949 3821 3000 3872 οί
3040 3818 3352 3880 ἀπόστολοι,
3401 3817 3634 3886 πάρεστι

2059 3917 2271 3980 Παῦλος
2312 3915 2512 3984 λέγων·
2555 3931 2573 3965 ι
2611 3911 2864 3974 Ἰάκωϐος
2891 3910 2985 3965 καὶ
3002 3909 3113 3979 (60)
3157 3910 3428 3980 Ἰωάννης,
3463 3911 3512 3961 ul
3547 3909 3635 3962 6o-

2061 4008 2281 4071 κοῦντες
2315 4006 2492 4060 στύλοι
2531 4000 2689 4058 εἴναι.
2722 4023 2740 4055 ι
2799 4001 3084 4073 Ἀργύριον
3118 4001 3174 4054 δὲ
3218 4001 3414 4063 αὐτοὺς
3463 3999 3633 4068 λέγει,

2063 4099 2359 4170 ἐπειδήπερ
2403 4096 2668 4169 ἀργυρίου
2714 4095 2870 4164 δίκην
2922 4093 3163 4165 λαμπροὶ
3223 4093 3319 4162 μὲν
3376 4088 3516 4163 ἦσαν
3564 4094 3634 4163 τῇ

2064 4192 2246 4245 πίστει
2265 4208 2278 4221 ·
2311 4189 2582 4261 ὑπηρέται
2611 4188 2669 4240 δὲ
2697 4189 2776 4250 εἰς
2810 4186 2910 4256 τὴν
2944 4185 3269 4238 Ἐκκλησίαν
3295 4186 3362 4256 τῇ
3393 4201 3625 4255 πνευμαο

2064 4286 2187 4356 τικῇ
2230 4283 2484 4336 ἑστιάσει.

2137 4393 2279 4462 HG".
2308 4394 2414 4448 Kal
2446 4392 2554 4464 (61)
2589 4391 2914 4446 drdxlttor
2941 4389 3125 4444 αὐτοῦ
3159 4388 3440 4458 χρύσεον.

458 4488 640 4540 Aureo
683 4486 1031 4542 acclinatorio
1072 4492 1358 4554 martyres,
1413 4481 1626 4551 opinor,
1673 4481 1948 4536 assimilat.

2131 4484 2352 4556 Χρυσῷ,
2383 4481 2555 4554 οἶμαι,
2575 4482 2845 4552 ἀνακλίτῳ
2867 4481 2992 4544 τοὺς
3023 4481 3305 4551 μάρτυρας
3328 4474 3634 4538 ἀπεικάζει.

388 4575 576 4646 Neque
599 4577 743 4630 enim
769 4587 924 4646 putes
950 4575 1174 4629 minoris
1195 4586 1314 4626 esse
1340 4571 1705 4644 apostolorum
1733 4571 1956 4625 chorum

389 4684 550 4739 quam
584 4679 901 4739 martyrum.
940 4668 1147 4721 Etenim
1179 4667 1278 4738 ipsi
1315 4678 1529 4734 quoque
1557 4663 1786 4734 apostoli
1815 4679 1959 4717 mar-

392 4757 590 4828 tyrium
617 4759 756 4826 passi
775 4766 919 4822 sunt,
948 4756 1272 4825 fueruntque
1290 4754 1506 4809 Christo
1523 4753 1958 4821 acclinalorinm;

376 4865 516 4904 'nam
562 4858 686 4904 ante
738 4850 976 4918 ipsorum
1027 4847 1282 4916 martyrio
1334 4845 1653 4916 Unigenitus
1707 4846 1957 4902 dixerat:

2065 4578 2177 4632 Kal.
2209 4576 2283 4648 μὴ
2313 4576 2541 4648 νομίσῃς
2576 4574 2832 4627 ἐλάττονα
2878 4572 2969 4625 τὸν
3016 4571 3126 4624 τῶν
3153 4569 3465 4624 ἀποστόλων
3497 4563 3635 4620 εἶναι

2067 4669 2224 4740 χορὸν
2255 4666 2348 4720 τοῦ
2377 4669 2484 4720 τῶν
2533 4666 2844 4738 μαρτύρων.
2878 4664 2989 4717 Καὶ
3020 4664 3130 4734 γὰρ
3169 4663 3264 4716 καὶ
3292 4661 3446 4715 αὐτοὶ
3469 4661 3633 4730 ἐμαρ-

2066 4760 2306 4832 τύρησαν
2351 4761 2400 4811 οἱ
2445 4759 2749 4820 ἀπόστολοι,
2782 4757 2874 4809 καὶ
2905 4753 3192 4824 γεγόνασιν
3233 4751 3518 4807 ἀνάκλιτον
3562 4748 3634 4819 τῷ

2067 4849 2306 4923 Χριστῷ.
2342 4850 2457 4921 Πρὸ
2477 4848 2586 4921 γάρ
2608 4849 2706 4919 τῆς
2735 4847 2914 4901 αὐτῶν
2945 4844 3253 4919 μαρτυρίας
3280 4847 3309 4897 6
3331 4841 3635 4913 Μονογενὴς

463 5028 508 5060 δ’
547 5026 736 5082 Matth.
765 5042 937 5081 xxvm
985 5025 1041 5081 2.
1117 5025 1161 5058 ⁸³
1201 5024 1327 5079 ibid.
1364 5025 1418 5078 4.
1493 5022 1539 5055 ⁸⁸
1565 5021 1768 5078 Coloss.
1798 5038 1838 5088 l,
1867 5024 1948 5078 Ἡ.

2063 5028 2080 5059 ⁵
2105 5029 2124 5080 ι
2149 5027 2273 5082 Cor.
2295 5043 2370 5092 vi,
2403 5028 2494 5081 20.
2571 5027 2616 5058 “
2641 5026 2798 5080 Prov.
2828 5041 2906 5094 ιι,
2937 5027 2989 5080 l.
3067 5025 3112 5058 ⁸⁷
3135 5023 3313 5078 Galat.
3339 5040 3377 5080 ιι
3399 5066 3414 5091 ,
3440 5025 3494 5080 9.

467 5217 581 5302 (δεῖ)
624 5216 715 5271 Sic
745 5217 977 5296 fortasse
997 5213 1306 5284 legendum.
1347 5210 1546 5268 Omnes
1585 5210 1740 5266 codd.
1771 5212 1971 5267 habent

394 5303 687 5359 φεροψσηςτ

468 5352 580 5423 (56)
625 5352 754 5411 Ὁῦν
775 5371 840 5410 ex
869 5354 1060 5408 \‘allic.

439 5420 582 5513 -(57)
613 5427 789 5513 Verba
822 5424 1075 5513 onstoli.
1102 5431 1228 5513 sunt
1250 5421 1509 5513 δοξάσατε
1539 5422 1603 5513 δὴ
1625 5421 1725 5513 Ιτὸν
1751 5420 1975 5513 Ι,Θεὸνξν

396 5491 488 5565 θεῷ’
511 5491 735 5566 σώματι,
759 5491 932 5565 ὑμῶν.
969 5495 1232 5549 Caeterum
1265 5495 1316 5544 in
1352 5493 1436 5545 illa
1470 5491 1601 5546 voce
1618 5493 1724 5566 ἄρα
1750 5491 1977 5566 fortasse

399 5560 668 5635 dlilites'cit
707 5560 899 5635 ἄρατε,
931 5583 946 5614 ι
975 5571 1204 5635 portate,
1234 5581 1252 5614 ι
1291 5576 1450 5635 quam
1478 5560 1668 5615 vocem
1695 5560 1856 5616 habet
1883 5574 1975 5616 so-

399 5632 486 5689 lus
527 5637 654 5690 Novi
681 5632 1008 5688 Testamenti
1047 5633 1298 5699 angatus
1335 5632 1618 5700 interpres.

476 5706 588 5774 (58)
621 5705 693 5774 Ex
721 5704 896 5772 λέγων
932 5703 1030 5758 feci
1046 5702 1215 5774 λέγω.

478 5770 597 5847 (59')
634 5770 816 5829 \‘allic.
854 5772 1173 5844 ᾁργυρίους,
1206 5786 1323 5842 quae
1349 5770 1509 5830 lectie
1539 5770 1778 5845 proxime
1811 5785 1968 5828 acce-

1430 5865 1477 5883 δ’

2075 5215 2154 5269 dit
2177 5216 2242 5286 ad
2271 5215 2538 5286 Cotnplut.
2570 5214 2854 5286 ἀργυρίου.

2149 5285 2261 5356 (60)
2289 5280 2577 5356 Adnotavit
2607 5280 2776 5356 vetér.
2824 5280 3631 5356 versionis‘editor._descripto-

2077 5351 2167 5410 ris'
2194 5351 2400 5409 incuria
2425 5356 2612 5408 deesse
2641 5355 2727 5407 hic
2753 5368 2945 5408 nomen
2969 5352 3201 5420 Cephas.
3229 5351 3333 5420 Sed
3367 5353 3434 5403 ab
3465 5351 3630 5420 Oltllli-

2079 5426 2180 5480 bns
2211 5425 2374 5480 etiam
2403 5440 2538 5493 quos
2581 5424 2796 5493 quidem
2830 5419 3092 5486 noverim,
3118 5419 3320 5476 Graecis
3347 5419 3620 5475 codicibus

2081 5495 2206 5549 illud
2249 5509 2441 5549 nomen
2472 5495 2659 5548 abesse
2682 5493 2940 5559 comperi.

2152 5564 2263 5634 (Gl)
2300 5564 2464 5617 Abest
2497 5563 2589 5618 καί
2617 5580 2664 5634 7a
2717 5563 2905 5634 Vallic.
2956 5571 3010 5617 et
3042 5561 3201 5616 Barb.
3246 5574 3406 5629 quam
3447 5573 3629 5634 _t'o_cen

2085 5629 2297 5700 reposui
2323 5649 2386 5687 ex
2415 5636 2586 5689 sacris
2615 5633 2819 5699 Bibliis,
2857 5648 2975 5687 cum
3009 5641 3268 5702 prteterea
3290 5643 3410 5686 eam
3446 5629 3628 5686 habet

2079 5709 2238 5759 etiam
2264 5713 2368 5760 vet.
2395 5704 2673 5759 interpres.
