3878 6270
359 339 430 396 87
1473 334 1803 395 PHILONIS
1841 336 2147 396 EPISCOPI
2185 338 2526 422 CARPASll_

3565 342 3646 402 88

433 477 455 512 ι
499 454 868 529 Egreatmini,
893 471 913 506 ι
950 453 1161 525 inquit,
1203 467 1269 512 ex
1317 451 1604 509 maledicto
1631 453 1764 526 legis
1780 453 1853 520 ⁸¹,
1877 457 1945 512 ah

2127 477 2146 510 ι
2189 455 2495 524 Ἐξέλθατε,
2527 455 2706 524 λεγει,
2738 455 2847 509 ἀπὸ
2873 455 2972 526 τῆς
3004 454 3099 510 τοῦ
3131 457 3298 528 νόμου
3322 458 3590 530 κατάρας,
3619 480 3647 517 ι

357 549 664 606 Iudaeorum
691 547 1030 614 inﬁdelitate,
1063 555 1122 602 et
1151 563 1173 598 ι
1194 544 1478 601 intuemini
1511 546 1562 601 in
1581 562 1763 618 regem
1787 547 1943 604 Salo-

358 657 543 706 mon,»
569 640 621 696 id
655 649 758 706 est,
780 638 837 696 in
863 638 1148 694 Dominum
1172 645 1415 693 nostrum
1432 635 1615 692 Iesum
1631 637 1906 694 Christum
1922 683 1938 709 ,

365 751 386 786 ι
417 733 472 788 in
502 747 702 788 corona
733 747 840 802 qua
864 728 1149 786 coronavit
1170 741 1294 782 eum
1317 735 1492 785 mater
1511 726 1649 798 ejus,
1678 747 1698 780 ι
1724 731 1943 800 quando

361 825 604 896 spineam
635 838 894 880 coronam
925 821 1234 877 Judmorum
1268 819 1552 892 Synagoga
1583 835 1750 890 super
1779 830 1942 892 caput

355 918 478 988 ejus
520 915 796 987 imposuit.
843 914 974 969 Eam
1019 921 1200 968 autem
1232 921 1458 968 matrem
1488 913 1725 984 appellat
1759 914 1943 969 carnis

356 1009 494 1077 ejus,
521 1016 807 1078 propterea
831 1005 974 1076 quod
1002 1019 1071 1060 ex
1093 1003 1296 1060 Iudaeis
1325 1013 1482 1061 ortus
1527 1013 1614 1060 est
1642 1002 1940 1060 secundum

354 1112 600 1155 carnem.
650 1097 777 1154 Dies
817 1111 946 1153 vero
995 1096 1431 1168 desponsationis
1475 1095 1615 1166 ejus,
1659 1107 1788 1153 sunt
1833 1108 1943 1153 tres

354 1191 473 1245 dies
496 1189 801 1260 passionis;
833 1198 960 1245 tunc
981 1190 1125 1245 enim
1157 1198 1400 1246 sanctam
1428 1190 1570 1266 hanc
1595 1189 1944 1261 desponsavit

354 1282 683 1338 Ecclesiam.
717 1280 874 1338 Tunc
903 1292 957 1338 et
985 1282 1127 1354 quod
1154 1291 1238 1338 est
1259 1284 1402 1352 apud
1433 1284 1629 1338 Oscam
1655 1284 1941 1338 oraculum

356 1373 636 1444 impletum
661 1381 782 1428 est:
832 1392 851 1425 ι
883 1372 951 1427 Et
993 1373 1330 1441 desponsaho
1365 1381 1416 1427 te
1451 1373 1582 1428 mihi
1632 1368 1685 1428 in
1734 1374 1857 1439 lide,
1888 1365 1944 1427 et

357 1479 651 1536 cognosces
675 1465 959 1520 Dominum
973 1466 1040 1518 ⁸³.
1067 1483 1085 1516 ι
1107 1465 1237 1519 illud
1261 1479 1414 1529 vero,
1453 1483 1472 1516 ι
1491 1475 1547 1520 et
1564 1466 1614 1520 in
1632 1466 1719 1520 die
1745 1466 1943 1521 laetitiae

357 1557 540 1612 cordis
565 1558 672 1623 sui,
715 1575 735 1610 ι
761 1557 1089 1627 implebatur
1134 1557 1188 1612 in
1231 1557 1322 1612 illa
1361 1557 1451 1614 die
1485 1558 1709 1614 Pascha:
1738 1559 1793 1614 in
1835 1573 1942 1629 qua

357 1638 514 1696 Jesus
543 1643 788 1712 gaudens
813 1643 952 1698 dixit
977 1643 1262 1714 discipulis
1290 1645 1403 1730 suis
1434 1664 1448 1700 :
1483 1663 1505 1698 ι
1545 1647 1824 1704 Desiderio
1849 1650 1944 1706 de-

357 1733 592 1790 sideravi
619 1734 723 1791 hoc
751 1736 952 1806 pascha
982 1733 1320 1795 manducare
1354 1739 1632 1796 vobiscum
1652 1741 1719 1795 ⁸³.
1758 1757 1780 1792 ι

1013 1999 1170 2057 CAP.
1203 1999 1294 2056 IV.

358 2089 497 2148 XCI.
523 2089 686 2146 Vsus.
716 2092 769 2146 1.
810 2091 948 2147 Ecce
989 2092 1211 2159 pulchra
1238 2105 1314 2156 es,
1344 2091 1594 2162 proxima
1631 2107 1784 2146 mea:
1827 2107 1945 2145 ecce
1988 2079 1994 2086 ’

427 2182 650 2250 pulchra
674 2198 727 2236 es
745 2197 764 2236 :
791 2183 932 2237 oculi
954 2183 1034 2236 tui
1061 2181 1334 2249 columbae,
1355 2192 1504 2236 extra
1529 2183 1944 2236 taciturnitatem

432 2282 604 2327 tuam.

427 2363 640 2424 Laudat
657 2364 817 2435 hujus
840 2365 1300 2434 pulchritudinem
1324 2379 1556 2436 sponsus
1576 2363 1694 2434 ejus
1722 2364 1942 2422 dicens:

365 2473 390 2509 ι
423 2455 562 2512 Ecce
591 2456 814 2525 pulchra
840 2471 923 2522 es,
965 2475 984 2509 ι
1027 2473 1132 2510 non
1165 2456 1354 2523 semel,
1389 2457 1483 2512 sed
1510 2457 1673 2512 etiam
1711 2456 1940 2512 iterum:

361 2547 584 2618 pulchra
611 2547 756 2606 enim
789 2564 894 2603 non
936 2548 1109 2604 solum
1137 2549 1262 2616 lide,
1292 2551 1386 2605 sed
1425 2550 1587 2604 etiam
1623 2549 1754 2619 ipsis
1783 2547 1945 2618 justi-

361 2641 452 2697 tite
479 2641 806 2698 actionibus.
833 2640 967 2699 Illud
1002 2650 1208 2708 autem,
1251 2661 1271 2694 ι
1304 2641 1456 2698 Oculi
1486 2643 1563 2698 tui
1591 2642 1876 2707 columbis,
1916 2659 1937 2694 ι

360 2732 588 2790 laudant
603 2734 1007 2804 simplicitatem
1027 2745 1082 2792 et
1107 2736 1476 2792 innocentiam
1501 2736 1942 2792 intellectualium

364 2825 560 2882 animat
594 2827 902 2884 oculorum.
940 2827 1073 2883 illud
1113 2843 1264 2896 vero,
1305 2847 1325 2881 ι
1360 2828 1566 2885 Praeter
1598 2830 1945 2885 taciturnita—

363 2924 473 2972 tem
515 2926 686 2984 tuam,
733 2937 758 2973 ι
804 2917 966 2974 aliam
1003 2919 1458 2990 pulchritudinem
1498 2921 1704 2986 delinit,
1748 2922 1800 2977 id
1837 2931 1944 2987 est,

362 3008 820 3069 taciturnitatem.
874 3012 1032 3082 Saepe
1061 3011 1208 3068 enim
1253 3011 1404 3067 multi
1443 3014 1520 3084 pii
1569 3014 1814 3071 homines
1849 3029 1949 3071 ore

2047 549 2158 604 ἀπὸ
2183 550 2285 620 τῆς
2329 548 2601 602 Ἰουδαίων
2651 546 2954 611 ἀπειθείας,
2999 563 3018 600 ι
3043 549 3139 602 καὶ
3171 548 3312 603 ἴδετε
3342 551 3400 603 ὲν
3435 551 3515 624 τῷ
3549 553 3652 623 βα-

2051 641 2194 696 σιλεί
2222 641 2504 713 Σαλομὼν,
2526 660 2546 694 ι
2581 641 2722 714 ὅπερ
2750 641 2898 695 ἐστὶν
2930 642 2989 694 ὲν
3013 641 3092 713 τῷ
3119 644 3312 716 Κυρίῳ
3337 645 3498 716 ήμῶν
3540 648 3648 718 Ἰη-

2047 731 2142 786 σοῦ
2171 730 2414 804 Χριστῷ,
2451 750 2470 784 ι
2494 733 2553 786 ὲν
2583 731 2664 802 τῷ
2701 732 2952 802 στεφάνῳ
2986 725 3032 799 ᾧ
3077 733 3456 803 ἐστεφάνωσεν
3479 736 3648 790 αὐτὸν

2043 824 2079 896 ή
2103 824 2287 896 μήτηρ
2305 823 2494 888 αὐτοῦ,
2514 842 2532 875 ι
2560 824 2650 877 ὅτε
2668 824 2760 876 τὸν
2780 822 3071 877 ἀκάνθινον
3089 823 3354 894 στέφανον
3373 826 3647 898 ἐπέθηκεν

2044 914 2211 970 αὐτοῦ
2237 919 2303 987 τῇ
2333 915 2545 988 κεφαλῇ
2567 919 2599 986 ή
2623 914 2733 970 τῶν
2767 914 3038 969 Ἰουδαίων
3061 916 3381 989 Συναγωγή.
3409 918 3646 990 Μητέρα

2041 1003 2096 1056 δὲ
2131 1005 2234 1076 τῆς
2289 1006 2494 1078 σαρκὸς
2543 1004 2712 1059 αὐτοῦ
2754 1005 2961 1076 ταύτην
2987 1005 3163 1071 καλεῖ,
3195 1007 3384 1080 ἐπειδὴ
3410 1007 3472 1061 τὸ
3498 1007 3647 1062 κατά

2045 1095 2228 1168 σάρκα
2272 1097 2333 1162 ἐξ
2389 1095 2659 1152 Ἰουδαίων
2686 1097 2983 1153 ἀνέτειλεν.
3027 1097 3267 1170 Ἡμέραι
3311 1098 3370 1152 δὲ
3399 1099 3648 1170 νυμφεύ-

2045 1208 2185 1255 σεως
2217 1189 2382 1244 αὐτοῦ
2421 1191 2479 1244 αί
2521 1192 2672 1262 τρεῖς
2719 1191 2826 1244 εἱσι
2857 1188 2952 1244 τοῦ
2980 1189 3188 1255 πάθους
3210 1207 3226 1224 ο
3255 1189 3376 1245 τότε
3405 1191 3514 1264 γὰρ
3541 1194 3649 1265 τὴν

2044 1282 2209 1348 ἁγίαν
2259 1281 2464 1350 ταύτην
2518 1279 2846 1352 Ἐκκλησίαν
2898 1279 3282 1352 ἐνυμφεύσατο
3315 1279 3451 1353 (80).
3503 1283 3642 1337 Τότε

2043 1374 2140 1428 καὶ
2166 1372 2228 1426 τὸ
2271 1373 2328 1424 ὲν
2359 1372 2520 1442 Ὧτηὲ
2561 1371 2638 1443 τῷ
2683 1373 2941 1446 προφήτῃ
2987 1373 3224 1426 ἐτελεῖτο
3256 1372 3442 1446 ῥῆμαο
3485 1374 3645 1430 «Καὶ

2045 1465 2456 1537 μνηστεύσομαί
2501 1481 2560 1516 σε
2606 1464 2834 1535 ἐμαυτῷ
2875 1466 2934 1518 ὲν
2975 1463 3178 1530 πίστει,
3231 1466 3328 1518 καὶ
3357 1465 3640 1538 ὲπιγνώσῃ

2041 1557 2133 1611 τὸν
2172 1558 2396 1627 Κύριον.
2426 1575 2444 1608 ι
2482 1556 2556 1609 Τὸ
2584 1555 2661 1621 δὲ,
2697 1575 2716 1607 ι
2737 1553 2832 1610 καὶ
2860 1557 2918 1609 ὲν
2947 1553 3133 1627 ἡμέρᾳ
3161 1556 3467 1626 εὐφρασίας
3502 1573 3643 1628 καρ-

2041 1647 2162 1711 δίας
2187 1647 2409 1710 αὐτοῦ,ι
2452 1649 2511 1700 ὲν
2545 1646 2732 1720 ἐκείνῃ
2759 1649 2826 1718 τῇ
2857 1647 3041 1720 ἡμέρᾳ
3078 1645 3174 1700 τοῦ
3203 1645 3421 1718 Πάσχα,
3448 1648 3507 1700 ὲν
3609 1648 3642 1700 ὁ

2055 1738 2262 1808 Ἰησοῦς
2301 1738 2728 1825 εὐφραινόμενος
2779 1737 2914 1808 φησὶ
2953 1739 3066 1802 τοῖς
3098 1735 3295 1791 ἑαυτοῦ
3328 1737 3638 1808 μαθηταῖςο

1976 1824 2020 1880 Β
2050 1847 2068 1880 ι
2112 1829 2406 1902 Ἐπιθυμίᾳ
2434 1824 2757 1900 ἐπεθύμησα
2787 1827 2950 1882 τοῦτο
2979 1828 3042 1882 τὸ
3073 1830 3261 1900 πάσχα
3290 1830 3484 1900 φαγεῖν
3514 1825 3642 1900 μεθ’

2048 1921 2220 1992 ὑμῶν.
2253 1940 2273 1974 ι

2704 2013 2860 2067 ΚΕΦ.
2903 2014 2976 2068 Δ’.

2047 2106 2163 2175 ιιΛἍ
2213 2107 2306 2161 Στ.
2355 2113 2422 2162 α’.
2483 2105 2638 2163 Ἰδοὺ
2676 2108 2716 2176 ἠ
2751 2106 2864 2179 (81)
2907 2107 3065 2176 καλὴ
3096 2107 3136 2177 ἠ
3169 2107 3446 2176 πλησίον
3475 2123 3638 2178 μου·

2117 2200 2248 2254 ἰδοὺ
2276 2200 2316 2268 ἢ
2345 2199 2501 2268 καλή
2523 2213 2537 2228 ’
2569 2201 2867 2271 ὀφθαλμοί
2890 2216 3008 2255 σου
3054 2199 3421 2270 περιστεραί,
3463 2198 3646 2268 ἐκτὸς

2118 2291 2229 2359 τῆς
2253 2290 2610 2360 σιωπήσεώς
2637 2305 2775 2345 σου.

2129 2383 2374 2436 Ἐπαινεί
2397 2379 2602 2451 ταύτης
2637 2378 2700 2433 τὸ
2729 2378 2926 2443 κάλλος
2953 2379 2983 2434 ὁ
3013 2377 3220 2450 ταύτης
3251 2375 3506 2450 νυμφίος,
3535 2394 3643 2450 oux

2045 2474 2194 2541 ἅπαξ
2238 2473 2432 2537 εἰπὼν,
2478 2492 2495 2524 ι
2527 2473 2659 2527 Ἰδοὺ
2704 2474 2739 2544 ἡ
2794 2472 2956 2544 καλὴ,
2986 2491 3005 2524 ι
3044 2472 3180 2526 ἀλλά
3218 2473 3314 2526 καὶ
3360 2471 3638 2542 δεύτερον.

2046 2567 2202 2638 Καλὴ
2229 2567 2360 2638 γὰρ,
2391 2567 2451 2619 οὐ
2488 2565 2650 2636 μόνον
2677 2568 2744 2637 τῇ
2776 2565 2959 2618 πίστει
2989 2564 3126 2635 (82),
3154 2564 3290 2618 ἀλλὰ
3317 2565 3410 2618 κα).
3443 2564 3643 2628 αὐταῖς

2044 2661 2165 2721 ταῖς
2194 2656 2426 2730 πράξεσι
2445 2657 2543 2726 τῆς
2561 2656 2930 2727 δικαιοσύνης.
2949 2655 3024 2708 Τὸ
3043 2655 3122 2719 δὲ,
3165 2672 3185 2706 ι
3210 2653 3511 2725 Ὀφθαλμοί
3538 2669 3641 2708 σου

2047 2749 2429 2822 περιστεραὶ,ι
2481 2748 2542 2800 τὸ
2587 2747 2846 2817 ἀκέραιον
2871 2745 2986 2817 (85)
3033 2745 3128 2800 καὶ
3168 2745 3232 2798 τὸ
3274 2746 3482 2800 ἄκακον
3528 2744 3642 2797 τῶν

2047 2839 2248 2911 νοερῶν
2281 2839 2380 2911 τῆς
2422 2837 2601 2910 ψυχῆς
2649 2839 2914 2909 ὀμμάτων
2971 2838 3207 2892 ἐπαινεῖ.
3249 2856 3269 2888 ι
3301 2837 3491 2902 Ἐκτδς
3536 2838 3643 2908 τῆς

2049 2931 2372 3004 σιωπήσεώς
2402 2914 2518 2994 σου,
2544 2950 2562 2982 ι
2603 2931 2818 3003 ἑτέραν,
2842 2929 2943 3002 τήν
2973 2930 3207 3001 σιωπὴν,
3239 2913 3482 3001 ὁρίζεται
3507 2928 3644 2982 καλ-

2047 3024 2230 3095 λονήν.
2267 3024 2536 3088 Πολλάκις
2567 3023 2678 3095 (84)
2707 3023 2818 3095 γάρ
2852 3023 3037 3076 πολλοὶ
3063 3021 3174 3076 τῶν
3206 3021 3468 3086 εὐσεϐῶν,
3513 3019 3644 3074 στό-

363 3099 583 3182 quidem
620 3102 794 3168 taciti,
833 3105 931 3160 sed
968 3105 1132 3160 corde
1164 3104 1527 3162 vociferantes
1560 3106 1794 3162 orationi
1836 3121 1946 3163 sua:

2064 3132 2184 3185 ιατι
2215 3115 2548 3181 σιωπῶντες,
2585 3114 2818 3185 βοῶντες
2856 3113 2913 3167 δὲ
2944 3117 3012 3186 τῇ
3044 3107 3262 3186 καρδίᾳ,
3294 3112 3534 3185 ὑπήκοον
3558 3112 3643 3183 τῷ

364 3197 535 3259 Deum
579 3199 965 3256 obaudientem
1006 3202 1238 3270 faciunt,
1261 3201 1718 3271 quemadmodum
1749 3201 1945 3257 tacenti

2064 3183 2171 3278 Βεῷ
2222 3206 2501 3271 ποιοῦντες
2549 3183 2662 3278 (85)
2705 3205 2806 3278 τὴν
2860 3183 3047 3277 εὐχήν,
3105 3183 3182 3270 ὧς
3217 3183 3227 3186 ⁷
3261 3205 3338 3276 τῷ
3386 3183 3647 3276 μακαρίῳ

363 3292 525 3348 beato
546 3291 714 3364 Moysi
742 3293 946 3349 dictum
977 3291 1116 3348 fuit:
1152 3311 1172 3345 ι
1207 3291 1351 3360 Quid
1383 3293 1587 3348 clamas
1610 3294 1677 3347 ad
1703 3308 1789 3348 me
1806 3293 1889 3346 “‘t
1921 3313 1941 3347 ι

363 3393 420 3441 et
466 3382 610 3438 sicut
653 3383 812 3439 beata
849 3383 998 3440 inter
1025 3383 1283 3442 mulieres
1313 3384 1468 3438 Anna
1501 3383 1668 3439 tacite
1701 3399 1869 3440 orans
1895 3385 1945 3418 ⁸⁸

363 3484 623 3538 magnum
650 3470 958 3528 Samuelem
977 3473 1242 3529 orationis
1264 3487 1377 3529 sua;
1405 3473 1648 3529 fructum
1673 3474 1838 3544 cepit.

437 3561 598 3620 XCII.
643 3563 1088 3632 Capillamenmm
1122 3574 1272 3620 tuum
1323 3573 1382 3619 ut
1421 3581 1600 3636 greges
1644 3581 1948 3636 caprarum,

364 3669 484 3729 qua:
503 3649 850 3710 ascenderunt
879 3671 946 3712 cs
975 3654 1208 3712 σεῖσαι.

435 3749 834 3820 Capillamento
877 3749 1103 3821 mystica
1139 3748 1268 3811 ιω
1295 3747 1602 3820 Scriptura,
1643 3759 1706 3804 ut
1735 3749 1950 3820 opinor,

368 3840 636 3897 assimilat
658 3841 837 3912 populi
874 3841 1300 3908 multitudinem,
1331 3841 1485 3912 juxta
1513 3842 1830 3913 Apostolum
1870 3844 1956 3899 dii

365 3942 634 3991 centem:
679 3953 699 3987 ι
756 3932 949 3989 Mulier
1000 3934 1048 3989 si
1095 3948 1305 3988 comam
1367 3934 1590 4002 nutriat,
1649 3935 1817 4006 gloria
1872 3943 1957 3991 est

368 4026 450 4084 illi
476 4027 546 4082 ⁸⁸.
574 4045 595 4082 ι
635 4026 804 4083 Coma
836 4042 968 4084 vero
1004 4026 1265 4082 Ecclesiae
1293 4035 1375 4082 est
1401 4027 1691 4084 multitudo
1728 4027 1950 4098 populi:

369 4136 528 4179 coma
557 4122 700 4178 enim
725 4137 826 4194 pro
850 4121 1117 4179 velamine
1139 4121 1187 4176 ei
1225 4119 1348 4176 data
1375 4129 1480 4178 est.
1511 4122 1677 4178 Coma
1711 4123 1872 4193 igitur
1902 4130 1958 4176 et

369 4214 616 4270 velamen
661 4229 871 4285 sponsae
915 4214 1140 4279 Christi,
1179 4221 1264 4268 est
1307 4212 1596 4268 multitudo
1630 4214 1954 4284 p0pulorum

367 4305 522 4375 juxta
558 4310 877 4377 prophetam
909 4307 1180 4362 dicentem
1207 4308 1290 4362 ’τε
1337 4306 1655 4362 ι·οιηιιί1)ιιε
1685 4307 1771 4362 his
1800 4307 1953 4376 quasi

2050 3301 2259 3371 Μωῡσῇ
2294 3298 2570 3353 σιωπῶντι
2608 3297 2818 3370 ἐρρήθη
2839 3314 2854 3328 ο
2903 3317 2921 3348 ι
2943 3298 3008 3350 Τί
3045 3296 3175 3368 βοᾷς
3207 3297 3342 3368 πρός
3367 3313 3470 3368 με;
3499 3315 3518 3348 ι
3549 3294 3647 3349 καὶ

2051 3390 2128 3454 ὡς
2158 3391 2201 3464 ή
2231 3390 2480 3461 μακαρία
2529 3389 2589 3444 ὲν
2635 3389 2884 3458 γυναιξὶν
2925 3390 3094 3442 Ἀννα
3114 3388 3223 3459 (86)
3260 3388 3438 3460 σιωπῇ
3488 3387 3646 3458 εὐχο-

2057 3481 2194 3554 μένη
2228 3482 2438 3554 καρπὸν
2470 3483 2636 3552 εὐχῆς
2665 3479 2904 3535 λαϐοῦσα
2931 3481 3024 3535 τὸν
3057 3480 3232 3553 μέγαν
3259 3480 3534 3552 Σαμουήλ.

2129 3574 2244 3641 ιιΒν.
2291 3572 2556 3642 Τρίχωμά
2609 3589 2728 3625 σου
2775 3572 2858 3639 ὡς
2889 3571 3099 3641 ἀγέλαι
3132 3570 3249 3625 τῶν
3291 3569 3474 3640 αἰτῶν
3506 3567 3646 3641 (87),

2060 3663 2124 3717 αἳ
2148 3659 2670 3730 ἀπεκαλύφθησαν
2704 3661 2816 3734 (88)
2843 3661 2964 3716 ἀπὸ
2991 3661 3101 3715 τοῦ
3126 3660 3377 3715 Palatia

2131 3752 2450 3828 Τριχὼματι
2482 3755 2543 3808 τὸ
2574 3753 2780 3824 πλῆθος
2820 3753 2914 3807 τοῦ
2950 3752 3080 3807 λαοῦ
3124 3752 3444 3818 ἀπεικάζειν
3490 3747 3646 3822 οἶμαι

2059 3849 2161 3922 τὴν
2222 3847 2490 3919 μυστικὴν
2529 3847 2734 3917 ταύτην
2774 3845 3022 3917 Γραφὴν,
3079 3843 3221 3898 κατά
3275 3843 3369 3897 τὸν
3413 3843 3646 3912 λέγοντα

2073 3939 2422 3994 ’Λπόστολονο
2460 3960 2478 3991 ι
2506 3938 2646 4010 Γυνὴ
2673 3937 2766 3991 ὲάν
2795 3939 2962 4010 κομᾷ,
2993 3937 3118 4004 δόξα
3152 3937 3288 4008 αὐτῇ
3317 3935 3428 4008 (89)
3459 3939 3641 3990 ὲστιί

2060 4031 2205 4102 κόμη
2244 4028 2302 4084 δὲ
2337 4031 2406 4101 τῇ
2457 4027 2774 4100 Ἐκκλησία,
2818 4028 2880 4080 τὸ
2924 4027 3127 4099 πλῆθος
3163 4027 3258 4080 τοῦ
3297 4026 3452 4089 λαοῦ,
3497 4027 3581 4080 ὅτι
3609 4027 3646 4098 ή

2061 4123 2205 4192 κόμη
2235 4121 2357 4176 ἀντὶ
2387 4119 2734 4193 περιϐολαίου
2771 4119 3002 4173 δέδοται.
3028 4118 3139 4172 Καὶ
3168 4118 3313 4190 κόμη
3346 4117 3525 4171 τοίνυν
3548 4119 3642 4172 καὶ

2061 4213 2406 4286 περιϐόλαιον
2437 4214 2536 4284 τῆς
2571 4212 2666 4267 τοῦ
2697 4210 2939 4283 Χριστοῦ
2977 4211 3198 4282 νύμφης
3233 4213 3302 4266 τὰ
3325 4209 3506 4282 πλήθη
3534 4210 3648 4267 τῶν

2059 4306 2226 4374 λαῶν,
2259 4306 2400 4360 κατά
2427 4307 2518 4360 τὸν
2550 4306 2778 4376 λέγοντα
2807 4305 3114 4377 προφήτην·
3165 4324 3182 4355 ι
3204 4305 3422 4369 Πάντας
3448 4305 3648 4371 αὐτοὺς

372 4409 698 4456 ornamento
736 4399 1008 4468 vestieris,
1048 4409 1104 4454 et
1138 4399 1505 4456 circumdabis
1541 4399 1635 4454 tibi
1675 4414 1770 4455 eos
1813 4401 1946 4454 sicut

2064 4398 2269 4453 ὲνδύσει
2321 4397 2456 4468 (90),
2524 4397 2622 4451 καὶ
2684 4396 2968 4470 περιθήσει
3036 4396 3238 4458 αὐτοὺς
3311 4393 3388 4460 ὡς
3442 4394 3648 4466 κόσμον

440 4538 489 4571 ἰ
525 4535 706 4593 Galat.
741 4552 824 4598 ιιι.
855 4537 942 4591 15.

374 4609 464 4665 15.
544 4610 589 4641 ⁵⁷
620 4607 726 4663 lsa.
750 4623 899 4676 mx,
930 4607 1016 4662 18.

443 4733 557 4803 (80)
609 4734 1065 4804 Ἐνυμςρεύσατο
1118 4735 1363 4789 revocavi
1411 4750 1475 4791 ex
1523 4733 1655 4789 Vall.
1685 4745 1740 4790 et
1771 4735 1954 4800 Barb.,

372 4805 598 4872 exutiiso
623 4804 978 4874 ὲνυμφεύετο.
1007 4815 1065 4857 ιιι
1093 4805 1254 4860 habet.
1287 4821 1460 4860 meus.

448 4824 598 4872 plliSO
623 4824 712 4859 ενυ
766 4824 978 4874 φευετο.
1007 4824 1065 4857 ill.
1095 4824 1254 4860 Ιιςιυρι.
1287 4824 1460 4860 meus.

445 4875 558 4945 (81)
591 4824 887 4943 Utroiiique
916 4876 966 4928 in
1006 4877 1176 4930 sacris
1207 4875 1393 4931 Bibliis
1421 4877 1517 4931 Gr.
1544 4877 1773 4932 habetur
1803 4871 1872 4943 εί,
1905 4883 1960 4931 et

374 4947 454 5002 sic
484 4947 609 5014 legit
642 4955 793 5001 vetus
830 4946 1125 5016 interpres.

449 5017 562 5087 (8‘2)
598 5016 760 5072 Forte
806 5028 918 5071 vet.
978 5015 1205 5085 interpr.
1239 5016 1428 5071 habuit
1465 5019 1520 5074 in
1567 5033 1665 5072 suo
1687 5016 1809 5072 cod.
1835 5015 1959 5069 πιό-

373 5088 640 5160 τητιὶηιιί
677 5088 847 5160 vertit
882 5106 901 5138 ι
941 5087 1281 5160 pinguedine.
1325 5106 1346 5140 ι

449 5158 562 5230 (85)
615 5157 688 5230 Ita
717 5157 907 5230 Viallic.
942 5158 1196 5230 Meudose
1225 5172 1377 5212 meus
1409 5157 1657 5230 et_Barb.
1683 5157 1964 5230 ἀκαίρεον.

447 5227 564 5301 (84)
598 5229 861 5301 Pessime
893 5239 1000 5282 vet.
1051 5229 1319 5297 interpres
1350 5245 1366 5301 ι
1395 5245 1414 5278 ι
1453 5227 1791 5301 Frequenter
1819 5227 1964 5301 enim

375 5299 530 5354 multi
558 5299 770 5367 piorum
801 5314 899 5355 ore
935 5307 1195 5358 tacentes.
1235 5299 1398 5353 corde
1429 5299 1719 5352 obedieute
1756 5299 1964 5352 oratio-

377 5385 503 5434 nem
533 5369 672 5438 apud
707 5370 873 5424 Deum
910 5369 1208 5438 probantur
1237 5368 1532 5423 all‘undere.
1578 5386 1598 5419 ι
1633 5367 1749 5421 Non
1785 5369 1964 5422 reddit

375 5437 846 5510 ξοναιιιίβοῶντες,
894 5437 998 5510 Qua
1033 5441 1254 5505 omissa,
1300 5455 1408 5494 non
1439 5447 1618 5510 potest
1649 5438 1798 5493 reddi
1835 5452 1960 5494 vera

375 5507 618 5564 Philonis
648 5507 935 5565 sententia.

449 5580 563 5650 (85)
593 5579 776 5650 Vallia
803 5580 1102 5646 ποιοῦνται,
1134 5590 1188 5635 et
1223 5579 1300 5634 sic
1337 5579 1551 5636 videtur
1575 5578 1885 5650 legendum.

447 5648 551 5721 (86’
597 5648 782 5705 Vallic.
826 5669 930 5706 non
970 5653 1132 5708 habet
1173 5651 1363 5706 Ἄννα.

448 5655 561 5789 (87)
587 5719 822 5789 Reposui
853 5737 920 5777 ex
949 5724 1124 5780 sacris
1167 5723 1324 5780 libris

448 5719 822 5793 (87)_Reposui
853 5737 920 5777 ex
949 5724 1124 5780 sacris
1167 5723 1324 5780 libris
1367 5721 1562 5793 αἰγῶν,
1607 5721 1697 5779 ubi
1725 5736 1876 5781 meus
1903 5729 1958 5778 ct

373 5788 548 5850 Barb.’
563 5788 752 5857 ἁγίων.

1042 4535 1088 4570 ⁸⁸
1121 4535 1245 4592 Ose.
1277 4552 1338 4602 ιι,
1365 4535 1460 4590 ‘20.
1533 4537 1580 4568 ⁸⁸
1618 4533 1749 4592 Luc.
1794 4550 1929 4601 χχιι,

2131 4534 2177 4566 ⁵⁸
2208 4535 2379 4590 Exod.
2416 4549 2525 4598 xw,
2560 4533 2648 4588 15.
2725 4531 2774 4564 ⁸⁸
2815 4533 2830 4584 Ι
2862 4530 2998 4601 Reg.
3049 4545 3088 4596 t,
3120 4530 3204 4585 15.
3282 4529 3330 4560 ⁵⁸
3358 4526 3378 4581 l
3404 4529 3533 4584 Cor.
3565 4545 3647 4590 ιιι,

2137 4736 2248 4806 (88)
2307 4735 2473 4790 Vetus
2516 4735 2783 4804 interpres
2823 4731 3284 4806 videt_ur__iegisse
3335 4729 3650 4806 ἀπέϐησαν,

2066 4800 2186 4875 quae
2213 4800 2371 4861 lectio
2388 4808 2440 4859 iu
2469 4806 2630 4860 nullis
2648 4800 2926 4874 impressis
2949 4803 3134 4858 Bibliis
3151 4800 3394 4875 apparet.
3415 4800 3650 4875 Vulgata

2065 4873 2256 4931 Latina
2290 4887 2465 4931 tamen
2502 4876 2686 4942 habet,
2717 4873 2736 4926 ι
2769 4876 3149 4940 ascenderunt,
3175 4892 3194 4925 ι
3224 4873 3366 4942 quod
3409 4881 3492 4926 est
3539 4874 3648 4926 du:-

2066 4947 2294 5020 έϐησαν.
2327 4947 2460 5020 Cum
2521 4961 2650 5000 vero
2705 4946 2899 5000 iterum
2961 4943 3162 4999 referat
3223 4944 3386 5020 paulo
3424 4942 3648 5020 inferius

2067 5012 2254 5073 eadem
2309 5017 2504 5081 verba,
2561 5033 2664 5071 non
2727 5027 2907 5070 tamen
2958 5029 3079 5068 cum
3139 5012 3306 5068 verbo
3363 5012 3648 5067 ἀπεκαλύ-

2113 5089 2306 5159 οησαν,
2358 5091 2453 5141 sed
2509 5103 2632 5141 cum
2682 5086 2848 5159 verbo
2908 5084 3213 5159 ἀπέϐησαν·
3237 5084 3491 5159 “idcirco
3545 5083 3647 5136 ἀπ-

2113 5106 2306 5159 υησαν,
2358 5106 2453 5141 seu
2509 5106 2632 5141 (311111
2682 5106 2848 5140 νεγυο
2908 5106 3213 5156 απεοησαΨ
3289 5106 3491 5138 IUCII'CU
3545 5106 3646 5136 απ-

2071 5106 2280 5230 ῗϐησαν
2314 5159 2679 5230 reponendum
2739 5157 2828 5211 hic
2875 5165 3024 5230 puto,
3069 5153 3490 5230 undelibrarius
3525 5168 3646 5206 eam

2069 5224 2255 5283 vocem
2311 5224 2492 5298 eiecit,
2552 5237 2769 5282 secutus
2806 5229 3074 5298 vulgatam
3111 5225 3396 5298 lectionem
3432 5224 3637 5298 ἀπεκαο

2067 5293 2373 5371 λύφθησαν.
2437 5298 2619 5371 Εοηιιο
2652 5297 2853 5371 _magis
2908 5293 3276 5371 reponendum
3323 5293 3644 5371 ἀπέϐησαν,

2068 5365 2210 5438 quod
2234 5365 2358 5423 ἰοιει
2389 5365 2702 5436 explanatio
2740 5370 2950 5438 nitatur
2969 5382 3032 5420 ea
3068 5381 3200 5438 voce
3229 5365 3540 5436 ἀπέϐησαν.

2141 5440 2253 5507 (89)
2283 5439 2536 5493 Mendose
2562 5453 2714 5493 meus
2749 5448 2805 5493 et
2835 5436 3056 5492 Barher.
3092 5436 3254 5508 αὕτη.

2138 5511 2248 5581 (90)
2266 5509 2750 5581 ιεεειιάηὲνδύσῃ,
2768 5508 2868 5581 καὶ
2883 5507 3227 5581 περιθήσεις.
3243 5507 3440 5581 Locum
3465 5514 3640 5581 autem

2067 5575 2211 5636 hunc
2231 5575 2490 5635 sicliahes
2512 5580 2564 5633 in
2593 5575 2730 5634 Bibl".
2753 5579 2851 5634 Gr.
2870 5595 2884 5632 :
2903 5575 3108 5641 πάντας
3125 5578 3323 5641 αὐτοὺς
3344 5575 3418 5640 ὼς
3441 5575 3640 5645 κόσμον

2066 5651 2282 5724 ἐνδύσῃ.
2320 5650 2792 5724 εειιηνθι.-ἱιιιοιδρ.
2829 5665 2934 5704 non
2962 5649 3172 5706 videtur
3200 5647 3452 5704 habuisse
3474 5646 3528 5700 in
3543 5659 3638 5700 suc

2064 5725 2186 5782 cod.
2219 5720 2382 5780 verba
2406 5720 2516 5790 illa,
2546 5721 2622 5783 ὡς
2641 5721 2866 5791 κόσμον.
