3878 6270
413 321 479 378 9|
1513 313 1829 370 PHILONIS
1867 313 2175 372 EPISCOPI
2216 313 2537 372 CARPASII
3593 321 3672 380 92

485 431 606 488 Non
646 439 846 497 tacere,
901 429 993 486 sed
1029 429 1272 487 conﬁteri
1338 437 1552 498 Oportet
1597 444 1745 500 spem
1787 433 1987 486 salula~

2164 431 2238 484 Οὐ
2270 429 2574 484 σιωπᾶσθαι
2603 428 2700 493 δεῖ,
2731 427 2845 482 ἀλλ’
2869 428 3243 500 ὁμολογεῖσθαι
3274 429 3371 502 τὴν
3397 432 3672 504 σωτήριον

414 539 688 668 mitem.
722 613 884 667 Vens.
909 612 966 666 4.
1008 609 1157 665 Sicut
1191 610 1352 664 turris
1391 610 1562 664 Darid
1595 611 1784 665 collum
1815 622 1983 680 tuum,

413 721 530 776 qua:
557 705 818 773 aediﬁcata
847 713 920 756 est
954 704 1008 756 in
1037 699 1337 768 Thalpiolh.

488 771 697 852 Collum
738 795 854 861 ejus
913 793 1104 848 deﬁnit
1156 793 1449 848 humanum
1512 792 1674 850 Verbi
1711 771 1989 852 characte-

417 902 556 941 rem.
593 886 672 940 Ex
701 887 862 941 David
891 887 1032 940 enim
1063 895 1216 940 ortus
1262 893 1346 939 est
1376 885 1634 940 Dominus
1689 888 1984 943 secundum

417 993 656 1033 carnem.
723 979 1068 1033 Assimilatur
1108 993 1237 1033 vero
1274 980 1426 1034 turri.
1489 979 1678 1034 Turris
1717 983 1863 1034 enim
1907 981 1989 1034 in-

419 1079 554 1134 star,
585 1071 674 1139 qui
714 1071 780 1124 ad
809 1084 935 1125 eam
968 1069 1312 1141 confugiunt,
1355 1069 1586 1140 protegit
1616 1083 1647 1123 a
1695 1069 1847 1123 bet-lis
1873 1070 1988 1124 dia-

2099 522 2307 574 ἐλπίδα.

2167 615 2281 678 ιιΖκ
2322 613 2410 665 Στ.
2455 612 2516 666 δ.
2559 612 2651 677 Ὡς
2689 624 2914 681 πυργος
2931 611 3107 665 Δαϐὶὸ
3135 611 3428 682 τράχηλός
3459 628 3603 680 σου,
3635 616 3674 669 d

2093 703 2544 772 ᾠκοδομημένος
2569 705 2638 756 ἐν
2665 705 2738 774 (2)
2771 703 3059 757 Θαλπιώθ.

2173 793 2455 864 Τράχηλον
2489 793 2658 863 αὐτῆς
2697 794 2936 865 ὁρίζεται
2965 794 3055 848 τὸν
3085 794 3418 867 ἀνθρώπειον
3443 818 3536 854 του
3563 821 3674 855 Λυ-

2097 900 2193 952 γου
2233 886 2577 956 χαρακτῆρα,
2641 887 2734 939 Ἐκ
2773 885 2933 938 Δαϐὶδ
2976 887 3084 958 γὰρ
3129 890 3156 940 ό
3195 888 3396 959 Κύριος
3428 892 3488 944 τὸ
3527 895 3674 949 κατὰ

2098 975 2295 1046 σάρκα.
2343 976 2722 1040 ’Λπεικάζεται
2767 977 2823 1030 δὲ
2865 975 3090 1048 πύργῳο
3124 979 3310 1051 ἐπειδὴ
3345 981 3552 1051 πύργου
3589 984 3674 1036 δί-

2096 1084 2198 1136 κην
2238 1067 2364 1129 τοὺς
2392 1068 2484 1120 ὑπ’
2519 1068 2680 1120 αὑτὸν
2723 1070 3160 1137 καταφεύγοντας
3198 1072 3386 1124 σκέπει
3421 1075 3528 1127 ἀπὸ
3557 1076 3673 1129 τῶν

413 1163 542 1218 boli.
580 1163 645 1216 Et
684 1163 832 1230 iuxta
864 1162 1033 1215 David
1067 1181 1082 1218 :
1133 1181 1151 1213 ι
1188 1160 1378 1215 Turris
1433 1159 1764 1216 fortitudinis
1795 1176 1822 1214 a
1851 1160 1987 1217 faeie

2112 1156 2189 1208 τοῦ
2219 1156 2464 1209 διαϐόλου
2500 1157 2771 1226 πολέμων.
2807 1160 2913 1211 Καὶ
2946 1158 3086 1212 κατὰ
3109 1159 3199 1212 τὸν
3229 1161 3390 1214 Δαόίδ
3410 1178 3422 1188 ·
3468 1182 3484 1213 ι
3521 1164 3673 1233 Πυρ-

414 1251 618 1308 inimici
656 1251 721 1306 ⁸³.
750 1270 768 1304 ι
801 1280 870 1290 -
899 1270 917 1302 ι
954 1250 1082 1317 Quae
1111 1249 1376 1304 aediﬁcata
1420 1258 1504 1304 est
1542 1249 1594 1303 in
1626 1247 1934 1320 Thalpioth.
1960 1270 1980 1303 ›

2112 1263 2192 1315 ro;
2227 1246 2407 1316 ἰσχύος
2439 1248 2545 1301 ἀπὸ
2574 1248 2865 1320 προσώπου
2903 1249 3116 1320 ἐχθροῦ.
3153 1269 3171 1302 ›
3203 1251 3275 1303 Τὸ
3305 1251 3380 1315 δὲ,
3419 1273 3436 1304 ι
3473 1253 3676 1324 ᾠκοδο-

414 1343 700 1413 Tbalpioth
759 1343 1147 1412 interpretatur
1187 1340 1470 1398 excelsum.
1517 1341 1721 1397 Revera
1757 1345 1898 1397 enim
1935 1343 1987 1397 in

2112 1336 2345 1406 μημένος
2381 1340 2439 1390 ἐν
2483 1336 2774 1402 Θαλπιὼθ,
2824 1357 2844 1390 ι
2881 1339 3132 1392 Θαλπιὼθ
3182 1341 3257 1411 (5)
3307 1342 3673 1412 ἑρμηνεύεται

414 1435 631 1490 excelso
659 1435 831 1504 ipsum
868 1433 1114 1504 (collum)
1169 1432 1490 1488 aediﬁcatum
1537 1442 1641 1498 est,
1668 1432 1770 1488 hoc
1793 1443 1897 1500 est,
1933 1423 1986 1487 in

2112 1428 2369 1494 ὑψηλόν.
2431 1428 2518 1483 Ἐν
2573 1428 2760 1500 ὑψηλῴ
2822 1429 2930 1500 γὰρ
2970 1431 3137 1496 ὅντως
3189 1432 3532 1504 ᾠκοδόμηται
3572 1436 3676 1488 αὑ-

414 1524 590 1582 Verho
627 1525 742 1592 Dei,
774 1525 914 1596 quod
947 1533 1073 1579 ante
1099 1523 1316 1580 sacula.
1348 1542 1367 1576 ι
1399 1523 1630 1579 Verbum
1664 1543 1683 1577 ι
1717 1525 1882 1588 enim,
1913 1523 1987 1578 ait

2112 1517 2222 1621 τός’
2263 1517 2402 1591 ὅπερ
2447 1519 2613 1574 ἐστὶν.
2668 1521 2726 1573 tv
2775 1520 2853 1591 τῷ
2891 1519 2985 1573 τοῦ
3029 1521 3164 1575 Θεοῦ
3215 1523 3374 1594 Λόγῳ
3419 1524 3498 1594 τῷ
3563 1526 3676 1596 πρὸ

414 1617 694 1687 Scriptura
720 1617 785 1682 “,
821 1636 840 1668 ι
872 1632 999 1671 caro
1032 1616 1234 1672 factum
1281 1621 1385 1679 est,
1410 1626 1466 1669 et
1517 1615 1781 1669 habitavit
1807 1616 1858 1670 in
1889 1629 1987 1670 no-

2112 1609 2324 1683 ιίὼνων.
2359 1629 2378 1660 ι
2435 1611 2494 1664 '0
2527 1611 2698 1679 Λόγος
2737 1630 2756 1663 ι
2801 1613 2930 1684 γὰρ,
2965 1613 3119 1684 φησὶ,
3170 1630 3189 1664 ι
3247 1614 3383 1686 σὰρξ
3431 1616 3670 1683 ἐγένετο,

413 1707 537 1773 bis;
571 1726 588 1759 ι
621 1715 714 1762 et:
757 1726 777 1759 ι
815 1706 1088 1776 Sapientia
1123 1706 1420 1762 aediﬁcavit
1464 1705 1566 1760 sibi
1617 1705 1836 1761 domum
1861 1707 1928 1761 “.
1963 1724 1984 1759 ›

2112 1699 2187 1752 ea).
2213 1698 2519 1772 ἐσκήνωσεν
2542 1703 2599 1755 tv
2633 1704 2792 1773 ἡμῖν·
2832 1723 2850 1756 ι
2880 1705 2990 1771 καὶ,
3032 1723 3051 1756 ι
3112 1705 3177 1757 Ἢ
3208 1705 3368 1775 σοφία
3390 1708 3673 1779 ᾠκοδόμη-

415 1797 542 1854 llzec
563 1799 754 1854 domus
786 1799 838 1852 in
866 1798 1080 1854 excelso
1108 1798 1369 1854 aediﬁcata
1405 1807 1488 1854 est
1517 1799 1568 1854 in
1603 1797 1760 1864 Filio.
1795 1813 1987 1854 secun-

2112 1807 2188 1845 τεν
2219 1793 2384 1864 ἑαυτῇ
2423 1789 2593 1848 οἷκον.
2631 1813 2649 1848 ι
2687 1790 2853 1858 Οὗτος
2895 1797 2924 1848 ὁ
2968 1793 3112 1860 οἶκος
3143 1799 3202 1850 tv
3238 1799 3426 1872 ὑψηλῷ
3465 1799 3672 1871 ᾠκοδο-

415 1886 544 1940 dum
573 1902 694 1941 eum
721 1888 812 1957 qui
853 1887 1017 1942 dicit:
1059 1906 1078 1939 ι
1131 1887 1233 1954 Qui
1281 1887 1333 1942 in
1366 1887 1492 1943 altis
1529 1889 1758 1954 habitat,
1787 1897 1844 1944 et
1889 1889 1994 1944 hu-

414 1976 562 2032 milia
595 1979 818 2047 respicit
849 1979 914 2033 “.
953 1997 973 2032 ι
1005 1979 1124 2034 Vin'
1153 1990 1207 2034 tu
1257 1994 1472 2035 omnem
1505 1995 1833 2050 cognoscere
1873 1980 1995 2035 alti-

415 2069 694 2123 tudinem?
723 2069 918 2139 Aspice
962 2085 1068 2124 non
1101 2071 1275 2126 solum
1312 2070 1364 2125 in
1396 2071 1489 2125 Dei
1520 2072 1779 2140 genitrice
1818 2071 1991 2126 Maria

413 2159 700 2214 editicium
744 2161 864 2216 Filii
893 2162 1150 2228 hominis,
1183 2161 1278 2216 sed
1311 2161 1438 2216 illud
1473 2162 1636 2216 etiam
1684 2161 1828 2232 quod
1852 2161 1992 2217 ultra

414 2254 586 2308 caelos
614 2264 732 2320 est;
765 2263 818 2308 et
842 2254 1020 2309 throni
1051 2254 1105 2308 in
1149 2253 1371 2308 dextera
1409 2253 1565 2322 positi
1606 2269 1728 2307 cum
1775 2262 1993 2323 stupore

417 2346 692 2400 demirare
736 2345 1100 2412 altitudinem,
1133 2359 1253 2414 qua:
1275 2345 1471 2398 dicitur
1502 2343 1814 2413 Thalpioth.

485 2433 714 2490 XCVIII.
742 2434 802 2490 Π
806 2436 894 2490 ille
920 2437 1085 2506 εἰς]ρεὶ
1109 2438 1332 2506 pendent
1359 2453 1518 2504 super
1541 2453 1678 2491 eam.

484 2529 686 2585 Omnes
739 2529 994 2583 nimirum
1047 2527 1137 2596 qui
1193 2542 1224 2583 e
1266 2527 1481 2581 Christo
1537 2526 1798 2596 originem
1830 2540 1982 2581 suam

422 2621 666 2686 trahunt,
706 2628 847 2676 etes
905 2619 1101 2690 quibus
1155 2618 1271 2688 ipse
1325 2616 1472 2670 ducit
1519 2616 1804 2687 originem.
1854 2615 1990 2670 Cum

415 2727 546 2768 vero
577 2713 768 2768 audias
795 2710 960 2774 mille,
989 2724 1056 2765 ne
1085 2723 1369 2764 numerum
1397 2716 1604 2762 tantum
1630 2707 1858 2774 conites,
1893 2707 1990 2765 sed

415 2812 474 2858 et
503 2803 712 2858 numeri
738 2801 1146 2872 perfectionem.

489 2891 675 2948 XCIX.
719 2892 912 2947 Omnia
929 2891 1113 2961 jacula
1147 2892 1463 2960 potentium.

485 2980 696 3049 Jacula,
734 2991 794 3038 ut
819 2985 1076 3051 arbitror,
1125 2983 1314 3038 deﬁnit
1360 2997 1481 3038 esse
1527 2997 1694 3054 opera
1719 2979 1987 3049 iustiﬁca—

415 3075 646 3138 tionum,
670 3075 865 3144 quibus
892 3077 1175 3133 confossus
1196 3075 1448 3131 inimicus
1477 3074 1863 3146 prosternitur.

484 3186 548 3242 C.
580 3186 749 3243 Vsus.
780 3186 834 3242 5.
875 3185 994 3241 Duo
1042 3188 1204 3242 ubera
1243 3195 1336 3242 tua
1382 3202 1539 3242 super
1572 3186 1769 3251 vinum,
1794 3194 1852 3239 ut
1883 3186 1988 3238 duo

408 3276 621 3332 hinnuli
645 3277 854 3348 gemelli
882 3295 1108 3345 caprea.

486 3367 601 3422 Duo
624 3368 809 3433 ubera,
837 3378 897 3422 ut
921 3383 1084 3438 supra
1115 3368 1320 3424 dictum
1348 3377 1455 3434 est,
1483 3379 1609 3424 sunt
1646 3368 1752 3423 duo
1797 3366 1992 3423 Testa-

414 3465 620 3513 menta.
645 3457 717 3513 Ut
761 3457 896 3512 duos
947 3457 1199 3514 hinnulos
1245 3473 1454 3528 caprea:
1484 3459 1614 3514 dicit
1657 3460 1832 3528 (quod
1876 3459 1994 3513 ani-

415 3547 523 3604 mal
564 3548 936 3603 acutissimum
972 3549 1189 3619 cernit),
1248 3550 1328 3604 sic
1380 3549 1472 3619 qui
1524 3566 1585 3606 se
1625 3550 1676 3605 in
1725 3551 1989 3620 spirituali

421 3639 648 3693 duorum
681 3637 1152 3696 Testamentorum
1179 3641 1530 3696 meditatione
1548 3652 1825 3707 exercent,
1845 3645 1989 3700 acuti

415 3742 545 3787 sunt
572 3732 637 3786 ad
672 3732 1099 3802 intelligentiam.
1127 3731 1350 3788 Gemelli
1378 3747 1505 3788 vero
1536 3733 1744 3788 hinnuli
1771 3750 1981 3804 capreae

413 3823 690 3888 dicuntur,
749 3836 1032 3894 propterea
1101 3825 1244 3896 quod
1300 3825 1587 3894 dupliciter
1654 3827 1990 3895 aspiciuntur

416 3915 811 3970 sententiarum
838 3917 1076 3986 mysticae
1105 3917 1515 3983 euarratioues;
1565 3931 1684 3985 quae
1713 3925 1765 3970 et
1794 3932 1989 3971 secun-

417 4006 544 4061 dum
583 4007 842 4076 litteram,
878 4025 1034 4064 suam
1063 4013 1264 4068 habent
1313 4012 1618 4075 utilitatem,
1649 4019 1703 4064 et
1731 4009 1989 4078 spiritua-

417 4092 543 4149 liter
569 4097 738 4152 sacris
772 4099 1013 4154 initiatos
1038 4100 1335 4156 lmtilicaut.

485 4211 570 4266 Cl.
613 4211 716 4278 Qui
741 4225 958 4282 pascunt
1003 4217 1139 4270 inter
1181 4216 1298 4270 lilia
1342 4218 1503 4271 donec
1548 4219 1744 4287 aspiret
1791 4219 1900 4274 dies
1941 4231 1989 4274 et

413 4315 724 4357 "teneantur
752 4307 966 4361 umbrat.

489 4392 648 4448 Tales
672 4395 814 4448 enim
853 4394 1098 4465 (initiati)
1154 4410 1446 4466 pascuntur
1493 4399 1638 4453 velut
1663 4399 1802 4453 inter
1845 4399 1980 4467 lilia,

418 4484 474 4539 in
516 4484 712 4540 divinis
763 4485 1013 4556 eloquiis,
1077 4488 1249 4542 donec
1299 4491 1503 4558 aspiret
1567 4493 1987 4550 resurrectionis

415 4574 554 4639 dies,
587 4583 641 4629 et
666 4588 983 4633 moveantur
1013 4579 1221 4634 umbrae
1253 4579 1412 4650 hujus
1441 4581 1586 4667 vitae.

487 4750 594 4805 Cll.
638 4717 804 4807 'Vs'ns.
841 4753 894 4808 6.
944 4752 1041 4810 Ibo
1073 4755 1203 4810 mihi
1231 4759 1300 4810 ad
1325 4770 1551 4816 montem
1581 4739 1809 4833 myrrha:
1837 4773 1883 4817 et
1915 4764 1985 4816 ad

416 4841 603 4896 collem
642 4842 849 4899 Libani.

2099 1885 2244 1956 μήθη
2285 1887 2343 1938 tv
2382 1886 2460 1956 τῷ
2492 1886 2606 1958 Υῐῷ
2628 1927 2642 1951 ,
2674 1887 2816 1942 κατὰ
2845 1889 2935 1942 τὸν
2968 1889 3225 1955 λέγονταο
3267 1911 3286 1942 ι
3333 1891 3391 1944 Ὀ
3427 1893 3484 1944 tv
3527 1891 3671 1964 ὑψη-

2094 1975 2206 2039 λοῖς
2260 1977 2562 2042 κατοικῶν,
2608 1977 2702 2031 καὶ
2748 1979 2977 2033 ταπεινὰ
3017 1980 3249 2052 ἐφορῶν.
3307 2000 3326 2032 ι
3377 1981 3561 2046 Θέλεις
3610 1983 3672 2036 δὲ

2094 2068 2293 2137 γνῶναι
2326 2069 2388 2121 τὸ
2419 2068 2552 2140 ὕψος
2589 2070 2745 2135 ὃλον;
2778 2071 2883 2124 Ἴδε
2921 2071 2982 2125 οὐ
3019 2071 3186 2142 μόνην
3215 2074 3272 2125 tv
3309 2075 3375 2144 τῇ
3417 2073 3671 2146 Θεοτόκῳ

2093 2157 2281 2227 Μαρίᾳ
2313 2158 2601 2231 οἰκοδομὴν
2648 2159 2743 2213 τοῦ
2775 2159 2906 2214 Υἰοῦ
2944 2161 3037 2214 τοῦ
3066 2160 3372 2233 ἀνθρώπου,
3400 2164 3538 2216 ἀλλὰ
3574 2166 3672 2218 καὶ

2093 2249 2192 2317 τὴν
2225 2248 2480 2303 ἐπέκεινα
2503 2249 2614 2303 τῶν
2654 2251 2920 2322 οὐρανῶν,
2956 2253 3049 2305 καὶ
3083 2253 3175 2306 τὸν
3209 2255 3267 2308 tv
3301 2253 3449 2325 δεξιᾷ
3479 2254 3672 2326 θρόνον

2093 2339 2472 2412 καταπλάγηθι
2504 2342 2566 2395 τὸ
2605 2342 2739 2412 ὕψος
2761 2344 2859 2414 (4),
2891 2345 3026 2415 ὅπερ
3050 2345 3267 2413 λέγεται
3298 2345 3576 2400 Θαλπιώθ.

2159 2431 2280 2497 ῌΡ.
2308 2432 2499 2486 Χίλιοι
2523 2434 2719 2500 θυρεοὶ
2757 2436 3075 2503 κρέμανται
3097 2435 3190 2488 ἐπ’
3217 2437 3404 2490 αὐτόν

2164 2521 2372 2586 Πάντες
2409 2523 2458 2576 οἱ
2485 2523 2543 2588 ἐξ
2571 2523 2736 2576 αὑτοῦ
2776 2525 3253 2598 γενεαλογούμενοι
3279 2527 3422 2597 ἆγιοι
3441 2569 3456 2594 ,
3489 2528 3582 2581 καὶ
3607 2528 3669 2595 ἐξ

2093 2599 2167 2660 ὧν
2210 2608 2371 2672 αὐτὸς
2408 2610 2831 2680 γενεαλογεϊται.
2873 2613 3092 2679 Χιλίους
3135 2615 3189 2668 δὲ
3231 2617 3360 2670 ὅταν
3401 2615 3666 2689 ἀκούσῃς,

2095 2699 2170 2773 μὴ
2201 2701 2290 2755 τὸν
2324 2701 2555 2772 ἀριθμὸν
2587 2703 2695 2756 νόει
2731 2703 2924 2776 μόνον,
2957 2705 3092 2760 ἀλλὰ
3125 2707 3218 2760 καὶ
3249 2706 3347 2779 τὴν
3410 2707 3502 2761 τοῦ
3537 2709 3665 2781 ἀρι-

2092 2789 2229 2862 θμοῦ
2254 2791 2584 2863 τελειότητα.

2163 2881 2276 2950 ιτθκ
2306 2883 2503 2939 Πᾶσαι
2525 2884 2775 2952 βολίδες
2806 2885 2922 2940 τῶν
2943 2885 3236 2943 δυνατῶν.

2161 2973 2403 3040 Βολίδας,
2429 2971 2600 3046 οἶμαι,
2626 2977 2723 3041 τὰς
2752 2977 2977 3049 πράξεις
3003 2979 3109 3032 τῶν
3142 2979 3524 3051 δικαιωματων
3547 2984 3668 3056 ὀρί-

2092 3063 2264 3130 ζεται,
2291 3065 2359 3118 δι’
2383 3059 2458 3121 ὧν
2481 3069 2976 3140 κατατοξευόμενος
3001 3071 3029 3123 ὁ
3055 3069 3245 3142 ἐχθρὸς
3272 3070 3558 3141 βολίζεται.

2165 3179 2246 3233 P'.
2281 3180 2371 3232 Στ.
2403 3187 2465 3236 ε’.
2496 3181 2612 3236 Δύο
2643 3182 2869 3252 μασι-οἰ
2895 3198 3012 3239 σου
3030 3183 3182 3254 ὑπὲρ
3215 3180 3404 3253 οἶνον,
3431 3187 3512 3254 ὡς
3554 3187 3669 3243 δύο

2092 3270 2286 3337 νεϐροὶ
2311 3269 2543 3341 δίδυμοι
2565 3270 2874 3341 δορκάδος.

2174 3359 2262 3425 Ὠς
2292 3364 2630 3435 προείρηται,
2664 3366 2860 3436 μαστοὶ
2889 3365 3002 3430 δύο,
3034 3367 3091 3421 αἱ
3133 3365 3226 3422 δόο
3249 3369 3534 3438 Διαθῆκαι.
3579 3370 3670 3435 Ὠς

2091 3452 2186 3506 δύο
2229 3454 2451 3526 νεϐροὺς
2478 3455 2729 3527 διδύμους
2780 3457 3036 3530 δορκάδος
3078 3458 3222 3529 λέγει
3258 3461 3338 3531 (τὸ
3377 3461 3512 3526 ζῶον
3541 3461 3671 3527 ὀξυ-

2091 3542 2322 3615 δερκές),
2356 3543 2496 3598 οὕτω
2533 3544 2628 3599 καὶ
2661 3547 2709 3599 οἱ
2741 3545 2839 3619 τὴν
2869 3548 3239 3620 πνευματικὴν
3270 3549 3379 3604 τῶν
3409 3550 3500 3604 δύο
3534 3553 3669 3606 Δια-

2094 3634 2277 3707 θηκῶν
2333 3635 2563 3708 μελέτην
2625 3638 3025 3710 ὲξασκήσαντες
3087 3641 3395 3714 ὀξυδερκεῖς
3456 3645 3534 3708 εἰς
3596 3642 3670 3698 τὰ

2091 3727 2338 3798 νοήματα
2387 3729 2736 3798 τυγχάνουσι.
2800 3731 3022 3802 Δίδυμοι
3072 3732 3131 3786 δὲ
3185 3734 3366 3805 νεϐροὶ
3415 3733 3666 3803 λέγονται

2091 3818 2372 3890 δορκάδος,
2399 3820 2587 3874 καθότι
2623 3820 2858 3892 διδύμως
2885 3823 3221 3896 καθορῶνται
3244 3824 3350 3878 τῶν
3379 3825 3667 3897 νοημάτων

2091 3913 2146 3964 αἱ
2171 3911 2428 3981 μυστικαὶ
2447 3911 2745 3982 διηγήσεις,
2773 3913 2866 3967 καὶ
2892 3914 3034 3969 κατὰ
3057 3917 3291 3987 γράμμα
3320 3917 3537 3987 ἔχουσαι
3564 3917 3667 3988 τὴν

2091 4000 2394 4069 ὠφέλειαν,
2424 4003 2518 4056 καὶ
2567 4005 2948 4074 πνευματικῶς
2992 4005 3378 4076 εὐφραίνουσαι
3412 4007 3488 4077 (5)
3536 4007 3676 4072 τοὺς

2095 4112 2165 4166 μυ
2175 4112 2304 4158 στας

2160 4209 2283 4262 PA'.
2313 4212 2377 4262 Οι
2393 4226 2703 4278 reponeret
2730 4211 2800 4263 ἐν
2824 4211 3066 4279 κρίνοις,
3090 4210 3200 4277 ἕως
3226 4207 3298 4268 οὗ
3327 4212 3664 4284 διαπνεύσῃ

2093 4300 2130 4366 ὴ
2160 4299 2370 4367 ἡμέρα,
2401 4301 2497 4353 καὶ
2525 4299 2852 4366 κινηθῶσιν
2883 4304 2943 4353 al
2986 4302 3174 4357 σκιαί.

2162 4388 2437 4460 Νέμονται
2478 4389 2586 4459 γὰρ
2618 4391 2666 4442 οἱ
2696 4389 2925 4442 τοιοῦτοι
2955 4389 3204 4460 καθάπερ
3233 4390 3291 4441 tv
3317 4389 3522 4461 κρίνοις
3551 4394 3668 4456 τοῖς

2093 4479 2187 4533 τοῦ
2240 4479 2376 4533 Θεοῦ
2416 4479 2726 4551 ἀνθρώποις
2766 4480 2866 4551 (6),
2906 4481 3010 4544 ἕως
3052 4475 3113 4534 οὗ
3159 4480 3452 4553 διαπνεύσῃ
3500 4483 3532 4552 ἡ
3565 4484 3667 4554 τῆς

2093 4569 2442 4634 ἀναστάσεως
2473 4569 2677 4643 ἡμέρα,
2709 4573 2804 4625 καὶ
2832 4573 3122 4644 κινηθῶσιν
3157 4573 3211 4626 αἱ
3242 4575 3388 4626 σκιαὶ
3418 4573 3509 4626 τοῦ
3545 4575 3664 4644 βίου

2091 4663 2300 4716 τούτου.

2163 4757 2283 4810 PB'.
2319 4757 2409 4809 Στ.
2441 4762 2515 4821 ς’.
2557 4757 2931 4824 Πορεύσομαι
2967 4756 3201 4825 ἐμαυτῷ
3228 4757 3375 4826 πρὸς
3414 4770 3478 4808 το
3527 4776 3670 4825 ιιι)ος

2091 4846 2203 4914 τῆς
2248 4847 2553 4917 σμύρνης,
2596 4846 2696 4900 καὶ
2735 4846 2884 4915 πρὸς
2913 4847 3021 4902 τὸν
3055 4847 3290 4913 βουνὸν
3329 4847 3435 4901 τοῦ
3493 4850 3672 4902 Λιϐά-

2091 4953 2201 4991 νου
2237 4938 2333 5008 (τ).

485 5069 530 5100 ⁸³
565 5067 708 5121 Psal.
741 5083 832 5132 ις,
855 5066 909 5123 ιι.
956 5067 1002 5098 ⁸⁸
1025 5067 1181 5123 Joan.
1208 5085 1248 5134 ι,
1279 5070 1366 5124 Η.
1442 5071 1487 5103 ⁸⁸
1513 5070 1670 5126 Prov.
1711 5089 1786 5139 ιχ,
1825 5073 1876 5127 1.
1954 5075 1987 5106 ⁶⁴

2112 5074 2189 5128 .al.
2230 5075 2433 5141 cxu,5,
2468 5074 2519 5128 6.

487 5230 565 5300 (9)
595 5230 686 5284 Sic
715 5229 961 5297 Complut
1014 5229 1189 5285 Εωιῗο
1218 5230 1390 5286 Vatic.
1421 5232 1580 5286 habet
1606 5235 1704 5298 εἰς.

484 5303 562 5376 (5)
587 5302 660 5376 Ita
688 5302 804 5376 eod.
841 5301 1028 5376 Mittin.
1070 5302 1260 5356 (ἐπιοτί
1287 5301 1347 5354 τὸ
1384 5302 1440 5354 δὲ
1475 5303 1896 5376 ᾠκοδομημένος
1931 5305 1989 5358 tv

411 5369 664 5425 Θαλπιὼθ
698 5369 1073 5440 ἑρμηνεύεται.

2093 5237 2255 5306 γίοιςο
2290 5244 2343 5289 et
2377 5235 2480 5289 tale
2535 5236 2785 5304 quiddam
2838 5236 3092 5291 habuisse
3136 5239 3348 5292 videtur
3386 5240 3438 5292 in
3473 5239 3665 5292 Gm‘co

2091 5324 2188 5362 suo
2231 5307 2414 5370 codice
2461 5317 2613 5360 vetus
2649 5307 2946 5376 interpres;
2991 5309 3081 5376 qui
3118 5319 3290 5362 tamen
3327 5309 3378 5363 in
3415 5310 3516 5362 hoc
3543 5311 3664 5363 loco

2091 5378 2332 5445 sequitur
2367 5377 2447 5446 (ut
2476 5391 2620 5446 saepe
2667 5379 2918 5448 deinceps
2960 5378 3110 5450 facit)
3164 5379 3508 5443 sententiam,
3552 5396 3661 5433 non

485 5443 560 5512 (Α)
584 5438 777 5511 Legth
801 5438 894 5495 καὶ
929 5440 1022 5494 τοῦ
1045 5441 1101 5496 tv
1132 5438 1278 5510 δεξιᾷ
1303 5439 1493 5514 θρόνου
1525 5443 1904 5516 καταπλάγηθι
1926 5444 1987 5497 τὸ

2112 5438 2247 5501 verba
2258 5485 2272 5499 .

412 5510 566 5655 ῗψῗὲί
605 5580 787 5655 _Ba_rb.
859 5582 1258 5655 εὐφραίνονται.
1336 5582 1522 5638 Vallic.
1599 5584 1982 5655 εὐφραίνουσα.

414 5649 701 5722 Emendavi
735 5649 1138 5722 εὐφραίνουσαι.
1613 5701 1631 5717 .

489 5720 566 5791 (6)
632 5720 744 5775 Non
810 5720 984 5793 potest
1054 5723 1181 5778 ferri
1247 5723 1361 5779 haec
1426 5723 1604 5780 lectio.
1674 5724 1818 5797 Lego
1885 5725 1976 5780 λο-

2165 5519 2240 5586 (7)
2270 5514 2419 5588 Verti
2453 5524 2510 5569 ut
2541 5527 2646 5572 vel.
2683 5519 2968 5588 interpres.
3004 5537 3022 5568 ι
3070 5518 3133 5571 ad
3164 5517 3353 5572 collem
3387 5519 3592 5578 Libani.
3635 5539 3653 5571 ι

2092 5589 2156 5642 atl
2189 5589 2353 5656 ipsius
2382 5586 2624 5642 Philonis
2650 5586 2914 5649 mentem;
2949 5589 3036 5655 qui
3085 5590 3134 5640 in
3167 5590 3523 5657 explicatione
3555 5590 3656 5642 lm-

2084 5658 2174 5727 jus
2202 5673 2408 5730 ver_sus,
2439 5673 2542 5712 non
2574 5657 3032 5730 accipituALdeoo
3061 5673 3158 5728 pro
3210 5676 3229 5709 ι
3275 5661 3451 5724 thure,
3488 5678 3506 5712 ι
3560 5660 3656 5713 scd

2085 5724 2184 5800 pro
2225 5747 2244 5781 ι
2282 5725 2502 5783 Libano.
2539 5746 2558 5780 ι
2689 5724 2704 5730 ’

3686 2797 3760 2838 ιι
