3862 6270
181 323 285 380 505

1093 315 1490 375 ENARRATIO
1528 317 1595 374 IN
1631 315 1982 374 CANTICUM
2020 316 2494 376 CANTICORUM.

3305 317 3406 374 l06

177 437 245 491 τὰ
273 434 368 486 ἐπὶ
401 433 503 504 τῆς
555 432 677 501 γῆς.
719 445 739 481 ι
798 429 1221 501 Ἐτραυμάτισεν
1267 428 1436 499 αὐτὴν
1492 428 1738 497 Ἰωάννης

1851 438 2038 484 terram
2072 429 2138 481 δ’.
2169 448 2189 482 ι
2242 431 2554 486 Vulneravit
2597 445 2717 486 eam
2754 431 2987 490 Joannes
3021 435 3209 492 dicens
3241 454 3257 491 :
3297 457 3315 489 ι
3343 437 3405 496 Si

174 527 384 595 λέγων·
428 542 448 575 ι
495 523 560 576 Εί
602 521 765 585 αὐτὸς
804 522 904 594 τὴν
940 521 1118 592 ψυχὴν
1166 520 1332 576 αὑτοῦ
1363 520 1557 591 έθηκεν
1602 519 1742 591 ὑπὲρ

171 617 350 690 ἡμῶν,
397 615 492 668 καὶ
539 615 700 685 ἡμεῖς
749 612 1034 684 ὀφείλομεν
1077 613 1175 678 τὰς
1219 613 1398 683 ψυχὰς
1444 613 1583 684 ὑπὲρ
1636 613 1742 666 τῶν

175 709 422 779 ἀδελφῶν
460 708 652 762 θεῖναι.
703 725 723 760 ι
774 706 884 760 Καί
924 706 1027 759 πού
1075 725 1158 770 τις
1204 708 1490 779 προφήτης
1527 707 1586 760 ὲν
1625 708 1742 771 ταῖς

175 801 484 863 Βασιλείαις
498 799 576 870 τῷ
600 798 970 869 παρεστηκότι
993 798 1142 866 λέγει
1161 813 1180 828 δ
1205 816 1224 849 ι
1269 799 1356 850 Ἐν
1377 798 1518 868 λόγῳ
1537 798 1742 870 Κυρίου

173 892 412 956 πάταξον
448 907 535 960 με.
569 909 590 943 ι
633 889 691 944 '0
725 889 783 943 δὲ
818 890 918 943 οὐκ
956 888 1210 959 ἠθέλησε’
1243 889 1337 942 καὶ
1366 884 1520 942 εἶπεν
1555 887 1731 958 αὐτῷ·

177 1003 196 1036 ι
238 983 376 1036 Ἀνθ’
403 977 480 1036 ὧν
500 983 600 1035 οὐκ
622 981 733 1052 (64)
759 982 1014 1052 ἦκουσας,
1041 981 1380 1046 ἐξελεύσεται
1405 981 1542 1034 λέων
1562 981 1626 1033 ὲκ
1647 980 1740 1034 τοῦ

172 1075 402 1149 δρυμοῦ,
433 1075 530 1129 καὶ
567 1074 944 1144 καταφάγεταί
991 1091 1071 1127 σε.
1107 1092 1126 1126 ι
1182 1073 1398 1144 Ἐπειδὴ
1439 1072 1548 1146 γὰρ
1581 1089 1744 1126 πνευ-

175 1168 406 1241 ματικὸν
459 1162 528 1240 ἦν
563 1166 625 1219 τὸ
665 1165 1108 1238 προτυπούμενον
1155 1165 1454 1236 πάταγμα,
1499 1165 1560 1218 ού
1601 1164 1739 1236 πρὸς

168 1261 451 1331 ἀναίρεσιν
482 1258 681 1328 ψυχῆς,
717 1255 851 1310 ἀλλὰ
893 1257 1028 1329 πρὸς
1075 1257 1136 1310 τὸ
1175 1258 1314 1328 ὑπὲρ
1359 1256 1492 1310 Θεοῦ
1527 1255 1742 1322 παθεῖν,

167 1352 323 1404 τοῦτο
348 1349 548 1413 οὕτως
583 1349 892 1420 γεγένηται.
939 1349 1065 1403 Ἐὰν
1103 1345 1197 1403 οὖν
1237 1348 1508 1420 προσέλθῃ
1543 1348 1626 1402 σοί
1660 1365 1744 1412 τις

169 1443 369 1510 λέγων·
409 1440 752 1511 Νουθέτησόν
785 1457 886 1511 με·
929 1440 1078 1509 λέγει
1114 1458 1216 1505 σοι,
1259 1441 1499 1505 Πάταξόν
1529 1459 1618 1512 με,
1657 1441 1744 1494 ἵνα

170 1533 331 1586 αὑτοῦ
377 1533 482 1604 τὴν
528 1533 708 1604 σάρκα
746 1531 834 1584 διὰ
868 1532 971 1602 τῆς
1008 1531 1290 1596 νουθεσίας
1329 1531 1609 1606 νεκρώσῃς
1648 1532 1742 1586 τοῦ

168 1622 475 1694 ἀπέχεσθαι
509 1622 671 1676 αὑτὸν
710 1621 816 1676 ἀπὸ
860 1624 1042 1695 πάσης
1085 1624 1380 1694 ἁμαρτίας.
1431 1624 1542 1678 Καὶ
1581 1624 1744 1678 πάλιν

167 1717 410 1788 ἀλλαχοῦ
447 1718 598 1787 λέγει
627 1719 657 1770 ό
686 1718 1000 1790 προφήτηςο
1047 1736 1066 1768 ι
1108 1719 1491 1789 Τραυμάτισόν
1526 1737 1616 1790 με,
1649 1721 1744 1773 καὶ

1845 521 1958 591 ipse
1983 521 2216 575 animam
2247 537 2398 577 suam
2422 524 2600 593 posuit
2621 539 2720 593 pro
2749 525 2920 588 nobis,
2949 536 3005 583 et
3026 544 3124 585 nos
3146 530 3407 587 debemus

1842 611 2052 668 animas
2091 627 2190 682 pro
2231 612 2489 669 fratribus
2533 630 2732 686 ponere
2781 617 2846 672 ⁸³.
2876 637 2894 670 ι
2941 619 3008 674 Ει
3042 621 3239 676 alicubi
3277 623 3402 692 qui-

1841 704 1962 760 dam
1997 705 2253 774 prephela
2293 705 2346 760 in
2398 705 2550 763 libris
2603 707 2809 780 Regum
2849 712 3047 766 astanti
3088 713 3260 766 dicit:
3293 731 3313 764 ι
3344 714 3400 768 In

1844 795 2008 848 verbo
2038 794 2247 848 Domini
2271 807 2491 864 percute
2523 813 2626 854 me.
2657 818 2676 850 ι
2725 799 2966 871 Cumque
3001 801 3089 857 ille
3123 803 3401 868 noluisset,

1842 885 2044 939 dixitei
2083 903 2097 940 :
2139 905 2158 937 ι
2189 887 2322 953 Quia
2353 903 2456 942 non
2498 891 2712 954 audisti,
2753 893 2922 946 exibit
2947 892 3027 946 leo
3055 893 3121 948 de
3162 894 3317 959 silva,
3348 905 3402 950 et

1842 979 2128 1034 devorabit‘
2157 990 2210 1034 te
2236 980 2302 1032 ⁸⁸.
2331 999 2348 1032 ι
2395 981 2528 1036 Cum
2559 983 2722 1049 igitur
2753 983 3048 1052 spiritualis
3083 993 3229 1039 esset
3261 1001 3398 1054 prae-

1841 1071 2067 1140 ﬁgurata
2107 1073 2386 1139 percussio
2422 1087 2524 1126 non
2577 1073 2644 1128 ad
2695 1075 2858 1129 vitam
2904 1075 3267 1140 adimendam,
3307 1078 3401 1131 sed

1843 1164 1906 1215 ad
1937 1162 2071 1216 mala
2106 1179 2203 1234 pro
2231 1163 2342 1219 Deo
2378 1165 2753 1235 perpetienda,
2785 1167 2853 1221 ita
2891 1167 3019 1223 illud
3053 1169 3295 1238 contigit.
3345 1168 3403 1223 Si

1843 1251 1963 1320 quis
1990 1252 2152 1322 igitur
2180 1253 2246 1306 ad
2275 1261 2328 1307 te
2353 1257 2572 1308 accedat
2605 1254 2789 1309 dicens
2821 1273 2834 1309 :
2867 1255 3019 1312 Mone
3042 1272 3128 1312 me
3155 1275 3169 1311 :
3199 1258 3243 1312 is
3275 1257 3404 1314 dicit

1845 1342 1960 1408 tibi,
1990 1341 2217 1398 Percute
2241 1359 2347 1407 me,
2393 1352 2450 1399 ut
2481 1344 2646 1413 ipsius
2671 1361 2888 1401 carnem
2920 1363 3017 1416 per
3053 1349 3400 1405 monitiouem

1845 1433 2166 1498 mortiiires,
2219 1445 2274 1490 et
2321 1434 2410 1490 ille
2457 1436 2726 1492 abstineat
2763 1439 2830 1491 ab
2864 1441 3008 1493 omni
3045 1453 3285 1510 peccato.
3334 1442 3401 1496 Et

1844 1540 2028 1579 rursus
2055 1525 2181 1580 alibi
2212 1527 2342 1580 dicit
2369 1528 2627 1597 protibeta
2667 1547 2680 1583 :
2721 1547 2741 1580 ι
2771 1527 3006 1584 Vulnera
3041 1547 3144 1598 me,
3194 1545 3249 1588 et
3287 1534 3403 1588 vul-

1845 1617 2057 1671 neravit
2104 1632 2224 1672 eum
2258 1619 2326 1672 ⁸⁵.
2370 1619 2500 1673 Fide
2550 1619 2691 1674 enim
2733 1621 2975 1691 digniora
3017 1634 3140 1677 sunt
3183 1626 3400 1681 vulnera

1844 1708 2028 1772 amici,
2068 1723 2225 1777 quam
2274 1719 2567 1778 spontanea
2619 1712 2800 1766 oscula
2851 1713 3056 1768 inimici
3105 1715 3172 1768 ⁸ο.
3202 1733 3220 1767 ι
3263 1715 3402 1772 [nili-

172 1802 580 1874 ὲτραυμάτισεν
607 1802 768 1856 αὐτόν
795 1801 927 1873 (65).
967 1801 1408 1876 ’Δξιοπιστότερα
1441 1805 1548 1876 γὰρ
1572 1805 1738 1877 τραύ-

1851 1809 1972 1867 gunt
2012 1799 2154 1854 enim
2200 1814 2410 1869 sponsae
2457 1801 2709 1856 salutaria
2756 1803 2975 1858 vulnera
3027 1807 3298 1874 prophetae
3349 1817 3403 1862 et

170 1911 317 1963 ματα
348 1893 530 1963 φίλου,
560 1893 594 1964 ἢ
627 1891 849 1946 ἑκούσια
871 1892 1152 1965 φιλήματα
1181 1893 1397 1966 ἐχθροῦ.
1432 1914 1451 1948 ι
1479 1896 1739 1968 Τραυμα-

166 1985 321 2038 τοῦσι
366 1985 476 2056 γὰρ
519 1984 661 2039 καλὰ
701 1983 993 2056 τραύματα
1036 1986 1087 2038 οἱ
1129 1985 1275 2054 ἅγιοι
1323 1990 1596 2059 προφῆται
1637 1987 1745 2059 τὴν.

165 2078 388 2149 νύμφην
421 2078 514 2131 καὶ
539 2079 590 2131 οί
628 2076 934 2132 ἀπόστολοι.
967 2077 1137 2132 Ὅταν
1168 2077 1278 2150 γὰρ
1309 2079 1424 2151 ῐδῃς
1455 2080 1738 2151 ἄνθρωπον

167 2171 411 2242 σήμερον
446 2170 546 2241 μὲν
583 2171 642 2222 ὲν
687 2168 969 2235 παλατίοις
1015 2170 1398 2242 ἐξεταζόμενον
1438 2171 1735 2244 τρυφερὸν,

166 2260 264 2312 καὶ
289 2260 350 2312 ὲν
393 2259 661 2330 μαλακοῖς
694 2257 929 2328 ἱματίοις
965 2260 1361 2331 ἠμφιεσμένον,
1407 2261 1487 2325 είς
1515 2259 1737 2331 ὕστερον

163 2352 220 2405 δὲ
247 2350 338 2405 διὰ
365 2351 471 2424 τῆς
497 2350 611 2404 τῶν
632 2349 925 2422 προφητῶν
949 2351 1043 2406 καὶ
1065 2351 1375 2407 ἀποστόλων
1395 2351 1737 2417 διδασκαλίας

166 2439 599 2512 διαπωλήσαντα
640 2439 710 2493 τὰ
737 2439 936 2505 πάντα,
973 2440 1068 2494 καὶ
1107 2439 1475 2511 πτωχεύοντα,
1515 2440 1609 2494 καὶ
1646 2441 1738 2494 τὸν

166 2532 273 2598 ἔξω
334 2531 622 2602 ἄνθρωπον
682 2529 1127 2602 διαφθειρόμενον
1199 2531 1288 2585 διὰ
1333 2532 1584 2603 νηστείας
1643 2534 1738 2587 καὶ

167 2622 754 2694 χαμευνίας,δῆλωότι
785 2617 939 2688 οὗτος
970 2624 1485 2696 ὲτραυματίσθη,ὼς
1514 2627 1562 2679 οἱ
1593 2626 1737 2694 ἅγιοι

169 2713 470 2784 μάρτυρες,
497 2714 590 2766 καὶ
614 2713 664 2766 oi
696 2711 1002 2780 ἀπόστολοι,
1029 2713 1097 2766 τὰ
1128 2714 1398 2786 στίγματα
1445 2713 1740 2784 βαστάζον-

167 2823 259 2868 τες
281 2803 379 2858 τος
413 2805 588 2876 Ἰησοῦ
613 2803 702 2858 διὰ
719 2804 907 2869 τὰςείς
933 2806 1093 2862 αὑτὸν
1117 2806 1426 2878 ὁμολογίας,
1445 2806 1536 2860 τὸν
1563 2807 1740 2879 μακά-

173 2917 289 2971 ριον
309 2899 506 2953 τοῦτον
527 2899 1038 2971 ὲτραυματίσθησαν
1061 2898 1496 2970 τραυματισμόν.

235 2992 375 3045 PM'.
409 2991 500 3044 Σκτ.
537 2987 601 3054 ζ’.
642 2991 710 3044 Τὸ
745 2989 854 3062 (66)
892 2989 962 3043 δὲ
987 2985 1139 3059 ἦραν
1167 2988 1234 3043 τὸ
1277 2989 1587 3060 θέριστρόν
1618 3009 1738 3062 μοιιΙ

168 3081 265 3134 ἀπ’
290 3079 445 3150 ἐμοῦ
465 3080 730 3148 φύλακες
757 3077 875 3134 τῶν
908 3078 1172 3148 τειχέων.

229 3171 534 3241 Θέριστρον
561 3169 708 3238 λέγει
733 3169 794 3222 τὸ
820 3168 1110 3240 λεγόμενον
1134 3169 1397 3242 μαφόριον
1415 3169 1549 3240 (67).
1575 3173 1740 3227 Ὅταν

167 3263 270 3332 γὰρ
303 3265 341 3332 ἡ
383 3259 680 3331 Ἐκκλησία
698 3259 837 3331 ὑπὲρ
867 3257 962 3311 τοῦ
989 3258 1258 3330 σωτηρίου
1291 3258 1644 3330 κηρύγματος
1669 3261 1742 3315 τὰ

168 3352 338 3422 αὐτῆς
369 3351 738 3422 τραυματωθῇ
772 3349 883 3419 (68)
917 3349 1112 3414 τέκνα,
1143 3351 1579 3421 παρρησιάζεται
1607 3352 1741 3423 πρὸς

169 3446 252 3498 τὸν
278 3444 488 3514 ἑαυτῆς
515 3443 746 3514 νυμφίον
788 3441 848 3496 τὸ
875 3441 1138 3512 κάλυμμα
1167 3443 1395 3514 αῐρουσα
1414 3482 1430 3506 ,
1469 3444 1563 3498 καὶ
1601 3445 1741 3499 κατὰ

169 3536 253 3590 τὸν
299 3533 627 3589 ’Δπόστολον
663 3533 896 3603 λέγουσα
915 3549 930 3566 ·
968 3552 988 3587 ι
1015 3533 1544 3606 Ἀνακεκαλυμμένῳ
1570 3552 1740 3606 προσ-

170 3629 300 3701 ώπῳ
323 3629 428 3700 τὴν
462 3628 620 3694 δόξαν
661 3627 866 3699 Κυρίου
896 3627 1416 3700 κατοπτριζόμεθα.»
1460 3621 1616 3682 Οὗτοι
1649 3625 1740 3683 οὖν

170 3724 216 3776 oi
245 3722 493 3793 φύλακες
516 3722 579 3776 τὸ
609 3721 871 3792 κάλυμμα
898 3723 998 3793 τῆς
1035 3719 1306 3789 ἀγνωσίας
1334 3719 1504 3791 αὐτῆς
1529 3721 1740 3775 ἀπεκά-

171 3809 364 3878 λυψαν,
398 3812 528 3884 περὶ
551 3803 627 3864 ὧν
668 3809 923 3880 φυλάκων
966 3808 1193 3874 Ἡσαΐας
1224 3809 1401 3878 λέγει’
1441 3829 1460 3862 ι
1499 3811 1608 3864 Καὶ
1649 3812 1740 3866 ἐπὶ

171 3898 274 3952 τῶν
304 3899 535 3970 τειχέων
560 3916 675 3964 σου,
727 3897 1097 3970 Ἰερουσαλὴμ,
1128 3897 1439 3954 καθέστακα
1471 3899 1737 3966 φύλακας,

171 3992 298 4063 ὃλην
332 3993 433 4062 τὴν
472 3991 686 4063 ἡμέραν
717 3990 810 4044 καὶ
851 3989 981 4062 ὃλην
1007 3991 1108 4060 τὴν
1135 3989 1324 4058 νύκτα,
1353 3990 1406 4044 οἳ
1441 3990 1531 4046 διὰ
1555 3993 1741 4057 τέλους

171 4086 227 4138 ού
259 4085 632 4155 σιωπήσονται
667 4082 1100 4156 μιμνησκόμενοι
1128 4083 1356 4154 Κυρίου.

235 4177 425 4232 PMA'.
462 4176 554 4230 Στ.
588 4183 656 4248 η’.
689 4177 940 4243 ’Ὤρκισα
959 4173 1134 4244 ὑμᾶς,
1173 4175 1491 4244 θυγατέρες
1527 4176 1741 4244 Ἰερου-

173 4266 379 4335 σαλὴμ
401 4308 418 4332 ,
453 4265 524 4319 ἐν
552 4265 678 4331 ταῖς
703 4264 996 4334 δυνάμεσι
1043 4264 1143 4319 καὶ
1179 4265 1250 4318 ἐν
1296 4265 1426 4330 ταῖς
1452 4267 1740 4335 ἰσχύσεσι

175 4357 275 4412 τοῦ
307 4356 521 4426 ἀγροῦ·
572 4356 713 4410 Ἐὰν
751 4356 962 4424 εὕρητε
986 4355 1091 4409 τὸν
1131 4355 1453 4424 ἁδελφιδόν
1487 4374 1629 4424 μου,
1681 4357 1740 4411 τί

1843 1889 2092 1960 apostoli.
2119 1890 2250 1945 Cum
2289 1892 2432 1946 enim
2464 1894 2660 1949 videris
2700 1894 2968 1950 hominem
3003 1895 3160 1951 hodie
3188 1899 3403 1967 quidem
3469 1957 3471 1960 ς

1844 1982 1896 2036 in
1927 1982 2141 2053 palatiis
2186 1984 2490 2052 degentem,
2521 1986 2845 2044 diiiiuentem
2877 1988 3110 2053 deliciis.
3154 1991 3404 2049 mollibus

1841 2076 2084 2130 vestibus
2124 2076 2404 2142 indutum;
2443 2080 2702 2148 postridie
2744 2094 2872 2135 vero
2898 2096 2993 2151 per
3019 2084 3402 2154 prophetarum

1843 2165 2320 2234 apostolorumque
2359 2167 2688 2233 doctrinam,
2734 2169 2963 2226 venditis
2991 2171 3262 2236 omnibus.
3305 2173 3402 2229 sti-

1843 2271 1962 2325 pem
1995 2271 2257 2326 quaerere,
2295 2265 2350 2312 et
2383 2259 2706 2314 exteriorem
2757 2261 3028 2316 hominem
3073 2276 3169 2332 per
3195 2263 3401 2334 jejunia

1841 2356 1896 2402 et
1939 2346 2086 2402 humi
2133 2349 2443 2404 cubationes
2476 2363 2734 2406 enervare
2779 2352 2833 2406 in
2877 2352 3014 2418 dies,
3063 2355 3400 2411 manifestum

1843 2450 1924 2493 est
1965 2440 2106 2496 hunc
2153 2441 2492 2496 vulneratum
2541 2457 2682 2506 esse,
2721 2451 2780 2497 ut
2823 2446 2992 2499 sancti
3039 2459 3302 2518 martyres
3347 2457 3403 2503 et

1842 2532 2089 2599 apostoli,
2117 2532 2207 2601 qui
2241 2532 2462 2587 vulnera
2493 2543 2770 2606 portantes
2811 2534 2937 2590 Jesu
2976 2550 3074 2604 per
3103 2538 3402 2594 confessio-

1843 2637 1964 2676 nem
2020 2623 2072 2678 in
2123 2623 2320 2696 ipsum,
2363 2625 2518 2680 beata
2567 2628 2669 2683 hac
2721 2626 3094 2683 vulneratione
3138 2629 3404 2686 vulnerati

1914 2979 2072 3037 CXL.
2116 2997 2264 3036 «slis.
2307 2981 2362 3036 7.
2413 2981 2662 3039 Tulerunt
2709 2984 3007 3039 theristrum
3043 3003 3212 3041 meum
3251 3006 3286 3040 η
3320 3005 3398 3041 me

1845 3074 2081 3128 custodes
2103 3090 2392 3128 murorum.

1770 3159 1816 3222 C
1917 3165 2255 3221 Tberistrum
2314 3164 2478 3230 dicit,
2526 3165 2668 3233 quod
2705 3164 2999 3234 appellatur
3043 3165 3394 3236 maphorium.

1839 3261 1971 3317 Cum
2000 3259 2145 3314 enim
2194 3255 2434 3312 Ecclesia
2469 3265 2692 3325 propter
2728 3258 3022 3310 salutarem
3056 3257 3396 3326 praedicatio-

1839 3369 1960 3408 nem
1994 3351 2047 3405 in
2085 3351 2198 3406 suis
2243 3349 2366 3404 ﬁliis
2399 3348 2679 3403 vulnerata
2711 3349 2817 3414 sit,
2860 3349 3030 3406 libere
3072 3349 3305 3420 loquitur
3331 3351 3396 3405 ad

1839 3459 1994 3499 suum
2017 3455 2272 3511 sponsum
2302 3441 2512 3497 sublato
2536 3440 2676 3508 velo,
2691 3439 2872 3496 dicens
2882 3440 3032 3510 juxta
3051 3439 3396 3509 Apostoium:

1845 3555 1866 3589 ι
1898 3535 2151 3591 Revelata
2193 3534 2332 3588 facie
2374 3535 2597 3604 gloriam
2640 3532 2849 3588 Domini
2895 3521 3237 3604 speculamur
3263 3532 3329 3586 ".
3371 3549 3393 3586 ι

1841 3627 1904 3682 lli
1936 3628 2096 3698 igitur
2122 3627 2372 3682 custodes
2417 3626 2596 3680 velum
2647 3625 2962 3694 ignorantiae
2999 3625 3140 3680 illius
3191 3624 3396 3680 revela-

1838 3730 1984 3784 ruut,
2025 3721 2090 3772 de
2136 3717 2334 3788 quibus
2367 3717 2675 3772 custodibus
2705 3717 2782 3771 ait
2820 3717 3031 3772 lsaias:
3069 3735 3089 3768 ι
3124 3717 3188 3770 Et
3237 3732 3397 3785 super

1841 3825 2022 3866 muros
2047 3818 2188 3876 tuos,
2232 3807 2584 3872 Hierusalem,
2617 3807 2872 3863 constitui
2909 3808 3159 3863 custodes
3179 3816 3284 3860 tota
3306 3807 3394 3860 die

1838 3914 1892 3959 et
1919 3913 2030 3958 tota
2082 3912 2260 3967 nocte,
2294 3902 2388 3972 qui
2442 3915 2714 3971 nunquam
2756 3900 3008 3955 tacebunt
3051 3899 3394 3954 recordantes

1841 3995 2048 4051 Domini
2087 3994 2155 4047 ⁸⁸.
2187 4013 2206 4046 ι

1907 4171 2082 4228 CXLI.
2106 4171 2266 4226 Vens.
2296 4170 2349 4226 8.
2390 4169 2769 4239 Adjuravivos,
2804 4167 2932 4236 ﬁlim
2968 4166 3313 4231 Hierusalem,
3334 4169 3390 4221 in

1838 4265 2116 4320 virtutibus
2167 4273 2215 4317 et
2245 4263 2438 4318 viribus
2475 4263 2591 4332 agri
2619 4275 2639 4314 :
2675 4259 2734 4316 Si
2778 4260 3088 4314 inveneritis‘
3103 4258 3394 4327 fraternum

1839 4373 2033 4420 meum,
2053 4355 2176 4426 quid
2189 4353 2572 4409 annuntiabitis
2589 4354 2673 4407 ei?
2697 4352 2956 4419 Quoniam
2983 4351 3249 4406 vulnerata
3269 4351 3395 4406 cha-

176 4448 574 4519 ἀπαττειλητε
600 4445 794 4512 dimi);
824 4447 944 4500 Ὅτι
989 4447 1316 4516 τετρωμένη
1359 4447 1596 4516 ἀγάπης
1618 4448 1732 4518 εἰμὶ

1851 4451 2009 4504 ritatis
2025 4464 2116 4520 ego
2144 4464 2280 4503 sum.

255 4538 283 4591 ἴ)
308 4537 447 4593 (69).

177 4538 688 4702 ⁸11μῖἵίῗὲἓὲζσιάζεται
720 4629 780 4682 ὲν
810 4630 921 4692 τοῖς
963 4627 1173 4691 τέκνοις
1212 4629 1426 4701 η’καλὴ
1475 4631 1654 4704 μήτηρ
1696 4634 1730 4703 ἡ

179 4721 304 4789 ἁγία
333 4720 474 4791 αὐτὴ
519 4719 833 4791 Ἐκκλησία,
872 4721 930 4773 ὲν
959 4722 1071 4783 τοῖς
1116 4720 1292 4788 ἁγίοις
1335 4722 1625 4792 μάρτυσιν,
1665 4722 1734 4777 δι’

179 4802 244 4862 ὧν
294 4808 614 4881 ἐσταυρώθη
648 4807 798 4879 (70),
842 4807 933 4862 καί
961 4823 1092 4878 φησι
1133 4811 1247 4871 τοῖς
1286 4808 1601 4875 ἀποστόλοις
1643 4813 1735 4866 καὶ

1764 4495 1812 4554 D

1913 4625 2186 4681 Fiduciam
2239 4625 2400 4680 habet
2449 4625 2502 4680 in
2549 4623 2672 4680 ﬁliis
2708 4625 2820 4680 suis
2855 4600 3074 4695 egregia
3099 4624 3394 4695 eademque

1839 4728 2023 4774 sancta
2069 4728 2241 4773 mater
2268 4717 2544 4783 Ecclesia,
2590 4717 2837 4773 videlicet
2871 4719 2924 4770 in
2967 4717 3292 4786 martyribus
3337 4718 3390 4771 in

1840 4813 2036 4882 quibus
2069 4810 2325 4866 cruciﬁxa
2350 4819 2466 4875 est;
2495 4818 2548 4866 et
2574 4809 2649 4864 ait
2675 4808 2928 4880 apostolis
2958 4819 3015 4864 et
3061 4809 3337 4878 prophetis
3373 4827 3389 4868 ;

243 4923 288 4954 ⁸⁸
321 4921 535 4999 coloss.
566 4938 646 4983 ιιι.
678 4923 732 4978 5.
775 4923 854 4999 ,⁸³
896 4921 1090 4979 lJoan.
1120 4939 1202 4990 ιιι,
1234 4921 1320 4980 16.
1393 4925 1442 4956 ⁸⁵
1471 4926 1531 4980 Ill
1571 4927 1696 4999 Reg.
1733 4945 1738 4982 1

1853 4929 1943 4986 55.
2017 4929 2063 4962 ⁸⁸
2101 4928 2228 4984 ibid.
2255 4927 2344 4984 56.
2418 4928 2464 4960 ⁸⁸
2487 4927 2643 4983 Prov.
2673 4940 2842 4992 xxvu,
2869 4924 2923 4982 6.
3000 4923 3042 4956 "
3076 4924 3120 4979 Il
3156 4923 3281 4980 Cor.
3308 4940 3393 4992 ιιι,

181 4993 262 5049 l8.
361 4993 408 5024 ⁸³
441 4993 541 5047 lsa.
588 5009 728 5057 ult,
767 4992 821 5048 6.

243 5084 372 5157 (δι),
410 5083 465 5137 In
494 5085 662 5157 sacris
687 5083 879 5157 Bibiiis
911 5084 1109 5157 legitur
1128 5102 1147 5157 ς
1191 5085 1328 5157 ’ᾼνθ’
1349 5078 1424 5140 ὧν
1451 5086 1550 5140 οὐκ
1574 5086 1732 5157 ἥκου-

182 5155 412 5228 σαςᾼτῆς
451 5155 1011 5228 φωνῆςᾼῌυρίουηκαὶ
1045 5154 1171 5228 ίδοί)Δ
1192 5156 1256 5228 σύ
1289 5154 1608 5228 ᾲποτρέχεις
1635 5159 1729 5212 ἀπ’

183 5171 1011 5292 ΞῖοδἿὲαῗίέἒη-ἒάᾃῖρὲὲυίέιῖῗῖ
1043 5171 1172 5280 illi:
1192 5171 1731 5283 ἷῖεὲξὲξοῗιεέἒέξναέςς

180 5294 268 5366 τοῦ
294 5293 504 5365 δρυμοῦ
533 5295 728 5350 dictqu
755 5305 840 5366 est
871 5297 1179 5366 memoriter
1209 5312 1240 5350 a
1277 5296 1524 5360 Philone,
1557 5313 1730 5366 neque

185 5365 326 5418 enim
360 5377 448 5419 est
482 5366 532 5418 in
575 5366 744 5420 sacris
775 5365 991 5430 Bibliis;
1024 5367 1115 5419 sed
1148 5367 1385 5422 hmrehat
1413 5367 1483 5420 illi
1523 5368 1574 5420 in
1620 5365 1731 5420 me-

181 5435 380 5556 ἔπαξε-
401 5433 528 5488 illud
573 5435 735 5490 Amos
776 5451 870 5501 ιιι,
916 5434 984 5502 4,
1026 5434 1302 5508 ἐρεύξεται
1347 5437 1482 5492 λέων
1526 5437 1590 5489 ὲκ
1639 5435 1732 5490 τοῦ

211 5520 404 5556 annos.

244 5520 404 5559 υιιου.

211 5521 595 5647 ρῖἕὲἷοδοεοη
621 5583 812 5647 textus
851 5573 1013 5630 habet
1072 5574 1314 5641 Πάταξόν
1364 5592 1430 5646 με
1483 5574 1571 5647 δή.
1623 5574 1730 5629 Καὶ

185 5641 448 5707 tunam
480 5643 639 5696 αὑτὸν
670 5646 698 5696 ὁ
728 5643 1030 5707 ἄνθρωπος.

259 5713 365 5782 [66)
407 5713 565 5768 Deest
595 5713 656 5766 τὸ
699 5713 775 5766 δέ.
807 5713 927 5767 Vat.
954 5717 1042 5771 ed.
1074 5730 1174 5770 uec
1205 5715 1261 5771 in
1294 5713 1400 5772 ulla
1443 5714 1547 5771 alia
1591 5713 1722 5771 edit.

191 5796 468 5852 reperitur.

501 5876 768 5939 Ρλτιιοι..
815 5874 932 5938 Gn.
991 5874 1122 5936 XL.

1907 5087 2021 5156 (67)
2061 5087 2136 5143 De
2185 5084 2636 5156 maphorioivide
2688 5085 2769 5140 Cl.
2815 5085 3038 5144 Gorium
3087 5088 3238 5146 Tim.
3267 5099 3390 5146 vett.

1836 5159 2068 5227 diptych.
2093 5167 2229 5227 tom.
2260 5157 2300 5220 l,
2331 5171 2449 5225 cap.
2477 5155 2530 5220 5,
2560 5171 2677 5224 pag.
2702 5157 2793 5227 15.

1908 5227 2018 5300 (68)
2058 5226 2206 5300 Meus
2257 5230 2379 5281 cod.
2436 5225 2806 5300 τραυματίσῃ.
2874 5225 3030 5284 Male.
3083 5229 3390 5300 Emendavi

1830 5295 2007 5370 juxta'
2042 5295 2327 5370 Antimau.
2383 5304 2438 5350 et
2515 5295 2708 5370 :l"_heat.
2755 5295 3161 5370 ’τραυματωθῇ.
3225 5299 3387 5354 Barb.

1837 5368 2016 5421 itidem
2047 5367 2186 5422 male
2211 5364 2663 5437 ιιτραυμαπιτωθιῖισιἷ

1870 5508 1884 5561 ἰ
1912 5437 2024 5507 (69)
2064 5438 2154 5492 Sic
2183 5433 2302 5493 cod.
2331 5433 2620 5491 Alexandr.
2649 5433 2906 5493 Vaticana
2936 5437 3066 5494 edit.
3093 5439 3252 5494 habet
3277 5438 3390 5512 ἐγώ

1892 5525 1968 5561 ιιι.

1837 5524 1968 5560 ειμι.

1890 5525 2016 5650 £8.0)
2058 5575 2244 5650 Melius
2277 5575 2485 5647 ἐτρώθη
2507 5616 2533 5650 ,_
2564 5584 2622 5630 ιιι
2666 5575 2828 5650 habet
2868 5587 3056 5631 catena
3108 5575 3384 5650 Vaticana,

1833 5658 1889 5704 et
1916 5645 1976 5702 ut
2000 5645 2189 5702 habuit
2232 5647 2285 5702 in
2313 5645 2410 5703 suo
2437 5645 2555 5703 cbd.
2602 5655 2705 5702 vet.
2751 5645 3016 5716 interpres
3048 5648 3137 5718 qui
3185 5645 3384 5719 vertit,

1830 5734 2074 5786 percussa
2110 5727 2206 5772 est.

3085 5873 3119 5934 4
3147 5883 3149 5886 ⁴
