3878 6270
453 294 556 356 107

1529 303 1845 364 PIIILONIS
1884 307 2194 367 EPISCOPI
2233 311 2549 368 CARPASII

3574 318 3679 374 108

446 409 772 466 Annuntiate
786 411 858 479 ei,
877 415 1017 486 quod
1041 428 1140 486 ego
1157 431 1339 472 amore
1360 421 1618 478 transﬁxa
1641 439 1782 480 sum.
1808 425 1999 482 Deinde

2121 430 2214 491 τοῖς
2244 431 2566 500 προφήταις,
2610 430 3024 500 Ἀπαγγείλητε,
3052 430 3133 483 ὅτι
3183 431 3493 502 τετρωμένη
3549 434 3686 501 ἀγάρ

447 504 522 558 illi
557 503 880 573 respondent
901 507 1096 578 ei’dem,
1128 519 1182 565 et
1206 510 1392 566 dicunt
1419 530 1433 566 :

517 675 799 732 CXLII.—
826 681 985 736 VERS.
1017 682 1069 736 9.
1097 681 1238 747 Quid
1261 684 1524 754 fraternus
1543 696 1662 742 tuus
1689 707 1719 743 a
1749 691 2006 760 fraterno,

443 771 661 838 pulchra
687 775 740 827 in
767 773 1109 830 mulieribus?

517 862 801 919 Pulchram
838 865 1005 934 ipsam
1054 867 1196 922 inter
1245 870 1498 926 mulieres
1550 883 1768 929 vocant.
1796 874 2009 932 Etenim

443 957 668 1024 pulchra
704 959 814 1026 ipsa
848 959 992 1014 inter
1028 961 1196 1017 tribus
1233 961 1396 1018 Israel
1435 968 1730 1035 :quoniam
1763 968 1865 1024 illze
1891 970 2011 1039 qui-

445 1051 565 1102 dem
594 1049 871 1105 fornicatae
901 1061 1044 1117 sunt,
1086 1053 1273 1108 relicto
1307 1056 1513 1112 ctelesti
1546 1059 1696 1114 viro:
1735 1061 1847 1130 ipsa
1880 1079 2010 1119 vero

442 1156 564 1194 cum
592 1140 707 1208 ipso
731 1141 1486 1210 conjuncta,,indissolubilem
1508 1164 1630 1204 cum
1660 1150 1748 1206 illo
1779 1153 1829 1206 in
1850 1167 2010 1209 omne

441 1245 614 1285 aevum
636 1232 859 1286 retinuit
881 1237 1340 1303 coniunctionem.
1373 1258 1391 1291 ι
1425 1241 1562 1308 Quid
1602 1242 2010 1302 iraternustuus

443 1337 471 1376 a
503 1321 780 1378 fraterno?
812 1341 830 1374 ι
869 1323 1031 1390 Quasi
1068 1327 1212 1381 dicat
1245 1347 1260 1382 :
1309 1327 1445 1395 Quid
1475 1346 1726 1401 sponsus,
1766 1335 1856 1404 qui
1884 1350 2010 1405 pro-

441 1414 605 1468 cessit
626 1413 678 1467 in
712 1428 875 1469 carne
902 1429 930 1468 a
956 1417 1304 1485 generatione
1327 1419 1606 1475 Israelitici
1649 1422 1871 1490 populi?

511 1503 737 1582 CXLIII.
765 1503 904 1569 Quid
941 1506 1205 1574 fraternus
1235 1517 1356 1562 tuus
1383 1527 1415 1563 a
1462 1509 1694 1579 fraterno
1714 1551 1729 1577 ,
1773 1514 1896 1581 quia
1932 1514 2008 1567 sic

442 1597 703 1666 adjurasti
734 1613 825 1650 nos
844 1597 870 1648 Σ)

511 1686 893 1757 Jusjurandum
919 1696 1122 1744 sancta:
1155 1689 1407 1746 Ecclesiae
1440 1691 1506 1747 ad
1528 1701 1747 1750 sanctos
1771 1695 2005 1766 pr0phe-

2113 538 2221 591 πης
2264 522 2378 592 εἰμὶ
2410 521 2540 590 ἐγώ.
2593 518 2724 576 Εἶτα
2756 521 3240 594 ἀνταποκρίνονται
3280 523 3417 594 αὐτῇ
3448 525 3680 590 ἐκεῖνοι,

2110 612 2202 664 καὶ
2227 612 2467 680 λέγουσι·

2179 701 2356 754 PMB’.
2392 704 2481 756 Στ.
2517 702 2580 756 0'.
2609 704 2669 757 TI
2691 701 3012 772 ἀδελφιδός
3039 718 3155 759 σου
3176 703 3295 759 ἀπὸ
3323 703 3682 776 ἀδελφιδοῦ,

2109 790 2148 857 ἡ
2183 792 2338 860 καλὴ
2381 794 2450 846 ἐν
2484 795 2759 863 γνυναιξί;

2170 884 2354 956 Καλὴν
2380 886 2547 957 αὐτὴν
2587 888 2645 940 ἐν
2691 887 2905 955 γυναιξὶ
2937 885 3208 940 καλοῦσιν.
3246 885 3357 940 Καὶ
3388 887 3499 959 γὰρ
3532 887 3686 960 καλὴ

2110 974 2247 1046 αύτὴ
2297 978 2354 1029 ἐν
2396 979 2515 1041 ταῖς
2556 978 2748 1046 φυλαῖς
2787 978 2879 1032 τοῦ
2925 978 3170 1050 Ἰσραήλ·
3201 979 3284 1032 ὅτι
3327 980 3530 1033 ἐκεῖναι
3578 981 3690 1050 μὲν

2109 1067 2441 1138 ἐπόρνευσαν
2464 1109 2479 1134 ,
2534 1069 2926 1124 καταλιποῦσαι
2978 1070 3070 1123 τὸν
3120 1070 3438 1140 ἐπουράνιον
3487 1069 3688 1142 ἄνδραο

2109 1158 2246 1230 αὕτη
2273 1157 2329 1211 δὲ
2355 1159 2707 1231 συζευχθεῖσα
2731 1162 2899 1233 αύτῷ,
2920 1161 3200 1216 ἀδιάλυτον
3222 1162 3316 1233 τὴν
3349 1164 3484 1236 πρὸς
3516 1165 3692 1219 αὐτὸν

2109 1248 2266 1320 ἔσχεν
2294 1252 2374 1314 εἰς
2402 1252 2604 1314 αἰῶνας
2636 1252 2950 1321 συνάφειαν.
2989 1270 3008 1304 s
3049 1251 3114 1306 Τί
3142 1253 3422 1324 ἁδελφιδός
3450 1274 3542 1316 σου
3569 1257 3689 1310 ἀπὸ

2108 1341 2421 1411 ἀδελφιδοῦ;
2460 1364 2479 1397 ›
2531 1345 2648 1397 Ἵνα
2691 1344 2819 1416 είπῃ
2843 1359 2856 1376 ’
2898 1345 2963 1398 Τί
2990 1347 3019 1399 ό
3057 1347 3286 1416 νυμφίος
3319 1349 3348 1401 ὁ
3379 1347 3584 1419 προῖὼν
3621 1351 3691 1402 ἐν

2111 1436 2274 1506 σαρκί⁵
2307 1437 2415 1489 άπὸ
2450 1438 2558 1508 τῆς
2581 1436 2926 1507 γενεαλογίας
2953 1437 3046 1491 τοῦ
3092 1438 3480 1509 Ἰσραηλιτικοῦ
3510 1440 3641 1495 λαοῦ
3667 1459 3685 1507 ;

2180 1529 2355 1584 PMI".
2402 1529 2464 1583 Τί
2497 1529 2818 1599 ἁδελφιδός
2860 1545 2977 1584 σου
3015 1529 3134 1585 ἀπὸ
3172 1530 3530 1600 ἀδελφιδοῦ,
3590 1531 3689 1587 ὅτι

2109 1619 2296 1686 οὕτως
2324 1619 2583 1689 ὣρκισας
2619 1619 2775 1690 ἡμᾶς
2797 1637 2812 1687 ;

2192 1709 2252 1763 Ὀ
2283 1709 2341 1762 δέ
2369 1709 2527 1780 ὅρκος
2544 1709 2656 1780 (71)
2678 1711 2775 1780 τῆς
2804 1709 2965 1778 ἁγίας
2996 1710 3318 1783 Ἐκκλησίας
3340 1713 3368 1764 ό
3391 1711 3527 1783 πρὸς
3552 1711 3690 1776 τοὺς

445 1789 526 1834 tas
563 1777 687 1851 (est)
723 1778 1046 1834 desiderium
1099 1782 1152 1835 in
1209 1783 1375 1838 Deum
1428 1785 1689 1854 intentus,
1723 1799 1779 1842 et
1804 1788 1999 1859 ignitus

2121 1799 2296 1868 Ξγίους
2324 1769 2690 1872 προφήτας,’ή
2722 1769 2959 1872 ἐκτενὴςν
2978 1769 3321 1873 ἐπιπόθτισις,
3352 1805 3385 1875 ἡ
3587 1769 3692 1858 τὸν

443 1869 849 1940 spiritualisque
877 1869 930 1923 in
953 1884 1074 1924 eum
1102 1885 1277 1929 amor.
1303 1873 1511 1930 Deinde
1545 1876 1676 1945 ipsis
1703 1879 2008 1948 reSpondet,

441 1972 495 2016 et
521 1962 636 2016 ait:

513 2053 738 2111 CXLIV.
766 2053 930 2112 Vens.
965 2055 1052 2110 10.
1098 2053 1332 2110 Dilectus
1368 2071 1516 2110 meus
1553 2056 1808 2114 candidus
1837 2069 1889 2114 et
1919 2077 2010 2116 ru-

442 2147 634 2201 bicund
640 2163 720 2203 us.

510 2238 803 2304 Candidus,
846 2240 972 2310 quia
1022 2241 1230 2310 peccati
1280 2254 1513 2311 expers:
1547 2242 1832 2300 Peccatum
1866 2246 2010 2301 enim

443 2343 550 2384 non
601 2329 821 2386 fecit”.
855 2331 1207 2387 Rubicundus
1255 2342 1436 2388 autem
1489 2343 1709 2405 propter
1746 2335 2009 2406 Spiritum

445 2431 716 2490 sanctum,
747 2430 801 2477 et
839 2432 1058 2494 propter
1109 2421 1421 2493 sanguinem
1474 2441 1572 2494 pro
1598 2442 1661 2483 ea
1693 2425 1922 2484 eﬁ‘usum
1953 2429 2009 2485 in

445 2515 674 2570 salutem
704 2524 756 2570 et
781 2516 1230 2571 resurrectionem
1267 2525 1524 2573 nostram.

515 2603 718 2661 CXLV.
751 2604 958 2658 Electus
984 2622 1048 2659 ea:
1077 2605 1255 2660 decem
1285 2607 1538 2662 millibus.

517 2697 669 2764 Quod
700 2699 796 2763 ait,
846 2715 865 2749 ι
897 2697 1113 2754 Electus
1163 2714 1230 2755 ex
1258 2702 1440 2756 decem
1471 2701 1727 2770 millibus,
1767 2723 1787 2758 ι
1827 2705 2007 2777 innuit

442 2798 656 2858 partum
693 2788 934 2856 Deiparze
968 2806 1073 2845 non
1104 2790 1279 2846 solum
1318 2806 1386 2846 ex
1429 2793 1613 2848 decem
1652 2793 1886 2850 millibus
1910 2797 2009 2851 ho-

444 2880 669 2946 minum,
702 2883 795 2936 sed
827 2881 990 2936 etiam
1029 2882 1342 2952 angelorum
1386 2891 1441 2939 et
1470 2885 1934 2956 archangelorum.

512 3056 740 3114 CXLVI.
787 3059 952 3116 Vrsas.
984 3059 1077 3114 H.
1111 3058 1281 3131 Caput
1313 3061 1425 3131 ejus
1461 3080 1650 3116 aurum
1688 3062 1929 3132 Cteplras.

511 3237 681 3308 Caput
703 3238 952 3294 humanae
1004 3240 1190 3308 ﬁgurae
1232 3239 1512 3310 intelligit;
1543 3251 1761 3300 sanctos
1790 3245 2000 3302 scilicet

441 3331 783 3401 patriarchas
811 3337 866 3384 ct
884 3329 1061 3398 justus
1104 3332 1195 3401 qui
1237 3333 1446 3402 probati
1477 3336 1647 3391 instar
1683 3340 1798 3392 auri
1826 3354 1920 3408 per
1943 3339 2009 3394 li-

443 3421 562 3476 dem
593 3420 851 3490 splendidi
895 3421 1025 3476 facti
1066 3430 1209 3478 sunt.
1240 3424 1443 3478 Aurum
1486 3441 1616 3482 vero
1654 3428 1880 3498 Caiphas
1910 3446 2006 3486 no-

444 3511 630 3576 minat,
660 3513 800 3580 quod
850 3511 1234 3582 interpretatur
1254 3523 1401 3581 petra
1425 3524 1642 3585 propter
1677 3517 2002 3576 soliditatem

443 3601 564 3656 Iidei
593 3602 851 3668 ipsorum.

513 3691 764 3748 CXLVII.
795 3691 1037 3749 Ciucinni
1056 3697 1171 3765 ejus
1204 3695 1387 3762 elatae,
1421 3698 1555 3769 nigri
1589 3709 1838 3771 tanquam
1885 3720 2004 3758 cor-

443 3801 557 3839 cus.

511 3874 801 3932 Cincinnos
818 3878 954 3947 ejus,
988 3880 1198 3950 opinor,
1229 3892 1445 3939 sanctos
1478 3884 1624 3941 cives
1659 3886 1926 3958 intelligit,
1951 3898 2004 3945 et

443 3967 712 4035 apostolos
748 3979 801 4023 et
837 3984 1024 4026 omnes
1048 3971 1245 4039 iustos.
1284 3975 1548 4042 Quoniam
1589 3978 1752 4047 capiti
1782 3982 2003 4036 assimi-

441 4056 620 4113 lautur
647 4060 989 4128 patriarchae,
1018 4074 1297 4134 propterea
1325 4069 1467 4131 quod
1503 4069 1571 4122 ab
1604 4069 1682 4124 eis
1710 4073 2002 4128 secundum

440 4164 656 4205 carnem
711 4152 956 4208 Christus
993 4157 1275 4225 processit.
1333 4156 1475 4212 Bene
1511 4160 1693 4230 itaque
1737 4162 2003 4220 cincinnis

441 4242 707 4296 assimilat
732 4244 1020 4313 apostolos,
1067 4247 1157 4316 qui
1209 4258 1330 4317 post
1379 4264 1472 4304 eos
1517 4261 1794 4307 venerunt.
1825 4254 2002 4311 Elatas

441 4345 567 4385 vero
598 4343 750 4386 vocat
777 4333 1074 4398 cincinnos,
1112 4344 1392 4404 propterea
1422 4340 1563 4408 quod
1607 4341 1706 4410 ipsi
1738 4358 1991 4412 persecu-

2109 1891 2261 1956 Θεδν,
2298 1892 2392 1946 καὶ
2440 1893 2473 1962 ἡ
2507 1892 2771 1963 διάπυρος
2816 1894 2907 1947 καὶ
2950 1895 3292 1966 πνευματικὴ
3335 1897 3471 1968 πρὸς
3516 1897 3692 1952 αὑτὸν

2110 1986 2315 2055 ἀγάπη.
2348 1981 2484 2040 Εἶτα
2511 1987 2863 2058 ἀποκρίνεται
2890 1988 3091 2052 αὐτοῖς,
3122 1990 3216 2043 καὶ
3239 1990 3423 2058 λέγει’

2179 2077 2354 2134 PMA'.
2373 2079 2464 2131 Στ.
2489 2085 2539 2134 ι’.
2577 2078 2922 2148 Ἀδελεριδός
2932 2098 3052 2149 μου
3069 2082 3284 2149 λευκὸς
3313 2083 3412 2137 καὶ
3429 2085 3684 2154 πυρῤός.

2175 2260 2380 2325 Λευκὸς
2416 2261 2504 2316 διὰ
2543 2261 2604 2314 τὸ
2647 2261 3050 2334 ἀναμάρτητον·
3106 2261 3403 2335 ’Δμαρτίαν
3429 2263 3538 2336 γὰρ
3576 2267 3689 2321 οὐκ

2108 2351 2363 2422 ἐποίησε·
2411 2353 2618 2422 πυρρὸς
2649 2353 2708 2406 δὲ
2750 2352 2838 2406 διὰ
2869 2354 2930 2406 τὸ
2967 2353 3120 2420 ἅγιον
3162 2355 3416 2426 Πνεῦμα,
3447 2357 3542 2410 καὶ
3587 2357 3686 2412 διά

2105 2443 2167 2497 τὸ
2206 2438 2344 2514 αἷμα
2371 2443 2433 2497 τὸ
2480 2445 2620 2516 ὑπὲρ
2653 2446 2824 2518 αὐτῆς
2867 2446 3094 2518 ἐκχυθὲν
3141 2449 3219 2512 είς
3264 2448 3538 2521 σωτηρίαν
3582 2451 3687 2505 καὶ

2109 2537 2407 2591 ἀνάστασιν
2442 2538 2474 2608 ή
2484 2537 2620 2608 μῶν.

2167 2627 2339 2683 PME'.
2387 2630 2921 2700 Ἐκλελοχισμένος
2944 2629 3055 2702 (72)
3092 2632 3208 2688 ἀπὸ
3238 2633 3565 2703 μυριάδων.

2177 2719 2251 2773 Τὸ
2301 2720 2498 2789 λέγειν,
2562 2739 2581 2772 ι
2629 2723 3097 2794 Ἐκλελοχισμένος
3139 2725 3248 2778 άπὸ
3303 2725 3598 2796 μυριάδων,
3656 2746 3680 2778 s

2105 2811 2342 2867 δείκνυσι
2377 2813 2471 2866 τὸν
2511 2813 2598 2868 διὰ
2644 2815 2745 2885 τῆς
2777 2815 3039 2870 Θεοτόκου
3076 2817 3297 2871 τοκετὸν
3327 2819 3433 2872 άπὸ
3472 2820 3683 2889 μυριά-

2105 2901 2213 2956 δων
2244 2901 2306 2955 ού
2341 2901 2500 2972 μόνον
2529 2902 2848 2974 ἀνθρώπων,
2886 2903 3022 2958 άλλὰ
3058 2905 3304 2974 ἀγγέλων
3346 2906 3438 2960 καὶ
3464 2907 3683 2978 ἀρχαγ-

2105 2992 2303 3062 γέλων.

2034 3112 2077 3170 C
2182 3085 2373 3151 PMCP.
2413 3084 2503 3138 Στ.
2535 3089 2623 3139 ια’.
2664 3084 2727 3142 Ἡ
2764 3085 2996 3154 κεφαλὴ
3030 3085 3216 3140 αὐτοῦ
3242 3087 3498 3156 χρυσίον
3537 3091 3678 3142 Ksu-

2110 3174 2227 3246 φάς
2265 3176 2397 3246 (75).

2131 3335 2134 3338 .
2176 3267 2429 3338 Κεφαλήν
2470 3268 2564 3322 τοῦ
2616 3267 2903 3340 ἀνθρώπου
2951 3269 3272 3342 χαρακτῆρα
3316 3269 3498 3340 λέγει,
3545 3271 3674 3336 τοὺς

2107 3359 2448 3430 πατριάρχας
2475 3359 2568 3412 καὶ
2594 3361 2718 3424 τοὺς
2747 3361 2987 3425 δικαίους
3013 3377 3026 3390 ⁸
3051 3361 3251 3426 ὀἵτινες
3279 3361 3482 3433 χρυσοῦ
3506 3361 3670 3432 δίκην

2106 3447 2558 3518 δοκιμασθέντες,
2608 3449 2848 3521 λαμπροὶ
2898 3451 3287 3523 ἁνεδείχθησαν
3339 3454 3404 3524 τῇ
3462 3453 3669 3508 πίστει.

2105 3537 2338 3609 Χρυσίον
2392 3538 2448 3592 δὲ
2501 3540 2718 3608 Καιφὰς
2767 3541 3053 3613 όνομάςει,
3115 3543 3252 3614 ὅπερ
3299 3542 3672 3613 ἑρμηνεύεται

2102 3627 2308 3695 πέτρα,
2361 3629 2448 3680 διὰ
2469 3629 2530 3682 τὸ
2558 3631 2874 3703 στερέμνιον
2905 3631 3082 3686 αὐτῶν
3119 3633 3218 3703 τῆς
3246 3633 3497 3696 πίστεως.

2175 3715 2346 3772 PMZ'.
2399 3719 2731 3790 Βόστρυχοι
2775 3722 2962 3776 αὑτοῦ
3004 3722 3210 3776 ἐλάται
3248 3721 3380 3794 (74),
3404 3722 3670 3792 μέλανες

2107 3807 2187 3873 ὡς
2217 3808 2423 3876 κόραξ.

2175 3901 2514 3972 Βοστρύχους
2547 3902 2736 3964 αὑτοῦ.
2765 3898 2940 3974 οἶμαι,
2972 3906 3096 3970 τοὺς
3136 3905 3323 3976 ἁγίους
3350 3906 3669 3971 πολιτευτάς

2103 3991 2270 4060 λέγει,
2304 3992 2429 4057 τούς
2455 4011 2512 4048 τε
2540 3995 2866 4060 ἀποστόλους
2897 3998 2990 4051 καὶ
3013 3998 3218 4062 πάντας
3249 3999 3372 4064 τοὺς
3403 4000 3665 4064 δικαίους.

2116 4083 2436 4156 Ἐπειδήπερ
2483 4087 2689 4158 κεφαλῇ
2731 4088 3118 4152 ἀπεικάζονται
3164 4091 3529 4162 πατριάρχαι,
3577 4091 3669 4146 διὰ

2103 4175 2162 4227 τὸ
2185 4175 2243 4242 ἐξ
2273 4177 2494 4231 ἐκείνων
2527 4178 2664 4232 κατὰ
2694 4181 2870 4250 σάρκα
2905 4181 2994 4234 τὸν
3036 4182 3272 4253 Χριστὸν
3310 4182 3666 4254 προεληλυθέ-

2102 4282 2209 4320 ναι.
2240 4268 2473 4333 Εἰκότως
2493 4266 2588 4324 οὖν
2613 4270 2924 4344 βοστρύχοις
2948 4275 3073 4336 τοὺς
3106 4276 3221 4345 μετ’
3265 4275 3507 4339 ἐκείνους
3559 4276 3669 4329 ἀπ-

2102 4358 2671 4426 εικάζειξάποστόλους.
2690 4365 2914 4428 Ἐλάτας
2926 4365 2984 4418 δὲ
3006 4365 3149 4434 λέγει
3171 4366 3295 4430 τοὺς
3317 4366 3665 4438 βοστρύχους,

443 4420 676 4476 tionibus
711 4432 835 4477 sunt
863 4426 1140 4493 exagitati.
1177 4426 1306 4481 Illud
1337 4444 1484 4495 vero,
1516 4449 1534 4482 ι
1571 4432 1710 4504 nigri
1743 4444 1992 4504 tanquam

2121 4451 2185 4504 ἱιά
2223 4420 2282 4506 τὸ
2311 4420 2371 4506 ἐν
2397 4420 2657 4526 διωγμοῖς
2682 4420 2998 4513 ἐλαύνεσθαι
3029 4420 3241 4523 αύτούς.
3379 4420 3475 4523 δὲ’,
3508 4420 3547 4511 ἴ

441 4525 666 4575 corvus,
716 4532 735 4563 ι
779 4513 831 4568 in
896 4518 1207 4572 memoriam
1244 4529 1457 4575 revocat
1500 4537 1685 4577 eorum
1740 4526 1902 4580 vitam
1937 4529 1990 4582 iu

441 4602 777 4670 passionibus
805 4614 1097 4661 versatam.
1133 4608 1196 4662 Et
1236 4625 1455 4666 corvum
1489 4616 1793 4684 nominans,
1830 4619 1994 4674 vitam

440 4693 690 4761 praedicat
745 4697 921 4751 omnis
963 4697 1339 4756 sollicitudinis
1386 4703 1452 4756 de
1497 4705 1643 4760 victu
1679 4719 1994 4779 expertem,

438 4785 886 4851 quemadmodum
911 4787 964 4841 in
1003 4788 1158 4845 beato
1179 4793 1433 4860 propheta
1468 4795 1601 4850 Elia.

507 4871 779 4930 CXLVIII.
810 4875 974 4932 Vsus.
1018 4879 1102 4933 12.
1137 4877 1288 4933 Oculi
1321 4881 1433 4950 ejus
1460 4896 1513 4937 ut
1546 4887 1816 4943 columine.

504 4963 655 5019 Oculi
697 4965 965 5037 lJuigeniti
988 5009 1003 5032 ,
1035 4971 1393 5029 sacerdotales
1426 4975 1670 5034 homines
1715 4982 1990 5040 constituti

539 5057 585 5092 δ’
616 5060 630 5113 l
661 5060 808 5117 Petr.
844 5079 902 5128 it,
928 5063 1018 5117 22.

516 5159 621 5231 (7i)
665 5159 828 5236 Vetus
865 5161 1128 5236 interpres
1183 5165 1336 5236 longe
1381 5167 1540 5222 aliam
1574 5172 1792 5228 exhibet
1827 5187 1882 5230 et
1913 5179 1994 5234 diu

437 5245 645 5286 versam
682 5231 1129 5298 explanatiOuem.

510 5299 620 5372 ('72)
659 5299 716 5386 In
736 5300 891 5386 hunc
927 5316 1138 5386 versum
1184 5305 1381 5360 desinit
1414 5308 1535 5364 cod.
1569 5307 1987 5386 Vallicellanus;

435 5370 630 5428 caetera
662 5370 1054 5426 desiderantur.

507 5442 617 5516 (Ῐᾷ)
658 5439 748 5516 _Sic
785 5442 903 5516 cod.
932 5440 1084 5496 Alex.
1111 5442 1303 5499 Caeteri
1333 5448 1528 5516 κεφάζ.

506 5509 619 5581 (74)
659 5509 780 5592 Vet.
817 5513 1040 5592 interpr.
1083 5515 1306 5592 objecti;
1350 5509 1571 5592 etiiu'fra
1599 5518 1670 5592 in
1717 5523 1982 5592 explana-

435 5583 599 5663 tione,
635 5599 653 5663 ι
682 5581 918 5663 abiectos
952 5581 1318 5663 autenidicit.
1341 5605 1383 5663 t__
1403 5589 1646 5643 Absurde
1674 5581 1978 5663 utrobique.

435 5650 742 5718 Legendum
774 5669 792 5702 ε
824 5652 1050 5711 abicies.
1072 5673 1091 5706 ι
1130 5653 1234 5710 Sed
1265 5656 1454 5712 melius
1494 5660 1802 5715 retinuisset
1834 5650 1983 5720 dm.

435 5734 554 5777 cam
605 5735 786 5776 vocem
839 5721 1053 5792 ἐλάται,
1108 5736 1326 5795 propter
1382 5729 1600 5784 verbum
1643 5730 1977 5791 ἐλαύνεσθαι.

2097 4540 2253 4605 λανες
2299 4543 2374 4608 ὡς
2417 4545 2606 4615 κόραξ,
2649 4566 2667 4597 ›
2707 4548 3109 4621 ὑπομιμνήσκει
3145 4551 3243 4622 τὴν
3280 4553 3378 4623 τῆς
3419 4569 3668 4607 κακοπα-

2099 4631 2248 4696 θείας
2291 4635 2471 4688 αὐτῶν
2517 4637 2807 4704 πολιτείαν.
2862 4640 2972 4694 Καὶ
3003 4640 3093 4693 τὸν
3127 4641 3333 4712 κόρακα
3361 4642 3663 4714 ὀνομάζων,

2096 4723 2194 4795 τήν
2222 4726 2521 4798 ἀμέριμνον
2546 4731 2725 4785 αὐτῶν
2750 4731 2848 4802 τῆς
2877 4733 3084 4804 τροφῆς
3111 4735 3431 4807 ἀναγορεύει
3463 4737 3666 4807 διαγω-

2099 4815 2221 4888 γὴν,
2252 4818 2440 4892 ὥσπερ
2467 4822 2559 4874 ἐπὶ
2583 4823 2675 4876 τοῦ
2710 4823 2975 4893 μακαρίου
3011 4827 3287 4898 προφήτου
3327 4827 3498 4884 Ἥλία.

2169 4907 2350 4965 PMH’.
2405 4910 2721 4983 Ὀςρθαλμοὶ
2743 4914 2927 4968 αὐτοῦ
2955 4915 3036 4981 ὡς
3067 4920 3426 4987 περιστεραί.

2179 4999 2472 5074 Ὀφθαλμοὶ
2492 5003 2586 5058 τοῦ
2613 5005 2948 5074 Μονογενοῦς
2975 5010 3023 5061 oi
3056 5010 3114 5062 ἐν
3139 5013 3260 5074 ταῖς
3317 5010 3664 5081 Ἐκκλησίαις

2095 5186 2235 5264 ιΕει
2281 5197 2472 5264 autem
2497 5189 2658 5261 ἐλάτη
2713 5204 2930 5264 germen
2984 5194 3246 5249 novellum
3293 5195 3514 5264 palmae,
3562 5213 3659 5253 seu

2089 5255 2420 5335 involucrum
2461 5255 2885 5335 instar'caIicis,
2920 5275 3011 5335 seu
3067 5255 3331 5335 vaginula'e
3377 5255 3653 5323 fructuum

2087 5326 2274 5392 palmae
2313 5326 2846 5404 ﬂorentiurn.l’orro
2888 5334 3078 5401 vagina
3116 5326 3216 5389 h'ac
3255 5351 3314 5390 se
3361 5338 3654 5404 pandente,

2085 5407 2439 5467 prorumpunt
2487 5398 2691 5454 ﬂosculi
2748 5398 3057 5467 numerosi,
3106 5405 3310 5460 modice
3361 5398 3557 5461 'densis
3605 5398 3659 5463 et

2085 5463 2256 5541 longis
2282 5463 2416 5520 villis
2448 5471 2687 5541 appensi,
2724 5468 2869 5524 botri
2913 5463 3086 5541 magni
3121 5474 3293 5528 instar
3325 5480 3656 5533 coacervati.

2090 5531 2224 5589 Huic
2257 5552 2385 5603 ergo
2431 5531 2606 5603 elatae,
2654 5531 2733 5594 sic
2782 5555 2876 5594 sua
2930 5531 3198 5598 lila'menta
3246 5543 3562 5600 diﬂ'undenli
3606 5531 3660 5601 et

2090 5603 2336 5686 llusculos
2389 5611 2680 5686 ostentanti
2709 5646 2725 5676 ,
2765 5609 3007 5682 ,οθυὶιιοε
3061 5628 3343 5686 comparas
3395 5617 3604 5686 sponsi.
3631 5636 3652 5670 s

2094 5673 2400 5733 Menochius
2425 5679 2492 5734 ad
2527 5679 2579 5734 b.
2611 5681 2647 5736 l.
