3878 6270
175 305 271 363 109
1087 308 1489 369 ENARRATIO
1527 311 1596 368 ΙΝ
1631 311 1706 368 CA

1888 312 1988 371 UM
2026 311 2481 371 CANTICOKUM
2491 355 2506 369 .
3309 314 3413 371 ΗΟ

172 419 497 491 τεταγμένοι
529 420 795 493 ίερατικοὶ
816 422 1026 494 ἄνδρες,
1057 424 1105 475 οἱ
1131 424 1231 495 τὴν
1251 424 1463 497 δωρεὰν
1488 425 1582 479 τοῦ
1615 424 1703 479 λου

1883 443 1897 479 l
1926 424 2199 487 Ecclesiis.
2234 426 2431 498 quibus
2457 424 2806 483 commissum
2844 434 2927 481 est
2949 424 3145 482 donum
3188 428 3414 483 lavacri.

173 509 292 580 τροῦ
347 511 843 584 ὲγκεχειρισμένοι.
904 511 968 567 'H
1020 513 1128 585 γὰρ
1166 513 1393 586 δύναμις
1443 516 1538 569 τοῦ
1586 508 1704 586 ἁγίο

1885 516 2034 571 ’irtus
2060 519 2203 571 enim
2243 519 2417 574 sancti
2467 517 2700 584 Spiritus
2746 516 3001 572 columba:
3049 517 3416 585 assimilatur,

174 601 492 673 Πνεύματος
518 606 814 676 περιστερᾷ
842 604 1221 671 ἀπεικάζεται,
1253 607 1435 673 καθὼς
1457 609 1654 681 ἔχομεν
1683 611 1705 663 ἐ

1890 608 2187 665 thabemus
2213 611 2264 663 in
2290 609 2610 677 Evangeliis.
2647 608 2744 663 Vel
2769 610 3182 683 (signiﬁcantur)
3214 620 3416 682 septem

176 693 543 762 Εὑαγγελίοις.
585 696 654 748 Ἦ
678 695 817 750 ἑπτὰ
847 696 1136 767 ὀφθαλμοὶ,
1174 699 1300 771 περὶ
1325 692 1400 754 ὧν
1434 703 1528 755 καὶ
1565 704 1707 772 Ζαχα

1886 700 2025 767 culi,
2074 702 2140 755 de
2190 703 2384 770 quibus
2428 701 2724 758 Zacharias
2774 703 2915 774 loqui
2972 705 3102 760 mihi
3164 706 3415 760 videtur:

177 783 286 855 ρίας
311 783 502 853 λέγειν
531 803 621 856 μοι
642 786 807 840 δοκεῖ’
834 807 852 839 ι
875 788 1046 843 Ἑπτὰ
1075 783 1218 844 οὗτοι
1242 790 1509 863 ὀφθαλμοὶ
1531 793 1702 865 Κυρίο

1905 792 2122 862 Septem
2156 792 2241 848 isti
2272 805 2395 848 sunt
2423 795 2561 849 oculi
2603 795 2831 858 Domini,
2866 797 2961 867 qui
3005 796 3302 867 respiciunt
3324 812 3414 853 su-

176 874 319 939 εἰσὶν,
352 875 406 929 oi
440 875 827 940 ὲπιὸλέποντες
863 878 955 931 ἐπὶ
978 880 1157 932 πᾶσαν
1184 879 1283 952 τὴν
1315 881 1441 951 γῆν.
1468 900 1488 933 s

1039 880 1157 932 ἱσαν
1184 879 1283 952 τὴν
1315 881 1441 951 γῆν.
1468 900 1488 933 ι
1849 897 1944 953 per
1967 897 2181 936 omnem
2210 892 2410 937 terram
2440 884 2507 937 ὀ.
2550 904 2570 937 ι

235 965 417 1020 PMO'.
475 966 609 1021 Ἐπὶ
648 968 1011 1038 πληρώματα
1041 970 1297 1027 ὑδάτων.

1918 973 2146 1029 CXLIX.
2176 972 2344 1043 Super
2374 975 2718 1045 plenitudines
2749 993 3027 1047 aquarum.

247 1053 585 1122 Ἀκολούθως
609 1058 831 1123 τούτους
857 1060 1001 1130 λέγει
1043 1057 1181 1116 εἶναι
1210 1062 1347 1134 (75),
1393 1065 1482 1118 ἵνα
1512 1083 1573 1118 το
1605 1062 1743 1137 πλή-

1916 1065 2323 1136 Cousequenter
2356 1070 2453 1123 hos
2479 1070 2609 1125 dicit
2638 1086 2755 1127 esse
2779 1070 2830 1144 [ι
2871 1087 3036 1141 super
3058 1071 3416 1143 pleuitudines

179 1166 323 1220 ρωμα
363 1148 474 1219 τῆς
514 1148 607 1202 τοῦ
644 1148 868 1221 λουτροῦ
914 1150 1332 1220 παλιγγενεσίας
1373 1155 1484 1209 τῶν
1535 1155 1710 1210 ὑδάτω

1887 1158 2191 1231 quarum,s]
2219 1167 2275 1213 ut
2305 1161 2605 1216 sanetilicet
2636 1161 3020 1231 plenitudinem
3050 1178 3310 1234 aquarum
3340 1163 3418 1219 la-

180 1242 383 1312 ἀγιάσῃ.
414 1236 555 1294 Εἶτα
586 1240 826 1311 ἐπιλέγει
847 1259 863 1274 ⁸

1850 1251 1995 1305 Vacri
2036 1252 2475 1319 regenerationis.
2500 1250 2698 1308 Deinde
2723 1255 2901 1310 subdit
2935 1274 2950 1308 :

238 1333 357 1387 PN'.
396 1332 775 1403 Λελουμέναι
818 1332 890 1387 ἐν
924 1333 1176 1404 γάλακτι
1196 1374 1211 1401 ,
1265 1336 1595 1407 καθήμεναι
1644 1337 1743 1390 ἐπὶ

1918 1339 2023 1397 CL.
2046 1341 2191 1397 Lota:
2219 1344 2274 1397 in
2302 1343 2462 1410 lacte,
2495 1346 2726 1400 sedentes
2759 1361 2914 1416 super
2937 1345 3307 1416 plenitudines.

182 1426 551 1497 πληρώματα.

250 1518 333 1572 Ἐν
376 1522 447 1588 τῇ
499 1520 599 1591 τῆς
643 1520 878 1584 ἅκακίας
919 1520 1204 1593 λευκότητι
1229 1539 1242 1552 ·
1281 1523 1374 1576 ἐπὶ
1413 1523 1741 1597 πληρώματι

1917 1518 2244 1576 Ιηηοοοηῐῑιε
2268 1522 2522 1578 candore.
2555 1519 2611 1576 In
2650 1521 2987 1591 plenitudine
3022 1523 3409 1589 Ecclesiarum,

182 1608 274 1663 τῶν
307 1611 673 1683 Ἐκκλησιῶν,
707 1612 1070 1684 καθεξόμεναι
1100 1615 1192 1669 ἐπὶ
1239 1616 1299 1669 τὸ
1346 1616 1617 1688 πλήρωμα
1644 1623 1713 1672 τολ

1879 1612 2097 1668 edentes
2121 1615 2175 1668 in
2208 1616 2535 1685 plenitudine
2575 1615 2726 1685 legis.
2775 1616 2979 1671 scilicet
3001 1616 3053 1670 in
3087 1616 3408 1673 dilectione:

184 1704 349 1773 νόμου,
368 1703 473 1775 τὴν
498 1704 741 1775 ἀγάπην·
771 1705 1082 1776 «Πλήρωμα
1094 1705 1203 1778 γὰρ
1228 1707 1464 1780 νόμου,ἡ
1489 1710 1715 1781 ἀγάπη.⁴

1917 1703 2139 1759 Dilectio
2191 1708 2334 1760 enim
2384 1706 2661 1776 plenitudo
2709 1706 2845 1777 legis
2877 1707 2946 1762 ⁹¹.
2991 1727 3010 1759 ι
3070 1707 3243 1778 Super
3274 1708 3411 1765 hanc

192 1796 299 1849 Ἐπὶ
324 1795 535 1868 ταύτην
562 1797 850 1862 καθέζεται
871 1798 932 1852 τὸ
962 1798 1113 1867 ἆγιον
1140 1799 1386 1872 Πνεῦμα,
1421 1803 1517 1855 xal
1546 1803 1641 1857 ἐπὶ
1670 1804 1723 1857 τέ

1874 1796 1996 1849 edet
2027 1796 2257 1864 Spiritus
2303 1806 2541 1863 sanctus,
2573 1808 2627 1854 et
2654 1813 2815 1868 super
2838 1797 3196 1856 Ecclesiarum
3230 1800 3402 1871 pleni—

185 1888 276 1941 τών
314 1888 653 1960 Ἑκκλησιῶν
678 1888 1039 1961 πληρώματα.

545 1888 653 1943 τιῶν
678 1888 1039 1961 πληρώματα.
1847 1888 2076 1942 tudines.

244 1980 401 2035 PNA'.
438 1982 535 2035 Στ.
558 1980 642 2035 ιλ’.
697 1982 979 2051 Σιαγόνες
1021 1981 1207 2039 αὑτοῦ
1268 1984 1349 2051 ὡς
1388 1987 1596 2055 φιάλαι
1639 1985 1745 2041 τοῦ

1917 1977 2045 2033 CLI.
2073 1978 2234 2035 Vens.
2268 1982 2356 2038 15.
2402 1981 2561 2038 Cena:
2608 1985 2770 2055 ipsius
2809 1994 2867 2039 ut
2913 1986 3108 2056 phiala:
3134 1988 3409 2053 aromatis,

188 2070 469 2140 ἁρὼματος
490 2112 506 2136 ,
541 2073 807 2141 φύουσαι
829 2072 1146 2142 μυρεψικιὶ

974 2072 1146 2141 rga-md.
1845 2073 2193 2140 germinantes
2222 2084 2505 2144 unguenta.

246 2163 435 2217 Τούτου
466 2164 580 2236 γάρ
604 2163 704 2227 τὰς
734 2164 988 2232 σιαγόνας
1013 2165 1232 2233 φιάλαις
1259 2166 1569 2237 ἀρωμάτων
1602 2166 1746 2219 είκό-

1917 2161 2045 2232 Ejus
2071 2179 2236 2234 genas
2271 2166 2465 2237 phialis
2494 2175 2800 2223 aromatum
2845 2179 2970 2239 apte
2996 2170 3259 2226 assimilat
3294 2188 3413 2229 sau-

190 2271 279 2319 τως
311 2256 602 2320 ἀπεικάζει
643 2258 676 2327 ἡ
727 2254 845 2309 θεία
873 2255 1084 2327 Γραφὴ,
1111 2256 1211 2328 τὴν
1253 2257 1479 2312 εὐωδίαν
1508 2257 1721 2312 πνευσάι

1883 2262 1932 2307 ta
1965 2252 2266 2325 Scriptura,
2316 2274 2434 2329 qua:
2459 2273 2681 2314 suavem
2710 2261 2857 2317 olent
2896 2262 3114 2317 odorem
3154 2266 3412 2319 aromatis

191 2365 291 2411 σοις
332 2348 443 2419 (76)
488 2346 589 2401 τοῦ
640 2346 739 2418 τῆς
785 2347 1020 2411 πίστεως
1058 2346 1373 2420 ἀρώματος.
1431 2368 1451 2401 ι
1511 2349 1722 2404 Φύουσα

1886 2344 1989 2399 .lei.
2023 2363 2043 2397 ι
2080 2344 2461 2404 Germinantes
2486 2358 2778 2421 unguenta,
2815 2369 2834 2402 ι
2859 2366 3018 2407 sacra
3040 2352 3328 2425 Evangelia
3347 2369 3411 2408 ex

196 2438 504 2511 μρεψικάμ
539 2439 612 2493 τά
628 2438 759 2508 ἅγια
790 2437 1093 2507 Εὐαγγέλια
1125 2438 1234 2492 ἀπὸ
1262 2441 1361 2511 τῆς
1387 2438 1497 2495 τῶν
1528 2458 1727 2514 προφη-

1886 2435 2225 2505 rophelarum
2264 2447 2557 2511 apparatu,
2588 2441 2782 2507 quibus
2808 2443 2898 2513 qui
2933 2443 3283 2516 intinguntur,
3322 2464 3413 2501 na-

193 2530 282 2584 τῶν
312 2529 631 2595 σκευασίας,
660 2530 804 2601 άπερ
829 2530 879 2583 οί
902 2529 1209 2600 χρειόμενοι
1238 2530 1352 2600 (77)
1386 2530 1486 2596 τὰς
1514 2532 1615 2602 τῆς
1641 2532 1724 2603 ψυ·

1881 2542 1932 2581 es
1965 2528 2161 2584 anima:
2195 2541 2467 2601 unguento
2498 2532 2763 2598 oblinunt,
2798 2542 2857 2588 ut
2887 2538 3182 2591 carnalium
3204 2541 3412 2607 cupidi-

195 2622 280 2692 χῆς
308 2621 625 2695 μυρίζονται
655 2623 824 2694 ῥῖνας,
849 2619 937 2674 ἴνα
964 2622 1063 2692 τὴν
1095 2621 1369 2675 δυσωδίαν
1397 2623 1726 2679 ἀποϐάλωσιπ

1847 2627 2013 2675 latum
2046 2631 2099 2677 et
2132 2624 2351 2679 nefariae
2380 2626 2829 2695 concupiscentiae
2856 2629 3085 2685 fetorem
3112 2640 3352 2686 arceant.

197 2714 282 2768 τῶν
309 2714 584 2787 σαρκικῶν
619 2712 850 2785 ὀρέξεων
877 2716 969 2770 καὶ
998 2714 1216 2788 μιαρῶν
1240 2714 1543 2786 ἐπιθυμιῶν
1969 2748 1975 2756 -

252 2806 403 2862 PNB'.
453 2809 643 2873 Χειλη
672 2806 859 2861 αὐτοῦ
912 2806 1087 2877 κρίνα
1128 2803 1421 2868 στάζοντα
1465 2808 1742 2878 σμύρναν

1912 2793 2061 2850 CLII.
2095 2795 2256 2851 Labia
2285 2798 2398 2867 ejus
2424 2798 2539 2853 lilia
2582 2799 2839 2855 stillantia
2885 2802 3150 2872 myrrham
3177 2804 3406 2873 plenam.

199 2903 386 2953 πλήρη.

254 2903 265 2951 l
371 2939 386 2953 .
604 2899 610 2902 ⁴

254 2898 455 3061 έῗῗνοις
505 2990 623 3061 γὰρ
661 2990 767 3044 τῶν
803 2989 976 3059 λόγων
1014 2989 1314 3062 λευκότητα
1358 2989 1736 3046 ἀπεικαστέον.

1911 2972 2065 3030 Liliis
2102 2976 2246 3031 enim
2298 2977 2674 3034 assimilandus
2706 2993 3017 3034 sermonum
3056 2979 3277 3034 candor.
3341 2979 3403 3034 lli

202 3074 328 3136 (ἦτοι
356 3084 463 3155 γὰρ
492 3082 751 3147 στάζουσι
782 3082 1027 3153 σμύρναν
1069 3082 1250 3154 πλήρη
1282 3081 1379 3154 τὴν
1413 3081 1524 3135 τῶν
1567 3082 1733 3151 ἁγίων

1877 3066 1982 3118 nim
2006 3066 2210 3122 stillant
2229 3069 2502 3139 myrrham
2534 3069 2769 3139 plenam,
2785 3080 3090 3124 sanctorum
3113 3079 3406 3141 martyrum

486 3127 690 3246 saepiri,
721 3127 988 3242 λέγοντι-ες·
1020 3192 1039 3225 ι
1070 3127 1349 3245 Μαζάρεοξ
1375 3174 1424 3228 el
1449 3127 1737 3244 δεδιωγμέ-

1875 3155 2196 3225 epulturam,
2234 3127 2476 3214 dicentes
2513 3127 2549 3214 τ’
2583 3178 2602 3211 ι
2661 3159 2806 3214 Beati
2844 3159 2934 3228 qui
2978 3127 3406 3226 persecutionem

204 3282 265 3320 νοι
286 3267 456 3322 ἕνεκεν
476 3266 851 3338 δικαιοσύνης,
884 3265 966 3319 ὅτι
1001 3264 1180 3320 αὐτῶν
1210 3268 1358 3319 ἐστιν
1398 3267 1432 3335 ἡ
1469 3262 1734 3335 βασιλεία.

1884 3252 2126 3304 atiuntur
2163 3259 2384 3320 prepter
2405 3251 2668 3323 justitiam
2696 3294 2712 3319 ,
2751 3254 3002 3322 quoniam
3040 3254 3274 3324 ipsorum
3325 3262 3410 3309 est

1879 3355 2064 3372 αηιιιηνι
2097 3341 2145 3372 οι
2202 3359 2218 3372 ι

1845 3354 2064 3409 regnum
2098 3354 2165 3395 ".
2200 3359 2218 3392 s

258 3443 404 3501 PNI".
437 3446 530 3501 Στ.
581 3445 660 3501 ιδ’.
702 3444 900 3514 Χεὶρες
931 3444 1114 3500 αὐτοῦ
1150 3443 1420 3514 τορευταί
1439 3484 1454 3510 ,
1482 3439 1734 3512 χρυσαῖ,

1913 3429 2089 3486 CLlll.
2119 3431 2281 3487 Vens.
2325 3431 2415 3488 14.
2458 3430 2648 3489 Manus
2694 3435 2807 3505 ejus
2853 3436 3164 3502 tornatiles,
3202 3453 3405 3501 aurem,

205 3539 628 3609 πεπληρωμέναι
658 3538 899 3607 Θαρσίς.

756 3538 899 3604 οσίς,
1842 3524 2011 3594 plene
2051 3523 2287 3581 Tharsis.

262 3628 431 3697 Σαφῶς
462 3630 570 3701 ἠδη
615 3628 710 3681 καὶ
749 3625 997 3698 φανερῶς
1044 3626 1077 3697 ἡ
1109 3625 1231 3680 θεία
1264 3625 1361 3681 καὶ
1395 3624 1737 3697 πνευματικὴ

1910 3615 2237 3671 Luculenter
2256 3618 2369 3688 jam
2400 3626 2454 3674 et
2473 3625 2657 3687 aperte
2674 3633 2827 3673 sacra
2849 3628 2905 3675 et
2930 3618 3225 3688 spiritualis
3250 3617 3402 3674 Scri-

207 3714 360 3789 Γραφὴ
389 3720 479 3772 καί
524 3717 639 3771 τῶν
682 3718 824 3771 κατὰ
855 3717 946 3770 τὸν
973 3715 1204 3788 σταυρὸν
1236 3715 1381 3786 ἥλων
1405 3715 1499 3769 τοῦ
1532 3716 1737 3787 Κυρίου

1875 3722 1998 3761 aura
2030 3708 2300 3765 clavorum
2342 3709 2394 3763 in
2424 3724 2585 3765 cruce
2620 3709 2828 3764 Domini
2869 3710 3187 3780 positionem
3230 3726 3406 3765 enun-

209 3808 484 3879 ἁναγορεύει
520 3810 624 3881 τὴν
663 3808 829 3862 θέσιν.
869 3807 1133 3877 Ὀπηνίκα
1173 3805 1398 3859 ὲτάνυσε
1428 3805 1527 3868 τάς
1552 3808 1738 3876 χεῖρας

1873 3801 1963 3852 iat.
1997 3798 2221 3866 Quando
2250 3799 2507 3869 expandit
2529 3814 2718 3854 manus
2754 3799 3011 3854 Dominus
3039 3808 3221 3855 noster
3246 3797 3404 3855 Iesus

208 3897 488 3975 ὁΔεσπὸτ-ης
514 3899 678 3973 ἡμῶν
708 3897 939 3970 Χριστὸς
964 3895 1056 3951 ἐπὶ
1078 3894 1172 3948 τοῦ
1214 3895 1471 3967 σταυροῦ,
1495 3895 1617 3949 τότε
1646 3911 1739 3964 γε·

1867 3889 2089 3945 lhristus
2128 3890 2179 3943 iu
2207 3905 2387 3956 cruce,
2435 3897 2562 3945 tunc
2598 3887 2754 3945 factae
2798 3899 2924 3943 sunt
2953 3889 3265 3954 tornatiles,
3298 3888 3398 3943 im-

210 3990 363 4057 γόνασι
386 3994 660 4066 τορευταὶ,
696 3994 808 4055 τοῖς
831 3991 1021 4053 τύποις
1047 3987 1155 4042 τῶν
1180 3987 1325 4059 ¹ῆλων
1352 3986 1695 4059 τορευθεῖσαι
1717 3999 1733 4015 °

1880 3981 2207 4036 ressionibus
2234 3980 2507 4035 clavorum
2537 3990 2761 4037 tornatm
2782 3997 2797 4045 ;
2818 3995 2996 4036 aureae
3022 3995 3150 4036 vero
3189 3993 3407 4050 propter

212 4085 370 4149 χρυσαῖ
406 4082 483 4146 δὲ,
515 4081 612 4135 διὰ
636 4079 734 4151 τὴν
767 4078 1133 4150 καθαρότητα,
1162 4077 1255 4130 καὶ
1284 4075 1371 4129 διὰ
1402 4075 1462 4129 τὸ
1487 4074 1738 4146 ἀναμάρ-

1870 4074 2072 4127 nitorem
2113 4079 2167 4125 et
2211 4071 2570 4130 innocentiam
2614 4072 2791 4127 omnis
2849 4073 3052 4142 peccati
3105 4079 3401 4143 expertem.

212 4185 355 4239 τητον.
382 4173 452 4225 Τὸ
473 4172 558 4237 δὲ,
597 4189 615 4222 ι
649 4168 1074 4241 πεπληρωμέναι
1099 4166 1323 4238 Θαρσὶς,
1362 4185 1381 4217 ι
1426 4164 1739 4239 περιφανῶς

1881 4161 2056 4217 Plena:
2087 4158 2361 4227 Tbarsis,»
2382 4159 2659 4214 manifeste
2668 4158 2776 4228 iam
2806 4160 3254 4229 complementum
3276 4173 3405 4213 con-

214 4259 292 4331 ἠδη
314 4262 368 4315 τδ
391 4263 662 4336 πλήρωμα
684 4260 784 4331 τῆς
805 4259 912 4313 τῶν
946 4258 1115 4312 ἐθνῶν
1159 4258 1495 4329 ἐπιστροφῆς
1524 4274 1740 4329 προμη-

1871 4252 2107 4307 'ersionis
2141 4252 2376 4320 gentium
2422 4251 2733 4321 prophetice
2770 4250 2987 4304 indicat.
3014 4248 3234 4303 Tharsis
3259 4248 3402 4302 enim

218 4350 325 4406 νύει.
366 4354 562 4427 Θαρσὶς
604 4354 715 4426 γὰρ
741 4351 1104 4426 ἑρμηνεύεται
1156 4349 1489 4420 ἐπιστροφὴ
1521 4349 1731 4420 χαρᾶς.

1871 4352 2227 4412 nterpretatur
2255 4341 2520 4396 conversio
2552 4342 2754 4413 gaudii.
2788 4339 3003 4397 Christo
3038 4338 3179 4396 enim
3212 4348 3402 4394 exten-

217 4440 412 4511 Χριστοῦ
450 4446 561 4518 γὰρ
605 4448 929 4507 τανύσαντος
969 4444 1062 4497 ἐπὶ
1109 4441 1341 4514 σταυροῦ
1370 4442 1470 4505 τὰς
1517 4445 1735 4514 χεῖρας,

1868 4435 2006 4489 lente
2035 4449 2226 4489 manus
2245 4435 2296 4487 in
2318 4448 2498 4500 cruce,
2515 4433 2750 4488 Ecclesia
2774 4448 2833 4489 se
2855 4432 3121 4488 convertit
3137 4431 3203 4487 ad
3227 4433 3399 4497 ipsum

219 4531 474 4608 ἐπέστρεψε
506 4537 647 4610 πρὸς
698 4536 857 4591 αὐτὸν
902 4538 936 4607 ἡ
1003 4534 1297 4604 Ἐκκλησία
1344 4534 1480 4606 μετὰ
1526 4535 1734 4605 χαρᾶς,

1868 4542 1965 4579 :um
2018 4525 2236 4597 gaudio,
2276 4525 2461 4580 dicens
2491 4541 2511 4581 :
2545 4542 2564 4576 ι
2615 4525 2670 4579 1η
2704 4525 2917 4605 ,umbra
2945 4525 3151 4579 alarum
3189 4533 3399 4578 tuarum

222 4622 434 4693 λέγουσα”
465 4648 485 4681 ι
529 4630 620 4682 Ἐν
644 4630 710 4699 τῇ
739 4626 913 4698 σκέπῃ
942 4627 1049 4679 τῶν
1076 4624 1362 4694 πτερύγων
1390 4641 1482 4677 σου
1508 4623 1733 4677 ὲλπιῶ·›

1868 4620 2062 4689 perabo
2090 4620 2172 4686 ";
2208 4638 2226 4671 ι
2252 4627 2305 4674 et
2336 4634 2560 4674 rursus:
2598 4637 2617 4671 ι
2648 4618 2701 4672 in
2734 4620 2922 4673 umbra
2954 4618 3159 4672 alarum
3193 4626 3399 4672 tuarmu

220 4717 293 4768 καὶ
314 4720 461 4775 πάλιν
481 4740 495 4754 ·
532 4738 552 4772 ι
604 4721 692 4774 Ἔν
720 4720 895 4790 σκέπῃ
932 4718 1040 4772 τῶν
1080 4716 1368 4788 πτερύγων
1407 4732 1502 4769 σου
1537 4716 1741 4771 σκεπά-

1879 4720 2089 4782 roteges
2133 4726 2220 4767 me
2249 4712 2332 4778 ";
2372 4731 2392 4765 ι
2449 4721 2549 4767 et:
2592 4730 2611 4764 ι
2651 4709 2876 4774 Venite,
2926 4710 3257 4766 exsultemus
3296 4707 3403 4764 Do-

223 4821 311 4871 σεις
335 4826 426 4878 με*
449 4829 470 4863 s
508 4810 821 4875 καὶ,Δεῦτε,
850 4807 1311 4879 ἀγαλλιασώμεθα
1341 4806 1418 4878 τῷ
1449 4807 1662 4879 Κυρίῳ.
1838 4805 1985 4859 tuino
2016 4804 2084 4857 ⁸⁵.
2120 4822 2139 4857 ι

273 4895 415 4952 PNA'.
453 4901 660 4956 Κοιλία
698 4899 915 4964 αὐτοῦ,
945 4898 1166 4964 πυξίον
1206 4882 1732 4967 ἐλεφάντινονύέπί

1908 4893 2087 4950 CLIV.
2132 4892 2319 4949 Venter
2358 4894 2472 4964 ejus
2513 4894 2664 4965 pyxis
2711 4892 2934 4948 eburnea
2979 4907 3136 4960 supe'
3178 4890 3400 4960 'apidem

221 4985 362 5041 λίθου
389 4992 739 5061 (magae/pou.

1838 4986 2161 5057 sapphirum.
2590 5038 2601 5044 .

274 5079 486 5146 Κοιλίαν,
515 5080 688 5156 οἶμαι,
714 5082 807 5137 τοῦ
836 5082 1008 5153 Λόγου
1038 5082 1128 5137 τὸν
1152 5081 1261 5137 τῶν
1282 5083 1450 5151 ἁγίων
1469 5082 1615 5152 λέγει
1643 5099 1731 5152 χο-

1911 5079 2163 5137 Ventrem
2186 5120 2204 5148 ,
2241 5082 2453 5150 opinor,
2488 5078 2647 5134 Verbi
2690 5075 2919 5148 appellat
2944 5076 3166 5139 chorum
3189 5083 3399 5130 sancto-

227 5167 325 5235 P’a‘t.
364 5174 584 5246 καθαρὸν
631 5167 880 5245 καθάπερ
924 5174 1107 5241 πυξίον
1143 5173 1517 5244 ἐλεφάντινον,
1563 5174 1733 5245 ῥύπον

1868 5188 1995 5238 υηι,
2020 5188 2212 5242 purum
2252 5174 2400 5229 velut
2433 5172 2680 5244 pyxidem
2714 5174 3007 5227 eburneam
3046 5183 3166 5238 qua:
3213 5167 3399 5222 sordes

228 5262 286 5329 μὴ
306 5260 581 5334 δεχόμενον,
610 5266 695 5336 ἐφ’
729 5260 788 5319 οὗ
821 5264 1008 5331 πυξίου
1044 5265 1408 5336 πνευματικοῦ
1443 5264 1552 5337 (78)
1588 5265 1732 5319 κοδί-

1865 5281 1944 5319 non
1978 5267 2283 5333 contrahit,
2334 5281 2495 5336 super
2533 5280 2638 5335 qua
2672 5264 2977 5336 spirituales
3003 5260 3233 5318 codicilli
3264 5261 3396 5317 scri-

280 5414 318 5445 ⁹⁶
344 5417 492 5475 Zacb.
520 5438 594 5485 Iv,
634 5423 716 5478 ιο.
792 5424 835 5455 ’ί
867 5422 1021 5478 Rom.
1052 5438 1170 5488 xm,
1205 5421 1293 5477 10.
1366 5423 1413 5454 ⁸³
1442 5420 1627 5475 Matth.
1665 5436 1720 5485 v,
1752 5419 1811 5475 l0

1961 5424 2089 5482 Psal.
2112 5442 2220 5491 LVI,
2244 5426 2299 5481 2.
2369 5425 2416 5459 ”
2448 5424 2588 5481 Psal.
2623 5442 2734 5490 xvr,
2765 5424 2851 5481 10.
2928 5423 2974 5457 ⁸⁸
3014 5420 3318 5484 Psalacnv,
3347 5421 3399 5473 l.

284 5577 378 5650 (75)
415 5583 653 5657 Suspicor
700 5587 788 5643 hic
836 5587 1022 5643 deesse
1072 5585 1165 5639 ἐπὶ
1208 5583 1548 5657 πληρώματα
1601 5583 1730 5637 eaa—

1155 5603 1165 5638 ι
1208 5583 1548 5657 πληρώματα
1601 5583 1730 5637 ύὸάο
1899 5585 2009 5652 (77)
2049 5583 2355 5652 Legendum
2392 5584 2686 5657 χριόμενοι.

230 5660 372 5727 "2-.
426 5721 465 5727 μ
516 5655 523 5657 ⁷
860 5725 877 5727 _
1304 5655 1333 5657 7‘
1424 5724 1431 5727 _

1304 5655 1333 5657 Ἥ
1424 5724 1431 5727 _
1899 5658 2009 5726 (78)
2051 5657 2187 5727 Lege
2214 5655 2589 5725 πνευματικοί.

289 5719 380 5791 06)
419 5721 502 5780 Sic
524 5728 816 5784 emendavi.
854 5725 1013 5783 Barb.
1039 5735 1095 5783 et
1123 5740 1271 5783 meus
1306 5724 1529 5779 πνεύσα.
