3862 6270
453 371 546 425 III
1561 367 1876 424 PHILONIS
1912 365 2218 424 EPISCOPI
2252 365 2568 424 CARPASII
3573 366 3694 424 ΗΞ.

447 491 671 552 buntur,
701 501 808 543 non
838 489 1044 546 terreni
1075 489 1430 561 principatus,
1451 489 1547 544 sed
1580 489 1732 560 regni
1755 489 1998 563 caelestis

2129 485 2295 539 κελλοι
2319 486 2636 558 γράφονται,
2672 484 2771 537 οὐκ
2797 482 3044 553 ὲπιγείας
3067 484 3260 556 ἀρχῆς,
3294 484 3407 539 ἀλλ’
3437 487 3692 558 ἐπουρα-

444 577 539 634 IlIa
576 583 771 646 verba,
823 598 844 632 s
874 597 1036 650 super
1081 581 1310 650 lapidem
1352 579 1696 650 sapphirum,
1722 598 1742 633 ι
1793 580 1844 634 id
1884 589 1998 650 putt

2129 578 2226 631 ρίου
2275 577 2567 648 βασιλείας.
2606 576 2679 630 Τὸ
2729 575 2824 640 δὲ,
2899 592 2918 627 ι
2960 578 3056 630 ἐπὶ
3086 575 3232 629 λίθου
3281 577 3606 649 σαπφείρου,
3659 594 3684 630 ι

445 669 756 740 signiﬁcare
777 713 794 740 ,
843 673 982 742 quod
1027 672 1479 742 quemadmodum
1507 671 1820 742 sapphirus,
1853 672 1998 742 quid-

2129 663 2268 738 ἧμαι
2289 709 2302 733 ,
2347 668 2641 738 ἐπειδήπερ
2667 669 2696 720 ό
2725 666 3022 738 σάπφειρος
3042 707 3056 731 ,
3093 659 3138 734 ᾧ
3183 667 3495 738 πλησιάζει,
3519 667 3691 722 τοῦτο

445 762 574 832 quid
631 777 798 834 prope
840 763 941 818 sibi
988 772 1100 829 est,
1143 763 1210 818 ad
1247 777 1306 818 se
1356 762 1557 834 trahit}
1592 761 1667 818 ita
1705 771 1998 817 sanctorum

2129 761 2254 832 πρὸς
2295 759 2484 812 ἑαυτὸν
2520 759 2728 828 ἐπισπᾷ
2748 775 2762 788 ·
2791 757 2964 820 οὕτως
2990 758 3083 812 καὶ
3113 757 3220 811 τῶν
3247 759 3415 828 ἁγίων
3438 761 3488 812 οἱ
3526 758 3690 831 χοροὶ

446 852 598 907 chori
618 868 710 908 eos
742 853 1010 908 deducunt
1046 869 1229 908 secum
1271 853 1336 913 ad
1368 865 1590 920 regnum
1629 850 1886 905 caelorum
1920 865 1998 921 qu.

2129 851 2233 903 seB’
2259 851 2463 904 ἑαυτῶν
2489 851 2612 914 τοὺς
2642 849 3036 920 πλησιάζοντας
3067 849 3246 904 αὐτῶν
3269 854 3333 922 τῇ
3360 850 3690 923 διδασκαλίᾳ

447 943 713 998 accedunt
743 944 808 998 ad
830 959 1015 998 eorum
1036 943 1359 998 doctrinam.
1936 948 1941 953 '

2129 943 2193 1006 είς
2227 942 2325 1012 τὴν
2353 941 2460 994 τῶν
2488 941 2731 1013 οὐρανῶν
2764 942 3022 1010 ἀνάγουσι
3053 942 3166 1012 (79)
3199 942 3495 1012 βασιλείαν.

516 1033 668 1090 CLV.
697 1034 858 1088 Vens.
904 1034 990 1090 I5.
1024 1033 1196 1089 Crura
1231 1035 1343 1104 ejus
1385 1036 1639 1093 columna
1685 1055 1998 1094 marmorea.

2179 1032 2349 1085 PNE'.
2370 1033 2457 1086 Στ.
2489 1037 2567 1084 ιε’.
2598 1030 2830 1101 Κνῆμαι
2850 1032 3057 1098 αὐτοῦ,
3078 1034 3288 1087 στύλοι
3297 1032 3682 1102 μαρμάρινα.

522 1120 692 1174 Crura
722 1128 893 1175 totum
925 1137 1121 1193 corpus
1159 1133 1396 1194 portant,
1418 1126 1864 1195 quemadmodum
1885 1143 2012 1197 apo-

447 1210 569 1266 stoli
601 1211 767 1266 veluti
795 1211 1058 1268 columnae
1088 1216 1397 1269 universam
1432 1226 1648 1287 portant
1695 1217 2008 1274 Ecclesiam.

446 1301 761 1357 Marmorea:
795 1317 925 1358 vero
966 1305 1305 1375 appellantur
1349 1318 1569 1378 propter
1602 1309 2009 1375 ﬁrmitudinem,

445 1401 666 1462 propter
707 1392 1052 1450 stabilitatem
1074 1433 1088 1460 ,
1115 1407 1333 1466 propter
1366 1400 1674 1468 puritatem.
1705 1400 1827 1456 Haec
1865 1403 2009 1456 enim

445 1485 626 1540 omnia
657 1487 857 1541 suntin
880 1487 1137 1556 apostolis
1172 1498 1390 1559 propter
1430 1489 1554 1546 ﬁdei
1592 1492 1938 1554 soliditatem.

513 1659 692 1716 CLVI.
720 1659 982 1716 Fundatte
1008 1678 1164 1728 super
1186 1663 1333 1717 bases
1365 1680 1574 1720 aureas.

514 1751 570 1805 Id
593 1746 696 1816 est,
725 1767 886 1821 super
917 1752 1006 1807 Dei
1036 1755 1308 1808 mandata.

2184 1122 2249 1174 Ai
2281 1120 2486 1191 κνῆμαι
2519 1121 2580 1174 τὸ
2604 1123 2710 1175 πᾶν
2740 1122 3062 1193 βαστάζουσι
3083 1122 3175 1176 τοῦ
3209 1122 3474 1193 σώματος,
3499 1124 3685 1177 καθά-

2111 1227 2219 1284 περ
2249 1212 2344 1264 καὶ
2390 1214 2440 1265 οἱ
2487 1211 2773 1266 ἀπόστολοι
2811 1212 3017 1266 στύλων
3048 1213 3202 1285 δίκην
3233 1214 3330 1285 τὴν
3361 1216 3541 1268 πᾶσαν
3577 1215 3688 1285 βα-

2113 1303 2399 1366 στάζουσιν
2471 1301 2814 1372 Ἐκκλησίαν.
2865 1303 3217 1374 Μαρμάρινοι
3255 1303 3312 1357 δὲ
3358 1303 3682 1374 κέκληνται,

2109 1391 2196 1444 διὰ
2224 1391 2322 1463 τὴν
2347 1391 2702 1460 στερρότητα,
2729 1392 2818 1445 διὰ
2841 1391 2938 1463 τὴν
2969 1393 3306 1464 ἑδραιότητα,
3341 1395 3430 1449 διὰ
3449 1395 3545 1466 τὴν
3572 1413 3684 1450 κα-

2110 1483 2401 1554 θαρότητα.
2438 1482 2621 1536 Ταῦτα
2654 1485 2762 1555 γὰρ
2804 1485 2980 1538 πάντα
3024 1488 3138 1550 τοῖς
3171 1486 3342 1554 ἁγίοις
3385 1487 3686 1558 πρόσεστιν

2108 1572 2439 1637 ἀποστόλοις,
2466 1573 2553 1626 διὰ
2575 1572 2636 1626 τὸ
2665 1573 2976 1645 στερέμνιον
3009 1576 3106 1645 τῆς
3136 1575 3390 1640 πίστεως.

2180 1666 2366 1732 ΡΝἴῖν.
2395 1664 2884 1735 Τεθεμελιωμέναι
2913 1666 3007 1720 ἐπὶ
3030 1665 3245 1732 ,Βάσεις
3274 1665 3526 1734 χρυσᾶς.

2181 1757 2356 1828 Ὅπερ
2384 1757 2551 1820 ἐστὶν,
2578 1759 2670 1810 ἐπὶ
2704 1758 2799 1821 τὰς
2829 1756 2924 1810 τοῦ
2957 1757 3090 1811 Θεοῦ
3116 1757 3351 1822 ἐντολάς.

514 1842 714 1899 CLVII.
740 1842 942 1914 Species
969 1845 1081 1914 ejus
1121 1855 1176 1899 ut
1219 1845 1451 1902 Libanus
1473 1887 1489 1913 ,
1535 1849 1727 1904 electus
1757 1859 1812 1903 ut
1841 1850 1998 1905 cedri.

2169 1848 2338 1901 PNZ'.
2379 1845 2558 1914 Εἶδος
2602 1849 2788 1903 αὐτοῦ
2816 1850 2897 1914 ὡς
2934 1850 3218 1916 Λίϐανος,
3266 1851 3549 1919 ἐκλεκτὸς
3589 1852 3682 1921 ὡς

510 2016 688 2088 Ipsius
737 2017 938 2074 Christi
989 2018 1379 2074 humanitatem
1421 2018 1683 2074 assimilat
1735 2021 2008 2077 veteribus

443 2110 619 2184 iustis.

512 2201 733 2260 CLVIII.
779 2200 943 2256 Vnus.
978 2199 1066 2256 16.
1115 2198 1312 2255 Guttur
1348 2201 1462 2271 ejus
1486 2200 1726 2267 dulcedo,
1775 2211 1822 2256 et
1866 2210 2006 2256 totus

445 2296 777 2352 desiderium.
2006 2307 2010 2331 ί

515 2383 808 2440 IEstimato
830 2383 1085 2439 melliﬂua
1112 2383 1278 2438 verba
1308 2383 1606 2439 dulcedinis
1629 2383 1860 2452 gutturis
1888 2383 2007 2454 ejus

444 2493 510 2533 ex
548 2479 719 2533 sacris
753 2475 1051 2547 Scripturis
1074 2517 1090 2543 ,
1123 2476 1312 2531 saltem
1355 2475 1532 2547 aliqua
1580 2493 1649 2531 ex
1693 2485 1882 2547 parte:
1909 2492 2005 2532 ne-

445 2583 552 2638 que
573 2568 715 2623 enim
745 2568 923 2622 omnia
961 2565 1182 2638 poteris.
1236 2585 1255 2620 (
1281 2566 1477 2623 Guttur
1517 2566 1633 2636 ejus
1671 2568 1915 2633 dulcedo,
1951 2577 2008 2624 et

447 2667 589 2714 totus
629 2659 976 2714 desiderium.
1005 2679 1026 2712 ›
1061 2689 1131 2700 -
1160 2677 1179 2711 ‹
1202 2659 1419 2724 Venite,
1450 2679 1470 2712 ι
1514 2661 1717 2729 inquit,
1759 2681 1778 2713 ί
1807 2661 1896 2730 qui
1929 2657 2008 2716 la-

445 2749 651 2805 boratis
671 2759 724 2805 et
747 2750 955 2806 onerati
997 2752 1160 2818 estis,
1195 2760 1250 2806 et
1279 2766 1377 2821 ego
1404 2751 1638 2806 reficiam
1669 2767 1764 2808 vos
1786 2753 1853 2806 ⁸⁸.
1883 2772 1902 2806 ι
1935 2782 2006 2794 --

445 2838 641 2895 Guttur
691 2840 807 2910 ejus
855 2840 1099 2897 dulcedo.
1147 2869 1221 2882 —--
1261 2841 1562 2909 cConIide,
1619 2843 1693 2897 ﬁli
1739 2862 1753 2899 :
1821 2844 2004 2899 dimit-

445 2939 634 2986 tuntur
672 2932 768 2988 tibi
805 2941 1023 3004 peccata
1073 2941 1160 2988 tua
1187 2934 1252 2986 ⁸⁷.
1289 2953 1310 2987 s
1349 2963 1420 2974 —
1449 2953 1468 2986 ι
1507 2933 1700 2990 Guttur
1734 2935 1851 3005 ejus
1888 2935 2006 2991 dul-

445 3023 598 3078 cedo.
630 3041 651 3076 ι
688 3054 758 3063 -
796 3040 816 3075 t
849 3022 1024 3093 Surge
1071 3042 1090 3077 ι
1154 3023 1334 3094 igitur,
1413 3042 1432 3076 ι
1471 3033 1526 3080 et
1572 3026 1696 3080 tolle
1727 3026 2004 3096 grabatum

2107 1935 2324 1989 κέδροι.

2178 1954 2208 1988 o
2251 1954 2324 1989 οι.

2177 1954 2250 2079 TI;
2270 2025 2606 2097 ἀνθρώπινον
2631 2025 2796 2081 αὐτοῦ
2855 2027 2950 2081 τοῦ
2987 2028 3223 2100 Χριστοῦ
3260 2031 3371 2094 τοῖς
3399 2031 3562 2086 πάλαι
3589 2034 3680 2087 δι-

2108 2118 2285 2181 καίοις
2315 2120 2506 2188 ὁμοιοῖ.

2182 2211 2359 2264 ΡΝΗν.
2395 2212 2486 2265 Στ.
2529 2217 2623 2277 ις’.
2652 2211 2891 2283 Φάρυγξ
2929 2213 3115 2268 αὐτοῦ
3152 2217 3502 2287 τλυκασμός
3527 2217 3678 2288 (80),

2006 2307 2011 2331 ί
2106 2301 2207 2355 καὶ
2235 2301 2372 2367 ὅλος
2408 2303 2704 2371 ἐπιθυμία.

2188 2391 2529 2459 Ἀναλογίζου
2558 2392 2614 2445 δὲ
2639 2393 2736 2462 τῆς
2763 2390 3095 2464 γλυκύτητος
3135 2393 3226 2448 τοῦ
3257 2396 3534 2468 φάρυγγος
3565 2398 3669 2452 αὐ-

2106 2481 2200 2536 τοῦ
2223 2482 2292 2535 τὰ
2320 2482 2619 2553 μελισταγῆ
2649 2484 2865 2553 ῥήματα
2892 2485 2955 2536 ὲκ
2972 2483 3081 2538 τῶν
3111 2484 3269 2540 θείων
3290 2487 3538 2559 Γραφῶν,
3562 2489 3676 2542 κᾶν

2105 2574 2170 2626 ὲκ
2201 2574 2399 2646 μέρους
2416 2591 2430 2605 ο
2455 2575 2514 2628 οὑ
2539 2574 2646 2646 γὰρ
2667 2573 2763 2627 ὅλα
2784 2575 3020 2647 δυνήσει.
3057 2595 3077 2628 s
3109 2577 3328 2648 Φάρυγξ
3349 2579 3511 2632 αὐτοῦ
3539 2578 3676 2648 γλυ-

2104 2667 2313 2736 κασμὺς
2331 2708 2344 2732 ,
2381 2667 2474 2720 καὶ
2501 2666 2619 2730 ὅλος
2645 2667 2923 2738 ἐπιθυμία.
2953 2687 2972 2720 ι
2995 2698 3065 2710 σ-
3093 2689 3111 2721 ι
3147 2671 3310 2723 Δεῦτε
3329 2712 3343 2736 ,
3401 2690 3419 2723 ι
3452 2672 3629 2741 λέγων
3649 2714 3670 2740 ,

2111 2777 2129 2810 ι
2165 2759 2214 2811 οἱ
2242 2757 2535 2822 κοπιῶντες
2576 2759 2670 2812 καὶ
2693 2761 3145 2830 πεφορτισμένοι,
3177 2760 3332 2830 κάγὼ
3358 2762 3661 2818 ἀναπαύσω

2105 2850 2266 2919 ὑμᾶς.
2288 2869 2306 2902 s
2338 2879 2409 2889 —
2430 2868 2447 2901 ι
2469 2849 2684 2920 Φάρυγξ
2714 2850 2877 2904 αὑτοῦ
2911 2851 3240 2924 γλυκασμός.
3269 2872 3288 2905 ι
3309 2882 3380 2892 —-
3401 2872 3419 2904 t
3443 2855 3672 2925 Θάρσει,

2102 2940 2309 3004 τέκνον,
2336 2941 2608 3010 ἀφέωνταί
2632 2959 2712 2995 σοι
2737 2943 2793 2995 αἱ
2819 2943 3081 3014 ἁμαρτίαι
3098 2960 3215 2998 σου.
3252 2963 3271 2996 ι
3294 2976 3366 2985 -—
3395 2966 3413 2999 ι
3442 2947 3669 3018 Φάρυγξ

2109 3033 2272 3086 αὐτοῦ
2297 3033 2632 3104 γλυκασμός.
2661 3053 2680 3086 ›
2699 3064 2770 3074 —-
2787 3053 2805 3086 ι
2845 3036 3063 3106 Ἔγειρε
3091 3053 3110 3087 ι
3138 3031 3248 3104 οὖν,
3271 3055 3291 3088 ‹
3319 3038 3412 3092 καὶ
3429 3035 3557 3110 ἆρον
3575 3039 3672 3095 τὸν

448 3123 596 3168 tuum
621 3114 705 3183 ";
744 3133 765 3167 ι
802 3123 856 3170 et
879 3130 1208 3185 quaecunque
1247 3117 1330 3172 his
1369 3117 1583 3172 similia.
1627 3134 1647 3168 ί
1676 3117 1741 3171 Ει
1769 3127 1946 3183 totus,
1978 3138 1998 3171 ι

2129 3125 2439 3197 ιράδὸατον·
2479 3144 2498 3177 ι
2547 3126 2640 3179 καὶ
2666 3127 2765 3180 ὅσα
2809 3126 3019 3190 τούτοις
3055 3128 3232 3199 ὅμοια.
3274 3146 3294 3177 ς
3331 3131 3438 3184 Καὶ
3467 3131 3608 3197 ὅλος,
3644 3151 3664 3185 s

446 3205 655 3275 inquit,
711 3224 731 3257 ι
770 3206 1114 3262 desiderium.
1145 3225 1164 3260 ι
1209 3239 1280 3248 -
1323 3226 1341 3260 ι
1380 3209 1654 3264 Desiderio
1701 3210 1998 3266 desideravi

2129 3218 2287 3287 πησὶν,
2319 3237 2335 3268 ι
2367 3217 2650 3289 ἐπιθυμία.
2676 3237 2694 3270 ι
2714 3248 2782 3260 -
2803 3237 2822 3270 ι
2855 3219 3145 3292 Ἐπιθυμίᾳ
3174 3221 3491 3293 ἐπεθύμησα
3510 3222 3667 3278 τοῦτο

444 3293 548 3348 hoc
572 3293 768 3362 pascha
800 3293 1123 3349 manducare
1153 3295 1424 3350 vobiscum
1441 3295 1508 3349 ’9.
1550 3314 1570 3348 ι

512 3383 691 3439 CLIX.
722 3385 824 3440 Hic
848 3386 1110 3455 fraternus
1146 3403 1289 3442 meus
1307 3427 1322 3454 ,
1350 3397 1398 3442 et
1436 3388 1518 3443 Itie
1544 3390 1808 3459 proximus
1837 3406 2002 3458 meus,

443 3475 569 3544 ﬁlim
602 3474 950 3530 Hierusalem.

516 3562 808 3620 Fraternus
831 3575 1048 3636 propter
1077 3578 1362 3637 parentum
1393 3569 1758 3641 genealogiam
1783 3591 1796 3626 :
1823 3572 2004 3639 proxi-

449 3667 601 3719 mus,
650 3655 774 3722 quia
802 3655 995 3711 ccasio
1041 3657 1287 3727 delapsus
1316 3661 1544 3716 accessit
1595 3663 1660 3716 ad
1708 3660 2002 3718 Ecclesium

445 3758 632 3799 amore
659 3746 920 3815 impulsus
951 3764 1077 3820 erga
1111 3752 1373 3808 homines.

513 3835 668 3890 CLX.
718 3838 833 3903 Quo
878 3841 1003 3895 abiit
1035 3841 1300 3911 fraternus
1341 3854 1490 3914 tuus,
1519 3845 1736 3916 pulchra
1783 3849 1840 3903 in
1883 3865 2002 3904 mu-

443 3927 654 3983 lieribus
671 3931 698 3985 7

515 4020 851 4091 lnterrogant
889 4023 1009 4078 ﬁlice
1040 4022 1408 4083 Hierusalem:
1441 4045 1460 4080 ι
1489 4028 1605 4096 Quo
1650 4030 1780 4086 abiit
1806 4031 2003 4087 frater-

446 4127 545 4166 nus
586 4122 744 4178 tuus,
769 4115 991 4184 pulchra
1018 4116 1069 4170 in
1103 4117 1450 4174 mulieribus?
1479 4139 1498 4171 ι
1536 4121 1637 4176 hoc
1661 4131 1782 4187 est,
1817 4123 2003 4180 Eccle-

443 4204 578 4260 siam
607 4205 983 4277 (interrogant)
1009 4207 1231 4279 pulchra
1266 4211 1404 4265 inter
1428 4210 1708 4268 duodecim
1741 4215 1930 4270 tribus.

511 4295 687 4352 CLXI.
720 4296 880 4354 Vens.
925 4299 1012 4353 I7.
1052 4298 1168 4365 Quo
1210 4303 1432 4371 respexit
1479 4301 1743 4372 fraternus
1773 4307 2002 4362 tuus?et

441 4403 729 4456 quaeremus
757 4405 872 4442 eum
908 4397 1096 4444 tecum.

2100 3308 2162 3362 τὸ
2188 3310 2368 3380 πάσχα
2396 3313 2586 3378 φαγεῖν
2620 3309 2736 3381 μεθ’
2764 3309 2936 3381 ὑμῶν.
2969 3329 2988 3362 s

2170 3401 2340 3456 PNS’.
2372 3399 2558 3470 Οὗτος
2589 3405 2622 3456 ό
2646 3402 2963 3472 ἀδελφιδός
2988 3421 3129 3472 μου,
3159 3403 3258 3457 καὶ
3293 3400 3470 3471 οὗτος
3498 3409 3657 3474 πλη-

2101 3493 2241 3545 σίον
2258 3510 2397 3561 μου,
2425 3491 2740 3562 θυγατέρες
2772 3493 3182 3563 Ἰερουσαλήμ.

2185 3583 2516 3652 Ἀδελφιδὸς,
2561 3583 2648 3638 διά
2691 3584 2790 3655 τὴν
2833 3584 2940 3639 τῶν
2983 3589 3236 3657 πατέρων
3279 3586 3664 3655 γενεαλογίανο

2103 3673 2329 3745 πλησίον
2357 3673 2434 3737 δὲ,
2463 3674 2595 3727 διότι
2613 3674 2671 3742 ἐξ
2694 3675 2924 3747 οὐρανοῦ
2951 3677 3214 3743 καταϐὰς,
3244 3677 3569 3750 ἐπλησίασεν
3594 3681 3664 3750 τῇ

2115 3765 2310 3836 Ἐκκλη
2320 3766 2408 3836 σία
2430 3764 2518 3819 διὰ
2541 3766 2963 3838 φιλανθρωπίαν.

2172 3858 2292 3911 PE’.
2322 3857 2445 3912 Ποῦ
2471 3857 2746 3928 ἀπῆλθεν
2769 3862 2802 3915 ό
2827 3859 3150 3931 ἀδελφιυος
3177 3875 3314 3927 σου,
3346 3877 3384 3931 η
3412 3861 3566 3932 καλὴ
3595 3879 3661 3918 εν

2101 3949 2314 4018 τυναιξ
2318 3950 2340 4001 ί
2343 3966 2379 4002 ν
2394 3965 2414 4014 ;
2612 3950 2616 3954 ’

2184 4038 2567 4110 Ἐπερωτῶσιν
2607 4041 2662 4093 ai
2713 4039 3007 4113 θυγατέρες
3059 4039 3440 4114 Ἰερουσαλήμ·
3496 4059 3518 4095 s
3549 4042 3660 4098 Ποῦ

2102 4128 2338 4199 ἀπῆλθεν
2367 4130 2396 4182 ὁ
2431 4129 2706 4200 ἀδελφιδός
2740 4147 2856 4195 σου,
2883 4132 2917 4201 ἡ
2952 4130 3090 4203 καλὴ
3116 4134 3172 4186 ὲν
3199 4132 3410 4201 γυναιξί
3431 4149 3478 4199 ;s
3505 4150 3646 4187 τουτι

2101 4219 2236 4279 ἐστι,
2262 4218 2358 4290 τὴν
2403 4220 2724 4292 Ἐκκλησίαν
2745 4221 2803 4273 ὲν
2832 4223 2951 4284 ταῖς
2973 4221 3179 4276 δώδεκα
3207 4223 3421 4293 φυλαῖς.

2171 4307 2339 4361 ΡΞΑ’.
2373 4310 2464 4361 Στ.
2498 4307 2581 4372 ιζ’.
2613 4310 2736 4364 Ποῦ
2761 4309 3106 4381 ἀπέϐλεψεν
3139 4313 3249 4384 (81)
3276 4316 3310 4369 ό
3340 4313 3657 4385 άδελφιδὸς

2101 4411 2246 4459 σου;
2273 4396 2369 4449 καί
2401 4393 2729 4466 ζητήσομεν
2756 4397 2942 4452 αὑτὸν
2973 4398 3122 4467 μετὰ
3151 4397 3288 4454 σοῦ.

517 4497 536 4530 ‹
560 4479 812 4546 Quaerite,
843 4499 861 4532 ι
888 4482 1061 4551 inquit
1079 4482 1356 4552 Scriptura
1379 4485 1418 4551 ι,
1451 4502 1471 4536 s
1494 4484 1796 4552 Dominum,
1814 4501 1998 4542 omnes

2179 4506 2196 4538 ι
2226 4487 2522 4558 Ζητήσατε,
2553 4505 2572 4539 s
2606 4488 2759 4557 φησὶ,
2785 4506 2804 4539 ι
2837 4488 2928 4541 τὸν
2947 4489 3172 4560 Κύριον,
3197 4489 3394 4554 πάντες
3411 4490 3460 4544 οἱ
3477 4507 3653 4544 ταπειο

441 4569 669 4624 humiles
711 4578 887 4624 terrae.
914 4591 933 4624 ι
989 4571 1264 4638 Quomodo
1319 4573 1597 4640 Quaerite?
1644 4593 1662 4626 ε
1691 4575 1999 4646 Operamini

441 4662 728 4730 indicium,
772 4662 931 4717 facite
969 4663 1230 4733 justitiam
1250 4665 1291 4720 ¹.
1323 4684 1342 4718 ι
1386 4667 1475 4723 Sic
1505 4682 1533 4721 ιι
1563 4683 1758 4738 sponsa
1799 4671 1994 4741 quaeri-

443 4767 530 4809 tur
560 4769 807 4825 sponsus.
842 4754 1044 4811 Tamen
1075 4757 1401 4830 interrogata
1430 4763 1752 4831 respondet:

1099 4935 1227 4993 IAP.
1269 4935 1350 4991 Vl.

441 5021 638 5079 CLXII.
673 5024 836 5082 Vens.
877 5025 929 5082 l.
963 4935 1242 5081 Destte‘i‘zdpit
1373 5028 1580 5082 hortum
1614 5047 1768 5086 suum
1800 5035 1996 5103 frater-

1085 5135 1179 5172 nus
1206 5135 1370 5174 meus.

504 5204 715 5260 Domini
753 5206 1068 5264 descensum
1115 5211 1182 5265 ad
1235 5209 1436 5267 inferos
1477 5221 1603 5282 puto
1651 5212 1990 5283 signiﬁcare;

504 5320 550 5352 "
582 5320 768 5376 Matth.
798 5337 875 5388 ιι,
903 5321 993 5377 28.
1077 5324 1120 5356 "
1153 5323 1459 5392 Matthntx,
1505 5327 1560 5383 2.
1636 5327 1682 5360 ’⁸
1703 5325 1859 5384 Joan.
1893 5344 1949 5395 ν,
1982 5330 2036 5386 8.

505 5440 795 5532 cura.
809 5442 1099 5532 {rem}
1127 5446 1216 5501 Sic
1237 5462 1368 5532 εικο
1388 5456 1442 5502 ει
1458 5460 1768 5532 sanctarum
1791 5451 1986 5532 ςιιοτιεε

437 5517 926 5579 appmpinquantes
967 5517 1070 5568 sibi
1112 5532 1205 5599 per
1235 5517 1391 5572 Iidem
1421 5528 1475 5574 et
1505 5517 1769 5588 justitiam
1806 5521 1985 5576 haurit

438 5579 506 5632 ad
539 5581 722 5635 caelos.
749 5601 769 5633 ι
816 5582 1008 5636 Parum
1041 5583 1286 5639 feliciter.

438 5597 506 5632 au
539 5597 722 5635 custos.
749 5601 769 5633 ι
817 5597 1008 5636 rarum
1041 5597 1286 5641 IeIICIIel'.

441 5722 454 5729 Δ
505 5648 616 5728 (89)
655 5651 977 5729 Aldinasic,
1007 5662 1063 5708 et
1098 5656 1170 5729 ita
1211 5655 1335 5724 legit
1358 5667 1474 5729 vet.
1519 5657 1804 5729 interpres.
1866 5659 1982 5716 Ca:-

440 5720 810 5794 ler‘ihitupressi
843 5721 1038 5776 habent
1067 5720 1389 5794 γλυκαᾱμοί.

508 5785 620 5861 (81)
646 5785 879 5846 Βειώεικ
904 5801 958 5845 et
987 5785 1135 5850 meus
1175 5785 1430 5866 ἀπῆλθεν.
1474 5796 1702 5854 Rcstitui
1747 5799 1982 5854 ἀπέὁλευ

2101 4578 2181 4633 vol.
2211 4577 2312 4648 τῆς
2369 4578 2490 4648 γῆς.
2527 4596 2546 4629 s
2597 4579 2718 4644 Πῶς
2759 4580 2835 4644 δὲ,
2890 4580 3361 4652 Ζητήσατε(82);
3403 4599 3422 4633 ‹
3473 4581 3646 4652 Ἐργάι

2102 4667 2258 4733 ζεσθε
2287 4670 2478 4739 κρῖμα,
2507 4670 2600 4722 καλ¹
2625 4670 2968 4744 δικαιοσύνην
2994 4675 3272 4745 ποιήσατε.
3297 4693 3315 4725 ι
3347 4673 3532 4737 Οὕτως
3550 4674 3652 4727 ἀπὶ

2100 4763 2198 4833 τῆς
2237 4763 2454 4834 νύμφης
2498 4765 2527 4817 ὁ
2571 4761 2800 4834 νυμφίος
2833 4763 3096 4832 ζητεῖται.
3145 4765 3331 4836 Ὅμως
3373 4763 3652 4836 ὲπερῳτω-

2104 4853 2260 4925 μένη,
2289 4852 2434 4923 λέγει
2450 4866 2465 4883 ⁶
2693 4927 2697 4930 ι

2725 4947 2882 5001 me.
2923 4947 3014 5014 ς’.

2098 5033 2260 5090 ΡΞΒ’.
2289 5035 2379 5088 Στ.
2410 5035 2481 5089 α’.
2512 5035 2827 5102 Καταόήτω
2858 5036 3181 5106 ἀδελφιδός
3204 5053 3324 5107 μου
3349 5035 3436 5103 είς
3459 5032 3652 5104 κῆπον

2705 5128 2892 5184 αὑτοῦ
2923 5129 3054 5200 (85).

2167 5216 2278 5288 Τὴν
2315 5215 2406 5270 τοῦ
2430 5216 2634 5288 Κυρίου
2659 5218 2739 5281 είς
2771 5218 2860 5274 τὸν
2884 5219 3013 5292 ᾅδην
3055 5217 3297 5286 κάθοδον,
3337 5212 3521 5290 οἶμαι,
3563 5217 3650 5270 λέ-

2111 5331 2157 5364 ⁹⁹
2186 5329 2298 5388 Luc
2327 5347 2461 5400 xm,
2495 5331 2584 5386 I5.
2663 5335 2681 5366 ¹
2711 5334 2948 5404 Sophon.
2969 5353 3031 5401 ll,
3056 5338 3111 5392 '5.
3172 5339 3193 5369 ³
3219 5337 3412 5392 Ezech.
3436 5352 3556 5403 xcv,
3595 5338 3649 5394 9.

2091 5451 2213 5522 ψεν,
2257 5463 2315 5507 ιιι
2346 5462 2429 5508 est
2464 5453 2517 5508 in
2566 5457 2684 5511 cod.
2728 5454 2922 5514 Vallic.
2964 5463 3018 5513 et
3077 5459 3128 5512 in
3163 5472 3304 5513 sacr.
3335 5457 3518 5512 Bibliis
3554 5457 3648 5511 im-

2092 5523 2294 5590 pressis
2340 5525 2630 5580 omuibus:
2665 5535 2720 5581 et
2763 5528 2844 5583 sic
2890 5528 3017 5599 legit
3061 5528 3224 5583 etiam
3275 5539 3428 5583 vetus
3481 5523 3632 5582 inter

2091 5607 2235 5661 pres.

2183 5661 2274 5800 82;
2315 5660 2452 5719 Male
2480 5679 2666 5719 omnes
2697 5666 2849 5719 codd.
2881 5665 3194 5737 ζητήσεται.

2183 5731 2250 5784 83
2312 5731 2435 5786 Vat.
2461 5735 2592 5789 edit.
2625 5735 2787 5788 habet
2821 5735 3124 5800 Ἀδελφιδός
3175 5754 3194 5800 ι

2183 5731 2272 5800 83)
2312 5731 2435 5807 Vat.
2461 5735 2787 5807 edit._hahet
2821 5731 3124 5805 Ἀδελφίδός
3175 5751 3276 5807 μου
3331 5733 3532 5807 κατέϐη
3569 5734 3645 5799 είς

2091 5801 2292 5872 κῆπονο
2323 5811 2378 5858 et
2413 5803 2550 5860 hanc
2599 5803 2880 5861 lectionem
2912 5801 3188 5876 agnoscit'
3209 5812 3318 5864 vet.
3351 5801 3640 5874 interpres.
