3878 6270
150 374 257 431 H3

1065 369 1463 426 ENARRATIO
1501 367 1568 424 IN
1605 365 1962 424 CANTICUM
1999 363 2475 424 CANTICORUM.

3282 367 3387 428 1M

148 507 237 562 γει
259 507 274 522 ο
310 490 342 561 ή
374 488 482 560 γάρ
525 486 812 543 ἀκολουθία
838 488 994 543 τοῦτο
1047 493 1322 560 σημαίνει.
1354 493 1515 559 Λέγει
1563 504 1704 560 γαρ·

1852 485 1864 539 l
1926 484 2069 539 enim
2129 485 2429 540 ostenditur
2478 495 2544 538 ex
2609 481 2980 552 sequentibus.
3035 483 3123 538 Ait
3187 487 3387 544 enim:

217 581 382 634 P3P.
423 576 528 646 Εἰς
557 577 779 648 φιάλας
804 580 908 634 τοῦ
931 577 1256 650 ὰρώματος.

227 671 296 724 υἱ
329 668 496 722 πάλαι
525 669 742 730 δίκαιοι,
769 670 817 721 oi
857 669 962 740 πρὸ
990 669 1088 740 τῆς
1125 669 1424 742 παρουσίας
1451 667 1721 739 πατριάρ-

153 780 270 832 χαι,
327 759 597 834 ’Δὸρσάμ,
655 760 839 815 Ἰσαὰκ
878 762 972 814 καὶ
1015 762 1229 829 Ἰακὼϐ,
1270 762 1393 815 Νῶε
1430 763 1523 816 κα)⁸
1578 760 1720 823 Ἰὼϐ,

151 857 248 908 καὶ
277 853 499 924 Δανιὴλ,
524 853 687 906 Δαϐὶδ
716 853 805 906 καὶ
839 855 1112 926 Σαμουὴλ,
1149 855 1448 918 Ἐλισσαῖος
1475 855 1568 908 καὶ
1591 854 1725 908 πάν-

147 968 240 1014 τες
261 953 311 1004 οἱ
336 949 458 1003 καθ’
485 949 628 1020 ἑξῆς.
660 944 820 1002 Οὗτοι
846 949 1044 1011 πάντες
1071 944 1260 1016 φιάλαι
1278 945 1371 998 τοῦ
1400 944 1690 1017 ἀρώματος
1707 959 1723 975 ³

148 1042 346 1106 οἵτινες
394 1041 702 1112 ἀρωμάτων
759 1039 914 1109 δίκην
967 1037 1191 1092 πνέουσι
1232 1037 1299 1090 τὰ
1355 1034 1721 1106 δικαιώματα.

151 1138 283 1190 ’θτε
309 1135 419 1207 γὰρ
450 1136 530 1199 είς
557 1133 691 1205 ᾷδην
717 1128 1011 1194 κατελθὼν,
1039 1131 1120 1193 είς
1143 1129 1233 1182 τὸν
1261 1127 1584 1198 παράδεισον
1615 1127 1726 1179 είσ-

147 1229 299 1299 ἦλθε,
337 1228 607 1300 μαρτυρεί
657 1242 746 1296 μοι
789 1223 950 1288 αὐτὸς
975 1221 1200 1293 Κύριος,
1228 1221 1398 1288 λέγων
1419 1220 1496 1290 τῷ
1517 1219 1686 1289 λῃστῇ
1707 1233 1723 1248 ο

153 1337 174 1370 ι
209 1319 460 1388 Σήμερον
492 1315 608 1387 μετ’
653 1313 786 1385 ἐμοῦ
817 1312 914 1384 ἔσῃ
965 1314 1022 1366 ὲν
1049 1310 1128 1382 τῷ
1173 1309 1504 1382 παραδείσῳ.
1541 1327 1560 1361 ι
1605 1307 1725 1377 Κῆ-

149 1427 250 1474 πος
284 1409 398 1481 (84)
420 1407 662 1478 δηλονότι
686 1406 715 1459 ό
737 1403 826 1457 τοῦ
851 1401 986 1456 Θεοῦ
1012 1402 1353 1473 παράδεισος.

229 1583 392 1639 ΡΞΔ⁹.
447 1582 792 1639 Ποιααίνειν
835 1581 905 1634 ἐν
955 1579 1205 1646 κήποις,
1251 1578 1350 1633 καί
1399 1578 1728 1649 συλλέγειν

149 1679 346 1829 mg:
363 1764 506 1819 κατά
531 1764 624 1817 τὸν
650 1763 814 1818 τόπον
861 1761 1206 1832 Ἐκκλησίας.
1236 1761 1299 1815 El
1337 1761 1412 1834 μὴ
1442 1759 1551 1833 γὰρ
1576 1759 1726 1831 πρῶ-

151 1874 238 1912 τον
268 1860 354 1921 είς
390 1856 482 1910 τὸν
517 1857 613 1909 ἕνα
651 1857 826 1928 κῆπον
868 1829 1095 1926 κατέϐη,
1137 1855 1232 1907 καὶ
1261 1829 1461 1907 τὰντοῦν
1495 1829 1724 1907 θανάτου
1755 1829 1800 1886 Β

156 1949 455 2004 συνέκλασε
475 1949 697 2020 κέντρα,
713 1949 812 2002 οὐκ
827 1948 1118 2018 ὲποίμανεν
1134 1947 1191 2000 ὲν
1207 1947 1425 2018 κήποις,
1444 1945 1725 1999 τουτέστιν

150 2042 206 2094 ἑν
231 2044 356 2105 ταῖς
378 2040 522 2094 κατά
547 2039 710 2093 τόπον
748 2038 1124 2110 Ἐκκλησίαις.
1147 2039 1390 2110 Πρόσεχε
1406 2037 1462 2090 δὲ
1481 2040 1546 2108 τῇ
1571 2037 1729 2108 ἀκρι-⁸

154 2129 274 2202 6είᾳ
303 2131 413 2184 τῶν
439 2129 769 2201 λεγομένων.
792 2131 886 2194 Ei;
905 2130 1002 2201 μὲν
1025 2130 1116 2184 τὸν
1145 2129 1240 2184 ἕνα
1263 2129 1438 2199 κῆπον
1463 2127 1726 2182 καταϐαί-

152 2241 260 2278 νειν
298 2223 556 2292 λέγεται·
609 2221 902 2293 μετέπειτα
945 2222 1002 2276 δὲ
1047 2222 1266 2286 οὐκέτι,
1313 2221 1623 2290 Ποιμαίνειν
1668 2222 1728 2273 ὲν

153 2316 339 2386 κήπῳ,
370 2315 558 2386 φησὶν,
593 2313 750 2380 ἀλλά,
785 2333 804 2366 ι
843 2313 1156 2384 Ποιμαίνειν
1191 2316 1247 2366 ὲν
1280 2314 1500 2384 κήποις,
1540 2331 1558 2364 ι
1593 2314 1728 2386 ὅπερ

152 2406 297 2459 ἐστὶν
329 2407 386 2459 ὲν
430 2407 552 2468 ταῖς
590 2405 733 2458 κατὰ
758 2405 920 2458 τόπον
966 2403 1332 2475 Ἐκκλησίαις.
1379 2422 1397 2455 ι
1445 2403 1729 2472 Συλλέγειν

154 2499 337 2569 κρίνα,
376 2515 397 2548 ι
439 2496 686 2550 τουτέστι
715 2495 814 2560 τάς
857 2494 966 2548 τῶν
1014 2496 1184 2564 ἁγίων
1235 2495 1450 2568 γραφὰς
1489 2495 1601 2567 (85)
1641 2497 1731 2551 διὰ

155 2589 254 2641 τῶν
288 2588 652 2659 ἀνθρωπίνων
682 2586 954 2660 πράξεων.
981 2581 1114 2641 Εἶτα
1140 2589 1174 2658 ἡ
1203 2586 1493 2642 ἀκολουθία
1525 2586 1644 2640 τόδε
1668 2587 1729 2642 τὸ

155 2681 330 2750 λόγιον
365 2679 671 2750 συνίστησι.

217 2771 386 2826 PEE’.
419 2772 512 2826 Στ.
546 2771 608 2842 β’.
657 2771 803 2841 Ἐγὼ
827 2770 907 2839 τῷ
931 2770 1232 2842 ἀδελφιδῷ
1255 2789 1395 2842 μου,
1428 2773 1527 2828 καί
1552 2776 1586 2828 ὁ
1618 2773 1728 2847 (86)

157 2861 482 2932 ἀδελφιδός
503 2880 624 2933 μου
649 2863 804 2932 ἐμοί.

239 2955 386 3025 Ἐγὼ
410 2954 562 3026 αὐτῷ
585 2957 710 3020 τοὺς
733 2956 954 3027 ὕμνους,
977 2956 1136 3021 αὐτὸς
1164 2958 1287 3030 ἐμοὶ
1312 2958 1438 3023 τοὺς
1455 2958 1729 3024 ἐπαίνους.

168 3047 355 3119 Ὑμνεί
400 3048 576 3120 γάρή
622 3048 840 3120 νύμφη’
885 3048 978 3102 καὶ
1010 3049 1172 3104 πάλιν
1213 3051 1536 3105 ἐπαινεῖται.
1590 3051 1732 3120 Ἐγὼ

1891 575 2115 631 CLXIII.
2142 576 2221 629 Ad
2251 575 2455 645 phialas
2487 576 2758 630 aromatis.

1895 668 2120 724 Veteres
2148 668 2315 737 justi;
2349 667 2666 739 patriarchae
2709 667 2801 738 qui
2853 677 3242 738 praecesserunt
3286 669 3392 726 Do-

1825 761 1954 815 mini
1991 761 2279 814 adventum
2301 799 2317 822 .
2353 760 2618 816 Abraham
2642 801 2658 827 ,
2687 758 2835 816 Isaac
2871 759 3138 827 etJncob;
3177 761 3308 826 Noe,
3336 773 3392 818 et

1826 851 1950 920 Job,
1981 860 2035 906 et
2057 849 2274 916 Daniel;
2309 850 2471 905 David
2504 862 2558 906 et
2585 852 2831 920 Samuel;
2867 853 3090 909 Elisaeus
3122 865 3176 908 et
3202 869 3390 910 omnes

1824 945 1914 1014 qui
1947 945 2201 1013 deinceps
2228 942 2466 999 fuerunt.
2497 944 2559 998 Hi
2588 960 2774 1001 omnes
2801 956 2925 1001 sunt
2965 946 3157 1014 phiala:
3179 962 3393 1002 aroma-

1826 1039 1937 1104 tis;
1989 1037 2079 1108 qui
2133 1047 2433 1092 aromatum
2489 1038 2660 1092 instar
2703 1039 2910 1108 spirant
2955 1040 3391 1107 iustiﬁcationes.

1826 1128 1980 1196 Quod
2008 1137 2185 1183 autem
2223 1129 2289 1182 ad
2323 1128 2522 1184 inferos
2541 1145 2660 1184 cum
2682 1129 3067 1197 descendisset,
3097 1132 3149 1185 in
3181 1131 3397 1199 paradi-

1826 1235 1943 1274 sum
1965 1219 2036 1274 sit
2079 1219 2394 1290 ingressus,
2446 1220 2498 1274 id
2550 1220 2680 1274 mihi
2730 1230 2958 1276 testatur
2995 1223 3107 1292 ipse
3137 1221 3395 1276 Dominus

1827 1314 1917 1381 qui
1943 1311 2171 1379 latroni,
2209 1330 2228 1364 ι
2255 1311 2426 1366 Hodie
2449 1351 2464 1376 ,
2493 1330 2513 1364 ι
2557 1312 2729 1382 inquit
2755 1352 2771 1375 ,
2798 1331 2816 1364 ι
2847 1327 3055 1368 mecum
3086 1313 3196 1368 eris
3223 1312 3275 1366 in
3302 1328 3394 1382 pa-

1828 1405 2069 1462 radiso'.
2099 1423 2118 1458 ι
2179 1404 2380 1461 Hortus
2433 1405 2684 1459 nimirum
2732 1405 2824 1459 Dei
2883 1405 3186 1475 paradisum
3220 1405 3393 1476 signi-

1827 1500 1972 1556 licat.

1902 1591 2132 1649 CLXIV.
2165 1590 2390 1646 Parcere
2416 1590 2471 1644 in
2500 1590 2692 1650 hortis.
2721 1599 2768 1644 et
2798 1588 3037 1659 colligere
3068 1588 3201 1645 lilia.

1898 1765 2012 1822 Hoc
2031 1775 2132 1832 est,
2168 1766 2437 1822 Ecclesias
2479 1766 2706 1821 diversis
2734 1765 2787 1820 in
2821 1766 2952 1822 locis
2978 1767 3245 1822 fundatas.
3280 1765 3395 1823 Nisi

1827 1859 1970 1912 enim
1995 1858 2224 1928 primum
2249 1859 2302 1910 in
2330 1871 2492 1910 unum
2520 1856 2736 1910 hortum
2769 1855 3138 1912 descendisset
3171 1865 3225 1911 et
3251 1871 3397 1912 mor-

1827 1951 1897 2006 tis
1928 1949 2146 2004 aculeos
2191 1948 2536 2003 contrivisset
2556 1987 2571 2013 ,
2601 1962 2705 2002 non
2736 1957 2985 2016 pasceret
3009 1948 3061 2002 in
3092 1947 3296 2014 hortis,
3341 1947 3396 2002 id

1826 2051 1932 2106 est,
1955 2041 2008 2095 in
2036 2040 2290 2096 Ecclesiis
2340 2055 2434 2110 per
2456 2039 2666 2094 diversa
2697 2039 2817 2093 loca
2853 2039 3128 2108 dispersis.
3161 2038 3393 2108 Adjicito

1827 2134 1990 2190 etiam
2044 2133 2284 2188 animum
2335 2132 2401 2186 ad
2450 2147 2514 2187 ea
2552 2147 2670 2200 qua:
2706 2141 2956 2186 accurate
2995 2132 3082 2187 hic
3120 2131 3392 2186 dicuntur.

1829 2224 2037 2280 Dicitur
2073 2227 2217 2279 enim
2259 2223 2310 2277 in
2360 2238 2524 2277 unum
2556 2223 2771 2278 hortum
2795 2222 3162 2279 descendisse.
3195 2221 3398 2276 Deinde

1829 2332 1937 2372 non
1967 2316 2193 2387 amplius
2237 2315 2384 2382 dicit,
2423 2313 2654 2370 Pascere
2697 2316 2750 2370 in
2795 2316 2970 2380 horto,
2998 2315 3092 2372 sed
3128 2333 3147 2366 t
3171 2314 3398 2370 Pascerc

1831 2407 1883 2462 in
1915 2407 2086 2462 hortis
2105 2447 2121 2468 ,
2144 2425 2163 2458 ι
2197 2405 2249 2460 id
2276 2414 2388 2472 est,
2416 2406 2469 2460 in
2501 2405 2728 2462 diversis
2756 2404 3036 2461 Ecclesiis.
3094 2422 3112 2455 ι
3135 2403 3399 2472 Colligere

1830 2499 1971 2566 lilia,
2001 2517 2020 2552 ι
2067 2500 2168 2553 hoc
2198 2509 2283 2554 est
2330 2507 2641 2554 sanctorum
2687 2498 2984 2568 scripturas
3018 2510 3114 2564 per
3137 2497 3399 2549 humanas

1831 2591 2094 2647 actiones.
2119 2590 2322 2648 Deinde
2360 2605 2480 2661 qua:
2512 2599 2809 2662 sequuntur
2839 2589 2944 2645 hoc
2972 2586 3242 2658 eloquium
3268 2599 3402 2642 con-

1830 2684 2066 2740 ﬁrmant.
3283 2753 3285 2756 γ

1901 2775 2110 2833 CLXV.
2139 2776 2302 2832 Vsus.
2332 2773 2387 2830 2.
2420 2773 2534 2848 Ego
2568 2777 2804 2845 fraterno
2848 2788 2992 2840 meo,
3042 2779 3090 2827 et
3136 2769 3401 2840 fraternus

1829 2885 1976 2924 meus
2001 2868 2149 2924 mihi.

1901 2959 2015 3031 Ego
2040 2960 2112 3014 illi
2149 2960 2409 3031 hymnos,
2458 2958 2548 3014 ille
2592 2957 2722 3012 mihi
2775 2955 2982 3010 laudes.
3013 2951 3400 3008 Laudat-enim

1831 3068 2059 3125 sponsa,
2089 3063 2144 3110 et
2163 3053 2402 3110 vicissim
2429 3051 2699 3106 laudatur.
2727 3049 2838 3119 Ego
2872 3047 2947 3102 illi
2977 3047 3222 3102 actiones
3242 3043 3402 3113 Justi-

161 3141 303 3212 αὐτῷ
336 3143 440 3203 τὰς
487 3139 716 3212 πράξεις
753 3141 852 3210 τῆς
883 3141 1248 3213 δικαιοσύνης,
1283 3143 1376 3196 καὶ
1412 3143 1574 3208 αὐτὸς
1611 3144 1731 3215 ἐμοὶ

1861 3147 1955 3212 ire,
2015 3155 2070 3201 et
2108 3146 2216 3202 ille
2278 3145 2412 3200 mihi
2472 3143 2772 3200 mercedem
2833 3142 3096 3197 bonorum
3153 3153 3400 3210 operum.

161 3234 278 3295 τοὺς
328 3230 558 3303 μισθοὺς
604 3231 712 3285 τῶν
772 3231 1233 3303 κατορθωμάτων.
1290 3249 1310 3283 ι
1379 3233 1512 3287 Ἰδοὺ
1545 3233 1654 3304 γὰρ
1703 3235 1731 3286 ὁ

1852 3257 1859 3291 l
1892 3239 2030 3294 Ecce
2051 3239 2194 3294 enim
2225 3252 2433 3294 merces
2459 3237 2512 3292 in
2543 3237 2734 3291 faciem
2759 3250 2912 3291 suam
2941 3251 2957 3303 ;
2984 3243 3039 3290 et
3063 3248 3200 3304 opus
3217 3246 3402 3289 coram

164 3321 347 3391 μισθὸς
388 3321 450 3374 τὸ
499 3321 791 3392 πρόσωπον
840 3321 1026 3384 αὑτοῦ,
1070 3322 1166 3376 καὶ
1199 3321 1261 3375 τὸ
1299 3321 1458 3394 ἔργον
1495 3324 1735 3378 ἐναντίον

164 3411 322 3464 αὐτοῦ
357 3411 506 3482 (87)·
529 3410 605 3476 ὡς
632 3410 836 3484 ποιμὴν
869 3417 1126 3484 ποιμανεῖ
1161 3413 1224 3467 τὸ
1262 3415 1511 3486 ποίμνιον
1545 3414 1732 3482 αὑτοῦ,

163 3505 248 3558 καὶ
273 3504 353 3575 τῷ
384 3503 628 3576 βραχίονι
653 3502 817 3557 αὐτοῦ
843 3502 1056 3569 συνάξει
1085 3506 1308 3576 ἄρνας.»

225 3597 412 3664 Ρεςι.
459 3596 523 3648 '0
555 3596 886 3665 ποιμαίνων
911 3596 981 3649 ἐν
1006 3595 1131 3661 τοῖς
1162 3597 1412 3664 κρίνοις.

225 3688 409 3760 Ὅπερ
438 3688 610 3750 ἐστὶν,
632 3688 688 3741 ἐν
712 3689 780 3760 τῇ
802 3688 1087 3759 λευκότητι
1111 3687 1220 3741 τῶν
1248 3689 1418 3757 ἁγίων
1440 3688 1735 3761 προφητῶν

171 3795 226 3832 τε
259 3781 353 3832 καὶ
381 3779 718 3833 ἀποστόλων.

225 3873 387 3927 ΡΞΖν.
417 3872 512 3926 Στ.
545 3879 616 3941 γ’.
653 3870 898 3941 Καλὴ,νή
933 3871 1198 3939 πλησίον
1218 3888 1338 3941 μου
1361 3871 1496 3944 (88),
1530 3873 1612 3940 ὡς
1635 3873 1736 3930 εὐ·-

165 3967 332 4023 δοκία
364 3967 503 4038 (89),
531 3965 790 4034 ἐκλεκτὴ
819 3966 932 4036 (90)
955 3965 1034 4032 ὡς
1071 3965 1476 4035 Ἰερουσαλήμ.

233 4081 253 4114 t
275 4062 622 4131 Ηύδόκησας,
645 4058 838 4130 Κύριε.
855 4058 952 4130 τὴν
975 4059 1077 4130 γῆν
1111 4075 1228 4113 σου.
1246 4059 1384 4125 Δόξα
1406 4061 1464 4112 ὲν
1497 4059 1739 4130 ὑψίστοις
1805 4127 1808 4130 ,

1831 3345 1916 3386 eo.
1962 3329 2422 3397 Quemadmodum
2460 3337 2642 3398 pastor
2670 3336 2856 3398 pascet
2895 3341 3112 3396 gregem
3137 3339 3326 3390 suum,
3349 3331 3404 3378 et

1837 3422 2057 3478 brachio
2084 3437 2182 3478 suo
2208 3421 2558 3494 congregabit
2586 3435 2754 3490 agnos
2776 3419 2820 3476 ⁸.
2849 3439 2868 3473 ι

1903 3599 2132 3656 CLXVI.
2163 3599 2266 3667 Qui
2294 3601 2457 3670 pascit
2485 3601 2541 3654 in
2572 3599 2722 3654 (iliis.

1906 3691 1962 3746 ld
2013 3701 2129 3758 est,
2181 3692 2238 3747 in
2271 3691 2515 3746 albediue
2563 3698 2873 3746 sanctorum
2919 3687 3298 3760 prophetarum
3345 3695 3402 3742 et

1837 3783 2224 3854 apostolorum.

1905 3870 2154 3930 CLXVII.
2185 3869 2348 3927 Vsus.
2377 3871 2431 3926 5.
2469 3869 2697 3926 Pulchra
2719 3887 2794 3938 es,
2826 3871 3065 3940 proxima
3102 3885 3248 3931 mea.
3276 3871 3406 3924 sicut

1839 3966 2240 4034 beneplacitum,
2261 3966 2496 4034 speciosa
2519 3975 2576 4018 ιιι
2609 3963 2962 4020 Hierusalem.

1916 4077 1936 4112 ι
1961 4058 2310 4126 Benedixisti,
2345 4056 2570 4113 Domine
2597 4097 2612 4122 ,
2653 4067 2855 4112 terram
2888 4066 3034 4112 tuam
3053 4057 3097 4110 ⁸.
3133 4054 3315 4111 Gloria
3352 4053 3407 4108 in

166 4153 296 4225 Θεῷ,
349 4153 449 4207 καὶ
521 4152 614 4205 ἐπὶ
645 4152 747 4222 γῆς
778 4153 990 4223 εἰρήνη,
1019 4151 1077 4203 ὲν
1107 4150 1416 4221 ἀνθρώποις
1439 4151 1674 4206 εὐδοκία.
1714 4171 1731 4204 ι

1852 4149 2122 4205 altissimis
2149 4149 2276 4214 Deo,
2301 4156 2356 4203 et
2384 4148 2436 4202 in
2465 4155 2608 4201 terra
2645 4161 2772 4215 pax,
2805 4147 2860 4200 in
2896 4145 3203 4201 hominibus
3238 4144 3406 4198 bene—

168 4247 389 4302 Εὺδοκία
415 4246 474 4299 δέ
508 4246 654 4299 ἔστιν
685 4245 1018 4318 ὲκουσιότης,
1047 4243 1229 4309 καθὼς
1260 4245 1353 4298 καὶ
1387 4246 1552 4316 ἑτέρα
1587 4245 1731 4316 λέγει

1852 4243 2094 4314 placitum
2131 4241 2174 4296 ⁸.
2202 4259 2222 4293 ι
2249 4238 2649 4308 Beueplacitum
2677 4247 2854 4292 autem
2878 4245 2991 4302 est,
3021 4251 3140 4291 cum
3162 4235 3283 4305 quis
3313 4247 3408 4288 vo-

169 4341 203 4393 Γ
207 4342 348 4412 ραφή
369 4356 386 4372 ο
414 4358 435 4390 ι
460 4338 551 4391 Ἐν
572 4339 952 4408 ἑκουσιασμοίς
978 4336 1089 4406 (91)
1115 4336 1385 4405 εὐλογεῖτε
1409 4337 1505 4390 τὸν
1527 4337 1679 4390 Θεόν.
1709 4356 1728 4390 ι

1852 4335 2076 4390 luntarie
2103 4333 2376 4405 quidpiam
2408 4330 2554 4397 facit,
2592 4330 3040 4401 quemadmodum
3062 4336 3118 4383 et
3142 4327 3245 4382 alia
3279 4327 3411 4382 dicit

170 4433 350 4500 Δέγων
371 4427 469 4484 οὖν
506 4447 524 4482 t
552 4428 785 4495 εὐδοκία,
813 4447 832 4481 ι
896 4427 957 4480 τὸ
977 4427 1220 4482 ἑκούσιον
1243 4427 1414 4498 αὐτῆς
1437 4426 1623 4494 ἔδειξε,
1646 4429 1731 4484 καὶ

1852 4427 2126 4498 Scriptura
2162 4445 2176 4481 :
2218 4445 2236 4478 ι
2265 4427 2322 4479 ιη
2349 4423 2666 4480 voluntariis
2682 4423 2982 4478 benedicite
3013 4420 3182 4476 Deum
3203 4419 3248 4474 '.
3269 4438 3288 4472 ι
3314 4418 3410 4473 Di-

169 4525 258 4597 τὴν
293 4524 436 4596 πρὸς
475 4521 636 4576 αὑτὸν
672 4521 764 4576 τὸν
801 4519 1033 4592 νυμφίον
1072 4507 1340 4579 εὐδοκίαν.
1378 4539 1397 4574 t
1444 4522 1633 4595 Ὠραία
1661 4525 1731 4588 ὠς

1852 4536 1969 4577 cens
2000 4519 2163 4590 igitur
2181 4517 2655 4588 «beneplacitumn
2680 4514 3032 4571 voluntarium
3051 4513 3218 4584 ipsius
3231 4519 3412 4567 osten-

2522 4641 2544 4674 "
2573 4640 2618 4696 ll
2647 4639 2802 4696 Esdr.
2834 4654 2910 4706 rx,
2937 4636 2992 4694 5.

171 4761 272 4818 Nec
306 4761 411 4816 alia
464 4760 622 4816 lectio
667 4762 935 4832 reperitur
973 4761 1025 4816 in
1059 4761 1271 4816 caeteris
1316 4761 1640 4820 editionibus
1681 4775 1736 4820 et
1839 4774 2130 4834 conspectu
2169 4763 2333 4818 illius.
2361 4761 2540 4834 rVet.
2578 4760 2846 4834 interpres
2893 4754 3159 4834 habuisse
3199 4753 3414 4834 videtur

1852 4837 1894 4888 in
1921 4823 2018 4890 su'o
2043 4835 2163 4892 cod.
2190 4836 2273 4897 είς
2305 4832 2625 4905 πρόσωπονο
2652 4823 2813 4884 vertit
2837 4828 3002 4892 enim,
3031 4843 3050 4876 ι
3073 4833 3200 4879 ante
3219 4823 3413 4880 faciem

236 4902 353 4976 (84)
398 4901 519 4976 νει.
558 4901 781 4976 interpr.
832 4902 977 4976 male
1013 4902 1130 4957 haec
1181 4901 1392 4976 reddit;
1429 4904 1510 4976 ait
1549 4905 1733 4976 enim:
1841 4905 1980 4976 ejus.
2009 4924 2027 4957 ι

175 4992 194 5026 t
218 4961 406 5046 σκετο
421 4974 568 5046 enim
588 4961 775 5046 hortus
791 4973 1067 5046 paradisus
1085 4961 1402 5046 appellatur.
1431 4993 1449 5025 ι
1467 4971 1585 5046 Non
1609 4975 1731 5029 illud

1869 4961 2034 5046 ’(88)
2074 4973 2196 5029 Vat.
2239 4973 2370 5029 edit.
2416 4971 2572 5044 Καλὴ
2611 4966 2663 5025 et
2695 4972 2730 5043 ή
2763 4969 2884 5036 πλ.,
2928 4975 2985 5023 et
3013 4961 3300 5021 banclect.
3327 4975 3416 5018 se-

173 5044 511 5117 dicitl’hilo,
543 5058 642 5097 nec
679 5043 746 5117 ad
797 5057 906 5096 rem
941 5040 1097 5104 facit.
1122 5040 1281 5111 quod
1319 5045 1504 5117 hortus
1547 5043 1734 5117 Grgece
1841 5040 2028 5117 quitur
2059 5055 2169 5117 vet.
2196 5046 2485 5117 interpres.

173 5113 538 5189 παράδεισος
576 5111 872 5181 appelletur
899 5130 939 5189 ξ.
964 5103 1276 5189 quanquam
1331 5113 1444 5166 haec
1476 5129 1577 5168 vox
1597 5114 1731 5189 _Per-

1859 5103 1876 5117 ’
1917 5116 2028 5189 (89)
2073 5103 2238 5189 Vetus
2295 5103 2560 5189 interpres
2592 5111 2775 5189 vertit,
2816 5127 2836 5161 ι
2869 5119 3120 5189 tanquam
3173 5103 3414 5189 compla-

175 5178 282 5239 sica
316 5197 422 5248 est,
469 5178 526 5238 ut
557 5178 770 5238 constat
799 5199 863 5237 ex
899 5178 1150 5253 Xeimph.
1195 5181 1394 5238 (Εεοη.
1434 5200 1553 5248 cap.
1584 5185 1638 5250 4,
1683 5201 1731 5242 n.

1852 5178 2051 5244 censfi
2090 5187 2314 5240 Videtur
2339 5178 2595 5240 habuisse
2624 5182 2910 5238 lectionem
2936 5178 3266 5250 Symmachi,
3293 5190 3413 5247 quae

176 5256 259 5321 l3,
286 5266 343 5310 et
381 5256 637 5327 pluribus
660 5254 783 5327 aliis
821 5254 875 5327 ll.
923 5257 974 5308 in
1007 5254 1076 5308 K.
1108 5254 1174 5327 II.
1203 5264 1256 5308 et
1285 5255 1425 5327 napi.
1463 5254 1644 5327 Ἀνα6.
1685 5256 1731 5309 Id

1852 5270 1929 5316 est
1961 5257 2252 5327 εὐδοκητή.
2359 5323 2370 5327 _
2442 5322 2488 5327 __
2725 5321 2738 5327 _
2787 5319 2800 5327 ,
2859 5319 2872 5327 _
3038 5321 3051 5327 _
3227 5313 3241 5327 .
3315 5313 3350 5327 _.

1917 5313 2396 5400 (90)__’E§cisxrri.
2441 5321 2580 5400 Nulli
2619 5321 2738 5400 libri
2787 5319 2986 5400 habent
3038 5321 3177 5400 hanc
3216 5313 3416 5400 Alectiof

1846 5385 2200 5455 nein.'Vatic.
2245 5385 2372 5453 edit:
2403 5395 2623 5450 exhibet
2671 5391 2886 5464 tbpglat,
2930 5405 3088 5464 quam
3129 5385 3412 5464 lectionem

1849 5470 2092 5541 agnoscit
2122 5477 2230 5523 vel.
2260 5468 2489 5532 interpr.
2515 5474 2571 5520 et
2609 5457 2732 5536 ipse
2753 5461 2906 5516 Philo
2943 5459 2995 5514 in
3036 5457 3415 5527 explanatione

1855 5541 2014 5608 hujus
2049 5553 2259 5608 versus.
2320 5607 2325 5608 ί
2496 5605 2508 5608 _
2721 5601 2734 5608 _
3168 5595 3179 5607 .
3230 5607 3233 5608 ,

1925 5592 2038 5681 (91)
2077 5592 2281 5681 Locum
2317 5607 2459 5681 hunc
2487 5605 2550 5681 _in_
2597 5601 2764 5681 sacris
3011 5592 3414 5681 reperire‘mihi

1852 5664 2294 5806 uoitslicuil.—
2340 5676 2582 5748 Respicit
2640 5673 2779 5730 forte
2833 5666 2987 5724 Philo
3039 5664 3104 5724 ad
3158 5667 3176 5722 ι
3227 5664 3411 5721 Esdm

1852 5766 1938 5806 ιιι.
2014 5789 2028 5804 .

1849 5766 1938 5818 ιιι,
1974 5766 2028 5806 a.

239 4644 414 4702 'Luc.
447 4661 616 4710 xxm,
645 4643 735 4701 45.
815 4644 839 4678 δ
865 4643 968 4700 Isa.
1001 4660 1103 4712 ιι,
1133 4644 1230 4714 l0,
1263 4644 1351 4700 Il.
1431 4647 1452 4678 ⁸
1481 4644 1624 4702 Psal.
1662 4664 1725 4704 ιχ

1852 4663 1884 4716 ν,
1907 4647 1961 4702 1.
2038 4646 2060 4678 ⁶
2093 4644 2226 4702 Luc.
2257 4658 2319 4712 ιι,
2355 4643 2442 4700 is.

178 5338 352 5396 autem
381 5325 492 5379 vult
525 5323 699 5390 Philo,
729 5324 870 5380 horti
901 5327 1117 5380 nomine
1152 5326 1253 5379 hoc
1281 5326 1334 5378 in
1366 5323 1485 5379 loco
1511 5326 1740 5396 intelligi

177 5394 266 5450 Dei
315 5397 644 5462 paradisum.

244 5466 355 5536 (85)
397 5464 573 5538 Locus
631 5464 1314 5538 manifestedepravatus:
1361 5462 1503 5520 forte
1562 5464 1744 5538 legen-

180 5533 456 5607 ιΙιιιιιζτάς
481 5535 591 5590 τῶν
626 5538 798 5606 ἁγίων
823 5533 1073 5607 πράξεις.

245 5607 356 5676 (86)
397 5606 589 5661 Lectio
622 5602 743 5663 cod.
769 5602 924 5660 Alex.
952 5620 1074 5659 cum
1105 5602 1330 5676 articulo
1361 5603 1411 5658 ὸ.

244 5673 353 5745 (87)
393 5676 573 5732 Locus
618 5677 771 5732 Isaiae
801 5679 881 5730 sic
921 5690 980 5729 se
1011 5676 1172 5745 habet
1210 5673 1263 5745 in
1295 5674 1466 5745 sacris
1509 5674 1737 5732 Bibliis:

337 5743 376 5801 ’ό
400 5746 596 5819 μισθὸς
625 5745 788 5802 αὐτοῦ
823 5747 939 5816 μετ’
967 5743 1152 5819 αὑτοῦ,
1184 5743 1278 5798 καὶ
1304 5743 1364 5796 τὸ
1397 5743 1556 5816 ἔργον
1589 5747 1738 5800 ὲναν-

182 5817 288 5872 τίον
317 5816 510 5889 αὐτοῦ,
549 5837 569 5874 t
602 5819 742 5874 Ecce
778 5831 986 5872 merces
1009 5816 1126 5883 elus
1155 5829 1276 5870 cum
1303 5829 1390 5882 eo,
1421 5827 1476 5871 et
1517 5831 1652 5886 opus
1679 5819 1734 5873 in
