3862 6270
430 353 527 413 H9

1551 351 1868 409 PHILONS
1907 347 2214 407 EPISCOPI
2245 347 2562 404 CARPASII

3549 348 3656 402 12⁸)

427 480 482 524 et
513 467 800 524 Dorcadem
853 485 882 522 a
935 468 1162 523 mortuis
1209 466 1499 522 excitatam
1549 467 1614 532 ",
1640 477 1695 522 et
1739 467 1981 520 umbram

2096 461 2436 533 ριπατοῦντα·
2467 465 2566 531 τὴν
2589 459 2647 512 δὲ
2673 457 2918 528 Δορκάδα
2945 457 3015 528 ὲκ,
3030 456 3238 527 νεκρῶν
3273 457 3657 529 ἐγειρομένην,

428 559 568 614 Peti'i
604 560 845 616 inﬁrmos
889 571 1162 616 sanantem
1215 560 1279 613 “.
1333 559 1457 614 IIzec
1500 559 1743 614 videntes
1796 569 1981 626 stupe-

428 653 578 720 bant,
614 663 668 708 et
704 672 722 704 ι
761 655 1048 708 credebant
1076 660 1337 723 quotquot
1361 651 1592 707 ordinati
1619 661 1774 707 erant
1802 651 1869 704 ad
1909 651 1984 705 vi-

424 751 530 798 tam
557 753 815 797 aeternam
853 744 915 798 ⁸⁷.
947 763 966 796 ι
1090 815 1092 818 ν

497 834 828 890 CLXXXVI.
875 835 1039 890 Vens.
1072 827 1158 890 I0.
1188 834 1254 889 In
1304 840 1510 890 hortum
1546 834 1692 889 nucis
1745 833 1985 888 descendi

429 927 598 983 videre
626 929 678 982 in
701 929 959 998 genimine
987 929 1250 981 torrentis.

497 1019 722 1074 Hortum
766 1020 954 1084 nucis,
986 1028 1044 1072 ut
1089 1021 1354 1084 arbitror,
1404 1018 1535 1073 dicit
1582 1017 1894 1072 sacerdotes
1931 1021 1986 1069 et

427 1113 634 1168 scribas
661 1113 862 1183 populi,
901 1113 1220 1168 descensum
1253 1115 1318 1168 de
1363 1111 1515 1168 cmlis
1554 1109 1821 1180 Unigeniti
1862 1123 1986 1178 pro-

426 1206 674 1274 phetans.
706 1204 906 1260 Hortus
939 1207 1082 1262 enim
1114 1207 1267 1262 nucis
1302 1207 1437 1261 bene
1481 1206 1766 1275 appellavit
1796 1203 1986 1256 Hieru-

423 1297 589 1350 salem
615 1302 669 1350 et
693 1297 980 1366 templum;
1008 1297 1440 1367 quandoquidem
1467 1297 1615 1366 virga
1638 1294 1868 1348 Aaronis
1897 1309 1984 1347 sa-

424 1384 648 1438 cerdotii
675 1384 1125 1455 signiﬁcationem
1157 1387 1361 1441 habens
1402 1383 1599 1439 ﬂoruit.
1632 1383 1748 1438 Nux
1799 1382 1852 1436 in
1890 1396 1984 1452 ge-

425 1477 629 1532 nimine
675 1479 930 1534 torrentis
961 1479 1012 1533 in
1061 1487 1300 1550 tempore
1328 1479 1625 1547 passionis;
1676 1478 1742 1532 de
1769 1493 1898 1548 quo,
1928 1488 1984 1531 ιιι

425 1567 716 1630 existimo,
771 1567 936 1622 David
987 1568 1157 1622 dicit:
1210 1585 1228 1618 ι
1270 1566 1587 1622 Torrentem
1639 1567 1984 1638 pertransivit

421 1656 602 1712 anima
630 1664 814 1714 nostra
843 1657 908 1724 “,
941 1677 962 1712 ι
995 1658 1223 1714 inuuens
1253 1661 1594 1718 teutationes.

492 1833 842 1890 CLXXXVII.
887 1835 1074 1890 Videre
1095 1854 1162 1890 an
1187 1838 1367 1907 ﬂoruit
1393 1838 1562 1895 vinea.

499 1943 518 1976 ι
559 1927 721 1981 Vinea
761 1947 780 1979 ι
835 1929 976 1982 enim
1004 1968 1020 1994 ,
1055 1928 1132 1982 ait
1181 1928 1481 1998 Scriptura,
1523 1947 1542 1980 ι
1579 1927 1707 1984 boni
1748 1925 1980 1997 palmitis

423 2019 584 2074 Israel
648 2021 713 2076 ”.
763 2019 828 2074 Et
880 2020 1025 2076 misit
1073 2021 1238 2076 lilium
1293 2036 1448 2077 suum
1481 2020 1890 2091 paterfamilias,
1923 2027 1982 2074 ut

423 2116 634 2181 caperet
669 2111 899 2165 fructum
937 2127 1094 2167 suum
1144 2117 1313 2167 vineae
1359 2113 1426 2166 ³⁸.
1467 2129 1489 2164 ι
1543 2111 1621 2166 Illi
1654 2126 1781 2166 vero
1809 2111 1982 2182 eiece-

424 2212 550 2256 runt
583 2202 866 2259 Dominum
910 2214 1062 2260 extra
1093 2202 1450 2270 Hierusalem,
1474 2211 1531 2258 et
1560 2200 1894 2258 sustulerunt
1925 2201 1978 2256 in

424 2307 660 2348 crucem.

495 2381 872 2438 CLXXXVIII.
903 2381 963 2440 Si
983 2384 1273 2454 ﬂoruerunt
1307 2381 1448 2437 mala
1480 2390 1723 2452 grauata.

494 2476 567 2530 At
599 2476 670 2530 ibi
694 2477 909 2546 quidem
940 2491 1044 2530 non
1075 2474 1254 2528 ﬂoruit
1286 2475 1460 2540 vinea,
1497 2473 1589 2528 sed
1620 2472 1741 2526 tulit
1773 2469 1976 2541 spinas.

424 2567 692 2624 Coronam
751 2567 895 2622 enim
949 2566 1016 2621 de
1070 2566 1240 2635 spinis
1302 2563 1588 2635 Unigenito
1640 2561 1976 2632 plexuernnt.

425 2656 714 2728 PrOpterea
747 2658 799 2713 in
829 2658 962 2713 Isaia
986 2658 1036 2712 id
1061 2657 1228 2712 vinea:
1249 2657 1542 2726 exprobrat
1564 2655 1748 2710 dicens
1779 2671 1792 2708 :
1831 2673 1850 2706 ι
1882 2653 1980 2708 Ex-

423 2751 657 2822 spectavi
694 2752 820 2806 dum
848 2749 1049 2806 Iaceret
1086 2763 1243 2804 uvam
1269 2787 1283 2813 ,
1315 2756 1370 2803 et
1405 2746 1532 2802 fecit
1567 2747 1748 2816 spinas
1778 2746 1844 2800 “.
1884 2764 1981 2798 »-

426 2863 445 2894 ι
493 2841 628 2896 Mala
651 2851 874 2912 granata
906 2860 925 2894 ι
957 2857 1082 2898 vero
1117 2859 1136 2894 ι
1171 2840 1484 2908 ﬂoruerunt,
1522 2859 1542 2893 ι
1579 2839 1632 2895 id
1662 2848 1768 2904 est,
1803 2838 1981 2894 Eccle-

423 2933 517 2988 size
561 2947 658 3004 per
691 2931 903 2987 diversa
955 2931 1068 2987 loca
1117 2929 1360 2986 dissitae:
1399 2939 1456 2986 et
1499 2937 1559 2984 ut
1586 2929 1724 2983 mala
1753 2938 1978 3000 grauata

425 3025 779 3096 sanguineum
815 3033 874 3080 et
897 3024 1110 3080 vineum
1137 3023 1372 3080 colorem
1415 3022 1616 3077 habent
1654 3030 1895 3090 aspectu,
1925 3028 1981 3074 et

422 3119 566 3173 intus
599 3116 831 3173 fructum
867 3116 1048 3173 multis
1079 3115 1264 3188 granis
1302 3119 1655 3186 compositum
1693 3133 1707 3170 :
1744 3115 1817 3170 ita
1853 3130 1980 3170 san-

422 3220 522 3266 ctre
554 3209 650 3266 Dei
685 3209 937 3265 Ecclesiae
982 3208 1247 3281 sanguine
1276 3208 1476 3264 Christi
1526 3215 1822 3278 perunctae,
1865 3221 1978 3262 me-

423 3303 526 3358 rito
545 3301 700 3356 malis
728 3302 966 3371 granatis
995 3299 1391 3367 assimilantur;
1412 3298 1807 3356 multitudinem
1836 3299 1977 3355 enim

421 3391 740 3448 sanctiﬁcati
775 3389 954 3462 populi
984 3390 1149 3446 rubro
1182 3389 1363 3445 colore
1403 3389 1626 3445 tinctam
1657 3390 1713 3446 in
1735 3389 1980 3446 seconti-

422 3490 636 3548 nentes,
668 3481 911 3538 caelestis
940 3480 1066 3538 doni
1094 3481 1296 3537 habent
1323 3481 1638 3538 bonitatem.

493 3659 826 3717 CLXXXIX.
855 3659 941 3714 Ibi
969 3659 1102 3714 dabo
1125 3659 1282 3714 ubera
1308 3676 1422 3714 mea
1447 3660 1563 3733 tibi.

495 3753 662 3808 Vetus
691 3751 1121 3815 Testamentum,
1169 3751 1381 3822 opinor,
1426 3762 1481 3806 et
1521 3749 1727 3806 Novum
1762 3751 1891 3807 dicit
1920 3767 1982 3808 se

423 3845 551 3900 dare
594 3844 647 3898 in
678 3842 934 3898 Ecclesiis
963 3841 1182 3914 proprio
1221 3856 1444 3912 sponso.
1474 3843 1688 3914 Sponsa
1714 3843 1858 3899 enim
1883 3846 1983 3900 ali-

423 3937 636 4010 quando
684 3934 866 4006 sponsi
913 3933 1100 4002 ubera,
1135 3933 1426 4002 aliquando
1473 3950 1570 3990 sua
1619 3935 1784 4005 ipsius
1818 3937 1982 3992 ubera

424 4039 582 4086 vocat
639 4029 744 4084 duo
791 4027 1156 4084 Testamenta.
1199 4026 1334 4083 Cum
1394 4028 1538 4083 enim
1593 4028 1774 4084 laudat
1825 4043 1982 4084 suum

425 4135 680 4191 sponsum
723 4122 836 4174 ait:
894 4136 914 4170 ι
963 4117 1109 4173 Bona
1160 4118 1325 4173 ubera
1366 4127 1455 4173 tua
1509 4133 1670 4187 super
1714 4120 1918 4174 vinum.
1956 4140 1977 4173 ι

424 4210 576 4266 Nunc
601 4226 727 4267 vero
757 4209 864 4265 duo
909 4210 1024 4265 hare
1051 4209 1401 4264 Testamenta
1447 4225 1542 4264 sua
1569 4220 1724 4265 vocat
1768 4212 1930 4266 ubera
1966 4229 1978 4265 :

430 4322 450 4354 ‹
491 4301 567 4359 Ibi
589 4302 728 4359 dabo
757 4304 920 4358 ubera
943 4316 1058 4357 mea
1092 4301 1206 4357 tibi.
1243 4321 1264 4356 ι
1303 4300 1360 4358 Id
1387 4312 1490 4369 est,
1524 4302 1579 4357 in
1609 4301 1851 4358 Ecclesia
1880 4303 1984 4360 duo

425 4399 766 4454 Testamenta
790 4395 1026 4469 perfecta
1053 4404 1108 4450 et
1133 4395 1397 4466 completa
1446 4397 1501 4450 in
1548 4397 1802 4467 operibus
1825 4396 1984 4466 justi-

2090 553 2182 606 καὶ
2228 551 2325 623 τὴν
2373 550 2530 604 σκιάν
2567 550 2773 622 Πέτρου
2815 551 2940 615 τούς
2979 549 3336 611 ἀσθενοῦντας
3393 548 3661 619 ἰωμένην.

2089 640 2274 694 Ταῦτα
2324 639 2608 711 βλέποντες
2647 639 3002 711 ἐθαμϐοῦντο,
3054 639 3149 692 καὶ
3184 657 3204 690 ι
3236 637 3516 692 ἐπίστευον
3542 639 3664 692 ὅσοι

2087 730 2227 805 ἦσαν
2259 731 2578 804 τεταγμένοι
2602 733 2683 796 εἰς
2705 730 2848 803 ζωὴν
2885 729 3119 785 αἰώνιον.
3141 748 3158 782 ι

2158 827 2344 894 PIIC.".
2383 825 2474 881 Στ.
2512 823 2561 880 ι’.
2601 826 2703 890 Εἰς
2735 821 2931 892 κῆπον
2954 823 3181 891 καρύας
3202 819 3460 876 κατέϐην
3505 820 3663 875 ἰδεῖν

2089 916 2158 970 ἐν
2175 917 2494 986 γεννήματι
2519 916 2592 986 (7)
2612 915 2718 969 τοῦ
2738 914 3077 985 χειμάρῤου.

2162 1007 2350 1078 Κῆπον
2381 1005 2609 1077 καρύας,
2635 1006 2759 1069 τούς
2783 1006 2944 1077 ἱερεῖς
2967 1000 3118 1075 οἶμαι
3143 1003 3321 1071 λέγειν
3353 1003 3448 1056 καὶ
3474 1019 3666 1074 γραμ-

2093 1102 2280 1171 ματεῖς
2308 1097 2401 1152 τοῦ
2431 1096 2581 1161 λαοῦ,
2607 1097 2704 1168 τὴν
2735 1095 2796 1160 et:
2829 1095 3073 1168 οὐρανῶν
3105 1095 3328 1150 κάθοδον
3360 1094 3453 1148 τοῦ
3481 1096 3670 1150 Μονο-

2090 1192 2280 1262 γενοῦς
2313 1189 2687 1263 προφητεύων.
2718 1189 2908 1260 Κῆπον
2933 1188 3042 1260 γὰρ
3070 1187 3278 1261 καρύας
3311 1188 3488 1256 καλῶς
3533 1184 3669 1243 εῐπι

2088 1283 2185 1354 τὴν
2225 1281 2596 1354 Ἰερουσαλὴμ,
2626 1282 2800 1336 καὶτὸ
2826 1280 2989 1353 ἰερόψ
3009 1280 3306 1350 ἐπειδήπερ
3333 1282 3367 1352 ή
3411 1282 3668 1352 Ἀρωνή-

2088 1392 2186 1445 της
2217 1373 2426 1445 ράὁδος,
2453 1374 2550 1446 τὴν
2569 1374 2836 1446 σημασίαν
2867 1372 3062 1443 ἔχουσα
3093 1373 3190 1444 τῆς
3224 1371 3543 1444 ἱερωσύνης⁹
3572 1373 3640 1438 ἐξ
3659 1391 3672 1410 .

2089 1467 2310 1540 ήνθησε.
2366 1466 2557 1537 Καρύα
2597 1468 2656 1520 ὲν
2683 1467 2980 1538 γεννήματι
3024 1465 3120 1518 τοῦ
3159 1466 3458 1538 χειμάρρου
3491 1466 3551 1520 ὲν
3577 1464 3669 1535 τῷ

2089 1556 2264 1629 καιρῷ
2298 1555 2393 1610 τοῦ
2432 1557 2658 1621 πάθως’
2695 1556 2823 1629 περ).
2859 1550 2920 1610 οῦ
2947 1551 3099 1624 οἶμαι
3131 1556 3225 1608 κα)⁸
3253 1555 3344 1608 τὸν
3373 1555 3538 1608 Δασιδ
3570 1555 3671 1608 λέ-

2087 1667 2224 1718 γειν·
2277 1669 2296 1702 ι
2343 1650 2656 1723 Χείμαρρον
2707 1648 2917 1720 διῆλθεν
2968 1649 3003 1718 ἡ
3053 1646 3200 1718 ψυχὴ
3236 1646 3412 1718 ἡμῶν,
3464 1666 3484 1700 ι
3527 1646 3669 1712 τοὺς

2087 1743 2424 1814 πειρασμοὺς
2447 1743 2834 1814 αἰνιττόμενος.

2011 1832 2055 1888 Β
2150 1834 2318 1887 ΡΠΖ’.
2359 1832 2523 1888 Ἰδεῖν
2545 1836 2601 1888 sl
2626 1833 2891 1903 ἤνθησεν
2910 1832 2950 1903 ἠ
2978 1833 3263 1903 ἄμπελος.

2157 1923 2492 1996 «Ἀμπελοςι
2521 1924 2650 1996 γάρ,
2678 1925 2863 1996 φησιν,
2898 1922 3344 1995 ιεύκληματοῦσα
3415 1923 3666 1995 Ἰσραήλ.

2082 2017 2196 2072 Καὶ
2229 2017 2513 2073 ἀπέστειλε
2567 2017 2656 2072 τὸν
2711 2016 2839 2086 υἱὸν)
2873 2015 3037 2072 αὐτοῦ
3081 2019 3110 2071 ό
3139 2015 3520 2086 οἰκοδεσπότης
3561 2015 3669 2070 λα-

2081 2109 2194 2164 ϐεῖν
2231 2111 2320 2165 τὸν
2351 2111 2563 2183 καρπὸν
2607 2111 2772 2164 αὐτοῦ
2809 2111 2906 2182 τῆς
2932 2110 3198 2182 ἀμπέλου.
3236 2130 3256 2164 ι
3287 2109 3355 2166 Ol
3393 2111 3450 2165 δὲ
3483 2111 3667 2165 ἔκϐα-

2081 2199 2262 2267 λὸντες
2307 2201 2413 2269 ἔξω
2453 2203 2554 2274 τῆς
2589 2201 2938 2275 Ἰερουσαλὴμ
2982 2203 3074 2258 τὸν
3119 2202 3322 2276 Κύριον
3377 2202 3668 2275 ἐσταύρω-

2083 2311 2204 2349 σαν.

2149 2385 2326 2441 PIIH'.
2360 2389 2430 2441 Εἰ
2451 2386 2732 2455 ἤνθησαν
2755 2385 2831 2458 (8)
2853 2389 2911 2442 αἰ
2926 2389 3084 2458 ῥοαί.

2162 2477 2300 2532 Ἀλλ’
2353 2479 2471 2531 ἐκεῖ
2523 2477 2622 2548 μὲν
2679 2478 2779 2532 οὐκ
2821 2477 3054 2550 ήνθησεν
3106 2479 3139 2550 ἡ
3199 2477 3459 2549 ἄμπελος,
3516 2476 3665 2530 ἀλλὰ

2081 2571 2324 2633 ἀκάνθας
2351 2568 2820 2640 ἐκαρποφόρησεν.
2857 2569 3124 2636 Στέφανον
3160 2567 3269 2639 γάρ
3312 2568 3371 2633 ἐξ
3402 2567 3664 2622 ἀκανθῶν

2078 2662 2158 2734 τῷ
2182 2663 2476 2729 Μονογενεῖ
2511 2659 2760 2726 ἔπλεξαν.
2802 2660 2894 2715 Διὸ
2924 2661 3017 2714 καὶ
3051 2663 3108 2714 έν
3140 2660 3335 2731 Ἠσαίᾳ
3377 2659 3665 2731 μέμφεται

2078 2753 2156 2826 τῷ
2193 2752 2476 2824 ἀμπελῶνι
2518 2753 2675 2806 τοῦτο
2712 2753 2903 2821 λέγων’
2944 2772 2963 2805 ι
2997 2753 3227 2824 Ἔμεινα
3270 2750 3365 2805 τοῦ
3415 2751 3662 2821 ποιῆσαι

2081 2845 2372 2916 σταφυλὴν,
2389 2843 2607 2913 εποίησε
2621 2843 2678 2897 δὲ
2699 2842 2955 2907 ἀκάνθας.
2983 2862 3002 2896 ι
3018 2873 3087 2882 -
3109 2859 3128 2894 ι
3155 2843 3230 2896 Αἰ.
3253 2861 3270 2894 ι
3290 2843 3346 2895 δὲ
3364 2862 3383 2894 ι
3418 2841 3540 2914 ῥοαὶ
3559 2842 3662 2908 ἐξ-

2079 2937 2341 3009 ήνθησανο
2385 2955 2404 2988 ι
2446 2935 2720 2990 τουτέστιν
2743 2936 2800 2990 αἰ
2833 2936 2973 2989 κατά
3001 2935 3162 2989 τόπον
3191 2934 3521 3006 Ἐκιιλησίαι.
3540 2936 3662 2989 Καὶ

2079 3027 2330 3100 καθάπερ
2361 3029 2414 3080 αἰ
2443 3026 2563 3098 ῥοαὶ
2594 3025 2841 3096 αίμοειδῆ
2863 3026 2957 3080 καὶ
2975 3024 3208 3080 οἰνωπὸν
3239 3023 3315 3097 (9)
3341 3024 3522 3096 ἔχουσι
3550 3025 3660 3096 τὴν

2083 3120 2284 3186 εἰδέαν,
2313 3118 2699 3173 πολυκόκκινόν
2729 3135 2789 3171 τε
2818 3118 2910 3172 τὸν
2936 3119 3084 3182 ὲντὸς
3103 3117 3284 3188 ἔχουσι
3303 3117 3535 3190 καρπόν·
3562 3117 3660 3171 οῦ-

2080 3230 2189 3277 τως
2238 3212 2333 3266 καὶ
2382 3211 2439 3265 αἰ
2487 3210 2638 3280 ἅγιαι
2674 3210 2770 3263 τοῦ
2804 3208 2938 3264 Θεοῦ
2983 3209 3319 3282 Ἐκκλησίαι,
3347 3207 3425 3281 τῷ
3461 3207 3660 3280 αἵματι

2077 3303 2171 3358 τοῦ
2193 3301 2429 3376 Χριστοῦ
2463 3301 2908 3374 ἔπικεχρισμέναι
2939 3300 3074 3373 (I0),
3097 3301 3333 3369 εὐλόγως
3368 3301 3518 3372 ῥοαῖς
3550 3299 3661 3352 ἀπ-

2079 3397 2411 3460 εικάζονται.
2450 3394 2522 3447 Τὸ
2551 3394 2608 3448 δὲ
2647 3391 3069 3464 πολυάνθρωπον
3092 3391 3366 3463 ἀγιασμοῦ
3406 3389 3517 3462 (Η)
3552 3389 3654 3444 τοῦ

2078 3485 2210 3540 λαοῦ
2240 3486 2387 3540 ἔνδον
2415 3484 2632 3556 ἔχουσαι
2653 3483 2884 3538 οἰνωπὸν
2911 3484 3047 3554 (12),
3075 3484 3175 3556 τὴν
3202 3482 3539 3556 χρηστότητα
3567 3481 3661 3535 κέ-

2083 3593 2310 3648 κτηνται
2335 3575 2434 3646 τῆς
2457 3573 2708 3646 οὐρανίου
2727 3573 2954 3646 δωρεᾶς.

2148 3665 2320 3720 ΡΠΘ’.
2358 3665 2517 3720 Ἐκεῖ
2532 3664 2702 3719 δώσω
2733 3664 2874 3731 τοὺς
2901 3665 3174 3734 μαστούς
3196 3681 3315 3734 μου
3335 3662 3438 3717 σοι
3464 3660 3604 3731 (15).

2152 3757 2398 3813 Παλαιὰν
2428 3754 2583 3830 οἶμαι
2619 3757 2822 3828 ταύτην
2849 3758 3028 3827 λέγειν
3067 3758 3160 3812 καὶ
3201 3755 3407 3826 Καινὴν
3447 3753 3659 3824 Διαθή-

2082 3869 2186 3924 κην
2237 3853 2295 3904 ὲν
2343 3853 2464 3914 ταῖς
2509 3849 2856 3922 Ἐκκλησίαις
2899 3848 3080 3902 δοῦναι
3131 3845 3210 3917 τῷ
3259 3845 3372 3916 ἰδίῳ
3412 3841 3657 3916 νυμφίῳ.

2094 3941 2216 3995 ὐτὲ
2252 3941 2351 4011 μὲν
2374 3939 2482 4012 γὰρ
2511 3940 2750 4011 μαστοὺς
2795 3938 2890 3993 τοῦ
2927 3938 3056 3992 ἰδίου
3100 3935 3334 4007 νυμφίου
3373 3935 3523 4004 λέγει
3553 3933 3658 3999 τὰς

2082 4033 2176 4088 δύο
2197 4032 2489 4104 Διαθήκας,
2515 4032 2603 4086 ὁτὲ
2635 4031 2691 4084 δὲ
2732 4032 2970 4103 μαστοὺς
2996 4029 3192 4099 ἑαυτῆς
3211 4027 3358 4096 λέγει
3381 4025 3586 4089 ταύτας
3618 4027 3656 4097 ὴ

2083 4126 2290 4197 νύμφη.
2337 4125 2585 4180 Ἐπειδὰν
2618 4125 2728 4197 γάρ
2759 4127 2967 4178 ἐπαινεί
3011 4123 3104 4176 τὸν
3149 4120 3348 4190 ἑαυτῆς
3401 4117 3658 4189 νυμφίον,

2081 4216 2253 4286 λέγει,
2287 4216 2368 4270 ὃτι
2405 4234 2424 4268 ι
2466 4215 2684 4285 Ἀγαθοὶ
2710 4215 2904 4286 μαστοί
2944 4231 3038 4268 σου
3081 4214 3222 4285 ὑπὲρ
3272 4207 3432 4265 οἶνον.
3478 4228 3498 4262 ι
3538 4208 3660 4263 Νῦν

2083 4309 2141 4362 δὲ
2167 4307 2368 4372 ταύτας
2413 4307 2512 4371 τάς
2547 4305 2640 4360 δύο
2673 4305 2968 4378 Διαθήκας,
3006 4305 3169 4369 ἰδίους
3209 4303 3492 4373 φάσκουσα
3545 4317 3658 4370 μα-

2087 4400 2267 4464 στοὺς,
2297 4399 2462 4468 λέγει’
2501 4417 2520 4450 ι
2569 4399 2715 4452 Ἐκεῖ
2738 4397 2892 4452 δώσω
2923 4398 3047 4460 τοὺς
3071 4393 3305 4467 μαστούς
3347 4410 3446 4464 μου
3474 4390 3587 4445 σοί·
3631 4408 3653 4443 ι

425 4493 514 4545 tia:
542 4505 784 4545 meorum
822 4489 1077 4544 ﬁliorum.
1119 4487 1336 4558 Accipit
1385 4488 1530 4543 enim
1564 4503 1626 4542 ea
1670 4489 1880 4558 (ubera)
1927 4488 1981 4542 in

2096 4491 2228 4562 ὅπερ
2251 4491 2420 4553 ἐστὶν,
2449 4491 2506 4542 ὲν
2531 4491 2596 4560 τῇ
2629 4487 2924 4560 Ἐκκλησία
2946 4485 3045 4550 τὰς
3084 4484 3178 4538 δύο
3201 4483 3472 4554 Διαθήκας
3503 4496 3657 4570 τετε-

427 4582 712 4649 mandatis,
742 4592 799 4637 ut
827 4582 1117 4652 adimpleat
1142 4581 1312 4651 legem
1337 4588 1391 4636 et
1430 4596 1549 4650 qua:
1578 4580 1633 4635 in
1681 4579 1986 4650 Evangeliis

424 4677 824 4748 praecipiuntur.
854 4675 932 4731 Ea
970 4689 1098 4729 vero
1130 4673 1334 4743 praebet
1385 4687 1596 4739 rursus,
1633 4687 1753 4727 cum
1783 4672 1973 4742 implet

425 4783 546 4839 quae
576 4767 630 4822 in
669 4767 735 4824 iis
757 4775 1095 4824 statuuntur.

502 5053 545 5084 "
579 5055 699 5109 Act.
735 5066 812 5119 ix,
836 5050 923 5106 to.
1002 5050 1044 5080 ¹⁶
1074 5051 1191 5104 Act.
1220 5065 1270 5113 v,
1297 5049 1384 5104 15.
1456 5049 1497 5080 ³⁷
1523 5050 1643 5104 Act.
1676 5066 1791 5118 xm,
1817 5052 1906 5108 48.

422 5133 464 5163 ἰ
501 5124 602 5180 Isa.
628 5139 680 5188 ν,
710 5121 766 5179 2.

493 5224 570 5295 (7)
629 5224 718 5280 Sic
777 5222 897 5278 cod.
939 5219 1088 5275 Alex.
1141 5217 1318 5272 Editio
1365 5215 1542 5271 Vatic.
1593 5213 1756 5269 habet
1793 5213 1989 5282 γεννή-

425 5312 718 5427 “(gnsco
745 5372 826 5417 est
858 5359 1014 5416 lectio
1044 5357 1162 5413 cod.
1194 5355 1343 5411 Alex.
1369 5365 1425 5409 et
1460 5355 1590 5409 edit.
1618 5351 1985 5410 Conmlutens.

422 5427 600 5490 Editio
632 5434 749 5488 Vat.
778 5433 936 5486 habet
960 5428 1259 5500 ἐξήνθησαν
1283 5427 1398 5480 sine
1424 5427 1494 5478 εἰ.

493 5504 568 5576 (9)
591 5503 698 5576 iSic
727 5493 1154 5563 emendandum,
1184 5513 1303 5552 cum
1338 5509 1524 5550 omnes
1555 5493 1713 5548 codd.
1754 5493 1987 5548 habeant

422 5575 652 5628 οίνοπόν.

494 5645 607 5712 (10)
627 5642 900 5698 Salutatus
917 5648 972 5695 et
991 5646 1098 5693 vet.
1125 5637 1387 5707 interpres
1405 5635 1652 5689 videntur
1673 5632 1862 5704 legisse
1879 5631 1992 5684 ἔπι-

690 5714 710 5742 λ

426 5730 1297 5855 κεῖῇῖσῗάνὲἔπολυὰνθρωπον
1317 5774 1629 5854 druidum},
1661 5773 1761 5857 hoc
1791 5781 1870 5829 cst
1899 5769 1982 5824 τοῦ

2096 5730 2177 5772 ιτς

2098 5775 2177 5830 ιιι.

2007 5055 2051 5088 ¹⁸
2098 5053 2239 5110 Psal.
2274 5071 2466 5122 cxxm,
2499 5055 2554 5110 5.

2089 4580 2353 4650 λεσμένας
2394 4579 2490 4633 καὶ
2527 4577 2960 4648 πεπληρωμένας
3001 4577 3058 4628 ὲν
3102 4574 3285 4646 ἔργοις
3314 4567 3656 4640 δικαιοσύνης

2088 4670 2196 4725 τῶν
2225 4670 2368 4723 ἰδίων
2391 4669 2616 4724 τέκνων.
2665 4668 2944 4738 Λαμὸάνει
2973 4666 3080 4738 γάρ
3105 4666 3302 4728 αὐτοὺς
3328 4665 3386 4716 ὲν
3419 4664 3539 4724 ταῖς
3569 4662 3658 4713 ὲν-

2088 4760 2268 4825 τολαίς
2291 4759 2385 4813 τοῦ
2411 4760 2630 4832 ποιῆσαι
2648 4759 2738 4812 τὸν
2771 4758 2952 4829 νόμον,
2987 4758 3080 4811 καὶ
3099 4756 3169 4810 τά
3189 4757 3246 4809 ὲν
3269 4757 3390 4818 τοῖς
3413 4753 3657 4820 Εὐαγγε-

2089 4853 2223 4915 λίοις
2252 4852 2668 4922 διατεταγμέναο
2699 4847 2912 4904 δίδωσιν
2932 4850 2991 4904 δὲ
3023 4849 3207 4915 πάλιν,
3230 4843 3564 4918 πληρώσασα
3586 4844 3658 4898 τὰ

2088 4944 2146 4996 ὲν
2166 4945 2349 5009 αὐτοῖς
2383 4959 2654 5015 προτεταγ
2661 4942 2815 5013 μένα.

2667 5056 2710 5088 ¹⁹
2740 5053 2865 5110 Ose.
2897 5069 2954 5116 ι,
2976 5055 3029 5108 1.
3119 5047 3165 5082 ⁸⁸
3187 5047 3376 5103 ﬂattb.
3415 5062 3531 5114 ut,
3562 5049 3655 5105 37.

2098 5213 2426 5285 ἁγιασμένου
2458 5212 2609 5267 λαοῦ.
2631 5211 2847 5285 _Modus
2898 5213 3145 5284 loquendi
3183 5223 3288 5280 est,
3315 5212 3382 5268 de
3407 5228 3515 5282 quo
3544 5213 3657 5268 dixi

2095 5301 2251 5352 supra
2269 5282 2347 5337 ad
2368 5298 2483 5350 cap.
2512 5299 2585 5348 tv,
2624 5282 2679 5338 2.

2090 5350 2278 5477 ﬁsi”)
2307 5354 2470 5410 Error
2494 5355 2632 5411 idem
2660 5353 2749 5424 qui
2780 5368 2960 5425 supra,
2993 5354 3046 5407 in
3071 5352 3318 5408 omnibus
3339 5350 3494 5408 codd.
3519 5353 3655 5406 otvo-

2116 5459 2131 5477 ι.
2162 5443 2211 5477 ν.

2116 5443 2190 5477 ιον
2197 5465 2211 5477 .

2163 5494 2273 5565 (l3)
2305 5493 2574 5565 Hactenus
2594 5491 2745 5565 Philo
2775 5507 2986 5565 sacrum
3018 5492 3521 5565 teatum_int_egrum
3552 5505 3653 5565 ex-

2093 5560 2285 5619 Iiibuit.
2324 5565 2428 5619 Sed
2467 5564 2518 5619 in
2549 5566 2648 5618 hoc
2669 5564 2783 5618 loco
2808 5561 2894 5616 illa
2932 5563 3130 5628 omisit,
3187 5561 3286 5615 οὐκ
3313 5560 3453 5629 ἔγνω
3489 5562 3522 5631 ὴ
3552 5560 3650 5630 ψυο

2095 5635 2162 5716 χή
2187 5651 2318 5716 μου,
2347 5637 2630 5716 quaeinter
2663 5635 2804 5716 banc
2829 5640 2882 5688 et
2909 5644 3224 5716 sequentem
3253 5646 3465 5716 versum
3491 5633 3650 5716 inter-

2093 5701 2236 5772 iecta
2273 5701 2416 5761 sunt.
2467 5705 2630 5761 Vetus
2663 5703 2843 5758 itidem
2907 5701 3172 5773 interpres
3207 5701 3392 5760 eadem
3426 5711 3650 5772 praeter-
