3878 6270
248 280 356 339 [25

1174 260 1578 338 ΕΝΑιιιιΑτιο
1617 282 1683 338 IN
1726 281 2082 339 CANTICUM
2120 281 2588 340 CANTICORUM.

3404 277 3504 334 1‘26

247 397 388 466 σίτῳ
432 395 809 460 ἀπεικάζεται.
845 411 863 444 ι
894 396 1264 468 Πεφραγμὲνη
1296 400 1352 450 ἐν
1375 397 1657 470 κρίνοις,·ι
1697 401 1832 472 ὅπερ

1970 399 2180 454 dunatis
2225 399 2402 469 papuli
2453 396 2789 468 corporibus,
2837 411 3028 451 acervo
3085 394 3244 449 tritici
3292 393 3505 447 assimi-

247 491 373 544 ιστὶ
405 492 464 542 ὲν
500 493 617 552 τοῖς
651 488 872 542 εὐωδέσι
891 490 983 543 τοῦ
1011 490 1143 544 Θεοῦ
1177 491 1378 556 λόγοις.

321 663 496 732 PLJI'.
547 665 638 719 Στ.
692 666 754 718 δ’.
805 663 1107 736 Τράχηλός
1147 683 1264 722 σου
1302 669 1413 741 (54)
1477 672 1558 738 ὡς
1614 672 1835 740 πύργος

249 754 670 822 ἐλεφάντινος.

321 848 614 919 Τράχηλος
632 847 820 919 αὐτῆς,
850 844 1023 919 οἶμαι,
1057 849 1203 920 λέγει
1223 852 1284 904 τὸ
1311 850 1694 924 καθαρώτατον
1728 852 1836 905 τῶν

247 939 522 992 διακόνων
551 939 736 1009 τάγμα
761 957 773 970 ·
799 941 1092 1013 ἐπειδήπερ
1161 962 1179 994 ι
1219 942 1428 1014 κεφαλὴ
1472 943 1571 1014 τῆς
1603 943 1834 1014 Ἐκκλη-

248 1031 382 1094 σίας
410 1033 439 1084 ό
463 1031 718 1100 Χριστός.
759 1051 778 1084 ι
806 1025 962 1086 οὗτοι
1007 1033 1064 1086 δὲ
1105 1033 1430 1103 βαστάζουσι
1459 1034 1570 1102 (55)
1595 1034 1654 1087 τὸ
1678 1035 1836 1105 σῶμα

247 1122 349 1174 τοῦ
387 1122 628 1193 Χριστοῦ
656 1124 750 1176 καὶ
779 1125 841 1177 τὸ
863 1120 1025 1194 αἷμα,
1059 1123 1157 1195 τὴν
1190 1125 1430 1196 κεφαλὴν
1472 1125 1570 1196 τῆς
1611 1125 1836 1196 Ἐκκλη-

249 1214 406 1278 σίας.
443 1215 658 1287 Ὠσπερ
680 1211 773 1268 οὖν
796 1216 825 1268 ὁ
849 1216 1119 1288 τράχηλος
1152 1217 1322 1288 αὐτῆς
1366 1218 1512 1270 ἐστιν
1559 1216 1837 1286 ἐλεφάντι-

249 1325 374 1370 νος,
392 1307 628 1378 μάλιστα
641 1305 794 1361 ὁπότ’
808 1310 864 1360 ὲν
880 1309 1102 1381 καθαρῷ
1120 1309 1197 1380 τῷ
1219 1308 1475 1362 συνειδότι
1497 1309 1708 1379 άρύτως
1725 1309 1835 1381 (56)

251 1398 316 1450 τὸ
363 1400 665 1470 μυστήριον
705 1399 939 1468 ἔχουσιν,
973 1400 1048 1463 ὡς
1083 1399 1179 1453 καὶ
1203 1398 1355 1468 ἅγιος
1383 1395 1536 1452 εἶπεν
1581 1399 1837 1452 Ἀπόστο-

253 1498 388 1553 λος·
431 1510 451 1542 ι
489 1492 780 1555 Διακόνους
821 1491 1086 1557 ὡσαύτως
1132 1493 1396 1562 σεμνοὺς,
1449 1491 1523 1564 μὴ
1571 1492 1833 1560 διλόγους,

256 1581 339 1653 μὴ
380 1582 512 1654 οῐνῳ
540 1582 718 1653 πολλῷ
749 1572 1140 1654 προσέχοντας,
1191 1581 1412 1654 ἔχοντας
1437 1583 1498 1636 τὸ
1537 1585 1836 1656 μυστήριον

255 1675 506 1738 πίστεως
537 1675 596 1727 ὲν
630 1675 844 1746 καθαρᾷ
894 1675 1215 1744 συνειδήσει.
1252 1694 1270 1728 ι
1325 1674 1696 1744 Ἐλεφάντινος
1728 1675 1836 1749 γὰρ

1935 491 2096 545 latur.
2137 508 2156 542 ι
2181 489 2374 560 Septus
2406 489 2551 555 liliis,
2580 508 2598 542 ι
2650 490 2750 544 hoc
2791 498 2894 554 est,
2939 486 3373 544 suaveolentibus
3405 482 3500 538 Dei

1935 581 2184 650 eloquiis.

2010 669 2278 727 CXCVIII.
2314 667 2552 723 VERS.4.
2597 665 2800 722 Collum
2856 677 3000 721 tuum
3062 675 3116 720 ut
3161 664 3321 718 turris
3356 662 3507 716 ebur-

1935 780 2051 817 nea.

2013 852 2216 908 Collum
2253 851 2367 922 ejus
2407 851 2637 907 arbitror
2664 849 2844 903 dicere
2875 847 3279 902 mundissimum
3324 845 3501 898 diaco-

1942 958 2136 998 norum
2185 943 2426 997 ordinem
2459 984 2472 1008 ,
2534 939 2960 1010 quandoquidem
3017 957 3034 989 ι
3067 937 3316 992 Ecclesiae
3348 945 3505 1004 caput

1937 1033 2185 1088 Christus
2207 1033 2274 1099 "’;
2308 1050 2326 1084 ι
2366 1033 2420 1087 hi
2452 1047 2578 1087 vero
2612 1040 2821 1102 gestant
2851 1045 3042 1101 corpus
3074 1029 3270 1084 Christi
3298 1038 3352 1082 et
3382 1043 3510 1082 san-

1936 1125 2170 1194 guinem,
2210 1125 2261 1178 id
2288 1133 2390 1190 est,
2435 1131 2596 1192 caput
2648 1119 2918 1175 Ecclesiae.
2973 1119 3108 1172 Sunt
3162 1117 3323 1186 igitur
3367 1117 3511 1170 velut

1936 1216 2052 1285 ejus
2115 1216 2308 1272 collum
2361 1213 2802 1286 elephantinum,
2860 1211 3153 1280 praesertim
3195 1208 3404 1278 quando
3451 1207 3506 1261 in

1935 1325 2066 1382 pura
2125 1307 2454 1364 conscientia
2525 1302 2842 1375 mysterium
2880 1300 3114 1364 habent,
3169 1310 3228 1352 ut
3270 1299 3343 1350 ait
3383 1311 3508 1350 san-

1946 1413 2067 1457 ctus
2116 1398 2449 1472 Apostolus:
2490 1417 2507 1448 ι
2539 1397 2802 1451 Diaconos
2847 1392 3092 1447 similiter
3125 1390 3366 1461 pudicos,
3402 1403 3506 1442 non

1942 1494 2240 1565 bilingues,
2273 1507 2379 1546 non
2413 1489 2579 1544 multo
2610 1489 2736 1543 vino
2757 1487 3071 1549 servientes,
3099 1486 3357 1539 habentes
3390 1496 3510 1551 my-

1945 1585 2167 1641 sterium
2219 1584 2338 1639 ﬁdei
2378 1585 2430 1637 in
2475 1597 2606 1653 pura
2640 1581 2965 1637 conscientia
2988 1579 3054 1632 ’⁸.
3086 1597 3104 1630 ι
3142 1577 3203 1631 lli
3233 1579 3374 1631 enim
3401 1574 3508 1629 ele-

1943 1679 2270 1748 phantinum
2298 1676 2490 1732 collum
2516 1673 2874 1745 appellantur,
2899 1671 3062 1726 veluti
3087 1670 3235 1742 pyxis
3258 1667 3509 1737 elephan—

254 1758 410 1819 οὗτοι
440 1764 712 1836 τράχηλος
744 1765 1012 1834 λέγονται,
1036 1765 1286 1838 καθάπερ
1308 1766 1368 1820 τὸ
1400 1766 1588 1832 πυξίον
1614 1767 1842 1839 ἐλεφάν-

1962 1769 2085 1833 ina,
2144 1767 2333 1822 sordes
2377 1781 2482 1820 non
2530 1763 2860 1832 recipiendo,
2908 1764 3000 1817 sed
3037 1761 3161 1815 vitae
3198 1769 3512 1826 morumque

254 1874 434 1921 τινον,
478 1856 651 1927 ῥύπον
694 1857 768 1928 μὴ
804 1857 1408 1928 παραδεχόμενον’(57),
1445 1857 1579 1911 ἀλλὰ
1606 1858 1843 1929 καθαρόο

256 1963 390 2018 τητι
447 1945 562 2016 βίου
591 1946 686 1999 καὶ
716 1947 922 2017 τρόπου
955 1947 1066 2017 (58)
1109 1949 1222 2010 τοῖς
1254 1947 1428 2016 ἁγίοις
1473 1947 1843 2011 διακονοῦντες

259 2038 610 2110 μυστηρίοις.

335 2130 500 2198 Ριιθν.
532 2129 860 2200 Ὀφθαλμοί
872 2131 983 2201 (59)
1009 2145 1124 2184 σου
1144 2130 1349 2200 λίμναι
1371 2130 1442 2184 ἐν
1476 2130 1752 2192 Ἐσεϐὼν,
1774 2132 1843 2185 ἐν

261 2224 490 2290 πύλαις
510 2222 800 2293 θυγατρὸς
831 2223 1098 2278 πολλῶν.

340 2315 515 2366 Ὅπου
547 2313 655 2384 γὰρ
680 2314 1032 2384 συνειδήσεως
1053 2314 1379 2388 καθαρότης,
1447 2316 1561 2368 ἐκεῖ
1581 2316 1674 2370 καὶ
1697 2316 1842 2385 λογι-

263 2405 424 2476 σμῶν
448 2404 701 2476 εὐθύτης.
745 2404 978 2459 Ἐσεϐὼν
999 2406 1478 2479 (40)ὲρμηνεύεται
1513 2409 1842 2476 καθαρότης

263 2496 595 2566 λογισμῶν.
647 2497 865 2568 Ἐπειδὴ
909 2497 1018 2569 γὰρ
1041 2498 1138 2569 τῆς
1169 2498 1394 2570 καρδίας
1422 2499 1482 2551 τὸ
1519 2498 1772 2572 ὁρατικὸν
1793 2501 1840 2552 ol

264 2588 414 2641 ἔνδον
448 2588 551 2657 τῆς
579 2587 759 2658 ψυχῆς
784 2590 921 2643 είσιν
943 2587 1230 2660 ὀφθαλμοὶ,
1260 2592 1308 2643 οἰ
1331 2591 1753 2655 κατοπτεύοντες
1779 2592 1841 2644 οὐ

269 2678 437 2749 μόνον
459 2678 532 2731 τὰ
558 2677 810 2750 ὁρώμενα
841 2678 908 2732 δι’
935 2680 1250 2752 ὀφθαλμῶν,
1297 2681 1432 2735 ἀλλὰ
1470 2681 1564 2735 καὶ
1599 2682 1666 2735 τὰ
1695 2681 1845 2736 νοού-

269 2786 410 2839 μενα
434 2767 739 2840 πόρρωθεν.
782 2761 945 2822 Οὗτοι
989 2767 1244 2840 λιμνηδὸν
1273 2770 1631 2840 πληθύνονται
1672 2773 1721 2825 οἱ
1753 2772 1842 2825 λο-

273 2863 477 2932 γισμοὶ,
508 2860 900 2932 άναϐρυόμενοι
929 2863 993 2914 ἐκ
1020 2861 1120 2932 τῆς
1146 2863 1255 2915 τῶν
1281 2862 1450 2931 ἁγίων
1494 2863 1722 2936 Γραφῶν
1761 2865 1845 2918 ὲν-

272 2955 440 3018 νοίας,
463 2953 540 3017 ὡς
568 2953 754 3022 λίμναι
782 2953 1103 3023 λελεγμέναι
1129 2952 1217 3006 διὰ
1253 2953 1314 3006 τὸ
1344 2954 1709 3026 πληθύνεσθαι
1750 2956 1845 3008 καὶ⁴

273 3046 638 3100 πλατύνεσθαι
685 3048 744 3100 ὲν
790 3049 903 3108 τοῖς
943 3045 1050 3098 τῶν
1099 3047 1268 3114 ἁγίων
1309 3047 1539 3117 Γραφῶν
1585 3049 1840 3118 νοήμασι.

1943 1859 2175 1929 puritate
2201 1858 2399 1913 sanctis
2433 1857 2703 1929 mysteriis
2749 1853 3120 1911 ministrando.

2017 2140 2246 2197 CXCIX.
2293 2139 2447 2194 Oculi
2489 2139 2564 2193 tui
2606 2148 2659 2192 ut
2692 2146 2878 2206 stagna
2909 2135 2963 2187 in
2997 2131 3220 2190 Esebon.
3257 2131 3310 2184 in
3348 2129 3512 2200 portis

1941 2233 2067 2302 ﬁlia:
2095 2233 2402 2288 multorum.

2013 2323 2114 2379 Ubi
2162 2321 2304 2377 enim
2356 2318 2695 2375 conscientiae
2741 2315 2967 2386 puritas,
3028 2313 3100 2368 ibi
3131 2311 3511 2380 cogitationum

1942 2417 2228 2473 rectitude.
2301 2415 2509 2470 Esebon
2563 2414 2946 2480 interpretatur
2989 2409 3186 2477 paritas
3241 2407 3515 2476 cogitatio-

1943 2526 2088 2564 num.
2149 2507 2301 2574 Quod
2334 2507 2477 2560 enint
2527 2505 2577 2558 in
2623 2505 2782 2558 corde
2828 2499 3038 2555 videndi
3089 2499 3196 2553 vim
3221 2498 3400 2561 habet,
3462 2497 3515 2550 id

1941 2611 2066 2655 sunt
2111 2599 2394 2653 interiores
2433 2585 2624 2649 ani‘maz
2665 2592 2827 2657 oculi,
2880 2589 2971 2660 qui
3020 2603 3124 2643 non
3175 2580 3345 2642 solum
3382 2601 3513 2640 con-

1944 2691 2269 2762 templantur
2311 2703 2432 2759 quae
2481 2691 2776 2742 c‘ernuntur
2810 2683 3002 2746 oculis,
3035 2681 3126 2736 sed
3161 2696 3280 2750 qua;
3306 2679 3516 2748 alonge

1945 2784 2334 2853 intelliguntur.
2388 2779 2480 2834 Ila:
2501 2780 2854 2850 cogitationes
2892 2777 2943 2831 in
2976 2777 3190 2830 modum
3223 2771 3392 2842 stagni
3423 2772 3517 2825 im-

1943 2875 2195 2946 plentur,
2244 2870 2604 2927 scaturientes
2647 2885 2708 2925 ex
2735 2876 3062 2924 tsanctarum
3112 2865 3514 2933 Scripturarum

1944 2965 2311 3021 meditatione.
2391 2963 2668 3030 Tanquam
2722 2971 2911 3030 stagna
2973 2957 3173 3020 electa,
3235 2963 3516 3024 propterea

1949 3055 2092 3126 quod
2145 3055 2433 3124 implentur
2474 3062 2527 3108 et
2573 3052 2864 3106 dilatantur
2908 3064 3183 3126 sacrarum
3218 3045 3518 3114 Scriptura-

277 3139 539 3202 «Γνῶσιςι
574 3139 682 3209 γὰρ
713 3137 960 3208 ισοιροῦ,›
988 3139 1149 3208 φησὶν
1177 3138 1308 3209 (41),
1332 3158 1346 3188 ι
1372 3138 1447 3201 ὡς
1471 3138 1842 3209 κατακλυσμὸς

1962 3163 2076 3201 rum
2126 3144 2511 3214 intelligentiis.
2549 3161 2568 3196 ι
2599 3142 2835 3197 Scienlia
2871 3141 3034 3203 enim,
3061 3158 3080 3191 ι
3120 3139 3194 3191 ait
3220 3135 3516 3204 Scriptura,

276 3230 734 3302 πληθυνθήσεται.
774 3249 792 3281 ι
830 3259 889 3269 -
913 3247 933 3281 ι
957 3230 1044 3282 Ἐν
1063 3229 1283 3292 πύλαις»
1313 3230 1368 3283 δὲ
1387 3249 1404 3281 ι
1443 3230 1706 3301 θυγατρὸς
1725 3231 1848 3283 πολι

277 3321 679 3394 λῶν,ιείρηται,
700 3323 990 3394 ἐπειδήπερ
1017 3321 1258 3393 θυγάτηρ
1279 3322 1536 3394 πολλῶνὴ
1560 3321 1851 3393 Ἐκκλησία

279 3414 467 3478 ὲθνῶν,
495 3417 560 3467 ἐκ
585 3413 794 3467 πολλῶν
820 3412 1130 3484 συνηγμένη
1154 3411 1320 3475 λαῶν,
1357 3412 1418 3464 οὐ
1450 3413 1608 3482 μόνον
1642 3414 1707 3465 ὲκ
1734 3412 1847 3465 τῶν

281 3511 373 3580 τῆς
419 3507 723 3578 περιτομῆς
769 3506 977 3559 δώδεκα
1021 3506 1222 3576 φυλῶν,
1255 3505 1391 3560 ἀλλὰ
1427 3507 1522 3560 καὶ
1555 3508 1618 3560 ὲκ
1649 3507 1851 3571 παντὸς

280 3602 465 3663 ἔθνους
490 3599 827 3670 συνηγμένη,
850 3599 925 3662 ὡς
948 3600 1043 3652 καὶ
1088 3599 1313 3661 Ἡσαΐας
1342 3598 1516 3667 λέγει’
1538 3618 1557 3650 ι
1595 3599 1851 3666 Ἥξουσιν

281 3690 585 3758 ἅλλογενεῖς
625 3687 1004 3758 ποιμαίνοντες
1047 3685 1116 3739 τὰ
1147 3686 1396 3757 πρόϐατά
1424 3703 1538 3753 σου,
1571 3687 1664 3740 καὶ
1699 3685 1850 3741 ἀλλό-

281 3782 435 3853 φυλοι
467 3781 732 3852 ἀροτῆρες
756 3779 851 3832 καὶ
877 3777 1268 3849 ἀμπελουργοί.
1314 3797 1332 3829 ι

348 3875 422 3927 Σ’.
455 3871 703 3940 Μυκτήρ
734 3888 850 3925 σου
894 3872 975 3936 ὡς
1011 3871 1235 3939 πύργος
1257 3867 1513 3924 Λιϐάνου
1537 3870 1852 3923 σκοπεύων

283 3968 608 4035 πρόσωπον
626 3962 970 4031 Δαμασκοῦ.

349 4056 625 4127 Μυκτῆρα
657 4055 824 4123 αὐτῆς
848 4053 962 4124 (ᾆῖ)
990 4051 1266 4125 τροπικῶς
1293 4047 1446 4122 οἶμαι
1484 4050 1732 4122 λελέχθαι
1761 4051 1851 4105 τὸν

286 4151 437 4218 ἅγιον
486 4147 724 4200 Παῦλον·
772 4145 1068 4217 ἐπειδήπερ
1128 4143 1236 4196 τῶν
1285 4141 1377 4195 δύο
1421 4140 1702 4212 Διαθηκῶν
1754 4141 1852 4204 τὰς

284 4239 561 4302 ἀναπνοὰς
584 4237 744 4302 αὐτὸς
772 4236 1054 4306 παρέδωκε
1085 4237 1150 4305 τῇ
1181 4233 1310 4304 ἁγίᾳ
1346 4232 1661 4304 Ἐκκλησία.
1731 4233 1850 4285 Μυ-

285 4333 422 4404 κτὴρ
437 4331 588 4384 δυσὶν
609 4329 925 4392 άναπνοίαις
947 4327 1024 4398 τῷ
1042 4325 1312 4396 ἀνθρώπῳ
1325 4325 1423 4396 τὴν
1439 4323 1579 4394 ζωὴν
1592 4322 1847 4394 ὀχετεύεισ

287 4427 355 4490 ὡς
384 4425 482 4480 καὶ
517 4423 576 4476 αἱ
620 4421 714 4475 δύο
760 4420 1024 4491 Διαθῆκαι
1080 4417 1251 4490 ταύτῃ
1293 4416 1382 4470 διὰ
1427 4415 1522 4469 τοῦ
1557 4415 1673 4476 ἐνὸς
1704 4414 1849 4468 θείου

1958 3259 1979 3292 ι
2009 3251 2263 3309 tanquam
2311 3235 2590 3291 inundatio
2615 3233 2910 3290 abundabit
2934 3235 3000 3284 ’⁸.
3029 3251 3048 3284 ι
3067 3248 3172 3282 -ι
3197 3227 3253 3283 In
3280 3228 3468 3298 portis,
3495 3247 3514 3279 ι

1953 3332 2102 3398 dicit,
2148 3349 2166 3382 ι
2199 3329 2320 3385 ﬁlia:
2362 3328 2652 3383 multorum
2680 3343 2695 3392 ;
2723 3345 2740 3378 ι
2777 3325 3028 3394 quoniam
3077 3322 3182 3376 ﬁlia
3233 3321 3518 3375 multarum

1951 3424 2226 3477 nationum
2257 3420 2494 3476 Ecclesia
2531 3434 2596 3474 ex
2629 3418 2810 3471 multis
2847 3417 3094 3485 gentibus
3121 3413 3372 3480 collecta,
3411 3428 3516 3466 non

1953 3513 2113 3568 modo
2145 3527 2211 3567 ex
2253 3511 2535 3567 duodecim
2576 3510 2822 3565 tribubus
2854 3507 3300 3571 circumcisionis,
3336 3507 3426 3560 sed
3453 3522 3518 3559 ex

1950 3604 2094 3659 omni
2141 3611 2300 3675 gente
2339 3611 2553 3666 coacta,
2599 3612 2658 3656 ut
2691 3599 2767 3655 ait
2802 3599 3003 3654 Isaias:
3039 3616 3057 3650 ι
3082 3596 3519 3653 Venientalieni-

1952 3711 2101 3765 gena:
2125 3704 2407 3765 pascentes
2434 3710 2565 3749 oves
2602 3705 2740 3760 tuas,
2795 3702 2850 3749 et
2886 3692 3107 3747 aliarum
3136 3692 3370 3761 gentium
3401 3706 3520 3745 ara-

1953 3797 2098 3844 tores
2133 3798 2188 3841 ct
2216 3787 2474 3842 vinitores
2503 3787 2567 3840 ³⁰.
2600 3805 2619 3837 ι

2021 3879 2126 3934 CC.
2166 3877 2347 3932 Nasus
2397 3889 2518 3932 tuus
2563 3878 2695 3932 sicut
2731 3877 2894 3932 turris
2951 3875 3160 3939 Libani,
3205 3875 3521 3945 prospiciens

1953 3973 2144 4042 faciem
2174 3971 2444 4025 Damasci.

2027 4065 2225 4120 Nasum
2258 4050 2384 4134 ejus.
2410 4063 2647 4118 arbitror
2694 4062 2923 4133 ﬁgurate
2972 4060 3241 4130 appellare
3275 4069 3520 4114 sanctum

1951 4157 2176 4212 Paulum
2207 4175 2222 4212 :
2253 4157 2368 4226 ipse
2416 4155 2560 4210 enim
2597 4153 2740 4208 dedit
2785 4151 3034 4205 Ecclesiae
3079 4151 3302 4204 duorum
3337 4149 3520 4204 Testa-

1953 4255 2251 4300 mentorum
2319 4245 2673 4313 spiramenta.
2739 4239 2915 4294 Nasus
2969 4239 3110 4294 binis
3175 4239 3521 4308 spiramentis

1953 4343 2203 4404 tanquam
2252 4334 2436 4388 rivulis
2481 4333 2644 4387 vitam
2693 4329 2922 4385 hominis
2965 4329 3216 4393 derivat;
3280 4328 3358 4382 sic
3419 4329 3523 4382 duo

1965 4424 2305 4482 Testamenta
2353 4439 2446 4484 per
2485 4439 2644 4479 unum
2686 4421 2924 4477 divinum
2972 4419 3229 4492 Spiritum
3258 4432 3514 4476 aueruam

352 4566 398 4596 ⁸⁷
429 4563 629 4633 Ephes.
657 4576 707 4627 ν,
729 4560 818 4616 25.
890 4557 979 4614 ⁸⁸1
1013 4557 1151 4612 Tim.
1207 4573 1288 4623 ιιι,
1322 4555 1378 4621 8,
1413 4555 1464 4611 9.
1542 4556 1586 4587 ²⁹
1618 4554 1781 4610 Eccli.
1816 4573 1842 4612 ι

1962 4559 2047 4614 16.
2123 4559 2170 4592 ⁸ο
2195 4559 2296 4614 lsa.
2328 4573 2437 4624 ut,
2467 4557 2520 4611 5.

288 4681 524 4735 codicem
549 4687 604 4733 et
633 4677 750 4746 ipse
781 4675 973 4746 habuit
1027 4673 1365 4746 mendosum,
1422 4669 1514 4740 qui
1547 4669 1846 4746 legit__de-_
1879 4677 1924 4732 ι)

293 4767 438 4823 ματα.
471 4771 484 4805 :
516 4739 675 4803 vertit
715 4747 882 4823 enim,
917 4744 1034 4823 (“ita
1080 4759 1244 4796 unum
1299 4739 1484 4823 drama
1537 4739 1850 4820 populi,'vel

289 4810 491 4877 chorus
519 4834 585 4873 ex
622 4815 800 4872 multis
828 4815 1094 4880 variisque
1124 4813 1368 4879 personis
1408 4810 1752 4880 constituitur
1785 4827 1801 4864 :
1827 4829 1847 4862 ι

291 4907 389 4947 nec
436 4889 611 4944 reddit
660 4888 769 4952 illa,
833 4877 1081 4956 θημωνίᾳ
1113 4877 1256 4956 σίτου
1306 4877 1687 4943 ἀπεικάζεται,
1738 4895 1858 4949 quae

290 4978 411 5016 cum
440 4958 558 5026 ejus
583 4953 1326 5026 interpretationecohaerere
1351 4967 1453 5006 ιιοιι
1473 4958 1753 5026 poterant.

363 5017 484 5097 (55f
526 5027 617 5081 Sic
649 5017 811 5082 etiam
862 5026 984 5080 cod.
1017 5024 1172 5077 Alex.
1229 5024 1347 5078 sine
1381 5017 1631 5075 articulo.
1681 5017 1856 5076 Vatic.

290 5093 417 5156 edit.
445 5093 734 5170 τράχηλος.

360 5159 497 5239 (55)’
527 5159 770 5222 Ᾰίιὲιιιέάο
827 5179 980 5239 vetus
1042 5163 1266 5239 interpr.
1303 5163 1489 5239 vertit,
1540 5159 1686 5239 «ipsi
1726 5174 1856 5239 vero

291 5251 342 5294 et
366 5229 565 5309 corpus
619 5248 675 5309 et
724 5236 1034 5309 sanguinem
1079 5229 1420 5309 bapiizant,»
1478 5231 1606 5309 legit
1661 5229 1855 5309 βαπτί-

291 5301 738 5371 ζουσι.Ῥι·ο‹ειίνο
791 5307 865 5360 illi
895 5315 1013 5359 erat
1041 5301 1292 5359 mendum
1313 5317 1344 5356 e
1368 5317 1467 5357 suo
1491 5301 1675 5356 codice
1700 5303 1854 5356 tolle-

293 5394 372 5442 re,
401 5391 454 5433 et
478 5393 680 5448 ponere
703 5374 1048 5448 βαστάζουσι.

357 5446 636 5517 (36)Lege
659 5446 903 5518 ἀρύπῳς.

360 5515 475 5588 e37)
500 5515 638 5588 ιρις
669 5515 1116 5588 παραδεχόμενοι-

358 5584 474 5658 (38)
502 5584 599 5642 Sic
620 5584 889 5658 MutIAlii
904 5584 1064 5658 codd.
1098 5584 1318 5658 τρόπον.

382 5649 475 5715 593
503 5659 595 5711 Sic
620 5658 740 5710 cod.
786 5657 937 5715 Alex.
969 5656 1083 5712 sine
1136 5649 1382 5709 articulo.
1446 5652 1606 5708 Vatic,
1649 5649 1778 5707 edit.
1806 5650 1855 5702 οί

357 5663 475 5783 (59)
503 5663 595 5711 Sic
620 5663 740 5710 cod.

295 5726 356 5810 5:;
394 5769 409 5786 .
433 5738 490 5787 et
522 5725 772 5784 Ἐσεϐὡν.

2021 4672 2134 4741 (ιο)
2167 4671 2425 4725 Mutinen.
2454 4668 2720 4741 εἘσεῦὼν
2749 4665 3249 4741 γάρ-ἑρμηνεύεται
3277 4647 3525 4741 λογισμοὶ

1953 4744 2003 4798 οἱ
2029 4735 2474 4804 ’κατοπτεύοντες
2523 4741 2584 4794 οὐ
2637 4740 2794 4809 μόνον
2828 4735 2899 4792 τὰ
2920 4735 3192 4809 ’ὁρώμενα
3227 4736 3294 4788 δι’
3327 4735 3523 4804 ὀφθαλ·

1959 4813 2104 4886 μῶν.
2133 4811 2371 4886 ἀλλὰ-κ.
2399 4829 2452 4866 τ.
2484 4810 2534 4865 λ.

2026 4883 2137 4953 (41)
2165 4881 2501 4935 Manifestum
2532 4895 2597 4953 ex
2621 4949 2632 4953 _
2657 4881 2821 4953 verbo
2848 4877 3012 4953 φησίν
3066 4875 3346 4953 Philonem
3377 4875 3526 4953 n_t__li-

1954 4944 2130 5008 brum'
2175 4953 2492 5007 canonicum
2547 4949 2803 5003 habuisse
2845 4944 3177 5016 Sapientiam
3243 4944 3525 5016 Siracidis,

1955 5026 2069 5078 sive
2116 5021 2552 5078 Ecclesiasticum
2617 5036 2632 5072 :
2701 5015 3000 5084 eodemque
3051 5016 3207 5070 modo
3281 5015 3525 5068 eumdem

1962 5093 2155 5147 librum
2219 5093 2350 5145 citat
2406 5104 2500 5159 per
2556 5088 2779 5159 verbum
2846 5087 2978 5159 φησί
3046 5085 3183 5140 infra
3249 5086 3350 5159 ad_
3381 5099 3523 5159 vers.

1963 5161 2288 5218 CCXXXVI.
2323 5155 2419 5216 Est
2455 5170 2632 5214 autem
2675 5155 3117 5227 subintélligenda
3171 5170 3280 5227 vox
3313 5155 3523 5225 Γραφή.

1967 5234 2091 5288 Eam
2123 5249 2250 5287 vero
2293 5231 2458 5285 babes
2519 5230 2719 5283 diserte
2745 5226 3052 5299 expressam
3102 5226 3240 5299 infra
3267 5229 3346 5299 ad
3380 5240 3523 5299 v_ers_.

1963 5301 2224 5366 CCXXX,
2255 5302 2342 5354 ubi
2389 5299 2615 5354 aﬂereus
2642 5294 2831 5352 locum-
2864 5316 2926 5352 ex
2957 5296 3208 5366 Siracitle
3232 5295 3306 5347 ait
3340 5311 3354 5347 :
3389 5294 3462 5366 ὡς
3491 5295 3524 5361 ἡ

1963 5371 2158 5444 Γραφὴ
2191 5365 2358 5444 λέγει.
2415 5370 2480 5423 Ει
2511 5369 2574 5444 ad
2607 5384 2752 5444 vers.
2807 5365 3079 5444 CCXIJX,
3141 5365 3304 5416 utitur
3334 5365 3522 5444 eadem

1999 5434 2115 5496 l'ane
2144 5434 2372 5495 Iorniula
2403 5439 2542 5492 κατὰ
2586 5438 2646 5492 τὸ
2677 5436 3078 5509 γεγραμμένον,
3099 5449 3270 5509 μυοίη
3304 5434 3524 5509 _divinus

1999 5458 2115 5496 lane
2144 5458 2372 5495 Iormuta
2403 5458 2542 5492 κατα
2586 5458 2646 5492 το
2677 5458 3078 5509 γεγραμμενον,
3105 5458 3262 5501 quam
3317 5458 3523 5487 (ιινιιιιιυ

1961 5458 2177 5577 gaulus,
2203 5511 2375 5565 citans
2432 5511 2604 5563 locum
2636 5525 2702 5564 ex
2742 5509 2961 5567 I’salm.,
2989 5505 3204 5557 adhibet
3232 5497 3271 5556 ll
3292 5501 3420 5577 _Cor.
3449 5517 3523 5569 iv,

1965 5583 2052 5647 15,
2085 5570 2226 5635 κατὰ
2256 5581 2318 5634 τὸ
2346 5579 2728 5651 γεγραμμένον
2751 5595 2763 5610 ·
2795 5577 3108 5639 ἐπίστευσα,
3139 5589 3194 5626 κ.
3214 5589 3266 5628 τ.
3292 5570 3342 5629 λ.

2035 5653 2148 5726 (49.)
2172 5652 2358 5708 Μυιῖιι.
2384 5649 2566 5706 αὑτοῦ.
