3862 6270
266 457 367 510 ΣΔΩ
394 453 484 508 Στ.
511 457 590 518 ς’.
624 451 681 507 Τί
703 449 997 522 ὼραιώθης
1016 492 1031 510 .
1053 451 1152 506 καί
1174 452 1230 506 τί
1257 452 1522 521 ἠδύνθης
1548 451 1658 524 (47)
1683 469 1700 521 ;

275 635 530 711 Ὤραιὼθη
585 634 692 708 γὰρ
716 636 884 700 ὅντως
911 636 1003 690 καὶ
1036 635 1257 708 ἡδύνθη,
1289 637 1411 708 οὐχὶ
1444 635 1541 708 τῆς
1570 635 1756 707 θεότηο

212 750 285 795 τος
304 730 522 798 δύναμις
565 728 707 802 (οὔτε
732 728 839 797 γὰρ
869 728 1206 799 προσθήκην,
1233 727 1354 781 οὕτε
1381 728 1602 799 μείωσιν
1640 729 1758 780 ἐπι-

209 824 436 894 δέχεται),
459 819 576 874 ἀλλ’
611 821 643 890 ἡ
680 820 834 891 σὰρξ,
858 821 926 892 ἣν
955 820 1209 890 ἀνείληφε
1232 837 1246 850 ·
1275 819 1370 874 καὶ
1395 821 1424 873 6
1445 819 1647 882 τέλειος
1671 819 1758 874 ἀν-

210 915 416 985 θρωπος,
451 911 510 963 ὃν
536 911 824 983 ὲφόρησεν,
859 904 1012 973 οὗτος
1039 908 1312 982 ὠραιώθη,
1344 912 1411 980 τῇ
1439 910 1537 981 τῆς
1569 910 1755 981 θεότη-

211 1022 283 1068 τος
319 1003 610 1074 ὼραιότητι
649 1000 1108 1073 συμμορφωθείςο
1170 1001 1262 1055 καὶ
1322 1001 1542 1072 ήδύνθη,
1600 1001 1658 1054 ὲν
1689 1005 1754 1074 τῇ

211 1097 299 1149 τῶν
336 1093 577 1165 οὐρανῶν
627 1093 912 1157 καθεσθεὶς
959 1092 1206 1164 βασιλείᾳ
1238 1108 1296 1146 εν
1325 1092 1474 1164 δεξιᾷ
1498 1093 1593 1146 τοῦ
1641 1093 1756 1147 Πα-

212 1187 333 1260 τρός.

266 1280 369 1332 ΣΕ’.
400 1279 490 1332 Στ.
518 1277 586 1344 ζ’.
636 1277 699 1333 Ἡ
739 1275 944 1349 ἀγάπη
988 1276 1058 1332 ἐν
1089 1275 1340 1346 τρυφαῖς
1378 1291 1522 1330 σου⁸
1577 1275 1755 1331 τοῦτο

213 1369 420 1438 μέγεθός
452 1384 592 1423 σου.
646 1366 961 1436 Ὠμοιώθης
981 1364 1062 1432 τῷ
1099 1367 1320 1436 φοίνικι
1341 1365 1452 1437 (48)
1473 1381 1488 1396 °
1529 1366 1627 1420 καὶ
1652 1383 1756 1437 μα⁸

212 1461 324 1516 οτοί
349 1459 452 1529 (49)
483 1475 622 1524 σου,
646 1458 768 1521 τοῖς
787 1459 1109 1526 βότρυσιν.

275 1552 470 1620 ’Δγάπη
509 1550 622 1622 γὰρ
657 1549 823 1613 ὅντως
870 1549 929 1602 ἐν
951 1551 1184 1621 τρυφαῖς
1219 1547 1419 1602 αὐτοῦ’
1473 1547 1673 1620 τρυφαὶ
1697 1546 1753 1600 δὲ

213 1644 260 1698 οὐ
295 1643 507 1706 ταύταις
552 1644 674 1706 ταῖς
704 1641 804 1711 τῆς
851 1641 1053 1713 σαρκὸς
1114 1640 1412 1704 σπατάλαις
1447 1639 1593 1711 (50),
1637 1638 1751 1692 ἀλλ’

211 1734 237 1804 ἢ
259 1734 355 1802 (51)
382 1737 444 1806 τῇ
480 1733 579 1804 τῆς
599 1733 810 1796 ἐλπίδος
836 1732 1175 1804 πεποιθήσει,
1194 1731 1268 1796 ὥς
1298 1749 1428 1802 φησι
1457 1732 1548 1785 καὶ
1567 1730 1749 1784 Δαϐίδο

1100 330 1495 388 ENARRATIO
1533 329 1599 386 IN
1635 329 1991 386 CANTICUM
2024 329 2500 390 CANTICORUM.

3321 328 3426 384 130

1790 454 1836 511 A
1935 450 2109 507 CCIV.
2183 452 2332 508 Vens
2376 451 2430 507 6.
2497 434 2686 518 Quam-
2719 451 2958 521 speciosa
3014 451 3160 521 facta
3219 468 3307 514 ts,
3376 461 3426 503 et

1859 545 2071 599 suavis!

1929 640 2180 710 Speciosa
2219 639 2360 694 enim
2424 651 2612 694 revera
2662 636 2802 691 facta
2861 643 2945 691 est
2989 643 3045 689 et
3079 634 3281 700 suavis,
3318 650 3423 687 non

1859 733 2157 792 divinitatis
2204 733 2414 798 virtus;
2467 745 2640 799 neque
2689 729 2832 784 enim
2881 727 3204 783 additioueui
3253 739 3425 793 neque

1859 826 2265 884 diminutionem
2303 823 2566 889 admittit;
2611 823 2702 876 sed
2753 835 2880 876 caro
2913 833 3075 890 quam
3102 818 3422 885 assumpsit;

1857 931 1912 976 et
1947 917 2222 990 perfectus
2247 917 2407 971 homo
2431 929 2586 983 quem
2610 913 2834 983 gestavit
2861 909 3166 982 (Verbum),
3200 909 3286 963 ille
3309 921 3425 975 spec

1858 1016 2036 1068 ciosus
2072 1009 2246 1065 iactus
2304 1016 2404 1071 est,
2439 1004 2732 1061 divinitatis
2760 1002 3154 1076 pulchritudine
3184 998 3425 1068 conﬁgu-

1855 1115 2040 1169 ratus;
2072 1111 2124 1158 et
2150 1099 2334 1156 suavis
2374 1099 2549 1152 factus
2589 1105 2692 1161 est,
2736 1095 2932 1150 sedens
2966 1093 3021 1148 in
3071 1105 3239 1161 regno
3267 1090 3424 1146 cmic-

1856 1211 1974 1251 rum
1995 1195 2061 1248 ad
2090 1195 2364 1249 dexteram
2387 1188 2585 1244 Patris.

1929 1285 2083 1342 CCV.
2125 1283 2290 1340 Vens.
2333 1283 2386 1338 7.
2427 1281 2674 1338 Charitas
2696 1281 2749 1334 in
2775 1278 2975 1334 deliciis
3003 1278 3104 1331 tuis
3131 1292 3150 1331 :
3173 1278 3282 1331 haec
3314 1293 3422 1330 mao

1854 1379 2070 1449 gnitudo
2116 1384 2211 1430 tua
2259 1374 2447 1430 similis
2491 1372 2632 1442 facta
2672 1380 2746 1426 est
2793 1369 3018 1439 palmae,
3063 1379 3112 1422 et
3155 1369 3424 1422 uberatua

1855 1468 2036 1522 botris.

1932 1556 2182 1614 Charitas
2213 1569 2356 1610 enim
2408 1566 2596 1608 revera
2661 1549 2714 1604 in
2763 1549 2971 1604 dencus
3035 1546 3189 1616 ejus:
3222 1544 3426 1602 deliciis

1853 1667 1983 1707 vero
2025 1666 2130 1706 non
2177 1649 2230 1702 in
2276 1647 2424 1702 hisce
2457 1643 2764 1700 carnalibus
2806 1641 3052 1707 lautitiis,
3100 1641 3191 1696 sed
3220 1639 3272 1693 in
3303 1653 3424 1709 per.

1853 1736 2104 1792 suasione
2138 1734 2274 1804 spei,
2303 1744 2362 1787 ut
2385 1733 2460 1787 ait
2491 1733 2656 1787 David
2685 1750 2699 1786 :
2735 1750 2754 1783 ‹
2786 1730 3063 1784 Delectare
3089 1729 3140 1783 iu
3174 1729 3419 1792 Domino,

216 1805 666 1894 «Κατατρύφησον
691 1824 787 1876 τοῦ
817 1824 1042 1896 Κυρίου,
1072 1823 1162 1876 καὶ
1191 1821 1350 1875 δώσει
1396 1820 1567 1875 σοιτά
1600 1821 1750 1892 αἰτή-

1876 1837 1904 1883 :t
1952 1827 2099 1882 dabit
2145 1825 2238 1879 tibi
2280 1823 2566 1892 petitiones
2596 1823 2776 1877 cordis
2809 1821 2883 1875 tui
2917 1821 2980 1873 δ’.
3004 1839 3023 1873 ι
3059 1819 3184 1874 Ηωο
3213 1819 3421 1889 magni.

217 1927 335 1980 ματα
361 1911 452 1980 τῆς
489 1911 721 1983 καρδίας
751 1928 864 1966 σου.
892 1931 910 1962 ι
949 1911 1120 1964 Τοῦτο
1148 1911 1208 1964 τὸ
1243 1911 1472 1982 μέγεθος
1497 1908 1752 1981 ὡμοιώθη

215 1999 279 2066 τῷ
296 2001 476 2068 φοίνικι
531 2001 676 2055 κατὰ
715 2002 956 2056 ποικίλον
997 2003 1235 2075 τρόπον’
1273 2002 1335 2055 τὸ
1385 2002 1614 2073 μέγεθος
1657 2003 1753 2073 τῆς

221 2092 551 2163 Ἐκκλησίας,
602 2094 885 2148 τουτέστιν
940 2097 973 2166 ἡ
1032 2094 1140 2148 τῶν
1205 2094 1428 2149 δικαίων
1488 2093 1751 2166 ἄθροισις,

216 2182 435 2256 ὠμοιιὶιθη
490 2183 570 2255 τῷ
617 2184 841 2253 φοίνικι,
877 2185 1016 2239 κατά
1043 2186 1136 2239 τὸν
1163 2185 1390 2255 λέγοντα
1419 2185 1713 2258 Προφήτην
1733 2203 1748 2217 ⁸

222 2289 238 2322 ι
257 2272 444 2336 Δίκαιος
480 2273 557 2337 ὡς
584 2271 762 2342 φοῖνιξ
783 2273 1024 2346 ἀνθήσει.
1050 2293 1070 2327 ι
1131 2274 1309 2339 Φοίνιξ
1338 2274 1395 2328 δὲ
1427 2273 1754 2345 λευκοτάτην

217 2362 441 2434 κέκτηται
460 2364 560 2437 τὴν
588 2365 838 2437 καρδίαν,
889 2365 964 2428 ὡς
984 2366 1079 2419 καὶ
1109 2366 1142 2436 ἡ
1183 2364 1290 2419 τῶν
1317 2365 1540 2420 δικαίων
1561 2365 1751 2438 γνώμη

220 2455 457 2523 λιυκάζει,
489 2459 551 2511 ού
599 2460 732 2532 περὶ
790 2458 858 2512 τὰ
887 2460 1050 2530 γήινα
1104 2459 1427 2530 βοσκομένη,
1479 2459 1616 2512 ἀλλὰ
1643 2460 1755 2514 ἀνω

218 2543 321 2618 περὶ
360 2546 425 2600 τὰ
471 2547 775 2618 ἐπουράνια
806 2547 913 2619 ὕψη
947 2549 1046 2620 τὴν
1081 2548 1306 2622 καρδίαν
1345 2549 1752 2620 ἀνατεινομένη.

219 2637 266 2692 El
285 2638 333 2691 δὲ
351 2639 438 2692 καὶ
466 2639 737 2704 σκόλοπας
767 2639 878 2710 ἔχει
903 2643 931 2695 6
958 2641 1150 2710 φοῖνιξ,
1191 2643 1284 2695 καὶ
1318 2641 1490 2715 τούτῳ
1524 2643 1757 2698 ἀπεικά-

220 2726 338 2791 (ttat
354 2728 571 2794 δίκαιος.
640 2729 909 2794 Σκόλοπές
945 2732 1050 2784 εἰσι
1075 2730 1153 2802 τῷ
1189 2731 1408 2801 φοίνικι,
1447 2732 1523 2796 ὡς
1559 2731 1755 2803 καὶτῷ

219 2817 374 2890 δικαίῳ
391 2821 436 2873 οἱ
461 2821 599 2891 πρὸς
617 2821 744 2885 τοὺς
765 2821 1119 2893 ἁμαρτωλοὺς
1144 2822 1374 2895 ἔλεγχοι.
1411 2843 1430 2875 ι
1455 2824 1620 2894 Λόγοι
1646 2823 1756 2896 γὰρ

221 2911 364 2980 σοφῶν
375 2911 444 2976 ὡς
456 2912 522 2965 τὰ
538 2911 864 2984 βούκεντρα,
883 2915 976 2966 καὶ
993 2915 1066 2978 ὼς
1078 2909 1196 2985 ἧλοι
1217 2916 1597 2990 πεπυρωμένοι
1616 2914 1752 2986 (52),

221 2999 258 3050 oi
313 3002 449 3072 παρά
503 3001 615 3055 τῶν
667 3001 1016 3073 πνθεμάτων
1073 3003 1332 3076 ἐδόθησαν
1377 3007 1442 3058 ὲκ
1497 3006 1754 3076 ποιμένος

222 3089 310 3154 ἑνός
330 3092 450 3162 (55).
475 3111 492 3143 ι
539 3093 679 3146 Ἀπὸ
717 3092 1064 3164 συνθεμάτων
1094 3094 1202 3165 γὰρ
1227 3094 1333 3148 τῶν
1355 3094 1448 3148 δύο
1470 3093 1753 3166 Διαθηκῶν

1857 1919 1986 1975 tudo
2022 1917 2214 1973 similis
2240 1916 2382 1972 facta
2409 1925 2492 1971 est
2522 1915 2711 1986 palmae
2746 1914 2899 1984 juxta
2936 1913 3144 1966 varium
3181 1913 3418 1966 modum.

1853 2008 2164 2080 Magnitudo
2195 2007 2471 2067 Ecclesia.
2499 2005 2600 2060 hoc
2629 2013 2734 2068 est,
2761 2004 3027 2074 justorum
3053 1999 3420 2071 congregatio,

1852 2100 2048 2157 similis
2079 2099 2219 2154 facta
2252 2108 2336 2155 est
2373 2099 2564 2168 palma:
2587 2097 2736 2164 juxta
2764 2095 3086 2164 Prophetam
3114 2094 3418 2148 dicentem:

1858 2211 1877 2245 ι
1905 2191 2089 2248 Justus
2115 2199 2176 2245 ut
2202 2190 2377 2260 palma
2410 2188 2701 2244 ﬂorebit".
2731 2207 2751 2240 ι
2785 2187 2967 2242 Palma
2987 2185 3126 2239 enim
3157 2183 3421 2239 candidis-

1853 2283 2047 2337 simum
2088 2295 2181 2336 cor
2229 2280 2418 2347 habet,
2463 2277 2916 2351 quemadmodum
2953 2275 3113 2330 etiam
3150 2273 3416 2343 justorum

1857 2373 2072 2428 animus
2108 2371 2374 2428 candidus
2400 2381 2518 2436 est;
2553 2369 2642 2439 qui
2679 2385 2783 2424 non
2814 2369 3050 2439 pascitur
3068 2383 3133 2422 ex
3158 2366 3420 2422 terrestri-

1854 2465 1975 2530 bus,
2006 2465 2099 2520 sed
2129 2479 2290 2534 supra
2315 2465 2381 2518 ad
2411 2463 2663 2519 caelestes
2695 2462 3005 2516 altitudines
3033 2475 3130 2515 cor
3165 2459 3412 2514 intendit.

1856 2556 1912 2612 Si
1933 2571 2066 2612 vero
2088 2555 2303 2612 aculeos
2333 2556 2493 2611 habet
2523 2556 2724 2625 palma,
2747 2553 2908 2608 etiam
2943 2553 2996 2606 in
3025 2553 3127 2607 hac
3159 2566 3218 2607 re
3243 2551 3418 2621 justut'

1855 2645 1929 2702 illi
1970 2645 2323 2702 assimilatur.
2363 2645 2457 2700 Sui
2487 2653 2614 2700 sunt
2634 2644 2823 2714 palmas
2847 2641 3037 2703 aculei.
3067 2640 3416 2711 quemadmo-

1857 2740 1980 2794 dum
2019 2739 2180 2795 etiam
2224 2739 2372 2810 justo
2412 2753 2524 2794 sum
2563 2746 2688 2792 sunt
2722 2735 3113 2805 increpationes
3139 2732 3192 2787 in
3228 2747 3419 2804 pecca-

1855 2835 2001 2883 tores
2026 2849 2038 2884 :
2071 2845 2089 2878 ‹
2119 2825 2409 2883 Sermones
2432 2827 2575 2883 enim
2599 2827 2899 2897 sapientum
2927 2833 2980 2879 ut
3005 2824 3208 2880 stimuli
3229 2824 3418 2890 boum,

1853 2927 1909 2974 et
1948 2928 2202 2990 tanquam
2235 2919 2372 2975 clavi
2402 2919 2580 2990 igniti,
2612 2919 2702 2988 qui
2730 2932 2826 2988 per
2849 2917 2998 2988 signa
3033 2916 3142 2970 dati
3181 2925 3306 2970 sunt
3344 2914 3419 2968 ab

1855 3026 1964 3066 uno
2003 3020 2218 3081 pastore
2241 3010 2307 3068 “.
2339 3030 2356 3063 ι
2398 3009 2501 3066 Per
2532 3010 2684 3080 signa
2715 3010 2882 3073 enim,
2913 3007 3166 3061 nimirum
3193 3020 3288 3074 per
3309 3004 3417 3060 duo

1855 3099 2241 3166 Testamenta,
2287 3101 2355 3156 ab
2413 3115 2519 3155 uno
2585 3109 2799 3170 pastore
2838 3098 3052 3153 Christo
3096 3095 3290 3150 dantur
3333 3095 3417 3150 ba:

224 3181 270 3232 ἐκ
291 3184 518 3254 ποιμένος
556 3185 678 3249 ἑνὸς
706 3184 800 3238 τοῦ
826 3185 1082 3257 Χριστοῦ,
1120 3182 1262 3240 οὗτοι
1284 3187 1334 3239 oi
1365 3185 1473 3241 τῶν
1530 3185 1750 3240 δικαίων

1877 3189 2247 3259 ncrepationes
2274 3208 2290 3256 ;
2324 3200 2381 3244 ut
2406 3159 2692 3259 omnis-qui
2724 3189 2792 3243 ab
2816 3188 2881 3244 iis
2904 3185 3238 3254 stimulatur,
3257 3185 3418 3242 corde

222 3271 392 3344 ἔλεγχοι
417 3276 672 3338 δίδονται.
728 3277 814 3331 ἴνα
846 3279 954 3342 πᾶς
983 3295 1067 3342 τις
1095 3277 1446 3349 κεντούμενος
1486 3278 1752 3332 κατανύτ-

223 3380 346 3435 τηται
368 3368 457 3438 τὴν
475 3369 730 3441 καρδίαν,
760 3369 854 3422 καὶ
888 3371 1142 3441 ἀπέχοιτο
1179 3370 1358 3442 πάσης
1383 3371 1683 3443 ἁμαρτίας.

277 3456 389 3524 Σζῗ.
432 3461 534 3514 Kal
569 3463 626 3514 οἱ
657 3463 879 3530 μαστοί
912 3478 1049 3526 σου,
1076 3461 1198 3528 τοῖς
1223 3463 1539 3530 βότρυσιν.

276 3549 510 3625 Καθάπερ
537 3554 591 3607 οἱ
635 3553 744 3608 τῶν
775 3554 1028 3624 φοινίκων
1067 3554 1289 3626 βότρυες
1321 3554 1648 3626 πληθύνουσι
1673 3555 1753 3628 τῷ

225 3639 383 3711 καρπῷ
399 3642 486 3695 καὶ
503 3645 573 3714 τῇ
604 3641 918 3714 γλυκύτητι,
942 3641 1112 3706 οὕτως
1132 3642 1331 3715 ταύτης
1358 3643 1408 3696 οἱ
1423 3643 1514 3696 δύο
1539 3645 1750 3714 μαστοὶ,

1855 3289 2248 3352 compungatur
2271 3291 2327 3337 et
2350 3297 2379 3336 a
2411 3280 2647 3351 peccatis
2676 3280 2942 3336 abstineat

1925 3465 2101 3524 CCVI.
2146 3465 2211 3520 Et
2242 3471 2400 3520 ubera
2430 3474 2521 3519 tua
2548 3465 2728 3521 botris.

1926 3557 2385 3630 Quemadmodum
2416 3557 2714 3627 palmarum
2748 3558 2886 3613 botri
2922 3556 3213 3627 implentur
3238 3553 3413 3610 fructu

1852 3658 1908 3705 et
1952 3649 2256 3716 dulcedine,
2309 3648 2388 3704 sic
2419 3649 2524 3704 duo
2572 3647 2730 3716 hujus
2781 3649 2969 3713 ubera,
3029 3649 3130 3703 hoc
3154 3655 3258 3713 est,
3314 3647 3416 3702 dun

226 3732 452 3787 τουτέστιν
510 3734 571 3787 αἱ
616 3732 709 3786 δύο
739 3733 1023 3805 Διαθῆκαι,
1062 3732 1162 3797 τὰς
1203 3731 1457 3802 γλυκείας
1511 3732 1750 3804 κομῶσιν

1876 3741 2218 3806 testamenta,
2265 3741 2449 3796 dulces
2488 3725 2739 3796 efferunt’
2759 3741 2982 3798 virtutes
3012 3740 3079 3796 iis
3103 3741 3193 3810 qui
3233 3753 3417 3801 eorum

227 3819 384 3888 ἀρετὰς
404 3826 511 3889 τοῖς
570 3825 629 3878 ὲν
662 3823 850 3888 αὐταῖς
899 3821 1258 3893 γλυκύνεσθαι
1319 3822 1431 3895 (54)
1493 3821 1752 3894 βουλομέ-

227 3927 327 3966 νοις.

278 3930 286 3965 ι
315 3953 327 3966 .

278 3929 374 4061 ἔτ.
400 4005 486 4060 Σίι.
508 4012 584 4078 η’.
620 4001 778 4061 Εἷπα
801 4021 816 4038 ο
856 4003 1245 4076 Ἁναϐήσομαι
1273 4003 1344 4058 ἐν
1377 4001 1458 4070 τῷ
1484 4002 1596 4074 (55)
1618 4004 1750 4073 spol-

230 4107 338 4159 ruu,
361 4101 630 4170 κρατήσω
650 4098 770 4152 τῶν
792 4098 997 4167 sursum
1020 4096 1226 4151 αὐτοῦ.

279 4188 522 4260 Τέρπεται
546 4195 576 4246 6
605 4192 921 4264 ἐπουράνιος
963 4190 1119 4259 λόγος
1149 4191 1216 4261 τῇ
1265 4186 1488 4260 τοιαύτῃ
1521 4187 1628 4243 τῶν
1675 4188 1754 4243 δι-

1859 3834 2142 3890 dulcedine
2171 3833 2274 3890 frui
2299 3835 2487 3891 velint.

1925 4007 2125 4065 CCVII.
2175 4007 2344 4065 Vens.
2375 4009 2428 4064 8.
2473 4009 2641 4064 Dixi:
2673 4009 2962 4065 Ascendam
2998 4008 3053 4063 in
3083 4007 3330 4079 palmam,
3369 4013 3416 4062 et

1859 4101 2037 4155 tenebo
2071 4101 2372 4155 altitudines
2404 4101 2588 4171 ipsius.

1925 4192 2236 4248 Delectatur
2286 4193 2508 4250 caeleste
2566 4191 2800 4247 Verbum
2833 4191 2922 4247 tali
2949 4190 3216 4261 justorum
3265 4188 3414 4260 puri-

229 4278 361 4334 καίων
387 4283 712 4356 καθαρότητι
768 4283 867 4353 τῆς
889 4280 1088 4353 ψυχῆς·
1125 4301 1143 4332 ι
1168 4281 1278 4334 Καὶ
1309 4281 1750 4352 ἀπεκδυσάμενος

1880 4293 1966 4339 ate
1991 4286 2176 4340 animi.
2206 4285 2302 4340 «Et
2330 4285 2642 4355 exspolians
2662 4284 2991 4354 principatus
3020 4291 3074 4338 et
3099 4291 3414 4352 potestates,

231 4367 304 4433 τὰς
332 4373 488 4446 ἀρχὰς
517 4375 612 4430 καὶ
632 4374 732 4439 τὰς
769 4374 1016 4439 ἔξουσίας
1042 4371 1298 4442 (56),,καὶ
1329 4370 1540 4444 μορφὴν
1567 4371 1748 4425 δούλου

1876 4385 1907 4429 et
1955 4377 2180 4430 formam
2229 4377 2365 4432 servi
2419 4377 2688 4446 accipiens
2721 4374 2790 4442 ιδ,
2823 4393 2843 4426 ι
2879 4405 2946 4416 -
2987 4391 3005 4425 ι
3031 4372 3356 4434 Ascendam,
3387 4388 3408 4423 ι

231 4458 387 4530 λαϐὼν,
414 4487 431 4521 ι
454 4499 524 4510 —-
553 4488 572 4520 ι
607 4468 991 4538 Ἀναὸήσομαι,
1018 4485 1035 4518 ι
1067 4465 1259 4535 λέγων,
1287 4483 1306 4517 t
1334 4467 1390 4518 ὲν
1423 4464 1500 4535 τῷ
1527 4465 1746 4535 φοίνικι,

1877 4467 2048 4536 inquit,
2097 4484 2115 4517 ι
2145 4466 2196 4520 in
2230 4467 2482 4536 palmam,
2526 4477 2581 4520 et
2623 4465 2815 4520 tenebo
2865 4462 3171 4517 altitudines
3218 4460 3357 4529 ejus.
3386 4479 3406 4513 ι

235 4554 303 4606 καὶ
320 4561 558 4633 κρατήσω
567 4559 676 4616 τῶν
700 4559 880 4631 ύψέων
905 4557 1090 4612 αὑτοῦ.
1118 4577 1138 4611 ι
1158 4557 1282 4612 Ἐὰν
1299 4558 1407 4628 γὰρ
1423 4557 1670 4629 κρατήσῃ
1683 4555 1749 4609 τὰ

1876 4555 1989 4610 iam
2025 4570 2146 4610 cum
2191 4557 2422 4612 tenuerit
2466 4555 2732 4625 justorum
2774 4553 3102 4621 altitudines,
3156 4553 3224 4606 ab
3267 4551 3414 4608 omni

282 4737 318 4772 “
351 4737 476 4796 Psal.
509 4756 696 4808 xxxvr,
739 4740 793 4795 4.
869 4738 914 4772 ⁸³
947 4739 1090 4796 Psal.
1118 4755 1227 4808 xei,
1259 4740 1348 4796 15.
1423 4739 1470 4772 ⁸⁸
1494 4738 1671 4795 Eccle.
1694 4754 1747 4794 xi

1876 4738 1911 4790 l.
1984 4735 2030 4768 “
2059 4735 2264 4791 Coloss.
2290 4751 2348 4802 ιι,
2380 4735 2466 4791 is.

287 4908 379 4979 (Π)
413 4908 682 4965 Salutatus
709 4907 924 4979 videtur
949 4905 1144 4976 legisse
1167 4903 1460 4976 ὴδυνήθης,
1493 4905 1610 4979 qui_
1625 4920 1739 4961 ver-

235 4978 310 5034 tit:
334 4975 528 5048 i'Quam
575 4981 846 5047 speciosus
882 4975 1070 5048 [actus
1101 4990 1160 5029 es
1188 4985 1244 5029 et
1279 4975 1530 5048 potensq
1571 4975 1742 5048 Caete-

235 5064 324 5102 rutu
348 5043 545 5106 in'edit.
579 5043 833 5103 Vaticana
862 5046 1072 5099 diversa
1110 5053 1194 5099 est
1224 5043 1382 5111 hujus
1429 5044 1528 5099 loci
1572 5045 1744 5099 inter-

1944 4902 2034 4957 50)
2071 4900 2210 4956 Male
2246 4916 2434 4956 omnes
2465 4900 2621 4957 codd.
2651 4900 2944 4955 σπατᾶὶαι.

1941 4969 2026 5041 5|)
2071 4972 2230 5041 ,Ἀλλ’
2263 4971 2324 5040 ἦ,
2358 4972 2428 5024 ita
2469 4986 2654 5041 omnes
2675 4973 2838 5041 codd.
2866 4969 3005 5041 Lege
3035 4971 3190 5032 ἀλλὰ.

2066 5040 2187 5116 Vat.
2219 5040 2632 5116 nerpureuuévot.
2660 5040 2791 5116 Cod.
2833 5040 2983 5096 Alex.
3022 5045 3411 5116 πεπυρωμένοι

1918 4901 1939 5114 ἓ

237 5121 438 5184 punctio,
487 5133 698 5188 nempe,
747 5117 814 5171 Τί
871 5114 1197 5188 ὡραιώθης,
1243 5109 1338 5168 καὶ
1393 5114 1445 5167 τί
1513 5114 1744 5187 ήδύνθης

1876 5109 2134 5188 ιαράτῶν
2161 5109 2524 5184 συνθεμάτων.
2555 5111 2670 5166 Vet.
2705 5112 2927 5181 interp.,
2956 5130 2974 5163 ι
3002 5114 3067 5168 de
3087 5109 3225 5168 notis
3252 5109 3410 5172 unius

235 5190 498 5328 ὰγῗὲίοὸἱο
539 5256 795 5328 Vaticana
863 5255 1045 5328 editio.
1094 5254 1201 5328 Sed
1275 5254 1555 5328 Philonem
1609 5265 1739 5328 puto

238 5323 468 5397 scripsisse
514 5329 670 5384 τοῦτο
730 5324 977 5398 μέγεθός
1003 5342 1106 5398 Δσου
1167 5323 1422 5398 ὡμοιώθη
1486 5325 1564 5398 τῷ
1611 5323 1736 5398 φοί-

1846 5182 2098 5253 pastoris.
2129 5200 2148 5253 ι

1922 5252 2026 5321 ’55)
2068 5250 2259 5307 Addidi
2307 5252 2443 5317 ἑνός,
2487 5250 2628 5322 quod
2664 5251 2864 5306 habent
2915 5266 3192 5307 sacrorum
3239 5253 3404 5308 libro-

1843 5338 1961 5376 rum
2007 5321 2332 5391 exemplaria
2366 5321 2542 5377 omnia
2593 5336 2724 5376 mss.
2757 5333 2809 5376 et
2842 5324 3120 5390 impressa.
3153 5323 3281 5375 Eam
3315 5339 3405 5378 voc

237 5391 336 5461 νικι,
364 5411 574 5469 quaest
602 5391 760 5455 lectio
796 5391 916 5451 cod.
954 5391 1324 5458 Alexandrini,
1353 5391 1596 5469 et'qua'm
1629 5391 1735 5465 ple-
1842 5391 2117 5469 ceml‘egit
2137 5392 2296 5469 etiam
2316 5403 2422 5469 vet.
2457 5395 2661 5469 interp;
2673 5403 2726 5446 et
2756 5392 2914 5469 habet
2945 5391 3401 5469 codexllutinen.

243 5468 423 5541 rumque
466 5471 613 5541 sequi
644 5479 916 5541 auctorem
960 5477 1202 5541 nostrum
1237 5481 1378 5535 saepe
1406 5468 1728 5541 notavimus.

241 5536 361 5612 certe
382 5541 449 5596 sic
477 5536 666 5612 legisse
701 5538 911 5612 videtur
943 5542 1052 5591 vet.
1085 5536 1374 5612 interpres,
1404 5537 1493 5612 qui
1525 5539 1687 5612 vertit
1713 5552 1730 5592 :

244 5604 552 5678 tilagnitudo'
574 5621 658 5664 tua
707 5607 1001 5678 similisest
1046 5604 1293 5678 palmis.»
1333 5605 1414 5678 Et
1434 5607 1506 5660 ita
1551 5606 1733 5678 lcgen-
1803 5630 1806 5634 ’

243 5673 335 5748 dum
351 5673 460 5735 'esse
482 5682 665 5737 suadet
693 5678 806 5748 ipsa
835 5675 991 5748 hujus
1021 5673 1266 5730 versiculi
1297 5673 1624 5748 explanatio:

293 5747 382 5821 (i9)
415 5751 544 5810 Edit.
568 5751 690 5807 Vat.
713 5744 767 5802 bl
797 5744 991 5820 μαστοί
1028 5762 1120 5799 σου
1145 5760 1267 5801 cum
1305 5744 1552 5804 articulo.

1907 5460 2191 5586 (ῗὲἐθξιῖιί.
2221 5462 2404 5518 Mutin.
2433 5460 2747 5532 γλύκείσθαι.
2778 5461 3030 5532 Legerem
3061 5461 3247 5517 lubens
3274 5461 3406 5531 γλυ-

1836 5531 2145 5588 καίνεσθαι.

1926 5603 2016 5674 55)
2058 5603 2154 5674 Ἐν
2191 5600 2290 5674 τῷ.
2327 5602 2400 5656 Ita
2435 5603 2554 5658 cod.
2583 5602 2736 5656 Alex.
2760 5602 2830 5655 At
2867 5601 2982 5654 Vat.
3009 5601 3137 5656 edit.
3171 5603 3264 5656 ἐπὶ
3294 5602 3395 5674 τῷ.

2059 5605 2154 5655 Ἐν
2191 5605 2290 5668 τῷ.
2327 5605 2400 5656 Ita
2435 5605 2554 5658 cod.
2583 5605 2736 5656 Alex.
2760 5605 2830 5655 At
2867 5605 2982 5654 Vat.
3009 5605 3137 5656 edit.
3171 5605 3264 5656 ἐπὶ
3294 5605 3395 5674 τῷ.

1903 5605 2016 5746 (56)
2056 5671 2290 5727 Pessime
2319 5685 2472 5746 vetus
2503 5674 2786 5743 interpres,
2817 5689 2834 5724 ι
2863 5682 2916 5728 et
2938 5687 3141 5735 exuens
3164 5689 3222 5730 se
3256 5677 3403 5746 priu-

1719 5764 1724 5769 ·
1836 5744 1992 5815 cipiis
2022 5752 2076 5799 et
2105 5745 2475 5815 potestatibus.
2502 5761 2522 5795 ι
