3862 6270
366 280 467 339 131

1483 268 1806 326 PHILONIS
1843 261 2151 323 EPISCOPI
2187 257 2507 318 CARPASII

3501 238 3692 317 ’,εει

368 436 496 479 casu
525 419 701 476 securi
728 424 972 485 manent,
1001 414 1330 470 sustinentes
1359 418 1646 477 ,ventorum
1677 407 1932 475 impetus,

2074 399 2142 452 ὦν
2167 396 2390 452 δικαίων
2423 391 2555 464 ὕψη,
2611 390 2847 445 ἄπτωτοι
2891 386 3168 458 μένουσιν,
3199 381 3414 452 ἀνέμων
3438 378 3686 485 £960:-

375 513 477 568 hoc
505 522 612 576 est,
641 511 985 576 tentationes,
1017 517 1071 563 et
1099 506 1167 561 ab
1196 505 1287 559 illo
1311 503 1403 575 qui
1437 516 1532 557 eos
1558 507 1724 564 tenet,
1758 494 1930 552 invul-

372 604 546 662 nerati
575 613 879 661 servantur.
911 601 1062 657 Unde
1097 599 1241 655 clare
1269 596 1486 652 subdit:

445 783 669 842 CCVIII.
714 783 780 838 Et
802 790 948 837 erunt
977 779 1134 832 ubera
1173 787 1264 831 tua
1295 785 1348 828 ut
1377 773 1510 828 botri
1539 773 1717 827 uineae.

447 960 908 1033 Quemadmodum
960 955 1104 1012 enim
1150 953 1290 1009 botri
1337 952 1616 1006 vinearum
1668 946 1838 1018 pressi
1883 954 1939 1001 et

375 1056 581 1114 calcati
630 1051 992 1107 laetificantem
1042 1047 1151 1099 vini
1208 1042 1419 1098 laticem
1474 1039 1792 1101 eﬂ‘undunt;
1859 1037 1937 1090 sie

372 1144 503 1214 justi
540 1144 591 1196 in
623 1139 975 1196 tentationum
1004 1134 1264 1204 angustiis
1287 1142 1340 1187 et
1370 1129 1744 1185 afﬂictionibus
1771 1128 1939 1180 instar

374 1237 651 1290 botrorum
688 1229 885 1302 pressi,
918 1243 1014 1298 per
1045 1227 1212 1294 ipsam
1247 1224 1327 1279 sui
1365 1221 1645 1276 victoriam
1690 1217 1940 1273 Ecclesiae

375 1321 709 1393 spiritualem
743 1319 958 1388 pariunt
989 1316 1252 1370 laetitiam.

445 1494 623 1552 CCIX.
669 1493 813 1548 Odor
844 1493 1052 1545 narium
1081 1499 1289 1542 tuarum
1314 1485 1445 1538 sicut
1475 1483 1640 1537 mala.

444 1673 672 1730 Odorem
721 1671 843 1726 fidei
897 1677 1024 1740 puto
1069 1668 1268 1730 dicere,
1313 1665 1464 1733 juxta
1507 1659 1812 1731 Apostolum
1856 1659 1946 1728 qui

2029 492 2111 544 λοι
2149 490 2262 558 (57)
2285 487 2562 559 φέροντες.
2583 482 2822 536 τουτέστι
2845 480 2971 542 τοὺς
3000 477 3357 548 πειρασμοὺς,
3386 473 3483 527 καὶ
3507 468 3688 559 ὑπξ)

2030 577 2124 634 τοῦ
2183 557 2508 650 κρατοῦντος
2546 572 2840 644 ἄθραυστοι
2903 565 3268 637 διαμένοντες.
3300 562 3467 616 Ὅθεν
3518 557 3683 615 καὶ

2035 662 2220 734 σαφῶς
2251 661 2447 728 ὲπάγει
2468 675 2482 689 ·

2107 756 2230 807 ΣΗ¹.
2255 751 2364 806 Καὶ
2415 750 2657 804 ἔσονται
2708 743 2935 816 μαστοί
2978 759 3095 796 σου
3120 739 3231 809 (58)
3259 738 3339 805 ὡς
3351 737 3681 804 βότρυες

2036 845 2146 914 τῆς
2167 842 2460 913 ἀμπέλου.

2106 934 2374 1002 Καθάπερ
2405 930 2512 1002 γὰρ
2564 929 2614 982 οἱ
2650 927 2874 999 βότρυες
2917 924 3025 978 τῶν
3055 922 3334 995 ἀμπέλων,
3388 920 3678 973 ὑποπιεο

2038 1024 2252 1096 ζόμενοι
2291 1023 2385 1075 καὶ
2434 1019 2828 1089 ὲκθλιὸόμενοι,
2885 1015 2946 1069 τὸ
2986 1015 3380 1085 εὐφραντήριον
3420 1010 3674 1064 ὲκσλυ-

2041 1116 2290 1170 στάνουσι
2312 1111 2406 1166 τοῦ
2440 1111 2583 1164 οἴνου
2607 1111 2753 1179 νᾶμα
2777 1124 2793 1140 ⁸
2825 1104 2968 1160 οὕτω
3001 1106 3093 1160 καὶ
3116 1107 3165 1158 οἱ
3193 1104 3388 1158 δίκαιοι
3415 1103 3474 1156 ὲν
3494 1103 3670 1164 ταῖς

2039 1207 2146 1261 τῶν
2174 1203 2496 1276 πειρασμῶν
2529 1202 2776 1271 συνοχαίς
2806 1217 2867 1251 τε
2927 1197 3024 1251 καὶ
3055 1195 3330 1266 Θλιμμοῖς,
3375 1192 3668 1264 βοτρύων

2041 1301 2196 1371 δίκην
2223 1294 2623 1366 ὲκπιεζόμενοι,
2686 1290 2754 1345 δι’
2776 1291 2943 1362 αὐτῆς
2995 1288 3174 1343 αὐτῶν
3202 1286 3356 1358 νίκης
3382 1286 3483 1358 τὴν
3531 1285 3668 1339 εὑ-

2044 1389 2319 1462 φροσύνην
2349 1390 2413 1458 τῇ
2451 1383 2745 1454 Ἐκκλησία
2775 1381 3051 1443 ποιοῦντες
3081 1379 3276 1448 εὐωχεῖ
3303 1376 3435 1445 (59).

2115 1482 2231 1535 ΣΘ¹.
2284 1479 2461 1536 Ἀλλὰ
2492 1475 2602 1548 (60)
2650 1474 2748 1529 καὶ
2784 1472 2944 1544 ὀσμὴ
2990 1469 3180 1540 ῥινῶν
3218 1482 3334 1522 σου
3375 1468 3453 1533 ὡς
3503 1463 3662 1535 μῆ·-

2046 1579 2144 1630 λα.

2129 1661 2332 1733 Ὀσμὴν
2369 1660 2466 1730 τῆς
2494 1657 2728 1720 πίστεως
2782 1648 2937 1724 οἶμαι
2983 1651 3183 1719 λέγειν,
3237 1647 3379 1702 κατὰ
3410 1647 3501 1700 τὸν
3534 1645 3654 1699 λε-

379 1767 552 1820 dicit:
594 1782 613 1815 ι
639 1762 839 1818 Christi
887 1761 1059 1815 bonus
1103 1758 1234 1812 odor
1277 1771 1462 1811 sumus
1496 1754 1547 1806 in
1579 1753 1646 1807 iis
1684 1751 1775 1821 qui
1815 1750 1947 1805 salvi

2074 1775 2216 1828 {owe
2260 1753 2578 1809 Ἀπόστολον
2597 1768 2610 1782 ο
2649 1769 2667 1802 ι
2689 1746 2924 1820 Χριστοῦ
2967 1744 3161 1799 εὐωδία
3187 1742 3352 1812 ἐσμὲν
3390 1743 3501 1802 τοῖς
3526 1757 3654 1792 σω-

383 1857 538 1920 fiunt,
599 1863 654 1906 et
700 1853 753 1906 in
807 1851 872 1905 iis
920 1850 1010 1918 qui
1061 1855 1326 1917 pereunt;
1385 1843 1504 1898 aliis
1550 1843 1765 1913 quidem
1813 1841 1949 1895 odor

383 1946 574 2001 monis
629 1945 683 1998 in
735 1952 982 2004 mortem,
1042 1939 1161 1992 aliis
1213 1946 1392 1991 autem
1445 1933 1577 1989 odor
1612 1933 1736 1987 vitae
1781 1932 1833 1986 in
1872 1929 1952 1985 vi-

387 2045 494 2089 tam
528 2034 634 2088 ".i
675 2033 989 2102 Propterea,
1029 2047 1048 2081 ι
1075 2029 1137 2082 Et
1169 2028 1302 2082 odor
1331 2026 1538 2080 narium
1573 2034 1782 2078 tuarum
1812 2021 1951 2076 sicut

385 2127 556 2182 mala.
585 2144 606 2178 ι
647 2124 918 2179 Interdum
948 2121 1092 2176 enim
1121 2118 1435 2189 Apostolum
1477 2131 1664 2171 nasum
1697 2112 1949 2183 appellat,

390 2215 683 2285 aliquando
731 2229 918 2269 narem
961 2212 1258 2266 Ecclesiae:
1292 2219 1466 2263 tamen
1523 2207 1577 2260 in
1625 2205 1818 2274 duplici
1856 2218 1953 2272 ap-

383 2306 671 2378 pellatione
707 2315 994 2371 utrumque
1039 2302 1209 2355 forma
1250 2310 1334 2355 est
1386 2315 1511 2361 una,
1554 2312 1648 2368 per
1674 2297 1781 2352 duo
1814 2297 1954 2349 l'ora-

388 2402 533 2454 niina
573 2398 932 2452 vivificantem
968 2394 1141 2449 sancti
1177 2390 1412 2463 Spiritus
1439 2390 1601 2442 vitam
1633 2386 1951 2441 immittens.

385 2491 476 2544 Ait
523 2504 652 2544 vero
702 2505 720 2544 ι
796 2487 980 2542 «sicut
1036 2485 1196 2538 mala.
1225 2501 1244 2534 ι
1302 2480 1439 2536 Mala
1485 2479 1629 2534 enim
1669 2479 1722 2532 in
1765 2477 1954 2546 seipsis

386 2584 492 2638 duo
522 2583 742 2646 habent,
798 2581 975 2634 cibum
1009 2585 1064 2633 et
1105 2585 1326 2646 potum;
1361 2573 1435 2628 ita
1468 2572 1638 2626 bonus
1665 2569 1788 2625 ﬁdei
1822 2570 1956 2623 odor

390 2675 678 2746 mysticum
710 2673 872 2728 habet
893 2673 1070 2725 cibum
1096 2676 1150 2723 et
1175 2675 1358 2737 potum
1388 2663 1630 2734 corporis
1655 2670 1710 2718 et
1736 2661 1955 2732 sangui-

390 2765 477 2821 nis
503 2763 727 2820 Christi.

458 2939 612 2997 CCX.
653 2939 817 2994 νεεδ.
853 2937 904 2992 9.
954 2938 1020 2990 Et
1067 2935 1245 3004 fauces
1283 2942 1389 2986 tua:
1441 2939 1496 2984 ut
1539 2930 1732 2984 bonum
1783 2928 1957 2982 vinum

2059 1849 2326 1920 ζομένοις,
2356 1846 2450 1900 καὶ
2478 1846 2535 1897 ὲν
2579 1845 2693 1906 τοῖς
2727 1838 3115 1910 ἀπολλυμένοις
3135 1854 3147 1866 ·
3209 1831 3290 1898 οἷς
3324 1834 3418 1904 μὲν
3475 1832 3647 1903 ὀσμὴ

2051 1943 2119 1994 ὲκ
2143 1939 2255 2010 (61)
2287 1936 2515 1991 Θανάτου
2547 1936 2626 1998 εἰς
2662 1933 2910 1987 θάνατον’
2936 1924 3017 1994 οἷς
3040 1928 3094 1982 δὲ
3109 1927 3253 1999 ὀσμὴ
3269 1925 3455 1994 ὲκ(62)
3473 1924 3648 1994 ζωῆς

2051 2032 2131 2096 εἰς
2157 2030 2224 2096 Cu
2244 2031 2321 2100 ἢν.
2355 2048 2373 2081 i
2430 2027 2529 2081 Διὰ
2549 2026 2723 2090 τοῦτο,
2759 2043 2777 2075 ι
2799 2023 2905 2078 Καὶ
2931 2020 3074 2092 ὀσμὴ
3101 2019 3261 2092 ῥινῶν
3283 2035 3374 2071 σου
3407 2017 3482 2080 ὡς
3514 2015 3646 2086 μῆ-

2051 2121 2139 2176 λα.
2166 2140 2185 2172 ι
2236 2119 2358 2172 Ἐάν
2390 2135 2450 2171 τε
2507 2115 2616 2188 γὰρ
2667 2112 2920 2186 μυκτῆρα
2965 2113 3056 2165 τὸν
3094 2111 3408 2165 Ἀπόστολον
3449 2110 3646 2178 λέγει,

2053 2214 2148 2268 ἐάν
2181 2229 2240 2266 τε
2273 2210 2520 2283 ῥῖνα-τῆς
2570 2206 2895 2276 Ἐκκλησίας
2916 2223 2931 2236 ·
2963 2206 3111 2276 ὅμως
3155 2203 3388 2276 ἑκάτερα
3415 2204 3470 2256 ὲν
3504 2201 3646 2255 δυοῆ⁵

2053 2303 2472 2380 προσηγορίαις,
2499 2302 2560 2355 τὸ
2580 2302 2638 2354 έν
2661 2303 2806 2354 ἐστιν
2838 2294 2975 2361 εἶδος
2997 2298 3083 2352 διὰ
3110 2297 3217 2351 τῶν
3235 2297 3326 2351 δύο
3358 2296 3504 2350 ὀπῶν
3527 2295 3645 2367 τὴν

2054 2396 2365 2466 ζωοδοτῆρα
2423 2393 2516 2447 τοῦ
2566 2392 2721 2460 ἁγίου
2755 2389 3106 2460 ΙΙνεύματος,
3166 2389 3262 2442 καὶ
3307 2387 3646 2458 εἰσπέμπων

2055 2488 2200 2558 ζωήν
2231 2486 2364 2556 (65).
2412 2505 2429 2537 ι
2453 2485 2539 2547 Ὠς
2567 2483 2710 2554 μῆλα
2745 2502 2764 2535 ι
2825 2484 2882 2537 δὲ
2910 2482 3047 2552 αὐτὴ
3099 2480 3367 2535 λέλεκται.
3407 2478 3486 2532 Τὰ
3516 2478 3646 2549 γὰρ

2058 2577 2205 2650 μῆλα
2232 2576 2290 2629 ὲν
2351 2577 2559 2637 ἑαυτοῖς
2615 2572 2709 2626 δύο
2734 2572 3047 2643 κέκτηνται,
3090 2571 3290 2643 βρῶσιν
3309 2572 3403 2625 καὶ
3430 2573 3590 2624 πόσιν
3618 2587 3638 2600 ο

2054 2669 2130 2732 ὡς
2160 2667 2270 2721 ’καὶ
2313 2667 2346 2737 ἡ
2373 2665 2471 2736 τῆς
2501 2663 2733 2727 πίστεως
2767 2663 2965 2718 εὐωδία
3000 2665 3098 2734 τὴν
3134 2664 3396 2734 μυστικὴν
3428 2662 3647 2733 βρῶσίν

2055 2778 2116 2814 τε
2145 2760 2239 2814 καὶ
2283 2758 2440 2810 πόσιν
2471 2757 2729 2827 κέκτηται
2753 2753 2847 2808 τοῦ
2887 2753 3134 2827 σώματος
3161 2756 3253 2808 καὶ
3285 2754 3510 2826 αἵματος
3536 2753 3644 2808 τοῦ

2053 2849 2311 2922 Χριστοῦ.

2126 2944 2226 2996 ΣΡ.
2272 2943 2364 2996 Στ.
2419 2940 2483 2993 θ’.
2525 2938 2634 2994 Καὶ
2692 2941 2726 2994 ό
2774 2937 3003 3008 λάρυγξ
3036 2954 3151 2992 σου
3183 2938 3263 3004 ὡς
3291 2933 3452 3003 οἶνος
3490 2937 3647 3006 ἁγα-

391 3032 580 3085 υαάεηε
621 3029 864 3098 fratrueli
903 3043 1014 3080 meo
1050 3027 1103 3079 in
1131 3025 1489 3086 directionem,
1518 3021 1776 3092 sti/ﬁciens
1801 3019 1955 3073 labiis

2074 3032 2161 3098 idc
2195 3031 2307 3102 (64)
2338 3031 2736 3099 πορευόμενος
2766 3029 2844 3095 τῷ
2866 3029 3165 3098 ἀδελφιδῷ
3190 3047 3310 3098 μου
3346 3032 3430 3094 εις
3451 3029 3642 3083 εὐθύ-

391 3123 519 3177 meis
551 3131 599 3174 et
625 3120 886 3174 dentibus.

462 3212 667 3266 Revera
716 3209 894 3264 fauces
951 3207 1160 3262 Domini
1226 3215 1352 3263 sunt
1400 3217 1457 3263 ut
1503 3207 1702 3263 bonum
1747 3204 1952 3258 vinum.

393 3303 599 3358 Fauces
614 3302 756 3357 enim
776 3300 987 3356 Domini
1016 3299 1197 3355 fauces
1226 3309 1352 3354 sunt
1379 3299 1632 3354 Ecclesia:
1657 3317 1670 3352 :
1700 3315 1718 3348 ι
1749 3296 1895 3350 Mens
1931 3313 1950 3346 ι

394 3395 560 3458 enim,
599 3393 676 3446 ait
709 3391 1010 3461 Scriptura,
1061 3409 1080 3442 ι
1116 3391 1278 3446 verba
1311 3390 1570 3445 discernit
1604 3389 1685 3454 “;
1717 3407 1736 3440 ι
1771 3387 1959 3441 fauces

394 3494 571 3539 autem
605 3483 754 3538 cibos
787 3489 1026 3552 gustant.
1079 3480 1187 3536 IIos
1235 3483 1399 3551 igitur
1445 3481 1752 3552 spirituales
1810 3481 1961 3535 cibos

395 3571 638 3643 corporis
686 3580 741 3626 et
772 3571 1051 3641 sanguinis
1093 3572 1294 3626 Christi
1344 3572 1632 3642 degustans
1682 3569 1958 3636 Ecclesia,

399 3665 579 3718 fauces
617 3662 779 3717 habet
851 3680 870 3713 ι
928 3671 986 3716 ut
1037 3661 1237 3716 bonum
1284 3662 1488 3715 vinum.
1525 3679 1544 3712 ι
1598 3659 1731 3713 Nam
1779 3659 1959 3714 vinum

398 3771 520 3810 cum
554 3754 780 3818 bibitur,
813 3752 1022 3807 dolores
1047 3752 1221 3818 sedat,
1253 3763 1308 3806 et
1349 3767 1443 3806 cor
1487 3753 1541 3806 in
1573 3751 1812 3805 laetitiam
1838 3766 1962 3805 ver-

398 3847 498 3909 tit;
553 3844 625 3898 ita
655 3843 757 3898 hoc
783 3843 908 3896 vitae
937 3843 1220 3912 poculum,
1269 3843 1450 3896 datum
1486 3843 1540 3895 in
1588 3841 1960 3897 remissionem

400 3942 765 4002 peccatorum,
797 3941 1042 3988 nostrum
1071 3945 1137 3985 ex
1171 3931 1237 3986 iis
1262 3931 1500 3986 dolorem
1547 3931 1716 3994 sedat,
1755 3930 1964 3986 dicente

401 4025 618 4081 Christo
646 4043 658 4078 :
690 4044 709 4078 ι
737 4026 998 4094 Accipite,
1030 4025 1195 4080 bibite
1225 4043 1239 4079 :
1281 4025 1370 4079 hic
1410 4033 1492 4078 est
1513 4024 1732 4093 sanguis
1775 4037 1961 4090 meus,

402 4117 495 4189 qui
527 4133 624 4188 pro
664 4118 819 4174 vobis
868 4116 1171 4172 ell'undetur
1198 4119 1250 4170 in
1296 4116 1665 4171 remissionem
1715 4125 1966 4184 peccato-

2056 3140 2224 3191 τητα,
2253 3121 2643 3190 ἱκανούμενος
2670 3121 2906 3189 χείλεσί
2926 3138 3044 3190 μου
3077 3121 3174 3174 καὶ
3201 3121 3469 3175 ὀδοῦσιν.

2131 3218 2334 3278 Ὄντως
2366 3214 2394 3265 ὁ
2420 3210 2628 3283 λάρυγξ
2659 3212 2751 3264 τοῦ
2783 3213 2989 3284 Κυρίου
3020 3211 3095 3275 ὡς
3133 3208 3272 3276 οἶνος
3305 3211 3526 3278 ἁγαθός.
3577 3213 3644 3266 Ὁ

2058 3306 2167 3378 γὰρ
2212 3305 2305 3358 τοῦ
2357 3305 2560 3376 Κυρίου
2617 3301 2865 3373 λάρυγξ,
2923 3303 3024 3372 τῆς
3091 3301 3413 3373 Ἐκκλησίας
3461 3301 3636 3355 ἐστίν.

2065 3396 2246 3458 (Νοῦς
2273 3395 2382 3467 (65)
2418 3395 2517 3466 μὲν
2553 3413 2572 3445 ι
2613 3394 2742 3463 γὰρ,
2789 3393 2942 3463 φησὶ,
2989 3393 3254 3464 «ῥήματα
3283 3390 3580 3462 διακρίνει·
3612 3410 3634 3444 ι

2057 3487 2265 3559 λάρυγξ
2293 3488 2350 3541 δὲ
2389 3491 2510 3540 σῖτα
2539 3485 2782 3556 γεύεται.
2822 3485 3040 3538 Τούτων
3067 3480 3158 3537 οὖν
3192 3484 3300 3536 τῶν
3330 3501 3639 3554 πνευματι-

2062 3579 2172 3633 κῶν
2204 3580 2386 3632 σιτίων
2433 3579 2527 3632 τοῦ
2575 3596 2634 3632 τε
2681 3576 2934 3648 σώματος
2982 3578 3076 3630 καὶ
3120 3576 3348 3646 αἵματος
3397 3573 3639 3646 Χριστοῦ

2061 3671 2371 3742 γευσαμένη
2399 3672 2432 3742 ἡ
2471 3671 2790 3741 Ἐκκλησία,
2826 3671 2914 3723 τὸν
2937 3670 3186 3740 λάρυγγα
3216 3668 3325 3739 ἔχει
3353 3687 3372 3719 ι
3393 3667 3469 3730 ὡς
3493 3663 3640 3721 οἶνον

2061 3762 2279 3831 ἀγαθόν.
2305 3781 2323 3813 i
2362 3759 2514 3824 Οἶνος
2543 3762 2651 3834 γὰρ
2681 3762 2968 3832 πινόμενος
2993 3761 3154 3814 παύει
3185 3760 3380 3824 λύπας,
3414 3759 3506 3814 καὶ
3534 3777 3638 3830 με·

2060 3851 2314 3905 ταϐἁλλει
2343 3850 2441 3922 τὴν
2476 3852 2705 3923 καρδίαν
2747 3852 2827 3914 εἰς
2857 3851 3050 3922 χαράν.
3092 3851 3180 3914 Ὠς
3214 3851 3306 3903 καὶ
3337 3851 3398 3902 τὸ
3436 3847 3639 3902 παυσί-

2059 3941 2230 3997 λυπον
2257 3942 2410 3997 τοῦτο
2439 3944 2539 4007 τῆς
2563 3943 2708 4016 ζωῆς
2744 3944 2916 4014 ὄνομα
2943 3943 3055 4013 (66)
3096 3945 3175 4006 είς
3206 3942 3398 4011 ἄφεσιν
3425 3941 3640 4012 διδόμε-

2063 4052 2152 4088 νον
2204 4035 2636 4105 ἁμαρτημάτων,
2712 4035 2876 4088 παύει
2917 4035 3076 4106 ὴμῶν
3111 4034 3208 4105 τὴν
3256 4033 3383 4105 περὶ
3433 4030 3640 4084 τούτων

2065 4122 2354 4193 ἀχθηδόνα,
2382 4122 2621 4193 Χριστοῦ
2644 4123 2892 4192 λέγοντος
2913 4141 2925 4154 ο
2967 4143 2985 4174 ι
3012 4123 3236 4185 Λάϐετε,
3271 4122 3418 4175 πίετε
3438 4138 3452 4151 ·
3479 4119 3641 4173 τοῦτό

404 4226 522 4266 rum
551 4210 615 4268 ⁸⁷.
652 4230 671 4263 i
723 4210 1038 4265 Mirabiliter
1072 4223 1199 4263 vero
1239 4209 1398 4262 dicit:
1438 4226 1456 4259 ι
1496 4208 1698 4264 vadens
1733 4208 1787 4262 in
1821 4208 1955 4263 dire-

2074 4215 2186 4267 Ιεστι
2233 4215 2292 4266 τὸ
2338 4209 2480 4285 αἷμά
2525 4233 2650 4285 μου,
2683 4215 2744 4267 τὸ
2791 4215 2932 4286 ὑπὲρ
2975 4213 3528 4285 ὑμῶν’ὲκχυνόμενον
3555 4212 3640 4274 εἰς

405 4303 581 4358 ctione
605 4302 845 4358 fratrueli
870 4318 1007 4357 meo.
1047 4321 1066 4354 ι
1098 4300 1282 4356 Rectis
1312 4302 1456 4354 enim
1490 4312 1646 4370 potus
1695 4302 1782 4356 hic
1809 4302 1955 4356 datur

2074 4304 2259 4374 ίφεσιν
2291 4305 2590 4374 ἁμαρτιῶν.
2611 4325 2631 4358 ι
2665 4306 2992 4376 θαυμασίως
3041 4305 3098 4358 δὲ
3145 4303 3314 4372 λέγει·
3355 4322 3372 4354 ι
3408 4302 3639 4374 πορευό-

405 4393 554 4485 ξωειε
578 4393 909 4485 Apostolum,
933 4393 1023 4461 qui
1057 4392 1134 4485 ait
1163 4409 1176 4444 :
1215 4408 1242 4485 ιΔ
1262 4389 1457 4485 Probet
1494 4399 1670 4485 autem
1691 4478 1704 4485 ‘
1732 4387 1964 4485 seipsum
1995 4427 2044 4485 D
2072 4412 2228 4464 μενος
2250 4395 2306 4447 ὲν
2329 4394 2580 4466 εύθύτητι
2602 4395 2679 4465 τῷ
2699 4396 2962 4466 ἀδελφιδῷ
2982 4413 3101 4466 μου.
3118 4413 3134 4445 i
3154 4394 3345 4447 Εύθέσι
3361 4393 3465 4465 γὰρ
3484 4391 3640 4446 τοῦτο

408 4481 594 4547 homo;
630 4491 683 4534 et
706 4481 784 4536 sic
810 4482 875 4536 de
901 4495 1038 4549 pane
1068 4481 1157 4534 illo
1179 4480 1322 4545 edat,
1354 4488 1408 4534 et
1425 4479 1670 4534 decalice
1691 4478 1838 4533 bibat
1856 4478 1955 4532 “:i

2074 4482 2280 4536 δέδοται
2322 4483 2382 4536 τὸ
2432 4484 2604 4554 πόμα,
2653 4485 2792 4538 κατὰ
2841 4485 2933 4537 τὸν
2981 4484 3208 4552 λέγοντα
3279 4481 3592 4536 ’Δπόστολον
3621 4497 3634 4509 ·

411 4573 457 4628 is
485 4573 733 4627 nimirum
763 4571 853 4642 qui
883 4573 1135 4642 prreditus
1167 4581 1248 4627 est
1272 4571 1616 4632 rectitudine,
1656 4586 1774 4639 quae
1804 4570 1854 4624 in
1879 4586 1955 4625 sa-

2076 4593 2095 4625 ι
2117 4573 2464 4644 Δοκιμαζέτω
2489 4574 2543 4628 δὲ
2575 4576 2735 4628 αὐτὸν
2769 4574 3072 4646 ἄνθρωπος,
3118 4575 3214 4627 καὶ
3245 4573 3416 4636 οὕτως
3447 4574 3510 4625 ὲκ
3542 4568 3637 4623 τοῦ

408 4662 516 4718 eris
542 4663 810 4733 mysteriis
832 4663 1102 4717 convenit.
1133 4661 1471 4716 Manifestum
1506 4670 1589 4716 est
1621 4661 1784 4715 etiam
1819 4663 1955 4732 quod

2074 4666 2232 4737 ἄρτου
2263 4665 2509 4731 ἐσθιέτω,
2534 4667 2629 4720 καὶ
2659 4668 2724 4720 ὲκ
2747 4667 2840 4720 τοῦ
2867 4667 3126 4738 ποτηρίου
3153 4665 3324 4720 πιέτω
3341 4683 3355 4698 ⁸
3378 4683 3397 4716 i
3441 4660 3638 4734 δηλαδὴ

476 4775 522 4808 ⁵⁸
561 4774 752 4830 llCor.
784 4774 956 4840 11,16.
1029 4776 1074 4806 “
1109 4773 1206 4829 Job
1230 4791 1323 4840 sn,
1360 4775 1446 4828 Il.
1519 4776 1560 4807 ⁸⁷
1599 4774 1783 4828 Matth.
1810 4790 1954 4841 xxvr,

2074 4777 2172 4833 es.
2247 4778 2291 4810 ιε
2319 4778 2338 4832 ι
2368 4778 2604 4850 suum,
2638 4779 2727 4834 es.

2078 4917 2292 4987 πέμπον
2325 4914 2492 4987 ζωήν.

2075 4983 2482 5110 ὁὰξέἐόὲπνὸς
2510 4987 2758 5058 ἀγαθός.
2786 4991 2864 5046 sic
2899 4990 3017 5046 cod.
3047 4988 3199 5044 Alex.
3229 4988 3332 5044 Sed
3359 4990 3478 5043 Vat.
3501 4985 3639 5054 οἶνος

2194 5075 2322 5120 αυος

2119 5075 2402 5208 ῗᾶἓῖοὲἰο
2435 5129 2996 5208 ροιίζιᾼςειιιιιότίῃυε,
3041 5129 3192 5208 cujus
3221 5129 3641 5208 lectionemnsaa-

2081 5197 2200 5266 pius
2250 5198 2492 5266 sequitur
2533 5198 2706 5266 Philo,
2754 5209 2810 5253 ut
2845 5200 2966 5255 alibi
3016 5199 3434 5254 observavimus.
3472 5197 3637 5252 Biblia

2082 5265 2220 5336 typis
2245 5265 2386 5323 edita
2428 5269 2624 5323 habent
2649 5265 2765 5334 οὒς.
2797 5270 2864 5325 Ει
2905 5271 2965 5324 υ.
2994 5269 3428 5339 Chrysostomus,
3463 5279 3518 5322 ut
3547 5269 3638 5322 eb-

2077 5347 2255 5390 servat
2291 5337 2354 5392 L.
2390 5339 2493 5393 Bos
2518 5339 2568 5392 in
2615 5355 2708 5393 sna
2740 5341 2872 5394 edit.
2906 5340 3014 5394 τῶν
3061 5341 3161 5394 O’..
3203 5340 3279 5392 ait
3317 5356 3331 5392 :
3375 5339 3506 5392 Τινὰ
3539 5337 3638 5391 τῶν

2121 5347 2255 5390 :rvat
2292 5346 2354 5392 ι..
2390 5346 2493 5393 Bos
2518 5346 2568 5392 in
2615 5355 2708 5393 sna
2740 5346 2872 5397 edit.
2906 5346 3014 5394 τῶν
3061 5346 3161 5403 0’.,
3203 5346 3279 5392 ait
3317 5356 3331 5392 :
3375 5346 3506 5392 Τινὰ
3539 5346 3641 5391 τῶν

2076 5408 2574 5491 ἁγτιγρὰιρωγάντὶ
2614 5407 3090 5491 196-.06Cuf‘01‘3c.
3111 5409 3312 5489 ἔχουσι.
3342 5407 3542 5491 Locum
3581 5409 3637 5460 υ.

2076 5475 2441 5546 ῼΙιιγέρεῐοιῐιὶ
2487 5495 2591 5532 non
2648 5475 2854 5535 indic-at
2895 5482 3018 5536 Bos.
3075 5475 3319 5534 Invenias
3365 5480 3415 5531 in
3457 5489 3638 5531 catena

2080 5541 2532 5626 glarearum
2560 5548 2752 5626 inAJob
2782 5551 2926 5606 edita
2956 5567 2986 5608 a
3031 5550 3265 5607 Patricio
3309 5548 3466 5605 Junio
3500 5547 3638 5607 Lon-

2079 5613 2370 5686 diniliii’i'l,
2405 5632 2523 5686 pag.
2555 5617 2672 5672 152.

2150 5683 2261 5754 (66)
2301 5683 2441 5758 Lege
2478 5683 2660 5758 πῶμα.

400 4955 425 4980 ,
479 4907 591 4981 (67)
631 4907 1029 4981 I_E_meiidandum
1061 4926 1125 4965 ex
1162 4909 1350 4964 Mittin.
1374 4913 1492 4966 cod.
1519 4911 1772 4981 ἐμϐολήν.

483 4951 595 5119 ἷξε)
632 4951 1665 5052 ’ῆξὶῖἕῗὲἱὶἥῗ’ἓσξξτᾶἵξῆ’ίιᾶζῖὲὸῐὲοῖζ

484 5049 573 5119 (59
637 5048 729 5104 Sic
779 5049 937 5104 habet
971 5062 1196 5119 uterque
1237 5053 1404 5105 codex
1429 5091 1443 5112 ,
1487 5052 1643 5104 Bari).

484 5048 729 5130 (59)7'Sic
779 5049 937 5104 habet
971 5062 1196 5130 uterque
1237 5048 1404 5105 ced'ex
1429 5091 1443 5112 ,
1487 5052 1643 5104 Barh.
1670 5061 1724 5130 et
1752 5049 1974 5130 llIutin.,

412 5119 524 5173 tuin
564 5119 724 5174 etiam
778 5135 949 5176 meus.
980 5119 1154 5173 Locus
1201 5132 1285 5174 est
1335 5132 1638 5186 corruptus.
1676 5121 1972 5187 Salutatns,

414 5201 467 5245 et
502 5198 608 5275 vel.
652 5190 843 5259 interp.
891 5191 1141 5245 videntur
1182 5189 1378 5261 legisse
1418 5188 1695 5243 ποιοῦνται
1735 5209 1974 5263 πνευμα-

472 5273 570 5330 κην
589 5275 603 5289 ·
636 5273 770 5325 quos
800 5273 1014 5329 sequor.

477 5329 598 5411 '(bb)
641 5329 758 5384 Vat.
785 5329 913 5410 edit.
951 5346 1056 5411 non
1105 5330 1264 5410 habet
1303 5329 1472 5396 ἀλλά,
1511 5345 1684 5400 neque
1715 5333 1970 5388 exhibent

426 5397 514 5480 illi
544 5397 655 5480 sive
683 5415 817 5480 mss.
843 5402 957 5456 sive
987 5401 1265 5468 impressi;
1303 5415 1399 5455 nec
1437 5417 1556 5456 eam
1589 5397 1772 5457 vocent
1805 5419 1970 5470 agno-

423 5478 522 5522 scit
550 5479 655 5522 vet.
684 5478 907 5537 interpr.

490 5539 600 5609 (6i)
652 5539 745 5609 Ἐκ
780 5543 934 5594 abest
963 5555 1030 5595 an
1061 5539 1355 5609 impressis.

487 5608 600 5745 £62)
651 5608 744 5662 Ἐκ
778 5611 957 5663 itidem
991 5627 1093 5663 non
1129 5608 1348 5679 apparet
1376 5609 1427 5661 in
1460 5609 1759 5676 impressis.

513 5677 603 5745 65)
642 5676 784 5745 Lego
824 5679 1169 5745 ζοωδότειραν
1201 5679 1293 5733 τοῦ
1323 5677 1477 5745 ἁγίου
1511 5678 1759 5745 Πνεύματ

513 5677 603 5746 65)
642 5676 784 5748 Lego
824 5676 1176 5751 ζοωδότειραν
1199 5676 1293 5733 τοῦ
1323 5677 1477 5748 ἁγίου
1511 5678 1821 5750 Πνεύματος
1857 5679 1971 5732 εἰσ-
