3878 6270
231 317 336 374 533
1101 307 1104 314 ’
1138 319 1531 380 ENARRATIO
1567 323 1635 379 IN
1674 322 2028 382 CANTICUM
2065 323 2534 382 CANTICORUM.
3357 331 3466 388 154

231 430 618 503 συμφέρουσαν
641 430 752 504 (67)
790 431 903 496 τοῖς
952 434 1269 505 μυστηρίοις
1302 434 1570 506 εὐθύτητα
1603 453 1802 508 κεκτη-

1906 439 2015 492 ait:
2063 456 2082 490 ι
2132 438 2400 494 sulliciens
2438 439 2593 494 labiis
2621 449 2676 494 et
2722 439 3006 506 dentibus;
3055 463 3076 494 ι
3110 452 3168 498 ut
3219 443 3462 503 breviter

230 523 414 592 μένος.
446 525 626 592 Σαφὲς
662 525 720 578 δὲ
763 525 857 578 καὶ
895 524 974 590 τὸ,
1028 544 1046 578 ι
1085 526 1436 597 ίκανούμενον
1465 527 1664 598 χείλεσι
1700 529 1794 582 καὶ

1906 530 2170 593 ostendat,
2209 530 2293 583 vel
2337 531 2705 584 tantummodo
2737 545 2802 584 ex
2844 544 2907 586 eo
2961 531 3098 586 labia
3129 532 3358 588 tinxisse
3397 549 3467 588 ao

228 612 466 666 ὀδοῦσιν·
493 633 514 666 ι
548 615 636 668 ἵνα
667 614 727 667 τὸ
753 614 924 685 βραχὺ
951 614 1118 687 δείξῃ,
1150 617 1242 670 καὶ
1272 617 1333 670 τὸ
1369 617 1526 687 μόνον
1556 618 1622 671 τὰ
1644 619 1795 691 χείλη

1906 620 2111 685 dentes,
2147 620 2288 676 illico
2321 621 2464 690 quod
2515 620 2672 674 datur
2719 621 2854 677 satis
2899 635 3019 677 esse
3065 625 3131 676 ad
3167 623 3460 692 perfectam

228 704 398 774 βάψαι
428 705 577 776 αὐτῷ
622 706 715 759 καὶ
759 707 884 769 τοὺς
926 707 1162 770 ὁῶντας,
1199 708 1282 760 ὅτι
1311 709 1370 762 ἐν
1399 709 1590 780 βραχεῖ
1614 709 1796 762 ἱκανὸν
1898 711 2149 767 salutem.

227 798 362 867 πρὸς
390 799 490 869 τὴν
514 799 700 870 ἐντελῆ
730 797 1001 870 σωτηρίαν
1032 799 1092 851 τὸ
1119 799 1408 870 διδόμενον.

294 912 440 964 Σ1Α’.
488 912 579 965 Στ.
612 918 664 964 ι’.
717 910 857 981 Ἐγὼ
903 911 972 964 ἐν
1010 911 1120 981 (68)
1165 910 1246 977 τῷ
1280 911 1587 982 ἀδελφιδῷ
1635 931 1792 983 μου,

225 1002 319 1053 καὶ
347 1002 442 1054 ἐπ’
483 1002 590 1071 ἐμὲ
614 1002 652 1068 ὴ
678 1001 1010 1071 ἐπιστροφὴ
1039 1002 1244 1056 αὐτοῦ.

1906 999 2062 1053 versio
2097 999 2232 1067 ejus.

297 1108 318 1142 ι
359 1091 534 1160 Ἐμοὶ,
567 1109 586 1140 ι
616 1089 768 1158 φησὶ,
809 1109 829 1142 ι
850 1090 910 1143 τι
942 1090 1372 1161 προσκολλᾶσθαι
1398 1091 1476 1162 τῷ
1513 1091 1632 1162 Θεῷ
1657 1093 1793 1160 ἀγα-

1975 1108 1994 1141 ι
2032 1089 2182 1157 Mihi,
2216 1109 2234 1142 ι
2287 1092 2361 1146 ait
2397 1091 2700 1159 Scriptura,
2733 1111 2752 1144 ι
2789 1094 3062 1150 adharere
3107 1095 3216 1151 Deo
3257 1098 3456 1152 bonum

223 1180 314 1235 θόν
344 1183 486 1244 ἐστι,
520 1179 765 1233 τίθεσθαι
809 1181 868 1233 ὲν
901 1179 980 1250 τῷ
1019 1181 1208 1253 Κυρίῳ
1243 1181 1339 1254 τὴν
1367 1184 1557 1240 ἐλπίδα
1590 1199 1726 1255 μου·
1769 1202 1790 1237 ι

1906 1190 2000 1245 est,
2033 1195 2232 1249 ponere
2262 1182 2312 1236 in
2349 1182 2570 1236 Domino
2601 1198 2748 1252 spem
2777 1199 2948 1238 meam
2979 1185 3064 1251 ";
3093 1205 3112 1237 ι
3137 1197 3190 1241 et
3219 1203 3405 1243 rursus
3437 1203 3459 1245 :

224 1274 316 1325 καὶ
341 1273 539 1325 πάλιν·
571 1291 589 1323 ι
623 1271 916 1342 Ἑκολλήθη
938 1271 1048 1342 (69)
1073 1274 1107 1344 ἡ
1151 1274 1294 1344 ψυχή
1326 1292 1425 1345 μου
1463 1275 1634 1329 ὀπίσω
1661 1293 1753 1330 σου
1775 1292 1792 1309 ο

1906 1287 1922 1321 ι
1957 1270 2195 1324 Adhaesit
2231 1272 2406 1325 anima
2455 1281 2639 1327 nostra
2675 1282 2794 1343 post
2832 1283 2912 1340 te;
2947 1291 3030 1331 me
3057 1279 3293 1348 suscepit
3322 1280 3455 1335 dex-

223 1367 362 1437 ἐμοῦ
373 1367 430 1420 δὲ
444 1367 766 1420 ἀντελάϐετο
783 1369 816 1439 ἡ
836 1367 985 1433 δεξιά
1004 1385 1114 1421 σου.
1129 1387 1148 1419 ι
1168 1387 1266 1420 -ι
1290 1368 1430 1438 Ἐγὼ
1439 1370 1516 1441 τῷ
1527 1370 1791 1442 ἀδελφιδῷ

1906 1369 2011 1416 tera
2048 1371 2135 1416 tua
2165 1362 2232 1417 '°.
2279 1380 2298 1413 ι
2326 1393 2398 1402 -
2421 1379 2441 1413 ι
2474 1362 2584 1433 Ego
2617 1361 2854 1418 fratrueli
2885 1379 3026 1432 meo,
3049 1374 3102 1421 et
3128 1365 3180 1420 in
3213 1381 3298 1422 me
3320 1382 3453 1422 eon-

224 1475 350 1526 μου,
391 1458 490 1510 καὶ
528 1457 613 1510 ἐπ’
657 1458 756 1528 ἐμὲ
787 1461 821 1529 ὴ
860 1458 1161 1530 ἐπιστροφὴ
1189 1460 1302 1531 (70)
1335 1461 1523 1514 αὐτοῦ.
1549 1481 1569 1514 ι
1617 1463 1794 1532 Ὅπερ

1906 1453 2072 1510 versio
2105 1453 2276 1531 eius.)
2299 1453 2354 1508 Id
2381 1462 2462 1509 est
2495 1473 2507 1508 :
2541 1455 2651 1524 Ego
2676 1457 2904 1511 serviam
2930 1473 3070 1512 nunc
3095 1458 3228 1512 Filio
3258 1457 3373 1525 Dei,
3400 1470 3452 1516 et

222 1547 405 1599 ἐστίν·
448 1545 592 1614 Ἐγὼ
635 1547 913 1618 λατρεύσω
963 1548 1058 1603 νῦν
1107 1547 1183 1618 τῷ
1218 1547 1332 1618 Υίῷ
1375 1548 1468 1602 τοῦ
1511 1549 1668 1617 Θεοῦ,
1699 1551 1792 1603 καὶ

1906 1548 1962 1602 ιι]
1995 1560 2080 1602 me
2101 1547 2384 1602 conversio
2406 1547 2555 1618 ejus;
2584 1548 2686 1604 hoc
2731 1559 2854 1603 est:
2894 1549 2951 1604 In
2991 1551 3223 1605 secundo
3262 1551 3454 1606 iterum

222 1637 308 1688 ἐπ’
326 1637 428 1706 ἐμὲ
453 1637 800 1708 ήὲπιστροφὴ
825 1637 1009 1690 αὐτοῦ’
1026 1638 1322 1698 τουτέστιν.
1367 1640 1453 1692 Ἐν
1474 1642 1539 1710 τῇ
1561 1639 1791 1710 δευτέρᾳ

1906 1639 2147 1703 adventu,
2179 1653 2298 1694 cum
2335 1653 2454 1694 sese
2492 1641 2819 1694 converterit
2869 1641 2936 1696 ad
2969 1657 3075 1706 me,
3109 1642 3453 1698 venietcolli-

220 1728 389 1781 πάλιν
418 1728 709 1799 παρουσίᾳ,
749 1727 876 1780 ὅταν
917 1729 1220 1802 ἐπιστρέφῃ
1251 1731 1339 1782 ἐπ’
1365 1729 1485 1800 ἐμὲ,
1511 1729 1790 1784 ἐλεύσεται

1906 1744 2028 1800 gens
2091 1743 2176 1784 me
2221 1743 2288 1784 ex
2351 1738 2588 1803 quatuor
2634 1730 2842 1800 angulis
2873 1739 3030 1786 terra
3093 1746 3192 1802 per
3237 1732 3452 1804 angelos

220 1819 475 1884 συνάγων
500 1792 512 1799 ’
529 1835 594 1887 με
634 1792 699 1870 sit
729 1818 839 1873 τῶν
885 1792 1168 1891 τεσσάρων
1191 1792 1410 1889 ’γωνιῶν
1439 1821 1538 1892 τῆς
1563 1822 1666 1892 γῆς
1704 1821 1792 1876 διὰ
1824 1792 1867 1852 Β
1894 1792 2048 1873 lucis.

219 1909 336 1962 τῶν
359 1907 454 1962 τοῦ
484 1907 659 1978 φωτὸς
695 1909 964 1979 ἀγγέλων.

295 2019 440 2074 ΣΙΒ’.
474 2022 565 2074 Στ.
606 2028 694 2075 ια’.
757 2022 949 2086 Ἐλθὲ,
984 2021 1266 2092 ἀδελφιδέ
1289 2041 1429 2093 μου,
1462 2023 1794 2095 ἐξέλθωμεν

1961 2013 2161 2072 CCXII.
2195 2014 2357 2072 Vens.
2382 2015 2469 2070 Il.
2516 2013 2666 2080 Veni,
2702 2015 2970 2085 fratruelis
3007 2031 3172 2076 metu.
3209 2018 3448 2086 egredia-

219 2116 309 2178 εις
330 2113 536 2181 ἀγρὸν,
562 2112 937 2184 αὐλισθῶμεν
963 2113 1032 2168 ἐν
1057 2114 1298 2184 κώμαις,
1326 2115 1687 2185 όρθρίσωμεν
1706 2118 1794 2183 εἰς

1906 2123 2010 2161 uur
2040 2109 2093 2162 in
2126 2125 2309 2177 agrum
2336 2123 2355 2162 :
2393 2124 2694 2162 maneamus
2736 2109 2792 2161 in
2840 2109 2985 2174 vicis,
3025 2111 3088 2163 de
3125 2109 3240 2162 luce
3269 2111 3451 2179 vigila-

219 2205 583 2276 ἀμπελῶνας
611 2205 742 2276 (7i).

1906 2215 2005 2253 nus
2041 2200 2110 2253 ad
2133 2203 2327 2255 vineas.

293 2296 651 2366 Συγκαλείται
691 2298 726 2368 ή
767 2296 952 2368 νύμφη
1000 2297 1092 2350 τὸν
1141 2298 1373 2368 νυμφίον
1412 2298 1508 2352 ἀπ’
1546 2290 1793 2353 ἐντεῦθεν

1961 2291 2170 2359 Sponsa
2204 2289 2317 2359 jam
2357 2290 2481 2346 inde
2532 2299 2689 2346 vocat
2733 2303 3008 2359 sponsum,
3059 2298 3118 2345 ut
3163 2307 3282 2347 cum
3335 2292 3450 2362 ipso

219 2389 345 2460 ήδη,
395 2389 487 2442 ἴνα
526 2387 622 2440 σὺν
654 2387 802 2459 αὑτῷ
839 2387 1029 2462 ἐξέλθῃ
1063 2390 1142 2452 είς
1189 2389 1378 2460 ἀγρὸν,
1413 2388 1685 2444 τουτέστιν
1712 2392 1793 2454 είς

1906 2380 2196 2450 egrediatur
2245 2380 2301 2436 in
2337 2395 2521 2450 agrum
2544 2422 2559 2448 ,
2603 2381 2704 2436 hoc
2736 2392 2839 2448 est,
2871 2382 2924 2436 in
2954 2383 3232 2448 mundum,
3260 2397 3448 2452 quem-

220 2482 314 2534 τὸν
342 2481 566 2551 κόσμον,
599 2479 673 2544 ὥς
705 2497 870 2551 φησιν
911 2482 940 2534 ὁ
966 2480 1166 2552 Κύριος
1186 2497 1201 2514 ο
1244 2501 1261 2534 ι
1293 2483 1351 2536 '0
1383 2482 1550 2554 ἀγρός
1579 2484 1727 2536 ἐστιν
1761 2484 1790 2536 ὁ

1906 2473 2170 2528 ιᾶιιιοάιιιιι
2208 2474 2284 2530 ait
2344 2472 2640 2528 Dominus:
2692 2492 2712 2525 ι
2757 2476 2899 2545 Ager
2935 2484 3018 2531 est
3049 2476 3282 2532 mundus
3313 2475 3381 2530 “.
3419 2495 3446 2531 υ

1886 2595 1959 2608 --
1983 2582 2001 2617 ι
2051 2564 2116 2620 Et
2152 2581 2466 2620 maneamus
2493 2567 2544 2620 in
2572 2566 2726 2622 vicis.
2769 2587 2788 2620 ι
2819 2567 3028 2624 Etenim
3068 2567 3270 2638 ubique
3293 2569 3448 2624 facta:

1968 906 2144 961 CCXI.
2185 907 2346 962 Vens.
2371 909 2456 961 IO.
2495 908 2606 977 Ego
2637 909 2879 979 fratrueli
2903 929 3037 973 meo,
3075 925 3120 967 et
3149 915 3203 968 in
3233 932 3313 969 me
3333 933 3456 970 cono

219 2575 481 2644 κόσμος.»
523 2572 652 2638 Καὶ,
693 2593 712 2625 ι
733 2572 1079 2644 Αὒλισθῶμεν
1106 2574 1164 2626 ὲν
1204 2571 1437 2644 κώμαις.
1458 2593 1477 2626 ι
1514 2574 1625 2627 Καὶ
1657 2591 1792 2628 παν·

219 2666 386 2736 ταχοῦ
422 2665 702 2737 παροικίαι
729 2664 840 2736 (72)
874 2665 1212 2736 γεγένηνται,
1238 2665 1338 2736 τῆς
1369 2665 1527 2735 ἁγίας
1563 2667 1791 2740 Ἐκκλη-

1906 2665 2013 2712 sunt
2051 2656 2410 2713 habitationes
2441 2668 2641 2714 sancta
2666 2659 2942 2726 Ecclesia,
2973 2676 3092 2730 qua
3126 2675 3342 2732 semper
3362 2663 3443 2717 di-

220 2759 342 2821 σίας
371 2757 785 2828 πλατυνομένης
815 2757 922 2821 ἀεὶ,
948 2756 1089 2810 κατὰ
1112 2755 1203 2810 τὸν
1241 2757 1463 2826 λέγοντα
1495 2757 1630 2830 αὐτῇ
1658 2775 1792 2830 προ-

1909 2757 2108 2812 atatur,
2152 2747 2301 2820 iuxta
2339 2749 2652 2820 prophetam
2689 2753 2778 2822 qui
2832 2753 2905 2807 illi
2931 2753 3006 2807 ait
3037 2767 3053 2806 :
3085 2771 3104 2804 ι
3147 2752 3314 2808 Dilata
3352 2752 3445 2806 t‘u-

219 2851 427 2921 φήτηνο
464 2869 482 2901 ι
503 2849 774 2904 Πλάτυνον
800 2848 909 2920 (75)
937 2849 1007 2902 τὰ
1037 2849 1392 2920 σχοινίσματά
1420 2867 1534 2916 σου,
1564 2852 1656 2904 καὶ
1680 2851 1788 2903 τῶν

1906 2838 2094 2894 tieulos
2127 2849 2266 2903 tuos,
2297 2844 2351 2895 et
2378 2842 2717 2896 mansionum
2753 2851 2964 2898 tuarum
3000 2863 3014 2900 :
3051 2843 3154 2913 fige
3185 2867 3197 2900 ;
3234 2843 3342 2898 noli
3381 2846 3445 2900 ti-

219 2945 457 2999 αὑλαιῶν
491 2957 618 2997 σου·
660 2942 865 3013 πῆξονο
902 2941 976 3012 μὴ
1019 2939 1183 3010 φοϐοῦ
1205 2957 1220 2971 ⁸
1255 2942 1350 2994 καὶ
1400 2941 1527 3006 τοὺς
1577 2941 1786 2996 πασσά-

1906 2944 2034 2986 nere
2069 2951 2080 2985 :
2114 2939 2167 2984 et
2187 2928 2337 3000 palos
2369 2938 2488 2986 tuos
2515 2931 2754 2987 conforta
2797 2949 2813 2988 :
2845 2934 3022 2989 adhuc
3057 2935 3124 2989 ad
3170 2935 3445 2990 dexteram

220 3045 340 3100 λους
376 3052 482 3090 σου·
515 3034 868 3104 κατίσχυσον·
911 3032 991 3086 ἔτι
1034 3034 1112 3096 είς
1155 3031 1223 3084 τὰ
1255 3031 1514 3104 ἀριστερὰ
1557 3032 1788 3085 ἐκπέτα-

1906 3031 1942 3074 :t
1971 3020 2039 3075 ad
2065 3021 2340 3077 sinistram
2357 3023 2584 3077 extende
2599 3023 2668 3074 δ’.
2693 3041 2712 3074 ι
2733 3023 2921 3080 lsthac
2935 3026 3036 3080 dici
3061 3024 3314 3081 Ecclesia
3335 3043 3444 3081 mai-

224 3145 332 3182 σον.
362 3147 382 3180 ι
425 3127 516 3190 Ὠς
557 3126 727 3180 ταῦτα
759 3126 1067 3196 λέγεταιτῇ
1124 3124 1440 3196 Ἐκκλησία,
1481 3124 1657 3196 δῆλον.
1695 3125 1819 3204 Διδ⁴

1906 3112 2139 3168 tifestum
2167 3123 2267 3169 est.
2304 3113 2505 3169 Idcirco
2532 3116 2607 3169 ait
2636 3133 2649 3169 :
2683 3133 2701 3167 ι
2739 3115 3050 3174 Maneamus
3084 3119 3135 3173 in
3165 3119 3300 3174 vicis
3321 3136 3334 3152 ο
3361 3120 3442 3173 vi-

223 3219 401 3287 λὲγειο
455 3215 854 3287 «Δύλισθῶμεν
913 3217 971 3268 ὲν
1025 3213 1258 3285 κώμαις,
1318 3213 1656 3286 δρθρίσωμεν
1705 3217 1785 3279 είς

1906 3203 2111 3273 ςὶίθιηιιε
2155 3203 2389 3260 diluculo
2418 3205 2484 3258 ad
2523 3205 2736 3273 vineas;
2773 3225 2793 3259 ι
2820 3207 2872 3261 id
2908 3217 3022 3271 est,
3073 3209 3139 3262 ad
3171 3208 3438 3264 Ecclesias

222 3309 581 3381 ἀμπελῶνας·
604 3327 622 3360 ι
667 3308 804 3378 ὅπερ
851 3307 1018 3372 ἐστὶν,
1051 3309 1130 3370 είς
1161 3305 1259 3369 τὰς
1289 3306 1428 3359 κατὰ
1461 3305 1624 3360 τόπον
1665 3306 1785 3360 Ἐκ·-

1906 3309 1999 3363 lua
2031 3308 2127 3364 per
2151 3293 2265 3348 loca
2291 3302 2414 3349 sunt
2440 3293 2560 3349 :illa
2589 3296 2730 3350 enim
2756 3311 2877 3364 vox,
2896 3297 3270 3368 «Vigilemus,»
3303 3303 3440 3355 hunc

222 3399 468 3469 κλησίας.
499 3397 573 3450 Τό
589 3415 646 3450 τε
673 3398 803 3469 γὰρ,
837 3416 856 3447 ι
890 3396 1312 3468 Ὀρθρίσωμεν,ι
1343 3394 1529 3449 τοῦτον
1556 3396 1668 3466 ἔχει
1693 3396 1784 3448 τὸν

1908 3385 2268 3454 ropologicum
2319 3400 2536 3442 sensum
2577 3388 2767 3452 habet;
2823 3389 3096 3456 nimirum,
3147 3390 3437 3448 Producito

221 3493 419 3563 τρόπον
439 3509 453 3521 ·
500 3490 630 3544 Ἀπὸ
668 3489 774 3543 τοῦ.
793 3488 1102 3561 νυκτερινοῦ
1132 3489 1355 3552 σκότους
1383 3488 1483 3559 τῆς
1513 3487 1785 3556 ἀγνωσίας

220 3575 298 3646 είς
327 3583 392 3636 eo
423 3581 538 3652 φῶς
567 3581 668 3651 τῆς
701 3581 934 3644 πίστεως
965 3579 1032 3649 μὲ
1063 3579 1366 3650 προάγαγε.

289 3695 433 3748 ΣΙΡ.
458 3695 548 3748 Στ.
584 3692 670 3763 ιβ’.
698 3692 946 3762 Ἰδωμεν
965 3693 1018 3746 εί
1053 3691 1322 3761 ἤνθησεν
1350 3691 1388 3758 ἡ
1424 3691 1705 3760 ἄμπελος.

287 3783 469 3854 Ὅπερ
497 3783 665 3847 ἐστὶν,
691 3781 739 3834 εί
771 3781 830 3833 τὸ
864 3781 1124 3851 κήρυγμα
1144 3781 1242 3851 τῆς
1272 3779 1505 3843 πίστεως
1544 3779 1642 3852 τὴν
1693 3779 1784 3833 εὑ-

220 3877 383 3932 ωδίαν
413 3879 480 3930 ὲκ
506 3874 614 3928 τῶν
650 3874 1051 3928 πιστευσάντων
1082 3872 1355 3926 διέδωκεν.

287 3994 425 4046 Σ1Δ’.
470 3993 773 4058 Ἤνθησεν
797 3991 832 4044 ό
862 3990 1216 4058 κυπρισμός.

285 4085 425 4147 Τοὺς
462 4083 850 4152 νεοφωτίστους
874 4077 1029 4153 οἶμαι
1055 4080 1252 4149 λέγειν,
1280 4081 1406 4146 τοὺς
1432 4079 1520 4136 διὰ
1554 4078 1779 4151 λουτροῦ

222 4176 636 4244 παλιγγενεσίας
665 4172 1229 4244 λελευκανθισμένους.

285 4289 413 4342 ΣΙΕ.
459 4290 772 4354 Ἦνθησαν
803 4289 861 4340 at
886 4285 1045 4353 ῥοαί.

284 4381 350 4431 Al
379 4377 587 4430 τούτων
617 4376 805 4446 ψυχαὶ,
846 4375 1043 4437 αἵτινες
1075 4373 1212 4445 ῥοῶν
1254 4372 1405 4445 δίκην
1447 4374 1506 4427 τὸ
1553 4374 1780 4446 ἐρυθρὸν

220 4466 353 4540 αἷμα
389 4467 718 4538 ἐχρίσθησαν
746 4464 841 4519 τοῦ
881 4463 1133 4537 Χριστοῦ.
1169 4464 1434 4536 Καθάπερ
1473 4465 1641 4537 γάρὴ
1677 4467 1778 4538 ροἁ
1809 4494 1852 4551 D

219 4557 552 4619 πολύκοκκός
595 4557 733 4616 ἐστι,
776 4555 871 4608 καὶ
918 4551 1316 4622 πολυθάλαμος,
1363 4551 1558 4617 ἔξωθεν
1599 4554 1655 4607 δὲ
1686 4555 1775 4609 τὸν

217 4650 395 4719 φλοιὸν
433 4647 746 4719 ἐρυθροειδῆ
775 4646 1062 4716 κέκτηται*
1094 4643 1266 4708 οὕτως
1293 4645 1327 4715 ἡ
1371 4645 1663 4715 Ἐκκλησία
1688 4646 1780 4699 τὸν

214 4739 636 4811 πολυάνθρωπον
661 4738 826 4808 δῆμον
851 4736 1046 4807 ἔχουσα
1077 4735 1247 4800 ἐντὸς,
1287 4737 1379 4790 καὶ
1403 4740 1514 4801 τοῖς
1543 4738 1775 4808 ἱματίοις

282 4926 328 4957 ⁸³
357 4923 501 4978 Psal.
537 4939 700 4988 Lxxtt,
731 4922 819 4978 28.

283 5061 397 5131 (67)
438 5059 531 5114 Sic
566 5075 751 5114 omnes
781 5060 935 5115 codd.
968 5059 1108 5131 Lege
1139 5058 1582 5131 συμπρέπουσαν.

283 5129 401 5198 (68)
451 5131 548 5184 Ἐν
579 5132 732 5183 abest
760 5131 827 5183 ah
869 5130 1118 5183 omnibus
1161 5129 1436 5183 sacrarum
1470 5129 1760 5184 Bibliorum

213 5199 537 5258 editionibus
561 5210 617 5254 et
651 5216 777 5252 mss.
810 5199 973 5252 Abest
1003 5200 1163 5253 etiam
1193 5213 1222 5250 a
1254 5200 1370 5254 cod.
1399 5198 1586 5252 Mutin.

283 5271 396 5339 (69.)
434 5271 602 5324 Abest
635 5287 663 5321 a
705 5283 822 5322 meo
872 5272 992 5322 cod.
1037 5278 1091 5322 et
1142 5267 1300 5322 Barb.
1351 5268 1438 5322 hic
1482 5283 1513 5322 e
1558 5268 1765 5337 psalmo

1881 3488 1969 3530 me
2003 3489 2034 3528 a
2057 3476 2332 3532 nocturnis
2384 3477 2699 3547 ignorantia
2725 3481 2962 3538 tenebris
2997 3482 3063 3536 ad
3088 3481 3262 3539 lucem
3287 3482 3430 3541 ﬁdei.

1952 3692 2177 3749 CCXIII.
2206 3692 2370 3748 Vens.
2396 3692 2482 3747 l2.
2523 3691 2822 3761 Videamus,
2845 3711 2968 3749 num
2998 3698 3176 3765 floruit
3199 3700 3370 3755 vinea.

1951 3781 2006 3836 Id
2039 3793 2140 3847 est,
2181 3799 2306 3836 num
2340 3783 2654 3852 pradicatio
2711 3784 2832 3839 fidei
2878 3802 3099 3842 suavem
3141 3790 3208 3844 ab
3250 3789 3317 3846 iis
3349 3792 3438 3860 qui

1880 3872 2243 3935 crediderunt,
2275 3872 2453 3925 emisit
2476 3873 2718 3928 odorem.

1948 3981 2173 4037 CCXIV.
2196 3981 2404 4036 Floruit
2427 3998 2673 4054 prapago.

1951 4075 2157 4130 Recens
2182 4075 2472 4130 illustratus
2509 4076 2686 4131 dicere
2713 4076 2966 4140 arbitror,
3014 4079 3104 4148 qui
3151 4093 3247 4149 per
3293 4078 3436 4133 lava-

1879 4181 2030 4222 crum
2068 4169 2495 4238 regenerationis
2523 4169 2646 4223 facti
2678 4178 2801 4223 sunt
2830 4172 3040 4226 candidi

1947 4280 2149 4336 CCXV.
2176 4279 2496 4336 Floruerunt
2529 4281 2667 4335 mala
2700 4283 2914 4350 punica.

1949 4371 2145 4426 Eorum
2177 4375 2398 4438 anima,
2451 4389 2570 4443 qua
2606 4376 2867 4429 malorum
2917 4375 3084 4428 instar
3120 4376 3434 4443 punicorum

1881 4467 2044 4520 rubro
2072 4465 2273 4520 Christi
2307 4467 2564 4536 sanguine
2603 4466 2748 4520 illita
2775 4477 2916 4520 sunt.
2957 4466 3024 4522 Ut
3055 4470 3197 4521 enim
3238 4467 3434 4521 malum

1880 4559 2131 4627 punicum
2170 4558 2354 4614 multis
2388 4568 2470 4612 est
2505 4559 2787 4626 praditum
2817 4557 2996 4627 granis
3029 4568 3082 4612 et
3109 4558 3434 4614 loculamen-

1881 4650 1980 4714 tis;
2017 4650 2354 4704 extrinsecus
2396 4659 2573 4704 autem
2603 4650 2859 4704 corticem
2887 4651 3106 4702 rubrum
3136 4650 3326 4704 habet;
3361 4649 3434 4703 ita

1881 4739 2116 4796 Ecclesia
2133 4755 2252 4810 qua
2269 4739 2734 4810 populosissimam
2755 4739 3026 4794 hominum
3042 4739 3433 4794 multitudinem

895 4924 940 4955 ‘°
979 4921 1118 4977 Psal.
1151 4937 1282 4987 un,
1319 4922 1371 4978 9.
1446 4921 1489 4954 ⁸¹
1516 4921 1700 4976 Matth.
1739 4938 1858 4990 xm,
1881 4923 1970 4978 '58.
2040 4923 2202 4977 "lsa.
2232 4938 2340 4987 LlV,
2369 4922 2426 4976 2.

1865 5061 2005 5115 κατὰ
2038 5062 2200 5115 τόπον
2236 5060 2576 5129 Ἑκκλησίας.

1936 5132 2050 5200 (72)
2093 5133 2184 5186 Sic
2230 5127 2534 5200 legendum.
2581 5127 2780 5184 Omnes
2809 5127 2964 5184 codd.
2989 5128 3187 5182 habent
3234 5140 3429 5199 παροι-

1870 5203 2010 5272 μίαι.

1938 5271 2048 5341 (75)
2090 5271 2267 5325 Locus
2305 5269 2454 5323 Isaia
2469 5268 2540 5341 _in
2573 5267 2742 5322 sacris
2781 5267 2964 5341 Bibliis
2997 5278 3121 5341 est”:
3154 5265 3430 5341 Πλάτωνον

214 5336 385 5421 locus,
432 5354 768 5421 quemnam!)
818 5340 1063 5392 exhibeat
1096 5349 1151 5419 et
1196 5350 1345 5394 vetus
1387 5336 1670 5406 interpres,
1710 5347 1765 5393 et

1906 5336 1957 5394 δν
2004 5336 2167 5396 τ’όπον
2198 5341 2296 5411 τῆς
2329 5339 2530 5421 σκηνῇς
2571 5354 2686 5402 σου,
2736 5339 2828 5421 διαὶ
2876 5338 2982 5420 τῶν
3030 5336 3265 5420 αὑλαιῶν
3308 5350 3424 5421 σους

213 5413 407 5465 habeat
431 5411 598 5462 codex
629 5407 838 5469 Mutin.,
865 5408 1130 5465 revocavi.

1869 5411 2054 5495 πῆξον,
2088 5412 2160 5482 μὴ
2182 5403 2370 5495 ﬁge-ian.
2406 5403 2677 5495 μάᾶιρυγον
2705 5407 2772 5460 τὰ
2803 5405 3156 5495 σχοινίσματά
3191 5403 3429 5495 causan-ta.)

277 5479 656 5559 (7_0)_Restitui
691 5493 763 5559 ⁹(τι
815 5477 1096 5532 Mutinensi
1145 5477 1467 5548 ἐπιστροφή.
1513 5475 1662 5533 Meus
1714 5486 1768 5533 et

1906 5473 1995 5544 ob;
2022 5473 2450 5559 πασσάλους-’σου
2474 5473 2796 5559 κατίσχυσον
2815 5473 2955 5537 Vict,
2978 5473 3030 5528 κ.
3050 5492 3099 5527 τ.
3130 5474 3177 5526 λ.
3205 5493 3222 5524 ι
3256 5473 3424 5559 Dilata

214 5548 376 5604 Bari).
393 5548 734 5618 ἀποστροφή.

279 5621 389 5690 (71)
429 5615 661 5672 Restitui
691 5615 1041 5690 ἀμπελῶνας,
1060 5626 1117 5670 ιιι
1140 5615 1310 5690 Vatia.
1332 5624 1385 5670 et
1414 5615 1531 5670 libri
1554 5629 1763 5690 omnes.

219 5686 379 5744 usus
407 5691 696 5743 lectionem
735 5686 988 5756 agnoscit
1035 5696 1203 5756 vetus,
1237 5686 1518 5756 interpres,
1563 5694 1619 5738 et
1654 5686 1765 5756 ipsa

212 5759 516 5831 explanatio
545 5753 803 5828 postulat,
827 5757 916 5810 ubi
957 5756 1082 5812 dicit
1111 5773 1123 5809 :
1156 5755 1329 5825 ’Ὅπερ
1355 5755 1519 5822 ἐστὶν,
1558 5755 1636 5818 είς
1665 5753 1766 5813 τὰς

1874 5543 2047 5605 locum
2081 5543 2404 5605 tabernaculi
2443 5549 2543 5611 tui,
2587 5543 2952 5601 efaulaorum
2987 5554 3196 5598 tuorum
3228 5559 3242 5596 :
3282 5543 3422 5611 tige:

1874 5634 1941 5674 ne
1970 5635 2158 5688 parcas
2187 5633 2202 5672 :
2237 5619 2494 5688 protende
2535 5613 2801 5673 I’u'niculos
2831 5624 2970 5681 tuos,
2999 5622 3054 5668 et
3102 5613 3252 5685 palos
3306 5622 3425 5670 tuos

1874 5689 2138 5758 contorta,
2168 5707 2188 5741 ι
2227 5700 2330 5744 ctc.
