3878 6270
318 592 322 594 .
408 553 572 606 tecta,
599 559 657 598 se
685 550 860 596 tuetur
885 541 1146 610 sanguine
1167 540 1388 595 Christi.
1425 540 1711 611 Propterea
1737 539 1958 594 subdit:

405 337 513 398 435
788 342 794 347 ’
1497 333 1822 390 PIIILONIS
1858 329 2166 387 EPISCOPI
2205 327 2527 385 CARPASII
3526 330 3638 386 1'56

406 455 551 512 Intra
582 466 640 508 se
661 449 920 518 continet,
949 459 1004 506 et
1027 453 1271 506 vestibus
1302 463 1690 520 praceptorum
1719 463 1954 505 circum-

2080 445 2165 499 :th
2194 446 2422 499 ἐντολῶν
2468 444 2924 518 περιεσφιγμένη,
2952 444 3032 516 τῷ
3056 444 3247 516 αἵματι
3275 444 3365 500 τοῦ
3390 447 3636 517 Χριστοῦ

2062 538 2407 608 φυλάττεται.
2441 537 2530 590 Διὸ
2557 537 2651 590 καὶ
2677 536 2872 603 ἐπάγει
2891 553 2908 570 ο

2131 630 2289 697 Σῐζῗ.
2337 628 2499 684 Ἐκεῖ
2516 628 2686 683 δώσω
2712 629 2852 696 τοὺς
2876 631 3140 699 μαστούς
3166 649 3284 701 μου
3309 632 3429 686 σοι.

2131 722 2255 786 Τοῖς
2280 721 2386 793 γὰρ
2411 721 2671 785 τοιούτοις
2701 721 2797 776 καὶ
2827 722 2895 776 τὰ
2919 723 3057 794 ϐάθη
3087 723 3194 778 τῶν
3224 725 3539 796 μυστηρίων
3567 725 3634 778 ὲκ

2059 810 2167 864 τῶν
2217 810 2596 882 πνευματικῶν
2649 809 2889 881 μαστῶν,
2941 814 3221 866 τουτέστιν
3272 814 3336 866 ἐκ
3383 811 3492 864 τῶν
3538 812 3634 865 δύο

2061 901 2366 971 Διαθηκῶν,
2406 901 2866 956 ἀποκαλύπτεται.

2140 992 2278 1044 ΣΙΖ’.
2301 993 2387 1044 Στ.
2411 999 2477 1061 ιγ’
2485 1033 2498 1047 .
2527 995 2597 1046 Al
2616 991 3021 1063 μανδραγόραι
3039 993 3150 1064 (74)
3167 993 3394 1048 ἔδωκαν
3409 995 3630 1066 ὀσμήν.

475 632 699 690 CCXVI.
734 631 819 685 Ibi
844 630 978 684 dabo
1013 629 1173 683 ubera
1210 645 1324 683 mea
1354 630 1468 684 tibi.

478 726 698 780 Talibus
723 724 863 779 enim
891 723 963 794 (id
990 730 1094 786 est,
1127 735 1296 790 nuper
1327 719 1636 791 baptizatis)
1667 718 1958 793 mysterio-

409 832 525 871 rum
572 814 909 883 profunditas
950 828 1016 866 ex
1051 811 1421 882 spiritualibus
1469 813 1742 875 uberibus,
1769 812 1820 864 id
1853 820 1957 874 est,

405 921 473 962 ex
503 907 710 960 duobus
743 903 1103 958 Testamentis
1138 902 1424 959 revelatur.

475 990 720 1047 CCXVII.
769 990 927 1046 Vsus.
977 991 1060 1045 15.
1105 989 1474 1062 Mandragora:
1526 992 1778 1045 decrerunt
1829 990 1961 1044 odo-

406 1099 532 1138 rem.

482 1193 502 1226 ι
533 1174 1008 1245 Mandragorarum
1032 1189 1237 1229 merces
1263 1172 1434 1232 factus
1454 1185 1537 1231 est
1575 1176 1820 1231 Issachar
1840 1175 1908 1230 ⁸⁸.
1936 1193 1956 1227 ι

2134 1167 2562 1239 «Μανδραγορῶν
2580 1169 2766 1241 μισθὸς
2779 1169 3067 1242 γεγένηται
3082 1169 3191 1241 (75)
3210 1172 3238 1224 ό
3253 1172 3519 1245 ’Ῑσσάχαρ
3538 1193 3636 1224 ι·-

403 1294 475 1305 --
509 1283 527 1316 ι
557 1265 800 1318 Issachar
844 1285 863 1318 ι
895 1279 1044 1328 vero,
1084 1264 1160 1318 ait
1198 1263 1497 1334 Scriptura,
1539 1286 1558 1320 ι
1589 1266 1787 1322 bonum
1826 1281 1961 1322 con-

2080 1279 2085 1311 ι
2108 1259 2358 1332 Ἰσσάχαρ
2386 1261 2462 1324 δὲ,
2477 1281 2494 1312 ι
2514 1261 2698 1332 φησιν,
2723 1281 2742 1313 ι
2760 1263 2821 1316 τὸ
2839 1262 3002 1316 καλὸν
3017 1263 3380 1334 ἐπεθύμησεν,
3397 1283 3414 1317 ι
3436 1268 3495 1318 ἐν
3517 1267 3632 1335 (76)

405 1357 690 1426 cupivit“,
722 1375 740 1407 ι
777 1365 834 1410 ut
859 1357 1114 1424 scriptum
1143 1365 1228 1412 est
1270 1357 1323 1411 in
1359 1358 1822 1415 benedictionibus
1865 1361 1962 1418 Ja-

2080 1354 2178 1416 ταῖς
2221 1351 2493 1422 εὐλογίαις
2537 1352 2729 1406 Ἰακὼὸ
2758 1353 3084 1424 γέγραπται.
3118 1357 3182 1409 Οἱ
3213 1355 3342 1424 γοῦν
3368 1357 3430 1410 τὸ
3466 1359 3634 1414 καλόν

406 1448 528 1502 cnb.
553 1446 652 1513 Qui
689 1447 850 1516 igitur
874 1448 1070 1501 bonum
1123 1449 1431 1504 desiderant
1468 1448 1721 1506 Ecclesia:
1749 1451 1865 1520 lilii,
1905 1455 1958 1510 bi

2080 1443 2494 1515 ιπιθυμήσαντες
2526 1445 2624 1514 τῆς
2663 1445 2988 1514 Ἐκκλησίας
3017 1447 3144 1508 υἱοὶ,
3175 1440 3320 1501 οὗτοι
3352 1450 3633 1506 ἐπέδωκαν

407 1540 669 1594 dederunt
693 1539 935 1601 odorem,
970 1540 1072 1594 hoc
1105 1550 1188 1594 est
1214 1555 1432 1594 suavem
1461 1539 1580 1594 ﬁdei
1618 1542 1860 1599 odorem.
1895 1544 1962 1599 Et

2080 1536 2254 1608 ὶσμὴν,
2283 1537 2420 1609 ὅπερ
2445 1537 2561 1590 ἐστὶ
2587 1536 2685 1607 τὴν
2716 1537 2814 1606 τῆς
2845 1537 3080 1602 πίστεως
3107 1541 3349 1596 εὐωδίαν.
3373 1543 3483 1596 Καὶ
3510 1545 3632 1599 καθ’

406 1630 514 1684 alio
571 1629 767 1685 modo:
817 1646 837 1681 ι
897 1629 1263 1700 Mandragorae
1321 1631 1586 1684 dederunt
1647 1631 1890 1689 odorem.
1934 1653 1957 1686 ι

2080 1626 2246 1697 ἓτερον
2280 1626 2512 1698 τρόπον·
2563 1626 2664 1679 «Αἰ
2718 1627 3089 1700 μανδραγόραι
3138 1629 3343 1685 ἔδωκαν
3382 1634 3579 1705 ὀσμήν.
3608 1653 3627 1686 ι

408 1720 883 1792 llandragurarum
933 1722 1077 1776 enim
1133 1723 1346 1777 radices
1393 1723 1492 1776 sub
1532 1732 1671 1776 terra
1724 1724 1959 1780 humana

2080 1716 2465 1788 »ίανδραγορῶν
2501 1717 2612 1786 γὰρ
2658 1719 2714 1770 αἱ
2753 1718 2900 1789 ῥίζαι
2937 1720 3041 1773 ὑπὸ
3079 1720 3177 1793 τὴν
3217 1723 3320 1793 γῆν
3351 1724 3635 1797 ἀνθρωπό-

405 1812 580 1866 forma
613 1812 867 1881 praeditas,
914 1823 1245 1868 mortuorum
1287 1814 1510 1884 ﬁguram
1557 1816 1608 1869 in
1651 1830 1709 1870 se
1742 1817 1960 1873 habent.

2080 1823 2270 1877 ιορφον
2302 1807 2483 1879 έχουσι
2517 1808 2628 1880 (77)
2665 1811 3015 1881 χαρακτῆρα,
3052 1811 3149 1883 τὴν
3181 1814 3290 1866 τῶν
3317 1816 3525 1888 νεκρῶν
3553 1819 3634 1870 εί-

407 1902 597 1956 Mortui
619 1904 759 1957 enim
782 1905 1074 1958 sentientes
1104 1903 1305 1959 Christi
1331 1905 1615 1961 adventum
1640 1907 1706 1961 ad
1737 1905 1962 1975 inferos,

405 1995 818 2058 resurrectionis
854 1996 1073 2052 odorem
1105 1996 1388 2051 dederunt.

477 2172 742 2229 CCXVIII.
777 2173 842 2227 Et
875 2174 925 2228 in
957 2173 1104 2227 ostiis
1134 2174 1324 2228 nostris
1353 2174 1530 2228 omnia
1549 2192 1725 2245 poma.

478 2347 628 2404 Ostia
652 2362 847 2402 anima:
870 2358 923 2403 et
952 2347 1172 2402 humani
1220 2348 1551 2403 tabernaculi
1590 2362 1710 2404 esse
1734 2349 1967 2406 arbitror

405 2457 583 2507 aures,
607 2449 660 2496 et
695 2456 812 2504 ora,
838 2449 892 2495 et
914 2441 1129 2508 oculos;
1163 2456 1258 2510 per
1287 2457 1408 2510 qua:
1446 2442 1582 2496 ostia
1620 2450 1675 2496 et
1695 2456 1815 2512 qua:
1839 2451 1967 2498 sunt

406 2538 552 2598 vitae,
577 2542 630 2589 et
654 2547 772 2601 qua:
820 2531 1008 2586 mortis
1058 2531 1449 2602 ingrediuntur,
1483 2543 1544 2586 ut
1576 2532 1840 2603 cujusque
1884 2546 1966 2590 est

408 2625 622 2680 animus
653 2624 745 2694 qui
784 2638 846 2678 ea
879 2623 1096 2692 excipit.
1132 2641 1150 2673 ι
1181 2621 1236 2677 In
1265 2623 1418 2678 ostiis
1444 2623 1644 2678 nostris
1667 2623 1845 2680 omnia
1873 2640 1967 2694 po-

406 2733 532 2773 ma:
575 2735 594 2769 ι
632 2717 684 2770 in
728 2715 901 2771 oculis
959 2716 1157 2769 nostris
1209 2727 1474 2784 praecepta
1521 2715 1590 2772 de
1637 2721 1866 2788 pudore;
1912 2725 1965 2778 in

410 2807 629 2861 auribus
677 2804 980 2859 divinorum
1029 2807 1401 2858 mandatorum
1443 2807 1869 2877 przeceptiones:
1912 2811 1966 2865 in

407 2914 502 2953 ore
537 2899 856 2966 hymnorum
901 2893 1339 2964 psalmorumque
1374 2905 1586 2961 cantus,
1625 2907 1680 2952 et
1703 2898 1835 2956 Novi
1868 2903 1968 2957 Ve-

409 2990 643 3059 terisque
681 2987 1008 3042 Testamenti
1044 2987 1337 3043 meditatio.
1383 2988 1459 3042 Ea
1513 3005 1639 3046 vero
1677 3007 1796 3062 qua:
1829 2995 1968 3048 dixi-

408 3090 549 3142 mus,
570 3075 694 3146 jure
723 3075 858 3130 ostia
885 3091 1036 3130 sacra
1067 3075 1342 3146 Scriptura
1365 3079 1617 3148 appellat.
1645 3079 1836 3137 Omnia
1871 3100 1966 3139 au-

407 3177 514 3223 tem
547 3168 788 3221 membra
827 3167 987 3222 veluti
1016 3167 1152 3222 ostia
1183 3177 1366 3222 nostra
1393 3169 1568 3225 claudi
1598 3183 1810 3240 oportet
1843 3190 1968 3243 pec-

407 3269 564 3326 cato;
618 3259 839 3324 oculus,
885 3258 974 3328 qui
1025 3258 1292 3328 palpebris
1351 3276 1380 3314 a
1421 3264 1855 3332 concupiscentia
1909 3281 1968 3321 se

408 3358 646 3416 avertat;
701 3365 784 3412 os,
842 3365 908 3404 ne
946 3349 1076 3419 quid
1122 3349 1372 3418 loquatur
1420 3350 1749 3418 absurdum,
1813 3353 1966 3423 juxta

408 3441 718 3510 Apostolum
757 3455 773 3494 :
810 3459 827 3492 ι
867 3439 1054 3496 Omnis
1097 3456 1274 3496 sermo
1313 3443 1552 3512 impurus
1597 3461 1663 3500 ne
1715 3449 1970 3516 procedat

410 3548 477 3586 ex
503 3547 599 3589 ore
632 3541 811 3587 vestro
837 3532 906 3589 ⁸⁸.
937 3551 956 3585 ι
1018 3533 1308 3602 Propterea
1354 3536 1624 3604 precantis
1669 3536 1719 3590 in
1753 3539 1967 3592 modum

413 3625 603 3680 beatus
652 3625 816 3679 David
877 3640 999 3681 sese
1044 3641 1237 3696 gerens
1269 3625 1389 3682 ait:
1436 3645 1455 3678 ι
1495 3626 1637 3681 Pone
1662 3667 1676 3689 .
1719 3627 1965 3693 Domine,

411 3717 707 3770 custodiam
753 3717 833 3771 ori
865 3733 1004 3783 meo,
1038 3728 1094 3772 et
1136 3719 1334 3774 ostium
1375 3719 1790 3774 circumstantia
1821 3720 1967 3776 circa

411 3806 553 3864 labia
583 3821 700 3864 mea
729 3810 797 3863 ⁵⁸.
838 3828 857 3862 ι

481 4119 708 4178 CCXIX.
763 4117 912 4174 Nova
945 4125 994 4170 et
1039 4128 1234 4184 vetera,
1256 4115 1522 4187 fratruelis
1551 4131 1716 4182 meus,
1766 4117 1967 4172 seruaui

411 4215 528 4272 (ibi.

483 4305 686 4360 Novum
735 4312 865 4373 puto
918 4300 1099 4356 dicere
1145 4299 1548 4353 Testamentum
1589 4306 1645 4353 et
1679 4297 1865 4365 Vetus,
1900 4312 1968 4354 ex

414 4398 608 4469 quibus
627 4396 864 4452 Ecclesia
899 4394 1108 4464 accepit
1141 4390 1554 4461 jnstilicationes
1586 4400 1640 4444 et
1677 4399 1964 4460 praecepta,

2065 1898 2198 1952 κόνα
2233 1900 2315 1967 ἐφ’
2360 1899 2564 1952 ἑαυτῶν
2613 1899 2845 1970 ἔχονται.
2898 1903 2962 1955 Oi
3011 1901 3121 1974 γὰρ
3165 1905 3350 1989 νεκροὶ
3395 1907 3496 1977 τῆς
3536 1908 3632 1962 τοῦ

2062 1990 2300 2062 Χριστοῦ
2335 1990 2636 2062 παρουσίας
2668 1992 2750 2055 εἰς
2774 1991 2864 2044 τὸν
2895 1990 3030 2063 ᾅδην
3060 1993 3388 2065 αἰσθόμενοι,
3413 1994 3510 2068 τὴν
3535 1997 3635 2069 τῆς

2063 2081 2408 2144 ἀναστάσεως
2436 2078 2732 2135 δεδώκασιν
2759 2081 2875 2152 (78)
2910 2083 3105 2154 ὀσμήν.

2133 2173 2284 2228 Σ1Η’.
2314 2174 2421 2226 Kal
2446 2171 2556 2244 (79)
2585 2173 2682 2226 ἐπὶ
2709 2173 2914 2242 θύραις
2944 2173 3114 2244 ἡμῶν
3139 2173 3336 2230 πάντα
3364 2177 3436 2231 τὰ
3461 2176 3635 2248 ἀκρό-

2063 2261 2234 2331 δρυα.

2133 2354 2334 2425 Θύραις
2346 2353 2455 2426 (80)
2469 2351 2620 2426 οἶμαι
2639 2359 2737 2428 τῆς
2755 2356 2936 2429 ψυχῆς
2949 2359 3044 2413 καὶ
3058 2359 3150 2414 τοῦ
3171 2359 3508 2433 ἀνθρωπείου
3522 2364 3635 2436 (81)

2065 2448 2314 2519 σκήνους,
2349 2448 2416 2501 τά
2441 2442 2554 2502 ὦτα
2577 2449 2686 2520 (82)
2709 2449 2802 2503 καὶ
2827 2450 2892 2504 τά
2918 2451 3160 2522 στόματα
3183 2455 3419 2519 καὶτοὺς
3438 2455 3638 2525 ὀφθαλ-

2066 2539 2202 2608 μοὺς
2226 2535 2396 2592 εἶναι·
2427 2539 2496 2593 δι’
2523 2533 2597 2594 ὧν
2640 2541 2819 2612 θυρῶν
2850 2543 2920 2595 τά
2967 2561 3025 2597 τε
3054 2545 3153 2616 τῆς
3195 2543 3342 2618 ζωῆς
3370 2547 3632 2616 είσίεσαν,

2063 2631 2158 2684 καὶ
2200 2631 2268 2686 τὰ
2305 2631 2400 2686 τοῦ
2454 2632 2702 2699 θανάτου,
2739 2635 2945 2692 ἕκαστα
2972 2636 3114 2690 κατά
3149 2637 3247 2710 τὴν
3275 2639 3500 2711 γνώμην
3535 2644 3633 2698 τοῦ

2063 2722 2379 2792 δεξαμένου.
2418 2743 2435 2774 ι
2459 2723 2580 2778 Ἐπὶ
2606 2724 2663 2778 δέ
2697 2725 2886 2798 θύραις
2914 2727 3068 2799 ἡμῶν
3095 2728 3273 2784 πάντα
3300 2731 3630 2804 ἀκρόδρυαοι

2064 2813 2157 2865 ἐπὶ
2202 2814 2327 2877 τοὺς
2368 2814 2678 2886 ὀφθαλμοὺς
2753 2818 2808 2870 αἱ
2877 2818 2974 2888 τῆς
3022 2819 3349 2892 σεμνότητος
3394 2823 3634 2877 ἐντολαί·

2065 2903 2158 2958 ἐπὶ
2204 2903 2273 2958 τὰ
2318 2898 2434 2960 ὦτα
2487 2907 2544 2959 αἱ
2586 2907 2694 2961 τῶν
2732 2907 2927 2962 θεῖκῶν
2973 2913 3407 2983 προσταγμάτων
3455 2914 3641 2971 διαταο

2063 2998 2156 3068 γαί
2171 2999 2278 3071 (85)
2307 3000 2399 3054 ἐπὶ
2444 3001 2504 3054 τὸ
2539 3001 2711 3073 στόμα
2739 3003 2795 3055 αἱ
2827 3002 3088 3073 ύμνῳδίαι
3124 3006 3220 3058 καὶ
3275 3008 3333 3059 αἱ
3399 3005 3636 3079 ψαλμῳ-

2066 3091 2193 3152 δίαι.
2221 3092 2314 3146 κα).
2334 3092 2432 3162 τῆς
2453 3093 2661 3164 Καινῆς
2685 3093 2956 3166 Διαθήκης
2977 3095 3070 3148 καὶ
3091 3095 3383 3168 Παλαιᾶςή
3414 3099 3632 3171 μελέτη.

2067 3182 2248 3253 θύρας
2293 3182 2349 3235 δέ
2389 3181 2461 3236 τά
2508 3183 2874 3255 προειρημένα
2921 3185 3156 3253 εὐλόγως
3196 3188 3230 3257 ἡ
3273 3188 3403 3257 ἁγία
3445 3191 3638 3262 Γραφὴ

2067 3273 2324 3344 κέκληκε.
2357 3275 2437 3328 Τὰ
2468 3274 2525 3328 δὲ
2547 3274 2752 3330 ἕκαστα
2770 3275 2948 3347 ἡμῶν,
2971 3276 3150 3347 θυρῶν
3175 3278 3352 3349 δίκην,
3373 3283 3438 3352 τῇ
3467 3282 3643 3354 ἀμαρ-

2064 3365 2158 3436 τίᾳ
2185 3366 2563 3421 ἀποκλείεσθαι
2603 3367 2838 3436 ὀφείλειν
2879 3367 2990 3437 (84)
3023 3367 3094 3421 τά
3142 3369 3304 3442 μέλη·
3357 3371 3639 3445 ὀφθαλμὸς

2068 3456 2169 3528 μὲν
2199 3459 2309 3520 τοῖς
2344 3456 2630 3528 βλεφάροις
2665 3460 3144 3531 ἀποστρεφόμενος
3172 3461 3280 3514 άπὸ
3306 3462 3597 3535 ἐπιθυμίας
3617 3483 3634 3498 ·

2065 3548 2238 3601 καὶτὸ
2268 3549 2441 3618 στόμα
2466 3550 2608 3603 κατά
2629 3550 2689 3603 τὸ
2715 3551 2790 3622 μὴ
2821 3549 3152 3620 φθέγγεσθαί
3175 3569 3229 3605 τι
3254 3552 3470 3618 ἄτοπον,
3496 3557 3642 3612 κατά

2065 3639 2155 3693 τὸν
2202 3639 2427 3708 λέγοντα
2484 3641 2831 3694 Ἀπόστολον·
2892 3661 2910 3693 ι
2935 3643 3050 3706 Πᾶς
3096 3641 3253 3712 λόγος
3304 3646 3510 3716 σαπρὸς
3559 3649 3643 3721 μὴ

2065 3730 2442 3802 ἐκπορευέσθω
2475 3733 2538 3785 ἐκ
2575 3731 2670 3784 τοῦ
2702 3731 2969 3803 στόματος
3005 3731 3180 3802 ὑμῶν.
3208 3752 3225 3784 ι
3255 3733 3348 3787 Διὸ
3377 3736 3470 3790 καὶ
3495 3737 3644 3791 εύτι-

2065 3823 2177 3886 κῶς
2202 3823 2312 3894 (85)
2352 3823 2648 3896 φερόμενος
2693 3825 2721 3876 ό
2751 3824 3020 3894 μακάριος
3061 3824 3227 3877 Δαϐὶδ
3257 3825 3427 3894 λέγει’
3465 3847 3483 3880 ι
3506 3829 3640 3895 Θοῦ,

2064 3912 2260 3983 Κύριε,
2293 3912 2537 3984 φυλακὴν
2585 3911 2662 3983 τῷ
2713 3913 2941 3984 στόματί
2975 3929 3096 3984 μου,
3127 3915 3223 3968 καὶ
3253 3913 3422 3986 θύραν
3476 3934 3642 3990 περι-

2065 4003 2198 4074 οχῆς
2222 4005 2349 4076 περὶ
2375 4003 2445 4056 τὰ
2480 4003 2631 4075 χείλη
2666 4021 2790 4074 μου.

2135 4117 2277 4172 Σιθι.
2311 4117 2437 4172 Νέα
2457 4117 2606 4186 πρὸς
2632 4117 2878 4178 παλαιὰ.
2904 4117 3186 4189 dammas
3207 4137 3346 4190 μου,
3370 4120 3643 4192 ἐτηρησά

2065 4222 2184 4262 σοι.

2135 4299 2244 4369 Τὴν
2280 4300 2425 4354 Νέαν
2456 4296 2610 4371 οἶμαι
2639 4301 2817 4370 λέγειν
2845 4304 3116 4378 Διαθήκην
3142 4305 3250 4377 (86)
3285 4305 3381 4360 κα)⁷
3404 4307 3501 4379 τὴν
3524 4307 3642 4361 Πα-

2066 4389 2242 4453 λαιὰν,
2274 4389 2332 4456 ὲξ
2367 4385 2436 4462 ἦς
2464 4391 2575 4461 (87)
2605 4391 2672 4445 τὰ
2701 4392 3043 4463 δικαιώματα
3089 4395 3182 4450 καὶ
3231 4399 3636 4469 προστάγματα

413 4505 584 4559 eaque
609 4503 804 4559 sponso
834 4503 931 4542 suo
975 4493 1175 4540 servat.
1211 4483 1273 4537 Et
1315 4498 1345 4536 a
1377 4483 1495 4552 lege
1523 4483 1734 4554 quidem
1767 4483 1916 4538 audit
1946 4499 1961 4536 :

2080 4481 2099 4550 ί]
2142 4481 2433 4551 Ἐκκλησία
2461 4484 2718 4548 λαϐοῦσα,
2752 4485 2829 4556 τῷ
2859 4485 2972 4557 ἰδίῳ
2999 4488 3137 4542 αύτὰ
3157 4493 3341 4560 τηρεῖν
3366 4490 3475 4562 (88)
3502 4509 3642 4562 νυμ-

420 4600 438 4632 σ
468 4579 582 4635 Non
609 4577 966 4634 mcechaheris
992 4577 1071 4640 ’ῖς
1112 4593 1130 4627 ι
1167 4589 1194 4627 a
1239 4571 1384 4626 Novo
1410 4573 1818 4643 Evangeliorum
1862 4571 1966 4627 Te-

414 4680 685 4726 stamento
707 4669 852 4722 audit
875 4666 1274 4722 rescindendam
1295 4679 1415 4720 esse
1441 4664 1924 4732 concupiscentiam
1947 4681 1961 4717 :

413 4770 469 4814 et
503 4761 618 4815 haec
645 4759 848 4814 faciens
887 4757 1036 4812 audit
1067 4772 1094 4810 a
1126 4756 1280 4823 lege:
1335 4772 1355 4806 ι
1390 4753 1506 4809 Νοη
1535 4754 1799 4824 pejerabis
1828 4753 1909 4817 ⁸⁸;
1939 4771 1958 4804 ι

2071 4571 2204 4641 φίῳ·
2241 4573 2346 4626 ἀπὸ
2377 4576 2474 4644 μὲν
2501 4574 2594 4628 τοῦ
2634 4576 2798 4646 νόμου
2839 4577 3111 4632 ἀκούουσα
3149 4580 3228 4643 τὸ,
3266 4581 3380 4634 «Oi:
3419 4582 3642 4652 μοιχεύ-

2073 4678 2212 4725 σειςο
2238 4681 2256 4714 ›
2306 4665 2401 4716 καὶ
2434 4665 2542 4718 ἀπὸ
2585 4667 2682 4735 τῆς
2715 4666 2858 4731 Νέας
2893 4669 2956 4721 ἐκ
3002 4671 3100 4740 τῆς
3140 4671 3247 4724 τῶν
3289 4672 3638 4740 Εὐαγγελίων

2068 4753 2343 4827 Διαθήκης
2359 4757 2652 4822 ἀκούουσα,
2667 4760 2757 4813 καὶ
2771 4760 2870 4832 τὴν
2887 4761 3178 4834 ἐπιθυμίαν
3199 4765 3480 4818 ἐκκόπτειν
3497 4764 3634 4837 (89)

484 4922 528 4952 ⁸³
554 4925 688 4978 Gen.
711 4919 948 4986 xxx,18.
1019 4907 1227 4973 “Cen.
1262 4931 1407 4983 xm,
1441 4915 1526 4970 14.
1599 4914 1645 4948 ⁸⁸
1674 4913 1870 4982 Ephes.
1910 4927 1984 4978 tv,
2033 4912 2122 4969 ‘29.
2195 4914 2243 4948 ”
2279 4915 2420 4972 Psal.
2454 4933 2576 4984 CXL,
2603 4918 2658 4973 ὅ.
2731 4917 2962 4972 "Exod.
2995 4932 3088 4982 xx,
3124 4917 3211 4971 I3.
3287 4916 3333 4948 ⁸⁸
3361 4915 3488 4971 Lev.
3515 4932 3636 4981 xu,

483 5078 592 5148 (74)
629 5077 770 5132 Edit.
797 5074 972 5148 Vatic.
997 5073 1047 5126 οἱ
1083 5069 1466 5148 μανδραγόραι.

485 5138 596 5221 (75)
637 5148 800 5221 Vetus
831 5138 1096 5214 interpres
1120 5138 1370 5197 fetu-inani
1400 5139 1529 5195 facit
1552 5138 1816 5202 Issachar,
1845 5151 1965 5194 cum

411 5216 594 5283 vertit,
624 5216 763 5285 facta
792 5225 886 5268 est.

483 5290 594 5360 (76)
634 5287 780 5360 ξλεςο
807 5285 884 5360 εἷος
913 5285 990 5336 ἐν.

617 5357 776 5432 Lege
805 5355 1042 5432 ἔχουσαι.

483 5423 594 5500 (78)
617 5423 874 5500 Mutinen.
909 5423 1132 5476 ἔδωκαν.

484 5489 594 5570 (79)
638 5497 754 5570 vet.
792 5498 1012 5570 interpr.
1049 5491 1209 5570 vertit
1245 5506 1260 5544 :
1298 5489 1495 5556 ianuas
1541 5499 1746 5570 nostra;
1792 5490 1965 5570 omnia

412 5561 597 5638 poma}
627 5567 712 5621 cui
768 5561 994 5638 νει-εἰοιιὶ
1033 5563 1230 5616 nullam
1270 5575 1387 5630 quae
1427 5561 1769 5629 respondeat,
1813 5561 1965 5615 inve-

413 5635 503 5696 hio
533 5638 826 5691 variantem
859 5635 1162 5689 lectionem.

485 5707 598 5783 (89)
637 5703 990 5783 ὲθερθιξρσξς·
1078 5771 1090 5783 .
1292 5770 1306 5783 .
1541 5769 1554 5783 .
1635 5761 1722 5783 ..

483 5769 596 5851 (81)
635 5769 821 5831 Μυῖἱη.
848 5769 1181 5844 ἀνθρωπίνου
1212 5770 1441 5843 σκήνους
1472 5769 1565 5826 καὶ
1591 5769 1659 5825 τά
1689 5769 1821 5824 ὦτα.

2140 5067 2250 5140 (82)
2292 5068 2477 5140 Mittin.
2505 5068 2813 5140 δεχομένου.

2140 5139 2250 5210 (85)
2296 5138 2455 5210 vetus
2489 5138 2711 5210 interpr.
2738 5139 2899 5210 vertit
2924 5139 3223 5210 diuinorum,
3250 5143 3634 5210 prleceptorum

2068 5207 2293 5264 ordines.
2337 5209 2545 5263 Θεῖκῶν
2592 5207 2785 5279 προσ-ι.
2834 5208 3084 5277 διαταγαί
3137 5208 3281 5262 reddi
3335 5207 3632 5270 debuerat,

2069 5281 2359 5334 divinorum
2394 5281 2758 5349 mandatorum
2792 5280 3181 5349 prwceptiones.

2140 5349 2252 5421 (84)
2293 5349 2434 5421 [.ege
2459 5348 2680 5418 ὀφείλει.

2140 5415 2250 5488 (85)
2295 5415 2393 5474 Sic
2411 5415 2598 5474 omnes
2634 5415 2864 5473 codices.
2897 5417 3038 5488 Lege
3065 5415 3352 5488 εύκτικῶς.

2162 5486 2251 5555 86)
2289 5489 2587 5557 Διαθήκηῖ
2621 5489 2822 5543 restitui
2849 5503 2916 5543 ex
2948 5486 3068 5544 cod.
3101 5486 3289 5542 Mittin.

2162 5553 2252 5631 87)
2289 5558 2434 5631 Lego
2454 5553 2518 5624 ’ἐξ
2536 5553 2640 5615 (ὧν.

2157 5629 2246 5702 88)
2287 5629 2589 5702 Legendum
2625 5633 2800 5702 mpsi-

2136 5696 2249 5771 (89)
2288 5696 2490 5756 Aliudit
2520 5702 2586 5757 ad
2626 5696 2799 5758 locum
2833 5698 3015 5754 Matth.
3043 5713 3097 5753 ν.
3126 5696 3213 5752 50.
