3878 6270
396 278 500 339 139

1488 269 1804 326 I’lliLUNlS
1845 269 2156 326 EPISCOPI
2193 264 2510 326 CARPASII

3548 266 3676 333 MO,

387 412 608 456 crucem
649 391 888 453 osculata
935 399 1020 450 est
1078 405 1201 447 eum
1247 389 1513 456 Ecelesia,
1565 387 1754 443 videns
1794 387 1966 457 ipsum

2079 387 2158 441 διὰ
2187 386 2281 440 τοῦ
2314 384 2546 457 σταυροῦ
2576 383 2832 458 ἐφίλησεν
2866 379 3030 442 αὐτὸν
3074 386 3109 458 ἠ
3161 384 3474 458 Ἐκκλησία,
3511 385 3661 457 ὑπὲρ

389 503 488 560 pro
517 501 576 542 se
599 485 765 542 clavis
791 482 938 539 cruci
969 479 1209 545 aﬂixum,
1237 479 1418 533 ut‘illa
1450 495 1480 532 a
1508 487 1732 548 peccato
1767 479 1964 546 relige-

388 586 558 634 retur.
606 573 932 631 ilnveniens
962 581 1012 626 te
1039 571 1174 626 foris
1200 569 1490 626 osculabor
1523 579 1604 636 te;
1650 576 1705 624 et
1753 567 1967 639 quidem

388 685 494 724 non
544 665 845 737 despicient
901 677 1005 717 me.
1035 680 1056 714 ι
1107 659 1391 714 lnveniens
1427 661 1572 714 enim
1617 659 1765 713 illum
1812 672 1968 717 extra

389 761 585 825 caelos,
623 767 680 812 ut
728 755 864 812 dixit
909 753 1217 823 Apostolus,
1279 750 1714 819 rexspoliantem
1767 753 1971 822 princi-

390 859 550 919 patus
602 856 656 902 et
707 851 999 916 potestates
1049 842 1126 909 “;
1159 858 1178 892 ι
1241 841 1440 910 quique
1503 839 1776 896 «formam
1825 844 1969 899 servi

391 938 602 1008 accepit
629 937 696 1004 ⁸⁷,
725 953 747 988 ι
795 949 893 1006 per
923 931 1285 987 inenarrabile
1323 946 1480 986 suum
1530 931 1777 986 osculum
1811 948 1971 989 oscu-

391 1031 496 1084 lata
519 1038 602 1086 est
629 1027 779 1082 illum
808 1025 1075 1091 Ecclesia,
1102 1038 1208 1078 non
1239 1023 1440 1078 carnali
1483 1023 1670 1080 osculo
1701 1023 1882 1094 (absit
1907 1035 1969 1081 ut

390 1122 440 1175 id
471 1119 851 1191 cogitemus!),
890 1121 985 1174 sed
1007 1119 1192 1174 osculo
1233 1119 1518 1188 spirituali,
1560 1118 1762 1176 relictis
1806 1126 1976 1176 terre-

385 1214 593 1270 stribus
622 1213 1062 1284 cogitationibus,
1091 1219 1145 1267 et
1177 1227 1274 1282 per
1300 1213 1638 1282 spiritualem
1671 1213 1968 1270 amicitiam

387 1318 509 1358 cum
544 1304 663 1374 ipso
690 1314 1085 1375 coagmentata.
1116 1301 1248 1358 Illud
1290 1317 1439 1370 vero,
1479 1321 1499 1355 ι
1527 1302 1643 1360 Non
1675 1305 1974 1376 despicient

390 1409 497 1463 ine,
531 1415 550 1449 ι
624 1395 922 1468 spiritualis
973 1395 1225 1452 amicitiae
1290 1396 1770 1466 irreprehensibile
1840 1398 1974 1454 dicit

390 1487 732 1558 mysterium.
790 1487 891 1556 Qui
947 1488 1092 1544 enim
1139 1502 1236 1559 per
1287 1488 1562 1544 carnalem
1619 1489 1970 1560 cupiditatem

392 1576 660 1632 malitiose
703 1577 1042 1642 osculantur,
1085 1591 1116 1631 a
1153 1578 1358 1632 sanctis
1387 1586 1828 1635 contemnuntur.
1879 1581 1972 1636 Illa

391 1681 521 1722 vero
561 1683 716 1723 suum
767 1676 1024 1737 sponshm
1062 1684 1167 1723 non
1218 1671 1533 1736 carnaliter,
1581 1671 1675 1726 sed
1715 1672 1974 1742 spiritua-

2069 478 2242 549 αὐτῆς
2287 476 2556 547 βλέπουσα
2591 477 2754 532 αὐτὸν
2795 477 2872 550 τῷ
2906 476 3125 549 σταυρῷ
3173 477 3512 548 άνελωμένον
3551 475 3656 548 (2).

2071 569 2159 623 ἵνα
2185 569 2367 639 ἐκείνη
2406 569 2508 639 τῆς
2535 567 2809 640 ἁμαρτίας
2835 567 3096 639 ἀφηλωθῇ
3123 568 3220 638 (5).
3256 587 3274 620 ι
3316 567 3570 638 Εὑροῦσά
3595 584 3664 622 σε

2070 661 2212 728 ἔξω,
2259 660 2470 731 φιλήσω
2511 677 2604 726 σε,
2650 659 2743 713 καί
2769 677 2833 728 γε
2870 660 2971 713 οὐκ
3019 659 3436 726 ὲξουδενώσουσί
3491 677 3582 731 με.
3627 677 3651 710 ›

2069 747 2322 818 Εὑροῦσα
2366 747 2476 819 γὰρ
2515 747 2678 801 αὑτὸν
2724 746 2830 812 ἔξω
2871 747 2980 800 τῶν
3024 749 3292 820 οὐρανῶν,
3333 749 3410 813 ὼς
3439 745 3592 803 εἶπεν
3628 751 3666 803 ὁ

2092 837 2434 902 Ἀπόστολος,
2491 856 2510 890 ι
2555 838 2834 892 ἀπέκδυσα
2857 837 2930 909 (4)
2961 838 3059 909 μὲν
3086 837 3186 904 τὰς
3219 838 3394 910 ἀρχὰς
3428 840 3523 893 καὶ
3557 839 3664 904 τὰς

2072 926 2342 992 ἐξουσίας,
2378 947 2396 981 ι
2432 929 2528 982 καὶ
2563 947 2578 979 ι
2613 929 2826 1000 μορφὴν
2858 927 3045 982 δούλου
3071 929 3335 993 λαϐόντα,
3369 948 3384 979 ι
3422 930 3661 1002 διάρρη-

2069 1037 2162 1074 τον
2189 1020 2266 1092 (5)
2303 1019 2469 1076 αὑτοῦ
2503 1021 2714 1092 φίλημα
2747 1020 3004 1094 ἐφίλησεν
3043 1022 3206 1076 αὑτὸν
3239 1024 3273 1093 ἡ
3317 1021 3615 1092 Ἐκκλησία
3642 1064 3660 1086 ,

2071 1114 2132 1168 οὗ
2185 1113 2453 1186 φιλήματι
2509 1115 2790 1187 σαρκικῷ,
2823 1114 3040 1187 (ἄπαγε
3083 1116 3144 1170 τὸ
3187 1114 3398 1170 τοιοῦτο
3441 1118 3583 1174 νοεῖν
3608 1113 3665 1184 l)

2072 1203 2208 1258 ἀλλὰ
2255 1204 2520 1276 φιλήματι
2567 1203 2948 1275 πνευματικῷ,
2977 1203 3354 1274 καταλείψασα
3393 1203 3462 1257 τὰ
3487 1206 3665 1276 γήϊνα

2075 1297 2419 1368 φρονήματα,
2454 1296 2550 1350 καὶ
2578 1299 2642 1369 τῇ
2676 1296 3120 1368 τοῦπνεὺματος
3150 1297 3305 1367 φιλίᾳ.
3349 1295 3498 1368 αὐτῷ
3525 1313 3666 1365 συγ-

2073 1388 2393 1462 κρινομένη.
2425 1388 2500 1442 Τὸ
2519 1390 2597 1457 δὲ,
2637 1407 2655 1440 ι
2687 1389 2798 1443 Καί
2831 1405 2894 1458 γε
2917 1389 3017 1442 οὐκ
3049 1387 3468 1454 ὲξουδενώσουσί
3504 1405 3594 1459 με,
3636 1407 3660 1441 ι

2071 1481 2173 1552 τῆς
2206 1482 2584 1552 πνευματικῆς
2618 1481 2803 1550 φιλίας
2835 1480 2898 1534 τὸ
2921 1481 3343 1550 ἀκατάγνωστον
3369 1481 3516 1550 λέγει
3550 1499 3662 1552 μυ·-

2076 1573 2318 1644 στήριον.
2372 1574 2435 1626 Οἱ
2482 1573 2592 1644 γὰρ
2634 1571 2776 1626 κατά
2825 1571 3005 1645 ὄρεξιν
3050 1571 3322 1644 σαρκικῆς
3362 1570 3670 1643 ἐπιθυμίας

2075 1664 2362 1734 κακοήθως
2408 1662 2690 1734 φιλοῦντος
2734 1662 2832 1734 (6),
2868 1662 2974 1716 ὑπὸ
3017 1663 3189 1731 ἁγίων
3234 1661 3664 1726 ὲξουδενοῦνται.

388 1759 519 1816 liter
574 1759 849 1825 osculans,
899 1776 1002 1816 non
1051 1760 1212 1816 modo
1271 1775 1377 1816 non
1431 1764 1820 1832 contemnitur,
1873 1765 1969 1820 sed

2079 1755 2218 1827 Αὐτὴ
2244 1755 2301 1809 δὲ
2328 1755 2421 1809 τὸν
2452 1757 2671 1827 ἑαυτῆς,
2697 1755 2759 1808 οὐ
2785 1754 3082 1827 σαρκικῶς,
3114 1755 3250 1808 ἀλλὰ
3273 1755 3669 1827 πνευματικῶς

387 1851 623 1906 maxime
675 1851 945 1907 laudatur.
999 1850 1411 1925 Consequenter
1445 1869 1574 1912 vero
1618 1855 1742 1912 huic
1789 1858 1969 1913 crucis

387 1942 646 2014 mysterio
677 1942 790 1999 haec
821 1943 952 2000 dicit
979 1960 993 1998 :

457 2121 711 2179 CCXXII.
752 2124 908 2180 Vcrs.
947 2124 1003 2180 2.
1051 2127 1334 2182 Auumam
1385 2135 1453 2190 te,
1495 2137 1540 2183 et
1568 2128 1898 2183 introducam
1925 2139 1973 2183 te

389 2216 444 2272 in
469 2219 681 2272 domum
711 2218 893 2273 matris
920 2233 1066 2285 meae,
1101 2228 1150 2274 et
1191 2219 1244 2274 in
1277 2219 1391 2288 ejus
1419 2220 1719 2274 cubiculum
1744 2236 1861 2290 qua:
1891 2235 1974 2274 me

387 2309 642 2378 concepit.

458 2401 687 2457 Matrem
717 2401 954 2458 hominis
982 2411 1037 2458 et
1060 2403 1242 2459 carnis
1265 2403 1437 2474 ipsius
1468 2403 1770 2475 (hominis)
1805 2403 1975 2458 mani-

389 2493 584 2550 festum
637 2503 721 2550 est
766 2507 887 2550 esse
938 2505 1160 2550 terram.
1217 2514 1236 2548 ι
1267 2495 1337 2555 Ει
1391 2496 1444 2550 in
1490 2496 1608 2566 ejus
1660 2496 1970 2552 cubiculum

388 2599 510 2656 qua:
562 2585 853 2656 concepit»
908 2585 1084 2657 ipsum
1134 2585 1436 2652 hominem,
1493 2587 1598 2642 hoc
1648 2597 1732 2643 est
1788 2598 1968 2651 terrae,

389 2687 537 2734 'uxta
574 2677 702 2734 illud
736 2677 880 2748 quod
907 2679 1113 2736 dictum
1148 2688 1232 2734 est
1264 2697 1278 2735 :
1317 2697 1337 2732 ι
1369 2679 1536 2735 Terra
1566 2695 1645 2744 es,
1681 2690 1736 2735 et
1769 2680 1821 2734 in
1859 2690 1973 2735 ter-

391 2785 505 2824 ram
563 2769 766 2826 redibis
819 2768 886 2823 ⁶⁸.
922 2786 944 2823 ι
1009 2769 1198 2839 llujus,
1258 2770 1500 2840 inquam,
1547 2770 1853 2826 cubiculum
1890 2779 1973 2826 est

341 2896 348 2898 -
390 2875 559 2916 mors.
588 2860 1052 2928 Quoniam‘veluri
1097 2861 1152 2916 in
1193 2860 1445 2917 cubiculo
1485 2862 1764 2929 thesauri,
1801 2862 1873 2917 ita
1919 2863 1972 2917 in

391 2961 566 3006 morte
619 2949 859 3005 omnium
890 2950 1160 3019 juslorum
1191 2950 1386 3005 anima:
1430 2951 1762 3006 detinentur.
1818 2969 1837 3003 ι
1866 2949 1973 3005 Re-

391 3042 574 3110 gnavit
597 3041 743 3097 enim
774 3055 921 3097 mors
951 3041 1017 3097 ab
1039 3040 1212 3095 Adam
1245 3054 1416 3110 usque
1448 3045 1515 3097 ad
1543 3041 1806 3114 Moysem,
1835 3050 1890 3098 et
1915 3043 1968 3097 in

391 3145 484 3188 eos
529 3132 624 3204 qui
675 3147 781 3206 non
837 3142 1200 3203 peccaverunt
1259 3134 1326 3189 δ’.
1358 3153 1379 3187 ι
1428 3133 1564 3188 Cum
1603 3144 1783 3188 autem
1844 3149 1974 3190 caro

392 3238 568 3297 ipsum
603 3227 909 3296 excepisset
936 3241 1096 3297 quam
1121 3242 1223 3298 pro
1250 3227 1491 3283 Ecclesia
1524 3227 1776 3298 gestavit,
1807 3227 1978 3284 intro-

396 3318 552 3373 duxit
579 3333 726 3384 eum,
753 3319 902 3374 velut
933 3319 986 3372 in
1021 3319 1262 3387 domum,
1313 3321 1364 3377 in
1399 3329 1629 3375 mortem
1665 3335 1762 3389 pro
1793 3321 1972 3386 nobis,

395 3407 486 3463 ubi
515 3416 636 3463 erat
658 3408 962 3464 cubiculum
995 3418 1150 3466 terra:
1179 3426 1300 3481 quae
1330 3425 1427 3466 nos
1449 3411 1730 3481 concepit;
1781 3412 1892 3477 ubi,
1915 3420 1976 3467 ut

394 3517 560 3571 supra
621 3501 822 3558 dictum
861 3512 965 3569 est,
1021 3512 1277 3573 tanquam
1331 3504 1383 3559 in
1432 3505 1687 3561 thesauro
1731 3507 1972 3562 omnium

397 3602 710 3650 sanctorum
736 3595 929 3650 anima:
956 3595 1437 3652 concludebantur.

2073 1847 2301 1918 φιλοῦσα
2327 1848 2579 1919 νυμφίον,
2601 1847 2662 1899 οὐ
2691 1846 2850 1918 μόνον
2883 1846 2984 1900 οὐκ
3019 1845 3392 1912 ὲξουδενεῖται,
3431 1847 3571 1902 ἀλλά
3591 1864 3666 1916 γε

2072 1941 2167 1997 καὶ
2196 1936 2256 1995 εὗ
2287 1941 2432 2013 μάλα
2455 1941 2780 1994 ἐπαινεῖται.
2818 1937 3152 2004 Ἀκολούθως
3177 1939 3234 1993 δὲ
3260 1938 3338 2010 τῷ
3368 1938 3463 1994 τοῦ
3494 1956 3668 1994 σταυ-

2075 2033 2171 2105 ροῦ
2204 2033 2489 2105 μυστηρίῳ
2516 2031 2694 2086 τοιάδε
2721 2031 2898 2099 λέγει’

2145 2127 2318 2181 ΣΚΒ⁸.
2350 2126 2438 2180 Στ.
2475 2126 2540 2196 β’.
2573 2111 3021 2194 Παραλήψομαί
3051 2140 3146 2192 σε,
3187 2124 3285 2178 καί
3321 2123 3398 2195 (7)
3435 2122 3676 2188 εἰσάξω

2073 2235 2148 2273 σε
2171 2221 2260 2286 εις
2296 2215 2467 2272 οἷκον
2497 2218 2720 2288 μητρός
2760 2233 2902 2286 μου,
2940 2217 3038 2270 καὶ
3067 2219 3155 2283 εις
3181 2216 3249 2270 τὸ
3279 2215 3520 2275 ταμεῖον
3548 2216 3674 2286 τῆς

2073 2313 2512 2378 συλλαϐούσης
2537 2328 2615 2380 με
2645 2309 2908 2376 διδάξεις
2937 2310 3037 2379 (8).

2144 2405 2346 2476 Μήτηρ
2378 2403 2472 2457 τοῦ
2502 2401 2790 2474 ἀνθρώπου
2817 2402 2910 2456 καὶ
2936 2402 3035 2473 τῆς
3075 2402 3276 2474 σαρκὸς
3304 2401 3469 2456 αὐτοῦ
3501 2401 3675 2472 δῆλον

2074 2497 2149 2560 ὡς
2177 2499 2209 2568 ἡ
2240 2496 2330 2567 γῆ.
2367 2514 2384 2548 ι
2414 2495 2524 2549 Καὶ
2542 2496 2620 2558 είς
2646 2496 2870 2566 ταμεῖον
2893 2494 2994 2564 τῆς
3011 2493 3383 2566 συλλαϐούσης
3404 2494 3612 2565 ταύτης
3641 2513 3666 2547 ι

2077 2589 2156 2660 (9)
2192 2587 2354 2640 αὐτὸν
2381 2585 2473 2642 τὸν
2522 2585 2828 2658 ἄνθρωπον,
2859 2585 3106 2638 τουτέστι
3147 2587 3247 2657 τῆς
3296 2587 3422 2656 γῆς,
3467 2585 3557 2640 διὰ
3600 2586 3676 2640 τὸ

2075 2679 2366 2751 εἰρημένον
2393 2697 2406 2710 -
2451 2698 2470 2730 ι
2502 2679 2577 2751 Γῆ
2604 2674 2676 2742 εἷ,
2707 2679 2800 2731 καὶ
2831 2678 2912 2741 είς
2935 2680 3039 2748 γῆν
3065 2677 3359 2750 ἁπελεύση.
3394 2697 3412 2731 ι
3442 2677 3671 2749 Ταύτης

2074 2773 2299 2842 ταμεῖον
2333 2771 2362 2822 ὁ
2391 2770 2620 2834 θάνατος
2641 2787 2656 2800 δ
2691 2768 2904 2840 ἐπειδὴ,
2942 2768 3194 2839 καθάπερ
3223 2771 3282 2822 ὲν
3323 2770 3534 2841 ταμείῳ
3565 2768 3670 2841 οη-

2077 2864 2286 2936 σαυροὶ,
2327 2863 2500 2928 οὕτως
2533 2865 2590 2917 ὲν
2623 2863 2700 2935 τῷ
2751 2861 2969 2931 θανάτῳ
3019 2860 3242 2914 πάντων
3279 2861 3391 2914 τῶν
3433 2861 3674 2914 δικαίων

2074 2955 2389 3025 κατείχοντο
2419 2956 2475 3008 αἱ
2522 2953 2713 3027 ψυχαί⁷
2765 2971 2785 3005 ι
2851 2951 3198 3007 Ἐϐασίλευσε
3227 2950 3336 3023 γὰρ
3363 2954 3392 3006 ὁ
3431 2951 3672 3016 Θάνατος

2076 3046 2184 3101 ἀπὸ
2222 3045 2390 3116 Ἀδὰμ
2423 3044 2584 3117 μέχρι
2623 3045 2922 3108 Μωῦσέως,
2958 3057 3051 3099 καί
3085 3047 3178 3100 ἐπὶ
3211 3044 3341 3110 τοὺς
3369 3043 3442 3118 μὴ
3479 3043 3674 3118 suam

2075 3141 2366 3212 τήσαντας.
2410 3157 2428 3190 ι
2479 3137 2879 3209 Παραλαὸοὖσα
2923 3133 3017 3192 οὖν
3057 3140 3220 3192 αὑτὸν
3257 3139 3371 3210 (10)
3411 3143 3442 3212 ἠ
3484 3140 3666 3212 σὰρξ,

2071 3233 2138 3302 ἢν
2171 3231 2310 3302 ὑπὲρ
2344 3227 2441 3300 τῆς
2477 3229 2803 3299 Ἐκκλησίας
2840 3229 3120 3301 ἐφόρεσεν,
3161 3231 3456 3302 εισήγαγεν
3499 3232 3672 3285 αὑτὸν

2073 3322 2327 3394 καθάπερ
2356 3324 2436 3385 είς
2463 3317 2633 3387 οἷκον,
2666 3322 2747 3385 είς
2774 3321 2868 3375 τὸν
2899 3321 3039 3394 ὑπὲρ
3065 3323 3221 3394 ἡμῶν
3250 3322 3500 3390 θάνατον,
3529 3324 3665 3379 ἔνθα

2072 3417 2164 3469 καὶ
2197 3415 2259 3468 τὸ
2287 3417 2512 3485 ταμεῖον
2539 3409 2607 3485 ἦν
2634 3413 2736 3483 τῆς
2765 3413 3134 3486 συλλαΰούσης
3173 3416 3321 3486 ἡμᾶς
3346 3415 3472 3487 γῆς,
3503 3415 3662 3482 ἔνθα,

2072 3507 2253 3571 καθὼς
2282 3505 2624 3577 προείρηται,
2650 3505 2900 3576 καθάπερ
2921 3507 2978 3558 ὲν
3002 3505 3282 3580 θησαυρῷ,
3311 3508 3528 3563 πάντων
3551 3508 3670 3564 τῶν

2076 3596 2244 3668 ἁγίων
2279 3595 2650 3650 συνεκλείοντο
2681 3595 2736 3649 αἱ
2766 3593 2955 3666 ψυχαί.

465 3732 512 3766 ⁸⁸
537 3730 747 3788 Coloss.
775 3748 835 3797 ιι,
862 3732 948 3788 15.
1027 3733 1072 3767 "
1095 3733 1328 3804 Philipp.
1355 3749 1418 3798 ll,
1456 3733 1509 3791 7.
1586 3735 1632 3767 ⁸⁸
1661 3733 1798 3790 Gen.
1845 3736 1974 3802 "1,1

2120 3735 2164 3769 "
2199 3733 2357 3790 Rom.
2388 3747 2443 3800 ν,
2475 3732 2567 3790 14.

469 3842 548 3916 (2)
580 3843 654 3898 Ex
684 3845 804 3916 cod.
833 3844 1025 3916 Mittin.
1064 3845 1553 3916 προσηλολόμενος,
1611 3846 1822 3902 eruitur
1849 3861 1976 3902 vera

398 3913 557 3986 lectio
584 3915 1039 3986 προσηλωμένον,

475 3985 552 4126 (ὅ)
577 3984 668 4039 Sic
685 3984 986 4041 emendavi.
1009 3985 1178 4040 Codd.
1207 3985 1374 4043 Bari).
1399 3997 1454 4042 et
1473 3985 1686 4052 Mutin.,
1707 3986 1978 4058 ἀφιλωθῇ.

475 4056 529 4126 (4
581 4054 722 4125 Lege
749 4055 1217 4126 ἀπεκδυσάμενον.
1256 4055 1492 4126 Uterque
1517 4058 1708 4121 codex,
1744 4059 1900 4114 Barb.
1929 4068 1978 4113 et

473 4056 550 4127 (4)
581 4056 722 4125 Lege
749 4056 1217 4126 ἀπεκδυσάμενον.
1256 4056 1492 4126 Uterque
1517 4058 1708 4121 codex,
1744 4059 1766 4112 ἱ

403 4125 564 4191 Mut.,
585 4136 715 4198 ~tum
739 4127 901 4180 etiam
939 4142 1092 4198 me_u_s
1121 4127 1324 4182 habent
1355 4127 1766 4198 ἀπεκδύσαμεν.

471 4197 548 4272 (5)
569 4195 743 4272 ΔΒιιγΙ)ἶ
766 4211 918 4272 meus
946 4205 1001 4272 et
1026 4195 1449 4272 Mittiii._li_abeut
1492 4195 1784 4272 διάρρητον
1813 4197 1978 4255 αὑτοῦ
2026 4228 2028 4230 τ

399 4265 831 4350 φιλανθλρωῖξίαν.
866 4265 1055 4350 Scribe
1087 4266 1153 4320 δι’
1175 4266 1445 4350 ,ἄρρητοκμ

477 4337 554 4461 (ξ)
590 4336 778 4392 Scribe
800 4336 1085 4461 namich
1114 4336 1415 4421 φιλοῇντες.

477 4415 488 4461 t
535 4411 551 4461 i
583 4407 695 4461 Kal
726 4421 824 4461 nec
863 4423 916 4461 in
1004 4417 1131 4461 atic.
1166 4409 1294 4461 edit.
1333 4424 1415 4461 net

473 4407 565 4490 (Ἴ)Δ
583 4407 695 4461 Καί
726 4421 825 4490 nec
863 4409 916 4461 in
960 4407 1134 4462 Vatic.
1166 4409 1294 4490 edit.
1333 4422 1694 4490 nec-usquam
1733 4408 1858 4463 alibi
1883 4424 1976 4464 oc-

402 4480 617 4546 currit;
665 4491 783 4530 eam
817 4488 993 4530 tamen
1019 4480 1261 4545 agnoscit
1288 4488 1393 4533 vet.
1437 4480 1722 4546 interpres.

357 4511 1772 4618 t.“et;‘ii.522.223.“;amissasusus...

400 4617 562 4688 quani
591 4626 770 4688 tamen
803 4631 900 4671 nec
924 4620 1168 4687 agnoscit
1195 4617 1311 4673 Vat.
1335 4619 1465 4673 edit.
1499 4634 1598 4673 nec
1627 4619 1748 4673 cod.
1779 4619 1970 4674 Mutin.

399 4687 511 4758 nec
533 4696 639 4740 vet.
664 4687 951 4758 interpres.
983 4689 1077 4742 Est
1102 4697 1282 4744 autem
1308 4689 1517 4744 initium
1546 4703 1734 4745 versus
1753 4704 1975 4758 sequen-

404 4760 471 4813 tis
497 4757 652 4824 juxta
673 4756 921 4810 Aldinam
957 4759 1266 4812 editionem.

473 4827 547 4898 (9)
588 4827 1012 4898 Tadtnc_liabet
1037 4837 1089 4882 et
1119 4843 1268 4883 meus
1291 4828 1409 4884 cod.
1436 4837 1492 4883 et
1517 4827 1675 4884 Barb.
1707 4828 1836 4883 Eam
1867 4844 1974 4885 non

405 4896 650 4968 agnuscit
673 4904 790 4968 coit.
827 4896 1162 4968 Mutinensis,
1191 4908 1242 4953 et
1283 4899 1560 4954 delendam
1591 4913 1802 4954 censeo.

473 4967 586 5038 (l0)
623 4967 840 5021 Αὐτόν.
874 4966 1022 5022 llanc
1041 4982 1226 5038 vocem
1249 4983 1369 5038 qua:
1402 4970 1553 5024 abest
1579 4985 1609 5022 a
1651 4985 1768 5024 meo
1792 4969 1977 5024 codice

400 5037 732 5108 et‘Barber:
780 5041 1028 5108 revocavi
1086 5054 1144 5091 ex
1179 5037 1485 5094 Muiinensi.
1529 5040 1634 5093 Sed
1674 5039 1836 5092 αὐτόν
1868 5055 1976 5108 quo

404 5106 646 5160 referas?
695 5106 883 5178 Facile
920 5117 1102 5178 tamen
1149 5117 1231 5163 est
1284 5109 1602 5178 intelligere,
1641 5123 1745 5176 quo
1773 5123 1835 5162 ea
1872 5106 1974 5163 vox

405 5177 684 5247 referenda
722 5179 812 5239 sit,
844 5177 889 5230 si
919 5176 1198 5232 Paulinum
1242 5179 1414 5232 locum
1448 5176 1644 5230 atl'eras
1683 5179 1974 5247 integrum.

404 5245 571 5315 Igitur
602 5255 720 5324 post
749 5247 1173 5370 attagena-avsa;
1229 5250 1474 5316 sequitur
1519 5248 1610 5300 ἐπὶ
1647 5246 1721 5317 τῷ
1772 5245 1972 5328 ὁμοιὼ-

408 5334 537 5370 νυατι
566 5332 664 5370 της
717 5333 864 5370 mea
905 5319 1079 5370 άσεως
1112 5317 1303 5370 ’Λδὰυη
1332 5319 1388 5370 ὃς
1412 5319 1526 5370 ἐστι
1553 5317 1720 5370 τύπος
1735 5335 1828 5370 του
1859 5318 1972 5370 μέλ-

485 5334 537 5370 τι
566 5315 664 5386 τῆς
717 5315 1079 5388 παραϐάσεως
1112 5315 1388 5388 magis;
1412 5319 1526 5370 ἐστι
1553 5315 1828 5389 τύποςτοῦ
1858 5318 1979 5389 μέλ-

434 5403 606 5450 οντος,
643 5404 673 5460 ι
701 5391 790 5457 qui
821 5401 904 5442 est
945 5400 1097 5460 typus
1139 5389 1328 5460 futuri,
1371 5407 1389 5439 ι
1441 5390 1659 5460 scilicet
1695 5388 1892 5460 Christi
1923 5398 1978 5460 et

406 5473 590 5512 rerum
628 5459 697 5513 ab
717 5456 782 5512 eo
815 5456 1190 5528 gerendarum.
1215 5457 1381 5527 Igitur
1404 5472 1500 5528 vox
1531 5457 1693 5512 αὐτόν
1729 5461 1794 5512 ad
1821 5456 1979 5512 Chrié

407 5531 560 5582 stum
602 5538 686 5582 est
739 5527 1042 5582 ret'erenda.
1091 5527 1369 5582 Salutatus
1402 5527 1631 5582 fortasse
1661 5529 1977 5584 existimans

409 5600 588 5652 minus
614 5601 828 5666 proprie
859 5600 1081 5663 dictum,
1123 5614 1141 5649 ι
1171 5598 1309 5651 Caro
1335 5601 1630 5667 assumpsit
1658 5598 1891 5653 Verbum
1915 5617 1928 5663 ;
1952 5618 1972 5651 ι

407 5681 514 5722 non
547 5670 760 5736 quidem
787 5671 972 5733 verba,
1008 5671 1102 5722 scd
1148 5669 1466 5722 sententiam
1523 5670 1751 5722 reddens
1776 5673 1974 5723 vertit:

411 5751 436 5790 ι
470 5735 617 5794 idem
643 5735 802 5796 Jesus
834 5739 1066 5794 humana
1093 5752 1278 5808 carne,
1317 5753 1488 5808 eaque
1513 5739 1724 5797 mortali
1750 5739 1976 5797 vestitus

2088 3892 2105 3907 .
2136 3889 2151 3904 .
2184 3890 2200 3905 .
2230 3887 2245 3902 .
2281 3862 2442 3917 quam
2466 3844 2632 3902 semel
2671 3845 2984 3917 assumpsit.
3015 3865 3036 3898 ι
3065 3853 3171 3917 etc.
3197 3845 3363 3900 Vetus
3395 3844 3671 3917 interpres

2127 3921 2178 3974 ui
2225 3916 2427 3973 vertit:
2477 3935 2496 3970 ι
2545 3917 2683 3986 Ergo
2742 3916 2898 3986 facta
2939 3931 3065 3970 caro
3109 3916 3364 3986 Verbum,
3413 3933 3445 3986 ε
3475 3916 3671 3972 habuit

2127 3937 2178 3974 Ill
2225 3937 2427 3973 νεηιιξ
2477 3937 2496 3970 ς
2545 3937 2683 3986 ιπεζο
2742 3937 2881 3970 lucta
2939 3937 3065 3970 (ἮΓο
3115 3937 3364 3981 vernum,
3413 3937 3432 3967 Ι
3475 3937 3666 3972 ιιιιυιιιι

2087 3937 2318 4045 ῗοιιοεεο
2347 3988 2401 4042 in
2431 4003 2528 4042 suo
2559 3988 2678 4041 cod.
2712 3986 2746 4056 ἡ
2779 3985 2914 4058 σὰρξ
2943 3987 3113 4056 Λόγος
3140 3985 3377 4054 ἐγένετο.
3415 3983 3666 4058 Ξθᾴνείνθ

581 4054 722 4125 Lege
749 4055 1217 4126 ἀπεκδυσάμενον.
1256 4055 1492 4126 Uterque
1517 4058 1708 4121 codex,
1744 4054 1900 4114 Barb.
1929 4054 1986 4113 ct
2091 4074 2208 4113 eam
2241 4059 2524 4112 lectionem
2582 4054 2865 4122 habuerit,
2885 4057 3000 4111 sive
3032 4054 3171 4112 hanc
3198 4071 3359 4125 quam
3399 4056 3664 4126 exhibent

2080 4130 2253 4187 Graeci
2283 4129 2499 4184 codices
2546 4143 2682 4196 quos
2713 4127 2849 4192 vidi;
2887 4137 3033 4181 certe
3057 4129 3231 4182 oritur
3273 4141 3342 4181 ex
3385 4127 3489 4180 hoc
3539 4125 3668 4183 loco

2081 4201 2220 4256 haud
2245 4200 2631 4254 contemnenda
2657 4199 2792 4252 ratio
2822 4197 3662 4262 existimandi,Commentarium

2081 4271 2222 4325 hunc
2245 4272 2296 4323 in
2325 4267 2602 4323 Canticum
2625 4271 2946 4320 canticorum
2981 4283 3088 4323 non
3111 4283 3227 4322 esse
3261 4267 3318 4320 S.
3349 4266 3663 4336 Epiphanii,

2077 4341 2168 4408 qui
2199 4339 2386 4394 hwresi
2410 4352 2617 4402 Lxxvn,
2649 4352 2798 4408 num.
2823 4336 2914 4401 29;
2930 4338 3200 4408 ejusmodi
3234 4337 3543 4408 locutiones,
3573 4337 3664 4408 di-

2078 4406 2322 4463 sertebis
2358 4408 2535 4462 verbis
2568 4406 2831 4476 improbat
2861 4406 3078 4472 εΤδδὲ,
3100 4424 3119 4458 ι
3158 4408 3332 4476 Λόγος
3362 4406 3499 4477 σὰρξ
3531 4407 3663 4474 ὲγέ-

2005 4464 2050 4520 Ῐ)
2079 4495 2252 4548 vero,»
2289 4477 2479 4548 ἵναμή
2507 4464 2658 4540 τινες
2678 4477 2992 4548 νομίσωσιν,
3024 4464 3106 4530 ὅτι
3139 4464 3355 4548 πρῶτος
3370 4464 3664 4548 ᾁνθρωέτος

2076 4544 2288 4620 ἦνλκαὶ
2309 4543 2441 4620 ἦλθε
2468 4543 2701 4620 Χριστὸς
2726 4543 2817 4620 εἰς
2834 4547 3144 4620 ανθρωπον,
3164 4543 3276 4620 ita
3301 4546 3458 4620 sou-to
3478 4543 3662 4620 ’Λργον

2076 4591 2292 4690 iiiis};
2317 4591 3293 4690 sagaigi;_.“ia5.§§s;;.1’ea".
3312 4591 3455 4690 Ei}?
3477 4591 3664 4690 ἁξρέαὶ

2073 4683 2446 4776 ὡμολόγησεν,
2457 4689 2538 4740 ὅτι
2559 4688 2616 4776 (ὁ
2635 4688 2806 4776 ᾼόγος
2826 4683 3250 4776 σάρξθὲγένετορ
3271 4688 3342 4740 Οὐ
3484 4683 3659 4775 ε’ίιίτεν2

2081 4779 2099 4809 ι
2117 4757 2189 4831 Ἦ
2222 4757 2357 4831 σᾲρξ
2375 4758 2545 4831 Λᾴγος
2567 4758 2803 4831 ἐγένετο,
2818 4775 2836 4808 ι
2856 4757 2940 4831 ζνα
2965 4757 3113 4831 δείξῃ
3131 4757 3344 4831 πρῶτον
3366 4760 3537 4831 ᾼὸγον
3561 4758 3663 4824 ἀπ’

2075 4826 2320 4900 οὐρανῶν
2355 4829 2598 4888 ἐλθόντα,
2629 4830 2707 4900 είς
2740 4826 3341 4900 εαυ-τὸνρποστήσαντα
3359 4826 3454 4900 τὴν
3478 4826 3663 4898 σάρκα

2075 4898 2184 4971 ait?)
2212 4901 2310 4970 τῆς
2359 4902 2573 4971 μήτρας
2599 4898 2697 4968 τῆς
2745 4898 2908 4966 ἁγίας
2938 4898 3236 4971 Παρθένου.
3294 4917 3312 4950 ι
3362 4899 3450 4951 Illa
3506 4912 3657 4959 vero,

2085 4968 2510 5042 «Vcrbuin'caro
2546 4969 2883 5042 factumest,
2917 4987 2937 5020 ι
2966 4970 3088 5042 ideo
3119 4971 3188 5042 ita
3219 4975 3473 5042 concepta
3505 4976 3656 5031 sunt,

2078 5055 2144 5092 ne
2183 5041 2303 5107 quis
2329 5040 2666 5092 existimaret
2687 5038 2916 5108 primum
2956 5039 3227 5094 exstitisse
3253 5041 3544 5100 hominem,
3603 5048 3660 5101 et

2077 5109 2350 5163 Christum
2407 5109 2456 5162 in
2490 5108 2760 5162 hominem
2803 5109 3032 5162 venisse.
3075 5108 3361 5177 Propterea
3405 5117 3652 5162 sanctum

2077 5179 2426 5248 Evangelium
2460 5179 2632 5246 primo
2662 5179 2779 5231 loco
2828 5181 3005 5248 posuit
3050 5176 3305 5232 Verbum.
3362 5177 3567 5234 Deinde
3592 5179 3661 5230 de

2078 5263 2240 5318 carne
2274 5249 2556 5318 proﬁtetur
2581 5249 2796 5301 dicens:
2821 5265 2839 5298 ι
2874 5248 3103 5318 Vei'bum
3132 5264 3260 5302 caro
3288 5249 3484 5302 factum
3511 5259 3653 5301 est.»

2080 5317 2194 5372 Non
2244 5321 2388 5372 cnim
2424 5317 2596 5372 dixit:
2652 5335 2670 5369 ι
2713 5318 2852 5372 Caro
2909 5317 3140 5372 Verbum
3195 5319 3332 5372 facta
3393 5328 3494 5384 e51,
3534 5335 3554 5369 ι
3601 5327 3661 5370 ιιι

2078 5392 2384 5443 OStenderet
2439 5389 2667 5456 primum
2719 5388 3060 5442 descendisse
3089 5386 3320 5442 Verbum
3375 5389 3440 5440 de
3479 5387 3656 5448 cmlis,

2079 5469 2136 5512 et
2167 5458 2342 5526 ipsum
2382 5457 2483 5512 sibi
2534 5471 2753 5512 carnem
2807 5457 3070 5512 formasse
3102 5474 3133 5514 e
3191 5468 3391 5512 sancta:
3423 5458 3658 5525 Virginis

2079 5538 2254 5582 utero.
2294 5545 2313 5579 ι
2346 5528 2609 5582 Caeterum
2667 5543 2784 5583 eam
2829 5529 3186 5592 locutionem,
3247 5546 3266 5580 ι
3325 5531 3462 5582 Caro
3513 5530 3659 5582 facta

2080 5596 2336 5662 Verbum,
2372 5616 2392 5649 ι
2433 5598 2710 5652 catholica:
2749 5598 2869 5652 ﬁdei
2902 5614 3006 5650 non
3044 5613 3363 5667 repugnare,
3401 5600 3506 5651 imo
3531 5611 3656 5650 cum

2080 5669 2192 5737 ipsa
2245 5669 2574 5734 convenire,
2633 5684 2860 5734 eamque
2905 5667 3093 5722 Patres
3133 5669 3658 5737 adliibuisse,_ducet

2080 5735 2332 5796 Petavius
2358 5737 2437 5794 De
2466 5737 2746 5793 Incarnat.
2781 5738 2876 5795 lib.
2921 5752 2992 5806 tv,
3025 5753 3144 5805 cap.
3177 5738 3230 5805 9,
3265 5755 3412 5794 nutu.
3453 5735 3488 5790 4
3519 5746 3577 5792 et
3596 5736 3656 5792 5.
