3862 6270
156 307 241 362 ιιι
1042 304 1438 362 ΕΝΑΒΒᾹΤΙΟ
1477 305 1542 361 IN
1582 307 1715 363 CAN

1848 307 1938 366 ΠΜ
1976 308 2444 368 CANTICORUM.

3297 308 3400 368 I62

204 418 373 472 2K1".
410 416 605 471 Ποτιῶ
635 417 684 488 (I
703 417 749 486 Ι)
778 434 851 472 σε
871 417 990 472 ἀπὸ
1026 418 1198 473 οῖνου
1228 419 1333 473 τοῦ
1357 398 1720 490 με’ρεψῖκοῦ.

1898 422 2170 478 CCXXIII.
2207 422 2395 478 Polum
2417 420 2552 475 dabo
2576 420 2667 475 tibi
2693 435 2722 474 e
2750 419 2865 475 uino
2897 424 3264 491 unguentaria.

198 509 274 560 Δι’
304 507 480 578 αὐτὴν
505 507 614 580 γὰρ
649 509 742 561 καὶ
771 509 878 562 ἀπὸ
911 509 1053 564 οἴνου
1084 508 1237 563 ἔπιεν
1262 526 1275 540 ⁸
1305 511 1399 565 καὶ
1428 512 1600 566 ταῦτα
1635 512 1725 566 διὰ

140 599 238 653 τῶν
269 599 598 654 ἀποστόλων
627 601 889 672 προέπιεν
927 601 1021 655 τοῦ
1049 601 1351 675 μυρεψικοῦ
1373 619 1386 630 δ
1413 604 1551 672 ὅπερ
1589 605 1724 669 ἐστὶ,

138 691 222 744 τοῦ
263 691 723 763 συγκεκραμένου
766 691 843 763 τῷ
881 693 1022 764 ἁγίῳ
1062 693 1342 764 Πνεύματι
1365 735 1379 760 ,
1419 696 1587 767 ὅνπερ
1635 697 1728 748 καὶ

139 781 419 852 προέπιεν,
445 781 622 836 ταῦτα
651 783 826 851 λέγων
846 799 861 813 ⁸
897 804 915 837 ι
947 784 1177 850 Λάϐετε,
1204 785 1356 838 πίετε
1379 803 1394 819 υ
1422 784 1582 840 τοῦτὸ
1611 787 1727 839 ἐστι

137 875 191 925 τὸ
215 867 361 944 αἶμά
387 892 514 944 μου,
549 876 609 928 τὸ
636 877 774 946 ὑπὲρ
805 878 834 928 ὑ
844 877 959 948 μῶν
985 877 1366 949 ὲκχυνόμενον.
1403 897 1421 929 ι
1482 877 1606 942 Πῶς
1633 873 1729 932 οὖν

137 964 267 1036 αὐτὴ
299 965 504 1020 πιοῦσα
528 966 615 1019 διὰ
652 967 761 1020 τῶν
793 969 1126 1035 ἀποστόλων,
1155 969 1318 1023 πάλιν
1350 969 1512 1023 αὐτὸν
1549 973 1722 1038 ἑπαγ-

138 1057 385 1126 γέλλεται
412 1059 691 1126 ποτίζεινς
719 1060 769 1112 εξ
803 1062 900 1132 μὴ,
937 1061 1123 1124 καθὼς
1144 1060 1488 1132 προείρηται,
1526 1062 1728 1114 ὁπόταν

140 1149 403 1221 μορφωθῇ
433 1152 516 1214 είς
545 1151 674 1214 τοὺς
696 1153 1089 1221 νεοφωτίστους
1111 1154 1139 1206 6
1167 1152 1424 1224 Χριστὸς,
1459 1152 1524 1205 δι’
1547 1153 1726 1206 αὐτῶν

135 1239 241 1296 τῶν
267 1241 743 1312 άναγεννωμένων
772 1243 1048 1307 ποτίζεται
1076 1243 1184 1298 ἀπὸ
1206 1244 1298 1298 τοῦ
1321 1243 1730 1316 μυστηριὼδους

138 1334 398 1404 νάματος.
421 1335 710 1399 Ποτίζεται
741 1355 758 1388 ι
790 1337 896 1390 ἀπὸ
919 1336 1014 1390 τοῦ
1041 1337 1183 1391 οἴνου
1210 1336 1302 1390 τοῦ
1331 1337 1657 1409 μυρεψικοῦ,
1701 1355 1719 1389 i

139 1424 443 1488 τουτέστιν,
482 1425 590 1479 ἀπὸ
628 1424 722 1478 τοῦ
775 1425 1210 1498 μυστηριώδους,
1238 1420 1299 1480 οῦ
1331 1427 1557 1499 εἴληφεν
1587 1428 1729 1500 παρ’

139 1515 300 1570 αὑτοῦ
337 1516 375 1586 ἠ
416 1516 734 1587 Ἐκκλησία.

203 1608 378 1661 ΣΚΔν.
426 1608 559 1661 Ἀπὸ
592 1607 856 1677 νάματος
876 1608 1040 1675 ῥοῶν
1075 1627 1212 1680 μου.

205 1699 326 1752 ἰνα
368 1698 521 1770 εἴπῃ,
580 1717 600 1751 ί
659 1699 793 1752 Ἀπὸ
829 1700 1099 1770 νάματος,
1130 1719 1148 1751 i
1185 1700 1278 1754 τοῦ
1305 1700 1458 1766 λαοῦ,
1500 1702 1559 1766 ὃς
1601 1701 1726 1766 λαὸς

141 1787 569 1860 πολυάνθρωπος
596 1790 732 1853 ἐστι,
766 1786 948 1852 καθὼς
977 1790 1070 1842 καὶ
1100 1788 1439 1855 πολύκοκκος
1472 1793 1506 1863 ἡ
1534 1792 1653 1863 ροά.

211 1965 388 2020 ΣΚΕ’.
444 1967 537 2022 Στ.
585 1972 655 2036 γ’.
685 1966 1009 2037 Εὐώνυμος
1034 1969 1219 2024 αὑτοῦ
1249 1969 1368 2024 ὑπὸ
1402 1967 1518 2038 τὴν
1549 1987 1731 2040 uestrae

139 2058 260 2125 ,ιῆν
294 2077 437 2129 μου,
474 2061 572 2113 καὶ
601 2061 638 2127 ἠ
666 2058 834 2124 δεξιὰ
859 2059 1046 2114 αὐτοῦ
1085 2062 1485 2130 περιλήψεται
1516 2081 1614 2133 με.

218 2149 518 2220 Εὗώνυμον
562 2149 657 2204 τοῦ
699 2151 934 2221 νυμφίου
975 2145 1132 2222 οἶμαι
1174 2149 1314 2207 εἶναι
1355 2155 1446 2207 τὸν
1485 2156 1730 2228 παρόντα

142 2240 339 2301 αἰῶνα,
365 2240 547 2305 δεξιὰν
581 2241 637 2294 δὲ
662 2240 852 2306 αὑτοῦ,
895 2242 986 2295 τὸν
1029 2244 1312 2315 μέλλοντα,
1346 2245 1490 2301 κατὰ
1521 2248 1618 2320 τὴν
1646 2248 1724 2302 λέ-

143 2350 347 2402 γουσαν
375 2333 620 2403 Γραφήνο
665 2351 684 2385 ι
721 2334 912 2405 Μῆκος
940 2334 1050 2407 γὰρ
1087 2335 1204 2406 βίου
1235 2338 1326 2390 καὶ
1369 2337 1463 2410 ἔτη
1492 2335 1637 2410 ζωῆς
1669 2341 1726 2393 ἐν

145 2425 213 2495 τῇ
245 2423 396 2494 δεξιᾷ
437 2423 608 2495 αὐτῆς
634 2440 648 2454 ·
694 2425 753 2478 ὲν
781 2424 839 2478 δὲ
868 2429 934 2498 τῇ
982 2428 1246 2500 ἀριστερᾷ
1288 2429 1460 2500 αὐτῆς
1501 2429 1730 2496 πλοῦτος

146 2517 242 2571 καὶ
264 2516 422 2581 δόξαο
459 2534 480 2568 ι
536 2517 624 2570 ἴνα
655 2512 748 2570 οὖν
778 2519 928 2590 εἴπῃ,
972 2519 1055 2573 ὅτι
1097 2519 1190 2572 καὶ
1233 2519 1420 2574 ἐνθάδε
1450 2522 1543 2574 καὶ
1570 2523 1626 2576 ὲν
1655 2521 1731 2594 τῷ

150 2607 398 2676 μέλλοντι
434 2605 594 2660 αίῶνι
644 2607 988 2680 ἀνυστὲρητα
1030 2609 1099 2664 τὰ
1138 2613 1271 2683 παρ’
1301 2611 1488 2666 αὑτοῦ.
1535 2632 1555 2665 ι
1596 2614 1731 2666 Ὑπὸ

148 2699 248 2768 τὴν
275 2697 521 2768 κεφαλήν
552 2713 656 2766 μου
676 2712 691 2726 ·
725 2717 744 2750 ι
776 2699 960 2770 ἐπειδὴ
990 2700 1201 2771 κεφαλὴ
1226 2701 1396 2771 αὐτῆς
1421 2702 1450 2754 6
1473 2702 1729 2774 Χριστός.

151 2789 333 2842 Πάντα
363 2788 422 2840 δὲ
452 2789 552 2841 ὅσα
581 2787 846 2859 λαμϐάνει
883 2790 1034 2862 παρὰ
1066 2789 1159 2844 τοῦ
1197 2791 1355 2856 Θεοῦ,
1393 2795 1472 2856 εἰς
1503 2793 1734 2866 ἐλεημο-

153 2878 316 2942 σύνας
346 2877 910 2950 κατακερματίζουσα,
929 2878 1086 2951 δῆλον
1106 2881 1188 2934 ὅτι
1217 2880 1294 2952 τῷ
1318 2883 1539 2954 Χριστῷ
1566 2900 1732 2956 προσ-

156 2973 339 3044 φέρει·
392 2971 489 3027 καὶ
521 2972 697 3038 οὕτως
737 2974 1020 3046 εὐώνυμος
1049 2977 1213 3032 αὐτοῦ
1256 2976 1462 3048 γίνεται
1501 2980 1606 3034 ὑπὸ
1634 2981 1732 3052 τὴν

155 3065 322 3135 αὐτῆς
359 3064 603 3136 κεφαλήν
629 3081 641 3097 ·
694 3065 832 3136 ὅπερ
875 3065 1044 3130 ἐστὶν,
1088 3069 1182 3122 καὶ
1219 3068 1288 3123 τὰ
1332 3069 1518 3124 ἐνθάδε
1561 3071 1731 3142 αὐτῆς

1898 515 2000 569 Per
2033 515 2203 584 ipsam
2253 514 2398 568 enim
2444 512 2579 569 bibit
2628 515 2694 567 de
2734 511 2894 574 vino;
2959 515 3255 582 praesertim
3306 530 3401 585 per

1827 603 2097 672 apostolos
2146 603 2393 674 praebibit
2441 616 2505 657 ex
2555 603 2949 670 unguentario;
3003 603 3052 657 id
3091 613 3192 671 est,
3238 605 3401 658 mile

1827 708 1947 746 cum
2008 703 2196 748 sancto
2253 689 2494 761 Spiritu,
2548 693 2691 761 quod
2745 699 2801 746 et
2849 691 3114 761 praebibil,
3173 692 3399 747 dicens:

1834 801 1852 835 ι
1883 783 2150 853 Accipite,
2199 783 2367 838 bibite
2401 804 2412 838 :
2448 782 2535 838 hic
2575 794 2655 838 est
2693 784 2913 852 sanguis
2957 798 3128 848 meus,
3170 783 3260 853 qui
3307 800 3402 852 pro

1828 875 1979 930 vobis
2009 873 2315 930 ell'undetur
2344 873 2411 928 ⁷ο.
2434 893 2452 927 ι
2497 874 2774 941 Quomodo
2813 875 2974 943 igitur
3004 875 3113 942 illa,
3156 889 3276 929 cum
3309 891 3403 945 per

1827 965 2099 1030 apostolos
2163 965 2381 1034 biberit,
2434 981 2623 1023 rursus
2667 967 2931 1036 promittit
2981 967 3106 1022 illud
3161 968 3293 1022 dare
3348 970 3400 1022 iu

1829 1056 2051 1125 potum?
2103 1057 2229 1122 nisi,
2275 1067 2331 1112 ut
2367 1057 2570 1112 dictum
2614 1068 2717 1125 est,
2759 1072 2882 1112 cum
2933 1057 3196 1114 formatus
3243 1060 3314 1116 sit
3349 1061 3401 1115 in

1832 1163 2004 1218 nuper
2027 1148 2342 1204 illuminatis
2369 1149 2639 1214 Christus,
2672 1164 2769 1218 per
2803 1149 2947 1219 ipsos
2970 1160 3315 1218 regeneratos
3337 1167 3403 1205 cx

1831 1241 2058 1312 mystico
2092 1239 2247 1296 latice
2279 1251 2451 1311 potat.
2498 1260 2516 1292 ι
2545 1241 2584 1294 Ε
2627 1241 2754 1297 vino
2784 1243 3137 1310 unguentaria
3165 1262 3184 1294 ι
3231 1253 3402 1312 pOtat,

1830 1331 1882 1384 id
1909 1341 2011 1395 est,
2054 1346 2085 1386 e
2129 1333 2356 1402 mystico
2395 1331 2552 1385 latice
2581 1345 2740 1399 quem
2785 1329 2853 1384 ab
2893 1329 3006 1400 ipso
3047 1331 3254 1400 accepit
3297 1329 3402 1383 Ec—

1829 1423 2016 1478 clesia.

1900 1598 2176 1656 CCXXIV.
2223 1601 2295 1657 De
2319 1601 2470 1656 latice
2501 1602 2810 1671 punitorum
2847 1603 3107 1656 malorum
3134 1603 3402 1659 ineorum.
3497 1605 3501 1609 ’

1901 1693 2064 1756 Quasi
2101 1695 2244 1750 dicat
2297 1696 2400 1750 «de
2431 1694 2611 1761 latice,
2638 1713 2657 1747 ι
2712 1695 2762 1748 id
2795 1705 2897 1760 est,
2942 1695 3008 1750 de
3035 1695 3262 1764 populo;
3313 1699 3404 1766 qui

1756 1783 1800 1839 Β
1829 1785 2056 1854 pOpulus
2115 1801 2146 1842 e
2199 1786 2386 1842 multis
2433 1785 2747 1842 hominibus
2780 1795 3012 1850 constat,
3056 1797 3115 1839 ut
3149 1800 3182 1840 e
3223 1787 3406 1842 multis

1834 1880 2018 1952 granis
2044 1877 2242 1933 malum
2277 1879 2549 1948 pu'nicum.

1901 1969 2155 2028 CCXXV.
2201 1971 2354 2026 Vers.
2397 1971 2451 2025 5.
2501 1970 2656 2026 Laeva
2691 1971 2802 2042 ejus
2849 1971 2942 2026 sub
2990 1970 3157 2039 capite
3194 1986 3322 2032 meo,
3359 1979 3404 2021 et

1827 2062 2046 2116 dextera
2070 2061 2214 2114 illius
2240 2059 2626 2129 amplexabitur
2653 2078 2750 2116 me.

1903 2156 2117 2211 Laevam
2145 2155 2326 2226 sponsi
2351 2167 2480 2226 puto
2503 2170 2623 2212 esse
2647 2171 2882 2226 praesens
2907 2157 3192 2222 steculum;
3223 2159 3408 2213 dexte-

1836 2261 1953 2300 ram
1981 2260 2110 2301 vero
2154 2245 2344 2315 ipsius,
2386 2245 2660 2299 futurum:
2705 2245 2859 2314 juxta
2894 2245 3246 2315 Scripturam,
3289 2260 3410 2314 qua:

1831 2336 2006 2390 dicit:
2043 2353 2062 2387 ι
2093 2335 2396 2406 Longitudo
2445 2336 2592 2392 enim
2645 2337 2824 2392 aetatis
2884 2344 2938 2392 et
3000 2334 3126 2391 anni
3178 2335 3294 2390 viltc
3351 2337 3404 2390 iu

1831 2428 2053 2482 dextera
2093 2428 2298 2498 ipsius;
2349 2427 2402 2482 in
2457 2428 2679 2483 sinistra
2721 2441 2852 2483 vero
2903 2427 3068 2498 ipsius
3110 2427 3308 2482 divitia:
3355 2438 3408 2480 et

1832 2520 2001 2590 gloria
2037 2521 2080 2552 τί
2118 2536 2130 2572 :
2172 2539 2190 2572 ι
2237 2521 2391 2589 quasi
2432 2519 2602 2584 dicat,
2635 2529 2690 2575 et
2715 2519 2806 2575 hic
2837 2529 2892 2574 et
2919 2521 2971 2574 in
3005 2517 3183 2574 futuro
3209 2520 3408 2574 smculo

1834 2610 2206 2666 inamissibilia
2232 2627 2352 2681 quze
2375 2610 2548 2664 abillo
2579 2611 3012 2682 proﬁciscuntur.
3049 2627 3068 2662 ι
3101 2610 3212 2664 Sub
3235 2611 3410 2679 capite

1834 2715 1988 2768 meo;
2018 2719 2038 2754 ι
2092 2701 2526 2770 quandoquidem
2567 2711 2727 2772 caput
2757 2701 2925 2768 ipsius
2953 2709 3036 2756 est
3067 2699 3314 2756 Christus
3337 2701 3402 2754 ".

1833 2792 2026 2848 Omnia
2063 2808 2192 2848 vero
2228 2808 2346 2862 qua:
2401 2807 2429 2846 a
2483 2793 2588 2848 Deo
2637 2793 2872 2864 accipit,
2934 2793 2985 2847 in
3039 2791 3410 2862 elcemosynas

1833 2885 2176 2954 dispertiens,
2239 2884 2588 2940 manifestum
2637 2886 2778 2957 quod
2826 2899 2889 2940 ea
2941 2885 3100 2940 oITert
3149 2883 3407 2953 Christo;

1834 2989 1997 3048 atque
2037 2978 2110 3032 ita
2157 2978 2288 3032 laeva
2335 2977 2454 3046 ejus
2503 2990 2589 3033 est
2642 2978 2742 3032 sub
2790 2977 2966 3046 capite
3020 2991 3157 3044 suo;
3214 2977 3266 3032 id
3305 2987 3408 3041 est,
3449 3045 3456 3052 δ

1838 3085 1970 3140 quas
1995 3069 2046 3122 in
2075 3069 2177 3123 huc
2200 3066 2397 3123 smcnlo
2420 3067 2636 3122 divitias
2667 3065 2846 3128 habet,
2876 3077 2998 3121 sunt
3027 3066 3128 3121 sub
3147 3075 3413 3136 potestate

155 3125 410 3226 χρήματα
441 3125 570 3210 ἰδ-πὸ.
595 3155 692 3225 τὴν
718 3125 953 3226 Χριστοῦ
995 3125 1260 3221 ἐξουσίαν.
1290 3159 1364 3212 T6
1401 3159 1478 3225 δὲ,
1516 3179 1535 3212 ι
1568 3125 1723 3233 Καὶ

1848 3161 2056 3216 Christi.
2089 3159 2221 3214 Illud
2249 3175 2398 3227 vero,
2430 3177 2452 3214 ι
2483 3160 2548 3214 Ει
2580 3161 2800 3212 dextera
2831 3157 2975 3212 illius
3018 3158 3412 3228 amplexabitur

156 3246 300 3312 δεξιὰ
332 3245 498 3300 αὑτοῦ
532 3246 890 3318 περιλήψεταί
939 3265 1026 3319 με,
1069 3268 1088 3300 ι
1142 3249 1232 3303 τὸν
1279 3250 1542 3321 μέλλοντα
1583 3252 1723 3322 λέγει

1848 3267 1940 3316 me,
1969 3270 1986 3301 ι
2020 3249 2424 3324 intelligendum
2459 3249 2524 3303 de
2565 3247 2745 3301 futuro
2781 3247 3000 3314 saeculo,
3034 3247 3086 3300 in
3122 3261 3230 3317 quo
3256 3255 3414 3301 vocat

160 3337 346 3402 αἰῶνα,
380 3338 441 3390 ὲν
464 3328 508 3404 ᾧ
531 3335 826 3408 κεκλήσκει
849 3337 960 3407 (12)
986 3339 1014 3390 6
1039 3337 1200 3402 καλὸς
1226 3341 1450 3413 ποιμὴν,
1481 3343 1723 3415 καθάπερ

1848 3353 2006 3395 ustos
2046 3341 2218 3394 bonus
2269 3338 2456 3392 Pastor
2507 3337 2650 3392 velut
2697 3351 2864 3402 oves,
2907 3347 2963 3393 ct
3021 3339 3088 3392 ad
3136 3339 3413 3393 dexteram

159 3427 658 3498 ἐπιλαμϐανόμενος
688 3427 870 3483 αὐτῶν
902 3428 1086 3498 λέγει·
1116 3449 1135 3482 ‹
1183 3431 1381 3500 Δεῦτε,
1419 3435 1468 3486 οἱ
1511 3434 1723 3505 εὐλογη·

1848 3432 2154 3497 constilnit;
2207 3438 2261 3484 et
2311 3429 2473 3483 veluti
2526 3443 2621 3484 eos
2669 3429 2934 3498 arripiens
2998 3429 3118 3485 ait:
3157 3447 3176 3480 ι
3205 3429 3416 3496 Venite,

161 3519 311 3589 μένοι
339 3518 435 3572 τοῦ
475 3519 691 3591 Πατρός
723 3537 857 3591 μου,
897 3519 1343 3595 κληρονομήσατε
1378 3523 1477 3596 τὴν
1508 3527 1723 3599 ἡτοιμα-

1848 3523 2112 3578 benedicti
2145 3522 2324 3578 Patris
2354 3521 2482 3588 mei,
2513 3522 2740 3592 accipite
2769 3537 2994 3590 regnum
3022 3531 3266 3593 paratum
3295 3522 3360 3590 ⁷³,
3391 3541 3412 3574 ›

161 3612 360 3683 σμένην
391 3610 670 3682 βασιλείαν
692 3613 818 3679 ἀπὸ,
841 3632 859 3665 ι
891 3630 946 3668 κ.
971 3631 1021 3669 τ.
1045 3613 1099 3669 λ.
1837 3627 1945 3674 etc.

234 3704 428 3771 Σκςν.
472 3705 566 3758 Στ.
614 3703 678 3760 δ’.
733 3705 985 3774 Ὧρκισα
1028 3703 1206 3775 ὑμᾶς,
1248 3706 1570 3777 θυγατέρες
1627 3709 1723 3764 Ἰε·

1909 3707 2167 3765 CCXXV]
2189 3749 2202 3764 .
2226 3707 2379 3763 Vers.
2399 3707 2452 3762 4.
2487 3707 2740 3776 Adjuravi
2767 3723 2875 3774 vos,
2902 3706 3031 3776 filiae
3064 3705 3417 3770 Hierusalem,

161 3794 501 3864 ρουο-αλὴμ,
554 3795 627 3849 ἐν
669 3795 799 3862 ταῖς
826 3795 1121 3866 δυνάμεσι
1159 3797 1260 3852 καὶ
1322 3799 1435 3871 (15)
1489 3800 1558 3855 ἐν
1611 3803 1723 3870 ταῖς

1848 3803 1896 3856 iu
1922 3803 2195 3856 virtutibus
2229 3811 2276 3856 et
2304 3801 2361 3856 iu
2387 3801 2580 3855 viribus
2609 3801 2725 3869 agri
2755 3813 2772 3852 :
2805 3810 2857 3853 ut
2885 3799 3013 3870 quid
3043 3799 3418 3854 suscitaveritis

165 3889 446 3956 ὶσχύσεσι
496 3887 682 3957 ἀγροῦ
705 3904 720 3919 ο
749 3889 807 3942 τι
847 3887 1110 3959 ere/pnes
1141 3890 1238 3945 καί
1269 3891 1602 3964 ὲξετείρητε
1628 3897 1723 3966 (ιι

1848 3902 1890 3948 et
1923 3894 2366 3948 exsuscitaveritis
2399 3891 2710 3946 charitatem
2738 3891 2899 3946 donec
2938 3890 3105 3946 velit?

167 3978 274 4047 τὴν
303 3977 549 4049 ἀγάπην
577 3979 689 4046 ἕως
716 3975 789 4036 οὗ
817 3981 1048 4050 θελήσῃ
1065 3997 1087 4047 ;

239 4071 562 4144 Ἔνδελεχῶς
587 4071 830 4140 ἔγκειται
863 4071 1089 4136 ἀξιοῦσα
1124 4071 1260 4144 (15),
1289 4074 1388 4128 καὶ
1420 4073 1540 4146 μέθ’
1575 4075 1723 4147 ὅρκοι

1913 4070 2248 4126 lncessanter
2277 4070 2444 4125 instat
2466 4084 2684 4140 rogans,
2712 4069 2877 4124 etiam
2903 4083 3024 4124 cum
3059 4067 3420 4137 adjuratione,

167 4165 258 4228 τὰς
301 4164 483 4234 ψυχὰς
537 4161 647 4216 τῶν
699 4161 870 4233 ἁγίων
902 4162 1237 4236 πρεσϐεῦσαι
1277 4166 1417 4239 ὑπὲρ
1445 4165 1604 4238 ἡμῶν
1635 4167 1723 4219 τῶι

1848 4163 2053 4218 animas
2081 4171 2414 4228 sanctorum,
2451 4170 2509 4216 ut
2541 4177 2639 4232 pro
2666 4161 2826 4216 nobis
2855 4161 3229 4228 peccatoribus
3260 4161 3424 4215 inter-

171 4257 505 4330 ἁμαρτωλῶν
530 4273 545 4288 ο
591 4255 678 4309 ἵνα
727 4255 826 4328 τὴν
868 4257 1090 4327 ἀγάπην
1137 4255 1364 4330 κυρὼσῃ
1401 4259 1482 4322 εἰς
1532 4259 1678 4329 ἡμᾶς
1715 4277 1723 4310 ε

1848 4252 2064 4318 cedant,
2110 4261 2168 4306 ut
2208 4253 2552 4308 dilectionem
2604 4266 2730 4319 erga
2783 4265 2881 4304 nos
2927 4247 3178 4304 Christus
3225 4250 3423 4304 contir-

171 4349 418 4418 Χριστὸς,
450 4346 559 4411 ἓως
596 4346 663 4400 ἂν
709 4347 859 4418 ἡμᾶς
911 4347 1227 4420 παραλάϐῃ,
1256 4348 1332 4413 ὡς
1363 4349 1529 4403 Δαϐὶδ
1560 4349 1707 4418 λέγει

1849 4354 1979 4411 met,
2030 4345 2201 4398 donec
2252 4359 2350 4399 nos
2384 4344 2638 4413 accipiat,
2689 4351 2746 4396 ut
2794 4342 2868 4395 ait
2916 4341 3130 4395 David:
3186 4359 3205 4392 ι
3264 4341 3328 4396 Et
3369 4342 3423 4396 iu

177 4461 193 4490 ι
227 4442 330 4494 Καὶ
355 4441 417 4493 ὲν
440 4441 508 4511 τῇ
549 4440 678 4510 σκιᾷ
719 4438 828 4492 τῶν
856 4438 1142 4510 πτερύγων
1188 4455 1282 4492 σου
1322 4439 1512 4504 ὲλπιῶ,
1551 4440 1655 4504 ἕως
1682 4434 1723 4493 οἷ

1848 4433 2039 4487 umbra
2065 4433 2272 4487 alarum
2305 4443 2513 4486 tuarum
2548 4433 2795 4502 sperabo,
2831 4432 3003 4488 donec
3050 4440 3293 4487 transeat
3323 4433 3426 4487 ini-

177 4532 409 4604 παρέλθῃ
442 4533 476 4603 ἠ
523 4531 740 4602 ἀνομία.
774 4549 793 4582 ι
828 4531 962 4584 Τότε
1009 4530 1118 4604 γὰρ
1160 4531 1310 4602 ἡμᾶς
1349 4530 1723 4602 παρέρχεταιή

1850 4525 2029 4594 quitas
2053 4524 2122 4578 “.
2154 4543 2174 4576 ι
2207 4524 2356 4580 Tunc
2375 4524 2520 4579 enim
2546 4539 2644 4579 nos
2674 4525 2970 4594 pertransit
2995 4523 3272 4594 iniquitas,
3300 4539 3426 4579 cum

176 4624 384 4694 ἀνομία,
440 4624 572 4678 ὅταν
631 4622 900 4694 κληθῆναι
947 4623 1038 4676 ὑπ’
1089 4621 1254 4676 αὑτοῦ
1300 4622 1722 4692 ηταξιωθῶμεν

1850 4617 1999 4690 digni
2029 4616 2292 4672 fuerimus
2329 4618 2479 4684 facti,
2513 4616 2604 4686 qui
2641 4619 2708 4670 ab
2742 4632 2808 4670 eo
2837 4631 3130 4683 vocemur;
3165 4619 3428 4685 quemad-

177 4717 346 4779 καθὼς
379 4717 474 4771 καὶ
506 4717 536 4770 6
577 4717 842 4787 μακάριος
882 4714 1200 4779 Ἀπόστολος
1225 4715 1470 4786 εἴρηκεν·
1507 4735 1526 4767 ι
1559 4715 1618 4769 '0
1641 4716 1723 4788 γὰι

1851 4709 2068 4762 modum
2101 4707 2237 4762 dixit
2272 4707 2460 4772 beatus
2500 4706 2784 4776 Apostolus
2813 4725 2827 4762 :
2861 4724 2880 4758 ι
2918 4706 3018 4775 Qui
3049 4718 3295 4762 mortuus
3320 4717 3423 4774 est,

180 4807 456 4863 ἀποθανὼν
490 4807 832 4861 δεδικαίωται
871 4807 980 4861 άπὸ
1016 4806 1117 4876 τῆς
1143 4807 1439 4878 ἁμαρτίας,
1477 4825 1496 4857 ι

1848 4799 2171 4869 justillcatns
2197 4808 2278 4854 est
2304 4814 2333 4853 a
2363 4809 2585 4869 peccato
2621 4800 2690 4852 ⁷⁵.
2729 4817 2749 4851 ι

239 4901 409 4954 ΣΚΖ’.
444 4899 538 4952 Στ.
568 4905 630 4953 ε’.
671 4900 767 4964 Τίς
793 4897 944 4965 αὕτη
974 4897 1389 4952 ἀναϐαίνουσα
1420 4899 1723 4951 λελευκανι

1924 4891 2221 4948 CCXXVII.
2272 4889 2422 4946 Vers.
2479 4890 2533 4944 5.
2576 4888 2707 4956 Qua:
2751 4896 2826 4943 est
2877 4889 2980 4942 ista
3034 4903 3153 4957 qua:
3191 4889 3427 4943 ascendit

177 4992 421 5061 θισμένη
447 5031 462 5058 ,
519 4989 1006 5061 ἐπισττιριζομένη
1079 4988 1178 5043 ἐπὶ
1241 4988 1350 5043 τὸν
1419 4987 1723 5058 ἁδελφιδὸι

1854 4985 2116 5050 dealbata,
2139 4986 2323 5040 innixa
2341 5000 2496 5054 super
2518 4981 2820 5052 fratruelem
2844 4995 2997 5034 suum
3018 4981 3045 5034 .9

175 5083 356 5151 αὐτῆς
374 5100 396 5150 ;
1140 5087 1147 5091 ’

245 5201 289 5318 ἰξ
322 5189 526 5253 Matth”:
551 5209 704 5318 xzm,
733 5191 922 5249 26-28.
997 5193 1042 5226 '“
1077 5191 1238 5248 Prov.
1271 5207 1355 5259 ιιι,
1397 5189 1486 5247 16-
1565 5191 1612 5222 ⁷³
1669 5189 1723 5259 El

293 5287 405 5318 οιιι.
446 5282 532 5318 νΙ.
595 5305 613 5318 ο

1848 5223 1872 5243 ι.
1933 5203 1990 5255 v,
2047 5186 2138 5243 23.
2233 5187 2280 5219 ⁷³
2337 5186 2524 5243 blatta.
2580 5201 2706 5251 xxv,
2757 5185 2850 5240 54.
2925 5185 2971 5219 ⁷⁸
3008 5183 3155 5241 Psal.
3207 5201 3324 5252 va,
3373 5183 3428 5240 2.

177 5268 216 5302 ⁷⁸
247 5270 405 5323 llam.
446 5282 532 5334 vt,
560 5268 613 5321 7.

243 5406 352 5476 (II)
389 5404 580 5476 aldina
621 5401 786 5458 editio
810 5399 972 5476 habet
1006 5397 1204 5476 διδάξει
1236 5413 1324 5468 με,
1360 5395 1546 5476 ποτιῶι
1567 5411 1647 5476 σε.

244 5465 356 5546 (123
396 5473 487 5528 Sic
515 5488 706 5546 omnes
731 5471 888 5546 codd.
925 5465 1389 5546 Legeudntu'puto
1435 5465 1744 5546 utulqnst.

245 5537 356 5618 IIS)
398 5546 497 5599 Ἐν
518 5542 647 5606 ταῖς
666 5539 961 5618 δυνάμεοςι
988 5537 1433 5618 ugl._'llasuvoces
1449 5537 1607 5592 habet
1623 5539 1745 5592 cod.

185 5608 349 5670 Aléx.’
375 5631 511 5685 quas
536 5629 642 5668 non
663 5608 902 5685 reperias
925 5611 979 5662 in
1017 5608 1188 5685 _V_atic.
1207 5609 1338 5685 edit.

249 5686 362 5756 (μ’)
393 5675 662 5756 Ὑίὲτείρ.
696 5675 772 5735 Ita
799 5680 968 5756 codex
1007 5678 1162 5756 Alex.
1191 5695 1206 5743 ;
1241 5688 1298 5731 at
1324 5675 1501 5732 Vatic.
1520 5675 1629 5756 gat»
1654 5677 1742 5745 ὲγ.

186 5747 275 5812 καὶ
306 5747 403 5812 ἐὰν
429 5747 578 5825 ἐξεγ.
603 5747 676 5811 Et
702 5750 950 5823 superius
984 5749 1197 5821 quidem
1226 5763 1345 5821 cap.
1400 5761 1484 5814 ιιι,
1517 5747 1572 5816 5,
1605 5762 1746 5830 pm:

1860 5399 1960 5455 fert
1988 5408 2213 5468 uterque
2249 5397 2416 5453 codex
2443 5395 2557 5450 ἐὰν.
2584 5393 2709 5468 llaec
2762 5393 2950 5468 omisit
2975 5394 3027 5447 in
3059 5407 3150 5447 sua
3185 5391 3430 5444 versione

1847 5472 1914 5525 cl.
1943 5467 2241 5536 interpres;
2279 5483 2401 5538 qua:
2440 5467 2724 5539 itareddit
2755 5467 3114 5539 Saltttatus,_t
3148 5473 3203 5513 ut
3234 5475 3429 5539 exsus-

1847 5542 2026 5612 citetis
2065 5529 2118 5612 et
2161 5529 2419 5612 evigi'lare
2443 5538 2651 5612 faciatis
2681 5529 3427 5612 cli:iritatctu,tlonec_vc_lit.i

1881 5611 2031 5746 ξῌρ)
2067 5610 2158 5665 Sic
2191 5601 2473 5668 eluendavi
2523 5622 2761 5662 errorem
2794 5604 3062 5668 codicum,
3116 5601 3207 5671 qui
3235 5601 3428 5656 habent

1911 5698 2093 5737 εουσα.
3419 5703 3421 5705 ι

1849 5679 2093 5737 ὲΕεοῦσα.
3419 5703 3421 5705 ’
