3878 6270
383 303 482 358 H7

1477 299 1798 357 PHILONIS
1833 298 2138 355 EPISCOPI
2183 258 2518 356 usuras".

3532 299 3643 352 H8

381 419 563 490 tempti
601 427 746 485 sunt,
785 428 847 475 ut
873 420 946 475 ait
981 428 1202 476 sanctus
1241 418 1530 491 Apostolus
1567 439 1581 475 :
1624 438 1643 471 α
1675 419 1954 490 Tanquam

2087 417 2221 500 κὺτοῦ
2243 417 2518 483 ἑξουδενου
2527 416 2723 488 μένων,
2745 413 2820 479 ὥς
2843 429 3007 486 φησιν
3029 414 3057 468 δ
3087 410 3238 482 ἅγιος
3275 409 3605 475 Ἀπόστολος
3620 427 3640 446 ο

380 521 727 582 purgamenta
762 513 950 569 mundi
978 512 1103 567 lacti
1132 526 1318 568 sumus
1367 511 1448 575 εις
1481 530 1501 563 ι
1544 527 1644 566 nec
1668 511 1843 566 solum
1885 508 1950 562 de

382 598 536 666 ipsis,
569 601 663 656 sed
699 602 862 657 etiam
906 603 973 657 de
1028 601 1252 657 Domino
1297 611 1485 658 nostro
1523 600 1649 657 Jesu
1693 601 1947 666 Christo,

381 691 470 758 qui
511 693 675 746 vitam
726 709 878 748 suam
921 707 1135 749 omnem
1186 692 1332 748 dedit
1372 707 1470 762 pro
1512 692 1779 746 cbaritate
1823 707 1949 763 erga

383 793 506 846 nos,
547 799 565 833 ι
603 781 920 851 Exspolians
953 781 1288 852 principatus
1313 791 1366 836 et
1393 789 1689 852 potestates
1720 782 1767 815 ⁸⁵
1790 823 1806 850 ,
1845 801 1864 834 ι
1897 791 1953 836 et

261 917 270 922 ,
386 886 406 919 ‹
447 881 664 938 propter
711 885 807 924 nos
836 885 1034 940 egenus
1077 868 1251 925 factus
1269 870 1345 936 ⁸⁸,
1379 889 1403 924 ι
1436 879 1490 924 et
1519 890 1537 923 ί
1562 871 1789 926 formant
1810 873 1950 927 servi

383 961 652 1031 accipiens
683 961 728 994 ⁸⁷
749 982 797 1026 ,ι
831 973 886 1015 et
910 963 1191 1034 despectus
1231 982 1262 1018 ιι
1294 963 1635 1032 pontiﬁcibus
1667 974 1722 1020 et
1761 965 1953 1021 scribis

384 1053 602 1123 populi,
664 1063 717 1107 et
771 1053 840 1108 ab
888 1053 1099 1111 llerode
1159 1063 1560 1124 contemptus:
1632 1074 1652 1108 ι
1716 1054 1954 1113 Herodes

384 1143 528 1196 cnim
571 1143 716 1197 illum
746 1146 1063 1214 contempsit
1089 1185 1106 1210 ,
1133 1154 1187 1199 et
1214 1146 1279 1199 ad
1307 1143 1540 1200 Pilatum
1577 1145 1788 1200 remisit
1815 1145 1882 1199 ⁸⁸.
1928 1165 1946 1197 ι

455 1404 785 1463 CCXXX".
847 1407 1002 1464 Vers.
1068 1409 1124 1465 8.
1191 1409 1359 1465 Soror
1418 1420 1596 1464 nostra
1643 1428 1850 1480 parva,
1905 1422 1954 1467 et

387 1495 544 1549 ubera
573 1513 675 1552 non
704 1499 875 1557 liabet.

457 1587 682 1652 Quando
721 1589 900 1643 anima
952 1589 1005 1644 in
1039 1589 1317 1647 Christum
1369 1591 1683 1661 crediderit,
1714 1603 1770 1648 et
1817 1594 1956 1649 divi—

2057 529 2075 560 ‹
2112 511 2321 584 Ὥσπερ
2361 508 2474 581 (54)
2509 511 2556 563 εί
2598 507 2925 578 καθάρματα
2981 505 3075 561 τοῦ
3131 506 3335 576 κόσμου
3374 503 3645 575 ἐγενήθη-

2053 619 2181 672 μεν·
2215 620 2233 654 ι
2269 603 2362 655 καὶ
2399 602 2459 654 οὐ
2505 600 2663 674 μόνον
2696 599 2822 670 περὶ
2850 599 3048 664 αὐτῶν,
3075 597 3212 652 ἀλλά
3239 596 3332 650 καὶ
3365 595 3494 667 περὶ
3537 595 3642 647 αὒ-

2051 692 2144 747 τοῦ
2188 692 2282 746 τοῦ
2335 693 2542 764 Κυρίου
2592 691 2749 764 ἡμῶν
2801 689 2978 760 Ἰησοῦ
3031 687 3268 759 Χριστοῦ
3312 686 3546 759 εἴρηται,
3579 685 3643 749 δς

2053 781 2230 832 πάντα
2262 780 2356 834 τὸν
2405 779 2516 850 βίον
2559 778 2724 833 αὐτοῦ
2765 778 2966 832 ἔδωκεν
3001 777 3143 849 ὑπὲρ
3187 777 3286 847 τῆς
3319 776 3456 848 πρὸς
3489 777 3643 847 ἡμᾶς

2051 871 2293 942 ἀγάπης,
2330 890 2350 922 ι
2387 870 2856 941 ’Δπεκδυσάμενος
2883 869 2984 933 τὰς
3023 867 3200 940 ἀρχὰς
3232 867 3327 920 καὶ
3363 866 3463 929 τὰς
3486 866 3644 931 ἐξουο

2054 963 2192 1026 σίας,
2229 981 2248 1014 ›
2275 962 2370 1017 καὶ
2407 980 2426 1013 ι
2449 963 2514 1016 δι’
2533 965 2681 1034 ἡμᾶς
2707 961 3046 1034 πτωχεύσας,
3088 962 3182 1015 καὶ
3213 959 3425 1032 μορφὴν
3451 959 3644 1014 δούλου

2053 1052 2255 1118 λαϐὼν,
2282 1071 2302 1106 ι
2329 1055 2422 1108 καὶ
2443 1054 2867 1126 ὲξουδενὼμενος
2885 1055 2996 1108 ἀπὸ
3015 1053 3320 1126 ἀρχιερέων
3346 1054 3441 1108 καὶ
3465 1070 3645 1124 γραμ-

2057 1145 2272 1216 ματέων
2310 1145 2404 1199 τοῦ
2441 1144 2594 1214 λαοῦ,
2636 1146 2732 1199 καὶ
2769 1147 2875 1200 ὑπὸ
2911 1145 3148 1219 Ἡρώδου
3195 1145 3643 1219 ὲξουδενώμενος.

2063 1257 2080 1288 ι
2115 1235 2500 1308 Ἐξουδενήσας
2530 1237 2640 1309 γὰρ
2666 1237 2826 1292 αὑτὸν
2856 1239 2884 1292 ὁ
2921 1238 3168 1310 Ἡρώδης
3191 1238 3517 1310 ἀπέπεμψεν
3545 1239 3647 1293 αὖ·

2054 1329 2144 1384 τὸν
2167 1328 2304 1400 πρὸς
2327 1329 2579 1385 Πιλάτου.
2619 1349 2637 1381 ι

2125 1421 2304 1488 EAG’.
2342 1420 2432 1477 Στ.
2461 1426 2532 1492 η’.
2554 1420 2796 1492 Αδελφὴ
2831 1419 3224 1492 ἠμῶνμικρὰ,
3243 1417 3344 1474 καὶ
3371 1420 3648 1489 μαστοὺς

2055 1519 2165 1572 οὐκ
2197 1518 2341 1586 ἔχει.
2605 1555 2607 1557 ι

2137 1608 2436 1679 Ὀπότανή
2486 1606 2631 1678 ψυχὴ
2677 1608 2758 1670 είς
2809 1603 3044 1677 Χριστὸν
3091 1605 3392 1670 πιστεύσει,
3446 1605 3555 1660 τῶν
3589 1605 3649 1659 δὲ

389 1691 582 1731 nurum
651 1679 1026 1734 mandatorum
1089 1690 1400 1737 accuratam
1471 1698 1578 1738 non
1653 1686 1956 1756 percepuit

2090 1699 2215 1753 είων
2244 1698 2473 1753 ἐντολῶν
2498 1698 2596 1769 τὴν
2618 1697 2821 1769 ἀκριϐῆ
2854 1697 3068 1752 σύνεσιν
3097 1697 3170 1770 μὴ
3201 1698 3642 1770 καταλαμϐάνει,

388 1766 690 1835 scientiam,
719 1777 774 1824 et
815 1771 1042 1826 duorum
1077 1772 1546 1830 Testamentorutn
1593 1778 1954 1847 cognitionem

2087 1792 2152 1844 ιαὶ
2187 1791 2291 1844 τῶν
2340 1790 2434 1845 δύο
2480 1766 2764 1861 Διαθηκιῦν
2810 1766 2917 1861 ⁷τὴν
2953 1766 3170 1858 γνῶσιν⁷
3205 1789 3279 1861 μὴ
3323 1766 3467 1860 ἔχει,
3517 1789 3651 1861 περὶ

389 1871 494 1910 non
529 1857 742 1924 haheat,
769 1860 837 1916 de
857 1863 970 1944 hac
995 1863 1096 1917 dici
1121 1871 1330 1933 potest:
1365 1883 1384 1917 ‹
1416 1866 1582 1922 Soror
1615 1879 1798 1922 nostra
1832 1883 1958 1938 par-

389 1963 452 2000 va
490 1967 503 2002 :
545 1968 563 2002 ι
605 1951 707 2007 hoc
747 1963 851 2019 est,
882 1955 1116 2010 nondum
1165 1957 1336 2012 crevit
1363 1957 1486 2025 ﬁde,
1516 1959 1566 2014 id
1591 1968 1696 2026 est,
1732 1959 1960 2014 duorum

392 2037 865 2099 Testamentorum
891 2047 1137 2102 notitiam
1185 2063 1288 2104 non
1334 2051 1586 2121 accepit:
1645 2059 1960 2107 tamennon

390 2143 674 2200 propterea
733 2137 1065 2207 repudiatur,
1117 2141 1208 2194 sed
1258 2156 1318 2197 se
1358 2142 1546 2214 perlici
1583 2146 1854 2200 obsecrat.
1904 2143 1960 2201 Si

391 2226 532 2280 enim
560 2227 893 2286 solummodo
943 2233 1189 2288 timorem
1225 2233 1316 2290 Dei
1346 2244 1403 2291 et
1433 2235 1591 2292 ﬁdem
1620 2237 1817 2293 habeat
1844 2240 1963 2293 ani-

393 2334 502 2386 ma,
555 2323 860 2390 cognitione
900 2333 1079 2385 tamen
1113 2327 1183 2382 sit
1231 2324 1474 2396 inferior,
1515 2344 1620 2385 non
1679 2339 1964 2401 propterea

395 2413 766 2482 reprobatum
786 2413 975 2472 Melior
999 2417 1143 2471 enim
1180 2427 1286 2486 est,
1320 2437 1340 2474 ι
1369 2420 1446 2474 ait
1481 2419 1788 2490 Scriptura,
1816 2439 1838 2474 ι
1873 2422 1962 2491 qui

393 2502 656 2557 minuitur
695 2504 923 2560 scientia
955 2521 1077 2563 cum
1127 2508 1339 2575 timore,
1389 2526 1551 2582 quam
1598 2511 1688 2581 qui
1725 2513 1966 2570 abundat

392 2593 594 2648 astutia
611 2594 845 2667 etlegem
864 2598 1260 2666 transgreditur
1279 2601 1345 2657 δ’.
1368 2601 1619 2657 λ-«Νοη
1643 2603 1786 2660 enim
1815 2605 1938 2660 audi
1952 2634 1968 2646 -

395 2697 544 2743 tores
575 2687 709 2758 legis
735 2687 866 2757 justi
903 2691 1043 2760 apud
1074 2690 1269 2759 Deum,
1304 2694 1398 2749 sed
1446 2691 1680 2750 factores
1709 2695 1844 2767 legis
1881 2697 1965 2766 iu-

397 2778 778 2834 stiﬁcahuntur
825 2778 893 2836 ’°.
932 2799 952 2832 ι
1005 2779 1355 2838 Dilectionem
1408 2784 1604 2839 habeat
1647 2785 1849 2851 anima,
1917 2796 1970 2842 et

397 2884 553 2926 soror
585 2881 810 2927 vocatur
849 2871 1142 2944 Unigeniti,
1173 2873 1298 2929 licet
1331 2874 1578 2930 scientiae
1623 2891 1734 2931 non
1773 2877 1967 2932 admo-

397 2962 524 3016 dum
556 2963 624 3019 sit
655 2965 852 3034 perita:
874 2983 892 3016 ι
929 2965 1161 3036 scientia
1196 2966 1337 3023 enim
1369 2967 1538 3033 inﬂat,
1567 2968 1806 3028 cltaritas
1837 2983 1965 3025 vero

395 3052 629 3109 aediﬁcat
659 3055 725 3109 οι.
760 3076 779 3108 ι

469 3143 823 3202 CCXXXVII.
868 3147 1006 3214 Quid
1055 3149 1310 3219 faciemus
1361 3151 1533 3204 sorori
1576 3160 1770 3205 nostra:
1807 3153 1863 3205 in
1888 3114 2043 3208 disc

397 3254 501 3308 qua
539 3257 710 3295 sermo
738 3241 830 3309 ﬁet
854 3242 907 3295 in
935 3257 996 3296 ea
1015 3244 1040 3296 ξ’

473 3331 568 3388 [lae
593 3344 740 3401 sunt,
772 3335 986 3405 opinor,
1028 3345 1336 3392 sanctorum
1372 3339 1752 3407 magistrorum
1793 3351 1971 3400 voces,

400 3434 455 3479 et
482 3425 862 3496 prophetarum
893 3437 946 3482 et
974 3428 1340 3499 apostolorum
1366 3430 1432 3486 ad
1459 3445 1552 3486 eos
1584 3431 1674 3501 qui
1719 3431 1978 3500 przedica-

405 3518 604 3573 tionem
655 3537 758 3574 non
811 3530 1173 3592 acceperunt,
1217 3532 1276 3578 ut
1313 3523 1390 3577 ait
1437 3521 1604 3579 lsaias
1636 3544 1648 3579 :
1682 3542 1701 3574 ι
1733 3523 1976 3591 Domine,

401 3610 526 3680 quis
549 3612 778 3667 credidit
802 3613 1006 3669 auditui
1032 3625 1238 3680 nostro,
1267 3626 1321 3672 et
1347 3615 1628 3676 brachium
1660 3614 1872 3670 Domini
1890 3617 1975 3671 cui

404 3702 697 3760 revelatqu
744 3705 924 3761 est"?
961 3723 980 3757 ι
1019 3705 1281 3763 Similiter
1331 3716 1386 3761 et
1430 3704 1694 3762 Jeremias
1756 3725 1770 3762 :
1834 3725 1854 3759 ε
1896 3708 1976 3761 Ad

403 3809 566 3865 quem
591 3795 807 3865 loquar,
835 3805 890 3852 et
915 3797 1277 3864 contestabor,
1314 3805 1369 3854 et
1403 3798 1698 3854 exaudiet?
1731 3797 1872 3854 Ecce
1899 3799 1980 3853 in-

403 3888 738 3944 circumcisa:
760 3903 920 3945 aures
948 3904 1157 3957 eorum,
1179 3900 1235 3946 et
1262 3906 1370 3947 non
1386 3899 1639 3960 poterunt
1659 3891 1846 3946 audire
1862 3891 1928 3944 “.
1955 3909 1974 3942 ι

404 3981 694 4052 Propterea
734 4001 755 4034 ι
782 3983 922 4052 Quid
956 3982 1220 4038 faciemus
1263 3981 1476 4038 sorori?
1504 4000 1524 4034 ι
1576 3980 1796 4036 Fratres
1834 3981 1979 4036 enim

405 4083 535 4128 sunt
564 4075 808 4131 inﬁdeles
843 4076 1138 4138 secundum
1159 4075 1347 4132 carnis
1372 4075 1767 4146 cognationem.
1839 4125 1842 4128 ,

474 4184 853 4242 CCXXXVIII.
883 4185 1040 4242 Vers.
1073 4185 1127 4242 9.
1178 4185 1237 4241 Si
1279 4201 1460 4240 murus
1504 4193 1616 4249 est,
1660 4184 1980 4253 adiﬁcamus

402 4292 562 4346 super
585 4293 700 4332 eam
731 4277 956 4332 laminas
991 4287 1282 4348 argenteas.

475 4369 559 4424 Ad
602 4369 744 4424 hunc
773 4370 990 4424 modum
1015 4409 1032 4436 ,
1064 4379 1123 4424 ut
1143 4368 1380 4426 arbitror
1410 4385 1429 4423 :
1455 4367 1510 4426 Si
1546 4371 1748 4438 credit,
1782 4381 1839 4426 et
1876 4386 1980 4428 non

2058 1881 2261 1953 ταύτης
2289 1882 2509 1936 δύναται
2529 1881 2782 1949 λέγεσθαι
2803 1897 2816 1912 ⁸
2858 1900 2878 1934 ι
2933 1881 3161 1953 Ἀδελφὴ
3190 1881 3350 1953 ἡμῶν
3387 1881 3561 1953 μικρά
3581 1899 3594 1912 ο
3625 1899 3646 1934 ι

2058 1975 2323 2038 τουτέστι,
2355 1975 2518 2046 μήπω
2547 1973 2841 2044 αὐξηθεῖσα
2869 1974 2936 2043 τῇ
2964 1973 3174 2027 πίστει·
3207 1973 3343 2046 ὅπερ
3372 1973 3507 2039 ἐστὶ,
3540 1970 3652 2025 τῶν

2058 2066 2152 2119 δύο
2186 2064 2468 2135 Διαθηκῶν
2502 2064 2602 2134 τὴν
2642 2063 2842 2133 γνῶσιν
2888 2064 2989 2117 οὐκ
3026 2062 3280 2134 εἴληφεν*
3313 2065 3464 2134 ὅμως
3500 2061 3654 2133 παρά

2062 2158 2176 2229 (55)
2208 2157 2365 2211 τοῦτο
2423 2155 2826 2210 ἀποϐάλλεταιο
2875 2153 3012 2209 ἀλλὰ
3059 2155 3154 2208 καὶ
3197 2154 3334 2225 αὑτὴ
3383 2153 3654 2224 ὁμοιωθῆ-

2061 2267 2148 2304 ναι
2176 2248 2286 2320 (56)
2317 2246 2558 2320 εὔχεται.
2614 2246 2792 2302 Μόνον
2828 2246 2938 2318 γάρ
2966 2245 3129 2315 φόϐον
3157 2245 3293 2299 Θεοῦ
3326 2245 3420 2298 καὶ¹
3462 2245 3654 2298 πίστιν

2063 2342 2164 2396 ἐὰν
2197 2340 2296 2413 ἔχῃ
2332 2339 2500 2411 ψυχὴ,
2533 2337 2731 2408 γνώσει
2759 2338 2815 2392 δὲ
2844 2337 3183 2401 ἐλαττοῦται,
3212 2337 3274 2391 οὐ
3310 2336 3460 2408 παρά
3495 2335 3656 2390 τοῦτο

2063 2431 2570 2503 ἀποδοκιμάζεταιο.
2587 2450 2606 2484 ι
2633 2430 2913 2502 Κρείττων
2940 2449 2960 2482 ι
2991 2429 3108 2501 (57)
3134 2430 3212 2494 δὲ,
3231 2428 3415 2499 φησὶν,
3453 2449 3470 2480 ι
3495 2428 3654 2482 ἐλατ-

2064 2526 2327 2597 τούμενος
2361 2524 2572 2579 συνέσει
2600 2522 2856 2595 ἔμφοϐος,
2889 2523 2922 2594 ἢ
2959 2520 3302 2594 περισσεύων
3348 2520 3655 2591 πανουργίᾳ

2066 2619 2160 2672 καὶ
2188 2617 2538 2690 παραβαίνων
2569 2616 2816 2686 νόμιμον.
2862 2634 2882 2668 ι
2906 2646 2976 2656 -
3007 2634 3027 2667 ί
3051 2616 3126 2668 Οὐ
3156 2613 3265 2684 γὰρ
3299 2615 3348 2667 οἱ
3388 2613 3655 2684 ἀκροαταὶ

2066 2709 2159 2763 τοῦ
2187 2710 2375 2779 νόμου,
2403 2707 2598 2761 δίκαιοι
2633 2706 2782 2777 παρὰ
2811 2705 2887 2775 τῷ
2915 2705 3034 2776 Θεῷ
3055 2722 3070 2735 ·
3102 2704 3215 2758 ἀλλ’
3243 2706 3289 2757 οἱ
3319 2703 3539 2774 ποιηταὶ
3568 2703 3658 2757 v6-

2071 2817 2170 2871 μου
2227 2799 2690 2870 δικαιωθήσονται.
2730 2817 2747 2848 ι
2827 2797 3071 2867 Ἀγάπ-ην
3131 2796 3303 2868 ἐχέτω
3333 2795 3514 2866 ψυχὴ,
3561 2793 3656 2849 καὶ

2069 2892 2273 2964 ἀδελφὴ
2299 2893 2544 2948 καλεῖται
2578 2892 2672 2947 τοῦ
2706 2889 3069 2960 Μονογενοῦς,
3097 2889 3193 2944 καὶ
3217 2888 3326 2961 (58)
3357 2889 3430 2960 μὴ
3452 2886 3658 2957 γνῶσιν

2071 2984 2397 3056 πολύπειρον
2423 2984 2535 3055 ἔχει
2559 2999 2572 3015 ·
2603 3003 2623 3036 ‹
2661 2984 2725 3036 Ἦ
2749 2982 2856 3054 γὰρ
2884 2981 3086 3051 γνῶσις
3107 2980 3364 3051 φυλσιοῖ,ἡ
3393 2979 3451 3032 δὲ
3469 2979 3659 3051 ἀγάπη

2073 3076 2424 3147 (ήκωδομεῖ.›

2145 3169 2306 3221 ΣΛΖν.
2350 3167 2411 3221 Τί
2439 3164 2787 3236 ποιήσωμεν
2813 3163 2891 3234 τῇ
2915 3161 3152 3232 ἀδελφῇ
3205 3159 3381 3232 ἡμῶν
3406 3159 3476 3214 ἐν
3515 3157 3664 3230 ἠμέ-

2068 3276 2171 3326 ρςι,
2197 3252 2236 3329 ᾗ
2273 3255 2382 3310 ἐὰν
2419 3254 2661 3324 λαληθῇ
2690 3256 2761 3308 ἐν
2788 3253 2943 3322 αὐτῇ
2973 3253 3121 3324 (59);

2149 3345 2340 3413 Αὗται,
2362 3344 2542 3420 οἶμαι,
2575 3347 2747 3416 ἁγίων
2783 3343 3123 3400 διδασκάλων
3160 3345 3296 3398 εἰσὶν
3313 3345 3367 3397 αἱ
3402 3343 3514 3410 (40)
3544 3359 3664 3412 φωρ

2079 3441 2188 3504 ναὶ,
2231 3437 2525 3511 προφητῶν
2569 3455 2628 3490 τε
2675 3425 2773 3489 καὶ
2811 3433 3124 3489 ἀποστόλων
3159 3432 3294 3504 πρὸς
3331 3433 3459 3496 τοὺς
3492 3430 3565 3502 μὴ
3601 3431 3666 3485 τὸ

2082 3533 2344 3601 κήρυγμα
2374 3527 2718 3598 δεχομένους,
2769 3526 2844 3590 ὥς
2879 3542 3044 3596 φησιν
3093 3524 3355 3587 Ἠσαῒαςο
3400 3542 3419 3576 ι
3466 3521 3663 3591 Κύριε,

2078 3623 2162 3686 τίς
2192 3620 2478 3674 ἐπίστευσε
2501 3622 2565 3690 τῇ
2601 3619 2738 3688 ἀκοῆ
2773 3617 2966 3688 ἡμῶν;
3004 3616 3098 3670 καὶ
3135 3615 3165 3668 ὁ
3191 3615 3430 3686 βραχίων
3456 3614 3664 3684 Κυρίου

2083 3713 2188 3768 τίνι
2219 3710 2616 3782 ἀπεκαλύῳϐη;
2650 3729 2669 3762 ›
2706 3709 2938 3779 Ὁμοίως
2983 3709 3078 3762 καὶ
3111 3707 3413 3780 Ἱερεμίας·
3460 3723 3480 3758 ι
3516 3705 3666 3774 Πρὸς

2085 3804 2205 3858 τίνα
2233 3801 2450 3874 λαλήσω
2471 3800 2564 3854 καὶ
2596 3799 2994 3871 μαρτύρωμαι;
3027 3798 3159 3852 Ἰδοὺ
3183 3797 3534 3868 ἀπερίτμητα
3551 3796 3665 3866 (4-1)

2081 3896 2149 3950 τὰ
2183 3889 2297 3949 ὦτα
2347 3893 2548 3956 αὐτῶν,
2603 3892 2698 3946 καὶ
2751 3892 2813 3944 οὐ
2861 3891 3178 3961 δυνήσονται
3223 3888 3462 3943 ἀκούειν.
3512 3907 3530 3940 ι
3565 3889 3668 3942 Διά

2081 3987 2260 4051 τοῦτο,
2292 4004 2311 4036 ι
2344 3985 2410 4037 Τί
2431 3984 2746 4055 ποιήσωμεν
2770 3985 2835 4053 τῇ
2859 3980 3099 4052 ἀδελφῇ;
3141 3998 3160 4032 ι
3197 3980 3441 4050 ’Δδελφοὶ
3462 3979 3574 4050 γὰρ
3615 3979 3666 4032 οἱ

2081 4081 2298 4139 ἄπιστοι
2333 4075 2476 4130 κατά
2506 4074 2604 4147 τὴν
2635 4074 2736 4145 τῆς
2775 4073 2976 4144 σαρκὸς
3009 4072 3328 4144 συγγένειάν
3362 4071 3661 4143 simul”).

2154 4195 2324 4248 EAH'.
2351 4193 2442 4245 Στ.
2468 4192 2518 4244 θ.
2536 4191 2604 4243 El
2629 4189 2828 4259 τεῖχός
2848 4189 3038 4256 ἐστιν,
3069 4187 3553 4259 οἱκοδομήσωμεν
3573 4188 3670 4242 ἐπ’

2081 4286 2276 4352 αὐτὴν
2296 4282 2584 4346 ἐπάλξεις
2603 4279 2886 4351 ἀργυρᾶς.

2162 4371 2384 4434 Τοῦτον,
2415 4367 2590 4441 οἶμαι,
2622 4368 2713 4422 τὸν
2738 4368 2939 4439 τρόπον
2977 4368 3159 4438 λέγει’
3207 4368 3271 4422 Ei
3301 4370 3466 4438 πιστή
3507 4368 3625 4421 ἐστι
3646 4407 3664 4430 .

402 4471 488 4516 est
514 4461 743 4516 inﬁdelis
765 4501 782 4526 ,
825 4475 930 4515 non
953 4460 1088 4516 dura
1118 4459 1286 4528 collo,
1336 4477 1441 4516 non
1480 4475 1772 4518 contumax
1801 4464 1867 4518 ad
1893 4480 1971 4518 aui

2092 4467 2244 4536 φησι,
2280 4463 2373 4517 καὶ
2411 4462 2486 4533 μὴ
2531 4461 2785 4522 ἄπιστοςο
2831 4459 2906 4531 μὴ
2952 4460 3164 4532 σκληρά
3198 4457 3250 4514 εἷ
3292 4459 3370 4530 τῷ
3391 4459 3671 4531 τραχήλῳ,

404 4554 656 4610 diendam
686 4563 999 4610 sanctorum
1025 4554 1365 4623 disciplinam
1387 4595 1402 4620 ,
1428 4554 1523 4610 sed
1561 4554 1790 4612 credens
1829 4557 1984 4613 nobis

2095 4557 2169 4629 μὴ
2199 4556 2427 4627 ἀνήκοος
2459 4556 2526 4624 τῇ
2561 4552 2669 4606 τῶν
2697 4551 2867 4620 ἁγίων
2900 4552 3090 4624 ἀγωγῇ
3117 4569 3130 4583 ·
3160 4551 3279 4609 ἀλλ’
3309 4553 3343 4623 ἡ
3375 4549 3670 4605 πιστεύσα-

473 4711 520 4742 ἰδ
559 4710 732 4767 lCor.
771 4727 842 4776 tv,
882 4712 969 4772 15,
1046 4711 1091 4744 ⁸⁵
1131 4710 1341 4767 Coloss.
1383 4727 1458 4774 tt,
1488 4711 1574 4764 15.
1651 4711 1699 4742 ⁸⁸
1723 4709 1761 4764 ll
1792 4711 1923 4773 Cur,
1951 4730 1971 4766 ι

2095 4697 2148 4767 9.
2225 4709 2524 4778 "Philipp.
2558 4724 2622 4771 ιι,
2660 4708 2709 4762 7.
2746 4777 2749 4778 ν
2791 4707 2836 4741 ⁸⁸
2876 4706 3009 4764 Luc.
3047 4723 3218 4773 mn,
3260 4706 3347 4763 11.
3423 4706 3469 4739 ⁸⁸
3499 4703 3670 4762 Eccli.

403 4780 632 4849 xix,2l.
705 4781 752 4815 ’°
793 4781 950 4837 Rom.
977 4797 1036 4848 tt,
1063 4782 1149 4836 15.
1226 4780 1466 4836 "lCor.
1501 4782 1675 4846 vnt,-l.

476 4913 597 4986 (Si),
621 4904 677 4968 ln
716 4913 993 4982 impressis
1031 4913 1162 4969 Novi
1187 4913 1518 4969 Testamenti
1549 4909 1744 4986 legitur
1775 4914 1852 4978 ὡς
1886 4933 1982 4969 πε-

407 4983 814 5055 ρικαβάρματα.

479 5053 818 5124 (55)“⁰ομως
881 5056 940 5108 οὐ
978 5055 1124 5126 κπερί
1176 5055 1363 5126 habet
1397 5054 1586 5108 Mnlin.
1637 5053 1984 5126 Restituenda

409 5125 630 5197 omnino
651 5135 734 5179 est
761 5124 1025 5194 particula
1048 5124 1292 5197 ticgativa
1314 5124 1398 5189 οὐ,
1423 5126 1501 5181 sic
1523 5125 1826 5195 postulante
1855 5143 1985 5182 sen-

407 5195 598 5248 tentia.

481 5263 594 5335 (36)
625 5263 814 5319 Mulin.
849 5266 1010 5321 habet
1031 5263 1167 5320 ἀλλά
1188 5265 1283 5319 καὶ
1315 5264 1486 5335 αὐτὴν
1511 5263 1859 5335 ὁμοιωθῆναι.
1885 5267 1985 5319 Τε-

409 5331 700 5406 λειωθῆναι
731 5350 928 5392 censeo
949 5337 1050 5404 legi
1084 5347 1352 5404 oportere,
1392 5331 1783 5406 si'cre'deuduin
1820 5339 1985 5390 veteri

412 5405 716 5475 interpreti,
758 5407 851 5475 qni
895 5407 1055 5460 vertit
1088 5423 1102 5460 :
1150 5423 1168 5456 ι
1193 5406 1285 5459 sed
1313 5406 1474 5475 etiam
1526 5405 1695 5472 ipsam
1725 5406 1986 5475 proﬁcere

414 5473 791 5542 deprecatur,_
828 5485 886 5531 ut
937 5475 1109 5543 possit
1156 5490 1277 5529 esse
1328 5474 1586 5543 perfecta.
1641 5490 1661 5524 ι
1713 5473 1987 5531 Salutatus

412 5544 576 5666 Etiam
631 5545 735 5600 tale
786 5547 1041 5616 quiddam
1108 5544 1160 5598 in
1221 5557 1319 5600 suo
1384 5544 1568 5598 codice
1624 5544 1836 5598 videtur
1887 5545 1985 5599 ba-

454 5628 615 5666 tllSSe.

454 5628 615 5667 ntsse.

489 5683 600 5756 (ὅῖ)
633 5682 687 5756 In
717 5684 848 5739 cdit.
883 5683 1186 5756 Vatic._bic
1216 5684 1386 5756 locus
1413 5682 1717 5756 sicilegitur
1749 5702 1761 5738 :
1789 5684 1989 5756 Κρείτ-

417 5768 524 5808 των
553 5752 858 5824 ἡττώμενος
881 5755 937 5806 ἐν
962 5754 1168 5808 συνέσει
1199 5755 1453 5827 ἔμφοϐος,
1482 5755 1514 5826 ἢ
1549 5752 1885 5827 περισσεύων
1931 5757 1988 5809 ἐν

1769 4781 1816 4813 ⁹¹
1846 4783 1947 4837 lsa.
1969 4800 2061 4838 Llll
2084 4824 2098 4849 ,
2126 4785 2177 4838 t.
2253 4782 2300 4813 ³³
2336 4777 2537 4835 .leretn.
2570 4793 2621 4832 νι
2651 4817 2666 4841 ,
2703 4777 2790 4833 10.

2091 4915 2348 4985 φρονήσει
2381 4912 2475 4965 καὶ
2499 4907 2848 4985 παραϐαίνων
2883 4908 3068 4980 νόμον.

2163 4981 2274 5052 (58)
2310 4983 2454 5052 Lego
2483 4981 2606 5036 κάν.

2162 5045 2274 5127 (39}
2299 5045 2548 5127 BaFtier.,
2595 5069 2747 5127 meus
2783 5060 2838 5107 et
2863 5049 3150 5127 hiutin._év
3166 5045 3334 5119 αὐτῷ.
3362 5046 3466 5127 Sed
3491 5045 3670 5127 _Vatic.

2090 5118 2322 5181 et'libri
2382 5137 2571 5177 omnes
2618 5125 2816 5178 habent
2872 5122 2930 5173 ὲν
2962 5121 3124 5192 αὐτῇ,
3177 5118 3338 5189 quam
3385 5118 3669 5174 lectionem

2093 5193 2527 5271 agnoscitetiam
2555 5195 3018 5271 \jetusintcrpres.
3317 5259 3330 5271 ι
3457 5229 3461 5232 .
3505 5255 3551 5271 __
3602 5257 3635 5271 Δ.

2167 5267 2281 5337 (40)
2330 5264 2479 5322 Εἰσὶν
2532 5265 2611 5320 αι.
2669 5266 2812 5320 Duas
2851 5255 3073 5318 suculas
3119 5259 3332 5315 restitui
3395 5272 3462 5311 ex
3505 5255 3670 5312 Muli--

2092 5351 2220 5390 neu.

2165 5404 2277 5476 (41)
2308 5403 2365 5458 ln
2397 5403 2579 5476 Bibliis
2622 5404 2899 5476 impressis
2955 5407 3361 5476 sace_r_textus,
3421 5398 3517 5451 καὶ
3557 5397 3672 5452 δια-

2093 5469 2466 5547 μαρτύρωμαι
2484 5475 2578 5547 κα).
2601 5469 2979 5547 εἰσακούσεται
3003 5488 3017 5534 ;
3049 5469 3461 5547 ίδοὺ.ἁπε,ρίτμ.

2163 5538 2290 5615 (42f
2322 5538 2482 5599 Κατὰ
2512 5544 2625 5612 τὴν
2655 5543 2765 5615 τῆς
2795 5559 2968 5615 capas.
2995 5538 3242 5609 συγγέν.
3261 5541 3439 5615 εἰσιν,
3473 5539 3584 5615 lucc
3607 5550 3670 5615 es

2091 5606 2401 5686 Mutinensi,
2434 5606 2632 5686 quibus
2669 5606 2888 5686 implevi
2932 5606 3180 5667 lacunam
3231 5609 3340 5665 mei
3394 5606 3594 5663 codicis
3620 5614 3668 5660 οδ
3759 5607 3761 5609 ’

2095 5685 2314 5743 liarth‘.
