3878 6270
197 356 292 412 ίὶθ

1120 354 1524 412 ENARRATIO
1564 354 1632 409 IN
1666 353 2020 410 CANTICUM
2059 353 2534 414 CANTICOBUM.
2614 395 2624 404 ε

3358 357 3462 414 150

197 488 259 524 σα
283 452 438 540 ἡμῖν’,
463 467 560 521 καὶ
589 467 824 520 σωθεῖσα
855 466 965 537 (45)
991 485 1004 498 ο
1042 468 1296 540 καθάπερ
1318 469 1399 533 εἰς
1416 471 1594 540 τεῖχος
1621 470 1776 522 ὲποι-
1803 520 1805 528 ,

1906 477 1933 521 τι
1961 467 2260 524 illuminata
2285 470 2385 536 sit;
2403 479 2659 540 tanquam
2673 482 2835 538 super
2847 484 3057 525 murum
3075 469 3463 527 mdiﬁcabimus

193 559 526 630 κοδομοῦμεν
561 557 675 629 (44)
702 560 789 612 ἐπ’
827 559 1001 630 αὐτὴν
1036 559 1292 624 ἐπάλξεις
1316 561 1602 633 ἁργυρᾶςο
1638 561 1775 631 ὅπερ

191 655 352 718 ἐστὶν,
384 649 562 724 οἶμαι,
594 655 720 718 τοὺς
756 653 1015 723 ἐλέγχους
1051 655 1179 717 τοὺς
1205 653 1612 724 διορθωτικοὺς,
1648 654 1776 716 τοὺς

192 739 386 811 χρυσοῦ
401 740 562 812 δίκην
589 741 1110 813 πυρουμένουςίτὰ
1131 742 1285 812 λόγια
1309 762 1327 794 ι
1361 743 1474 814 γὰρ
1502 761 1519 794 ι
1545 742 1775 814 Κυρίου,

191 833 339 901 λόγια
361 833 510 900 ἁγνά
529 849 542 863 ·
580 832 846 904 ἀργύριον
877 834 1294 905 πεπυρωμένον,
1329 834 1573 905 δοκίμιον
1591 836 1657 905 τῇ
1680 836 1774 905 γῇ,

190 925 277 978 καὶ
315 924 730 997 καθαρισμένον
755 923 1170 990 ἐπταπλασὶως.
1206 944 1226 978 ι

257 1105 429 1160 ΣΛΘ.
471 1107 540 1159 El
582 1103 698 1176 (45)
734 1105 884 1174 θύρα
918 1103 1074 1170 ἐπεὶ,
1109 1103 1532 1176 διαγράψωμεν
1557 1103 1650 1159 ἐπ’
1671 1106 1780 1161 αὑ-

191 1198 296 1267 τὴν
329 1196 561 1254 σανίδα
591 1196 894 1265 κεδρίνην.

266 1287 493 1358 Ἐπειδὴ
542 1287 674 1358 γὰρ,
711 1287 902 1358 ὥσπερ
931 1287 966 1358 ἡ
1013 1285 1152 1359 θύρα
1195 1286 1490 1359 στρέφεται
1538 1289 1632 1342 ἐπὶ
1682 1289 1778 1342 τοῦ

193 1379 542 1451 στρόφιγγος,
592 1378 767 1443 οὕτως
793 1379 822 1430 ὁ
854 1377 1086 1449 ὀκνηρὸς
1137 1380 1230 1432 ἐπὶ
1276 1379 1376 1451 τὴν
1421 1380 1642 1450 κλίνην·
1691 1380 1780 1434 διὰ

188 1474 347 1528 τοῦτό
372 1491 564 1546 φησιν,
597 1469 782 1543 οἶμαι·
811 1473 876 1526 Εἰ
904 1471 1166 1544 ὀκνηρίαν
1189 1473 1328 1546 πρὸς
1361 1473 1462 1545 τὴν
1497 1473 1680 1528 πίστιν
1713 1473 1781 1528 τὰ

188 1568 394 1637 ταύτης
431 1565 838 1638 κατορθώματα
871 1566 1076 1638 ἔχουσι,
1109 1564 1509 1637 διαγράφωμεν
1564 1565 1651 1618 ἐπ’
1675 1565 1778 1618 αὐ-

190 1659 308 1728 τὴν,
346 1660 489 1729 ὅπερ
522 1657 693 1724 ἐστὶν,
723 1658 817 1711 ὲπὶ
843 1657 943 1729 τὴν
970 1656 1238 1728 τοιαύτην
1272 1656 1384 1711 τῶν
1403 1655 1781 1730 βραδυπιστων

192 1748 401 1804 σανίδια
426 1750 670 1820 κέδρινα,
697 1749 784 1803 ἵνα
806 1749 956 1822 εἴπῃ,
992 1749 1092 1820 τὴν
1122 1748 1232 1803 τῶν
1263 1749 1428 1804 πάλαι
1445 1749 1669 1803 δικαίων
1689 1747 1782 1802 κα)⁸

1885 573 2050 629 super
2080 575 2199 616 eam
2234 560 2636 632 propugnacula
2669 571 2924 632 argentea
2955 579 2970 629 ;
3006 563 3060 618 id
3082 571 3201 630 est,
3237 571 3292 617 ut
3318 558 3462 616 arbi-

1884 659 2017 717 tror,
2055 652 2502 722 reprehensiones
2545 668 2665 723 qua:
2709 654 3016 725 corrigendi
3059 657 3166 710 vim
3201 653 3462 718 habeant,

1883 751 1939 798 et
1977 744 2141 799 veluti
2176 759 2368 799 aurum
2402 746 2524 814 igne
2567 747 2675 802 sint
2717 747 3084 802 examinata:
3132 764 3150 797 ι
3182 744 3407 814 Eloquia
3437 761 3457 796 ι

1884 835 2028 890 enim
2064 853 2084 887 ι
2111 835 2355 899 Domini,
2390 836 2601 906 eloquia
2638 845 2787 893 casta
2818 855 2832 892 :
2864 845 3146 907 argentum
3173 837 3299 908 igne
3335 850 3463 891 exa-

1885 927 2170 992 minatum,
2197 927 2482 997 probatutu
2528 928 2580 983 in
2633 937 2810 996 terra,
2864 938 2919 984 et
2957 937 3242 996 purgatum
3275 935 3464 998 septu-

1883 1019 2027 1088 plum
2049 1019 2114 1072 ".
2147 1038 2166 1071 ι

1955 1110 2291 1167 CCXXXIX.
2325 1110 2384 1167 Si
2406 1112 2578 1182 jauua
2603 1120 2700 1178 est,
2726 1111 3031 1183 sculpamus
3050 1128 3210 1183 super
3237 1129 3356 1168 eam
3385 1122 3464 1168 ta-

1887 1203 2062 1257 bulam
2099 1205 2386 1258 cedriuam.

1955 1293 2220 1362 Quoniam
2255 1296 2399 1350 enim
2427 1295 2565 1351 sicut
2603 1303 2757 1365 porta
2789 1311 2952 1367 super
2991 1297 3265 1353 cardinem
3297 1295 3464 1352 volvi-

1889 1396 1994 1451 tur,
2023 1386 2100 1441 sic
2130 1388 2284 1456 piger
2311 1401 2473 1456 super
2514 1387 2734 1452 lectum,
2780 1397 3062 1458 propterea
3084 1428 3102 1453 ,
3135 1389 3345 1458 opinor,
3385 1389 3459 1443 di-

1888 1477 1992 1530 cit:
2019 1476 2074 1530 Si
2106 1476 2378 1546 pigritiam
2409 1477 2475 1530 ad
2498 1476 2654 1531 ﬁdem
2692 1476 2926 1531 habeant
2955 1476 3071 1546 eius
3099 1492 3284 1547 opera,
3320 1477 3464 1532 scul-

1887 1583 2079 1640 pemus
2107 1584 2270 1640 super
2308 1583 2453 1636 eam,
2496 1569 2546 1624 id
2583 1578 2687 1637 est,
2714 1584 2875 1639 super
2896 1569 3157 1638 ejusmodi
3195 1569 3467 1640 pigritiam

1888 1674 2076 1715 eorum
2105 1660 2196 1731 qui
2230 1663 2395 1716 tarda:
2424 1668 2550 1716 sunt
2589 1660 2749 1728 ﬁdei,
2797 1661 3020 1716 tabellas
3059 1660 3334 1726 cedrinas,
3367 1659 3470 1716 hoc

1887 1758 2008 1815 est,
2064 1757 2307 1805 veterum
2365 1749 2632 1816 iustorum
2699 1758 2752 1805 et
2803 1750 3238 1818 patriarcharum
3288 1748 3471 1805 incor-

189 1840 550 1912 πατριαρχῶν
577 1840 823 1911 ἄσηπτον
850 1841 944 1894 καὶ
972 1839 1358 1912 ἡδραιωμένην
1399 1839 1608 1910 γνῶσιν
1627 1879 1644 1904 ,
1690 1841 1784 1894 καὶ

1906 1849 2100 1910 'uptam
2132 1849 2186 1895 et
2208 1839 2458 1895 stabilem
2503 1839 2817 1906 scientiam,
2866 1848 2920 1894 et
2946 1854 3130 1895 eorum
3170 1841 3470 1896 orationem

188 1935 290 2005 τὴν
327 1933 558 1986 ἐκείνων
600 1932 697 1987 ἐπὶ
731 1931 937 2002 ταύτην
971 1931 1324 2003 ἐπιϐάλωμεν
1367 1932 1562 2003 εὐχὴν,
1605 1933 1693 1986 ἵνα
1716 1935 1782 2004 τῇ

188 2026 417 2078 ἐκείνων
463 2023 735 2095 πρεσϐείᾳ
771 2023 835 2076 τὸ
869 2022 1120 2076 ἐλλεῖπον
1165 2023 1302 2094 αὐτῇ
1355 2023 1638 2094 ὑστέρημα
1671 2023 1783 2095 (46)

187 2115 616 2188 ἁναπληρωθείη
644 2117 743 2188 τῆς
780 2116 1035 2181 πίστεως.
1065 2116 1263 2170 Ὅτιδὲ
1290 2116 1468 2188 κέδρῳ
1503 2117 1554 2170 οἱ
1586 2116 1785 2170 δίκαιοι

187 2209 607 2274 ἀπεικάζονται,
643 2209 805 2280 φησί’
837 2229 855 2261 ι
893 2209 1114 2272 Δίκαιος
1134 2208 1211 2272 ὡς
1235 2209 1412 2278 φοῖνιξ
1434 2207 1682 2280 ἀνθήσει,
1709 2210 1786 2271 ῶς

186 2304 221 2373 ἡ
263 2301 459 2373 κέδρος
484 2303 518 2372 ἡ
549 2303 606 2354 ὲν
627 2299 706 2372 τῷ
734 2300 950 2372 Λιϐάνῳ
978 2299 1439 2372 πληθυνθήσεται.
1479 2319 1498 2353 ι
1532 2301 1694 2366 Σανὶς
1729 2301 1786 2354 δὲ

189 2394 300 2448 ἀπὸ
329 2393 530 2464 κέδρου
548 2393 646 2446 τοῦ
676 2393 878 2458 παντός
910 2393 1028 2446 ἐστι
1062 2393 1246 2465 μέρος,
1275 2393 1467 2465 ὥσπερ
1491 2394 1584 2448 καὶ
1613 2396 1645 2466 ή
1674 2393 1786 2446 τῶν

189 2487 420 2540 δικαίων
447 2485 715 2558 πρεσϐεία
751 2486 917 2558 μέρος
951 2487 1069 2540 ἐστὶ
1106 2487 1208 2557 τῆς
1237 2485 1602 2557 δικαιοσύνης.
1653 2483 1788 2542 Εἶτα

190 2580 480 2635 ἀκούσασα
525 2581 559 2650 ἡ
611 2578 752 2651 καλὴ
796 2580 890 2634 καὶ
945 2579 1202 2644 εΰπιστος
1258 2580 1397 2652 αὕτη
1453 2579 1638 2652 νύμφη
1685 2580 1786 2652 τὴν

192 2675 325 2745 περὶ
373 2673 582 2727 τούτων
623 2671 906 2744 διαϐολὴν,
953 2673 1230 2743 ἀναφωνεῖ
1287 2673 1663 2744 ὲγκαλουμένη
1707 2673 1788 2744 τῷ

190 2766 394 2836 ἑαυτῆς
419 2765 661 2836 νυμφίῳ,
690 2765 784 2818 καὶ
807 2764 975 2833 λέγει’

265 2859 403 2914 XM'.
435 2859 530 2911 Στ.
568 2864 621 2913 ι’.
670 2857 813 2928 Ἐγὼ
850 2857 1069 2927 τεῖχος,
1098 2856 1197 2912 καὶ
1221 2859 1276 2912 οι
1295 2857 1519 2927 μαστοί
1559 2873 1678 2926 μου
1705 2856 1788 2923 ὡς

191 2953 432 3020 πίερτοι.

276 3044 441 3114 Ἐγὼ,
461 3044 647 3115 φησιν,
672 3043 955 3116 ἑδραίωμα
976 3041 1076 3112 τῆς
1110 3041 1368 3108 πίστεως,
1393 3043 1485 3095 καὶ
1511 3042 1560 3095 οἱ
1592 3041 1787 3113 μαστοὶ

197 3137 421 3208 ττᾶρτοι.
460 3138 641 3208 Ὅπερ
684 3137 854 3201 ἐστὶν,
896 3138 951 3190 αἱ
981 3135 1077 3189 δύο
1109 3133 1377 3205 Διαθῆκαι
1408 3136 1529 3198 ταῖς
1572 3133 1673 3205 τῆς
1709 3134 1787 3187 δι-

196 3228 495 3300 καιοσύνης
527 3228 792 3300 πράξεσιν
816 3230 896 3292 εἰς
919 3227 1053 3297 ὕψος
1079 3227 1532 3298 πεπυργωμέναι.

267 3318 447 3373 ΣΜΑ’.
504 3316 653 3387 Ἐγὼ
683 3317 849 3387 ἤμην
876 3318 948 3370 ἐν
972 3316 1299 3391 ὀφθαλμοῖς
1329 3316 1516 3371 αὑτοῦ
1555 3315 1667 3387 (47)
1707 3315 1790 3383 ὡς

192 3410 575 3477 εἰφὶσκουσα
595 3409 862 3478 εἰρήνην.

268 3497 380 3556 Καὶ
422 3501 534 3572 γὰρ
568 3495 727 3573 εὗρεν
759 3501 1020 3574 εἰρήνην,
1068 3501 1132 3556 τὸ
1176 3503 1426 3573 χάρισμα
1466 3502 1597 3575 παρ’
1619 3500 1786 3555 αὐτοῦ

195 3591 446 3646 λαϐοῦσα
479 3592 876 3664 τοῦείπόντος·
911 3611 930 3644 ι
967 3591 1205 3666 Εἰρήνην
1229 3593 1329 3664 τὴν
1370 3593 1484 3665 (48)
1530 3593 1668 3665 ἐμὴν
1701 3592 1782 3647 δί-

192 3685 360 3756 δωμι,
409 3686 637 3756 εἰρήνην
678 3683 777 3757 τὴν
823 3683 962 3756 ἐμὴν
993 3685 1196 3755 ἀφίημι
1225 3685 1355 3757 ὑμῖν
1375 3702 1388 3716 ·
1428 3703 1448 3736 ι
1476 3684 1552 3748 ὡς
1583 3685 1676 3738 καὶ
1703 3686 1795 3738 Σο·

196 3779 294 3844 φία
328 3777 482 3846 λέγει
511 3779 639 3849 περὶ
665 3776 760 3831 τοῦ
789 3776 1132 3848 Πνεῦματος·
1154 3797 1172 3829 ‹
1208 3776 1352 3847 Ἐγὼ
1377 3778 1486 3850 γὰρ
1507 3777 1618 3851 (49)
1645 3778 1792 3850 ήμην

198 3861 622 3942 ᾖπροσέχαιρεο
658 3867 779 3922 καθ’
804 3867 1017 3940 ἡμέραν
1046 3869 1420 3940 εὐφραινόμην
1445 3868 1502 3922 δὲ
1533 3871 1590 3922 ὲν
1622 3885 1791 3940 προσ-

198 3961 333 4032 ὡπῳ
369 3960 539 4014 αὑτοῦ
575 3962 633 4015 ἐν
674 3963 836 4017 παντὶ
865 3962 1042 4034 καιρῷ
1065 3978 1079 3992 ο
1111 3963 1200 4015 ὅτε
1236 3961 1412 4014 ὲποιει
1435 3960 1528 4014 τὸν
1561 3960 1788 4032 κόσμον,

198 4054 347 4123 ήμην
376 4055 512 4124 παρ’
545 4052 694 4123 αὐτῷ
720 4052 1052 4124 ἁρμόζουσα.
1093 4071 1112 4105 ι

267 4143 448 4198 SMB’.
480 4144 574 4198 Στ.
630 4141 1051 4214 ια’.Ἀμπελὼν
1079 4141 1338 4213 ἐγενήθη
1380 4139 1460 4208 τῷ
1504 4139 1788 4211 Σαλομὼν

195 4235 267 4289 ἐν
290 4233 659 4303 Βεελλαμών
697 4233 832 4306 (50).

282 4326 616 4398 Ἀμπελῶνα
652 4326 982 4397 γεγενῆσθαι
1028 4325 1177 4394 λέγει
1205 4325 1304 4397 τὴν
1339 4322 1669 4396 Ἐκκλησίαν
1705 4319 1788 4392 τῷ

199 4420 423 4492 Χριστῷ
458 4418 538 4491 τῷ
562 4420 841 4492 Πνεύματι
869 4419 1058 4492 Κυρίῳ
1087 4418 1344 4490 Σαλομὼν
1363 4417 1498 4490 (51),
1529 4415 1607 4488 τῷ
1635 4417 1789 4486 εἰρη-

197 4513 455 4565 νεὺσαντι
475 4511 548 4564 τά
575 4527 636 4564 τε
661 4513 718 4564 ὲν
739 4511 953 4582 οὐρανῷ
985 4510 1078 4564 καὶ
1099 4509 1168 4562 τὰ
1194 4510 1287 4563 ἐπὶ
1319 4508 1442 4578 γῆς.

271 4598 452 4658 ΣΜΓἏ
481 4602 704 4657 Ἔδωκε
733 4603 842 4657 τὸν
864 4599 1193 4672 ἀμπελῶνα
1210 4600 1399 4654 αὐτοῦ
1417 4598 1540 4666 τοῖς
1566 4595 1787 4667 τηροῦ-

200 4709 325 4750 σιν.

275 4784 402 4846 Ἰοίς
431 4781 662 4854 τηροῦσι
697 4781 842 4851 λέγει
881 4782 981 4845 τὰς
1018 4780 1183 4838 αὑτοῦ
1217 4778 1456 4843 ἐντολὰς,
1489 4778 1566 4842 ὡς
1605 4776 1701 4832 καὶ
1733 4777 1790 4829 ὲν

200 4876 280 4946 τῷ
309 4875 632 4948 [εὐαγγελίῳ
650 4876 802 4945 ἔλεγε
841 4875 979 4948 πρὸς
1003 4875 1131 4938 τοὺς
1172 4872 1490 4934 Ἰουδαίουςο
1525 4886 1544 4921 t
1586 4866 1788 4938 Ἀρϐή-

204 4983 357 5019 σεται
405 4967 499 5036 ἀφ’
544 4965 703 5038 ὑμῶν
750 4969 785 5037 ή
844 4965 1110 5036 βασιλεία,
1159 4963 1255 5018 καὶ
1301 4961 1587 5032 δοθήσεται
1644 4956 1788 5012 ἔθνει

206 5060 448 5114 ποιοῦντι
476 5060 606 5124 τοὺς
631 5058 877 5132 καρποὺς
905 5057 1106 5129 αὒτῆςο
1146 5075 1165 5109 ι
1203 5057 1340 5128 ὅπερ
1375 5051 1517 5120 ἐστὶ,
1550 5050 1641 5104 τὸν
1673 5049 1786 5120 ἀμ-

1885 1945 2048 2000 super
2089 1945 2210 1986 eam
2262 1931 2634 2002 imponemus,
2690 1939 2750 1985 ut
2805 1931 3018 1986 illorum
3057 1930 3470 1996 intercessione,

1884 2024 2030 2093 quod
2054 2022 2103 2078 ei
2132 2023 2284 2079 deest
2312 2033 2368 2078 et
2395 2023 2641 2080 defectus
2672 2025 2794 2080 ﬁdei
2836 2024 3141 2094 impleatur.
3167 2023 3317 2091 Quod
3341 2037 3473 2080 vero

1883 2113 2211 2185 justi'cedro
2250 2115 2657 2183 assimilentur,’
2687 2115 2765 2171 ait
2796 2114 3074 2186 Scriptura
3102 2134 3116 2171 :
3156 2134 3173 2166 ι
3198 2113 3385 2171 Justus
3411 2125 3472 2171 ut

1884 2211 2063 2282 palma
2119 2210 2368 2278 tlorebit;
2423 2212 2566 2268 sicut
2623 2212 2818 2268 cedrus
2861 2226 2979 2282 quas
3021 2211 3074 2266 in
3121 2211 3330 2266 Libano
3361 2221 3470 2275 est,

1887 2302 2326 2374 multiplicabitur
2345 2305 2413 2358 ’⁸.
2446 2321 2467 2356 ι
2502 2302 2712 2359 Tabula
2759 2315 2888 2358 vero
2925 2317 2990 2358 ex
3023 2301 3186 2357 cedro
3229 2309 3312 2358 est
3347 2315 3473 2372 par:

1888 2396 2093 2461 totius,
2149 2395 2606 2466 quemadmodum
2661 2394 2933 2466 iustorum
2985 2393 3304 2450 intercessio
3348 2407 3473 2464 pars

1886 2488 2234 2560 estjustitizc.
2263 2487 2466 2544 Deinde
2499 2489 2614 2558 ipsa
2664 2502 2861 2558 sponsa
2916 2486 3144 2558 pulchra
3189 2495 3245 2542 et
3297 2487 3472 2544 ﬁdelis

1887 2579 2028 2635 hanc
2073 2581 2126 2635 in
2172 2580 2255 2635 bis
2303 2581 2467 2636 rebus
2521 2579 2849 2636 calumniam
2909 2579 3137 2635 audiens
3179 2578 3470 2646 exclamat,

1888 2689 2010 2728 cum
2042 2673 2136 2728 tali
2177 2674 2318 2744 apud
2359 2688 2515 2729 suum
2566 2683 2825 2743 sponsum
2863 2674 3242 2730 criminatione
3277 2689 3473 2744 urgea—

1892 2774 1998 2830 tur,
2026 2774 2081 2820 et
2107 2766 2185 2820 ait
2219 2784 2233 2819 :

1958 2855 2158 2913 CCXL.
2192 2857 2349 2914 Vers.
2398 2856 2486 2914 10.
2539 2857 2655 2926 Ego
2693 2873 2911 2924 murus,
2965 2865 3012 2911 et
3061 2856 3221 2917 ubera
3266 2872 3384 2912 mea
3414 2865 3471 2914 ια

1891 2959 2082 3003 ιωτεε.

1961 3041 2094 3110 Ego,
2127 3040 2327 3111 inquit,
2353 3041 2621 3097 stabilitas
2651 3041 2772 3097 ﬁdet
2802 3058 2817 3096 τ
2843 3050 2894 3096 et
2925 3041 3118 3104 ubera.
3152 3051 3328 3096 turres
3363 3060 3376 3097 :
3417 3043 3472 3098 id

1888 3138 2011 3195 est,
2062 3131 2169 3184 duo
2205 3130 2555 3186 Testamenta
2587 3131 2653 3185 ad
2685 3142 2846 3200 opera
2881 3128 3108 3198 iustitia:
3133 3130 3186 3185 in
3226 3130 3474 3187 altitudi-

1813 3194 1856 3251 θ
1891 3235 2012 3275 nem
2040 3220 2303 3276 mdiﬁcata
2333 3221 2486 3292 quasi
2526 3232 2725 3278 turres.

1959 3311 2182 3368 CCXLI.
2220 3310 2330 3384 Ego
2371 3329 2516 3368 eram
2546 3315 2600 3368 in
2627 3314 2793 3369 oculis
2829 3311 2977 3384 ejus,
3021 3315 3176 3369 quasi
3211 3314 3477 3372 inveniens

1889 3420 2092 3474 pacem.

1965 3495 2175 3552 Etenim
2206 3497 2408 3552 invenit
2431 3512 2658 3568 pacem,
2698 3514 2819 3555 cum
2856 3498 3126 3571 acceperit
3153 3498 3383 3570 gratiam
3407 3498 3478 3555 ab

1891 3601 1958 3641 eo
1976 3586 2069 3657 qui
2094 3587 2228 3642 dixit
2254 3605 2268 3642 :
2303 3606 2321 3641 ι
2353 3587 2549 3643 Pacem
2581 3602 2756 3643 meam
2786 3588 2854 3643 do
2885 3589 3058 3654 vobis,
3087 3603 3276 3658 pacem
3298 3603 3475 3643 meam

1894 3676 2141 3746 relinquo
2177 3677 2328 3733 vobis
2349 3677 2442 3733 “z
2483 3695 2501 3729 ι
2543 3675 2999 3746 quemadmodum
3035 3675 3310 3746 Sapientia
3345 3674 3480 3731 dicit

1893 3770 1962 3826 de
1987 3769 2190 3842 Spiritu
2224 3789 2238 3826 :
2277 3789 2296 3822 ι
2325 3771 2435 3843 Ego
2461 3771 2603 3827 enim
2635 3786 2784 3825 eram
2829 3771 2914 3826 cui
2949 3769 3315 3840 adgaudebat;
3343 3781 3479 3839 quo-

1898 3859 2028 3915 tidie
2068 3871 2249 3918 autem
2280 3861 2625 3932 jucundabar
2651 3861 2703 3916 in
2738 3861 2877 3916 facie
2905 3861 3023 3932 ejus
3063 3860 3118 3915 in
3161 3861 3307 3915 omni
3335 3869 3475 3915 tem-

1893 3965 2058 4020 pore;
2103 3955 2316 4021 quando
2361 3951 2598 4008 faciebat
2641 3952 2936 4018 mundum,
2982 3965 3130 4007 eram
3173 3951 3314 4022 apud
3354 3965 3479 4008 eum

1895 4040 2186 4111 disponens
2212 4041 2280 4094 "'.
2314 4060 2334 4094 ι

1968 4131 2214 4189 CCXL".
2245 4132 2401 4190 Vers.
2440 4133 2527 4188 11.
2579 4132 2746 4189 Vinea
2786 4135 2930 4204 facta
2981 4143 3059 4190 est
3109 4133 3386 4190 Salomoui
3425 4135 3481 4190 in

1899 4223 2218 4280 Beellamon.

1971 4317 2194 4373 Vineam
2226 4318 2424 4374 factam
2456 4332 2579 4375 esse
2612 4319 2690 4374 ait
2725 4319 3024 4375 Ecclesiam
3051 4319 3293 4386 Christo,
3326 4318 3483 4389 spiri-

1900 4405 2028 4460 tuali
2061 4405 2336 4463 Salomoui
2360 4447 2376 4474 ,
2406 4407 2497 4477 qui
2528 4407 2835 4479 paciﬁcavit
2870 4423 2990 4482 quae
3018 4418 3145 4464 sunt
3171 4409 3226 4464 in
3260 4409 3399 4464 cwlo
3426 4419 3484 4465 et

1900 4497 1954 4551 in
1986 4505 2126 4552 terra
2155 4497 2221 4552 ".

1963 4587 2228 4644 CCXLI".
2263 4588 2423 4644 Dedit
2452 4590 2654 4646 vineam
2675 4607 2828 4647 suam
2861 4591 3298 4648 custodientibus.

1969 4766 2409 4824 Custodientibus
2456 4768 2664 4825 scilicet
2714 4769 2964 4824 mandata
3024 4768 3144 4840 ejus
3197 4766 3366 4832 dicit,
3425 4778 3486 4822 ut

1895 4864 2062 4918 etiam
2103 4862 2155 4916 in
2187 4861 2480 4933 Evangelio
2512 4861 2649 4918 dixit
2693 4861 2938 4918 ludatis:
2968 4879 2988 4913 ι
3013 4860 3306 4918 Auferetur
3327 4877 3355 4914 a
3388 4875 3486 4916 vo-

1895 4955 1980 5010 bis
1998 4969 2242 5025 regnum,
2260 4964 2316 5010 et
2337 4954 2554 5010 dabitur
2573 4955 2720 5028 genti
2750 4953 2970 5014 facienti
2987 4952 3015 5007 f
3016 4964 3199 5010 ructus
3217 4954 3336 5025 ejus
3347 4955 3428 5020 '9;
3457 4973 3474 5004 ι

1896 5043 1949 5100 id
1998 5054 2116 5112 est,
2148 5046 2360 5102 vineam
2407 5045 2609 5102 locabit
2649 5045 2770 5102 aliis
2848 5045 2916 5102 iis
2963 5045 3214 5102 videlicet
3243 5047 3336 5116 qui
3363 5060 3484 5102 ser-

265 5258 316 5289 “
343 5255 491 5312 Psal.
520 5271 603 5321 ιι,
628 5256 682 5310 7.
737 5255 784 5288 ⁸³
807 5254 952 5312 Psal.
990 5271 1076 5312 χοι
1099 5297 1114 5322 ,
1146 5255 1235 5312 13.
1287 5255 1335 5289 ’⁸
1361 5255 1517 5310 han.
1553 5269 1676 5318 m,
1728 5253 1805 5315 Π.

1906 5253 1910 5266 ’
1936 5249 2094 5306 Prov.
2118 5263 2234 5314 vut,
2261 5247 2352 5305 50.
2407 5247 2680 5305 "Coloss.
2715 5263 2768 5315 ι,
2795 5247 2886 5306 20.
2936 5249 2990 5280 θ’
3007 5247 3200 5305 Matth.
3235 5263 3346 5315 XXI,
3376 5246 3469 5306 43.

279 5415 392 5484 (l3)
420 5413 569 5484 Lego
595 5414 946 5483 φωτισθεῖσα.

275 5485 391 5558 (Η)
422 5485 572 5558 Lego
612 5486 1148 5558 ἐποικοδομήσωμεν.

279 5553 603 5636 (ἡῦλγσιίιι.
638 5559 771 5612 edit.
820 5553 939 5612 κάλ’
967 5553 1042 5627 εἰ,
1080 5571 1241 5628 quam
1281 5555 1568 5613 lectionem
1603 5554 1793 5613 habuit

211 5635 362 5683 vetus
392 5635 682 5694 interpres.

279 5697 392 5772 με)
427 5695 578 5772 ιέβεο
597 5699 692 5772 vi
710 5697 1030 5772 ἐστέρημαι

281 5717 392 5768 μυ)
429 5717 578 5766 Lego
597 5717 692 5752 και
723 5717 887 5770 υστερ
931 5717 1030 5770 μα.

281 5767 396 5834 (t7)
425 5769 519 5820 Sic
541 5769 667 5822 cod.
695 5768 847 5823 Alex.
881 5717 1138 5823 ianuam
1173 5769 1300 5824 edit.
1328 5767 1528 5823 αὐτῶν.

281 5837 397 5910 (48)
440 5837 611 5896 Sacer
646 5849 824 5897 textus
873 5840 1054 5910 habet,
1098 5841 1332 5912 Εἰρήνην
1393 5840 1594 5911 ἀφίημι
1645 5839 1794 5910 ὑμῖν,

1898 5412 2121 5537 εἰρήνην
2141 5411 2242 5482 τὴν
2267 5409 2406 5482 ἐμὴν
2435 5410 2628 5482 δίδωμι
2661 5412 2806 5482 ὑμῖν.
2893 5481 2904 5490 ς
2965 5480 2977 5497 ο
3389 5478 3400 5493 ο

1942 5483 2084 5561 (9)
2113 5479 2284 5561 §acer
2299 5491 2487 5561 textus
2537 5483 2701 5561 habet
2751 5502 2764 5537 :
2806 5483 3024 5561 Kat-wg
3056 5478 3478 5561 igxupiﬁjwtu,

1899 5555 1968 5608 τὰ
1983 5549 2220 5623 θεμέλια
2265 5551 2365 5623 τῇς
2391 5551 2514 5623 γῆς,
2554 5553 2741 5623 Ἥμην
2802 5553 2928 5623 παρ’
2960 5549 3123 5623 αθτῷ⁹
3140 5549 3477 5623 αρμόςουσα.

1913 5616 2256 5696 Ἐγιῖίήμην,
2283 5616 2729 5696 προσέχαιρεν.
2755 5616 3132 5696 Καθίλήμέραν
3161 5616 3230 5673 δὲ’
3252 5620 3485 5691 εὐφραι-

1903 5691 2074 5763 νόμην
2191 5691 2464 5764 προσώπῳ
2489 5691 2657 5764 αὑτοῦ
2680 5693 2738 5764 ἐν
2768 5692 2930 5745 παντὶ
2965 5691 3158 5764 καιρῷ,

1881 5827 1884 5830 ,
1971 5762 2086 5831 (50)
2120 5763 2290 5817 Valic.
2320 5763 2450 5816 edit.
2488 5762 2793 5832 Βεελαμών.

1969 5836 2076 5908 (51)
2104 5833 2244 5906 Lego
2270 5833 2345 5904 τῷ
2371 5833 2723 5905 πνευματικῷ
2751 5832 3031 5905 Σαλομὼν.
