3878 6270
241 315 342 372 153

1154 324 1486 386 ENARRA'I‘
1489 329 1558 387 10
1585 331 1650 387 IN
1683 333 2043 394 CANTlCUM
2073 339 2550 400 CANTICORUM.

3401 356 3497 411 ibi

303 431 506 489 Τοῦτον
541 432 654 506 (58)
681 435 776 492 τὸν
796 439 1106 497 τελευταῖον
1129 443 1287 513 λόγον
1315 443 1471 521 οἶμαι
1506 453 1653 524 πρὸς
1677 454 1816 508 πάν-

1987 458 2272 516 Postremo
2301 460 2419 516 haec
2438 460 2602 517 verba
2635 461 2872 519 arbitror
2901 479 2931 519 a
2957 464 3179 523 Christo
3207 467 3350 524 dicta
3377 480 3498 527 esse

237 543 329 590 τας
359 529 590 594 πιστοὺς
616 529 724 584 ὑπὸ
738 531 832 586 τοῦ
856 531 1056 605 Κυρίου
1085 534 1333 608 λελέχθαι
1355 544 1450 595 καὶ
1480 543 1587 596 ὑπὸ
1608 545 1812 615 ταύτης

235 618 388 685 ἁγίας
441 619 790 693 Ἐκκλησίας.
832 624 906 678 Τὸ
940 626 1090 695 γοῦν,
1124 646 1144 680 ι
1179 628 1348 699 Φύγε,
1388 633 1636 704 ἀδελφιδέ
1687 655 1811 707 μου,

234 711 320 763 καὶ
352 711 651 784 ὁμοιώθητι
679 717 745 787 τῇ
776 715 1028 788 δορκάδι,
1063 719 1198 791 ἢτῷ
1229 722 1408 796 νεϐρῷ
1446 725 1554 779 τῶν
1595 727 1813 798 ἐλάφων

231 801 317 853 ἐπὶ
353 802 456 874 ὅρη
488 803 866 876 κοιλωμάτων,
907 827 926 860 ι
963 809 1120 866 τοῦτο
1147 807 1302 884 οἶμαι
1331 815 1537 886 λέγειν,
1589 819 1677 874 ἵνα
1705 822 1814 884 πᾶς

229 907 308 954 τις
346 891 567 946 ἀκούων
608 894 803 965 φεύγει
847 898 946 968 μὲν
988 899 1087 972 τὴν
1120 903 1420 978 ἁμαρτίαν,
1457 907 1602 963 κατὰ
1631 910 1694 963 τὸ
1721 927 1813 980 γε-

229 982 580 1054 γραμμένον·
609 1004 628 1036 ι
665 987 752 1051 Ὠς
784 988 892 1042 ἀτιῦ
915 990 1209 1061 προσώπου
1241 995 1418 1067 ὄφεως
1437 998 1607 1067 φεῦγε
1629 1001 1811 1072 ἁμαρ-

228 1074 350 1126 τίαν
368 1091 416 1126 ἰ
453 1075 771 1146 ὁμοιοῦσθαι
795 1079 854 1134 δὲ
884 1081 1095 1137 κελεύει
1116 1086 1185 1157 τῆ
1209 1086 1451 1159 δορκάδι,
1479 1090 1572 1146 ἵνα
1593 1091 1813 1165 ὀξυδερ-

228 1166 323 1231 κὲς
354 1167 416 1220 τὺ
455 1168 550 1222 τοῦ
586 1170 705 1236 νοὸς
739 1172 894 1244 ὄμμα
940 1179 1278 1250 κεκτημένος
1318 1181 1455 1253 πρὸς
1483 1183 1544 1236 τὸ
1579 1185 1654 1256 μὴ
1708 1185 1814 1239 ὑπὸ

229 1257 571 1330 θηρευόντων
602 1261 1287 1335 παγιὸευθῆναιδύνασθαι.
1315 1271 1526 1344 Δορκὰς
1555 1272 1665 1345 γὰρ
1693 1274 1815 1341 ὀξυ-

226 1352 422 1424 δερκὲς
448 1354 544 1408 καὶ
567 1354 682 1420 ὀξεῖ
703 1354 782 1427 τῷ
810 1357 997 1431 δρόμῳ
1025 1361 1086 1414 τὸ
1118 1360 1256 1426 ζῶόν
1280 1363 1451 1419 ἐστιν.
1483 1367 1600 1420 Ἵνα
1624 1363 1716 1421 οὖν
1736 1367 1814 1439 τῷ

226 1445 478 1516 ὀξυτάτῳ
514 1447 834 1521 δρόμῳὶτῆς
883 1452 1160 1524 ἁμαρτίας
1204 1456 1272 1510 ὲκ
1307 1457 1507 1526 φυγῆς,
1541 1459 1670 1514 ὅταν
1699 1460 1814 1531 (59)

229 1538 524 1592 σωτηοίων
551 1539 903 1610 διδαγμάτων
941 1545 1249 1618 ἀκροατὴς,
1295 1549 1391 1603 καὶ
1433 1550 1712 1622 ὀξυδερκεῖ
1737 1551 1816 1624 τῷ

226 1626 303 1698 νῷ
331 1645 432 1693 τας
456 1628 554 1683 τοῦ
582 1630 856 1704 θηρευτοῦ
887 1635 1122 1704 παγίδας
1146 1623 1356 1709 βλέποι,
1383 1642 1481 1694 καὶ
1509 1623 1816 1716 ὑπερακονέ

225 1718 365 1783 τίζοι
393 1720 496 1792 τὴν
529 1722 700 1795 αὐτὴν
734 1723 972 1780 διάνοιαν
999 1727 1093 1781 ἐπὶ
1116 1728 1185 1782 τὰ
1211 1730 1312 1802 ὅρη
1344 1731 1452 1786 τῶν
1482 1733 1812 1805 ἀρωμάτων,

1919 549 1985 604 ad
2014 565 2203 607 omnes
2233 551 2442 618 ﬁdeles,
2475 561 2531 608 et
2561 553 2630 608 ab
2670 553 2774 611 hac
2827 565 3018 612 sancta
3071 558 3333 616 Ecclesia.
3355 561 3499 616 -lllud

1916 643 2100 714 igitur,
2123 663 2142 696 ι
2173 645 2341 714 Fuge,
2369 645 2642 703 fratruelis
2671 664 2845 713 meus,
2875 659 2927 704 et
2961 653 3264 709 assimilare
3288 670 3500 726 caprea:

1915 746 2010 792 aut
2037 737 2261 793 hinnulo
2283 754 2570 796 cervorum
2603 740 2670 796 ad
2702 752 2912 799 montes
2945 745 3202 814 vallium,
3229 767 3247 799 ι
3286 749 3355 803 ob
3379 765 3498 803 eam

1915 830 2182 885 rationem
2199 839 2329 902 puto
2357 829 2560 898 dicere,
2586 842 2646 886 ut
2671 834 2761 904 qui
2784 835 2952 897 audit,
2989 836 3158 908 fugiat
3183 850 3490 907 peccatum,

1909 922 2061 992 juxta
2091 921 2232 991 quod
2271 924 2533 995 scriptum
2557 933 2643 981 est
2678 945 2692 981 :
2741 946 2759 978 ι
2797 927 3078 998 Tanquam
3107 946 3135 985 a
3167 931 3307 988 facie
3344 933 3501 988 colu-

1913 1012 1996 1068 bri
2029 1011 2153 1082 fuge
2189 1025 2470 1084 peccatum
2499 1016 2542 1074 ‘.
2574 1035 2592 1069 ι
2624 1018 2922 1074 Assimilari
2983 1031 3162 1077 autem
3201 1023 3354 1092 jubet
3401 1039 3498 1080 cas

1914 1117 2076 1173 prete,
2103 1113 2162 1159 ut
2184 1115 2402 1160 acutum
2428 1107 2626 1163 mentis
2659 1109 2872 1164 oculum
2899 1110 3116 1177 habeat,
3146 1129 3214 1169 ne
3241 1117 3409 1185 possit
3434 1117 3486 1172 in

1895 1196 2096 1267 ,plures
2117 1210 2300 1252 casses
2326 1207 2642 1254 venatorum
2672 1199 2928 1257 incidere.
2961 1202 3166 1274 Caprea
3193 1207 3336 1261 enim
3362 1223 3491 1262 acu-

1918 1296 2029 1342 tum
2061 1289 2262 1353 cernit”,
2291 1297 2346 1344 et
2367 1289 2709 1346 celerrimum
2743 1293 2944 1348 animal
2969 1305 3074 1352 est.
3103 1295 3175 1353 Ut
3203 1297 3368 1366 igitur
3399 1315 3497 1356 ve-

1915 1379 2190 1437 locissimo
2209 1397 2372 1438 cursu
2404 1399 2435 1439 a
2473 1393 2699 1453 peccato
2723 1384 2987 1456 aufugiat,
3023 1388 3314 1445 assimilari
3348 1391 3498 1461 jubet

1914 1486 2162 1541 capreae;
2206 1488 2328 1528 cum
2371 1473 2689 1530 salutarium
2737 1486 3127 1548 praeceptorum
3181 1482 3397 1538 auditor
3439 1493 3494 1538 et

1915 1573 2076 1619 acuto
2135 1565 2333 1621 mentis
2360 1566 2480 1621 visu
2510 1569 2786 1624 venatoris
2813 1569 2984 1623 cernit
3013 1568 3198 1639 plagas
3217 1611 3233 1638 ,
3274 1583 3328 1628 et
3356 1573 3502 1628 velut

1915 1655 2149 1724 iaculum
2188 1673 2406 1714 sursum
2445 1659 2642 1716 attollit
2679 1662 2920 1722 animum
2950 1662 3016 1717 ad
3048 1675 3257 1720 montes
3286 1681 3502 1722 aroma-

1920 1756 2032 1802 tum
2068 1746 2151 1803 vel
2183 1748 2398 1804 vallium
2419 1789 2436 1815 ,
2460 1751 2514 1805 id
2539 1760 2661 1816 est,
2701 1751 2768 1806 ad
2803 1752 3047 1808 excelsas
3072 1753 3342 1823 iustorum
3375 1756 3503 1813 alti-

225 1811 260 1881 ῆ
284 1810 395 1865 τῶν
430 1812 806 1886 κοιλωμάτων,
833 1817 972 1889 ὅπερ
1006 1820 1178 1886 ἐστὶν,
1205 1822 1300 1876 ἐπὶ
1335 1822 1404 1877 τὰ
1441 1825 1678 1898 ὑψιπετῆ
1708 1826 1817 1880 τῶν

1921 1835 2154 1900 tudines,
2182 1835 2254 1889 ita
2287 1847 2343 1890 ut
2363 1837 2406 1892 sl
2435 1837 2681 1896 diabolus
2707 1855 2804 1911 per
2825 1841 3100 1896 carnalem
3131 1842 3346 1899 femina:
3365 1861 3499 1900 con-

226 1900 460 1962 δικαίων
489 1905 698 1979 μεγέθη
718 1923 732 1936 ·
761 1908 870 1974 ἵνα,
905 1910 955 1962 εί
993 1911 1093 1980 μὲν
1128 1913 1336 1981 παγίδα
1376 1916 1701 1988 προτίθησιν
1729 1919 1820 1973 διὰ

225 1996 495 2070 γυναικὸς
530 2000 806 2070 σαρκικῆς
847 2001 1147 2075 ἐπιθυμίας
1191 2008 1219 2060 ό
1272 2008 1513 2080 πονηρὸς
1559 2009 1694 2082 (60),
1726 2010 1820 2064 ἐπὶ

223 2091 298 2144 τὰ
327 2088 442 2162 ὕψη
472 2106 558 2155 τις
599 2090 858 2166 ἀνατείνῃ
896 2092 987 2148 τὸν
1028 2093 1152 2150 νοῦν
1177 2097 1275 2167 τῆς
1315 2099 1674 2170 σωφροσύνης
1723 2099 1816 2154 τού

235 2182 471 2252 Ἰωσήφ·
488 2183 537 2236 εί
573 2182 630 2236 δὲ
651 2183 850 2248 κακίας
863 2185 1125 2259 ἐπεγείρῃ
1147 2187 1342 2259 Θυμὺν,
1363 2191 1457 2244 ἐπὶ
1468 2191 1528 2244 τὸ
1555 2191 1818 2261 ύψιτπτὲς

223 2272 331 2346 τῆς
355 2273 597 2367 άκακίαξ
618 2273 914 2345 ἀποϐλέψοι
946 2276 1047 2347 τῆς
1078 2276 1172 2330 τοῦ
1199 2277 1384 2343 Δαδὶδ,
1410 2279 1470 2344 ὃς
1492 2279 1584 2336 τὸν
1607 2284 1818 2338 κτεῖναι

225 2363 458 2420 θέλοντα
499 2363 600 2421 οὐκ
637 2366 888 2439 ἠμύνατο
931 2367 1124 2424 Σαούλ.
1158 2370 1299 2442 Ὄρη
1326 2371 1436 2444 γὰρ
1464 2372 1818 2444 κοιλωμάτων

224 2458 532 2530 κέκληνται
561 2459 610 2512 οἱ
639 2457 807 2530 ἅγιοι,
836 2459 922 2512 ἵνα
955 2459 1137 2515 καὶτὸ
1169 2460 1303 2531 ὕψος
1329 2465 1430 2534 τῆς
1471 2462 1820 2534 δικαιοσύνης

225 2551 417 2618 αὐτῶν
439 2551 529 2607 διὰ
555 2551 664 2607 τῶν
695 2551 1051 2623 κοιλωμάτων
1091 2554 1359 2627 κηρυχθῇ.
1393 2555 1466 2609 Τὸ
1494 2555 1604 2627 γὰρ
1629 2556 1822 2613 κοιλω-

230 2659 334 2713 μα,
367 2642 661 2695 ταπεινόν·
692 2642 755 2695 τὸ
806 2640 863 2694 δὲ
901 2643 1047 2714 δρος,
1074 2643 1297 2715 ὑψηλόν.
1321 2644 1496 2698 Τοῦτο
1547 2646 1656 2717 γάρ
1704 2649 1820 2713 τοῖς

224 2733 467 2798 δικαίοις
485 2733 798 2804 πρόσεστινο
812 2734 869 2787 ἐν
887 2732 1010 2802 ὕψει
1025 2734 1373 2806 δικαιοσύνης
1392 2736 1690 2808 κεκτῆσθαι
1705 2737 1818 2807 (61)

225 2825 419 2881 καὶτὸ
446 2825 695 2896 κοίλωμα
736 2825 838 2897 τῆς
880 2827 1404 2900 ταπεινοφροσύνης.
1456 2829 1548 2900 Τῷ
1591 2829 1649 2884 δὲ
1700 2829 1820 2906 Θεῷ

228 2918 396 2992 ἡμῶν
410 2918 542 2986 δόξα
578 2920 656 2983 εἰς
678 2919 804 2984 τοὺς
834 2917 1038 2986 αίῶνας
1067 2917 1176 2974 τῶν
1204 2918 1439 2982 αἰώνων.
1483 2922 1676 2995 Ἀμήν.

320 3055 347 3096 ο
374 3053 546 3110 Eccli.
573 3069 688 3119 ut,
713 3053 772 3111 2.

1919 1925 2311 1994 cupiscentiam
2352 1928 2576 1997 laqueos
2625 1927 2702 1984 illi
2743 1940 3035 2000 proponat,
3065 1932 3133 1985 ad
3163 1929 3502 1988 altitudinem

1919 2015 2185 2074 castitatis
2236 2017 2457 2091 Joseplii
2498 2029 2734 2076 mentem
2787 2021 3032 2078 intendat
3063 2039 3078 2078 :
3107 2022 3152 2078 si
3177 2039 3305 2079 vero
3343 2023 3504 2080 ultio-

1920 2110 2004 2174 nis
2037 2109 2172 2165 iram
2204 2111 2440 2176 excitet,
2477 2112 2543 2167 ad
2587 2111 2965 2169 celsltudinem
2996 2112 3320 2170 innocentiae
3345 2115 3505 2171 Davi-

1919 2199 2002 2256 dla
2027 2200 2306 2271 respiciat,
2336 2204 2426 2271 qui
2459 2202 2679 2259 Saulem
2711 2203 3024 2261 interﬁcere
3050 2219 3174 2260 eum
3201 2206 3505 2275 cupientem

1921 2306 2028 2347 non
2059 2291 2204 2349 ultus
2235 2304 2338 2349 est.
2368 2294 2577 2350 Montes
2593 2296 2737 2351 enim
2762 2295 2980 2351 vallium
3011 2306 3272 2352 vocantur
3304 2298 3504 2362 sancti,

1920 2393 1980 2440 ut
2025 2385 2251 2443 altitudo
2297 2387 2523 2458 justitia
2569 2403 2666 2458 per
2719 2397 2931 2444 montes
2978 2404 3084 2444 non
3137 2374 3398 2458 sileatur,
3453 2400 3508 2446 et

1918 2488 2108 2530 eorum
2164 2478 2443 2534 humilitas
2491 2493 2587 2549 per
2632 2479 2800 2535 valles
2858 2479 3206 2549 praedicetur.
3260 2481 3316 2537 Id
3360 2481 3507 2537 enim

1923 2564 2064 2620 inest
2082 2565 2274 2634 justis;
2309 2567 2360 2620 in
2402 2566 2688 2622 altitudine
2721 2567 2944 2635 Iustitiae
2975 2568 3170 2626 vallem
3226 2569 3507 2624 humilita-

1925 2657 1994 2712 tis
2023 2657 2248 2716 habere.
2292 2658 2400 2716 Deo
2437 2668 2616 2717 autem
2666 2671 2856 2717 nostro
2891 2661 3064 2732 gloria
3097 2661 3148 2717 in
3182 2659 3378 2718 saecula
3407 2674 3509 2718 sae‘

1923 2748 2189 2806 culorum.
2219 2750 2414 2809 Amen.

310 3165 426 3238 (58)
463 3163 976 3248 Explanatio‘liujus
1004 3163 1263 3248 postremi
1297 3165 1817 3248 vers..desideratur

1922 3164 2237 3240 ὁμοιοῦσθαι
2274 3163 2482 3248 κελεύει
2534 3167 2599 3237 τῇ
2637 3166 2882 3248 δορκάδι,
2926 3167 3078 3248 ὅταν.
3123 3183 3177 3248 κ,
3209 3182 3261 3221 τ.
3298 3164 3350 3248 λτ
3391 3181 3510 3248 qua:

235 3239 294 3293 in
323 3234 455 3290 meo
488 3234 694 3298 codice,
725 3244 810 3306 et
839 3236 990 3291 deest
1015 3237 1329 3306 Barberino,
1383 3237 1539 3306 cujus
1574 3237 1818 3290 ultimum

238 3308 428 3364 folium
460 3304 738 3360 communi
773 3305 1072 3362 innumeris
1096 3305 1374 3362 codicibus
1422 3304 1715 3364 infortunio
1741 3307 1824 3362 in-

244 3376 480 3432 tercidit.
512 3374 645 3428 Eam
685 3390 716 3430 e
743 3390 843 3430 ms.
868 3377 988 3432 eod.
1039 3375 1323 3431 Mutinensi
1386 3377 1622 3432 exscribi
1666 3393 1822 3432 cura-

1939 3237 2193 3320 )ostrema
2240 3239 2426 3303 verba,
2468 3252 2533 3291 ex
2573 3237 2943 3318 superioribus
2997 3237 3086 3320 llic
3140 3238 3409 3304 iterauda,
3441 3240 3508 3293 li-

1960 3308 2134 3365 rarius
2163 3306 2392 3362 fortasse
2422 3323 2516 3376 per
2539 3306 2886 3362 oscitantiam
2913 3307 3116 3360 omisit.

1995 3378 2105 3448 (60)
2149 3378 2533 3448 Ὃίᾳτονηρός,
2567 3395 2584 3427 ι
2607 3377 2872 3448 diabolus.
2904 3396 2935 3448 »ν
2957 3376 3010 3429 In
3043 3376 3145 3448 hoc
3167 3391 3328 3433 sensu
3356 3378 3510 3432 adhi-

243 3449 340 3512 vit,
373 3457 426 3500 et
452 3446 520 3520 ad
547 3460 666 3520 me_
690 3445 961 3520 misit‘pro
997 3462 1094 3520 sua
1123 3447 1460 3520 l_iumani_tate
1488 3447 1572 3502 vir
1608 3449 1824 3520 egregie
1921 3445 2176 3520 θείω-λιι
2215 3447 2362 3501 Novo
2393 3445 2744 3520 'l‘est.__apud
2793 3446 3062 3520 Matthgt,
3084 3447 3195 3520 35?;
3266 3464 3385 3511 xui,
3418 3451 3506 3514 l9,

241 3519 438 3580 doctus
472 3514 796 3570 Franciscus
826 3514 1091 3572 Antonius
1123 3517 1406 3572 Zacharia.

314 3586 431 3675 (59)
465 3584 859 3675 Τοευιιξμιιυίιιθ
899 3587 1074 3675 locum
1117 3588 1212 3670 ita~
1238 3587 1519 3675 legendum
1564 3587 1824 3675 arbitmr,

239 3658 334 3714 ἵνα
369 3656 464 3713 οὖν
503 3656 586 3730 τῷ
637 3656 883 3729 ὁξυτάτῳ
921 3656 1108 3732 δρόμῳ
1151 3657 1250 3730 τῆς
1281 3658 1555 3730 ἁμαρτίας
1588 3659 1826 3730 ἐκφυγῇν

1935 3517 2034 3581 58ς
2075 3517 2270 3588 Eplies.
2305 3533 2378 3584 vi,
2410 3519 2506 3584 i6;
2550 3516 2589 3572 ll
2627 3516 2820 3572 Thess.
2851 3533 2934 3584 ιιι,
2964 3517 3032 3584 '5;
3082 3516 3286 3573 lJoan.
3319 3535 3380 3587 ιι,
3421 3520 3511 3587 13,

1935 3589 2030 3654 14;
2065 3604 2144 3652 ttt,
2183 3588 2284 3655 ης
2325 3603 2378 3643 ν.
2409 3589 2478 3643 18

2005 3659 2118 3732 (6|)
2147 3657 2283 3717 Male
2312 3673 2504 3717 omnes
2534 3657 2690 3717 codd.
2723 3655 3012 3730 κέκτησθε.
