3878 6270
207 354 296 408 157
1210 352 1267 408 s.
1309 349 1656 408 ASTERIUS
1684 345 2085 405 AMASENUS.
2120 374 2192 384 —
2221 340 2520 398 NOTI'I‘IA.
3053 315 3062 324 ’
3335 334 3438 391 153

201 468 363 533 lingua
395 466 448 520 in
474 465 728 520 Auctario
776 465 1042 522 Ducteano
1071 465 1243 522 Paris.
1281 464 1440 527 I624,
1465 464 1516 524 ι.
1546 471 1676 516 tom.
1699 461 1766 523 Il,
1797 476 1850 528 p.
1877 458 2003 521 563,
2036 467 2091 510 et
2147 457 2198 510 in
2226 453 2549 508 Bibliotheca
2581 451 2804 506 Patrum
2850 450 3028 506 Paris.
3056 449 3194 505 1614
3227 449 3436 522 (1654),

211 568 344 612 torno
376 553 488 610 XIII
515 570 531 619 ;
578 555 674 610 sed
705 569 806 625 cpe
843 555 1111 620 codicum,
1142 569 1278 624 quos
1303 567 1333 607 a
1359 551 1648 608 Sirmundo
1675 549 1899 604 Duczcus
1926 552 2226 615 acceperat,
2257 544 2563 598 accuratius
2627 541 2927 597 recensita}.
2976 541 3112 596 Tum
3154 543 3346 596 Latine
3376 542 3430 597 in

207 648 509 702 Bibliotheca
537 634 763 702 Patrum
790 647 976 702 Colon.
1011 647 1170 707 1618.
1208 656 1338 702 ιοιιι.
1372 643 1462 710 ιν,
1494 642 1722 698 Rubenii
1745 641 2045 697 versionem
2071 637 2425 693 Combelisius
2457 637 2530 690 ita
2560 634 2927 704 interpolavit,
2961 643 3020 690 ut
3044 651 3237 690 novam
3271 637 3436 692 veluti

205 739 551 794 adornaverit.
574 738 782 795 Gallice
811 739 1088 795 transtulit
1139 737 1466 792 Franciscus
1499 733 1772 789 hlaucroix
1800 732 1904 804 (a),
1938 730 2092 786 Paris
2130 728 2287 795 I695,
2317 729 2511 800 lin-I2,
2551 727 2777 784 consilio
2812 727 2958 782 Pauli
2996 727 3302 791 Pelissonii,
3344 737 3438 799 qui

199 831 324 886 inter
343 831 726 886 disertissimos
751 830 969 887 Graecos
997 829 1250 885 Ecclesiae
1279 827 1528 883 doctores
1552 825 1726 878 locum
1769 821 2096 893 singularem
2126 821 2341 876 Asterio
2391 820 2730 874 tribuendum
2781 833 2900 874 esse
2947 833 3051 874 non
3083 820 3367 874 dubitavit.

259 921 307 976 6.
338 922 432 986 Εἰς
450 921 541 975 τὸν
566 923 856 994 προφήτην
883 920 1102 992 Δανιὴλ,
1129 920 1226 974 καὶ
1257 921 1339 983 εἰς
1372 918 1473 988 τὴν
1511 915 1790 969 Σωσάνναν

1909 932 1942 967 n
1965 913 2232 968 Danielem
2261 912 2586 982 prophetam,
2615 921 2662 965 et
2689 909 3012 966 Susannam.
3045 911 3238 980 Incipit
3265 930 3281 968 :
3325 910 3437 966 Ἀεὶ

199 1013 277 1066 τοῦ
301 1012 613 1083 Πνεύματος
636 1014 670 1084 ὴ
699 1013 879 1085 χάρις.
914 1013 991 1066 Ex
1029 1028 1131 1068 ms.
1168 1012 1314 1082 regis
1345 1009 1730 1066 Christianissit

1903 1023 2010 1061 IBII.
2044 1035 2116 1048 σ-
2148 1004 2340 1060 Exstat
2380 1005 2432 1060 in
2488 1003 2618 1060 bibl.
2664 1002 2838 1059 Paris.
2870 1004 3010 1074 publ.
3041 1005 3199 1060 codd.
3235 1018 3434 1060 ucxux

201 1117 244 1161 et
267 1122 514 1172 ιικινιιι,
549 1124 604 1162 n.
631 1107 723 1162 29.
753 1137 822 1148 —
843 1106 1017 1163 Oxon.
1044 1108 1100 1162 in
1128 1109 1252 1162 cod.
1281 1106 1505 1160 Barocc.
1538 1119 1702 1160 cxcu.

1838 1120 1907 1159 ιι..
3363 1165 3369 1184 Ι

259 1199 306 1250 7.
335 1199 427 1262 Εἰς
455 1200 550 1253 τὸν
578 1201 643 1253 ἐκ
664 1199 880 1263 ,κοιλίας
907 1200 1130 1270 τυφλόν.
1167 1199 1235 1254 In
1269 1211 1465 1253 aecum
1512 1209 1546 1251 a
1575 1197 1790 1250 nativita

1910 1194 2065 1250 Joan.
2092 1210 2166 1249 tx.
2205 1193 2393 1262 Incipit
2417 1210 2441 1247 τ
2484 1189 2824 1262 Ἦκούσαμεν
2853 1192 3055 1263 ἀρτίως
3085 1192 3176 1245 τοῦ
3199 1193 3317 1248 υἱοῦ
3336 1194 3437 1264 τῆς

201 1286 428 1358 βροντῆς.
464 1288 543 1342 Ex
583 1289 768 1344 codice
793 1287 1061 1344 Sirmoudi
1092 1297 1146 1344 et
1200 1286 1570 1358 Seguieriano.
1596 1284 1753 1355 Legit
1779 1284 2000 1340 Photius
2023 1293 2077 1339 et
2125 1284 2242 1338 loca
2268 1298 2336 1338 ex
2376 1282 2479 1337 hoc
2504 1297 2753 1337 sermone
2777 1283 2979 1351 profert
3021 1285 3074 1338 in
3105 1284 3438 1340 Bibliotheca

202 1380 304 1435 cod.
327 1394 538 1443 CCLXXI,
575 1395 627 1449 p.
664 1380 771 1441 820
800 1382 929 1436 edit.
957 1382 1162 1449 prima.

261 1469 308 1523 8.
335 1471 424 1534 Εἰς
448 1472 575 1535 τοὺς
605 1471 796 1540 ἁγίους
822 1473 1158 1544 κορυφαίους
1187 1470 1544 1537 ἀποστόλους,
1572 1469 1778 1541 Πέτρον

1928 1468 2160 1524 Παῦλον.
2192 1467 2256 1523 In
2293 1477 2504 1523 sanctos
2529 1469 2791 1538 principes
2820 1471 3104 1540 apostolos,
3140 1472 3354 1528 Petrum
3385 1482 3435 1527 et

204 1562 428 1620 Paulum.
459 1568 652 1639 Incipit
684 1589 699 1624 :
732 1571 909 1624 Πᾶσαι
936 1571 1034 1643 μὲν
1056 1573 1112 1625 αἱ
1138 1570 1390 1643 συνήθεις
1429 1564 1610 1627 αὗται.
1641 1570 1720 1623 Ex

1907 1571 2067 1626 ‘andte
2097 1568 2438 1640 antiquitatis
2468 1567 2655 1624 codice
2679 1565 3029 1637 Seguieriano
3060 1579 3248 1620 recens
3277 1563 3438 1618 allato

202 1673 257 1712 ex
285 1657 475 1713 celebri
513 1663 842 1718 monasterio
871 1662 971 1733 τῆς
997 1662 1372 1734 ὲγκλείστρας,
1402 1661 1644 1718 Graeciae.

260 1748 308 1804 9.
348 1749 653 1822 Ἐγκὼμιον
692 1754 774 1816 εἰς
796 1754 888 1807 τὸν
919 1754 1071 1822 ἅγιον
1097 1755 1470 1827 ἱερομάρτυρα
1501 1757 1717 1809 Φωκᾶν.
1747 1754 1791 1808 lt

1917 1765 2198 1824 martyrem
2218 1752 2471 1821 Phocum,
2491 1751 2864 1822 Sinopensem,
2887 1764 3102 1820 passum
3131 1748 3313 1804 Roma:
3337 1745 3438 1804 sub

204 1842 433 1914 Traiano.
473 1847 668 1918 Incipit
707 1848 905 1921 εΚαλὴ
938 1850 1034 1903 καὶ
1067 1851 1440 1923 συμφέρουσα.
1495 1851 1576 1906 Ex
1624 1851 1735 1906 codi

1904 1852 2000 1922 agis
2033 1850 2218 1907 Galliae
2245 1861 2299 1906 et
2333 1852 2670 1922 autographo
2710 1849 3002 1904 Sirmoudi.
3038 1848 3092 1903 In
3116 1845 3435 1918 quibusdam

203 1939 454 1994 codicibus
486 1941 568 2010 (ut
597 1941 846 1998 Caesareo
864 1945 1000 2012 apud
1027 1943 1368 2000 Lambecium
1392 1959 1513 2008 vin,
1538 1959 1592 2015 p.
1639 1944 1770 2015 243)
1801 1945 1875 2016 (b)
1901 1946 2089 2014 incipit
2115 1960 2145 1999 a
2177 1943 2377 2010 verbis,
2409 1959 2462 2013 p.
2486 1942 2609 2009 ΠΙ,
2639 1942 2767 1998 edit.
2798 1939 3204 1998 Comhelisiante
3230 1955 3242 1991 :
3265 1935 3440 2008 -Ἱερὸς

205 2029 287 2099 μὲν
309 2030 398 2083 καὶ
426 2031 714 2099 θεσπέσιος
743 2035 886 2099 ἅπας
909 2037 938 2089 ὁ
960 2035 1070 2088 τῶν
1096 2035 1359 2105 γενναίων
1415 2038 1708 2109 μαρτύρων

1907 2054 2058 2106 .ογος.
2092 2038 2269 2106 Atque
2322 2035 2397 2089 ita
2445 2034 2659 2101 Latine,
2693 2042 2945 2102 tanquam
2979 2029 3234 2086 Simeone
3267 2025 3438 2081 hleta-

203 2126 400 2192 phraste
431 2141 680 2193 auctore,
710 2132 908 2202 legitur
950 2134 1091 2204 apud
1137 2133 1554 2204 Lipomannum,
1585 2143 1716 2191 tom.
1758 2134 1845 2201 γι,
1874 2152 1928 2204 p.
1957 2134 2086 2200 274,
2113 2145 2168 2188 et
2192 2132 2408 2188 Surinm
2440 2131 2506 2186 ad
2535 2131 2606 2184 22
2635 2128 2788 2198 Sept.
2830 2129 2971 2183 Duos
2997 2126 3207 2181 Pliocas
3237 2129 3440 2191 marty-

204 2234 277 2275 res
307 2223 356 2276 in
384 2223 485 2280 hoc
510 2241 766 2282 sermone
791 2229 860 2283 ab
909 2228 1124 2284 Asterio
1153 2228 1432 2294 confundi,
1459 2237 1612 2286 notat
1632 2227 1922 2286 'Baronius
1970 2229 2036 2285 ad
2063 2226 2408 2299 Martyrolog.
2442 2225 2594 2281 Rom.
2627 2226 2696 2279 14
2724 2223 2854 2289 .1ιιΙ.,
2899 2236 3062 2292 quem
3111 2219 3232 2274 vide
3277 2218 3440 2272 etiam

204 2313 258 2367 ad
281 2316 310 2370 5
335 2317 530 2384 Martii,
569 2321 659 2375 ubi
697 2332 847 2376 notat
884 2323 1046 2379 verba
1077 2325 1318 2394 quaedam
1347 2323 1488 2395 (quae
1523 2341 1646 2396 pag.
1676 2326 1778 2381 I78
1804 2326 1934 2380 edit.
1955 2323 2268 2381 Combelisii
2299 2320 2593 2392 leguntur),
2625 2320 2832 2375 laudari
2856 2319 2908 2374 in
2939 2319 3162 2387 septima
3207 2314 3439 2384 synodo.

263 2411 340 2466 I0.
369 2413 462 2478 Εἰς
496 2414 628 2479 τοὺς
661 2416 853 2484 ἁγίους
902 2418 1210 2490 μάρτυρας.
1263 2417 1578 2473 Encominm
1625 2419 1680 2472 in
1729 2434 1789 2472 sa

1914 2434 1939 2472 s
1981 2408 2259 2487 martyres.
2317 2415 2552 2486 Incipit:
2587 2415 2778 2468 Ἔστιν
2832 2410 2908 2476 ὡς
2954 2411 3128 2464 ἔοικεν
3169 2407 3264 2462 καὶ
3291 2403 3441 2477 παρὰ

204 2505 312 2560 τῶν.
336 2507 410 2564 Ex
447 2510 639 2567 codice
665 2514 813 2568 card.
843 2513 1140 2578 Columnae,
1165 2514 1501 2570 describente
1522 2512 1636 2569 Iac.
1665 2513 1957 2568 Sirmondo
1984 2511 2188 2583 [exstat
2212 2511 2266 2568 in
2297 2511 2418 2567 cod.
2452 2509 2624 2566 Paris.
2662 2508 2792 2564 bibl.
2818 2507 2964 2578 publ.
2994 2503 3268 2577 necum].
3299 2504 3442 2558 Loca

206 2604 292 2656 duo
319 2619 347 2658 e
372 2621 472 2661 ms.
509 2606 759 2663 Caesareo
787 2611 1032 2664 emendat
1059 2608 1376 2666 Lambecius
1401 2625 1521 2675 vnn,
1558 2625 1611 2678 p.
1643 2609 1747 2663 573
1779 2607 1849 2681 [s.
1874 2625 1929 2678 p.
1963 2608 2059 2663 79!
2098 2623 2220 2679 sqq.
2248 2608 2334 2664 ed.
2359 2605 2565 2662 Kollar.
2598 2605 2720 2661 cod.
2759 2621 2926 2669 xxxv,
2953 2621 3007 2660 ιι.
3044 2601 3124 2674 4].

264 2697 340 2752 11.
370 2699 462 2764 Εἰς
494 2701 796 2775 μαρτύριον
822 2702 922 2773 τῆς
946 2709 1301 2776 πανευφήμου
1337 2705 1613 2778 μάρτυρος
1637 2705 1790 2774 Εὐφη

1912 2721 1949 2766 ς,
1981 2703 2266 2776 ἐκφρασις.
2325 2702 2615 2757 Enarratio
2661 2702 2932 2772 imaginis,
2981 2717 3085 2770 qua
3131 2697 3443 2768 exprimitur

207 2791 490 2858 martyrium
514 2790 828 2847 clarissima:
854 2797 1097 2865 martyris
1157 2796 1486 2866 Euphemia',
1518 2797 1619 2851 sub
1665 2795 1738 2849 Dii

1912 2810 2002 2850 ιιιο
2033 2811 2223 2866 passae.
2271 2795 2468 2864 Incipit
2498 2812 2513 2850 :
2548 2794 2748 2867 Πρώην
2781 2793 2900 2865 μὲν,
2946 2785 2991 2845 ὧ
3018 2792 3226 2862 ἄνδρες,
3265 2791 3443 2858 Δημο-

208 2881 375 2954 σθένην
408 2885 569 2957 ἔσχον
591 2889 650 2942 ὲν
683 2890 841 2961 χερσὶ
869 2890 958 2944 τὸν
983 2891 1175 2945 δεινόν.
1206 2891 1358 2946 IIanc
1389 2891 1657 2964 ἐκφρασιν
1680 2893 1739 2945 At

1912 2891 2132 2946 laudant
2163 2891 2385 2948 Pbotius
2413 2893 2464 2947 in
2488 2892 2810 2946 Bibliotheca
2841 2889 2961 2944 eod.
2991 2904 3206 2950 ccuxt,
3239 2903 3291 2956 p.
3317 2885 3443 2965 810,

208 2981 251 3025 ct
268 2973 313 3027 in
337 2977 714 3044 Amphilochiis
750 2990 940 3050 quiest.
975 2981 1098 3048 I25,
1130 2982 1479 3039 etAdrianus
1500 2982 1566 3050 ll,
1610 2996 1769 3050 papa,
1804 2981 1899 3036 lib.
1943 2981 2018 3036 De
2041 2983 2382 3053 imaginibus,
2413 2982 2727 3052 profertque
2756 2982 3017 3050 integram
3053 2980 3279 3048 septima
3312 2992 3446 3047 syn-

209 3068 322 3124 odus
348 3073 560 3128 actione
589 3074 644 3137 4,
675 3083 805 3129 tom.
834 3073 902 3129 Ill
934 3075 1099 3142 Binii,
1136 3091 1259 3148 pag.
1297 3077 1402 3132 5M
1427 3092 1542 3148 seq.
1574 3075 1782 3131 Laudat
1811 3075 2006 3130 iterum
2039 3089 2092 3144 p.
2125 3075 2251 3142 659,
2283 3077 2497 3132 actione
2532 3076 2586 3140 6,
2623 3083 2679 3130 et
2711 3091 2762 3143 p.
2789 3073 2915 3140 700,
2957 3072 3174 3127 actione
3201 3071 3254 3125 8.
3285 3069 3449 3128 Com.-

212 3161 404 3222 bellsius
433 3183 569 3224 vero
603 3183 672 3225 ex
701 3170 980 3226 codicibus
1006 3172 1218 3228 duobus
1243 3173 1406 3243 regiis
1434 3173 1505 3246 (ε)
1531 3172 1839 3243 castigavit,
1874 3179 1929 3226 et
1975 3187 2112 3227 nova
2145 3173 2394 3230 versione
2423 3173 2660 3230 donavit.
2693 3171 2898 3229 Gallice
2925 3187 3048 3227 cum
3076 3169 3262 3239 primis
3285 3167 3444 3238 quin-

211 3270 296 3324 que
321 3260 552 3317 homiliis
580 3265 740 3319 vertit
771 3262 1097 3322 Franciscus
1121 3266 1422 3332 Maucroix,
1457 3267 1630 3325 Paris.
1668 3271 1808 3326 1695
1841 3273 2020 3328 in-I2.

269 3351 384 3416 Sex,
421 3370 559 3425 quas
593 3357 839 3426 proxime
896 3357 1158 3415 hactenus
1211 3359 1392 3426 retuli,
1431 3359 1640 3430 primus
1687 3360 1874 3418 Graece
1898 3374 1951 3419 et
1981 3363 2170 3418 Latine
2200 3363 2388 3429 edidit,
2416 3361 2861 3432 Rubenianisque
2889 3358 3187 3429 subiunxit,
3227 3368 3282 3413 et
3314 3357 3446 3414 uni-

213 3458 374 3502 versas
415 3451 555 3505 notis
611 3451 899 3506 illustravit
951 3452 1278 3509 Franciscus
1313 3452 1693 3520 Combelisius,
1722 3464 1851 3510 tom.
1887 3456 2168 3510 lAuctarii
2196 3457 2310 3510 novi
2339 3455 2679 3510 Bibliothecw
2709 3452 2950 3520 Patrum,
2973 3452 3144 3508 Paris.
3171 3452 3307 3508 1648
3351 3452 3449 3507 I'olo

216 3537 380 3596 Latine
411 3543 607 3598 deinde
637 3558 703 3599 ex
743 3545 1053 3602 Combelisii
1083 3549 1333 3604 versione
1384 3549 1667 3618 subiunxit
1726 3549 2057 3620 Theophilus
2098 3551 2450 3622 Raynandus,
2501 3550 2754 3621 operibus
2781 3549 3100 3604 Latinorum
3125 3549 3450 3617 scriptorum

216 3625 388 3686 Leonis
425 3632 632 3706 Magni,
661 3635 875 3692 Maximi
911 3636 1286 3706 Tanrinensis,
1310 3640 1456 3695 Petri
1481 3640 1818 3713 Chrysologi,
1867 3643 2155 3713 Fulgentii,
2188 3644 2461 3699 Valeriani
2490 3643 2860 3709 Cemeliensis,
2887 3652 2944 3698 et
2965 3642 3208 3708 Amedei,
3243 3640 3452 3696 Lausa-

216 3721 372 3775 nensis
396 3724 662 3795 episcopi,
699 3741 817 3795 qua:
849 3729 949 3783 sub
985 3729 1138 3784 titulo
1187 3729 1444 3800 lieptadis
1484 3733 1790 3801 prwsulum,
1819 3733 2129 3790 Christiana
2165 3735 2420 3805 sapientia
2451 3746 2496 3789 et
2523 3735 2776 3804 facundia
2806 3734 3242 3794 clarissimorum,
3278 3732 3450 3801 Lugd.

217 3809 335 3867 I652
355 3826 404 3870 et
426 3817 600 3872 Paris.
654 3820 809 3885 I66I,
868 3821 961 3890 fol,
991 3840 1094 3878 una
1125 3823 1246 3890 hac,
1288 3839 1347 3879 ut
1379 3826 1624 3894 queritur
1657 3828 1709 3882 in
1753 3827 1895 3884 Bibl.
1925 3831 2315 3884 concionatoria
2345 3829 2721 3892 Combelisius.
2771 3829 2923 3899 ofﬁcii
2960 3829 3152 3898 gratia,
3192 3827 3331 3897 quod
3363 3841 3454 3880 ex-

218 3917 434 3970 punctum
463 3927 640 3966 meum
673 3915 1008 3981 producentis
1042 3932 1229 3970 nomen
1281 3928 1376 3972 est.
1410 3916 1676 3973 Nimirum
1718 3917 2057 3975 Dominicani
2112 3921 2420 3977 Cmnbelisii
2494 3937 2690 3977 nomen
2745 3921 2976 3976 libenter
3013 3918 3454 3990 supprimendum

221 4009 346 4056 ratus
366 4015 444 4059 est
470 4005 684 4062 Jesuita
711 4007 1058 4080 IIaynaudus,
1095 4009 1376 4081 professus
1409 4013 1572 4068 etiam
1603 4011 1956 4084 Cyriacorum
1989 4016 2353 4072 adversarius.
2396 4015 2454 4070 In
2499 4017 2586 4071 illa
2615 4015 2925 4072 Combelisii
2972 4014 3300 4069 Bibliotheca
3326 4029 3456 4066 con-

222 4091 492 4151 eionatoria
517 4099 791 4169 pleraeque
815 4101 978 4155 etiam
1003 4103 1204 4158 Asterii
1238 4103 1474 4158 homiliae
1501 4119 1565 4160 ex
1593 4105 1902 4162 Combelisii
1941 4109 2190 4163 versione
2230 4107 2421 4164 Latine
2443 4110 2786 4166 exhibentur.

278 4188 360 4253 I2.
400 4192 706 4264 Ἐγκώμιον
739 4197 820 4261 εἰς
856 4196 948 4250 τὸν
978 4197 1131 4266 ἅγιον
1186 4201 1629 4274 πρωτομάρτυρα
1675 4201 1809 4271 Στέςί

1921 4219 1967 4258 ν.
2019 4202 2285 4259 Laudatio
2331 4203 2390 4260 S.
2418 4205 2820 4275 protomartyris
2877 4203 3152 4272 Stephani.
3211 4199 3398 4270 Incipit
3437 4217 3452 4256 :

229 4274 463 4354 ἀςιερδς
517 4286 741 4357 ἀληθῶς
771 4288 865 4341 καὶ
903 4288 1105 4353 καλῶς.
1139 4289 1215 4344 Ex
1252 4289 1429 4346 I’lmtii
1478 4291 1760 4346 testimonii

1926 4292 1986 4346 Id.
2018 4309 2233 4362 ccuxt,
2264 4274 2477 4351 Asterio
2503 4297 2770 4350 Amascno
2791 4295 3113 4360 vindicatur,
3139 4302 3194 4348 et
3219 4293 3317 4347 sub
3341 4293 3457 4364 ejus

223 4374 414 4431 noniine
443 4393 473 4432 a
503 4377 833 4435 Combelisio
857 4380 1144 4437 exhibetur
1185 4382 1374 4440 Graece
1402 4394 1458 4440 et
1476 4383 1689 4449 Latine,
1720 4392 1851 4439 tom.
1884 4384 1902 4439 I
1945 4384 2182 4440 Auctarii
2209 4389 2347 4454 novi,
2378 4403 2500 4459 pag.
2525 4386 2649 4452 283,
2682 4386 2804 4443 licet
2828 4386 3040 4442 codices
3069 4387 3283 4457 quidam
3317 4385 3459 4440 rele-

225 4476 327 4521 rant
371 4471 434 4526 ad
500 4473 757 4529 Proclum
809 4476 1484 4548 Constantinopolitanum,
1535 4479 1678 4534 inter
1729 4481 1881 4548 cujus
1937 4480 2190 4537 homilias
2229 4480 2562 4536 aVincenIio
2618 4481 2880 4536 Iliccardo
2930 4481 3073 4536 edita
3125 4491 3223 4543 cst_
3287 4489 3345 4534 ut
3401 4480 3454 4534 in

225 4555 388 4620 Proclo
421 4581 475 4622 ιι.
509 4569 718 4634 17,18,
751 4571 885 4626 dixi.
923 4573 992 4626 At
1017 4571 1220 4627 fallitur
1239 4571 1507 4638 Oudinus,
1536 4573 1626 4643 qui
1656 4573 1936 4629 Itomiliam
1964 4579 2020 4629 in
2065 4585 2501 4645 protomartyr-em
2537 4577 2884 4644 Stephanum,
2918 4577 3202 4646 quaeinter
3230 4573 3457 4645 Nysseni

226 4667 362 4718 Opera
403 4668 532 4715 tom.
560 4659 651 4724 III,
683 4677 804 4732 pag.
827 4663 954 4730 554,
1012 4663 1228 4734 legitur,
1259 4663 1458 4720 Asterii
1497 4679 1620 4721 esse
1648 4666 1862 4730 scribit,
1901 4681 1957 4736 p.
1993 4665 2059 4722 59
2095 4665 2448 4736 Supplementi
2485 4668 2549 4722 de
2576 4668 2918 4735 scriptoribus
2957 4667 3138 4723 eccles.
3171 4666 3261 4720 IIIa
3289 4668 3459 4731 enim,

225 4740 330 4798 licet
345 4748 533 4805 similia
561 4753 807 4821 quaedam
840 4756 1051 4821 habeat,
1077 4755 1306 4820 aliaest,
1346 4765 1508 4826 atque
1539 4756 1728 4827 incipit

1962 4758 2103 4830 καλὴ
2142 4759 2249 4811 τῶν
2275 4758 2496 4828 ἀγαθῶν
2539 4761 2573 4831 ἡ
2610 4759 2918 4814 ἀκολουθία.
2945 4758 3080 4815 Vide
3109 4763 3159 4812 in
3194 4757 3457 4829 Nysseuo.

287 4835 364 4890 I3.
390 4837 454 4892 In
480 4839 758 4896 Psalmum
787 4844 892 4900 IV.
925 4846 1116 4916 Incipit
1149 4863 1164 4903 :
1203 4845 1416 4918 Ὠσπερ
1444 4848 1473 4901 ὁ
1513 4849 1579 4919 τῇ
1614 4849 1818 4902 ποικιλε

1932 4849 2127 4905 ?rodiit
2155 4865 2186 4906 e
2219 4866 2324 4906 ms.
2351 4850 2600 4906 Caesareo
2623 4851 2810 4906 Graece
2841 4852 2982 4906 inter
3007 4851 3255 4906 homilias
3287 4849 3463 4921 Cliry.

229 4933 443 4996 sostomi.
477 4946 609 4990 tom.
648 4936 737 4992 VII
769 4939 900 4994 edit.
929 4939 1238 5002 Saviliante,
1278 4954 1333 5010 p.
1364 4939 1490 5005 451,
1539 4940 1635 4996 sed
1671 4943 1992 4998 auctoritate
2023 4943 2242 4998 Catena:
2288 4944 2342 4996 in
2380 4942 2624 4997 Psalmos
2650 4958 2684 4998 ι.
2711 4960 2738 4996 a
2767 4943 2984 4998 Daniele
3007 4943 3244 4999 Barbara
3272 4944 3464 5000 Latine

230 5021 378 5091 edita},
403 5028 616 5088 Asterio
641 5033 947 5088 vindicatur
971 5046 1000 5086 a
1025 5031 1310 5099 Cotelerio,
1331 5033 1422 5102 qui
1455 5031 1636 5088 varias
1673 5031 1934 5090 lectiones
1970 5033 2172 5092 codicis
2197 5033 2376 5106 Regii,
2407 5045 2538 5090 tom.
2567 5034 2610 5089 ll
2667 5033 3020 5104 Maritimum,
3047 5051 3169 5108 pag.
3197 5036 3300 5093 5I6
3321 5053 3464 5110 seq.,
3491 5109 3494 5114 _

231 5120 510 5187 publicavit.

289 5242 356 5312 (α)
388 5243 612 5296 Journal
627 5245 720 5297 des
750 5241 998 5306 Sarants,
1034 5241 1189 5308 I695,
1220 5255 1276 5312 p.
1310 5241 1413 5298 6‘29
1443 5241 1573 5296 edit.
1607 5239 1784 5296 Amst.

295 5311 460 5386 ψη).
482 5315 586 5368 517
617 5330 701 5386 sq.
738 5315 825 5367 ed.
861 5312 1061 5386 Kollar.
1117 5311 1235 5386 qui,
1273 5323 1331 5366 ut
1365 5323 1418 5368 et
1451 5313 1702 5386 Lambec.
1743 5313 1810 5366 de.
1861 5311 2070 5367 duobus
2103 5313 2295 5369 Phocis
2333 5318 2578 5386 qna-dam
2635 5314 3094 5371 animadvertunt.
3132 5313 3257 5369 Ilaec
3287 5322 3464 5386 autem

235 5379 404 5457 {Isti-ri}
451 5379 689 5457 laudatio
735 5392 885 5453 grata
943 5384 1109 5438 fuisse
1135 5379 1354 5438 'videtur
1381 5383 1778 5450 antiquioribus
1805 5399 1819 5448 ;
1845 5393 2044 5457 utpote
2098 5402 2219 5457 cum
2250 5379 2420 5440 illa'in
2451 5388 2694 5457 pluribus
2723 5395 2975 5440 occurrat
3024 5386 3205 5457 _c_odd.,
3236 5397 3288 5438 ο.
3321 5399 3372 5450 g.
3395 5384 3462 5457 in

238 5450 593 5524 Ψιιι.βοιιιεί.,
660 5469 713 5507 n.
741 5450 970 5524 ccxxxvt
1004 5462 1088 5524 ret
1144 5468 1387 5508 ccuxxxv
1451 5468 1562 5507 sec.
1588 5461 1704 5524 cat.
1738 5450 1931 5524 codd.
1975 5455 2200 5524 Angliam,
2233 5469 2365 5520 etc.,
2420 5450 2550 5514 ιόιιι.
2581 5456 2622 5520 l,
2678 5465 2732 5510 ut
2761 5458 2811 5508 in
2859 5467 2985 5508 tom.
3026 5455 3085 5519 ll,
3118 5454 3260 5507 inter
3285 5454 3463 5524 codd.

237 5515 323 5593 'I’tn.
346 5521 490 5589 (ἶρις,
518 5515 835 5589 ιι.ί5878;-
863 5524 913 5576 in
942 5522 1072 5576 bibl.
1102 5524 1369 5593 quondam
1409 5525 1558 5592 regia
1585 5523 1766 5593 Taurii

1936 5515 2088 5587 xxw:
2117 5515 2207 5579 fol.
2261 5515 2362 5589 99,
2403 5529 2491 5582 ubi
2532 5515 2693 5581 etiam
2750 5526 2936 5593 incipit
2971 5544 2984 5579 :
3030 5515 3194 5593 Ὶὲρὸς
3241 5522 3340 5593 μὲν
3372 5522 3467 5593 καὶ

240 5586 517 5656 θεσπέσιος,
558 5605 688 5656 etc.,
713 5586 763 5646 ν.
795 5603 902 5647 cat.
936 5594 1092 5645 codd.
1118 5591 1212 5649 Gr.
1243 5586 1498 5654 Taurini;
1527 5609 1579 5660 p.
1612 5592 1733 5653 ISI;
1762 5623 1832 5632 ——
1867 5589 2152 5649 Mediolani
2182 5597 2231 5649 in
2266 5586 2393 5652 bibl.
2437 5597 2788 5651 Ambrosiana
2815 5612 2830 5660 ;
2859 5586 2933 5634 ἶ-
2959 5603 3014 5648 ct
3064 5586 3116 5647 in
3156 5586 3277 5645 cuzl.
3317 5591 3468 5645 Slor-

242 5660 387 5735 “alio.
418 5675 552 5718 teste
578 5663 1023 5735 blontianc._l_iibl.
1059 5677 1192 5718 mss.
1241 5662 1278 5716 I.
1305 5679 1356 5732 p.
1387 5663 1491 5718 495
1521 5673 1575 5717 et
1628 5663 1753 5729 700;
1783 5691 1842 5701 ο-
1882 5660 2056 5722 I’aris.
2092 5668 2141 5721 in
2178 5678 2302 5722 octo
2351 5670 2507 5724 codd.
2541 5666 2670 5723 bibl.
2725 5666 2867 5735 publ.
2909 5662 3036 5719 add.
3068 5661 3229 5734 paulo
3255 5671 3379 5719 ante
3405 5661 3465 5718 in

243 5731 405 5782 notitia
438 5736 594 5788 codd.
620 5744 675 5790 et
706 5735 840 5788 infra
875 5732 1047 5787 "ARL.

302 5800 364 5864 lci
395 5801 580 5862 Exstat
613 5805 662 5862 in
692 5805 862 5862 tribus
889 5805 1048 5860 codd.
1087 5803 1256 5860 Paris.
1292 5802 1423 5860 bibl.
1458 5803 1602 5876 publ.
1639 5804 1713 5860 In.
