3878 6270
178 309 258 365 tot
1327 314 1442 374 ru.
1477 311 1871 372 conamen
1911 312 2307 395 PREEATIO.
3339 320 3446 378 tce

175 449 364 507 Astera
393 460 766 524 suppetereut,
803 467 986 509 verum
1019 452 1186 508 etiam
1215 463 1422 520 vetera,
1465 469 1531 512 ac
1554 455 1668 528 jam
1706 455 1849 512 edita
1878 455 1932 510 in
1959 471 2126 510 unum
2166 456 2389 513 collecta
2419 472 2615 530 corpus
2646 473 2711 516 ac
2736 461 3035 534 recognita,
3064 433 3205 532 juris
3239 459 3456 537 publici

178 544 404 600 facerem
443 557 604 616 atque
643 547 956 616 vulgarem:
986 560 1098 616 quo
1125 546 1232 602 sibi
1273 547 1527 619 deinceps
1562 557 1747 604 tantus
1788 557 2065 604 constaret
2103 546 2286 615 Pater,
2320 565 2427 606 non
2483 552 2660 621 qualis
2697 553 2814 624 ipse
2850 555 2976 609 olim
3019 557 3222 613 relictis
3249 573 3442 614 monu-

178 636 366 692 mentis
395 635 698 702 habuisset,
729 638 826 694 sed
857 636 1031 708 qualis
1060 635 1177 692 fere
1206 645 1329 708 post
1368 645 1449 693 tot
1489 638 1709 706 sarcula,
1746 653 1851 695 non
1885 637 2073 708 paucis
2107 635 2306 706 injuria
2340 647 2642 710 temporum
2672 644 2889 700 amissis
2929 660 3146 702 suarum
3185 647 3446 704 lucubra-

180 731 398 797 tionum,
440 738 533 786 aut
565 731 724 801 plane
751 731 1020 797 obscuris,
1062 731 1220 787 nobis
1258 730 1442 803 habet,
1491 729 1625 798 Quis
1664 732 1808 786 enim
1848 730 2124 796 Photium,
2156 744 2436 786 sermones
2479 731 2679 788 Asterii
2714 735 3045 805 relegentem
3077 753 3141 794 ac
3171 739 3444 795 deuoran-

180 836 294 895 tem,
329 823 549 893 legens;
586 825 917 896 nostrisque,
951 838 1058 894 qua
1095 825 1271 889 novis,
1321 839 1424 896 qua
1464 833 1621 880 antea
1654 822 1836 889 editis,
1878 823 1926 877 ei
1967 821 2106 879 lecta
2147 837 2496 893 componens,
2531 825 2584 880 in
2623 827 2818 897 quibus
2865 829 2952 884 vix
2995 846 3102 886 una
3141 842 3234 888 aut
3269 833 3448 890 altera

183 915 414 981 homilia,
442 916 675 971 decades
709 916 883 972 ambae
908 914 1264 980 conveniant,
1312 929 1417 971 non
1456 915 1607 987 plura
1651 915 1714 986 ejt

1920 961 1923 969 .
1971 916 2140 985 ipsius
2177 915 2292 972 sive
2333 917 2661 988 ἑορταστικά
2694 921 2808 977 sive
2845 922 3149 997 ἐξηγητικά
3177 928 3451 984 excidisse

183 1009 494 1076 pervideat?
535 1008 754 1066 Lubens
787 1024 938 1082 ergo,
979 1023 1090 1080 quo
1126 1017 1186 1065 et
1223 1008 1458 1066 residuis
1494 1009 1616 1066 istis
1651 1009 1704 1063 in
1739 1017 2016 1079 posterum
2051 1017 2269 1064 cautum
2311 1009 2402 1075 sit,
2443 1010 2762 1084 fruaturque
2798 1016 3109 1074 Christiana
3143 1022 3448 1092 respublica

177 1101 252 1158 vel
279 1102 525 1171 tantillis,
552 1104 730 1172 magni
750 1104 886 1160 adeo
910 1119 973 1160 ac
997 1103 1296 1161 Christiani
1330 1102 1566 1160 rhetoris
1597 1102 1961 1173 theologique,
1995 1102 2228 1168 exuviis,
2255 1103 2397 1158 votis
2423 1105 2723 1162 amicorum
2755 1111 2918 1178 cessi,
2946 1127 3010 1168 ac
3044 1129 3259 1170 manum
3292 1116 3448 1186 operi

178 1198 410 1266 admovi;
452 1199 800 1270 primumque
831 1199 970 1269 ejus,
1007 1199 1058 1254 in
1093 1214 1216 1255 meo
1251 1199 1355 1255 hoc
1393 1213 1708 1256 sermonum
1757 1195 2022 1266 eiusmodi
2058 1211 2123 1252 ac
2160 1198 2506 1254 homiliarum
2547 1201 2872 1258 selectarum
2911 1205 3190 1276 fasciculo,
3219 1223 3326 1278 quo
3358 1211 3451 1268 vix

180 1293 302 1349 alius
341 1293 625 1364 antiquior
658 1303 996 1359 occurreret,
1043 1293 1222 1350 locum
1267 1291 1434 1348 volui.
1486 1291 1722 1364 Philippi
1772 1292 2000 1349 Bubenii
2039 1292 2307 1348 editurum
2356 1293 2596 1363 quinque
2627 1296 2937 1352 orationum
2986 1302 3184 1365 versio,
3233 1305 3450 1360 tametsi

179 1384 382 1450 elegans
412 1400 482 1442 ac
515 1385 749 1449 erudita,
791 1384 1065 1440 nonnullis
1092 1393 1274 1440 tamen
1315 1383 1430 1438 visa
1457 1392 1542 1437 est
1571 1382 1752 1437 minus
1782 1396 2040 1452 expressa
2069 1398 2082 1435 :
2113 1381 2467 1450 quamobrem
2514 1383 2712 1456 indulsi
2745 1385 2896 1451 mihi,
2927 1396 2984 1442 ut
3017 1389 3108 1444 illo
3140 1390 3255 1463 ejus
3291 1402 3453 1472 uten8

180 1480 366 1544 labore,
402 1493 469 1534 ac
503 1494 570 1535 eo
596 1493 681 1534 me
707 1479 892 1534 multis
929 1477 1173 1547 adiutum
1203 1490 1544 1548 agnoscens,
1578 1475 1730 1530 velut
1766 1491 1960 1532 novam
1996 1494 2064 1533 ex
2103 1494 2165 1533 ea
2200 1478 2508 1532 versionem
2541 1477 2675 1532 mihi
2714 1478 3057 1538 adornarem.

239 1572 402 1629 Porro
433 1573 775 1643 prmfandum
812 1571 1016 1642 aliquid
1057 1571 1125 1626 de
1163 1579 1388 1624 auctore
1419 1568 1715 1632 videretur,
1745 1577 1805 1623 ut
1841 1569 2074 1624 certiora
2108 1569 2286 1639 aliqua
2321 1578 2669 1624 monumenta
2699 1580 2994 1627 exstarent.
3025 1574 3087 1629 ll.
3125 1574 3187 1632 P.
3215 1577 3454 1636 .lacohus

183 1669 495 1723 Sirmuudus
525 1667 579 1722 in
615 1667 764 1722 calce
789 1665 872 1721 sui
894 1663 1118 1730 codicis,
1154 1664 1270 1718 btec
1291 1678 1322 1718 a
1363 1661 1556 1719 ϋηοωο
1585 1663 1790 1732 collega
1819 1662 2136 1722 doctissimo
2163 1663 2332 1728 edita,
2355 1675 2453 1717 sua
2489 1677 2654 1716 manu
2697 1663 2764 1721 ad
2781 1673 3012 1720 notarat.
3045 1667 3242 1723 Auctor
3259 1672 3452 1729 harum

179 1763 391 1833 quinque
430 1759 741 1814 orationum
782 1757 1020 1812 Asterius
1052 1756 1292 1808 Amasene
1339 1751 1523 1807 Ponti.
1566 1751 1657 1809 Sic
1696 1752 1836 1808 enim
1868 1757 2062 1814 citetur
2093 1755 2147 1807 in
2180 1769 2216 1808 tt
2239 1757 2449 1825 synodo
2478 1755 2704 1812 Nicteaa
2738 1759 2943 1814 actione
2978 1758 3031 1824 6,
3061 1776 3220 1818 serm.
3258 1763 3310 1818 in
3345 1766 3454 1821 La-

182 1870 348 1910 zarum
386 1863 444 1909 et
490 1853 738 1909 divitem.
796 1849 940 1904 Vixit
986 1863 1126 1902 anno
1171 1844 1368 1900 Christi
1414 1844 1542 1910 400,
1576 1854 1631 1898 ut
1674 1844 1918 1915 colligere
1948 1856 2025 1900 est
2067 1861 2132 1900 ea:
2171 1849 2408 1903 oratione
2450 1848 2525 1902 De
2552 1847 2830 1904 Kalendis.
2868 1849 3125 1920 Ejusdem
3159 1857 3332 1910 oratio
3360 1873 3451 1912 seu

182 1950 434 2018 ἓκφρασις
468 1948 524 2002 in
552 1945 912 2018 Euphemiam
945 1950 1238 2012 martyrem
1258 1939 1536 2003 laudatur,
1567 1947 1614 1995 et
1653 1953 1718 1994 ea:
1747 1949 1898 2008 parte
1924 1939 2240 1995 describitur
2273 1941 2326 1994 in
2356 1941 2539 1995 eadem
2570 1943 2771 2011 synodo
2805 1952 2909 1998 act.
2944 1943 2978 1998 4
3001 1955 3048 1999 et
3089 1946 3142 2000 6.
3177 1947 3450 2004 Adrianus

183 2046 421 2095 secundus
462 2041 559 2094 lib.
601 2041 676 2095 De
705 2035 1054 2108 imaginibus.
1083 2032 1435 2102 Reprehensio
1472 2049 1589 2102 cap.
1621 2031 1712 2098 M,
1757 2033 1812 2087 in
1853 2043 1960 2086 act.
2001 2033 2056 2091 4.
2089 2033 2241 2099 Quod
2265 2033 2472 2104 judices
2513 2036 2605 2105 qui
2639 2037 2694 2089 in
2723 2037 2951 2106 praefata
2983 2042 3182 2109 synodo
3214 2043 3454 2111 fuerunt,

183 2134 450 2189 insolenter
475 2143 528 2188 et
569 2134 855 2204 incongrue
892 2141 1059 2188 artem
1094 2129 1375 2199 pictoriam
1403 2127 1654 2183 extollere
1683 2127 1860 2183 conati
1902 2137 2047 2195 sunt,
2094 2129 2325 2185 dicentes
2358 2147 2376 2184 :
2409 2129 2512 2184 Pia
2559 2141 2636 2186 est
2682 2148 2771 2185 ars
2808 2133 3047 2202 pictoris,
3097 2143 3148 2189 et
3186 2152 3290 2190 non
3321 2145 3457 2192 recte

185 2227 378 2300 quidam
409 2242 530 2280 eam
565 2226 874 2294 insipienter
920 2222 1226 2278 detrahunt.
1268 2219 1553 2290 Responsio
1585 2234 1604 2275 :
1631 2219 1855 2274 Beatum
1892 2220 2157 2274 Asterium
2196 2231 2307 2276 toto
2345 2220 2561 2277 Oriente
2609 2233 2850 2278 sanctum
2890 2227 3104 2291 habent,
3145 2238 3194 2281 et
3238 2227 3364 2283 dum
3392 2231 3458 2285 de

187 2321 326 2389 gestis
351 2331 557 2375 sancta:
584 2318 896 2390 Euphemite
921 2333 1212 2373 sermonem
1241 2316 1470 2386 fecisset,
1501 2315 1738 2368 laudavit
1763 2313 1878 2381 ejus
1911 2315 2249 2384 martyrium,
2281 2315 2414 2370 sicut
2438 2332 2531 2385 per
2552 2316 2788 2370 ordinem
2815 2317 3016 2373 viderat
3043 2318 3176 2374 illud
3201 2320 3458 2390 liquidius

189 2415 382 2482 pictum.
422 2414 559 2481 Qua:
599 2413 836 2482 quidem'
861 2412 1016 2477 satis,
1054 2425 1176 2466 cum
1210 2409 1584 2480 episcopatum
1630 2417 1742 2461 tum
1777 2406 1990 2461 titulum
2022 2408 2332 2464 sanctitatis
2375 2410 2664 2464 videantur
2706 2410 2922 2465 Asterio
2955 2421 3142 2468 nostro
3167 2428 3455 2482 asserere;

192 2523 281 2561 non
310 2506 448 2562 forte
493 2517 681 2563 tamen
715 2506 871 2572 satis,
901 2505 996 2559 uni
1030 2519 1097 2559 ac
1122 2504 1296 2558 eidem
1328 2502 1564 2565 Asterio,
1609 2499 1728 2570 ejus
1769 2500 1974 2556 nomini
2017 2500 2280 2572 inscripta
2322 2502 2527 2566 omnia,
2567 2517 2630 2557 ac
2667 2503 2946 2560 ASIerium
2987 2505 3232 2562 Amasene
3261 2509 3459 2576 praele-

191 2601 370 2666 reatia,
395 2601 707 2656 vindicare.
739 2600 882 2656 Sane
912 2597 973 2654 S.
1009 2596 1347 2666 Nicephorus
1386 2595 1764 2652 Antirrhetico
1795 2594 1852 2661 2,
1878 2610 2003 2658 cum
2036 2595 2330 2664 respondet
2358 2595 2480 2650 loco
2501 2594 2575 2649 illi
2606 2609 2672 2650 ex
2703 2611 2958 2654 sermone
2992 2599 3044 2654 in
3071 2598 3248 2655 locum
3282 2599 3461 2656 Evan-

191 2695 294 2765 gelii
321 2694 477 2750 Luca:
503 2695 576 2751 de
604 2693 816 2749 Lazaro
848 2701 904 2748 et
934 2691 1120 2756 divite,
1166 2690 1259 2762 qui
1289 2689 1323 2744 6
1357 2689 1446 2744 illa
1486 2698 1595 2745 act.
1629 2704 1669 2744 ll
1702 2705 1722 2742 s

1936 2687 2158 2744 Nicena:
2185 2687 2445 2759 obiicitur
2478 2705 2492 2742 :
2528 2689 2622 2762 Μὴ
2656 2690 2837 2761 γράφε
2869 2689 2962 2746 τὸν
3001 2692 3236 2763 Χριστὸν
3267 2692 3461 2766 (ἀρκεῖ

190 2785 282 2857 γὰρ
317 2783 464 2855 αὐτῷ
520 2785 560 2854 ἡ
598 2782 697 2854 μία
749 2781 851 2852 τῆς
898 2777 1343 2851 ὲνσωματώσεως
1385 2777 1880 2849 ταπεινοφροσύνη,
1919 2777 1994 2849 ἢν
2018 2775 2362 2848 αὐθαιρέτως
2401 2777 2470 2832 δι’
2511 2781 2662 2850 ἡμᾶς
2701 2779 3089 2852 κα-εεδὲξατο)·
3125 2783 3219 2837 ἐπὶ
3264 2783 3321 2836 δὲ
3361 2784 3462 2855 τῆς

193 2879 347 2950 ψυχῆς
381 2895 474 2932 σου
521 2875 810 2949 βαστάζων
848 2872 1054 2946 venerit;
1083 2873 1174 2927 τὸν
1209 2871 1502 2945 ἀσώματον
1549 2873 1723 2942 Λόγον

1931 2886 2086 2943 φερε.
2131 2869 2262 2926 Noli
2307 2873 2520 2943 pingere
2559 2874 2873 2929 Christum:
2909 2877 3040 2931 satis
3084 2877 3221 2931 enim
3266 2876 3350 2930 illi
3387 2883 3462 2930 est

193 2987 282 3022 una
303 2969 392 3023 illa
417 2968 650 3039 objectis
680 2966 940 3033 assumpti
961 2964 1218 3033 corporis,
1261 2979 1420 3033 quam
1457 2972 1638 3032 sponte
1661 2961 1829 3016 nostri
1858 2978 2024 3016 causa
2049 2962 2276 3032 suscepit
2317 2975 2338 3014 .°
2367 2964 2495 3036 quin
2528 2965 2759 3034 spiritali
2786 2967 2991 3021 ratione
3030 2965 3252 3022 Verbum
3283 2969 3463 3023 incor~

195 3075 382 3128 pereunt
421 3067 650 3130 gestans
681 3058 881 3122 animo,
929 3053 1246 3124 circumfer;
1276 3063 1561 3126 postquam
1599 3053 1787 3111 multis
1825 3069 2014 3114 sanam
2048 3055 2250 3111 Asterii
2286 3068 2525 3111 mentem
2557 3057 2730 3114 fusius
2776 3061 2948 3115 relato
2994 3060 3112 3131 ejus
3151 3061 3463 3118 testimonio

197 3151 537 3220 explicasset,
575 3151 851 3207 Asterium
889 3148 1232 3220 postmodum
1275 3148 1491 3203 Asterie
1527 3160 1828 3217 opponens,
1861 3147 2065 3212 haeret,
2111 3147 2442 3219 omninoque
2477 3149 2878 3220 incompertum
2921 3151 3122 3208 habere
3163 3153 3461 3223 signiﬁcat,

197 3243 386 3300 idemne
414 3243 674 3298 Asterius
706 3253 896 3297 auctor
921 3240 1156 3297 exsistat
1181 3240 1426 3310 praefatae
1458 3240 1724 3295 orationis
1748 3240 1805 3294 in
1830 3238 2097 3294 Lazarum
2129 3253 2176 3295 et
2205 3241 2442 3305 divitem,
2475 3256 2539 3296 ac
2568 3242 2836 3299 orationis
2859 3243 2916 3296 in
2951 3244 3406 3298 hcmorrhousam
3430 3259 3455 3300 :

204 3333 496 3405 Έπομὲνως
542 3335 602 3390 δὲ
629 3333 862 3398 τούτοις,
895 3332 1144 3404 εἰσήχθω
1173 3332 1338 3386 πάλιν
1377 3331 1673 3404 Ἀστέριος.
1712 3331 1778 3386 El
1819 3331 1917 3403 μὲν
1951 3330 2107 3404 παρά
2145 3331 2240 3385 τὸν
2283 3333 2342 3385 ὲν
2375 3333 2566 3404 χερσὶν
2614 3332 2823 3406 ἕτερος,
2856 3333 2890 3405 ἡ
2924 3332 3156 3405 ἀλήθεια
3188 3331 3357 3406 εἰδείη
3394 3335 3464 3388 ἂν

202 3433 335 3503 μάνη,
369 3433 529 3505 ἡμεῖς
556 3431 620 3486 δὲ
648 3429 800 3482 οὐδὲν
823 3427 1086 3496 τούτουγε
1114 3425 1302 3480 ἕνεκεν
1327 3426 1640 3498 διοισόμεθα
1661 3443 1678 3458 ·
1712 3426 1764 3480 si
1801 3426 1858 3480 δὲ
1886 3429 1916 3480 ὁ
1940 3425 2104 3492 αὐτὸς
2136 3421 2292 3490 οὗτός
2317 3427 2488 3493 ἐστιν,
2525 3427 2752 3482 αὐτόθεν
2781 3429 2894 3491 τοῖς
2916 3427 3140 3492 οἰκείοις
3164 3427 3466 3501 τοξεύμασι

201 3529 576 3599 βαλλέσθωσαν,
615 3525 712 3580 καὶ
747 3523 953 3595 βολῐσιν
989 3521 1195 3588 ὀξείαις
1231 3519 1813 3594 τραυματιξέσθωσαν,
1868 3519 1964 3576 καὶ
2017 3521 2128 3575 τῶν
2169 3520 2551 3593 ἐξευρημένων
2594 3520 3006 3592 μηχανημάτων
3039 3519 3140 3583 τὰς
3172 3521 3465 3592 σφενδόνας

201 3621 537 3694 δεχέσθωσαν,
565 3616 666 3672 καὶ
691 3634 743 3671 τ.
779 3616 826 3670 ὲ.
859 3613 938 3670 lis
961 3623 1352 3684 consequenter,
1383 3627 1501 3684 qute
1520 3615 1662 3668 dicta
1701 3625 1842 3678 sunt,
1879 3614 2166 3668 inducatur
2194 3628 2405 3669 rursum
2443 3614 2704 3672 Asterius.
2735 3616 2810 3670 Ac
2839 3618 3068 3688 quidem,
3094 3633 3218 3671 num
3252 3619 3298 3672 is
3325 3619 3465 3674 alius

200 3717 274 3781 sit,
303 3726 483 3787 preter
503 3728 628 3769 eum
652 3711 744 3783 qui
767 3709 825 3764 in
851 3707 1094 3762 menibus
1124 3715 1388 3773 uersatur,
1429 3705 1542 3760 sola
1585 3706 1775 3762 ueritas
1810 3704 2026 3762 noverit.
2070 3704 2184 3760 Nos
2226 3721 2346 3761 vero
2381 3706 2513 3760 nihil
2552 3707 2710 3778 hujus
2746 3707 2823 3762 rei
2854 3709 3030 3778 gratia
3069 3708 3464 3764 contendemus.

203 3807 331 3874 Quod
355 3808 400 3862 si
436 3809 537 3862 iste
571 3805 714 3860 idem
747 3801 858 3872 ipse
878 3809 980 3867 est,
1003 3799 1128 3853 inde
1153 3799 1264 3853 suis
1296 3797 1402 3868 ipsi
1413 3797 1612 3868 jaeulis
1638 3797 1920 3868 feriantur,
1959 3813 2022 3852 ac
2049 3799 2218 3853 acutis
2251 3797 2541 3853 missilibus
2582 3801 2909 3864 sancientur,
2957 3799 3466 3872 adinventarumque

201 3904 536 3957 machinarum
565 3900 747 3969 iactus
773 3895 1060 3963 excipiant.
1093 3895 1295 3951 Eodem
1336 3893 1452 3950 fere
1491 3895 1654 3951 modo
1683 3893 1989 3950 Antirrhet.
2028 3895 2087 3960 5,
2126 3894 2295 3950 misso
2331 3893 2502 3950 Roma
2534 3906 2794 3968 excerpto
2838 3910 2867 3950 a
2911 3894 3091 3951 Leone
3134 3895 3354 3963 Allatio,
3402 3911 3469 3953 ac

205 3996 302 4053 loco
332 3995 691 4055 commodiori
727 3994 958 4050 edendo.
1006 3991 1165 4060 Quod
1194 4007 1325 4065 ergo
1355 3991 1524 4047 tantis
1557 3991 1808 4060 superior
1836 3990 2180 4060 Nicephorus
2225 3990 2469 4060 ignotum
2513 3988 2724 4053 habuit,
2761 4002 2826 4042 ac
2875 3987 2980 4043 tale
3011 3988 3366 4055 existimavit,
3395 3995 3463 4043 ut

205 4089 376 4144 nemini
407 4090 546 4146 scitu
583 4085 748 4142 facile
782 4083 1077 4155 putaverit,
1132 4083 1277 4138 haud
1321 4096 1424 4153 ego
1464 4094 1552 4136 me
1579 4080 1786 4136 certius
1818 4079 2163 4151 promiserim
2200 4077 2642 4135 declaraturum:
2674 4079 2885 4135 tametsi
2909 4080 3088 4150 stylus
3143 4080 3343 4149 ubique
3378 4078 3466 4134 sui

203 4179 368 4238 similis
413 4191 584 4253 atque
639 4177 892 4249 inprimis
943 4175 999 4230 in
1030 4173 1516 4244 descriptionibus,
1547 4171 1797 4227 eumdem
1828 4172 2032 4242 ubique
2067 4171 2244 4242 ipsum
2289 4171 2520 4226 suadeat
2551 4186 2566 4226 :
2601 4180 2708 4241 qt'to
2736 4184 2790 4226 et
2820 4171 3047 4227 Photius
3077 4171 3279 4227 indicio
3313 4175 3468 4227 eum-

205 4275 306 4332 dem
336 4277 581 4350 agnoscit
611 4275 703 4346 qui
732 4272 872 4329 oculi
899 4270 1170 4343 ἑκφρασιν
1207 4269 1262 4324 in
1312 4267 1539 4323 Joannis
1579 4264 1927 4336 Evangelium
1969 4265 2036 4321 de
2065 4277 2211 4320 caeco
2248 4272 2376 4319 nato
2405 4263 2738 4335 composuit,
2768 4273 2824 4319 et
2858 4265 2948 4335 qui
2978 4263 3124 4318 illam
3161 4264 3214 4318 in
3248 4261 3308 4318 S.
3355 4264 3466 4320 Eu-

208 4369 470 4438 phemiam,
500 4370 772 4429 insertam
816 4366 957 4423 actis
1007 4380 1082 4421 vtt
1129 4363 1342 4437 synodi.
1393 4361 1527 4421 Utut
1558 4359 1650 4426 sit,
1711 4358 1845 4413 nihil
1892 4366 2005 4413 toto
2051 4358 2156 4415 hoc
2194 4357 2543 4415 homiliarum
2581 4371 2830 4427 corpore,
2865 4355 3009 4433 quod
3038 4371 3144 4411 non
3175 4355 3467 4428 plurimam

208 4459 536 4532 eloquentiam
567 4479 694 4521 cum
723 4460 837 4531 pari
873 4460 1072 4531 pietate
1113 4457 1370 4513 exhibeat
1400 4471 1417 4511 :
1444 4453 1699 4528 quodque
1728 4451 1862 4507 adeo
1893 4466 1998 4506 non
2045 4460 2294 4508 sanctum
2338 4451 2488 4506 illttm
2524 4450 2858 4505 Amasenum
2909 4450 3206 4514 Asterium,
3239 4448 3464 4515 referat,

208 4567 260 4610 ac
305 4559 587 4632 εξιλάρετον
641 4556 934 4622 Asterium,
995 4568 1156 4624 quem
1206 4550 1431 4606 Photius
1484 4546 1731 4603 nominat
1762 4563 1777 4602 :
1808 4543 2064 4602 nonnulla
2115 4545 2281 4600 etiam
2326 4543 2382 4600 in
2435 4559 2500 4599 eo
2532 4545 2896 4612 reperiuntur,
2953 4545 3006 4604 in
3047 4540 3466 4632 quibusipalam

211 4631 505 4721 εὐσεϐεῖςυι
533 4651 778 4722 loquitur
809 4647 952 4702 idem
985 4644 1233 4711 Photius,
1263 4657 1326 4698 ac
1360 4655 1422 4698 se
1459 4638 1530 4705 is,
1557 4637 1883 4694 Arianorum
1915 4649 1987 4692 ac
2020 4634 2410 4690 Anomoeorum
2450 4635 2661 4689 hostem
2709 4632 3036 4702 praecipuum
3081 4631 3321 4722 ostendit
3355 4647 3372 4685 :
3404 4640 3464 4684 ut

211 4757 311 4812 qua:
332 4719 461 4801 nova
492 4719 691 4801 damus
725 4754 792 4795 ex
821 4736 1083 4794 Encomio
1113 4735 1168 4790 in
1200 4732 1480 4804 principes
1511 4728 1880 4802 apostolorum
1934 4727 2154 4782 Petrum
2189 4735 2240 4781 et
2268 4724 2519 4781 Paulum.
2566 4724 2815 4780 Asterius
2847 4723 2984 4778 alter
3004 4737 3163 4812 quem
3203 4719 3463 4790 factionis

212 4811 400 4895 Arianae
449 4836 838 4910 philosophum
883 4833 1042 4906 ponit
1086 4830 1472 4900 Hieronymus,
1513 4826 1700 4896 aitque
1739 4823 2029 4894 scripsisse
2067 4821 2166 4877 sub
2200 4818 2522 4878 Constantio
2551 4819 2606 4873 in
2644 4816 2939 4910 Epistolam
2979 4815 3048 4910 ad
3086 4811 3377 4910 Romanos,
3406 4813 3467 4868 in

215 4905 470 5003 Evangelia
501 4943 558 4988 et
589 4905 855 4994 Psalmos,
881 4905 1162 4998 antiquior
1185 4921 1289 4978 luit
1317 4939 1333 4986 ;
1361 4936 1426 4977 ac
1452 4935 1629 4990 neque
1657 4917 1768 4983 hic,
1797 4913 2134 4972 admirabilis
2170 4913 2259 4969 ille
2289 4913 2536 4968 Asterius
2568 4909 2803 4975 videtur,
2838 4923 2998 5003 quem
3035 4905 3465 5003 luculentissima

214 4996 360 5093 elogio
389 5023 764 5080 Theodorctus
788 5021 845 5076 in
881 4996 1182 5082 Philotheo,
1205 5031 1256 5072 c.
1283 5015 1341 5081 2,
1367 5011 1660 5078 describit;
1695 5007 1957 5080 quidquid
1993 5005 2218 5062 Pltotius
2250 5004 2544 5061 contendat
2576 5013 2831 5072 excerpto
2863 4999 3034 5093 Roma
3062 4996 3229 5052 misso
3258 5014 3272 5052 :
3302 5011 3467 5066 quem

216 5091 303 5178 nec
334 5116 492 5188 liquet
533 5116 712 5172 fuisse
751 5114 1066 5184 episcopum
1103 5117 1347 5180 ιρι-αξιοι·
1400 5119 1568 5176 quem
1618 5111 1703 5159 est
1743 5100 1990 5156 Asterius
2029 5099 2168 5154 alius
2214 5113 2280 5152 ex
2325 5093 2886 5188 Arianoorthodosus
2911 5091 3200 5188 cpiscopus
3236 5101 3301 5188 ac
3335 5102 3468 5188 con:

219 5178 584 5274 lesson-clarus
626 5178 1122 5262 titulo'sanc-titatis
1151 5178 1234 5256 iac
1264 5198 1496 5255 Romani
1537 5192 1912 5266 Martyrologii
1959 5190 2160 5246 tabulis
2203 5187 2476 5257 ascriptus
2524 5184 2808 5240 Athanasii
2857 5181 3084 5252 aequalis
3129 5195 3195 5236 ac
3243 5178 3467 5264 Eusebii

220 5300 561 5371 Vcrcellensis,
601 5317 763 5375 queat
813 5314 920 5356 non
968 5298 1140 5367 liquet
1186 5311 1258 5350 an
1300 5301 1654 5353 monumenta
1703 5288 1883 5359 aliqua
1927 5284 2236 5357 reliquerit.
2285 5282 2482 5338 Noster
2523 5296 2583 5338 se
2622 5281 2882 5375 Asterius
2905 5276 3123 5375 Juliano
3155 5283 3464 5375 rsuppar-em

221 5397 420 5452 ostendit
451 5364 590 5455 orat.
619 5364 882 5455 adversus
928 5364 1238 5460 avaritiam,
1271 5403 1414 5462 cnm_
1444 5394 1596 5444 notat
1622 5381 1965 5458 superstites
2001 5379 2288 5452 plurimos,
2331 5375 2424 5451 qui
2467 5375 2536 5432 ab
2571 5388 2638 5432 eo
2680 5371 2887 5432 inducti
2938 5370 3168 5427 fuissent
3202 5365 3271 5423 ad
3304 5364 3467 5423 tidem

223 5491 508 5560 insaniam.
