3878 6270
185 295 273 352 165

1192 294 1473 350 HOMILIA
1503 289 1548 361 Ι,
1588 293 1676 350 DE
1715 291 1945 350 DIVITE
1978 293 2064 350 ET
2093 295 2392 352 LA‘ZARO.

3305 301 3410 360 166

183 409 312 462 κεῖαν
333 405 426 458 καὶ
457 401 606 474 φίλον
631 401 700 456 τὺ-
720 403 787 473 τῇ
809 401 968 473 χρείᾳ
992 397 1100 455 τῶν
1128 398 1447 472 ἀναγκαίων
1473 406 1572 475 τὴν
1609 405 1740 476 χρῆ-

1852 420 1916 460 ac
1943 405 2106 475 frugi,
2155 406 2431 477 proprium
2477 419 2543 462 ac
2600 405 2868 466 familiare
2915 419 3016 480 est,
3070 425 3192 468 rum
3228 428 3412 472 rerum

185 514 257 552 σιν
286 497 515 566 μετρεῖνο
565 494 789 561 φεύγειν
816 492 874 545 δὲ
905 493 1005 563 τῆς
1051 494 1280 563 ματαίου
1309 495 1614 560 κενοδοξίας
1645 496 1738 550 τὸν

184 587 446 660 συρφετὸν,
471 595 566 641 καὶ
577 589 678 659 τήν
699 588 898 642 πλάνον
924 591 945 620 ¹
969 589 1265 661 διαγωγὴν,
1299 590 1376 653 ὡς
1406 590 1605 654 κακίας
1633 608 1740 661 μη-

183 681 316 751 τέρα.
357 679 466 738 Καὶ
483 672 580 732 ἴνα
605 680 936 751 σαφέστερον
962 679 1127 733 αὐτοῦ
1152 680 1342 734 τούτου
1385 681 1480 735 τοῦ
1514 682 1740 752 λεγομέ-

183 790 262 824 νου
303 769 398 841 τὴν
435 769 663 841 δύναμιν
713 771 1141 842 καταμάθωμεν,
1188 774 1221 842 ὴ
1258 771 1366 824 τῶν
1427 772 1738 844 ἐνδυμάτων

185 862 350 933 πρώτη
393 861 782 934 διαγνωσθήτω
812 863 1030 933 χρῆσις,
1065 864 1226 935 μέχρι
1263 865 1429 918 πόσου
1473 865 1569 922 καὶ
1594 864 1739 928 τίνος

185 953 664 1025 παραληφθήσεται,
696 955 843 1026 ὅροις
873 956 966 1008 καὶ
993 956 1182 1010 κανόσι
1223 955 1736 1028 περιλαμϐανομένη

184 1045 421 1116 σιῦφροσι.
458 1045 523 1097 Τί
548 1045 725 1099 τοίνυν
755 1048 785 1100 ὁ
808 1046 905 1100 τοῦ
939 1046 1148 1100 δικαίου
1182 1049 1347 1119 νόμος
1374 1050 1558 1121 φησίν·
1601 1050 1742 1121 Πρό-

185 1136 322 1188 ϐατον
354 1137 383 1187 ό
413 1136 546 1200 Θεὸς
586 1136 799 1191 ἔκτισεν
850 1135 1084 1210 εὔκομον
1115 1139 1214 1210 τὴν
1245 1140 1428 1211 δορὰν,
1479 1143 1574 1194 καὶ
1630 1145 1740 1204 τοῖς

186 1227 383 1298 μαλλοῖς
408 1228 827 1299 εύθηνούμενονο
859 1229 1018 1283 τοῦτο
1060 1229 1260 1297 λαϐὼν,
1301 1231 1616 1303 ἀπόκειρον,
1647 1233 1740 1286 καὶ

184 1322 286 1384 δοὺς
304 1321 565 1393 ὑφαντικῇ
579 1321 741 1393 τέχνῃ
767 1321 866 1394 τὴν
889 1320 1042 1392 ὓλην,
1063 1322 1267 1393 χιτῶνα
1289 1324 1471 1394 σαυτῷ
1501 1325 1595 1378 καὶ
1614 1325 1741 1396 ίμά-

183 1429 278 1466 τιον
297 1411 720 1478 κατασκεύασον,
750 1414 898 1476 ὅπως
925 1412 991 1466 ἂν
1018 1413 1316 1488 διαφεύγῃς
1347 1415 1613 1485 χειμῶνος
1650 1433 1744 1469 τα-

185 1503 481 1576 λαιπωρίαν,
506 1505 602 1558 καὶ
646 1504 748 1575 τῆς
776 1504 1005 1575 ζεούσης
1039 1505 1253 1569 ἀκτῖνος
1281 1505 1484 1577 βλάϐην
1508 1506 1549 1561 ³.
1581 1509 1644 1560 El
1681 1508 1740 1561 δέ

189 1614 255 1650 σοι
294 1597 382 1650 καὶ
415 1595 756 1668 κουφοτέρας
801 1596 1030 1667 ἐσθῆτος
1076 1595 1235 1668 χρεία
1278 1597 1420 1651 κατὰ
1471 1597 1568 1669 τὴν
1592 1598 1741 1671 ὥραν

186 1683 263 1737 τοῦ
293 1684 500 1756 θέρους,
554 1683 757 1738 ἔδωκεν
789 1685 818 1737 ὁ
850 1683 983 1748 Θεὸς
1006 1684 1102 1738 τοῦ
1138 1685 1282 1738 λίνου
1306 1686 1404 1754 τὴν
1435 1688 1630 1758 χρῆσιν
1661 1690 1742 1752 είς

1839 512 1995 551 usum
2032 498 2354 552 necessitate
2408 498 2605 564 metiri,
2656 507 2766 554 tttm
2821 501 3008 558 inanes
3044 519 3195 560 vanae
3227 507 3414 578 gloria)

1839 589 2183 658 quisquilias,
2211 590 2442 661 vitasque
2472 591 2735 646 mollioris
2772 593 3014 661 delicias,
3053 604 3307 666 tanquam
3332 601 3415 654 vi-

1841 681 2037 735 tiorum
2069 688 2346 750 parentem
2378 682 2568 738 vitare.
2616 683 2926 751 Enimvero,
2974 702 3081 756 quo
3110 690 3227 759 ejus
3267 693 3412 760 quod

1841 771 2061 838 dicitur,
2095 773 2204 826 vim
2231 772 2432 826 clarius
2462 789 2873 844 cognoscamus,
2898 779 3105 846 primus
3127 782 3414 837 vestimen-

1842 871 2016 918 torum
2049 878 2178 917 usus
2208 863 2579 932 inspiciendus
2625 876 2726 932 est,
2767 883 2930 938 quam
2979 869 3086 926 late
3120 881 3320 942 pateat,
3358 885 3413 930 et

1839 969 1975 1024 quos
2008 956 2055 1010 ei
2088 956 2224 1011 lines
2250 965 2411 1024 atque
2455 958 2739 1024 terminos,
2781 963 3135 1028 temperantia
3163 966 3412 1032 praescri-

1839 1048 2025 1116 pserit.
2058 1045 2197 1112 Quid
2230 1062 2357 1114 ergo
2401 1047 2621 1116 iustitia:
2661 1049 2747 1103 lex
2800 1051 2911 1105 ait?
2960 1051 3224 1108 Pecudem
3271 1055 3415 1110 Deus

1840 1138 2045 1193 creavit
2073 1138 2210 1208 pelle
2240 1139 2377 1194 bene
2406 1150 2615 1194 comata
2645 1154 2708 1194 ac
2745 1141 2924 1198 densis
2963 1143 3250 1199 velleribus
3276 1162 3290 1198 :
3322 1146 3410 1200 his

1840 1231 2095 1284 detonsis
2128 1240 2183 1285 et
2206 1231 2398 1286 textori
2437 1232 2669 1294 traditis,
2698 1233 2930 1288 tunicam
2957 1249 3019 1288 ac
3043 1235 3257 1304 pallium
3290 1252 3416 1306 per-

1839 1321 1948 1376 texi
1975 1321 2067 1375 tihi
2101 1336 2252 1386 cura,
2281 1335 2409 1391 quo,
2433 1337 2553 1376 cum
2581 1321 2795 1376 hiberni
2828 1322 3042 1393 frigoris
3082 1325 3403 1389 molestiam,

1841 1419 1954 1465 tum
1982 1410 2240 1467 ferventis
2266 1412 2398 1467 radii
2429 1427 2625 1467 noxam
2666 1410 2911 1482 effugias.
2949 1413 3101 1480 Quod
3131 1415 3177 1472 si
3209 1416 3408 1472 leviore

1841 1517 1937 1571 per
1963 1503 2208 1558 aestivum
2250 1513 2459 1574 tempus
2490 1513 2640 1560 veste
2681 1503 2948 1575 indigeas,
2993 1508 3060 1561 ad
3094 1507 3400 1564 uberiorem

1842 1593 1982 1649 Deus
2015 1595 2446 1650 commoditatem
2487 1596 2577 1649 lini
2636 1610 2790 1650 usum
2835 1599 3121 1662 concessit,
3151 1600 3290 1653 unde
3315 1599 3412 1653 tibi

1843 1687 2095 1741 decorum
2125 1687 2176 1741 in
2203 1688 2425 1757 proclivi
2453 1687 2846 1751 indumentum,
2874 1688 3018 1757 quod
3052 1689 3212 1743 simul
3243 1701 3300 1744 et
3329 1701 3412 1745 te-

186 1775 500 1847 πλατυτὲραν
529 1775 850 1830 ἀπόλαυσιψ
873 1775 966 1828 καί
1003 1793 1087 1829 σοι
1137 1777 1336 1847 ῥᾷστον
1363 1777 1574 1830 ἐκεῖθεν
1603 1779 1738 1849 κτή-

1852 1787 1953 1846 gat,
1995 1787 2050 1833 et
2103 1778 2319 1833 levitate
2365 1778 2663 1849 refrigeret.
2705 1777 2771 1832 Et
2818 1779 2899 1834 his
2926 1794 3046 1834 cum
3080 1779 3406 1850 perfrueris.

187 1867 353 1922 σασθαι
407 1867 621 1938 σκέπην
673 1867 1002 1938 εὐσχήμονα,
1048 1867 1420 1938 ἀμφιεννῦσαν
1463 1867 1599 1940 όμοῦ
1645 1869 1742 1923 καὶ

185 1958 536 2030 ἀναψύχουσαν
565 1961 632 2030 τῇ
669 1959 984 2031 κουφότητι.
1020 1959 1131 2011 Καὶ
1176 1959 1380 2012 τούτων
1430 1958 1740 2025 ἀπολαύων,

184 2051 402 2122 ὁμολόγει
421 2049 498 2122 τῷ
534 2050 728 2122 κτίστῃ
757 2049 853 2120 τὴν
890 2049 1075 2120 χάριν,
1109 2050 1250 2122 ὑπὲρ
1272 2043 1346 2104 ὧν
1369 2051 1470 2104 οὐκ
1486 2050 1742 2122 ἐποίησεν

188 2145 322 2213 μόνον
363 2144 533 2214 ἡμᾶς,
575 2141 713 2196 ἀλλά
754 2141 850 2195 καὶ
897 2141 999 2212 τῆς
1041 2141 1178 2211 πρὸς
1219 2141 1282 2195 τὸ
1313 2141 1412 2213 ζῇν
1445 2141 1742 2211 ἀσφαλείας

185 2237 494 2308 ἐφρόντισεν.
520 2237 622 2288 “Av
649 2234 706 2286 δὲ
731 2233 1158 2304 καταλιμπάνων
1191 2233 1252 2287 τὸ
1293 2233 1561 2304 πρόϐατον
1577 2234 1744 2287 καὶτὸ

186 2328 326 2398 ἔριον,
355 2329 448 2382 καὶ
495 2326 599 2399 τὴν
641 2326 947 2394 ἀναγκαίαν
978 2325 1073 2379 τοῦ
1102 2325 1438 2397 δημιουργοῦ
1462 2325 1568 2379 τῶν
1607 2313 1755 2379 ὅλων

187 2420 534 2493 παρασκευὴν,
570 2422 690 2484 ταῖς
718 2419 978 2492 ματαίαις
1024 2419 1291 2482 ἐπινοίαις
1311 2459 1324 2480 ,
1353 2418 1450 2471 καὶ
1495 2420 1616 2483 ταῖς
1644 2420 1744 2489 ἐμ-

188 2514 416 2585 πλήκτοις
437 2513 762 2585 ἐπιθυμίαις
797 2509 1240 2582 ἐκδιαιτώμενος,
1265 2511 1364 2582 τὴν
1390 2509 1587 2580 βύσσον
1621 2511 1744 2563 ἐπι-

187 2608 348 2680 ζητῇς,
402 2607 497 2662 καὶ
545 2606 786 2678 συνάγῃς
835 2605 906 2659 τὰ
959 2603 1072 2658 τῶν
1114 2603 1399 2675 Περσικῶν
1443 2602 1744 2674 σκωλήκων

187 2703 392 2770 νήματα,
420 2697 571 2753 ἱστὸν
600 2697 656 2751 δέ
676 2695 920 2769 ἀράχνης
945 2695 1202 2765 ἀνεμαῖον
1221 2692 1473 2763 ὑφαίνῃςο
1492 2691 1587 2744 καὶ
1609 2692 1746 2760 πρὸς

187 2793 261 2846 τὸν
302 2792 603 2861 ἀνθόϐαφον
633 2789 947 2862 ἐρχόμενος,
1005 2784 1232 2856 μισθοὺς
1270 2783 1444 2846 τελεῖς
1477 2781 1742 2852 δαψιλεῖς,

191 2879 260 2933 ἵνα
272 2881 353 2936 τὸν
387 2881 583 2952 κόχλον
605 2881 672 2932 ἐκ
707 2877 983 2946 θαλάσσης
999 2873 1293 2946 θηρεύσας,
1323 2873 1400 2944 τῷ
1427 2874 1618 2944 αἵματι
1641 2870 1737 2925 τοῦ

191 2971 303 3035 ζῶον
330 2973 490 3044 χρίσῃ
551 2971 614 3024 τὸ
661 2969 886 3040 ἔνδυμα,
921 2966 1080 3020 τοῦτο
1125 2963 1550 3037 ὑπερμαζῶντός
1599 2963 1746 3015 ἐστιν

190 3063 465 3135 ἀνθρώπου,
513 3061 955 3134 παραχρωμένου
1006 3061 1074 3130 τῇ
1123 3059 1335 3129 κτήσει,
1382 3056 1484 3108 οὐκ
1534 3052 1748 3124 ἔχοντος

190 3155 297 3209 ὅπου
319 3157 376 3209 τὸ
409 3151 731 3227 περιττεῦον
759 3151 946 3222 ἐκχέῃ.
983 3150 1093 3204 Καὶ
1117 3148 1207 3203 διὰ
1255 3146 1414 3200 τοῦτο
1442 3148 1470 3199 ὁ
1505 3143 1744 3208 τοιοῦτος

196 3245 501 3315 μαστίζεται,
539 3244 692 3315 παρὰ
729 3242 821 3296 τοῦ
866 3241 1196 3309 Εύαγγελίου
1227 3235 1744 3309 κατηγορούμενος,

193 3340 252 3403 ὡς
287 3339 407 3410 pug
447 3339 546 3393 καὶ
593 3335 909 3409 θηλυδρίας,
966 3333 1190 3405 κόσμοις
1227 3331 1428 3386 ἀθλίων
1472 3329 1747 3403 κορασίων

194 3431 664 3503 καλλωπιζόμενος.

246 3521 411 3575 ’Δλλοι
437 3522 605 3575 πάλιν
641 3519 786 3575 κατὰ
815 3519 913 3591 τὴν
943 3516 1166 3589 γνώμην
1188 3515 1289 3588 τῆς
1313 3516 1506 3588 ὁμοίας
1529 3513 1755 3586 ματαιό-

192 3628 326 3684 τητος
342 3613 590 3687 ἐρασταί·
624 3611 827 3683 μᾶλλον
868 3612 950 3674 δὲ,
974 3609 1111 3682 πρὸς
1141 3608 1200 3663 τὺ
1231 3608 1392 3662 πλέον
1426 3608 1526 3680 τὴν
1552 3608 1752 3662 κακίαν

194 3707 521 3777 ἀσκήσαντες,
545 3705 673 3759 οὐδὲ
703 3704 865 3776 μέχρι
892 3704 1000 3758 τῶν
1035 3703 1342 3776 εἰρημένων
1373 3701 1610 3774 ἔστησαν
1653 3701 1754 3771 τῆς

198 3800 356 3870 μωρᾶς
377 3799 626 3864 ἐπινοίας
647 3799 776 3861 τοὺς
805 3798 986 3869 ὄρους’
1011 3796 1148 3851 ἀλλά
1173 3813 1295 3849 τινα
1329 3793 1492 3866 κενὴν
1522 3795 1753 3863 ὑφαντι-

195 3890 277 3962 κὴν
319 3891 631 3965 ἐξευρόντες
655 3889 753 3944 καὶ
806 3889 1119 3961 περίεργον,
1159 3888 1282 3960 ἥτις
1320 3890 1388 3959 τῇ
1430 3885 1604 3958 πλοκῇ
1655 3884 1753 3939 τοῦ

199 3984 429 4055 στήμονος
475 3983 620 4056 πρὸς
651 3981 751 4053 τὴν
780 3981 1007 4052 κρόκην,
1045 3979 1146 4051 τῆς
1178 3978 1460 4052 γραφικῆς
1506 3979 1756 4048 μιμεῖται

197 4074 276 4145 τὴν
298 4075 538 4146 δύναμιν,
574 4074 673 4128 καὶ
693 4073 912 4126 πάντων
944 4070 1100 4136 ζώων
1117 4075 1229 4136 τοῖς
1253 4070 1482 4133 πέπλοις
1505 4068 1605 4132 τὰς
1627 4085 1758 4141 μορ-

199 4165 284 4232 φὰς
313 4167 718 4238 ἐνσημαίνεται,
751 4163 852 4236 τὴν
875 4163 1097 4234 ἀνθινὴν
1140 4162 1238 4216 καὶ
1273 4160 1489 4232 μυρίοις
1517 4157 1758 4222 εἰδώλοις

199 4260 604 4332 πεποικιλμένην
642 4256 1047 4328 φιλοτεχνοῦσιν
1072 4253 1300 4326 ἐσθῆτα,
1325 4254 1538 4316 ἑαυτοῖς
1583 4267 1642 4304 τε
1667 4248 1759 4305 καὶ

199 4351 401 4418 γυναιξὶ,
421 4353 514 4406 καὶ
549 4351 761 4405 παισίν·
799 4348 1088 4414 παίζοντες
1118 4346 1326 4411 λοιπὸν,
1351 4345 1412 4398 οὺ
1444 4340 1762 4406 σπουδάζον-

201 4457 290 4504 τες·
317 4443 450 4497 κατὰ
477 4443 582 4515 τῆς
615 4439 882 4514 ἀμετρίας
931 4438 1028 4493 τοῦ
1061 4437 1292 4492 πλούτου
1335 4432 1759 4506 παραχρώμενοι
1789 4467 1835 4523 D

200 4532 264 4602 τῷ
288 4533 395 4604 βίῳ,
411 4537 472 4590 οὐ
513 4532 814 4608 χρώμενοι,
841 4528 1384 4602 ἀντινομοθετοῦντες
1430 4526 1509 4598 τῷ
1537 4524 1756 4596 Παύλῳ,

203 4623 279 4676 καὶ
309 4626 604 4698 μαχόμενοι
641 4626 763 4688 ταῖς
821 4623 1204 4684 θεοπνεύστοις
1237 4619 1463 4690 φωναῖς,
1495 4617 1557 4671 οὐ
1579 4615 1762 4688 γράμ-

208 4731 364 4780 μασιν,
392 4718 528 4771 ana:
568 4715 912 4789 πράγμασιν.
952 4715 1019 4766 ’Δ
1053 4713 1162 4785 γὰρ
1193 4713 1398 4773 ἐκεῖνος
1446 4705 1758 4779 ἀπεκήρυξε

209 4803 343 4877 λόγῳ,
371 4809 522 4864 ταῦθ’
550 4803 700 4863 οὗτοι
735 4806 996 4881 κρατοῦσι
1029 4806 1125 4860 καὶ
1153 4801 1381 4874 κυροῦσι
1410 4802 1521 4863 τοῖς
1555 4799 1756 4870 ἔργοις.

212 4895 353 4952 ὀταν
376 4896 467 4955 οὖν
512 4901 866 4973 ἐνδυσάμενοι
904 4898 1166 4970 φανῶσιν,
1194 4896 1271 4959 ὡς
1317 4895 1485 4964 τοῖχοι
1509 4906 1758 4962 γεγραμ-

216 4987 342 5056 μένοι
376 4993 526 5066 παρά
549 4993 663 5048 τῶν
715 4991 1192 5062 συντυγχανόντων
1225 4987 1479 5059 ὁρῶνται.
1532 4982 1642 5038 Καί
1665 4996 1768 5035 που

213 5082 292 5134 καὶ
321 5084 385 5139 τὰ
415 5086 605 5140 παιδία
657 5085 855 5149 αὐτοὺς
887 5082 1267 5155 περιίστανται
1301 5075 1591 5150 μειδιῶντα
1635 5071 1771 5143 πρὸς

217 5170 411 5244 ἄλληλα,
460 5179 556 5232 καὶ
583 5175 1134 5232 δακτυλοδεικνοῦντα
1164 5171 1264 5243 τὴν
1302 5171 1360 5232 ὲν
1388 5170 1502 5231 τοῖς
1536 5163 1771 5236 ἱματίοις

215 5270 422 5340 γραφήν·
457 5271 736 5342 βαδίζουσι
754 5270 811 5324 δὲ
839 5267 1216 5340 παρεπόμενα,
1253 5265 1353 5318 οὐκ
1382 5256 1771 5331 ἀναχωροῦντα

273 5472 295 5504 ³
327 5471 446 5545 Leg.
496 5474 724 5529 πλάδον.
825 5472 846 5505 ³
877 5471 1042 5526 Sirm.
1074 5469 1244 5540 Apog.
1303 5466 1484 5538 βολήν.

277 5602 343 5673 (2)
381 5603 551 5660 Rebus
585 5607 832 5660 abutatur
858 5605 986 5667 suis,
1009 5599 1482 5672 παραχρωμένου
1507 5596 1590 5673 ,τῇ
1623 5596 1766 5667 κτή-

221 5669 334 5746 σςει.’
354 5675 754 5746 Legit,iuterpr.
793 5676 989 5738 κτίσει,
1020 5669 1141 5746 cuin
1173 5669 1395 5746 reddat:
1443 5669 1593 5746 rebus
1619 5684 1768 5746 creti:-

223 5741 279 5796 tis
304 5737 558 5805 abutitur.
588 5737 802 5824 ﬂetum
837 5737 1055 5818 prazstat
1079 5744 1140 5797 τὸ
1163 5743 1354 5814 κτήσει
1382 5781 1397 5810 ,
1435 5749 1495 5797 ut
1527 5741 1599 5798 sit
1627 5755 1641 5793 :
1676 5737 1768 5810 qui

1603 5462 1626 5495 ⁸
1660 5461 1836 5518 lCor.
1879 5469 1990 5518 vti,
2033 5449 2124 5507 31.

1840 1869 2084 1924 Creatori
2125 1870 2355 1937 gratiam
2397 1870 2559 1935 habe,
2613 1871 2753 1940 quod
2795 1884 2898 1925 non
2934 1873 3094 1927 modo
3124 1889 3222 1929 nos
3254 1889 3410 1929 eaea-

1840 1959 1941 2023 vit,
1973 1974 2155 2014 verum
2188 1960 2352 2015 etiam
2381 1961 2557 2016 tutelae
2580 1971 2636 2017 et
2663 1962 2923 2032 prasidiis
2952 1963 3076 2019 vitas
3112 1965 3411 2036 prospexit.

1842 2049 1994 2117 Quod
2019 2051 2063 2106 si
2092 2052 2282 2108 ovibus
2304 2067 2370 2108 ac
2394 2053 2513 2108 lana
2545 2055 2770 2123 relictis,
2801 2057 3217 2126 necessarioque
3246 2057 3414 2113 Crea-

1844 2140 1976 2197 toris
2002 2142 2242 2197 omniuin
2271 2150 2529 2212 apparatu
2553 2153 2755 2213 spreto,
2789 2145 2944 2200 vanis
2966 2146 3406 2215 c0gitationibus,

1844 2234 2169 2302 vesanisque
2197 2234 2577 2304 cupiditatibus
2620 2236 2672 2289 iu
2709 2236 2891 2291 luxum
2923 2235 3146 2304 etfusus,
3193 2247 3248 2292 et
3291 2240 3417 2310 bys-

1843 2338 1961 2380 sum
1991 2325 2244 2396 requiris,
2274 2336 2328 2381 et
2356 2326 2696 2382 Persicorum
2728 2327 2959 2384 stamina
3004 2328 3265 2384 vermium
3297 2329 3412 2384 colo

1845 2417 1988 2486 ligis,
2018 2419 2160 2473 unde
2186 2417 2432 2482 evanida,
2465 2426 2524 2473 ut
2555 2418 2628 2472 ita
2660 2417 2858 2485 dicam,
2901 2433 3113 2474 aranea:
3142 2419 3244 2473 tela
3278 2435 3413 2474 cou—

1845 2520 2101 2567 texatur:
2164 2511 2210 2565 si
2261 2520 2520 2581 praeterea
2578 2511 2861 2566 tinctorem
2912 2510 3116 2580 ingenti
3171 2513 3418 2567 mercede

1845 2604 2120 2670 conducis,
2156 2613 2216 2658 ut
2242 2604 2380 2658 mari
2425 2603 2700 2660 cochleam
2749 2613 2995 2669 venatus,
3039 2605 3157 2674 ejus
3186 2605 3418 2660 animal—

1846 2691 1952 2746 culi
1979 2691 2240 2760 sanguine
2264 2700 2468 2746 vestem
2503 2690 2743 2756 inliciat;
2782 2691 2832 2744 id
2883 2705 3011 2745 vero
3047 2691 3279 2746 hominis
3330 2701 3414 2746 est

1848 2783 2134 2838 immodice
2210 2782 2575 2848 lascivientis,
2647 2783 2848 2852 quique
2927 2783 3086 2838 rebus
3162 2782 3421 2837 abutatur

1846 2875 1959 2930 suis
1985 2875 2085 2945 (2),
2113 2889 2213 2930 nec
2237 2874 2451 2938 habeat,
2485 2874 2539 2930 in
2561 2888 2696 2943 quos
2709 2889 2840 2930 usus
2871 2871 3321 2942 superallluentes
3340 2873 3423 2928 di-

1851 2964 2012 3020 vitias
2039 2963 2295 3020 eﬂ‘undat.
2332 2964 2516 3034 quue
2556 2979 2658 3020 non
2708 2965 2998 3030 immerito,
3042 2965 3164 3019 talis
3197 2973 3256 3018 ut
3292 2965 3422 3019 mol-

1853 3055 1920 3110 lis
1951 3071 2014 3111 ac
2036 3055 2400 3122 effeminatus,
2444 3056 2756 3125 cultumque
2800 3071 2865 3111 ac
2910 3065 3225 3110 ornamenta
3257 3055 3422 3110 mise~

1853 3162 2034 3202 rarum
2062 3146 2357 3216 puellarum
2386 3153 2684 3214 mutuatus,
2716 3145 3059 3213 vituperaute
3087 3145 3376 3216 Evangelio
3395 3182 3414 3209 ,

1848 3237 2090 3309 vapulat.

1919 3507 2025 3564 Alii
2055 3506 2182 3562 item
2209 3503 2404 3560 similis
2447 3510 2690 3558 amantes
2723 3499 3010 3567 vanitatis;
3035 3499 3164 3571 quin
3186 3499 3297 3555 imo
3326 3513 3423 3553 au-

1852 3601 2114 3660 ctioribus
2147 3599 2324 3654 modis
2363 3597 2558 3652 vitium
2587 3595 2916 3661 excolentes,
2967 3609 3037 3648 ne
3070 3593 3159 3648 hie
3204 3592 3422 3662 quidem

1853 3695 2032 3750 stultae
2065 3690 2300 3748 solertia:
2332 3690 2467 3745 lines
2497 3687 2898 3744 constituerunt
2935 3704 2951 3743 :
2985 3687 3080 3742 sed
3111 3699 3250 3740 novo
3290 3699 3427 3755 quo-

1853 3791 1976 3845 dam
2008 3802 2072 3843 ac
2098 3796 2506 3856 supervacaneo
2539 3780 2786 3836 textrina:
2813 3786 3139 3843 commento,
3172 3778 3313 3848 quod
3343 3791 3429 3830 ar-

1853 3892 1963 3938 tem
1990 3882 2299 3952 pietoriam,
2329 3876 2578 3933 staminis
2606 3871 3036 3944 acsuhtegmiuis
3055 3869 3236 3926 subtili
3264 3883 3415 3924 com-

1854 3973 2106 4044 plexione
2155 3971 2414 4035 imitans,
2454 3967 2695 4022 omnium
2756 3963 2958 4018 formas
3001 3958 3315 4018 animalium
3370 3959 3428 4013 in

1856 4063 2099 4119 vestibus
2141 4059 2434 4130 exprimat,
2468 4054 2681 4117 florida,
2724 4068 2788 4108 ac
2836 4051 3108 4107 sexcentis
3152 4050 3428 4116 variegata

1859 4155 2047 4226 ﬁguris
2084 4152 2428 4214 vestimenta,
2452 4159 2566 4202 tum
2605 4146 2729 4212 sibi,
2759 4152 2870 4199 tum
2893 4142 3171 4205 uxoribus,
3202 4154 3266 4194 ac
3296 4139 3432 4193 libe-

1859 4249 1936 4302 ris
1961 4259 2187 4316 operose
2221 4241 2550 4306 conﬁciunt;
2582 4238 2708 4294 ludo
2751 4236 3004 4304 deinceps
3048 4239 3286 4303 agentes,
3322 4244 3431 4284 non

1861 4339 2005 4396 serio
2032 4337 2236 4408 aliquid
2261 4335 2524 4390 facientes
2553 4350 2569 4387 :
2607 4331 2699 4402 qui
2732 4328 3046 4384 divitiarum
3103 4336 3435 4393 exsuperan-

1865 4429 1959 4496 tia,
2012 4427 2210 4483 saeculo
2241 4427 2570 4488 abutantur,
2632 4435 2737 4476 non
2792 4415 3093 4482 utantur‘;
3153 4429 3214 4470 ac
3263 4410 3434 4466 Paulo

1865 4521 2136 4578 contraria
2171 4519 2450 4583 sauciant;
2503 4514 2807 4583 divinisque
2855 4509 3112 4572 vocibus,
3163 4505 3246 4562 sin
3299 4503 3437 4560 seri-

1865 4613 1974 4683 ptis
2000 4627 2066 4666 ac
2124 4608 2327 4674 verbis,
2381 4621 2446 4661 ac
2484 4603 2643 4659 factis
2699 4601 3074 4656 adversentur.
3111 4596 3238 4664 Qua:
3290 4591 3434 4649 enim

1865 4705 1957 4760 ille
1984 4715 2234 4758 sermone
2266 4697 2585 4769 proscripsit
2609 4695 2662 4762 ⁸,
2695 4695 2810 4748 hate
2853 4691 2952 4760 ipsi
2985 4687 3260 4744 mordicus
3306 4683 3437 4740 reti-
3499 4698 3502 4701 '

1867 4809 1998 4853 nent
2021 4808 2086 4865 ac
2101 4792 2354 4863 operibus
2365 4799 2477 4845 rata
2501 4787 2706 4842 volunt.
2728 4783 2860 4840 Cum
2882 4783 3065 4850 itaque
3090 4776 3283 4831 talibus
3308 4774 3441 4865 ami-

1867 4888 1938 4944 cti
1970 4863 2328 4956 in‘publicum
2354 4879 2643 4951 prodeunt,
2684 4884 2944 4942 tanquam
2987 4866 3180 4938 depicti
3206 4863 3442 4956 parietes

1867 4954 2374 5044 obviiquuibusque
2399 4977 2714 5028 cernuntur.
2751 4964 2891 5032 Quin
2921 4971 2976 5016 et
3009 4958 3161 5031 pueri
3191 4954 3443 5025 quando,

1866 5085 1972 5142 que
1999 5067 2372 5129 circumstant,
2404 5061 2623 5130 risuque
2653 5066 2842 5112 mutuo
2867 5054 3038 5125 pictas
3067 5051 3120 5106 in
3152 5045 3444 5109 vestimeno

1870 5141 1940 5214 tis
1981 5159 2185 5228 figuras
2220 5154 2399 5211 indice
2451 5155 2774 5212 monstrant,
2818 5159 2882 5199 ac
2936 5154 3075 5213 pone
3125 5141 3441 5228 sequentes,

1866 5226 2279 5321 mgreitandem
2315 5242 2595 5310 recedunt,
2631 5253 2695 5295 ac
2719 5239 2788 5292 ab
2839 5235 2918 5292 eis
2946 5229 3103 5287 avelli
3137 5226 3441 5298 patiuntur.

2231 5448 2255 5482 ⁸
2292 5443 2316 5501 Ι
2368 5444 2513 5501 Tim.
2545 5457 2625 5509 ιι,
2660 5441 2724 5509 9,
2756 5439 2845 5495 io.

1875 5605 2041 5662 censu
2092 5603 2157 5643 ac
2178 5565 2339 5642 bonis
2364 5582 2631 5662 possessis
2666 5577 2938 5662 abutatur,
2955 5583 3110 5662 male

1876 5637 2062 5718 3637:.
2088 5637 2562 5727 Edog'ié‘pidiim’i
2601 5658 2928 5723 opportunos
2954 5654 3104 5722 usus,
3134 5653 3196 5696 ac
3230 5637 3283 5694 in
3314 5647 3450 5706 quos

1878 5734 2018 5791 Deus
2049 5730 2339 5789 concessit.
