3878 6270
216 275 323 333 I69

1228 273 1510 332 HOMILIA
1548 273 1590 332 Ι.
1635 275 1720 331 DE
1751 277 1985 334 DlVlTE
2023 278 2110 334 ET
2149 277 2444 336 LAZARO.

3356 279 3457 340 l70

212 391 509 462 λεγόμενον
552 391 652 462 μὲν
682 391 744 445 τὸ
780 391 1011 464 πρᾶγμα
1037 390 1095 445 ἐν
1139 408 1191 444 τι
1235 391 1502 459 φαίνεται·
1537 391 1786 458 ἐξεταζόο

1894 394 2086 450 beralis
2134 394 2560 450 consuetudinis.
2624 391 2688 447 Et
2735 407 3046 464 quanquam
3103 408 3190 450 res
3237 411 3341 450 una
3395 414 3454 452 ar-

215 506 378 560 μενον
401 488 459 542 δὲ
482 487 626 542 κατά
666 487 833 559 μέρος
859 488 954 542 καὶ
994 487 1496 560 κατηγορούμενον,
1523 489 1587 543 ἐκ
1612 488 1788 542 ποικί-

147 560 150 563 ’
210 580 316 651 λης
359 580 453 634 καὶ
509 579 754 644 πλείονος
802 579 895 632 καὶ
923 577 1295 649 πολυκεφάλου
1322 579 1519 644 κακίας
1549 579 1662 651 ἔχει
1693 580 1790 652 τὴν

213 673 499 726 σύστασιν.
531 670 723 744 Τρυφὴ
778 671 888 744 γὰρ
927 671 1026 725 οὐκ
1061 670 1126 724 ἀν
1172 670 1399 739 γένοιτο,
1435 673 1511 745 μὴ
1569 673 1789 738 πολλαῖς

210 763 512 834 αὐξηθεῖσα
546 766 668 826 ταῖς
714 763 888 827 ῦλαις.
942 761 1112 828 ’Ὕλας
1143 764 1200 818 δὲ
1251 765 1481 818 πλούτου
1519 765 1789 837 σωρεῦσαι

213 856 640 928 ἀναμαρτήτως,
681 855 979 926 ἀμήχανον·
1027 855 1166 927 πλὴν
1206 855 1256 908 εἰ
1297 855 1369 926 μή
1399 873 1523 922 τινι,
1563 855 1704 910 κατά
1731 857 1790 910 τὸ

216 945 465 1008 σπάνιον,
516 944 594 1008 ὡς
633 943 710 1015 τῷ
747 944 900 1007 Ἰὼϐ,
932 943 1193 1016 συμϐαίη,
1241 945 1335 998 καὶ
1367 945 1614 1000 πλουτεῖν
1637 946 1791 1017 δαψι-

212 1035 343 1100 λῶς,
375 1035 473 1090 καὶ
497 1035 598 1106 ζῇν
622 1033 762 1088 κατά
785 1035 847 1088 τὸ
867 1033 1072 1089 δίκαιον
1121 1035 1381 1110 ἀκριϐῶς.
1411 1039 1502 1091 Δεῖ
1518 1038 1693 1092 τοίνυν
1713 1038 1790 1110 τῷ

214 1127 515 1198 τρυφῶντι,
544 1126 760 1200 πρῶτον
803 1126 900 1197 μὲν
925 1127 1100 1191 οἰκίας
1132 1128 1474 1194 πολυτελοῦς,
1505 1129 1668 1202 ψήφῳ
1696 1132 1791 1186 καὶ

215 1217 383 1282 λίθοις
411 1219 510 1273 καὶ
548 1217 732 1290 χρυσῷ
763 1218 900 1272 κατά
935 1220 1033 1282 τὰς
1087 1219 1304 1291 νύμφας
1346 1223 1786 1297 κεκοσμημένης·

217 1311 354 1382 πρὸς
388 1311 448 1365 δὲ
474 1312 572 1375 τὰς
605 1310 903 1380 ἐξαλλαγὰς
929 1312 1038 1366 τῶν
1064 1312 1224 1386 ὡρῶν
1247 1315 1340 1369 τοῦ
1388 1316 1632 1371 ἐνιαυτοῦ
1667 1319 1788 1372 ἐπι-

213 1402 447 1473 τηδείως
468 1402 717 1473 ἐχούσης.
761 1403 1011 1472 Ζητεῖται
1048 1403 1157 1476 γὰρ
1185 1405 1381 1478 θερμὴ,
1427 1407 1637 1480 ἀλεεινὴ
1692 1409 1791 1480 μὲν

161 1537 168 1542 .
214 1495 249 1565 η
273 1494 368 1548 τοῦ
396 1495 685 1566 χειμῶνος,
717 1495 810 1549 καὶ
838 1496 1184 1567 τετραμμένη
1199 1497 1333 1568 πρὸς
1361 1498 1459 1568 τὴν
1478 1500 1669 1554 ἀκτῖνα
1692 1501 1791 1571 τῆς

215 1585 587 1657 μεσημϐρίας·
610 1586 1034 1658 ἀναπεπταμένη
1066 1587 1122 1640 δὲ
1153 1588 1290 1658 πρὸς
1304 1589 1402 1661 τὴν
1426 1591 1646 1662 ἄρκτον,
1699 1591 1790 1646 θε-

215 1675 360 1746 ρινή·
382 1675 473 1728 ἵνα
493 1674 716 1739 λεπταῖς
741 1673 878 1746 ὁμοῦ
903 1676 996 1728 καὶ
1014 1673 1249 1747 ψυχραῖς
1279 1680 1399 1742 ταῖς
1427 1678 1624 1750 αὔραις
1672 1683 1791 1745 ταῖς

1889 486 2116 557 simplex
2143 487 2410 553 videatur,
2445 495 2501 540 ut
2535 485 2755 557 pmpius
2791 497 2969 541 tamen
2998 487 3255 558 inspicias
3289 504 3353 546 ac
3379 493 3453 546 si-

1888 576 2111 645 gillatim
2143 577 2442 641 examines,
2482 590 2513 632 e
2550 577 2704 631 varia
2757 591 2820 632 ac
2872 575 3152 647 multiplici
3202 579 3456 634 vitiorum

1889 668 2116 723 colluvie
2157 665 2384 722 conllata
2427 667 2740 736 reperietur.
2783 666 3031 722 Deliciari
3073 668 3216 722 enim
3257 669 3460 737 absque

1891 760 2098 830 magnis
2134 759 2492 814 facultatibus
2541 759 2682 814 haud
2735 759 2928 828 possis.
2973 758 3330 814 Aceumulare
3364 775 3462 814 au-
3502 807 3515 816 .

1893 861 2000 906 tem
2039 851 2256 906 divitias
2284 851 2420 906 citra
2448 861 2747 920 peccatum,
2775 849 3140 918 impossibile;
3170 851 3270 904 nisi
3299 851 3457 905 alicui

1891 941 2056 1013 (quod
2086 941 2239 996 valde
2269 941 2474 1010 rarum)
2506 940 2650 1011 large
2689 938 2847 995 simul
2877 940 3095 994 divitem
3127 955 3265 1005 esse,
3298 941 3460 995 sedu-

1891 1030 2049 1101 loque
2102 1030 2366 1101 justitiam
2431 1029 2630 1096 colere,
2687 1029 2765 1084 uti
2818 1027 2918 1083 Job
2973 1030 3268 1100 contingat.
3319 1030 3460 1084 Ante

1889 1120 2069 1176 Oﬁlllla
2096 1129 2299 1186 autem,
2329 1119 2378 1176 ei
2417 1121 2502 1176 cui
2549 1120 2694 1176 laute
2733 1119 3068 1190 delicateque
3110 1121 3293 1177 vivere
3329 1135 3458 1188 pro-

1888 1212 2147 1284 positum,
2187 1213 2347 1269 domo
2383 1229 2518 1284 opus
2559 1223 2642 1270 est
2691 1214 2886 1272 cultius
2928 1229 3227 1285 exstructa,
3263 1233 3327 1272 ac
3352 1227 3459 1272 tes-

1889 1305 2095 1360 sellulis
2143 1303 2222 1375 (5)
2277 1303 2578 1376 lapillisque
2639 1315 2695 1360 et
2741 1322 2871 1361 auro
2917 1322 3236 1378 sponsarum
3288 1312 3449 1366 instat

1889 1405 2078 1450 ornata
2118 1413 2132 1450 :
2169 1405 2282 1450 tum
2309 1397 2468 1451 etiam
2499 1399 2566 1452 ad
2617 1398 2937 1452 mutationes
2972 1408 3271 1468 temporum
3299 1401 3452 1455 anni-

1889 1501 1997 1557 que
2019 1496 2362 1557 tempestates
2396 1489 2532 1544 bene
2560 1492 2987 1546 accommodata.
3038 1489 3461 1548 Commendatm‘

1891 1581 2057 1646 enim,
2118 1583 2343 1637 hiberna
2385 1583 2603 1650 quidem
2654 1583 2864 1649 calida;
2904 1585 3084 1651 aprica
3135 1584 3222 1638 illa
3268 1599 3333 1640 ac
3391 1586 3458 1638 ad

1893 1671 2245 1727 meridianum
2290 1671 2460 1728 solem
2504 1663 2810 1738 conversa;
2854 1677 3037 1729 mstit'a
3091 1691 3219 1730 vero
3261 1677 3327 1730 ad
3375 1691 3464 1731 se-

211 1765 490 1836 βορειναῖς
521 1766 914 1836 καταπνέηται.
952 1766 1110 1819 Μετά
1129 1765 1352 1837 ταύτην,
1379 1770 1537 1840 χρεία
1568 1770 1788 1824 πολυτει

1893 1761 2250 1832 ptentrionem
2285 1773 2624 1833 exporrecta,
2667 1779 2773 1834 quo
2818 1775 3004 1820 tenues
3058 1764 3159 1820 illae
3208 1781 3271 1822 ac
3303 1765 3458 1835 frigi—

209 1858 338 1922 λοῦς
363 1858 594 1930 ἐσθῆτος
623 1858 720 1930 τῆς
739 1859 1035 1930 μελλούσης
1064 1861 1461 1932 ἀμφιέννυσθαι
1495 1863 1564 1917 τὰ
1593 1864 1788 1936 βάθρα,

206 1950 310 2014 τὰς
356 1950 570 2016 κλίνας,
601 1949 700 2014 τάς
761 1950 1033 2017 στιϐάδας,
1082 1953 1180 2016 τὰς
1225 1951 1416 2024 θύρας.
1452 1953 1638 2008 Πάντα
1682 1956 1790 2028 γάρ

209 2040 341 2112 παρ’
377 2038 612 2103 ἐκείνοις
639 2037 913 2110 ἐπιμελῶς
940 2039 1181 2094 ἐνδύεται
1203 2039 1384 2094 καὶτὰ
1409 2040 1609 2118 ἀψυχα,
1633 2041 1793 2095 ἐλεει-

207 2132 315 2196 νῶς
340 2131 456 2184 τῶν
481 2131 729 2201 πενήτων
761 2129 1123 2200 ἐκδυομένων.
1155 2129 1399 2201 Πρόσθες
1420 2129 1545 2200 ἑξῆς
1581 2131 1790 2197 τούτοις

208 2225 302 2277 καὶ
333 2224 554 2292 λόγισαι
581 2227 672 2276 τὸν
710 2223 768 2275 ἐν
827 2221 1077 2276 σκεύεσιν
1143 2221 1404 2294 ἄργυρον,
1449 2223 1540 2277 τὸν
1567 2225 1787 2296 χρυσὸν,

205 2317 305 2388 τὴν
338 2315 718 2369 πολυδάπανον
745 2317 1043 2388 ἀγορασίαν
1066 2315 1176 2369 τῶν
1212 2317 1276 2369 ἐκ
1291 2315 1516 2379 Φάσιδος
1536 2315 1785 2388 ὀρνίθων·

205 2410 350 2461 οἴνου
382 2407 481 2460 τοῦ
509 2409 773 2473 ⁴ινοίνικος,
808 2409 868 2463 ὃν
912 2410 969 2462 αἰ
1014 2408 1248 2480 ἄμπελοι
1277 2408 1454 2480 Τύρου
1483 2409 1647 2463 πολὺν
1676 2410 1789 2472 τοῖς

207 2501 490 2563 πλουσίοις
516 2500 610 2553 καὶ
655 2500 835 2572 τίμιον
882 2500 1236 2572 ἀπορῤέουσν
1269 2502 1450 2555 πᾶσαν
1475 2501 1572 2573 τὴν
1621 2502 1787 2574 ἀλλην

204 2591 305 2660 τῆς
355 2589 712 2655 ἀπολαύσεως
747 2592 1118 2663 παρασκευὴν,
1169 2593 1236 2664 ἢν
1279 2593 1459 2648 αὐτῶν
1505 2594 1613 2647 τῶν
1645 2612 1788 2666 χρω-

210 2681 393 2751 μένων
443 2682 593 2734 ἐστὶν
622 2682 898 2754 ἐπιμελῶς
927 2685 1214 2754 ὀνομάσαι.
1247 2682 1493 2751 Αύξουσα
1515 2685 1623 2758 γὰρ
1667 2687 1786 2740 καθ’

205 2774 423 2844 ἡμέραν
453 2773 548 2826 ἐπὶ
575 2773 636 2828 τὸ
672 2776 1090 2848 περιεργότερον
1125 2778 1158 2848 ἡ
1190 2779 1395 2851 τρυφὴ,
1429 2779 1528 2850 ἤδη
1565 2779 1658 2832 καὶ
1679 2778 1788 2832 τῶν

205 2865 265 2930 ἐξ
328 2866 565 2939 Ἰνδικῆς
617 2866 925 2938 ἀρωμάτων
981 2870 1280 2941 παρεγχέει
1311 2873 1424 2935 τοῖς
1469 2870 1639 2941 όψοιςυ
1694 2873 1790 2926 καὶ

207 2957 414 3028 μᾶλλον
469 2956 580 3010 τῶν
636 2957 834 3029 ἰατρῶν
882 2960 930 3012 οἰ
972 2960 1288 3032 μυροπῶλαι
1340 2963 1452 3025 τοῖς
1507 2960 1789 3034 μαγείροις

204 3048 598 3118 ὑπηρετοῦσιν.
639 3049 918 3103 Ἐντεῦθεν
942 3050 1195 3122 ἐννόησον
1225 3051 1287 3104 τὸ
1313 3052 1668 3124 δορυφορικὸν
1688 3052 1789 3123 τῆς

1892 1853 2026 1908 ιιυιω
2053 1853 2122 1908 ab
2146 1865 2300 1909 arcto
2331 1856 2600 1925 spirantes
2630 1871 2794 1922 aurae,
2838 1872 2957 1912 eam
2994 1857 3222 1926 perﬂare
3249 1873 3311 1913 ac
3336 1873 3460 1927 per-

1891 1957 2070 1999 meare
2101 1946 2400 2000 commode
2451 1947 2685 2002 valeant.
2736 1947 2816 2000 Ad
2852 1947 2964 2002 haec
3017 1948 3254 2019 stragula
3308 1949 3456 2003 multi

1890 2035 2047 2104 pretii
2076 2045 2224 2091 veste
2251 2047 2336 2093 est
2374 2052 2528 2108 opus,
2571 2039 2638 2094 ad
2675 2039 2814 2094 imas
2857 2039 3174 2108 integendas
3205 2039 3365 2097 sedes
3397 2058 3461 2096 ac

1889 2141 2148 2192 scamma,
2189 2128 2483 2198 lectosque,
2516 2144 2580 2184 ac
2617 2131 2801 2186 thoros
2824 2171 2841 2196 ,
2884 2139 2938 2186 et
2976 2132 3172 2200 januas
3203 2153 3215 2188 :
3272 2133 3457 2189 omnia

1890 2218 2152 2288 siquidem
2191 2221 2331 2290 apud
2384 2237 2477 2277 eos
2537 2233 2790 2278 accurate
2843 2226 3180 2292 vestiuntur,
3239 2227 3456 2282 tametsi

1890 2306 2209 2374 inanimata,
2239 2325 2361 2364 cum
2410 2310 2627 2365 interim
2660 2327 2920 2381 pauperes
2955 2315 3336 2370 miserabiliter
3370 2331 3462 2370 vc-

1888 2399 2136 2454 stimenta
2164 2401 2433 2456 deﬁciant.
2463 2403 2616 2458 Adde
2647 2419 2768 2459 vasa
2798 2415 3048 2476 argentea
3066 2415 3228 2477 atque
3254 2422 3415 2462 aurea
3439 2446 3457 2473 ,

1891 2504 2160 2561 expensas
2191 2509 2384 2564 graves
2412 2496 2720 2552 coemendis
2746 2495 3029 2554 Phasianis
3063 2501 3272 2563 avibus,
3304 2502 3460 2554 vino-

1892 2599 2002 2654 que
2053 2584 2355 2652 Phtenicio,
2389 2591 2527 2658 quod
2570 2591 2704 2646 vites
2738 2591 2939 2661 Tyrizc,
2984 2593 3230 2662 quamvis
3272 2608 3460 2649 carum

1889 2677 2092 2732 aﬂ‘atitn
2138 2679 2391 2735 divitibus
2420 2681 2642 2736 ellluunt
2674 2699 2689 2748 ;
2716 2697 3038 2752 omnemque
3058 2685 3193 2739 adeo
3227 2686 3461 2755 volupta-

1891 2769 1960 2825 tis
1997 2779 2161 2840 atque
2198 2772 2512 2828 deliciarum
2555 2786 2871 2846 apparatum
2908 2777 2976 2831 ab
3020 2776 3126 2832 illis
3181 2779 3315 2848 ipsis
3366 2779 3457 2849 qui

1888 2870 2170 2931 usurpant,
2205 2873 2456 2919 accurate
2499 2867 2908 2921 recensendum.
2949 2868 3173 2924 Auctior
3213 2873 3354 2925 enim
3404 2872 3457 2925 in

1888 2951 2004 3008 dies
2037 2953 2306 3022 voluptas,
2349 2969 2413 3008 ac
2457 2957 2673 3012 curiose
2701 2958 3042 3028 exquisitior,
3077 2963 3235 3015 etiam
3276 2963 3457 3017 Indica

1891 3051 2139 3099 aromata
2173 3045 2310 3100 cibis
2339 3044 2598 3113 aﬂ'undit;
2635 3050 2910 3118 magisque
2930 3049 3042 3118 jam
3073 3054 3260 3120 coquis
3292 3070 3454 3124 quam

205 3113 490 3209 τραπέζης
510 3113 1188 3213 πλῆθος,τραπεζοποιοίις,
1203 3113 1489 3210 οἰνοχόους,
1513 3113 1786 3214 ταμιείας,

1893 3139 2132 3203 medicis,
2166 3142 2504 3210 unguentarii
2537 3141 2810 3212 impendio
2832 3155 2977 3199 sunt.
3011 3145 3149 3212 Quin
3175 3156 3230 3201 et
3258 3163 3458 3203 mensa:

205 3229 301 3281 καὶ
328 3228 461 3291 τοὺς
484 3227 690 3282 τούτων
717 3230 1130 3302 ἀφηγουμένους
1161 3229 1473 3301 μουσικούς·
1502 3233 1786 3304 μουσικὰς,

203 3319 591 3391 ὀρχηστρίδας,
613 3319 868 3391 αὐλητὰς.
891 3320 1303 3388 γελωτοποιοὺς,
1325 3321 1584 3388 κόλακας,
1612 3338 1792 3394 παρα-

207 3413 412 3476 σίτους,
467 3412 563 3465 τὸν
607 3411 900 3466 ἀκόλουθον
949 3411 1048 3482 τῆς
1103 3413 1464 3485 ματαιότητος
1502 3414 1785 3485 συρφετόν.

204 3503 397 3557 Ταῦτα
420 3503 510 3557 ἵνα
536 3502 732 3574 κτηθῇ,
757 3503 912 3556 πόσοι
970 3503 1198 3575 πένητες
1247 3504 1594 3560 ἀδικοῦνταιί
1633 3506 1788 3560 πόσοι

202 3595 260 3650 δὲ
288 3595 524 3667 ὀρφανοὶ
547 3593 969 3657 κονδυλίζονταιί
1000 3596 1164 3650 πόσαι
1183 3595 1237 3649 δέ
1252 3596 1784 3670 χῆραιδακρύουσινί

204 3687 365 3740 πόσοι
416 3686 662 3757 σφοδρῶς
691 3687 1126 3759 σπαραττόμενοι
1159 3689 1484 3744 σπεύδουσιν
1526 3690 1661 3762 πρὸς
1691 3691 1789 3760 ἀγο

204 3779 399 3850 χόνηνί
437 3778 502 3831 Ἦ
529 3778 585 3831 δέ
614 3777 721 3830 τῶν
763 3778 1018 3834 τοιούτων
1043 3780 1209 3852 ψυχὴ,
1235 3779 1423 3855 ῶσπερ
1446 3781 1682 3852 Ληθαίου
1715 3799 1792 3836 τι·

204 3869 294 3932 νὸς
331 3868 528 3934 ῦδατος
554 3869 889 3940 γευσαμένη,
926 3871 1128 3941 ἐαυτῆς
1181 3873 1486 3944 ἀμνημονεῖ
1512 3873 1786 3941 καθάπαξ,

164 3935 174 3956 Ι
204 3961 288 4024 τίς
320 3962 494 4023 ἐστιν,
528 3961 623 4013 καὶ
653 3959 758 4014 τίνι.
792 3961 1161 4026 συνέζευκται,
1185 3962 1277 4017 καὶ
1299 3965 1381 4017 δτι
1406 3965 1536 4018 ποτὲ
1562 3965 1659 4035 τῆς
1689 3983 1786 4018 συ·

206 4052 404 4120 ζυγίας
441 4051 646 4124 ταύτης
695 4051 1008 4125 λυθήσεται,
1056 4055 1151 4108 κα)⁸
1201 4056 1364 4109 πάλιν
1409 4055 1788 4110 ἀνακτισθέντι

208 4147 529 4216 συνοικήσει
582 4145 660 4216 τῷ
708 4144 944 4216 σώματι.
1018 4147 1292 4212 Ἐλθόντος
1342 4149 1397 4203 δὲ
1447 4148 1638 4221 καιροῦ
1692 4151 1787 4204 τοῦ

1890 3229 2202 3284 satellitium
2254 3247 2597 3286 numerosum
2635 3234 2937 3304 perpende:
2973 3244 3288 3304 structores,
3344 3239 3459 3309 pin-

1890 3334 2101 3383 cernas,
2133 3323 2602 3390 promos-condos,
2645 3332 2699 3378 et
2744 3325 2835 3395 qui
2879 3326 2964 3381 his
3010 3338 3246 3398 praeeunt
3291 3331 3458 3388 musi-

1890 3425 2008 3478 cos,
2063 3413 2322 3478 musicas,
2379 3415 2773 3481 saltatriculas,
2830 3419 3108 3487 tibicines,
3167 3421 3455 3489 ridiculos,

1889 3500 2212 3568 gnatbones,
2242 3503 2529 3571 parasitos,
2563 3503 2770 3559 turbam
2809 3507 3064 3564 vanitatis
3093 3511 3344 3566 comitem
3378 3524 3455 3566 at-

1889 3603 1994 3659 que
2021 3591 2388 3660 pedisequam.
2430 3592 2552 3648 Haec
2595 3603 2666 3648 ut.
2689 3606 3094 3664 comparentur,
3140 3609 3273 3670 quot
3325 3617 3458 3671 pau-

1890 3694 2046 3750 peres
2072 3680 2335 3738 alliciendi
2384 3684 2620 3754 injuria?
2667 3695 2796 3754 quot
2845 3687 3036 3758 pugnis
3083 3691 3321 3746 caedendi
3365 3709 3459 3747 or-

1889 3772 2094 3841 phani?
2127 3784 2258 3841 quot
2290 3774 2576 3845 lugendum
2601 3775 2811 3832 viduis?
2836 3791 2966 3848 quot
3003 3780 3231 3852 denique
3257 3783 3456 3840 misere

1890 3864 2216 3920 dilaniantes
2267 3868 2494 3937 seipsos,
2526 3869 2592 3921 ad
2643 3871 2828 3924 restim
2876 3883 2940 3926 ac
2977 3871 3226 3942 laqueum
3275 3875 3460 3931 decur-

1891 3955 2112 4010 rendum
2175 3958 2509 4013 habuerint?
2556 3957 2832 4029 Ejusmodi
2885 3963 3128 4031 profecto
3179 3965 3456 4023 hominum

1890 4045 2090 4109 anima,
2119 4047 2272 4114 quasi
2320 4047 2534 4102 Letbaaa
2574 4052 2806 4119 quadam
2855 4052 3130 4122 degustata
3168 4070 3327 4125 aqua,
3371 4057 3455 4111 sui

1891 4145 2112 4200 prorsus
2155 4133 2522 4201 obliviscitur;
2571 4152 2690 4206 qua:
2723 4148 2777 4194 et
2801 4140 2913 4209 ipsa
2967 4142 3058 4208 sit,
3087 4157 3152 4198 ac
3194 4145 3280 4198 cui
3327 4161 3459 4200 con-

208 4237 570 4309 καθηκοντος,
593 4239 688 4292 καὶ
711 4239 805 4293 τοῦ
831 4241 1209 4312 ἀπαραιτήτου
1240 4219 1657 4313 προστάγματος
1687 4242 1788 4312 τῆς

1889 4219 2094 4289 juncta,
2140 4233 2302 4292 utque
2329 4227 2520 4295 copula
2555 4228 2667 4283 ltarc
2695 4231 3018 4300 quandoque
3043 4234 3115 4288 sit
3158 4237 3455 4303 solvenda;

207 4329 348 4400 πρὸς
382 4328 446 4382 τὸ
473 4327 632 4399 σῶμα
662 4330 942 4394 κοινωνίας
973 4330 1327 4395 ἀποσπῶντος
1356 4332 1546 4404 αὐτὴν,
1595 4333 1788 4386 ἀναλο-

1891 4311 2112 4380 ipsaque
2140 4314 2358 4382 iterum,
2391 4328 2689 4373 recreatum
2717 4336 2911 4392 corpus
2931 4337 2997 4378 ac
3031 4324 3326 4380 redivivum
3355 4328 3454 4384 do-

205 4419 409 4490 γισμὸς
473 4419 778 4490 εἰσέρχεται
820 4421 927 4473 τῶν
977 4421 1343 4493 βεϐιωμένων,
1390 4403 1785 4494 καὶάνωφελὴς

1891 4403 2145 4459 nticilium
2189 4407 2457 4465 habitura.
2495 4407 2595 4465 Ubi
2622 4422 2801 4467 autem
2828 4423 3024 4468 statum
3056 4425 3264 4486 tempus
3292 4419 3456 4475 adve-

208 4472 496 4581 μετάνόια,
543 4472 771 4565 eam.
807 4472 1209 4584 ,....;;,";;~',;
1226 4472 1643 4584 {ggegfagg
1663 4472 1785 4586 ’γέρ

1892 4493 2049 4558 tuerit,
2097 4508 2162 4549 ac
2194 4495 2576 4564 indeprecabili
2611 4502 2846 4567 decreto,
2878 4507 3121 4576 corporis
3160 4523 3224 4563 ac
3262 4511 3458 4566 animat

203 4601 415 4673 ὀνίνησι
451 4601 802 4673 μεταμέλεια,
831 4604 956 4656 ὅταν
997 4604 1026 4656 ό
1071 4583 1595 4675 μεταϐουλευόμενος
1640 4583 1788 4668 ἐξουο

1889 4599 2058 4640 nexus
2106 4583 2482 4646 dissolvendus
2537 4593 2662 4658 erit,
2721 4596 2918 4665 prioris
2968 4599 3093 4654 vita:
3145 4603 3458 4672 recogitatio

209 4695 334 4748 σίαν
361 4694 464 4767 ἔχῃ
491 4694 592 4764 τῆς
637 4693 994 4765 διορθώσεως
1023 4695 1404 4767 ἀναιρεθείσης
1429 4695 1486 4748 δὲ
1511 4695 1611 4766 τῆς
1633 4695 1788 4768 ἐνερ-

1889 4675 2127 4730 attimum
2155 4680 2379 4747 subibit,
2412 4697 2645 4752 seraque
2685 4701 2749 4741 ac
2797 4687 2930 4742 nihil
2963 4689 3241 4758 profutura
3280 4695 3456 4764 paeni-

205 4786 366 4855 τείας
399 4785 495 4840 τοῦ
543 4785 861 4858 κατορθοῦν,
913 4785 1129 4858 ἀχρεῖος
1160 4789 1194 4859 ἡ
1223 4786 1390 4859 λύπη,
1426 4787 1520 4842 καὶ
1559 4788 1787 4858 μάταιος

207 4881 241 4950 ἡ
270 4873 638 4949 μετάγνωσις.

1889 4769 2076 4824 tentia.
2109 4767 2262 4826 Tunc
2288 4774 2430 4827 enim
2467 4775 2680 4831 demum
2706 4779 3024 4848 pasnitentia
3060 4784 3300 4852 prodest,
3334 4800 3454 4840 cum

1887 4871 2102 4916 mutans
2134 4865 2488 4935 propositum,
2538 4871 2863 4926 emendandi
2903 4869 3212 4929 facultatem
3261 4876 3452 4943 habet;

1890 4954 2099 5008 sublata
2128 4970 2255 5012 vero
2287 4956 2409 5013 boni
2449 4961 2631 5029 operis
2661 4964 2816 5032 copia
2864 4978 2927 5020 ac
2971 4966 3205 5035 actione,
3254 4968 3457 5026 inutilis

1889 5044 2042 5098 dolor
2072 5063 2135 5101 ac
2164 5048 2341 5104 inanis
2365 5051 2641 5120 paenitudo
2677 5063 2779 5109 est.

277 5137 524 5208 Πτωχὸς
551 5135 618 5190 δέ
655 5153 746 5203 τις
773 5132 852 5208 ἦν
875 5136 1117 5207 ὀνόματι
1146 5135 1424 5206 Λάζαρος.
1456 5137 1530 5189 Οὐ
1570 5136 1777 5208 πένητα

1961 5134 2091 5192 Erat
2135 5152 2306 5194 autem
2350 5143 2566 5212 quidam
2614 5147 2880 5201 mendicus
2932 5151 3138 5205 nomine
3192 5149 3452 5205 Lazarus.

207 5229 398 5292 ἁπλῶς
448 5228 754 5298 ὑπογράφει
787 5231 816 5282 ό
861 5227 1045 5298 λόγος,
1089 5228 1191 5299 τῆς
1240 5227 1486 5299 δαπάνης
1540 5229 1632 5282 καὶ
1676 5230 1776 5300 τῆ..

1889 5227 2095 5284 Nedum
2143 5230 2425 5302 Scriptura
2493 5239 2781 5305 pauperem
2821 5239 3079 5294 describit
3150 5245 3458 5296 necessario

207 5320 397 5392 χρείας
429 5319 541 5373 τῶν
578 5318 892 5388 ἀναγκαίων
933 5319 1325 5391 ἐστερημένον·
1356 5319 1493 5374 ἀλλά
1530 5319 1640 5392 γάρ
1679 5322 1776 5374 καὶ

1889 5335 1984 5376 usu
2021 5335 2201 5377 rerum
2235 5324 2572 5393 destitutum,
2601 5342 2664 5381 ac
2690 5330 2913 5405 penuria
2948 5329 3282 5387 laborantem
3313 5328 3454 5396 {vc-

280 5493 353 5579 (β)
395 5494 473 5548 Ac
501 5492 934 5579 ιειιςιιιιιὶιςηδξς
975 5494 1264 5579 Cltrysostz
1287 5494 1441 5549 Hom.
1462 5495 1538 5579 'in
1572 5495 1780 5579 divitem
1888 5513 1954 5579 ac
2005 5499 2234 5579 calculis
2281 5512 2491 5560 constet
2539 5509 2682 5576 quod
2737 5509 3002 5564 musivmn
3050 5525 3183 5579 opus
3235 5521 3453 5568 vocant.

207 5573 256 5616 ε’
288 5562 578 5644 ιλξὲίεττυηο
609 5562 1546 5644 Βοίη.τ.ν¹..⁰ἓ¹ο²είο’τάἔψηφωμέγᾳ
1576 5566 1775 5644 ἐδάφη.

1889 5568 2088 5644 ljegius
2135 5573 2324 5639 codex,
2374 5562 2605 5644 quocum
2651 5562 2874 5641 contuli,
2911 5562 3180 5636 italiabet
3226 5562 3452 5639 αι’ῖὼὶὶ

208 5635 478 5688 ιεεσειιιιιέε
509 5651 572 5688 ac
602 5633 794 5706 lapillis
822 5633 1068 5706 distincta
1090 5633 1418 5702 pauim‘eizta.’
1437 5635 1534 5690 Ubi
1575 5637 1620 5689 is
1655 5633 1774 5690 eam
1887 5633 2052 5695 Savil.
2087 5633 2323 5700 restituit
2349 5633 2573 5702 Ducmus
2596 5663 2660 5702 ex
2691 5633 2972 5706 Caesareis.

208 5717 394 5762 vocem
420 5720 533 5761 non
571 5702 712 5757 male
740 5703 992 5774 explicat.
1022 5713 1155 5758 etut
1192 5706 1457 5775 ejusmodi
1486 5707 1777 5763 tessellulis

524 5797 800 5859 ΡΑτιιοι.
841 5797 956 5859 Gn.
998 5796 1132 5858 XL.
1595 5847 1599 5852 .

3145 5809 3184 5866 6
