3856 6274
398 296 497 351 ’171

1670 295 1728 353 S.
1770 296 2044 355 ASTERII
2082 297 2385 356 AMASENI

3552 309 3665 367 173

399 428 518 471 rum
547 413 709 471 etiam
742 411 892 487 gravi
929 421 1133 469 tentum
1157 414 1498 487 (egritudine,
1535 430 1763 488 corpore
1794 417 1951 481 tabidi

2081 418 2364 492 ἀρρωστίᾳ
2422 420 2660 492 όδυνηρᾷ
2718 422 3091 494 συνεχόμενον,
3142 423 3236 477 καὶ
3294 422 3664 497 διερρυηκότα

395 512 795 588 diﬁluentique,
828 516 943 571 sine
975 517 1085 573 lare
1112 531 1175 572 ac
1207 516 1387 580 domo,
1428 512 1686 567 incultum
1725 525 1789 565 ac
1843 509 1972 565 hor-

396 603 600 668 ridum,
635 615 797 676 atque
828 608 893 663 ad
917 606 1136 674 januam
1165 606 1345 663 divitis
1372 604 1689 677 projectum.
1711 603 1793 661 Ad
1826 618 1974 660 sum-

394 710 561 762 mam,
597 712 719 757 cum
743 712 870 753 cura
898 714 959 753 ac
1001 700 1208 771 tragico
1250 700 1363 754 iere
1407 700 1672 755 cothurno
1719 696 1972 769 pauperis

394 788 671 844 miseriam
714 801 959 853 enarrat,
996 807 1104 858 quo
1133 790 1305 863 magis
1335 806 1438 845 non
1476 788 1788 847 miserantis
1819 790 1970 845 duri-

397 878 524 937 tiem
557 888 702 935 notet
740 888 901 949 atque
946 880 1216 936 traducat.
1247 880 1419 948 Quem
1448 879 1594 935 enim
1626 879 1853 934 alterius
1887 878 1967 932 fa—

393 984 509 1025 mes
535 984 599 1025 ac
628 971 892 1041 agritudo
933 971 1410 1027 commiseratione
1455 987 1565 1026 non
1611 971 1802 1042 tangit,
1855 970 1966 1025 fera

390 1073 525 1115 sane
546 1068 632 1116 est
660 1060 888 1117 rationis
920 1075 1135 1130 expers,
1170 1076 1453 1132 perperam
1491 1061 1785 1116 humanam
1818 1060 1970 1116 indu-

388 1157 478 1205 tus
502 1148 755 1216 formam,
788 1164 853 1205 ac
886 1150 1163 1205 voluntate
1181 1148 1381 1204 fallens
1411 1158 1696 1216 naturam;
1728 1150 1969 1218 adeoque

393 1240 523 1296 feris
558 1226 691 1311 ipsis
752 1251 917 1313 atque
962 1241 1154 1297 belluis
1202 1240 1491 1297 immanior
1536 1250 1639 1296 est.
1686 1240 1966 1310 Siquidem

392 1348 521 1389 sues
548 1333 792 1405 jugulata
828 1348 923 1389 sue
955 1349 1115 1389 sensu
1143 1333 1377 1405 quodam
1405 1331 1609 1389 doloris
1634 1331 1963 1415 adiciuntur,

389 1437 456 1479 ac
497 1423 703 1479 circum
750 1437 942 1479 recens
989 1424 1168 1477 rusum
1196 1421 1514 1492 sanguinem
1540 1422 1695 1476 triste
1716 1437 1969 1476 murmur

385 1512 577 1567 edunt.
616 1510 813 1576 Boves,
852 1508 991 1563 tauri
1024 1510 1224 1565 caedem
1260 1509 1635 1572 circumstant,
1668 1506 1965 1562 miserabili

386 1603 626 1658 dolorem
677 1603 883 1672 mugitu
934 1600 1299 1671 designantes.
1338 1600 1476 1668 Quin
1512 1615 1705 1669 gruum
1748 1614 1965 1669 quoque

388 1709 601 1766 greges,
635 1709 756 1749 cum
790 1709 898 1747 una
930 1692 1071 1746 forte
1100 1691 1397 1763 gregaliqu
1438 1691 1490 1746 in
1527 1707 1714 1747 casses
1750 1690 1959 1756 incidit,

2077 510 2139 563 τὸ
2169 510 2349 582 σῶμα,
2395 511 2598 579 ἀοικον,
2635 513 2899 579 ἀνεστιον,
2948 513 3340 583 ἀθεράπευτον,
3389 517 3457 587 τῇ
3512 516 3664 588 πύλῃ

2075 601 2171 657 τοῦ
2220 603 2476 659 πλουσίου
2514 607 3008 679 προσερριμμένον.
3050 606 3163 661 Καὶ
3209 606 3329 661 λίαν
3379 608 3663 679 ἐπιμελῶς

2076 698 2142 768 τῇ
2190 696 2440 769 διηγήσει
2485 698 2585 762 τάς
2651 696 2936 770 συμφορὰς
2986 698 3077 752 ἐπὶ
3127 698 3269 752 τέλει
3318 699 3667 772 ἐκτραγῳδεί

2076 790 2170 844 τοῦ
2207 791 2445 863 πτωχοῦ,
2487 791 2579 846 ἵνα
2623 791 2723 863 τὴν
2774 790 2868 844 τοῦ
2907 790 2980 863 μὴ
3009 790 3285 857 ἐλεοῦντος
3329 791 3661 864 στηλιτεύσῃ

2078 880 2441 953 σκληρότητα.
2486 882 2544 936 '0
2593 882 2703 953 γὰρ
2749 881 2888 954 πρὸς
2920 880 3080 953 λιμὸν
3125 881 3222 936 καὶ
3275 881 3431 937 νόσον
3484 882 3662 955 μηδὲν
3766 912 3773 929 ε

2078 971 2302 1043 πάσχων
2340 972 2571 1026 ἐλεεινὸν
2607 973 2642 1044 ἢ
2675 973 2984 1045 συμπαθὲς,
3036 971 3224 1044 θηρίον
3255 973 3401 1026 ἐστὶν
3434 973 3657 1042 ἀλογον,

2075 1062 2262 1128 κακῶς
2296 1064 2377 1128 εἰς
2418 1064 2704 1133 ἀνθρώπου
2735 1065 3020 1138 μορφωθὲν
3062 1066 3268 1137 σχῆμα,
3322 1064 3658 1139 ψευδόμενον

2073 1157 2140 1227 τῇ
2174 1156 2487 1229 προαιρέσει
2516 1157 2617 1226 τὴν
2648 1156 2809 1226 φύσιν
2828 1173 2843 1189 ’
2883 1157 3082 1228 μᾶλλον
3115 1157 3172 1210 δὲ
3200 1157 3297 1211 καὶ
3328 1157 3512 1211 αὐτῶν
3536 1157 3651 1212 τῶν

2075 1246 2278 1319 θηρίων
2324 1248 2838 1320 ἀσυμπαθέστερον·
2868 1250 2923 1303 εῐ
2954 1266 3018 1318 γε
3068 1248 3257 1322 χοίρου
3302 1248 3400 1320 μὲν
3445 1247 3655 1318 σφαζοκ

2076 1341 2269 1413 μένου,
2320 1341 2569 1395 ἕλκονται
2637 1342 2773 1412 πρός
2824 1358 2945 1395 τινα
3006 1341 3258 1413 λυπηρὰν
3312 1340 3564 1409 αἴσθησιν
3602 1340 3653 1395 οξ

2072 1436 2262 1506 χοῖροι,
2289 1434 2381 1487 καὶ
2409 1432 2486 1506 τῷ
2514 1433 2788 1506 νεορρύτῳ
2814 1433 3003 1504 αἵματι
3038 1431 3238 1504 ἀνιαρά
3266 1431 3649 1503 ἐπιτρύζουσιο

2072 1525 2446 1598 περιίστανται
2486 1526 2544 1580 δὲ
2575 1524 2670 1579 τοῦ
2703 1525 2904 1597 ταύρου
2943 1524 3034 1579 τὸν
3082 1524 3243 1594 φόνον
3275 1525 3325 1578 οί
3374 1523 3516 1594 βόες,
3548 1523 3653 1594 ἐμ-

2072 1616 2237 1671 παθεϊ
2269 1616 2544 1690 μυκηθμῷ
2574 1618 2673 1689 τὴν
2711 1617 2882 1688 ἀλγὴν
2927 1616 3302 1687 σημαίνοντες.
3340 1613 3556 1685 Ἀγέλαε
3587 1613 3647 1669 δέ

2069 1708 2337 1781 γεράνων,
2386 1710 2515 1779 μιᾶς
2552 1708 2662 1761 τῶν
2706 1707 2985 1779 συννόμων
3015 1705 3424 1779 περιπεσούσης
3472 1704 3651 1777 θηρά-

379 1796 598 1857 captam
658 1784 1140 1850 circumvolitant,
1197 1797 1264 1838 ac
1317 1783 1646 1838 lamentabili
1717 1782 1951 1853 quodam

2062 1817 2246 1872 τροις,
2306 1798 2688 1872 περιίπτανται
2751 1798 2852 1871 τὴν
2902 1797 3302 1870 κρατουμένην,
3352 1794 3447 1851 καί
3501 1811 3651 1859 τινος

387 1876 644 1947 clangore
699 1876 1036 1944 complentes
1102 1887 1306 1939 aerem,
1371 1874 1625 1928 comitem
1695 1888 1848 1927 suam
1904 1889 1951 1928 at

2068 1894 2356 1965 όδυρτικῆς
2390 1893 2638 1965 κλαγγῆς
2686 1892 2777 1945 τὸν
2825 1891 2965 1963 ἀέρα
3014 1889 3335 1963 πληροῦσιν,
3370 1890 3471 1961 τὴν
3511 1890 3648 1960 όμό-

383 1966 653 2039 ετθεειιθπη
716 1966 1018 2037 τείιιιῑτιιηι·
1074 1964 1357 2020 nominem
1411 1978 1560 2029 νθτοο
1616 1963 1811 2020 ³¹¹ίη¹³¹
1874 1980 1966 2019 ’³³⁸
2069 1963 2232 2055 φυλον
2275 1963 2531 2056 ζητοῦσαι
2565 1963 2659 2036 καὶ
2691 1982 2974 2054 σύννομον.
3008 1982 3331 2053 ’Δνθρωπον
3360 1980 3439 2044 δὲ,
3468 1981 3532 2035 τὸ
3559 1982 3651 2035 λο-

383 2060 530 2115 tione
583 2058 865 2129 praeditum
909 2074 973 2113 ac
1022 2066 1398 2124 mansuetum;
1423 2057 1626 2128 Deique
1669 2058 1951 2113 imitatione

2066 2076 2221 2146 γικὸν
2249 2073 2385 2140 ζῶον
2411 2075 2506 2130 καὶ
2530 2074 2759 2146 ἥμερον,
2791 2075 2886 2128 καὶ
2917 2073 3036 2129 καθ’
3058 2074 3355 2147 ὁμοιότητα
3382 2072 3517 2128 Θεοῦ
3547 2072 3649 2146 τὴν

382 2152 683 2207 bonitatem
711 2151 952 2217 doctum,
984 2149 1173 2205 leviter
1202 2150 1339 2204 adeo
1377 2149 1748 2218 proximorum
1782 2149 1951 2203 acerb?

2066 2166 2375 2237 ἀγαθότητα
2430 2165 2840 2237 παιδευόμενον,
2901 2164 3097 2237 μικρὸν
3147 2164 3291 2221 οὕτω
3340 2165 3646 2238 φροντίζειν

378 2259 544 2301 casus
578 2255 881 2314 gravesque
914 2240 1258 2297 calamitates
1302 2236 1538 2294 aﬂicient
1580 2247 1744 2309 atque
1785 2253 1951 2293 move-

2064 2236 2171 2311 τῶν
2226 2256 2506 2326 συγγενῶν
2556 2259 2615 2310 ἐν
2662 2236 2784 2320 ταῖς
2834 2236 3121 2329 ὀδυνηρῶς
3176 2257 3285 2311 τῶν
3345 2236 3646 2329 συμφορῶν

381 2335 544 2388 baut!

2066 2348 2481 2401 πεοιστάσεσινί

459 2365 544 2388 ιιιά

452 2423 677 2478 Jacebat
721 2422 904 2492 itaque
943 2435 1283 2476 aerumnosus
1320 2419 1407 2475 ille
1442 2434 1507 2475 ac
1536 2429 1722 2490 gratus
1756 2432 1951 2488 pauper

2066 2365 2480 2419 περιστασεσινι

2139 2439 2355 2492 Ἐκειτο
2414 2439 2591 2494 τοίνυν
2644 2440 2673 2491 ό
2742 2437 3081 2503 πολυώδυνος
3143 2439 3239 2495 καὶ
3309 2440 3642 2513 εὐχάριστος

379 2516 433 2570 in
468 2513 675 2584 magnis
718 2512 1012 2577 doloribus,
1048 2512 1246 2583 pedum
1299 2527 1400 2569 usu
1445 2510 1686 2581 privatus
1741 2509 1951 2582 (alioqui

2063 2534 2251 2606 πένης,
2282 2534 2447 2599 πόδας
2472 2536 2573 2589 οὐκ
2605 2533 2743 2605 ἔχων
2790 2530 2846 2605 (ἦ
2892 2532 3001 2605 γὰρ
3036 2534 3197 2589 αὐτὸν
3231 2509 3504 2609 ἀλάστορα
3545 2536 3641 2591 καί

378 2604 527 2661 enim
558 2603 856 2676 pessimum
882 2602 1036 2657 illum
1069 2612 1234 2672 atque
1268 2601 1559 2673 superbum
1595 2600 1958 2667 declinasset;

378 2698 676 2768 aliumque,
730 2712 829 2768 pro
853 2696 1012 2767 ianua
1044 2695 1133 2751 illa
1169 2694 1439 2766 hospitum
1483 2693 1845 2749 interfectriee
1896 2708 1961 2748 ac

379 2791 707 2860 pauperibus
769 2788 1004 2853 occlusa,
1068 2788 1245 2844 locum
1306 2786 1650 2858 delegisset):
1708 2786 1958 2840 manlius

377 2895 595 2953 quoque
647 2881 960 2948 destitutus,
998 2894 1065 2935 ne
1096 2879 1330 2951 palmam
1361 2879 1578 2948 quidem
1616 2877 1682 2932 ad
1709 2876 1956 2932 emendi-

2063 2626 2409 2697 ὑπερήφανον
2442 2624 2664 2697 ἔφυγεν,
2693 2627 2880 2699 ἕτερον
2919 2626 3083 2680 τόπον
3112 2626 3475 2699 ἐκλεξάμενος
3516 2629 3641 2682 ἀντὶ

2059 2720 2160 2790 τῆς
2201 2719 2513 2786 ξενοκτόνου
2559 2719 2771 2790 πύλης,
2815 2721 2915 2790 τῆς
2950 2718 3342 2791 κεκλεισμένης
3392 2723 3506 2785 τοῖς
3536 2722 3641 2774 πέρ

2059 2810 2276 2883 νησιν),
2335 2809 2534 2884 χειρῶν
2586 2810 2977 2883 ἀφῃρημένος,
3035 2810 3131 2865 καὶ
3193 2811 3315 2866 οὐδὲ
3374 2812 3641 2885 παλάμην

2058 2902 2196 2973 ἔχων
2245 2902 2549 2975 προτείνειν
2594 2905 2673 2966 είς
2717 2904 2954 2973 αἴτησιν,
2991 2904 3329 2975 ἐμφραχθεὶς
3375 2904 3517 2959 αὐτὰ
3565 2905 3639 2960 τὰ

377 2974 611 3030 candum
656 2972 841 3028 valens
886 2974 1245 3041 protendere;
1297 2971 1394 3026 sed
1433 2979 1490 3025 et
1532 2968 1680 3025 vocis
1710 2968 1824 3038 ipsa
1863 2982 1951 3023 or-

380 3083 509 3089 μα..-
543 3066 816 3089 ,1..-1-..-ιιι
865 3065 1072 3089 ι...ι.,.....
1164 3061 1555 3089 ..ι-ιιιιηΙιιι-..ηιιιι
1601 3075 1664 3089 ..Α
1699 3075 1950 3089 “anAn-Im

2058 2968 2418 3068 ὄργανα-τῆς
2467 2994 2674 3065 φωνῆς,
2705 2995 2801 3047 καί
2829 2968 2955 3048 τινα
2989 2968 3317 3066 βραγχιῦσαν
3360 2998 3454 3051 καὶ
3502 3014 3639 3069 τρα-

374 3083 515 3140 gana
539 3066 819 3122 obstructa
865 3065 1107 3131 habens,
1163 3061 1556 3132 stridulumque
1600 3075 1665 3117 ac
1699 3075 1953 3132 asperum

376 3173 569 3214 soaum
616 3166 834 3228 pectore
863 3155 1155 3220 emitteus;
1200 3153 1452 3209 omnibus
1495 3152 1652 3223 plane
1697 3151 1956 3206 membris

375 3246 598 3304 mutilus
627 3255 943 3316 captusque,
972 3244 1094 3299 tetri
1130 3242 1300 3298 morbi
1343 3242 1605 3313 reliqui:e,
1657 3240 1949 3295 inlirmita-

375 3339 459 3393 tis‘
502 3338 751 3391 humana:
797 3333 1106 3390 miserabile
1150 3332 1479 3403 exemplum.
1530 3331 1715 3403 Neque
1766 3340 1949 3386 tamen

376 3428 717 3483 miseriarum
766 3435 945 3481 tantus
990 3439 1268 3491 numerus,
1320 3424 1476 3479 elatae
1504 3424 1738 3480 cervicis
1772 3422 1950 3479 homi-

375 3536 499 3575 nem
536 3519 601 3573 ad
636 3518 1024 3589 inspectionem
1058 3515 1289 3572 inﬂexit.
1321 3515 1642 3571 Praeteribat
1672 3515 1951 3570 hominem

373 3610 516 3666 velut
556 3624 768 3673 saxum,
800 3624 866 3665 eo
896 3608 1101 3665 scelere
1147 3622 1267 3666 sese
1296 3607 1664 3678 obstringens,
1710 3607 1797 3662 cui
1832 3605 1954 3659 ηυι.

371 3704 479 3759 lum
506 3703 731 3759 omnino
759 3702 935 3757 velum
964 3710 1056 3756 aut
1079 3708 1368 3772 praetextus
1398 3710 1558 3755 esset.
1591 3698 1776 3768 Neque
1804 3699 1947 3752 enim

370 3796 438 3851 ad
464 3811 522 3851 se
543 3794 902 3866 purgandum,
933 3793 1173 3863 vulgaria
1200 3791 1286 3846 illa
1325 3806 1388 3846 ac
1417 3792 1657 3862 speciosa
1683 3789 1950 3847 adducere

369 3897 619 3958 poterat:
645 3885 759 3941 Non
786 3900 995 3950 noram,
1027 3886 1365 3957 Ignorabam,
1394 3881 1577 3937 Latuit
1621 3898 1707 3940 me
1738 3884 1951 3939 mendi-

368 3994 465 4034 cas
513 3978 806 4048 quiritans;
856 3976 1054 4047 quippe
1094 3976 1186 4046 qui
1235 3990 1333 4045 pro
1373 3974 1581 4030 foribus
1610 3975 1820 4046 jacens,
1862 3976 1944 4030 in-

367 4070 631 4140 gredienti
677 4084 741 4126 ac
786 4068 1087 4142 egredienti
1129 4067 1442 4139 spectaculo
1479 4076 1644 4130 esset,
1698 4082 1805 4138 quo
1851 4083 1946 4124 su-

369 4162 521 4234 perbi
550 4161 785 4217 hominis
817 4159 1225 4216 damnationem
1266 4156 1723 4229 indeprecabilem
1758 4158 1947 4213 redde-

370 4263 473 4312 ret.
503 4254 600 4312 Vel
628 4254 820 4311 saltem
860 4253 1029 4308 micas
1058 4253 1124 4307 de
1158 4266 1345 4307 mensa
1376 4250 1631 4306 deciduas
1655 4251 1942 4321 cupiebat:

371 4354 429 4401 at
457 4361 525 4402 ne
553 4345 846 4416 quidquam
878 4351 1202 4400 consecutus
1228 4352 1333 4408 est,
1365 4343 1484 4409 sed,
1513 4358 1635 4401 cum
1665 4342 1753 4399 iile
1781 4344 1943 4400 satie-
1977 4374 2019 4429 υ

370 4447 480 4494 tate
514 4438 915 4508 dirumperetur
944 4474 960 4500 ,
993 4434 1134 4490 fame
1162 4436 1278 4507 ipse
1310 4451 1375 4492 ac
1410 4436 1586 4506 inopia
1611 4436 1940 4492 tabescebat.

365 4531 469 4588 Par
496 4531 677 4603 itaque
719 4546 783 4587 ac
826 4547 1038 4603 aequum
1082 4530 1352 4596 videatur,
1398 4531 1759 4587 Chananaeam
1794 4532 1940 4587 illam

364 4624 728 4693 Pbmnissam,
755 4624 1033 4679 hominum
1065 4624 1210 4679 osori
1250 4625 1403 4680 diviti
1439 4624 1753 4696 magistram
1782 4624 1939 4679 adhi-

358 4716 497 4781 beri,
526 4730 590 4771 ea
619 4714 977 4771 inculcantem
1023 4730 1144 4787 quae
1182 4716 1383 4786 scripta
1440 4726 1609 4772 sunt:
1641 4714 1817 4769 Etiam
1853 4732 1939 4770 ca-

359 4805 497 4873 telli,
544 4806 777 4876 pessime
807 4804 1089 4861 hominum
1123 4820 1189 4862 ac
1219 4806 1469 4875 superbe,
1498 4811 1562 4861 de
1596 4807 1742 4859 micis
1772 4806 1935 4861 edunt

356 4914 475 4969 qua:
495 4897 693 4957 cadunt
727 4897 792 4951 de
824 4913 1010 4952 mensa
1039 4898 1374 4952 dominarum
1401 4913 1615 4953 suorum
1635 4898 1691 4965 ';
1740 4906 1796 4952 tu
1839 4912 1934 4952 au-

363 5000 470 5044 tem
500 4989 723 5043 fratrem
770 4997 919 5043 tuum
964 4997 1127 5058 atque
1178 4988 1430 5045 tribulem
1474 5004 1651 5059 neque
1680 4989 1783 5044 hoc
1814 5005 1936 5045 mu-

360 5095 494 5138 nere
531 5081 783 5152 dignatns
813 5079 913 5137 es?
946 5080 1054 5137 Sed
1093 5096 1253 5138 canes
1281 5083 1497 5152 quidem
1538 5095 1666 5136 cura
1714 5080 1937 5137 aleban-

362 5181 489 5235 tur;
518 5187 584 5228 ac
605 5171 831 5228 seorsim
881 5172 1099 5242 quidem
1155 5172 1373 5228 molossi
1403 5212 1420 5237 ,
1475 5172 1705 5229 seorsim
1754 5182 1935 5229 autem

353 5264 613 5330 venatici,
658 5272 799 5319 tecto
844 5262 1054 5333 pariter
1105 5263 1410 5332 gaudebant
1438 5277 1502 5317 ac
1528 5269 1744 5328 strato;
1803 5261 1927 5315 dili-

353 5363 653 5423 genterque
675 5354 967 5409 attributes
985 5352 1283 5423 peculiares
1310 5351 1589 5407 ministros
1617 5350 1925 5407 habebant:

350 5456 475 5498 eum
507 5443 723 5502 interim
755 5444 902 5500 humi
931 5444 1401 5517 neglectajaceret
1427 5449 1590 5512 atque
1615 5442 1923 5498 calcaretur

350 5531 450 5591 Dei
479 5536 677 5608 imago,
715 5552 879 5608 quam
919 5552 1080 5594 manu
1119 5552 1220 5594 sua
1263 5535 1743 5607 praestantissimus
1793 5536 1924 5593 arti-

423 5737 444 5769 ⁸
473 5737 660 5795 Matth.
686 5755 776 5810 xv,
805 5739 896 5796 27.

2058 3089 2207 3157 χεῖαν
2239 3086 2347 3141 τῶν
2378 3086 2614 3159 στέρνων
2652 3085 2791 3158 ἠχὴν
2824 3087 3192 3158 περιιέμενος,
3233 3090 3400 3143 πᾶσιν
3445 3089 3636 3157 ἀπλῶς

2056 3188 2578 3259 ἠκρωτηριασμένος
2617 3189 2731 3250 τοῖς
2777 3186 3014 3258 μέλεσιν,
3047 3188 3203 3242 νόσου
3244 3192 3487 3261 πονηρᾶς
3517 3191 3636 3245 λεί-

2054 3280 2241 3352 ψανον,
2288 3280 2521 3334 ἐλεεινὸν
2572 3281 2878 3353 ὑπόδειγμα
2924 3281 3025 3352 τῆς
3079 3280 3427 3355 ἀνθρωπίνης
3469 3285 3636 3339 ἀσθε-

2054 3382 2220 3445 νείας.
2259 3382 2398 3435 Ἀλλ’
2435 3384 2586 3454 ὅμως
2623 3383 2743 3437 ούδέ
2775 3381 3027 3447 τοσοῦτος
3078 3384 3377 3454 κατάλογος
3424 3402 3636 3456 συμφο-

2055 3470 2164 3544 ρῶν
2213 3471 2419 3526 ἔκλινεν
2448 3473 2584 3544 πρὸς
2627 3472 2916 3544 ἐπίσκεψιν
2952 3471 3043 3526 τὸν
3078 3473 3387 3544 ὑψαύχεναο
3429 3475 3633 3548 παρῄει

2050 3562 2109 3616 δὲ
2132 3562 2207 3626 ἀς
2238 3562 2385 3616 λίθον
2420 3562 2513 3617 τὸν
2541 3562 2849 3635 ἄνθρωπον,
2881 3564 3289 3635 ἀπροφάσιστον
3320 3566 3420 3638 τὴν
3448 3567 3632 3639 ἀμαρο

2051 3653 2171 3707 τίαν
2194 3651 2556 3707 ἐπιτελῶν.ού
2574 3652 2681 3726 γὰρ
2699 3648 2844 3725 εἶχεν
2860 3653 3443 3726 ἐγκαλούμενοςλέγειν
3456 3656 3633 3712 ταῦτα

2052 3754 2119 3811 τὰ
2156 3753 2309 3808 κοινά
2341 3754 2433 3808 καὶ
2478 3753 2841 3825 εὐπρόσωπα’
2896 3756 3011 3811 Οὐκ
3059 3756 3251 3826 ἔγνων,
3283 3758 3398 3817 Οὐκ
3444 3758 3629 3830 ᾕδεινσ

2054 3845 2284 3900 Ἐλαθέν
2308 3863 2376 3917 με
2397 3846 2628 3900 ποτνιῶν
2644 3847 2671 3898 ό
2683 3847 2915 3918 πτωχός·
2929 3848 2986 3913 ὃς
3002 3848 3176 3904 ἔκειτο
3193 3848 3300 3922 πρὸ
3312 3850 3408 3921 τῆς
3430 3851 3574 3922 πύλη
3582 3871 3631 3916 ς,

2048 3938 2310 4003 εἰσιόντος
2339 3938 2434 3993 καὶ
2481 3938 2715 4005 ἐξιόντος
2747 3938 2949 4011 θέαμα,
2994 3940 3080 3994 ἵνα
3125 3942 3501 4015 ἀπαραίτητον
3532 3946 3630 4017 ἐρο

2048 4033 2288 4104 γάσηται
2326 4031 2421 4086 τοῦ
2457 4032 2808 4106 ὑπερηφάνου
2841 4034 2941 4106 τὴν
2971 4033 3287 4108 καταδίκην.
3327 4035 3631 4110 Ἐπεθύμει

2047 4124 2287 4180 καὶτῶν
2342 4124 2539 4198 ψιχίων
2590 4126 2690 4200 τῆς
2741 4128 3056 4200 τραπέζης,
3103 4128 3197 4182 καὶ
3251 4129 3373 4185 οὐδὲ
3420 4130 3631 4186 τούτων

2039 4217 2379 4288 ,ἐτύγχανεν
2415 4218 2531 4272 ἀλλ’
2568 4218 2598 4271 ό
2638 4218 2737 4290 μὲν
2774 4223 2841 4292 τῇ
2893 4220 3180 4294 πλησμονῇ
3227 4221 3625 4297 διερρήγνυτο·

2048 4310 2078 4363 ό
2108 4308 2188 4374 δὲ,
2236 4308 2343 4363 ὑπὸ
2390 4310 2488 4381 τῆς
2539 4310 2748 4375 ἐνδείας
2790 4312 3036 4383 ἐτήκετο.
3074 4312 3253 4368 Καλόν
3293 4312 3387 4370 οὖν
3428 4311 3497 4389 ἦν
3528 4321 3631 4375 καὶ
3720 4332 3725 4335 ‘

2047 4398 2254 4453 δίκαιον
2279 4400 2378 4472 τὴν
2417 4400 2727 4459 Χαναναίαν
2768 4403 2982 4476 ἐκείνην
3005 4403 3103 4476 τὴν
3144 4406 3433 4463 Φοίνισσαν
3473 4409 3627 4465 διδά-

2052 4488 2251 4544 σκαλον
2304 4491 2595 4563 ἐπιστῆσαι
2650 4491 2727 4563 τῷ
2776 4493 3150 4567 μισανθρώπῳ
3204 4497 3474 4570 πλουσίῳ,
3528 4499 3626 4555 λέ-

2045 4596 2247 4649 γουσαν
2279 4580 2462 4634 ἐκεῖνα
2490 4581 2560 4635 τὰ
2592 4584 2987 4655 γεγραμμένα’
3020 4587 3125 4655 ὅτι,
3150 4584 3221 4642 Ὦ
3249 4589 3487 4664 ἀλάστορ
3526 4592 3627 4646 καὶ

2045 4681 2383 4753 ὑπερήφανε,
2416 4681 2517 4735 καί
2559 4682 2633 4738 τὰ
2687 4683 2939 4753 κυνάρια
2981 4686 3168 4744 ἐσθίει
3200 4689 3321 4745 ἀπὸ
3366 4689 3484 4745 τῶν
3518 4695 3626 4761 ψι-

2043 4773 2190 4841 κίων
2239 4771 2358 4827 τῶν
2417 4775 2759 4828 πιπτόντων
2812 4776 2929 4830 ἀπὸ
2988 4777 3103 4847 τῆς
3165 4780 3453 4851 τραπέζης
3500 4783 3625 4840 τῶν

2040 4865 2264 4933 κυρίων
2294 4865 2526 4920 αὐτῶν·
2571 4867 2634 4919 σὺ
2663 4866 2720 4921 δέ
2751 4867 2842 4920 τὸν
2876 4869 3106 4942 ἀδελφόν
3139 4890 3255 4939 σου,
3284 4874 3372 4928 τὸν
3408 4874 3622 4947 ὁμόφυ-

2038 4966 2149 5032 λον,
2190 4965 2393 5037 ταύτης
2427 4967 2525 5037 τῆς
2560 4967 2769 5040 δωρεᾶς
2804 4969 2903 5023 οὐκ
2947 4970 3218 5041 ἠξίωσαςς
3256 4974 3399 5029 Ἀλλ’
3426 4978 3476 5030 οί
3513 4977 3620 5048 μὲν

2038 5083 2203 5132 κυνες
2242 5068 2518 5140 ἐπιμελῶς
2558 5069 2867 5141 ἐτρέφοντο,
2915 5076 3037 5127 κατ’
3079 5075 3216 5129 ίδίαν
3252 5078 3302 5130 oi
3332 5076 3574 5147 φύλακες
3600 5121 3617 5146 ,

2038 5162 2208 5233 χωρὶς
2235 5161 2284 5213 oi
2310 5160 2603 5232 θηρευταί·
2635 5164 2730 5217 καὶ
2761 5164 2960 5238 στέγης
3002 5166 3251 5236 ἠξιοῦντο
3276 5171 3371 5225 καὶ
3403 5170 3615 5245 κλίνης,

2038 5254 2131 5306 καὶ
2200 5252 2543 5325 θεραπευτὰς
2605 5252 2753 5327 εἶχον
2830 5258 3396 5331 ἀποκεκληρωμένους
3466 5266 3613 5319 κατά

2037 5347 2308 5419 σπουδήνο
2347 5346 2574 5419 ἔρριπτο
2601 5348 2659 5402 δὲ
2698 5351 2875 5422 χαμαὶ
2911 5352 2945 5422 ἡ
2988 5350 3080 5405 τοῦ
3116 5350 3252 5405 Θεοῦ
3282 5352 3447 5410 εἰκὼν
3483 5356 3617 5426 ἀμε-

2032 5438 2267 5511 λουμένη
2313 5440 2407 5494 καὶ
2445 5440 2782 5513 πατουμένη,
2828 5442 2895 5515 ἢν
2941 5442 3049 5515 ίδίᾳ
3101 5445 3248 5515 χειρὶ
3278 5446 3308 5498 ό
3337 5445 3445 5500 τῶν
3474 5448 3616 5502 ὅλων

2031 5537 2415 5612 ἀριστοτέχνης
2466 5540 2563 5594 καὶ
2610 5541 2941 5615 δημιουργὸς
3005 5543 3376 5601 διεπλάσατοο
3422 5547 3478 5603 εί
3536 5566 3616 5624 τῳ
3656 5591 3661 5595 ς
