3856 6274
179 362 293 417 173

1215 357 1499 415 HOMILIA
1539 357 1557 411 ι
1593 355 1680 410 DE
1717 353 1946 411 DIVITE
1986 352 2072 408 ET
2111 352 2409 410 LAZARO.

3333 351 3440 413 Πὸ

175 479 420 549 Μωῦσῆς
478 475 791 544 ἀξιόπιστος
845 473 1232 548 τεκμηριώσας
1289 476 1398 530 τῶν
1457 473 1761 548 ἀνθρώπων

1880 471 1947 524 'ex
1976 485 2041 525 ac
2071 472 2252 526 mttndi
2285 479 2472 526 auctor
2500 469 2740 526 condidit
2772 473 2814 538 ⁷,
2860 482 2918 527 ut
2959 471 3043 528 cui
3073 470 3284 544 Moyses
3316 472 3438 530 ido-

177 571 278 641 τὴν
306 569 542 639 γένεσιν.

253 747 313 799 Εἰ
352 746 452 817 μὲν
480 739 576 800 οῦν
612 745 965 816 ἐτελεύτησεν
1003 743 1168 815 μέχρι
1194 743 1388 798 τούτου
1431 743 1495 797 τὸ
1526 743 1619 797 τοῦ
1648 746 1760 797 Aa-

179 839 345 908 ζάρου
382 841 653 911 διήγημα,
688 840 786 893 καὶ
815 839 992 904 οὕτως
1021 838 1134 912 εἶχε
1184 839 1293 892 τῶν
1344 839 1684 910 πραγμάτων

179 931 360 999 φύσις,
403 931 482 994 ὠς
513 933 580 1000 τῇ
611 930 896 1001 ἀνωμαλία
936 929 1029 982 τοῦ
1078 929 1194 1000 βίου
1228 929 1416 983 τούτου
1466 930 1566 1002 τὴν
1616 929 1761 1000 ζωὴν

179 1020 334 1090 ἡμῶν
378 1018 839 1090 περιγράφεσθαι,
885 1017 1123 1088 μεγάλας
1158 1018 1224 1072 ἂν
1273 1017 1464 1088 ἀφῆκα
1513 1018 1761 1088 σχετλιά-

181 1111 289 1174 ζων
322 1109 512 1178 φωνάς
535 1127 549 1140 ·
599 1111 684 1179 ἐφ’
711 1108 793 1173 οἷς
822 1110 872 1162 oi
909 1108 1219 1172 κτισθέντες
1258 1109 1558 1180 όμοτίμως,
1589 1108 1763 1172 οὕτως

181 1201 379 1265 ἀνίσως
433 1201 570 1272 μετὰ
619 1202 728 1254 τῶν
785 1201 1070 1272 ὁμοφύλων
1123 1202 1422 1273 διάγομεν·
1458 1201 1646 1272 ἐπειδὴ
1703 1202 1762 1254 δὲ

182 1293 321 1347 καλά
365 1292 437 1346 τά
469 1292 764 1363 λειπόμενα
799 1294 936 1364 πρὸς
983 1292 1268 1364 ἀκρόασιν,
1313 1296 1372 1347 ὲν
1400 1297 1510 1356 τοῖς
1561 1293 1764 1364 παρελ-

185 1384 334 1437 θοῦσι
385 1384 648 1450 στενάξας
669 1424 683 1447 ,
722 1385 751 1436 ὁ
783 1384 970 1454 πένης,
1019 1387 1076 1436 έν
1109 1387 1221 1448 τοῖς
1267 1383 1579 1447 ἀκολούθοις
1613 1383 1766 1436 5:306-

187 1495 379 1548 μησον,
433 1477 621 1548 μαθὼν
662 1477 757 1529 τοῦ
811 1475 1141 1548 συμπτώχου
1192 1495 1286 1530 σου
1332 1478 1432 1548 τὴν
1485 1478 1764 1549 μακαρίαν

184 1569 508 1622 ἀπόλαυσιν.
555 1569 826 1640 Εὑρήσεις
880 1569 987 1640 γάρ
1033 1569 1243 1622 δικαίου
1299 1568 1486 1640 κριτοῦ
1539 1569 1766 1640 ἀκριϐὲς

183 1661 555 1732 δικαστήριον,
579 1663 636 1713 ἐν
729 1661 972 1725 στενάζει
997 1663 1025 1714 ὁ
1053 1661 1429 1734 ἡδυπαθήσας,
1457 1662 1552 1715 καὶ
1585 1663 1765 1733 τρυφᾷ

183 1754 211 1806 ό
238 1753 557 1823 μοχθήσας·
621 1753 877 1824 ἑκάτερος
905 1753 962 1806 δὲ
1003 1753 1286 1824 κομίζεται
1329 1752 1400 1807 τὰ
1440 1751 1578 1825 πρὸς
1609 1752 1763 1817 ἀξίαν

183 1845 360 1914 ἐπίχει
372 1863 459 1916 ρα.

267 1936 537 2006 Ἐγένετο
576 1934 644 1989 δὲ
677 1934 1003 1990 ἀποθανεῖν
1059 1934 1170 1988 τὸν
1213 1934 1475 2004 πτωχὸν,
1523 1933 1619 1988 καὶ
1650 1933 1762 1988 ἀυτ-

181 2027 509 2095 ενεχθῆναι
567 2025 685 2081 ὑπὸ
748 2024 867 2078 τῶν
928 2024 1194 2095 ἀγγέλων
1253 2026 1342 2090 είς
1393 2025 1503 2076 τὸν
1537 2024 1770 2077 κόλπον

197 2119 473 2190 Ἀϐραάμ.
515 2119 679 2189 Ὁρᾷς
722 2119 850 2180 τοὺς
891 2115 1238 2179 διακονιστὰς
1279 2113 1375 2168 τοῦ
1424 2115 1634 2168 δικαίου
1678 2114 1772 2167 καὶ

185 2196 444 2284 πένητος,
472 2212 567 2266 καὶ
597 2212 722 2273 τοὺς
758 2209 1034 2280 ὑπηρέτας
1066 2209 1165 2280 τῆς
1197 2208 1613 2279 μεταστάσεωςς
1646 2207 1774 2276 ’Ἄγ-

187 2303 334 2372 γελοι
388 2301 500 2373 γὰρ
540 2300 920 2372 ἐδορυφόρουν,
959 2299 1188 2369 γαληνόν
1223 2315 1282 2351 τε
1322 2298 1418 2350 καὶ
1471 2299 1645 2369 πρᾶον
1690 2300 1771 2361 είς

188 2395 350 2446 αὐτὸν
385 2392 695 2461 βλέποντες,
724 2393 818 2444 καὶ
849 2390 926 2460 τῷ
965 2391 1203 2461 σχήματι
1246 2389 1641 2459 προδηλοῦντες
1672 2388 1774 2458 τὴν

187 2485 570 2554 ἀναμένουσαν
611 2483 773 2536 αὑτὸν
806 2482 1100 2554 θεραπείαν
1146 2481 1240 2534 καὶ
1273 2481 1475 2536 ἄνεσιν.
1518 2482 1770 2555 Ἐνετέθη

188 2573 241 2626 δὲ
266 2572 560 2644 κομισθεὶς
589 2574 702 2635 τοῖς
728 2573 947 2635 κόλποις
960 2570 1055 2625 τοῦ
1095 2571 1461 2644 πατριάρχου·
1488 2571 1517 2624 ὃ
1550 2573 1641 2625 καὶ
1658 2572 1773 2625 δια-

189 2666 485 2735 πορήσεως
508 2663 760 2734 ἀφορμὴν
801 2662 1027 2734 παρέχει
1057 2665 1168 2727 τοῖς
1198 2664 1367 2735 ἡδέως
1399 2665 1466 2718 τά
1497 2664 1634 2736 βάθη
1666 2665 1773 2719 τῶν

190 2757 229 2809 Γ
232 2758 428 2829 ραφῶν
457 2755 856 2827 βασανίζουσιν.
881 2757 944 2810 Εἰ
971 2757 1082 2830 γάρ
1111 2758 1221 2820 πᾶς
1246 2757 1514 2810 τελευτῶν
1567 2756 1774 2820 δίκαιος

191 2853 330 2922 πρὸς
389 2849 485 2902 τὸν
516 2849 675 2902 αὐτὸν
721 2847 998 2920 κομίζοιτο
1044 2849 1225 2910 τόπον,
1258 2849 1423 2912 πολύς
1461 2866 1544 2912 τις
1578 2848 1644 2902 ἂν
1688 2847 1775 2918 εἴη

191 2944 284 2994 καὶ
318 2940 408 2994 ἐπ’
435 2939 662 3012 ἄπειρον
694 2939 1085 3010 ἀνηπλωμένος
1121 2941 1150 2992 ό
1172 2939 1391 3006 κόλπος,
1417 2939 1470 2991 εἴ
1495 2956 1557 3009 γε
1593 2939 1776 3010 μέλλοι

192 3033 507 3104 χωρητικὺς
548 3031 766 3084 ἔσεσθαι
813 3031 909 3084 τοῦ
946 3031 1182 3104 πλήθους
1221 3033 1330 3086 τῶν
1362 3033 1524 3087 ὁσίων
1553 3035 1771 3097 παντός.

194 3126 254 3178 Εἰ
301 3124 363 3176 δὲ
399 3122 562 3177 τοῦτο
601 3122 883 3187 παντελῶς
920 3125 1200 3195 ἀμήχανον
1236 3125 1457 3196 (κόλπος
1505 3125 1613 3196 γὰρ
1655 3143 1768 3180 κοι-

193 3216 410 3279 λανθεὶς
489 3214 659 3287 ἄνδρα
717 3217 817 3288 μὲν
867 3217 960 3270 καὶ
1013 3217 1110 3269 ἕνα
1161 3217 1471 3289 δυσχερῶς,
1518 3219 1670 3289 μόλις
1717 3219 1773 3272 δὲ

193 3308 286 3362 δύο
321 3308 669 3379 περιστέλλει
696 3308 918 3380 βρέφη),
949 3308 1150 3380 θεωρία
1181 3327 1263 3374 τις
1298 3311 1444 3380 ἡμᾶς
1472 3311 1775 3382 ἐκδέχεται,

193 3403 257 3470 τῇ
296 3400 472 3452 εἰκόνι
515 3399 610 3452 τοῦ
657 3398 916 3470 αἰσθητοῦ
966 3400 1192 3464 κόλπου,
1237 3400 1372 3471 πρὸς
1418 3403 1614 3474 νοητήν
1658 3420 1778 3458 τινα

194 3490 590 3565 πραγματείαν
640 3490 1074 3563 χειραγωγοῦσα.
1116 3492 1181 3545 Τί
1215 3491 1324 3564 γάρ
1369 3493 1486 3546 ἐστι
1533 3493 1594 3546 τὸ
1629 3493 1779 3564 λεγό-

198 3601 396 3656 μενον·
443 3584 505 3641 '0
557 3584 839 3657 Ἁϐραάμ,
895 3584 1077 3654 φησιν,
1130 3583 1448 3654 ἀποδέχεται
1508 3585 1633 3648 τοὺς
1686 3585 1778 3638 τὸν

195 3678 582 3732 εὑπολίτευτον
646 3676 919 3748 ζήσαντας
965 3675 1117 3747 βίον;
1163 3675 1298 3730 Εἰπὲ
1349 3676 1552 3741 τοίνυν,
1597 3670 1643 3729 ῶ
1691 3675 1782 3730 θε-

196 3768 390 3821 σπέσιε
440 3767 625 3820 Λουκᾶ
659 3765 755 3835 (ὡς
797 3765 933 3836 πρὸς
977 3765 1222 3836 παρόντα
1264 3765 1372 3838 γάρ
1406 3780 1465 3818 σε
1504 3765 1598 3819 καὶ
1641 3765 1780 3839 ὀρώ-

200 3875 364 3929 μενον
396 3855 756 3927 διαλέξομαι),
785 3855 874 3910 διὰ
908 3856 962 3908 τί
995 3855 1204 3910 πολλῶν
1242 3856 1412 3910 ὄντων
1435 3856 1656 3911 δικαίων
1685 3857 1780 3912 καὶ

196 3949 592 4021 πρεσϐυτέρων
635 3949 729 4003 τοῦ
765 3948 1043 4020 Ἀϐραὰμ,
1088 3948 1292 4020 ταύτην
1337 3949 1446 4004 τῶν
1493 3949 1779 4022 μεθηλικεο

201 4042 413 4112 στέρων
466 4041 568 4112 τὴν
632 4042 798 4112 τιμὴν
869 4040 1268 4113 ἀπεκλήρωσας
1295 4081 1310 4104 ,
1359 4043 1641 4113 σιωπήσας
1688 4043 1779 4095 τὸν

209 4133 408 4202 Ἑνὼχ,
458 4133 550 4185 τὸν
595 4132 736 4193 Νῶε,
771 4133 867 4186 καὶ
899 4132 952 4185 εἴ
991 4151 1075 4196 τις
1123 4132 1278 4196 ἄλλος
1335 4133 1476 4186 κατὰ
1519 4132 1610 4188 τὸν
1667 4134 1780 4204 βίον

196 4226 415 4288 τούτοις
468 4225 787 4290 ἁκόλουθοςς
828 4225 986 4278 Ἀλλά
1037 4242 1132 4278 σου
1184 4225 1327 4295 τάχα
1385 4225 1639 4297 συνίημι,
1687 4225 1781 4279 καὶ

197 4319 302 4369 οὐκ
347 4316 456 4380 ἔξω
509 4316 688 4386 βάλλει
735 4315 830 4369 τοῦ
877 4316 1081 4370 σκοποῦ
1126 4315 1162 4370 ἃ
1214 4316 1519 4387 λογίζομαι.
1563 4317 1778 4390 Ἐπειδὴ

200 4408 311 4478 γὰρ
342 4409 374 4460 ὁ
415 4406 668 4478 ’Δϐραάμ
701 4407 952 4478 θεράπων
996 4407 1257 4478 Χριστοῦ,
1293 4407 1385 4462 καὶ
1417 4408 1781 4480 διαφερόντως

200 4494 358 4562 05:0;
411 4499 712 4570 ἀνθρώπων
758 4499 826 4552 τά
861 4499 962 4568 τῆς
1027 4497 1120 4551 τοῦ
1169 4497 1404 4570 Χριστοῦ
1456 4501 1780 4568 ἐπιφανείας

202 4592 446 4657 ἐδέξατο,
475 4592 571 4644 καὶ
599 4591 657 4644 τὸ
686 4591 786 4660 τῆς
819 4589 1045 4660 Τριάδος
1087 4592 1382 4662 μυστήριον
1417 4591 1616 4655 ἱκανῶς
1651 4593 1780 4662 ἡμῖν

204 4686 264 4737 ὲν
291 4686 357 4754 τῇ
404 4685 576 4753 σκηνῇ
619 4682 711 4735 τοῦ
749 4683 1006 4754 γέροντος
1031 4680 1224 4734 τούτου
1256 4678 1584 4752 διετυπώθη,
1619 4682 1783 4752 ἧνικα

203 4779 330 4840 τοὺς
363 4779 519 4848 τρεῖς
547 4776 810 4846 ἀγγέλους
841 4776 916 4840 ὼς
950 4775 1152 4844 ἄνδρας
1195 4773 1506 4846 ὁδοιπόρους
1545 4773 1780 4841 ἐξένισε·

206 4870 299 4920 καὶ
331 4867 519 4931 ἁπλῶς
555 4869 619 4919 ὲκ
668 4865 875 4920 πολλῶν
909 4865 1185 4937 μυστικῶν
1218 4866 1554 4937 αἰνιγμάτων
1588 4867 1784 4930 οἰκεῖος

207 4959 498 5031 ἄνθρωπος
548 4951 703 5020 οὗτος
751 4957 1040 5027 γεγένηται
1096 4955 1190 5009 τοῦ
1242 4954 1399 5021 Θεοῦ,
1430 4955 1523 5009 τοῦ
1570 4956 1782 5027 χρόνοις

208 5050 433 5120 ὕστερον
469 5048 878 5120 ἀμφιεσαμένου
901 5049 1000 5118 τὴν
1031 5048 1226 5119 σάρκα,
1255 5048 1350 5101 καὶ
1384 5047 1472 5100 διὰ
1500 5047 1664 5118 μέσου
1687 5047 1780 5101 τοῦ

207 5141 562 5214 ἀνθρωπικοῦ
603 5141 792 5194 τούτου
839 5141 1339 5211 παραπετάσματος
1379 5139 1622 5210 ἐναργῶς
1661 5143 1784 5211 ὁμι-

207 5236 472 5303 λήσαντος
494 5236 608 5297 τοῖς
636 5231 965 5305 ἀνθρώποις·
985 5233 1071 5287 διὰ
1092 5232 1268 5297 τοῦτο,
1291 5230 1381 5284 τὸν
1401 5230 1597 5284 κόλπον
1620 5231 1784 5285 αὐτοῦ

209 5322 319 5378 οἷον
359 5326 535 5382 εὖδιόν
568 5345 688 5380 τινα
717 5326 909 5398 λιμένα
942 5326 1037 5380 καὶ
1082 5323 1348 5378 ἄκλυστον
1378 5323 1784 5395 ἀναπαυτήριον

275 5467 297 5498 ⁷
332 5464 470 5518 Gen.
511 5479 572 5529 tt,
609 5463 702 5516 27.

285 5592 362 5662 (6)
400 5593 668 5664 Sequioris
696 5593 870 5648 (etatis
889 5592 1109 5664 homini.
1140 5590 1260 5664 τῶν
1274 5591 1789 5664 μεθηλικεστέρων

216 5661 676 5732 ἀπεκλιψωσας.
727 5663 809 5717 Sit
842 5664 979 5716 forte
1023 5661 1102 5732 τῷ
1133 5661 1591 5734 μεθηλικεστέρῳ.
1642 5666 1788 5729 Quo-

219 5739 375 5786 modo
404 5731 537 5787 nihil
571 5734 930 5802 supplendum
954 5741 1048 5786 aut
1076 5731 1292 5786 durum.
1350 5731 1571 5786 Videtur
1618 5735 1785 5788 inter-

221 5819 340 5872 pres
386 5818 506 5860 eam
557 5819 746 5860 vocem
799 5804 1074 5860 contrario
1127 5818 1288 5860 sensu
1345 5805 1661 5869 reddidisse,
1721 5820 1785 5858 ac

1863 578 1997 616 neus
2033 577 2095 618 ac
2150 563 2252 617 ﬁde
2303 563 2494 634 dignus
2539 565 2776 635 scriptor
2817 565 3064 621 videatur
3103 564 3303 621 conditi
3333 564 3437 624 ho-

1862 668 2043 708 "linis.

1934 746 2090 813 Quod
2145 745 2190 800 si
2239 745 2327 800 hic
2365 746 2468 801 loci
2504 747 2730 804 historia
2763 748 2954 804 Lazari
2986 750 3212 806 haberet
3250 751 3436 818 finem,

1863 838 2049 907 sicque
2093 852 2272 892 rerum
2320 847 2511 893 natura
2554 838 2741 903 ferret,
2783 850 2841 894 ut
2883 850 2990 896 tam
3027 843 3237 897 diversa
3273 858 3335 898 ac
3364 843 3440 898 in-

1871 928 2062 997 aequali
2089 937 2254 992 sorte,
2284 927 2534 982 humana:
2575 929 2695 984 vitm
2729 933 3056 987 curriculum
3092 934 3435 998 definiretur,

1862 1020 1968 1073 alta
2016 1033 2148 1074 sane
2192 1035 2254 1074 ac
2287 1031 2496 1074 exserta
2530 1035 2658 1075 voce
2693 1022 3091 1092 deplangerem,
3133 1027 3274 1095 quod
3319 1026 3437 1095 pari

1865 1111 2071 1165 honore
2096 1111 2321 1178 conditi,
2355 1127 2522 1181 usque
2558 1114 2692 1168 adeo
2722 1114 3077 1185 inaequalibus
3111 1117 3284 1172 modis
3314 1133 3436 1172 cum

1864 1203 2146 1258 tribulibus
2191 1219 2495 1276 ageremus.
2548 1205 2852 1270 Enimvero,
2907 1223 3027 1262 cum
3073 1223 3134 1262 ea
3181 1225 3298 1279 quae
3355 1224 3443 1264 re-

1863 1302 2009 1346 stant
2038 1295 2219 1347 auditu
2251 1294 2507 1363 praeclara
2540 1296 2668 1359 sint,
2688 1296 3037 1366 qui,pauper,
3068 1299 3438 1368 superioribus

1865 1385 2212 1456 adgemuisti,
2255 1387 2396 1440 bono
2438 1388 2687 1456 deinceps
2711 1399 2828 1442 esto
2859 1390 3056 1452 animo,
3092 1389 3331 1459 ejusdem
3361 1400 3443 1445 ιθ·-

1865 1491 1985 1529 cum
2021 1478 2184 1532 sortis
2212 1481 2464 1548 pauperis
2497 1481 2818 1534 condiscens
2849 1479 3260 1536 beatitudinem.
3289 1481 3443 1538 Com-

1864 1567 2040 1635 peries
2061 1568 2203 1622 enim
2249 1569 2379 1638 justi
2409 1568 2606 1638 judicis
2630 1582 2877 1626 exactum
2913 1573 3165 1639 tribunal,
3209 1575 3306 1628 sub
3335 1587 3442 1643 quo

1865 1659 2202 1729 voluptarius
2224 1659 2310 1714 ille
2339 1671 2520 1731 gemat
2539 1677 2602 1717 ac
2629 1663 2803 1733 ploret
2827 1704 2842 1728 ,
2868 1664 3274 1734 mendicusque,
3302 1666 3440 1720 bene

1867 1766 1929 1805 ac
1974 1751 2196 1820 pulchre
2252 1752 2447 1808 habeat
2478 1792 2494 1817 ,
2551 1769 2616 1810 ac
2669 1756 2992 1827 condignum
3039 1767 3266 1826 uterque
3307 1773 3442 1828 prae“

1796 1829 1839 1884 Β
1870 1845 2034 1898 mium
2071 1846 2228 1898 ferat.

1941 1935 2168 1990 Factum
2201 1947 2275 1991 est
2305 1947 2478 1990 autem
2507 1947 2564 1992 ut
2593 1949 2886 1992 moreretur
2924 1941 3194 1994 mendicus
3223 1951 3270 1995 et
3321 1955 3446 2010 por-

1868 2036 2071 2081 taretur
2098 2027 2162 2080 ab
2190 2027 2388 2099 angelis
2420 2029 2474 2082 in
2503 2029 2678 2083 sinum
2711 2029 2962 2084 Abrahw.
3002 2031 3166 2087 Vides
3189 2031 3442 2101 pauperis

1870 2117 2085 2185 acjusti
2113 2117 2629 2190 famulos,‘ejusque
2678 2122 3013 2191 migrationis
3055 2123 3447 2178 adn'tiuistros?

1873 2211 2081 2281 Quippe
2131 2211 2304 2282 angeli
2349 2213 2607 2269 satellitio
2647 2214 2955 2286 cingebant.
2995 2215 3188 2271 blande
3230 2231 3294 2271 ac
3326 2215 3442 2286 pla-

1872 2303 1993 2357 cide
2022 2304 2074 2356 in
2109 2317 2234 2357 eum
2279 2304 2570 2372 intuentes,
2601 2305 2821 2375 orisque
2856 2308 3040 2361 habitu
3071 2309 3362 2378 repositum
3394 2308 3445 2366 ei

1874 2394 2096 2467 llin'tmen
2159 2410 2224 2451 ac
2284 2397 2662 2452 remissionem
2722 2399 2982 2468 pra-ludio
3047 2401 3443 2455 monstrabant.

1873 2485 2066 2553 Porro,
2091 2486 2407 2556 deportatus
2439 2487 2549 2554 ille,
2575 2488 2626 2542 in
2658 2489 2779 2542 sinu
2817 2489 3138 2558 patriarcha:
3163 2489 3444 2559 depositus

1874 2588 1956 2631 est
1985 2593 1999 2630 ι
2030 2577 2172 2646 quod
2199 2579 2414 2647 quidem
2445 2579 2512 2633 iis
2545 2594 2731 2633 ansam
2760 2579 3074 2650 quaestionis
3105 2580 3328 2650 praebet,
3353 2580 3445 2650 qui

1875 2669 2120 2724 lubentes
2149 2667 2550 2738 Scripturarum
2587 2671 2852 2740 profunda
2882 2680 3212 2727 scrutantur.
3255 2671 3442 2741 Siqui-

1877 2762 1997 2814 dem
2043 2759 2186 2814 enim
2216 2759 2481 2828 justorum
2522 2761 2748 2830 quilibet
2787 2760 2896 2815 vita
2937 2761 3204 2816 excedens
3238 2761 3289 2816 in
3323 2775 3446 2817 eum

1876 2849 2118 2905 defertur
2143 2849 2340 2916 locum,
2377 2851 2710 2921 peramplum
2748 2866 2880 2906 sane
2909 2866 2974 2907 ac
3010 2852 3292 2908 immensis
3323 2867 3450 2922 spa-

1879 2941 1968 2996 tiis
2017 2942 2308 2998 distentum
2353 2943 2529 2996 sinum
2586 2943 2728 2996 hunc
2775 2952 2987 3012 Oportet
3034 2959 3174 3009 esse,
3217 2954 3273 2997 ut
3304 2945 3354 2998 in
3382 2959 3450 3000 eo

1877 3038 2186 3085 sanctorum
2219 3031 2397 3085 omnis
2429 3030 2717 3085 multitudo
2752 3032 3075 3087 continenda
3109 3034 3196 3087 sit.
3228 3033 3360 3089 Cum
3393 3035 3447 3090 id

1877 3135 2010 3175 vero
2039 3136 2259 3188 prorsus
2296 3121 2414 3176 fieri
2449 3129 2679 3191 nequeat
2712 3122 2885 3192 (sinus
2924 3125 3065 3178 enim
3105 3127 3451 3194 quantumvis

1879 3228 2041 3268 cavus
2070 3223 2124 3267 et
2166 3227 2358 3282 capax,
2407 3211 2492 3268 vel
2552 3228 2716 3266 unum
2762 3227 2905 3283 agre
2953 3215 3167 3284 virum,
3220 3215 3452 3272 infantes

1876 3305 1964 3358 vix
2019 3304 2153 3360 duos
2202 3303 2650 3373 complectatur):
2686 3305 2916 3376 mystica
2955 3308 3197 3374 quaedam
3249 3307 3452 3363 intelli-

1882 3396 2060 3467 gentia
2089 3393 2347 3463 occurrit,
2397 3395 2719 3464 sensilisque
2762 3396 2914 3452 sinus
2956 3397 3207 3467 imagine,
3233 3399 3299 3454 ad
3327 3415 3452 3454 sen-

1881 3503 1973 3542 sus
2002 3485 2263 3556 spiritalis
2292 3485 2578 3541 medullam
2619 3501 2776 3540 manu
2811 3486 2978 3542 ducit.
3009 3487 3147 3554 Quid
3183 3489 3327 3543 euint
3362 3490 3450 3544 hic

1881 3579 2112 3634 dicitur?
2143 3575 2405 3632 Nimirum
2433 3579 2708 3648 suscipere
2734 3577 3007 3632 Abraham
3048 3591 3146 3633 eos
3191 3579 3281 3648 qui
3316 3580 3454 3634 bene

1884 3684 1949 3724 ac
1974 3679 2119 3724 recte
2141 3669 2304 3724 vitam
2336 3668 2704 3724 instituerunt.
2732 3673 2844 3739 Age
2871 3669 3072 3739 itaque,
3099 3671 3282 3726 divine
3302 3669 3448 3727 Luca

1882 3763 2029 3836 (nam
2056 3762 2201 3817 velut
2228 3772 2544 3832 praesentem
2572 3771 2624 3816 te
2649 3777 2712 3817 ac
2739 3763 2807 3816 ob
2833 3760 3016 3816 oculos
3045 3762 3274 3832 positum
3303 3778 3452 3819 com-

1882 3853 2150 3926 pellabo);
2184 3854 2313 3922 quid
2339 3867 2536 3920 causa,
2565 3863 2624 3907 ut
2654 3853 2835 3909 multis
2860 3853 3026 3925 justis
3051 3869 3115 3909 ac
3145 3854 3452 3910 Abrahamo

1883 3947 2292 4016 antiquioribus,
2315 3948 2456 4001 hunc
2475 3946 2807 4016 potissimum
2827 3946 3084 4002 honorem
3102 3946 3178 4017 (6)
3189 3947 3454 4017 sequioris

1882 4039 2056 4093 aetatis
2101 4037 2301 4091 homini
2338 4039 2719 4106 assignaveris,
2749 4039 3061 4107 praeteriens
3087 4039 3289 4104 Enoch,
3318 4038 3450 4105 Noe,

1891 4148 1954 4186 ac
1981 4131 2025 4185 si
2070 4132 2158 4198 qui
2203 4146 2312 4184 eos
2365 4129 2584 4200 paribus
2638 4131 2763 4184 vita:
2815 4131 3008 4186 studiis
3061 4133 3227 4186 secuti
3284 4131 3457 4187 sunt?

1888 4223 2196 4286 Eninivero,
2255 4233 2487 4277 mentem
2531 4221 2654 4291 jam.
2699 4235 2842 4277 tuam
2899 4223 3198 4294 intelligens
3226 4225 3450 4290 videor;

1885 4331 1986 4369 nec
2030 4315 2162 4382 abit,
2217 4325 2275 4368 ut
2330 4315 2542 4385 opinor,
2598 4323 2749 4367 extra
2807 4329 3028 4382 scopum
3091 4315 3451 4370 ratiocinatio.

1887 4404 2037 4471 Quod
2063 4407 2204 4461 enim
2237 4406 2578 4461 Abrahamus
2607 4405 2827 4461 Christo
2853 4408 3150 4477 impensius
3178 4407 3453 4472 servierit,

1887 4497 2044 4565 eique
2069 4511 2129 4551 se
2156 4495 2263 4560 ille,
2291 4510 2402 4564 prae
2446 4496 2765 4551 mortalibus
2810 4497 2948 4562 aliis,
2997 4497 3194 4552 divinis
3238 4499 3454 4567 appari-

1888 4587 2124 4642 tionibus
2166 4586 2510 4653 revelaverit,
2550 4596 2711 4656 atque
2741 4587 2794 4642 iu
2827 4587 2972 4643 illius
3011 4587 3156 4642 senis
3207 4587 3455 4642 taberna-

1887 4679 2008 4734 culo
2064 4678 2346 4734 Trinitatis
2397 4680 2714 4751 mysterium
2795 4679 3010 4734 abunde
3063 4678 3219 4734 nobis
3265 4680 3454 4734 adum-

1886 4767 2098 4823 bratum
2144 4769 2236 4831 sit,
2284 4784 2405 4823 cum
2448 4779 2559 4825 tres
2602 4768 2820 4840 angelos
2860 4769 3096 4823 virorqu
3136 4769 3453 4840 peregrino-

1886 4877 2005 4917 rum
2056 4862 2254 4930 specie,
2310 4861 2544 4929 ltospitio
2594 4861 2875 4929 suscepit;
2937 4864 3080 4931 quod
3125 4862 3360 4933 denique
3385 4877 3452 4917 ex

1885 4954 2128 5025 mysticis
2161 4953 2341 5007 multis
2371 4953 2768 5024 mnigmatibus,
2799 4953 2940 5008 idem
2971 4953 3075 5021 ille,
3111 4955 3224 5019 Dei,
3252 4955 3340 5024 qui
3365 4955 3458 5009 fu-

1890 5047 2026 5101 turis
2094 5045 2436 5115 postmodum
2500 5046 2831 5114 temporibus
2889 5060 3106 5100 carnem
3173 5048 3456 5103 induturus

1890 5149 2055 5204 esset,
2085 5155 2148 5195 ac
2183 5140 2359 5195 medio
2396 5139 2750 5195 humanitatis
2779 5139 2899 5195 velo
2925 5140 3100 5210 palam
3127 5156 3249 5196 cum
3279 5141 3421 5194 humi
3440 5171 3455 5181 -

1893 5232 2051 5286 nibus
2101 5240 2245 5288 esset
2293 5243 2622 5299 versaturus,
2670 5236 3010 5290 necessarius
3059 5234 3456 5300 quodammodo

1889 5337 1956 5379 ac
1985 5322 2268 5380 familiaris
2313 5323 2537 5380 eﬂ‘ectus
2585 5327 2686 5394 sit;
2743 5327 2948 5382 idcirco
2971 5327 3086 5398 ejus
3118 5327 3316 5391 sinum,
3359 5339 3456 5378 ceu

1895 5592 2042 5646 velut
2069 5606 2182 5645 aevo
2220 5593 2552 5663 superiorem
2589 5591 2939 5661 significaret,
2971 5591 3113 5663 quod
3142 5592 3277 5646 Satis
3301 5606 3459 5644 auso-

1895 5678 2021 5717 num
2048 5673 2147 5715 est.
2186 5662 2299 5714 Alia
2329 5673 2412 5714 est
2440 5663 2520 5715 vis
2551 5663 2952 5731 propositionis,
2983 5662 3102 5718 eum
3133 5663 3199 5715 de
3239 5670 3457 5731 zelattnn

1897 5734 2262 5805 alternatione
2308 5730 2967 5805 dicitur,p50q).tximat;
3011 5744 3064 5791 et
3114 5730 3458 5805 μεθηλικιοῦ-

1899 5802 2042 5867 σθαι,
2073 5803 2297 5872 singulis
2325 5803 2624 5872 quibusque
2653 5805 2966 5872 septenniis.
