3856 6274
377 315 480 374 175

1641 316 1699 373 S.
1742 315 2012 370 ASTERlI
2051 317 2354 372 AMASENI

3521 319 3630 373 176

379 432 728 501 tranquillum
751 431 1035 502 quemdam
1081 441 1314 500 portum,
1358 443 1520 502 atque
1566 433 1632 486 ab
1669 433 1814 488 omni
1849 431 1947 486 ﬂu-

2061 427 2188 487 εἶναι
2236 433 2342 486 τῶν
2373 431 2592 485 δικαίων
2621 430 2804 501 φησίν.
2843 430 2931 483 Ἐν
2978 428 3198 501 Χριστῷ
3247 430 3355 502 γὰρ
3403 432 3631 486 πάντων

379 537 561 580 ctuum
589 524 880 594 agitatione
908 523 1148 592 quietum
1201 523 1401 591 locum,
1445 524 1599 579 dicit.
1639 522 1695 578 In
1728 524 1945 579 Christo

378 619 543 680 enim,
569 625 812 670 nostrum
829 614 1068 668 omnium
1090 613 1236 669 salus
1251 621 1352 681 est,
1371 629 1434 670 ac
1457 629 1578 685 spes
1593 614 1950 685 exspectatio-

379 726 488 780 que
523 707 687 762 futuri
719 697 924 772 saeculi,
961 707 1049 776 qui
1086 704 1380 761 secundum
1417 707 1709 760 humanam
1741 705 1945 761 seriem

381 817 447 855 ex
495 813 656 854 carne
698 798 990 853 Abrahami
1041 811 1264 866 germen
1336 797 1763 866 prodiitzatque
1815 797 1948 851 adeo

381 888 650 950 existimo,
685 886 784 941 viri
811 886 958 940 senis
983 886 1240 940 honorem
1268 893 1322 939 et
1345 886 1509 940 decus
1532 884 1583 938 in
1615 885 1946 941 Salvatorem

381 978 605 1042 referri,
636 977 726 1048 qui
760 985 843 1032 est
867 976 1029 1046 judex
1062 989 1124 1030 ac
1149 975 1456 1044 praemiator
1479 975 1713 1039 virtutis,
1745 974 1950 1044 jnstos-

381 1085 488 1139 que
537 1068 730 1126 blanda
772 1066 858 1122 illa
907 1082 971 1120 ac
1013 1064 1331 1120 demulcenti
1377 1079 1507 1120 voce
1552 1064 1860 1135 compellat,
1886 1080 1950 1121 ac

380 1159 551 1216 dicit:
592 1157 796 1222 Venite,
828 1155 1084 1211 benedicti
1129 1152 1310 1209 Patris
1351 1155 1475 1221 mei,
1519 1155 1777 1224 possidete
1799 1173 1953 1227 para-

379 1263 490 1305 tum
516 1250 656 1305 vobis
687 1266 900 1320 regnum
927 1249 972 1304 ⁸.

456 1341 679 1396 Factum
711 1351 784 1394 est
814 1351 990 1395 autem
1021 1350 1076 1392 ut
1108 1350 1632 1407 paupermoreretur.
1666 1342 1780 1396 Duo
1812 1357 1953 1412 qua:-

378 1434 503 1488 dam
549 1432 692 1487 circa
744 1445 1031 1500 pauperem
1075 1437 1370 1495 notantur;
1417 1447 1606 1500 nempe
1661 1434 1948 1488 necessarii

381 1532 713 1580 commeatus
745 1524 991 1592 penuria,
1028 1531 1082 1577 et
1117 1524 1376 1578 modestia
1423 1524 1612 1592 animi,
1649 1541 1710 1579 ac
1735 1526 1952 1580 humilis

380 1632 593 1672 morum
629 1615 964 1683 compositio.
1014 1613 1090 1670 Ne
1132 1630 1260 1685 ergo
1319 1617 1564 1686 quisquis
1614 1633 1815 1688 pauper
1846 1628 1948 1686 est,

381 1724 448 1766 ac
479 1709 718 1780 pecuniae
751 1707 981 1776 indigus,
1015 1709 1317 1777 pannisque
1342 1710 1572 1776 obsitus,
1605 1711 1820 1764 virtutis
1848 1711 1947 1765 sibi

382 1800 616 1853 vindicet
653 1798 883 1861 laudem,
928 1808 1018 1850 aut
1053 1807 1350 1868 egestatem
1385 1801 1516 1854 satis
1548 1801 1744 1855 habere
1771 1803 1835 1854 ad
1861 1816 1952 1856 sa-
1981 1785 2022 1841 Β

381 1891 546 1946 iutem
579 1891 870 1957 existimet.
911 1887 1028 1944 Non
1068 1891 1212 1944 enim
1266 1889 1474 1945 laudem
1521 1891 1684 1947 habet
1731 1895 1820 1962 qui
1863 1909 1960 1960 ne-,

382 1984 638 2038 cessitate
661 1971 745 2036 est
769 1995 973 2052 pauper
1002 1998 1017 2035 :
1051 1981 1144 2036 sed
1177 1981 1223 2037 is
1258 1983 1475 2036 demum
1513 1982 1564 2037 in
1596 1983 1954 2040 admiratione

383 2087 489 2140 est,
534 2075 622 2146 qui
668 2085 859 2144 sponte
895 2089 960 2130 ac
1009 2075 1171 2130 animi
1224 2075 1468 2141 decreto,
1529 2079 1772 2134 modeste
1828 2078 1949 2134 fert.

383 2168 598 2236 Alioqui
650 2167 815 2231 enim,
876 2175 1146 2236 utcunque
1191 2167 1268 2238 ('7)
1323 2183 1498 2223 rerum
1539 2171 1762 2240 penuria
1813 2171 1956 2226 labo-

390 2258 655 2324 rantibus,
693 2268 750 2312 ut
795 2256 829 2312 ii
876 2257 1059 2328 pravis
1084 2257 1325 2314 moribus
1353 2259 1463 2313 sint
1496 2275 1558 2314 ac
1595 2261 1956 2315 inemendabi-

384 2349 694 2415 2es,coacta
749 2358 1038 2418 paupertas
1085 2349 1150 2403 ad
1198 2349 1363 2404 multa
1408 2364 1472 2405 ac
1516 2349 1652 2404 mala
1689 2350 1953 2411 facinora,

384 2439 644 2492 viaticum
679 2440 911 2493 exsistit.
954 2439 1099 2512 Sane
1146 2453 1296 2503 vero,
1327 2438 1372 2493 si
1410 2440 1624 2509 quando
1659 2441 1725 2493 ad
1763 2439 1952 2510 praesi-

386 2530 472 2586 dis
499 2530 736 2584 tribunal
773 2529 974 2584 accessi
1004 2569 1019 2594 ,
1076 2529 1340 2596 parietum
1393 2531 1957 2600 pcrfossoresomnes

389 2638 453 2677 ac
498 2622 789 2692 plagiarios
814 2663 830 2687 ,
881 2610 1360 2693 grassatoresque,
1403 2633 1458 2678 et
1499 2623 1666 2690 fures,
1709 2640 1771 2680 ac
1813 2625 1956 2695 ipsos

395 2715 717 2782 homicidas,
758 2715 944 2784 inopes
979 2731 1043 2771 ac
1085 2716 1362 2786 ignobiles,
1403 2718 1519 2772 sine
1550 2717 1664 2772 lare
1700 2721 1762 2772 ac
1813 2717 1956 2772 sedi-

390 2813 491 2866 bus
540 2809 807 2875 homines,
849 2809 982 2864 vidi.
1034 2806 1188 2863 Unde
1234 2817 1447 2863 constat
1495 2809 1696 2878 liquido
1741 2811 1956 2864 beatum

393 2905 481 2958 hic
509 2917 796 2973 pauperem
843 2900 989 2955 illum
1032 2916 1061 2955 a
1110 2901 1388 2972 Scriptura
1429 2903 1731 2971 prtedicari,
1782 2903 1871 2972 qui
1927 2917 1958 2958 e

389 2995 724 3067 philosophia
779 2993 1080 3062 composito
1118 2994 1302 3048 animo
1351 2994 1589 3048 laborem
1647 3009 1711 3048 ac
1752 3008 1951 3048 aerum-

389 3102 514 3142 nam
544 3085 1103 3155 periert,fortiterque
1132 3101 1195 3140 ac
1229 3094 1542 3140 constanter
1585 3086 1840 3141 adversos
1879 3096 1958 3141 to-
1985 3125 2027 3183 C

389 3178 529 3234 ierat
550 3193 731 3242 casus,
764 3192 826 3231 ac
861 3177 989 3231 nihil
1021 3177 1105 3231 vel
1131 3177 1350 3232 sceleris
1379 3177 1460 3232 vel
1487 3177 1673 3246 ﬂagitii
1717 3177 1954 3242 molitur,

392 3269 625 3323 utcarni
648 3283 743 3338 per
784 3268 1111 3338 voluptatem
1144 3277 1306 3337 atque
1340 3267 1562 3322 delicias
1607 3269 1956 3338 gratiﬁcctur.

387 3360 563 3427 Quem
616 3361 790 3429 ipsum
846 3361 1084 3428 apertius
1132 3360 1390 3415 describit
1420 3359 1677 3415 Dominus
1707 3361 1759 3416 in
1788 3363 1959 3432 prima

396 3453 749 3516 beatitudine,
788 3467 917 3515 cum
958 3438 1080 3504 ait':
1115 3449 1263 3504 Beati
1287 3468 1535 3522 pauperes
1557 3453 1747 3521 spiritu
1772 3454 1816 3506 ’.
1856 3453 1961 3506 Νε-

389 3557 501 3610 que
548 3541 710 3612 igitur
754 3540 932 3595 omnis
977 3554 1178 3609 pauper
1212 3539 1386 3608 justus
1413 3578 1429 3603 ,
1475 3540 1567 3594 sed
1628 3541 1673 3594 is
1731 3551 1959 3606 tantum,

392 3631 487 3699 qui
521 3641 606 3686 est
639 3630 849 3685 Lazaro
873 3631 1112 3685 moribus
1151 3629 1376 3693 similis;
1408 3643 1581 3698 neque
1608 3630 1756 3684 dives
1783 3633 1960 3686 omnis

385 3721 679 3791 reprobus,
710 3722 801 3775 sed
829 3720 920 3790 qui
961 3720 1123 3772 vitam
1157 3719 1228 3772 ita
1269 3719 1526 3786 instituit,
1558 3733 1615 3773 ut
1644 3720 1728 3774 ille
1755 3720 1962 3775 Lazaro

383 3812 615 3880 aequalis
642 3830 656 3866 :
699 3824 762 3863 ac
790 3810 879 3878 qui
911 3809 1108 3878 reipsa,
1133 3792 1196 3863 ac
1217 3809 1413 3878 quibus
1437 3810 1624 3864 eadem
1649 3809 1719 3863 illi
1752 3811 1959 3876 vivunt,

384 3904 640 3972 ejusdem
671 3903 795 3956 vitae
830 3911 995 3956 testes
1027 3901 1299 3956 manifesti
1329 3902 1618 3955 exsistunt.
1657 3900 1793 3968 Quid
1815 3905 1956 3956 enim

395 3993 698 4050 admirabili
758 3990 895 4046 Jobo
948 3991 1300 4062 epulentins?
1362 3990 1544 4061 Neque
1612 3999 1786 4047 tamen
1839 4009 1960 4048 eum

383 4087 562 4141 ~nimia
599 4085 684 4139 illa
718 4099 895 4139 rerum
928 4084 1172 4154 copiaac
1211 4083 1508 4151 afﬂuentia,
1560 4095 1647 4138 aut
1689 4099 1718 4138 a
1754 4085 1961 4154 justitia

387 4177 632 4231 alienum
671 4175 830 4242 fecit;
883 4185 995 4237 aut,
1029 4183 1088 4228 ut
1115 4174 1351 4250 breviter
1374 4175 1572 4239 dicam,
1598 4191 1626 4228 a
1652 4175 1849 4229 virtute
1872 4177 1964 4230 de-

404 4269 590 4325 movit.
619 4267 818 4323 Contra
847 4282 999 4330 vero,
1032 4267 1160 4335 quid
1195 4266 1452 4321 lscariote
1485 4267 1816 4335 panpcrius?
1859 4266 1961 4322 Ne-

397 4375 506 4428 que
539 4370 718 4412 tamen
750 4359 832 4413 vel
866 4358 1144 4412 minimum
1175 4359 1239 4412 ad
1273 4360 1496 4411 salutem
1525 4357 1574 4413 ei
1607 4357 1806 4427 profuit
1839 4375 1964 4430 ege-

2050 526 2207 598 ἡμῶν
2223 528 2257 597 ἠ
2277 525 2518 596 σωτηρία
2532 525 2626 577 καὶ
2644 527 2676 595 ἡ
2697 521 2969 594 ἀπεκδοχὴ
2990 523 3084 577 τοῦ
3111 522 3390 595 μέλλοντος
3406 526 3627 590 αἰῶνος,

2049 618 2126 689 τῷ
2155 621 2218 672 ὲκ
2248 619 2347 690 τῆς
2387 617 2586 688 σαρκὸς
2618 615 2711 669 τοῦ
2747 615 3000 688 Ἀϐραὰμ
3053 616 3192 670 κατὰ
3223 615 3320 686 τὴν
3351 615 3630 688 ἀνθρωπι-

2051 709 2151 780 κὴν
2191 707 2512 764 ἀκολουθίαν
2555 708 2936 779 βλαστήσαντι.
2977 706 3086 761 Καί
3123 724 3211 778 μοι
3244 707 3391 760 δοκεῖ
3427 710 3459 778 ἡ
3496 709 3629 781 περὶ

2048 799 2140 853 τὸν
2163 799 2393 870 γέροντα
2421 799 2610 852 τοῦτον
2647 797 2782 871 τιμὴ
2837 800 2918 862 είς
2964 799 3056 852 τὸν
3088 799 3317 869 Σωτῆρα
3356 797 3453 868 τὴν
3487 800 3628 852 ἀνα·-

2049 889 2224 960 φοράν
2255 889 2422 960 ἔχειν,
2447 889 2538 943 τὸν
2567 888 2760 961 κριτὴν
2801 889 2929 942 ὄντα
2957 889 3052 943 καὶ
3087 889 3485 960 μισθαποδότην
3519 888 3623 959 τῆς

2049 983 2266 1054 ἀρετῆς,
2305 983 2399 1037 καὶ
2429 984 2496 1053 τῇ
2526 981 2894 1052 θεραπευτικῇ
2938 983 3090 1052 φωνῇ
3129 979 3616 1051 προσκαλούμενον

2047 1076 2174 1140 τοὺς
2202 1075 2456 1139 δικαίους,
2489 1075 2584 1129 καὶ
2613 1074 2840 1143 λέγοντα
2858 1092 2871 1104 ·
2907 1074 3108 1139 Δεῦτε,
3147 1076 3201 1127 οί
3225 1073 3623 1144 εὐλογημένοι

2049 1166 2157 1221 τοῦ
2205 1169 2435 1234 Πατρός
2472 1183 2624 1235 μου·
2674 1151 3168 1236 κληρονομήὰατε
3213 1165 3331 1234 τὴν
3380 1167 3630 1236 ἡτοιμα-

2050 1262 2282 1331 σμένην
2317 1260 2460 1329 ὐμῖν
2492 1260 2839 1325 βασιλείαν.

2132 1352 2392 1423 Ἐγένετο
2432 1352 2500 1406 δὲ
2535 1352 2859 1407 ἀποθανεῖν
2894 1352 3002 1405 τὸν
3045 1353 3302 1420 πτωχόν.
3337 1351 3512 1422 Διπλῆ
3540 1369 3629 1416 τις

2051 1446 2200 1500 ἐστὶν
2241 1447 2275 1518 ἡ
2307 1446 2434 1517 περὶ
2474 1444 2567 1498 τὸν
2601 1444 2814 1515 πτωχὸν
2858 1443 3127 1515 σημασία*
3173 1446 3206 1516 ή
3252 1445 3348 1516 μὲν
3388 1445 3625 1516 δηλοῦσα

2049 1538 2158 1591 τῶν
2192 1537 2502 1606 ἀναγκαίων
2541 1537 2640 1609 τὴν
2688 1536 2892 1590 ἔνδειαν
2915 1553 2928 1566 °
2967 1538 2999 1607 ἡ
3048 1536 3104 1588 δὲ
3155 1537 3252 1608 τὴν
3289 1553 3624 1609 μετριοφρο·

2053 1629 2217 1700 σύνην
2249 1629 2463 1682 καὶτοῦ
2509 1628 2671 1699 ἤθους
2723 1627 2822 1698 τὴν
2872 1626 3254 1697 ταπεινότητα.
3299 1627 3390 1698 Μὴ
3439 1627 3622 1680 τοίνυν

2051 1721 2080 1774 ὁ
2111 1719 2220 1774 τῶν
2249 1718 2388 1773 ὑλῶν
2419 1718 2638 1790 ἀπόρως
2667 1718 2824 1788 ἔχων,
2863 1716 2958 1770 καὶ
2999 1716 3292 1786 πενόμενος
3332 1715 3624 1787 ἀργυρίου,

2052 1809 2422 1882 ἠμφιεσμένος
2449 1809 2504 1862 δὲ
2532 1807 2628 1880 τὴν
2670 1807 2904 1879 ἐλεεινὴν
2949 1805 3260 1878 ἐφεστρίδα,
3305 1806 3630 1860 οἱκειούσθω

2051 1903 2151 1974 τῆς
2193 1903 2392 1973 ἀρετῆς
2448 1900 2539 1953 τὸν
2587 1899 2830 1963 ἔπαινον,
2870 1898 3004 1969 μηδὲ
3047 1897 3316 1969 νομιζέτω
3363 1898 3628 1971 ἀρκέσειν

2053 1994 2201 2064 αὐτῷ
2250 1993 2347 2064 τὴν
2397 1991 2601 2045 ἔνδειαν
2650 1991 2787 2063 πρὸς
2835 1989 3128 2061 σωτηρίαν.
3175 1988 3252 2044 Οὐ
3284 1991 3390 2062 γὰρ
3433 1991 3461 2043 ὁ
3505 1991 3629 2044 κατ’

2053 2085 2299 2154 ἀνάγκην
2331 2083 2624 2155 πενόμενος
2668 2083 3004 2135 ἐπαινεῖται·
3037 2081 3153 2134 ἀλλ’
3181 2082 3209 2134 ὁ
3253 2081 3348 2152 τὴν
3401 2081 3630 2153 γνώμην

2053 2175 2391 2248 αὐθαιρέτως
2477 2173 2784 2246 μετριάζων
2859 2173 3219 2244 θαυμάζεται.
3287 2173 3440 2226 Ἐπεὶ
3512 2175 3630 2236 τοῖς

2053 2267 2442 2339 ἀπορουμένοις
2470 2267 2675 2331 ἁπλῶς,
2722 2266 2903 2336 ἔχουσι
2935 2265 2990 2318 δὲ
3029 2266 3118 2319 τὸν
3150 2265 3351 2338 τρόπον
3381 2263 3622 2333 ἀδιαγώ-

2054 2361 2285 2433 γητονῆ
2316 2359 2713 2431 ἀκατόρθωτον,
2756 2359 2965 2428 ἐφόδιον
3015 2358 3223 2426 γίνεται
3271 2356 3480 2410 πολλῶν
3530 2355 3629 2408 καὶ

2055 2451 2306 2523 πονηρῶν
2333 2449 2696 2520 τολμημάτων
2729 2451 2763 2520 ἡ
2797 2448 2932 2520 πρὸς
2967 2449 3213 2520 ἀνάγκην
3243 2447 3620 2518 ἀκτημοσύνη.

2054 2542 2166 2597 Καὶ
2218 2542 2424 2605 πάντας
2471 2540 2582 2610 ἐγὼ
2615 2540 2741 2603 τοὺς
2794 2539 3162 2611 τοιχωρύχους
3207 2539 3301 2591 καὶ
3355 2538 3627 2608 ἀνδραποο

2053 2633 2256 2698 διστὰς,
2295 2632 2375 2686 ἔτι
2423 2630 2526 2703 μὴν
2555 2630 2898 2696 λωποδύτας,
2943 2631 3038 2684 καὶ
3069 2629 3326 2694 κλέπτας,
3367 2629 3462 2683 καὶ
3501 2629 3632 2693 τοὺς

2055 2721 2413 2794 ἀνδροφόνους
2449 2720 2667 2783 αὐτοὺς,
2704 2719 2758 2772 εί
2799 2737 2929 2773 ποτε
2971 2719 3281 2792 παρέϐαλον
3320 2719 3630 2792 ἀρχοντικῷ

2055 2813 2342 2886 κριτηρίῳ,
2375 2811 2611 2885 πένητας
2650 2810 2985 2882 ἐθεασάμην,
3015 2812 3346 2880 ἀγνώστους,
3391 2811 3628 2876 ἀοίκους,

2055 2907 2350 2968 ἀνεστίους.
2389 2905 2476 2968 Ὠς
2508 2905 2573 2956 ἐκ
2625 2902 2817 2956 τούτου
2861 2901 3126 2974 πρόδηλον
3170 2897 3329 2968 εἶναι,
3370 2902 3451 2954 ὅτι
3525 2919 3631 2972 μα-

2057 2996 2272 3067 καρίζει
2302 2994 2398 3049 νῦν
2436 2996 2469 3064 ἡ
2507 2991 2700 3064 Γραφῇ
2741 2992 2832 3045 τὸν
2865 2991 3079 3062 πτωχὸν
3123 2991 3326 3044 ἐκεῖνον
3357 2990 3445 3044 τὸν
3484 2991 3634 3060 φιλο-

2063 3085 2216 3156 σόφῳ
2248 3083 2394 3154 ψυχῇ
2440 3085 2565 3146 τοὺς
2611 3081 2840 3153 μόχθους
2871 3081 3236 3153 βαστάζοντα·
3264 3081 3634 3152 καρτεροῦντι

2060 3178 2117 3232 δὲ
2159 3176 2421 3246 γενναίως
2473 3175 2607 3247 πρὸς
2656 3174 2755 3238 τὰς
2799 3173 3152 3246 περιστάσεις
3199 3172 3294 3226 τοῦ
3350 3173 3488 3243 βίου,
3537 3173 3635 3228 καὶ

2060 3269 2214 3325 οὐδὲν
2258 3267 2670 3339 κακουργοῦντα
2712 3267 2969 3337 πονηρὸν,
3017 3267 3105 3321 ἵνα
3149 3268 3214 3337 τῇ
3267 3266 3431 3336 σαρκὶ
3472 3265 3633 3336 χαρί-

2063 3379 2221 3432 σηται
2252 3361 2353 3431 τῆς
2377 3359 2588 3431 τρυφῆς
2613 3359 2711 3430 τὴν
2742 3358 3061 3412 ἀπόλαυσιν.
3098 3359 3195 3411 Ὃν
3239 3357 3335 3412 καὶ⁹
3373 3357 3637 3426 σαφέστεο

2063 3471 2155 3525 ρον
2203 3452 2493 3523 διαγράφει
2543 3453 2600 3504 ὲν
2649 3449 2725 3520 τῷ
2775 3448 2976 3521 πρώτῳ
3027 3448 3136 3502 τῶν
3194 3446 3559 3520 μακαρισμῶν
3605 3451 3636 3504 ὁ

2059 3548 2285 3618 Κύριος,
2314 3546 2519 3614 λέγων·
2552 3543 2840 3612 Μακάριοι
2867 3547 2922 3597 οὶ
2945 3543 3166 3612 πτωχοὶ
3206 3543 3286 3608 τῷ
3313 3544 3629 3612 πνεύματι.

2061 3637 2197 3694 Ούτε
2227 3632 2320 3691 οὖν
2354 3638 2461 3700 πᾶς
2492 3636 2705 3706 πτωχὸς
2759 3636 2965 3699 δίκαιος
2985 3675 3000 3699 ,
3046 3635 3159 3688 ἀλλ’
3200 3636 3408 3698 ἐκεῖνος
3455 3629 3568 3697 οἷος
3602 3635 3633 3687 ό

2061 3731 2344 3801 Λάζαροςο
2375 3727 2500 3780 οὔτε
2537 3729 2646 3791 πᾶς
2681 3725 2932 3790 πλούσιος
2977 3725 3420 3795 ἀπεγνωσμένος,
3459 3726 3576 3779 ἀλλ’
3607 3727 3638 3779 ὁ

2064 3820 2202 3892 μετά
2246 3817 2501 3889 τοιαύτης
2547 3817 2655 3894 ζῶν
2699 3817 3100 3889 προαιρέσεως,
3144 3816 3261 3870 οἵαν
3308 3814 3452 3887 εἶχεν
3481 3817 3508 3869 ὁ
3539 3815 3638 3873 τοῦ

2061 3912 2311 3982 Λαζάρου
2363 3909 2686 3980 σύγχρονος,
2730 3911 2826 3962 καὶ
2870 3908 3060 3961 τούτου
3093 3907 3262 3961 οἱδιά
3307 3909 3409 3977 τῆς
3437 3907 3636 3980 πείρας

2060 4003 2153 4057 τοῦ
2187 4002 2302 4072 βίου
2333 4002 2606 4074 μάρτυρες
2646 3999 2923 4072 πρόδηλοι.
2953 3999 3018 4051 Τί
3048 3999 3156 4069 γὰρ
3189 3997 3283 4051 τοῦ
3323 3997 3467 4051 θείου
3513 3996 3636 4050 Ἰὼϐ

2065 4091 2498 4164 πλουσιώτερον;
2538 4091 2676 4144 Ἀλλ’
2719 4093 2867 4162 ὅμως
2899 4091 2933 4160 ἡ
2966 4091 3046 4152 είς
3091 4089 3228 4158 ἄγαν
3271 4089 3500 4159 εὐπορία
3543 4088 3640 4143 τὸν

2063 4185 2264 4255 ἄνδρα,
2316 4183 2440 4238 οὔτε
2487 4185 2586 4255 τῆς
2638 4183 2982 4252 δικαιοσύνης
3031 4181 3413 4252 ὴλλοτρίωσεν,
3467 4180 3633 4249 οὔτε,

2067 4274 2365 4346 συλλήϐδην
2419 4275 2614 4336 εἰπεῖν,
2663 4273 2760 4342 τῆς
2811 4271 3014 4342 ἀρετῆς
3083 4269 3366 4340 ἐξώρισεν.
3422 4271 3486 4323 Τί
3535 4271 3634 4324 τοῦ

2077 4363 2427 4438 Ἰσκαριώτου
2477 4365 2836 4435 πενέστερον;
2887 4361 3051 4415 Οὐδὲν
3103 4360 3358 4414 ἀπώνατο
3402 4361 3504 4432 τῆς
3546 4363 3639 4415 ἐν-

398 4462 511 4505 stas
539 4468 552 4516 ;
585 4465 767 4503 verum
805 4462 926 4502 cum
967 4447 1216 4502 undecim
1260 4463 1324 4502 ac
1367 4447 1716 4518 philosophis,
1757 4449 1958 4517 ipsique

2065 4455 2212 4518 δείας
2256 4456 2334 4518 είς
2382 4454 2683 4525 σωτηρίανο
2734 4452 2868 4504 ἀλλά
2916 4454 3025 4515 τοῖς
3066 4450 3257 4504 ἕνδεκα
3304 4450 3497 4520 πένησι
3541 4451 3641 4504 καὶ⁵

405 4543 540 4596 adeo
575 4541 822 4603 Domino,
867 4541 955 4608 qui
991 4551 1182 4608 sponte
1217 4554 1420 4608 pauper
1449 4540 1618 4594 nostri
1653 4555 1813 4594 causa
1842 4539 1958 4595 etre-

2068 4547 2373 4619 φιλοσόφοις
2407 4544 2876 4615 συνδιαιτώμενος,
2907 4545 3000 4596 καὶ
3032 4541 3181 4612 αὐτῷ
3214 4559 3276 4610 γε
3313 4541 3388 4612 τῷ
3423 4542 3639 4614 Κυρίῳ,

347 4665 352 4670 ε
403 4643 523 4688 ctus
545 4642 630 4686 est
660 4633 726 4694 ‘°,
757 4631 1112 4686 contubernio
1148 4631 1368 4698 junctus
1393 4640 1562 4694 esset,
1597 4631 1759 4684 animi
1787 4632 1967 4700 pravi-

404 4734 512 4778 tate
545 4725 596 4777 in
624 4723 910 4776 avaritiam
943 4724 1198 4790 abreptus
1250 4721 1420 4776 iosam
1447 4723 1570 4776 inde
1607 4723 1966 4792 proditionem

393 4817 622 4872 molitus
653 4824 752 4870 est.

474 4906 664 4975 Operae
697 4905 931 4975 pretium
965 4914 1144 4959 autem
1179 4904 1317 4971 erit,
1357 4905 1635 4974 utriusque
1674 4904 1961 4959 elationem

399 4997 643 5050 defuncti
686 4997 978 5064 prudenter
1029 4995 1362 5050 examinare.
1414 4995 1628 5066 Pauper
1666 4998 1807 5050 enim
1845 5013 1966 5051 cum

399 5087 801 5149 obdormisset,
854 5085 1074 5156 angelos
1123 5086 1271 5155 ipsos
1322 5087 1584 5154 stipantes
1633 5089 1852 5153 habuit,
1897 5104 1960 5142 ac

2065 4640 2143 4711 τῷ
2169 4641 2235 4693 δι’
2263 4640 2406 4710 ἡμᾶς
2445 4637 2780 4708 αὐθαιρέτως
2824 4634 3219 4706 πτωχεύσαντι,
3251 4634 3418 4704 κακία
3448 4651 3644 4705 προαι-

2070 4729 2270 4801 ρέσεως
2301 4730 2380 4790 είς
2420 4726 2782 4797 φιλαργυρίαν
2821 4717 3232 4795 παρενεχθεὶς,
3280 4723 3491 4778 ἐκεῖθεν
3533 4725 3635 4777 καὶ

2064 4823 2162 4894 τὴν
2191 4820 2478 4892 προδοσίαν
2501 4818 2942 4889 ὲρᾳδιούργησεν.

2144 4908 2324 4974 ’Ἄξιον
2354 4907 2409 4959 δὲ
2439 4907 2530 4959 καὶ
2555 4905 2650 4976 τὴν
2680 4905 2916 4976 ἐκφορὰν
2951 4904 3211 4976 ἐκατέρου
3239 4903 3344 4958 τῶν
3376 4903 3642 4975 τεθνηκό-

2071 5015 2178 5051 των
2200 4996 2433 5057 συνετῶς
2448 4995 2762 5065 δοκιμάσαι.
2797 4997 2852 5048 '0
2877 4997 2975 5065 μὲν
3002 4996 3110 5067 γὰρ
3126 4997 3336 5067 πτωχὸς
3352 4998 3643 5066 ,κοιμηθεὶς

2073 5088 2334 5156 ἀγγέλους
2361 5083 2504 5157 εἶχεν
2539 5087 2867 5158 δορυφόρους
2893 5087 2986 5139 καὶ
3017 5086 3376 5159 θεραπευτὰς,
3410 5087 3642 5155 ἄγοντας

397 5177 663 5247 obsequio
692 5176 965 5243 foventes,
992 5176 1082 5244 qui
1111 5176 1177 5228 ad
1210 5175 1380 5229 locum
1415 5176 1613 5245 quietis
1634 5218 1649 5241 ,
1678 5179 1828 5231 bonae
1858 5181 1958 5243 spei

2073 5179 2234 5232 αὑτὸν
2267 5178 2403 5249 μετὰ
2418 5177 2587 5248 καλῆς
2619 5179 2719 5248 τῆς
2746 5178 2958 5242 ἐλπίδος
2983 5178 3062 5242 εἴς
3090 5177 3178 5231 τὸν
3200 5177 3361 5230 τόπον
3378 5179 3475 5249 τῆς
3505 5182 3641 5232 ἀνα-

401 5267 622 5337 plenum
655 5268 1050 5337 perducerent;
1089 5277 1329 5320 mortuus
1363 5279 1534 5322 autem
1565 5268 1726 5334 dives,
1759 5270 1969 5338 inquit,

2076 5269 2345 5333 παύσεως’
2367 5271 2398 5322 ό
2417 5269 2484 5322 δὲ
2543 5272 2837 5337 πλούσιος
2861 5268 3198 5335 ἀποθανὼν,
3226 5270 3408 5340 φησιν,
3425 5269 3637 5340 ἐτάφη.

484 5469 506 5500 ⁸
529 5468 719 5522 Matth.
755 5483 879 5530 xxv,
920 5467 1008 5522 54.
1085 5468 1106 5498 ⁹
1138 5467 1327 5521 Matth.
1359 5482 1412 5531 v,
1437 5467 1488 5521 5.
1569 5468 1612 5498 ¹⁰
1637 5466 1676 5520 ll
1709 5467 1834 5522 Cor.
1869 5484 1984 5537 vnt,
2015 5469 2068 5525 9.

477 5621 553 5690 (7)
593 5621 798 5688 Alioqui
829 5622 963 5674 enim
1002 5631 1280 5689 utcunque,
1312 5617 1705 5690 οιαίῐδιονέπί,
1748 5621 1969 5675 restituo

408 5691 548 5743 ἐπεί.
576 5690 686 5754 Qua
715 5692 814 5744 levi
841 5693 1131 5744 mutatione
1155 5700 1366 5744 constat
1392 5689 1534 5742 clara
1570 5689 1768 5751 littera,
1808 5706 1967 5758 quam

405 5764 672 5829 inm-ptes
720 5760 857 5813 male
901 5762 1170 5825 obscurat,
1218 5761 1481 5815 reducens
1516 5762 1676 5815 verba
1728 5761 1815 5815 illa
1849 5762 1969 5814 ἐπεὶ

2073 5619 2184 5684 τοῖς
2213 5621 2604 5695 ἀπορουμένοις
2640 5622 2844 5688 ἁπλῶς,
2875 5623 2942 5678 at]
2967 5626 3275 5695 superiora;
3309 5639 3520 5694 unaque
3547 5625 3642 5681 illa

2074 5706 2204 5744 voce
2230 5694 2476 5754 reddens,
2519 5694 2572 5745 in
2599 5705 2922 5762 paupertate,
2953 5694 3095 5766 quOd
3131 5697 3282 5753 valde
3301 5697 3546 5768 jejunum
3577 5711 3642 5751 ac

2077 5772 2359 5832 angustqu
2390 5773 2704 5832 paupertate
2735 5771 2839 5818 est.
